4110 6478
511 463 580 517 17
1735 457 2018 515 ΝΟΤΙΤΙΑ
2054 461 2078 516 Ε

2185 462 2520 518 FABRICIO.
3680 450 3750 508 id

514 577 703 633 Venet.
752 577 909 637 1585.
949 578 1000 632 8.
1039 579 1204 632 FABR.
1245 577 1468 630 Taurini
1523 575 1576 630 in
1613 576 1745 631 bibl.
1780 577 1910 648 Reg.
1953 577 2074 631 cod.

2183 579 2353 648 prima
2390 577 2614 648 incipit:
2648 578 2959 648 Προσευχῆς
2985 576 3113 646 ἡμῖν
3141 571 3508 626 διδασκαλίαν.
3545 568 3744 622 Trans-

511 667 696 730 LXXI,
746 669 842 723 fol.
873 667 992 732 166,
1044 667 1121 723 De
1154 668 1496 726 Psalmorum
1542 667 1996 733 inscriptionibus,
2034 674 2088 721 et
2191 670 2313 723 tulit
2362 670 2684 724 Laurentius
2727 668 2971 732 Silanus,
3009 667 3168 734 cujus
3221 663 3398 718 versio
3439 669 3650 714 servata
3695 662 3746 712 in

511 755 606 818 fol.
654 758 776 812 195.
805 758 1028 814 homilia
1064 759 1117 812 in
1163 757 1423 827 psalmum
1451 773 1525 820 vr,
1570 757 1648 811 De
1675 768 1875 810 octava.
1909 757 2081 812 HABL.

579 849 633 902 'l.
687 849 1006 919 Ἐξήγησις
1031 849 1294 917 ἀκριϐής,
1322 855 1588 902 Accurata
1614 850 1870 918 expositio
1908 848 2086 903 Eccle-

512 942 692 995 siastie
720 939 1044 1004 Salomonis,
1079 939 1317 994 homiliis
1346 937 1483 1004 VIII,
1515 953 1742 1008 quarum
1765 939 1946 992 ultima
1985 939 2082 994 de-

512 1029 644 1084 sinit
696 1029 750 1086 in
805 1027 1165 1097 explicatione
1215 1030 1500 1082 commatis
1552 1027 1618 1082 15
1657 1027 1850 1096 capitis
1898 1043 1979 1090 III,
2025 1044 2077 1097 p.

511 1122 772 1179 573-467.
800 1120 1020 1192 Incipit:
1040 1122 1328 1192 Πρόκειται
1350 1124 1481 1192 ἡμῖν
1511 1121 1978 1190 ὁἘκκλησιαστὴς
2003 1123 2080 1184 εἰς

511 1215 785 1286 ἐξήγησιν.
817 1213 1060 1270 Meminit
1087 1212 1284 1270 Suidas
1311 1213 1365 1274 in
1391 1213 1703 1284 Γρηγόριος.
1738 1210 1917 1267 Vertit
1939 1211 2079 1288 Gen-

513 1311 703 1362 tianus
738 1306 1024 1371 Ilervetus,
1074 1306 1234 1376 cujus
1287 1305 1790 1375 interpretationem
1849 1303 2079 1359 subinde

512 1401 740 1471 castigat
785 1398 1014 1454 Ducanis
1057 1398 1111 1451 in
1157 1397 1324 1453 notis.
1363 1395 1630 1466 Integrius
1672 1396 1775 1450 hoc
1807 1411 1942 1464 opus
1978 1395 2078 1448 fuit

513 1492 654 1561 apud
688 1489 904 1544 Petrum
931 1488 1245 1549 Pessimum.
1281 1488 1372 1557 qui
1403 1489 1456 1540 in
1488 1487 1714 1556 Prologo
1743 1486 1810 1546 ad
1844 1487 2078 1550 Thesau-

512 1599 631 1637 rum
665 1583 965 1645 asceticum,
1015 1581 1188 1634 Paris.
1222 1580 1380 1642 1684,
1433 1580 1488 1644 4,
1543 1579 1839 1649 vulgatum,
1890 1580 1984 1644 ait,
2017 1593 2076 1633 se

512 1673 580 1726 ad
629 1673 918 1728 editionem
968 1679 1218 1743 paratum
1273 1672 1469 1726 habere
1521 1671 1789 1741 integrum
1845 1669 2072 1742 Nysseni

513 1762 961 1822 Commentarium
1011 1762 1066 1814 in
1115 1761 1489 1826 Ecclesiasten,
1531 1761 1861 1830 descriptum
1907 1777 1938 1816 e
1968 1777 2070 1816 ms.

515 1854 782 1920 Romano,
826 1870 986 1924 quem
1034 1853 1296 1909 hactenus
1330 1853 1577 1907 mutilum
1614 1852 1880 1908 editiones
1921 1853 2074 1907 exhi-

2187 753 2614 816 Grarco-Latiiiis
2637 760 2994 816 editionibus.
3023 757 3213 813 Exstat
3237 765 3290 812 et
3317 754 3457 808 Petri
3488 751 3746 807 Galesinii

2185 851 2558 921 interpretatio
2585 841 2741 906 Rom.
2774 851 2930 910 1565.
2957 850 3010 901 4.
3041 848 3184 904 Citat
3209 861 3350 918 saepe
3381 845 3749 897 Damascenus

2187 943 2242 996 in
2286 941 2593 1004 Parallelis,
2639 949 2692 995 et
2722 939 3044 994 Anastasius
3073 943 3266 1006 quaest.
3302 951 3318 990 ι
3360 943 3413 990 et
3443 948 3501 988 ll.
3546 931 3744 985 Locum

2184 1048 2213 1086 a
2252 1032 2452 1088 Graecis
2500 1033 2553 1086 in
2601 1033 2702 1086 hoc
2750 1045 2914 1101 Opere
2945 1036 3262 1098 corruptum
3290 1026 3468 1096 arguit
3516 1025 3746 1078 Allatius

2183 1145 2230 1183 c.
2270 1125 2352 1191 12,
2385 1125 2453 1178 De
2471 1126 2795 1192 processione
2826 1122 3051 1191 Spiritus
3074 1121 3132 1177 S.
3158 1136 3279 1191 pag.
3305 1119 3373 1174 65
3393 1134 3507 1188 seq.
3525 1118 3745 1173 Librum

2183 1224 2402 1276 tertium
2438 1220 2666 1291 Nysscni
2695 1219 2830 1290 Περὶ
2851 1216 3157 1288 προσευχῆς
3192 1215 3322 1268 citat
3346 1215 3665 1285 Euthymius
3691 1213 3745 1268 in

2183 1315 2464 1381 Panoplia.
2508 1312 2672 1366 FABR.
2729 1311 2786 1364 In
2821 1307 2940 1362 cod.
2979 1306 3110 1378 Reg.
3158 1305 3360 1360 Matrit.
3407 1307 3464 1360 L.
3509 1307 3746 1375 quinque

2181 1407 2366 1459 homil.
2405 1403 2468 1457 In
2501 1413 2638 1458 orat.
2674 1401 2950 1461 Dominic..
2985 1413 3214 1468 quarum
3239 1398 3410 1468 prima
3442 1399 3548 1453 inc.
3572 1395 3744 1466 Εὑχῆς

2178 1491 2330 1566 ἢμῶν
2351 1513 2362 1522 ·
2396 1505 2446 1548 et
2471 1493 2706 1548 homilia‘,
2731 1501 2853 1544 octo
2877 1491 2929 1542 in
2961 1499 3035 1543 tot
3066 1489 3448 1543 beatitudincs.
3476 1487 3539 1540 V.
3567 1487 3743 1540 lriart.

2177 1585 2294 1640 Cat.
2331 1584 2491 1638 codd.
2551 1583 2642 1637 Gr.
2695 1580 2896 1636 Matrit.
2936 1596 2988 1650 p.
3034 1579 3134 1633 I68
3188 1595 3272 1647 sq.
3304 1610 3371 1618 -—
3416 1577 3748 1631 Vindobonaa

2178 1675 2232 1730 in
2267 1676 2393 1729 bibl.
2423 1675 2626 1729 Caesar.
2659 1673 2782 1727 cod.
2806 1669 2916 1726 CVI
2948 1671 3026 1741 (in
3054 1687 3182 1740 quo,
3209 1685 3238 1723 a
3267 1669 3515 1724 Lambcc.
3543 1684 3741 1722 comm.

2178 1784 2254 1831 vi,
2285 1786 2336 1838 p.
2361 1767 2448 1820 51.
2477 1783 2596 1835 sqq.
2627 1763 2781 1818 valde
2805 1762 3043 1822 laudato,
3089 1762 3158 1815 28
3186 1771 3345 1815 oratt.
3370 1769 3421 1814 et
3443 1777 3564 1830 cpp.
3585 1759 3743 1826 Grcg.

2173 1858 2334 1930 Nyss.
2365 1855 2753 1926 continentur),
2782 1871 2864 1910 nr.
2907 1855 2962 1908 2.
2999 1855 3148 1909 Adde
3183 1866 3296 1908 not.
3328 1854 3529 1908 Kollar.
3568 1869 3617 1922 p.
3657 1853 3743 1906 59.

518 1947 757 2000 buerint.
795 1921 898 2002 séd
927 1959 1050 2002 cum
1083 1942 1210 1998 illud
1243 1959 1271 1997 a
1306 1943 1536 1998 Possino
1570 1943 1899 2013 promissum
1937 1959 2074 2011 OPUS
2104 1921 2148 1978 Β
2181 1921 2244 1991 -ί
2271 1951 2328 2004 Et
2361 1953 2410 2004 iu
2439 1950 2570 2004 'cod.
2600 1921 2738 2015 XIII,
2785 1965 2871 2002 nr.
2913 1948 2999 2011 12,
3036 1955 3088 2002 et
3125 1963 3212 2000 nr.
3245 1947 3328 2005 15,
3361 1952 3488 2000 sunt
3514 1921 3744 2015 stseni

518 2053 678 2091 nemo
711 2036 888 2090 adhuc
939 2035 994 2090 in
1025 2035 1201 2091 lucem
1239 2035 1546 2105 protulerit,
1584 2043 1771 2089 notare
1797 2035 1971 2102 juvat,
2020 2035 2074 2087 in

515 2125 842 2186 bibliotheca
864 2123 1220 2192 Seguieriana
1251 2123 1368 2179 sive
1389 2122 1723 2178 Coisliniana
1744 2131 1958 2176 exstare
1977 2123 2077 2177 sub

515 2215 654 2271 falso
670 2215 828 2288 Grcg.
852 2215 1080 2287 Nysseni
1108 2217 1325 2270 nomine
1349 2231 1453 2270 ms.
1484 2213 1726 2268 Graecum
1745 2213 2080 2267 Commenta-

514 2308 656 2360 rium
685 2309 737 2360 in
790 2306 1159 2373 Ecclesiasten,
1230 2307 1363 2360 nihil
1415 2322 1537 2360 cum
1587 2306 1734 2360 edito
1793 2305 2077 2360 habentem

515 2417 824 2467 Commune,
861 2409 914 2456 et
950 2401 1002 2456 in
1035 2415 1142 2470 quo
1185 2399 1412 2469 Nysseni
1453 2397 1719 2467 expositio
1757 2399 2081 2466 quandoque

514 2493 847 2551 confutatur.
860 2492 1125 2548 Dividitur
1143 2494 1196 2546 in
1213 2507 1491 2546 sermones
1503 2492 1713 2552 decem,
1729 2506 1957 2560 quorum
1976 2490 2082 2559 pri-

515 2603 634 2641 mus
671 2587 894 2655 incipit:
925 2586 1160 2655 ’Ἂμελγε
1189 2585 1350 2653 γάλα,
1380 2584 1474 2636 καὶ
1499 2584 1650 2637 ἔσται
1690 2599 1770 2636 σοι
1801 2583 2078 2652 βούτυρον.

516 2679 578 2733 V'.
602 2679 965 2734 Montlauconi
1000 2679 1312 2750 Catalogum
1347 2678 1476 2731 bibl.
1498 2677 1842 2732 Coislinianzc
1870 2693 1922 2748 p.
1957 2677 2078 2740 120,

514 2786 629 2838 ειη.
663 2770 827 2824 ΕἈιιιι.
848 2771 1104 2841 Augusta:
1134 2769 1345 2824 Vindel.
1370 2769 1525 2839 Greg.
1556 2767 1714 2839 Nyss.
1738 2769 1793 2820 in
1825 2767 2083 2822 Ecclesia-

511 2874 644 2922 sten.
675 2871 810 2919 teste
837 2862 1059 2936 Reisero
1084 2863 1201 2919 Cat.
1231 2877 1350 2932 pag.
1373 2862 1460 2916 56.
1483 2892 1553 2900 -
1575 2861 1629 2915 In
1659 2873 1890 2930 quatuor
1920 2861 2078 2914 codd.

511 2953 643 3008 bibl.
669 2955 819 3025 pubi.
849 2953 1024 3010 Paris.
1055 2954 1326 3023 Expositio
1356 2954 1410 3006 in
1442 2951 1814 3006 Ecclesiasten.
1853 2951 2020 3007 Hanc.

582 3046 636 3100 8.
682 3045 1004 3117 Ἐξήγησις
1027 3046 1291 3115 ἀκριϐής,
1317 3044 1580 3098 Accurata
1598 3044 1854 3112 expositio
1877 3043 2084 3097 Cantici

513 3139 856 3202 canticorum,
904 3138 972 3190 ad
1020 3137 1402 3207 Olympiadem.
1434 3136 1668 3189 homiliis
1698 3133 1814 3197 XV,
1851 3153 2081 3205 quarum

516 3230 704 3282 ultima
735 3228 932 3282 desinit
969 3229 1020 3280 in
1052 3227 1375 3282 illustrando
1403 3242 1563 3280 versu
1601 3225 1633 3278 9
1665 3227 1860 3294 capitis
1891 3243 1965 3290 v1,
2023 3243 2074 3296 p.
2108 3265 2152 3326 Β

510 3317 768 3373 468-711.
794 3318 1122 3382 Prooemium
1158 3318 1344 3386 incipit
1381 3335 1392 3371 :
1445 3315 1812 3386 Ἀπεδεξὰμην
1840 3318 1913 3379 ὡς
1946 3318 2080 3388 ττρὲ-

513 3424 716 3462 πουσαν
761 3409 837 3480 τῷ
876 3408 1056 3480 σεμνῷ
1107 3427 1198 3461 σου
1240 3409 1357 3478 βίῳ.
1401 3409 1543 3463 Citat
1600 3409 1967 3462 Damascenus
2024 3412 2076 3461 in

523 3499 829 3554 I’arallelis.
858 3498 1101 3554 Meminit
1116 3510 1168 3554 et
1191 3499 1388 3554 Suidas
1410 3501 1463 3554 in
1487 3500 1803 3571 Γρηγὸριος,
1823 3509 1876 3554 et
1891 3500 2079 3554 Adria-

517 3605 622 3644 nus
650 3590 667 3643 I
705 3604 861 3658 papa,
890 3590 942 3643 in
968 3590 1088 3644 loco
1119 3591 1210 3658 qui
1238 3590 1458 3644 all'ertur
1482 3591 1536 3643 in
1575 3591 1712 3645 actis
1737 3591 1932 3644 concil.
1968 3590 2075 3654 VII,

516 3689 649 3733 tum.
692 3678 776 3731 VII
808 3680 939 3734 edit.
967 3680 1188 3743 Labbei,
1224 3698 1275 3751 p.
1312 3681 1432 3734 109.
1469 3679 1643 3734 Vertit
1680 3682 1818 3734 idem
1855 3680 2079 3735 Genti'a-

515 3787 620 3826 nus
667 3770 950 3835 Ilervetus,
1001 3774 1164 3839 cujus
1211 3775 1515 3827 versionem
1573 3773 1802 3826 subinde
1849 3774 2079 3841 castigat

516 3863 719 3919 Fronto
747 3865 975 3919 Ducaaus
1009 3867 1061 3918 in
1084 3865 1249 3930 notis,
1287 3865 1527 3918 adhibita
1561 3865 1725 3918 etiam
1757 3866 2079 3932 interpreta-

513 3959 662 4010 tione
709 3954 936 4010 Joannis
979 3953 1312 4019 Leunelavii,
1363 3971 1483 4024 quae
1509 3955 1696 4008 .Iucem
1732 3955 1865 4008 vidit
1901 3946 2074 4008 'Basil.

515 4047 675 4101 1570.
710 4045 876 4099 FABR.
920 4045 1180 4116 Augustae
1219 4046 1425 4100 Vindel.
1466 4046 1520 4099 in
1561 4044 1808 4114 Procopii
1839 4045 2079 4113 Epitome

510 4138 894 4206 expositionum
948 4140 1001 4190 in
1047 4137 1329 4192 Canticum
1372 4138 1701 4191 canticorum
1741 4154 1770 4192 e
1815 4137 2077 4206 Gregorio

512 4229 670 4298 Nyss.
705 4237 759 4283 et
801 4229 950 4283 aliis.
978 4259 1051 4268 —
1083 4229 1141 4283 In
1183 4229 1293 4282 alio
1331 4229 1454 4283 cod.
1494 4229 1790 4298 Gregorius
1835 4229 1990 4298 Nyss.
2024 4237 2079 4284 et

509 4319 890 4376 Themlorctus
940 4321 994 4375 in
1025 4319 1306 4374 Canticum
1351 4321 1710 4374 canticorum.
1769 4319 1832 4372 V.
1863 4319 2073 4376 Reiser.

511 4411 634 4464 Cat.
685 4427 738 4479 p.
773 4411 840 4464 56
870 4418 924 4464 et
962 4411 1052 4465 58.
1083 4440 1155 4450 —
1191 4409 1427 4463 Venetiis
1476 4409 1529 4462 in
1575 4409 1708 4465 bibl.
1753 4408 1920 4464 Marc.
1953 4412 2072 4466 cod.

501 4503 672 4566 XXII,
714 4502 938 4573 Nysseni
969 4513 1020 4556 et
1054 4501 1184 4564 Nili,
1217 4517 1391 4564 mon.,
1430 4500 1804 4569 Interpretatio
1829 4504 1880 4555 in
1915 4502 2080 4558 Cant.

2179 2043 2410 2096 Ιιοιιιίιὶιυ
2440 2040 2576 2105 VIII,
2619 2042 2672 2094 in
2718 2040 2939 2093 totidem
2969 2037 3334 2093 beatitudines
3370 2035 3623 2105 Evangel.
3658 2048 3744 2104 ap.

2181 2134 2237 2188 S.
2256 2133 2560 2187 Mattbaium
2595 2149 2712 2202 cap.
2739 2149 2789 2185 v.
2823 2130 2887 2183 V.
2910 2129 3173 2184 Lainbec.
3200 2127 3289 2188 Vl,
3317 2137 3453 2197 part.
3481 2143 3517 2186 ι,
3549 2142 3601 2195 p.
3623 2125 3747 2190 106,

2181 2241 2264 2295 sq.
2302 2256 2368 2265 α-
2399 2224 2453 2276 In
2479 2242 2574 2278 sex
2610 2225 2768 2278 codd.
2794 2222 2967 2277 Paris.
2998 2221 3128 2276 bibl.
3162 2221 3315 2274 Publ.
3343 2252 3410 2261 —
3449 2218 3669 2272 Taurini
3693 2219 3746 2272 iu

2180 2319 2300 2370 cod.
2358 2315 2539 2376 LXXI,
2596 2315 2723 2384 Reg.
2759 2313 2823 2368 V.
2869 2313 3067 2375 Catal.,
3117 2321 3250 2373 etc..
3301 2330 3354 2380 p.
3412 2313 3532 2367 169.
3582 2311 3742 2364 (Σοιιΐ.

2183 2408 2390 2464 Sctnlcr
2419 2411 2450 2460 I.
2489 2425 2536 2462 c.
2567 2423 2620 2478 p.
2652 2408 2772 2468 191,
2807 2414 2860 2460 et
2886 2404 3208 2460 Scbrmckh.
3243 2421 3291 2476 p.
3317 2406 3376 2457 7|
3419 2421 3538 2474 sqq.
3572 2404 3746 2460 "ARL.

2258 2502 2337 2555 l0.
2381 2502 2482 2564 Εἰς
2507 2498 2646 2562 τοὺς
2672 2499 3106 2567 ιιακαρισμούς,
3135 2497 3198 2550 1η
3226 2507 3342 2551 octo
3374 2497 3746 2558 beatitudincs,

2182 2591 2370 2645 Matth.
2401 2609 2452 2649 v,
2488 2590 2721 2643 homilia:
2758 2588 2892 2655 VIII,
2928 2606 2980 2659 p.
3007 2589 3264 2644 762-857.
3314 2587 3492 2642 Prima
3528 2588 3746 2657 incipit:

2182 2685 2277 2745 Τίς
2302 2684 2407 2754 ἄρα
2431 2682 2666 2744 τοιοῦτός
2697 2683 2871 2740 ὲστινς
2898 2681 3068 2735 Vertit
3092 2680 3231 2733 idem
3252 2678 3580 2733 Laurentius
3609 2677 3751 2731 Sila-

2185 2792 2308 2832 nus.
2360 2775 2518 2844 cujus
2551 2773 3047 2843 interpretationem
3077 2770 3408 2826 Parisienses
3437 2777 3748 2831 servarunt,

2183 2880 2235 2921 et
2265 2867 2462 2920 Petrus
2486 2864 2815 2920 Galesinius.
2844 2863 3056 2916 Citatur
3078 2864 3130 2916 in
3159 2863 3295 2917 actis
3328 2863 3545 2917 concilii
3573 2861 3750 2930 Ephe-

2185 2959 2310 3022 sini,
2337 2973 2550 3014 necnon
2586 2973 2614 3010 a
2645 2956 2976 3012 Tlieodorito
3021 2956 3074 3008 in
3103 2954 3308 3023 Dialog.
3339 2963 3392 3008 et
3417 2955 3751 3011 Damasceno

2184 3050 2238 3103 in
2264 3048 2547 3102 Parallelis
2565 3091 2577 3110 ,
2611 3047 2863 3102 Liberale
2885 3048 2936 3101 in
2960 3047 3222 3108 Breviar.,
3251 3055 3353 3099 etc.
3385 3045 3440 3099 In
3466 3046 3566 3099 hoc
3589 3061 3750 3114 opere

2185 3140 2386 3194 desinit
2441 3147 2624 3192 tomus
2679 3139 2884 3208 primus
2937 3138 3190 3192 editionis
3242 3152 3464 3205 operum
3521 3137 3749 3207 Nysseni

2187 3229 2608 3285 Gnaeo-Latium
2635 3245 2685 3283 a.
2713 3229 3002 3299 1638,qu:e
3026 3229 3287 3282 hactenus
3317 3228 3512 3296 prioris
3541 3244 3592 3280 a.
3615 3227 3751 3283 1615

2185 3324 2409 3392 paginas
2451 3331 2650 3376 servat.
2689 3320 2854 3374 FABR.
2894 3319 3125 3374 Liberali
3177 3319 3504 3373 Breviarium
3569 3335 3751 3374 causa:

2179 3413 2627 3468 Nestorianorum
2671 3421 2723 3467 et
2748 3411 3232 3482 Eutychianorum,
3271 3420 3400 3471 etc.,
3430 3411 3630 3464 editum
3664 3419 3748 3462 est

2179 3521 2301 3558 cum
2353 3505 2494 3557 notis
2541 3502 2736 3556 .loann.
2781 3504 3051 3568 Garnerii,
3095 3502 3268 3556 Paris.
3307 3501 3466 3566 1675,
3519 3502 3572 3564 8,
3617 3503 3744 3556 hinc

2179 3598 2438 3650 omissum
2489 3597 2555 3647 ab
2605 3593 2883 3648 Ilarduino
2919 3595 2974 3648 in
3009 3593 3326 3648 Collectione
3366 3593 3711 3645 conciliorum

2181 3683 2314 3738 Vide
2375 3684 2475 3736 vol.
2523 3682 2611 3745 .\'l,
2660 3698 2710 3749 p.
2756 3683 2977 3743 445,οε
3027 3682 3324 3736 collectione
3373 3681 3739 3735 conciliorum.

2177 3805 2247 3816 -—
2277 3775 2350 3830 De
2385 3775 2506 3827 cod.
2539 3775 2740 3830 Caesar.
2773 3790 2821 3825 v.
2857 3773 2923 3826 ad
2950 3789 3034 3826 nr.
3069 3774 3122 3828 9.
3150 3802 3219 3812 ——
3245 3773 3349 3826 Illae
3375 3773 3518 3826 hom.
3546 3774 3600 3824 in
3621 3772 3742 3826 beo.

2181 3862 2334 3916 titud.
2372 3871 2498 3916 sunt
2524 3864 2578 3914 in
2605 3862 2843 3931 quinque
2869 3862 3027 3919 codd.
3053 3862 3183 3916 bibl.
3206 3861 3360 3918 Publ.
3390 3861 3564 3916 Paris.
3595 3853 3651 3916 et
3675 3864 3729 3916 in

2181 3955 2356 4008 tribus
2386 3952 2547 4008 codd.
2581 3955 2712 4008 bibl.
2746 3951 2927 4023 Regia:
2957 3951 3202 4006 Taurini.
3232 3953 3404 4007 HABL.

2249 4046 2336 4098 11.
2371 4044 2426 4098 In
2457 4043 2590 4097 illud
2624 4044 2909 4098 lCorinth.
2939 4061 3025 4107 xv,
3053 4046 3123 4098 28
3148 4066 3162 4099 :
3193 4046 3422 4111 Quando
3450 4046 3551 4099 sibi
3573 4044 3750 4114 subje~

2186 4137 2316 4188 cerit
2350 4135 2548 4196 omnia,
2596 4144 2718 4188 tunc
2754 4133 2865 4203 ipse
2892 4150 3090 4204 quoque
3120 4134 3316 4198 Filius,
3359 4147 3464 4191 etc.
3496 4136 3597 4205 (α),
3625 4150 3746 4205 pag.

2178 4227 2438 4292 858-855,
2487 4241 2610 4281 cum
2644 4227 2893 4282 versione
2933 4226 3179 4280 Gentiani
3213 4225 3428 4282 Ilerveti
3468 4246 3481 4282 :
3524 4227 3744 4297 incipit:

2179 4320 2358 4370 Πάντα
2399 4319 2498 4387 μὲν
2537 4319 2606 4370 τὰ
2631 4317 2784 4385 λόγια
2809 4317 3032 4386 Κυρίου.
3069 4316 3228 4370 ΕἈειι.
3259 4320 3314 4371 In
3354 4319 3476 4372 cod.
3513 4317 3740 4371 Taurin.

2178 4410 2368 4466 LXXI.
2399 4409 2489 4462 Illa
2536 4409 2753 4464 homilia
2785 4409 2929 4478 quod
2976 4410 3180 4477 repleta
3212 4418 3296 4463 est
3326 4410 3606 4463 erroribus
3627 4408 3745 4463 Ori-

2179 4502 2430 4571 geuianis
2462 4509 2516 4555 et
2553 4501 2653 4569 ipsi
2679 4499 2943 4571 Gregorio
2979 4501 3222 4568 Nysseno
3257 4501 3310 4552 in
3339 4500 3461 4568 ejus
3513 4501 3751 4554 indubiis

508 4597 768 4649 canticor.
812 4596 877 4649 ad
921 4611 972 4648 νι
1023 4597 1204 4664 priora
1249 4609 1408 4664 capp.
1451 4593 1516 4648 V.
1557 4601 1664 4650 cat.
1709 4596 1866 4649 codd.
1906 4597 2074 4650 Marc.
2107 4603 2152 4660 ί)
2181 4592 2457 4660 opusculis
2499 4599 2790 4659 repugnat,
2835 4588 3034 4644 Oudiu.
3064 4591 3101 4651 1,
3139 4605 3194 4657 p.
3226 4589 3327 4643 599
3383 4605 3493 4659 sq.,
3519 4589 3750 4657 judicat.

503 4687 606 4742 Gr.
644 4704 762 4758 pag.
802 4688 894 4742 2-1.
920 4717 990 4727 -
1021 4685 1247 4740 Taurini
1281 4688 1332 4740 in
1365 4687 1495 4741 bibl.
1529 4686 1662 4758 Reg.
1693 4688 1817 4742 cod.
1846 4688 2075 4746 CXVIII.

509 4779 716 4838 Comm.
752 4783 806 4834 in
836 4780 993 4834 Cant.
1033 4780 1312 4846 canticor.,
1343 4794 1481 4849 opus
1507 4781 1753 4835 mutilum
1781 4799 1794 4845 ;
1833 4798 1956 4836 nam
1983 4784 2070 4836 vix

511 4882 716 4942 septeni
746 4879 873 4926 sunt
909 4886 1210 4927 sermones.
1247 4869 1308 4923 V.
1348 4879 1456 4925 cat.
1492 4872 1651 4926 codd.
1685 4873 1778 4925 Gr.
1817 4872 1984 4926 Taur.
2019 4891 2072 4942 p.

507 4964 634 5020 ³227.
664 4995 731 5003 —
758 4963 933 5017 Paris.
971 4962 1025 5016 in
1055 4961 1297 5032 quinque
1317 4963 1476 5016 codd.
1510 4962 1642 5016 bibl.
1669 4961 1826 5018 Publ.
1855 4995 1920 5005 —-
1953 4965 2076 5018 Flo-

509 5054 701 5109 rentia:
733 5055 787 5108 in
808 5053 937 5108 bibl.
967 5051 1225 5106 Laurent.
1260 5052 1382 5106 cod.
1417 5051 1585 5117 XXX,
1614 5055 1750 5122 plut.
1779 5055 1833 5117 7,
1866 5070 2074 5123 praacc-

459 5207 462 5210 ,
511 5147 592 5202 (iit
633 5147 886 5216 prologus
908 5163 960 5203 s.
989 5146 1228 5216 Epistola
1258 5147 1326 5199 ad
1355 5144 1760 5214 Olympiadem:
1796 5157 1909 5198 tum
1946 5147 2079 5199 inci—

463 5241 472 5260 ³
507 5239 785 5310 piuntipsi
809 5237 1188 5292 Commentarii
1218 5239 1273 5290 in
1302 5237 1460 5291 Cant.
1489 5238 1744 5290 canticor.
1766 5239 1818 5294 in
1847 5237 1938 5290 XV
1966 5253 2082 5291 ser-

512 5344 704 5383 mones
755 5329 1062 5389 distributi,
1114 5343 1252 5397 quos
1300 5336 1548 5383 recenset
1584 5327 1812 5383 Bandin.
1865 5328 1917 5380 in
1961 5325 2077 5380 Cat.

467 5473 475 5498 θ
511 5419 671 5474 codd.
699 5419 792 5474 Gr.
822 5419 985 5474 Laur.
1014 5421 1051 5476 I.
1090 5435 1142 5490 p.
1175 5419 1281 5473 290
1313 5435 1395 5489 sq.
1431 5416 1603 5474 I'IAIIL.

578 5536 633 5590 9.
676 5537 776 5601 Εὶς
803 5535 915 5602 τὴν
943 5536 1312 5606 προσευχήν,
1344 5534 1408 5588 In
1435 5537 1727 5588 orationem
1757 5533 2082 5590 Dominicam

508 5625 741 5680 humilia:
770 5626 834 5691 V,
859 5627 999 5682 lectu
1028 5628 1381 5698 dignissimae,
1409 5644 1528 5698 pag.
1558 5627 1783 5681 712-761
1802 5668 1814 5691 ,
1851 5643 2077 5696 quarum

580 5803 662 5876 (tt)
702 5804 755 5858 III
783 5805 912 5876 edit.
941 5821 991 5858 a.
1026 5807 1179 5874 1658,
1219 5820 1345 5864 ιοιιι.
1383 5806 1442 5869 ΙΙ,
1480 5824 1596 5876 pag.
1626 5813 1672 5862 ti.

582 5875 658 5946 (li)
699 5875 830 5931 Ibid.
858 5891 980 5948 pag.
1006 5877 1096 5931 ‘22.

2185 4685 2262 4736 vel
2301 4684 2445 4735 illam
2491 4682 2716 4750 Gregor.
2774 4680 2933 4750 Nyss.
2983 4697 3089 4734 non
3139 4681 3396 4735 habuisse
3448 4687 3749 4749 parentem,

2184 4775 2266 4825 ναι
2301 4773 2659 4842 probabilius,
2705 4773 2888 4824 omnia
2925 4774 3118 4824 mirum
3159 4773 3212 4825 in
3260 4773 3480 4826 modum
3523 4773 3594 4826 ab
3632 4773 3752 4826 aliis

2182 4882 2302 4919 esse
2336 4866 2684 4933 interpolata.
2715 4863 2887 4918 llam“

2255 4978 2333 5030 l2.
2365 4975 2424 5029 In
2450 4977 2582 5030 illud
2611 4976 2809 5030 Genus.
2842 4992 2877 5040 I,
2909 4977 3002 5028 16ε
3038 4976 3114 5028 Ad
3148 4977 3428 5044 imaginem
3465 4973 3562 5026 Dei
3589 4982 3639 5026 et
3675 4971 3743 5024 ad

2176 5069 2573 5123 similitudinem
2611 5070 2707 5139 (ὁ),
2752 5085 2803 5137 p.
2853 5068 3112 5129 854-866,
3150 5081 3271 5119 cum
3301 5067 3546 5119 versione
3583 5064 3750 5117 ἱππ-οης

2181 5163 2325 5215 tonis
2374 5162 2574 5225 Ducati,
2627 5161 2719 5230 qui
2755 5161 2919 5214 etiam
2966 5169 3122 5212 notas
3167 5159 3438 5226 atljunxit.
3471 5155 3753 5209 Prodierat

2179 5255 2364 5308 Grmcc
2409 5267 2532 5306 cum
2588 5252 2768 5305 Dnczei
2807 5252 3058 5305 versione
3116 5249 3436 5318 Ingolstadt.
3499 5246 3654 5309 1596,
3696 5249 3747 5296 8.

2180 5346 2406 5414 Incipit:
2440 5345 2501 5397 Οἱ
2525 5343 2621 5413 τὴν
2644 5343 2852 5395 ἑαυτῶν
2880 5342 3133 5404 ἀπλανῶς
3161 5341 3254 5393 τοῦ
3284 5337 3593 5412 προσώπου.
3617 5339 3752 5390 Aliis

2188 5446 2378 5490 auctor
2434 5435 2596 5503 hujus
2648 5421 2835 5503 scripti
2889 5449 2997 5486 non
3049 5431 3328 5503 Nyssenus
3371 5429 3608 5493 videtur,
3657 5429 3749 5483 sed

2188 5529 2513 5583 Anastasius
2559 5525 2769 5579 Sinaita
2795 5525 2886 5594 (c).
2914 5524 3049 5578 Vide
3075 5521 3476 5576 Tillemontiuni
3507 5529 3637 5574 tom.
3657 5516 3748 5584 IX,

2190 5643 2241 5695 p.
2277 5624 2402 5686 7M,
2437 5624 2528 5692 qui
2561 5639 2681 5692 pag.
2714 5621 2839 5683 605,
2883 5621 3013 5674 illud
3057 5625 3208 5688 putat
3233 5632 3353 5672 esse
3391 5616 3748 5686 fragmentum

2224 5810 2294 5872 lc)
2339 5805 2466 5858 Vitlc
2517 5807 2570 5857 in
2596 5805 2698 5854 vol.
2727 5802 2816 5863 IX,
2849 5819 2963 5871 pag.
2995 5802 3115 5868 531,
3175 5815 3260 5854 nr.
3288 5800 3339 5866 Ἰ,
3362 5799 3425 5854 de
3479 5796 3746 5852 Anastasii

2188 5876 2406 5931 Sinaitac
2438 5876 2669 5943 scriptis.
2720 5873 2884 5926 IIAItL.
