4110 6500
386 465 454 521 l9
1611 485 1894 546 norma
1931 491 2023 548 ex
2061 493 2399 560 FABRICIO.
3558 513 3632 584 Ii”

385 580 609 698 iiiajor'i's
637 587 839 692 operis,
958 607 1067 664 quo
1098 593 1335 698 didicilia
1367 599 1665 674 Scriptum
1707 609 1826 664 loca
1851 625 1952 664 au-
1979 613 2024 670 A
2051 626 2267 670 excusa:
2292 657 2307 678 ,
2368 615 2557 686 eodem
2621 616 2918 690 interprete
3015 619 3194 692 Lutet.
3272 640 3360 698 ap,
3423 625 3630 686 Vasco-

383 683 504 727 ctor
534 675 844 736 illustravit.
885 680 1049 737 Fann.
1097 685 1260 743 Conf.
1294 687 1502 748 Semler
1540 693 1578 749 l.
1612 711 1663 751 e.
1695 713 1819 769 pag.
1851 699 1953 758 184

384 782 532 838 sqq.,
577 769 680 863 192
715 788 836 843 sqq.
870 772 1170 834 Schrmckh
1206 795 1260 851 p.
1291 783 1358 844 71
1390 799 1511 855 sqq.
1541 788 1705 844 etiam
1733 789 1802 846 de
1830 807 1948 863 seq.

381 873 574 956 opusc.
605 859 860 956 Canities.
885 875 940 922 et
965 867 1172 926 Kollar.
1201 871 1414 932 Comm.
1439 877 1530 946 111,
1560 894 1684 952 pag.
1708 881 1813 940 511
1829 859 1946 956 seq.

380 949 448 1006 de
475 952 597 1008 cod.
623 951 782 1011 LXV.
816 954 988 1034 Illinc.

455 1039 542 1094 15.
572 1041 652 1096 Ad
687 1041 1056 1104 Theodosium
1087 1053 1427 1124 episcopum,
1465 1058 1708 1129 Ερὶειοια
1734 1060 1799 1116 de
1853 1079 1947 1118 en-

377 1135 726 1206 gastrimytho
758 1137 860 1208 (a),
889 1155 1014 1211 pag.
1039 1141 1300 1208 867-871,
1331 1161 1455 1202 cum
1485 1150 1731 1218 ejusdem
1761 1151 1944 1210 Ducaei

377 1225 628 1282 versione
679 1236 733 1285 et
776 1230 940 1286 notis.
997 1233 1216 1304 incipit:
1285 1237 1344 1292 Ὀ
1381 1240 1551 1296 εἰπὼν
1596 1246 1707 1308 τοῖς
1749 1247 1943 1304 ἑαυτοῦ

378 1317 666 1389 μαθηταῖς.
707 1321 766 1376 In
799 1321 904 1379 ﬁne
931 1331 1184 1390 testatur.
1217 1345 1277 1384 se
1309 1330 1422 1402 ἰδίῳ
1447 1332 1590 1406 λόγῳ
1621 1333 1800 1394 fusius
1839 1354 1939 1394 ex-

375 1411 608 1478 plicasse
657 1412 776 1478 πῶς
818 1418 1178 1490 παραγίνεται
1217 1419 1278 1474 τὸ
1331 1422 1547 1495 πνεῦμα.
1596 1427 1701 1498 πρὸ
1745 1427 1931 1498 βαπτί-

375 1521 598 1584 ςτματος.
649 1506 719 1582 At
747 1511 1040 1576 sententia,
1095 1527 1202 1583 qua
1231 1529 1338 1570 non
1370 1531 1558 1572 verum
1603 1517 1936 1584 Samuelem,

373 1595 466 1660 sed
491 1597 790 1658 daemonem
813 1603 916 1658 sub
942 1602 1213 1662 Samuelis
1243 1608 1424 1678 specie
1449 1607 1600 1664 Sauli
1622 1611 1940 1682 apparuisse

369 1688 634 1764 disputat,
681 1697 988 1764 communis
1023 1696 1123 1766 ipsi
1155 1706 1240 1754 est
1265 1714 1390 1754 cum
1423 1702 1670 1771 pluribus
1696 1705 1938 1776 antiquis

369 1777 628 1836 Ecclesiae
656 1781 994 1852 doctoribus,
1024 1798 1083 1843 ut
1106 1789 1502 1852 demonstravit
1531 1794 1765 1851 Allatius
1788 1796 1934 1852 Diu.

364 1871 430 1940 de
458 1876 868 1947 engaslrimytho
899 1877 992 1950 [ad
1027 1877 1271 1937 Eustath.
1301 1885 1549 1940 Antioch.
1577 1889 1937 1946 Hexaemeron
1984 1897 1988 1902 ’

2054 719 2175 762 san.
2233 707 2393 774 1550,
2450 709 2504 764 4.
2551 708 2618 766 ν.
2669 710 2938 770 Maittaire
2992 716 3058 768 A.
3113 724 3155 772 t.
3193 715 3258 780 Il,
3301 735 3356 790 p.
3403 720 3629 777 586..—

2053 793 2293 852 Venetiis
2345 799 2486 868 apud
2535 799 2656 854 Aldi
2699 801 2861 858 ﬁlios.
2901 803 3062 868 1550,
3105 805 3159 859 8.
3203 803 3269 862 ν.
3314 806 3459 864 Seria
3501 809 3628 866 dell’
3701 877 3712 894 ι

2052 884 2210 941 Ediz.
2233 886 2444 956 Aldine,
2489 905 2544 962 p.
2570 891 2660 947 90.
2687 891 2824 948 Illud
2845 909 3038 966 opusc.
3062 905 3148 952 est
3174 897 3230 951 in
3253 897 3429 956 tribus
3458 901 3623 961 codd.

2050 975 2182 1034 bibl.
2211 977 2388 1037 Paris.
2431 982 2578 1051 pubi.
2617 981 2790 1038 "ARL.

2119 1068 2206 1123 17.
2260 1071 2423 1126 Κατὰ
2479 1073 3096 1144 εἱμαρμένης,ϐοηινιι
3154 1079 3328 1148 fatum
3376 1079 3623 1156 disputa?

2049 1161 2122 1215 tio
2152 1177 2272 1216 cum
2315 1163 2520 1222 ethnico
2551 1166 2883 1237 philosopho,
2917 1169 3176 1240 adjuncta
3211 1172 3456 1242 ejusdem
3501 1174 3622 1248 Zini

2045 1252 2297 1308 versione
2345 1252 2440 1325 (ε),
2495 1271 2618 1326 pag.
2691 1257 2957 1318 894-915.
3021 1259 3216 1336 Incipit
3267 1280 3284 1318 :
3331 1263 3623 1338 Μέμνησᾳι

2045 1339 2262 1405 πάντως
2282 1343 2364 1395 ὅτι
2388 1360 2478 1418 μοι
2507 1345 2749 1416 γέγονεν.
2779 1347 2922 1408 Citat
2948 1349 3276 1412 Anastasius
3304 1347 3500 1424 quaest.
3528 1355 3617 1414 19.

2045 1431 2392 1491 Tillemontio
2452 1437 2671 1494 videtur
2735 1439 2944 1510 scripta
3012 1441 3488 1516 Constantinopoli
3563 1461 3615 1520 a,

2041 1525 2101 1579 C.
2143 1527 2266 1584 581.
2301 1527 2436 1586 Vide
2463 1530 2583 1600 ejus
2612 1531 2900 1592 Memorias
2935 1541 3070 1590 tom.
3101 1535 3195 1602 IX,
3231 1553 3354 1608 pag.
3386 1539 3490 1594 586
3527 1556 3616 1614 sq,

2039 1617 2207 1672 FABR.
2239 1618 2400 1692 Greg.
2427 1621 2588 1694 Nyss.
2617 1624 2783 1682 libelli
2813 1633 2938 1681 octo
2963 1625 3040 1681 De
3069 1627 3295 1693 homine,
3323 1628 3398 1684 De
3413 1631 3616 1696 anima,

2041 1707 2118 1764 De
2159 1711 2449 1778 elementis,
2493 1713 2568 1769 De
2603 1716 2800 1774 viribus
2831 1717 3042 1783 animat,
3092 1718 3168 1773 De
3183 1720 3511 1794 Jvoluntario,
3537 1720 3619 1792 De

2040 1803 2416 1870 invaluntario,
2461 1805 2538 1861 De
2571 1807 2704 1876 fato,
2736 1807 2811 1863 De
2839 1808 3000 1863 libero
3033 1809 3279 1876 arbitrio,
3317 1799 3398 1866 ‘De
3423 1811 3610 1866 Pravis

2041 1895 2238 1960 dentia,
2257 1905 2388 1962 etc.,
2409 1895 2621 1964 Latine,
2640 1899 2968 1969 Argentinae,
2997 1901 3142 1976 typis
3166 1900 3408 1962 Matthiae
3441 1901 3618 1962 εειιῡτι

363 1977 418 2018 ν.
468 1979 586 2034 cap.
634 1981 749 2038 seq.
797 1967 898 2039 §I,
941 1987 1024 2024 nr.
1063 1971 1151 2046 2].
1185 1973 1471 2030 Prodierat
1514 1978 1620 2032 hoc
1671 1979 1934 2049 scriptum
1971 1963 2013 2020 Β
2041 2002 2178 2052 rer.,
2227 1988 2386 2054 1512,
2441 1988 2536 2046 fol.
2695 1963 3138 2054 [Iambachcrnin
3195 1993 3332 2050 Bibl.
3391 1995 3613 2064 antiqua

361 2051 592 2124 Nysseni
620 2071 741 2113 cum
775 2057 953 2116 Duc-aii
985 2065 1253 2131 versione,
1287 2068 1585 2138 Ingolstad.
1614 2071 1774 2136 1596,
1809 2072 1864 2128 8.

432 2145 521 2200 14.
560 2151 666 2215 Εἰς
695 2150 810 2220 τὴν
839 2153 1056 2211 ἑαυτοῦ
1083 2162 1454 2227 χειροτονίαν
1472 2201 1488 2228 ,
1519 2179 1637 2217 cum
1665 2166 1935 2236 episcopus

360 2237 636 2294 ordinatus
688 2253 822 2298 esset
859 2245 966 2315 (ὁ),
1015 2262 1072 2318 p.
1133 2249 1412 2316 872-879,
1465 2269 1588 2308 cum
1643 2253 1935 2316 Frontonis

361 2329 538 2400 Dncwi
589 2335 840 2400 versione
896 2353 962 2392 ac
1009 2341 1175 2397 notis.
1226 2341 1655 2413 Incipitz'ﬂme
1707 2349 1801 2402 καὶ
1847 2349 1933 2418 ἐφ’

357 2421 506 2512 ἡμᾶς
564 2426 598 2496 ἡ
650 2426 752 2512 τῆς
817 2431 1192 2503 πνευματικῆς
1256 2436 1550 2503 ἑστιάσεως
1600 2438 1929 2512 λειτουργία.

355 2499 498 2566 Citat
525 2499 764 2578 Joannes
804 2499 1169 2580 Damascenus
1199 2525 1252 2578 in
1288 2499 1596 2593 Parallelis,
1639 2545 1761 2603 pag.
1783 2499 1927 2600 I775,

357 2605 463 2666 sub
491 2607 651 2664 titulo
681 2609 816 2682 Περὶ
845 2611 946 2684 τῆς
991 2612 1050 2686 ὲν
1095 2615 1502 2686 Κῳνσταντινου
1556 2619 1708 2674 πόλει
1759 2640 1927 2687 κατα-

355 2698 597 2772 ᾳτᾲσεῳς
641 2699 735 2754 τοῦ
783 2703 940 2776 ῥιγίου
993 2705 1314 2781 Γρηγορίου.
1371 2707 1560 2781 Itaque
1587 2711 1702 2768 haec
1751 2717 1929 2774 oratio

352 2787 496 2844 dicta
539 2806 590 2845 a.
643 2793 706 2848 C.
761 2794 886 2860 591,
921 2797 974 2852 in
1021 2799 1258 2856 concilio
1297 2801 1924 2876 Constantinopolitano,

351 2897 460 2934 non
503 2891 682 2938 autem
714 2886 838 2954 572,
871 2905 980 2960 quo
1011 2891 1303 2964 episcopus
1332 2893 1619 2952 ordinatus
1644 2906 1749 2954 est.
1782 2898 1926 2954 Con-

351 2971 434 3027 fer
465 2973 874 3034 Tillemonlium
923 2991 1055 3036 tom.
1101 2981 1192 3046 IX,
1223 2999 1278 3054 p.
1314 2983 1438 3053 775,
1471 2986 1596 3046 774.
1639 2987 1926 3048 Prodierat

352 3080 474 3118 cum
509 3064 688 3122 Dnczei
713 3071 962 3128 versione
1000 3073 1296 3145 Ingolstad.
1329 3076 1494 3146 1596,
1528 3079 1582 3136 8.

421 3157 505 3212 15.
548 3157 750 3218 Contra
776 3163 1167 3232 Apollinarium
1191 3168 1553 3240 fragmentum
1571 3172 1666 3243 (c),
1695 3191 1749 3246 p.
1790 3175 1916 3241 879,

347 3245 625 3360 886;Icum
655 3251 898 3320 ejusdem
939 3255 1120 3314 Ducaci
1157 3259 1606 3332 interpretatione
1657 3245 1781 3320 cum
1813 3283 1918 3336 qua
1947 3297 1996 3360 ο

341 3339 454 3424 jam
481 3341 656 3414 lucem
679 3345 888 3402 viderat
917 3349 1214 3421 Ingolstad.
1245 3354 1402 3418 1596,
1427 3356 1481 3411 8.
1505 3356 1728 3429 Incipit:
1756 3361 1921 3416 ’Ὥστε

348 3431 588 3498 κίνδυνός
649 3435 798 3510 iactv
825 3441 958 3518 ἡμῖν
981 3442 1176 3518 οὐδείς.
1200 3443 1362 3500 Aliud
1392 3444 1624 3518 Nysseni
1654 3448 1924 3521 fragmen-

347 3532 460 3578 tum
493 3525 744 3596 adversus
777 3525 1169 3604 Apollinarium
1201 3551 1232 3600 e
1272 3545 1416 3592 msto
1444 3537 1693 3595 Caesareo
1736 3541 1924 3600 Graece

347 3615 648 3684 publicavit
693 3619 1019 3680 Lambecius
1057 3623 1146 3702 Ill,
1191 3629 1382 3698 ρ.167
1417 3631 1495 3702 [ρ.
1535 3632 1660 3704 tio,
1693 3651 1780 3706 sq.
1813 3616 1918 3696 ‘ed.

345 3708 550 3782 Kollar.
592 3711 750 3784 cujus
787 3723 925 3770 nott.
971 3717 1094 3774 vide
1135 3720 1252 3793 IL].

415 3821 502 3878 16.
541 3825 682 3893 Περὶ
721 3830 1151 3900 φιλοπτωχίας,
1203 3832 1278 3888 De
1307 3836 1628 3906 pauperibus
1664 3839 1921 3896 charitate

343 3917 770 3982 romplectendis.
807 3920 963 3990 λόγος
993 3922 1037 3994 β’
1069 3923 1244 3995 (prior
1289 3925 1484 3984 Latine
1513 3929 1680 3997 infra,
1709 3947 1794 3987 nr.
1825 3933 1916 3996 24.

340 4014 395 4058 et
426 4003 614 4062 Graece
641 4023 726 4062 nr.
761 4009 873 4080 72),
907 4011 961 4065 in
991 4013 1122 4073 illud
1155 4014 1344 4072 Matth.
1371 4033 1497 4084 xxv,
1529 4019 1622 4084 40,
1647 4019 1919 4086 Quatenus

341 4096 430 4150 uni
468 4111 534 4150 ea:
552 4098 632 4151 his
660 4099 882 4167 fecistis,
911 4103 1038 4158 mihi
1059 4103 1258 4172 fecistis
1276 4105 1378 4180 (ά),
1408 4123 1464 4178 p.
1495 4109 1758 4180 881-895,
1791 4129 1918 4170 cum

339 4183 488 4244 Petri
519 4186 797 4247 Francisci
849 4191 970 4248 Zini
1017 4197 1290 4264 versione,
1320 4215 1443 4270 qua:
1483 4201 1764 4272 prodierat
1811 4205 1918 4262 Ve-

339 4285 452 4332 net.
487 4277 648 4341 1574,
681 4279 735 4346 8,
778 4289 836 4336 et
879 4299 1042 4352 quam
1084 4285 1220 4343 locis
1263 4291 1544 4352 nonnullis
1588 4293 1822 4366 castigat
1861 4297 1918 4352 in

338 4367 486 4430 notis
531 4368 782 4430 Ducaeus.
816 4371 1010 4445 Incipit
1043 4394 1058 4432 :
1102 4379 1225 4432 Ἔτι
1264 4380 1404 4452 πρὸς
1443 4381 1522 4454 τῷ
1555 4383 1786 4457 Θεάματι
1818 4388 1920 4459 τῆς

338 4460 576 4533 φοϐερᾶς
603 4463 697 4518 τοῦ
733 4465 995 4535 βασιλέως
1017 4470 1336 4540 ἐπιφανείας
1365 4475 1501 4547 εἰμί.
1550 4477 1738 4534 Graece
1766 4479 1918 4536 vide.-

338 4563 424 4608 rat
453 4555 630 4612 lucem
657 4559 912 4630 Angusta:
939 4563 1081 4632 apud
1109 4562 1426 4636 Mangerum
1458 4568 1616 4635 1587,
1643 4572 1699 4637 8,
1723 4571 1918 4628 edente

2040 2077 2214 2133 civica
2257 2077 2493 2136 Vindob.
2527 2096 2580 2151 p.
2639 2080 2731 2146 90,
2777 2093 2832 2138 et
2878 2083 2982 2142 cel.
3037 2081 3266 2144 Panzer.
3315 2083 3382 2142 A.
3434 2092 3477 2139 t.
3517 2083 3610 2154 VI,

2037 2184 2160 2241 pag.
2209 2171 2302 2236 55,
2351 2187 2438 2227 nr.
2489 2171 2874 2230 2i9.—Cod.
2919 2175 3100 2240 DLIX,
3132 2176 3186 2231 in
3222 2175 3354 2230 bibl.
3407 2174 3612 2232 Veneta

2035 2261 2203 2320 Marc.
2266 2278 2389 2334 pag.
2436 2263 2579 2330 295,
2641 2264 2760 2319 Cat.
2819 2266 2979 2322 codd.
3041 2265 3135 2322 Gr.
3187 2297 3258 2312 --
3309 2267 3498 2324 Paris.
3553 2268 3610 2338 in

2036 2354 2156 2410 cod.
2197 2351 2332 2420 DIII,
2369 2353 2502 2408 bibl.
2525 2353 2681 2410 Publ.
2715 2353 2892 2410 "ARL.

2107 2443 2194 2504 18.
2211 2445 2367 2514 Πρὸς
2396 2445 2701 2514 ’Έλληνας
2719 2447 2788 2501 ἐκ
2811 2445 2930 2501 τῶν
2965 2448 3183 2503 κοινῶν
3201 2449 3478 2514 ἐννοιῶν,
3499 2450 3610 2505 Ad.

2033 2552 2210 2592 versus
2231 2537 2464 2594 ethnicos
2499 2537 2566 2594 de
2591 2537 2698 2594 Deo
2723 2539 2866 2595 trino
2889 2554 2954 2594 ex
2981 2541 3341 2595 communibus
3364 2544 3606 2598 notioni-

2033 2627 2128 2682 bus
2159 2627 2270 2700 (f),
2315 2645 2366 2700 p.
2415 2629 2681 2696 914-921,
2728 2645 2850 2686 cum
2895 2632 3152 2688 versione
3197 2629 3438 2688 Federici
3493 2631 3606 2692 Μοιτ

2031 2717 2172 2774 relli.
2221 2717 2456 2778 lncioit:
2488 2721 2553 2776 Ei
2592 2719 2654 2774 τὸ
2694 2719 2826 2786 Θεὸς
2867 2721 3039 2794 ὄνομα
3073 2723 3383 2795 προσώπων
3429 2723 3605 2796 δηλω-

2027 2813 2206 2874 τικόν.

2101 2905 2186 2964 19.
2225 2905 2364 2975 Περὶ
2395 2903 2621 2978 ψυχῆς,
2667 2905 2743 2964 De
2781 2907 2980 2972 animo,
3033 2923 3158 2964 cum
3202 2907 3449 2980 ejusdem
3495 2911 3606 2976 Illo:

2025 2998 2142 3054 relli
2185 2999 2438 3054 versione
2467 2997 2563 3070 (g),
2593 3013 2714 3070 pag.
2747 2997 3014 3054 922-945.
3055 2999 3250 3071 Incipit
3282 3021 3296 3057 :
3329 3001 3604 3072 Διαπεφὼ-

2025 3107 2182 3161 νηται
2232 3087 2415 3160 σχεδὸν
2465 3089 2635 3144 ἅπασι
2681 3089 2794 3151 τοῖς
2849 3087 3116 3153 παλαιοῖς.
3157 3089 3278 3145 Non
3332 3099 3418 3146 est
3457 3089 3598 3162 Nys-

2025 3183 2166 3245 seni,
2213 3181 2309 3238 sed
2353 3189 2517 3252 caput
2560 3179 2861 3237 secundum
2899 3193 2953 3236 et
2986 3182 3206 3240 tertium
3255 3181 3490 3239 Nemesii
3523 3181 3602 3238 De

2025 3283 2220 3328 natura
2255 3272 2504 3327 hominis.
2559 3269 2726 3329 FABR.
2756 3269 2871 3328 Sub
2907 3274 3128 3329 nomine
3161 3273 3320 3346 Greg.
3345 3274 3507 3348 Nyss.
3544 3277 3599 3332 in

2025 3363 2151 3419 cod.
2183 3361 2435 3418 Monach.
2463 3359 2649 3415 LXXI.
2693 3359 2753 3416 V.
2789 3361 2908 3416 Cal.
2943 3363 3104 3418 codd.
3130 3362 3226 3418 Gr.
3265 3365 3394 3420 Bav.
3421 3381 3474 3436 p.
3505 3365 3596 3420 21.

2022 3483 2094 3492 -—
2121 3451 2180 3506 In
2210 3451 2334 3506 cod.
2383 3449 2614 3522 August.
2649 3449 2864 3506 Vindel.
2913 3462 3052 3509 teste
3105 3445 3329 3510 Reisero
3382 3455 3436 3510 in
3475 3455 3595 3512 Cat.

2025 3561 2078 3616 p.
2103 3544 2194 3600 21.
2218 3545 2374 3600 Conl.
2416 3544 2490 3598 cl.
2518 3541 2755 3599 blattbzei
2791 3543 2860 3598 ad
2893 3541 3208 3602 Nemesium
3232 3561 3355 3618 cap.
3395 3547 3432 3602 2
3463 3557 3517 3604 et
3538 3551 3596 3616 '5,

2024 3656 2080 3710 p.
2117 3639 2187 3692 67
2220 3654 2342 3708 sqq.
2379 3639 2548 3694 11Αιιι..

2093 3756 2180 3814 20.
2225 3758 2471 3827 Epistola
2497 3775 2754 3814 canonica
2787 3759 2858 3814 ad
2885 3755 3146 3823 Letoium,
3183 3759 3276 3830 qui
3306 3759 3360 3814 in
3391 3759 3600 3831 episcm

2024 3859 2152 3921 pato
2184 3849 2458 3907 Melitines
2479 3851 2842 3924 Cappadocia:
2877 3852 3012 3922 (non
3034 3849 3342 3924 Mytilenes,
3370 3865 3430 3910 ut
3463 3853 3598 3910 Pos-

2022 3943 2291 4013 sevinus),
2350 3952 2478 4014 post
2535 3959 2591 4006 a,
2643 3945 2704 4000 C.
2737 3944 2864 4013 581,
2903 3943 3091 4002 Otreio
3135 3947 3422 4010 successit,
3469 3961 3594 4002 cum

2019 4035 2274 4092 Centiani
2312 4033 2531 4100 Herveti
2561 4035 2839 4101 versione,
2879 4051 3002 4104 qua)
3029 4036 3153 4107 plus
3197 4038 3362 4092 semel
3393 4037 3596 4108 prodiit

2019 4129 2162 4184 inter
2221 4127 2484 4198 epistolas
2549 4124 2652 4183 SS.
2709 4125 2932 4182 Patrum
2983 4127 3312 4190 canonicas,
3369 4127 3595 4188 scholiis

2019 4220 2229 4278 Tlieod.
2276 4218 2640 4284 Balsamonis,
2687 4217 2848 4273 Joan.
2909 4216 3158 4280 Zonam.
3207 4226 3374 4289 atque
3417 4217 3593 4274 Alexii

2017 4313 2256 4368 Aristoni
2311 4311 2616 4366 illustratas
2661 4307 2760 4379 (It).
2829 4299 3023 4380 incipit
3064 4327 3077 4363 :
3135 4309 3231 4362 Ἐν
3289 4310 3384 4363 καὶ
3435 4309 3596 4367 τοῦτο

2017 4403 2127 4458 τῶν
2151 4404 2232 4466 εἰς
2253 4401 2351 4474 τὴν
2371 4401 2534 4470 ἁγίαν
2559 4401 2753 4473 ἑορτήν
2776 4401 2862 4472 (ἱ),
2891 4417 2944 4471 p.
2967 4400 3232 4469 946-955.
3257 4399 3405 4456 Vidit
3426 4402 3592 4458 etiam

2017 4495 2196 4550 lucem
2225 4491 2472 4549 Venetiis
2497 4491 2658 4558 1581,
2690 4492 2750 4554 4,
2789 4507 2914 4546 cum
2944 4489 3312 4546 Pmnitentiali
3345 4491 3594 4550 Romano

2017 4593 2074 4641 et
2121 4583 2290 4638 variis
2345 4582 2655 4638 canonibus
2709 4581 3181 4653 ptenitentialibus
3223 4593 3278 4638 et
3327 4581 3483 4638 Bede
3527 4598 3592 4640 ac

337 4643 669 4716 Ilmschelio,
715 4668 823 4708 non
857 4653 1014 4716 1527,
1059 4662 1120 4709 ut
1157 4656 1213 4710 in
1249 4657 1430 4724 Ducaei
1461 4661 1605 4717 notis
1642 4677 1906 4722 excusum
1941 4653 1993 4714 Ι)
2017 4675 2226 4731 nabani
2287 4673 2430 4729 libro
2479 4643 2906 4738 Pmnitelitium.
2970 4689 3098 4728 cum
3166 4673 3312 4730 ιιοῑίε
3368 4672 3592 4744 Anum“,

335 4745 440 4790 cst.
477 4736 644 4793 FABB.
691 4741 917 4814 Cregor.
953 4744 1209 4803 Nazianz.
1259 4749 1336 4804 De
1369 4753 1685 4820 pauperibus
1725 4772 1907 4814 amart»

333 4829 450 4893 dis,
500 4841 640 4887 orat.
697 4833 839 4899 Lat.,
873 4835 1034 4894 Petro
1090 4839 1286 4896 Franc.
1346 4841 1514 4910 Zino,
1567 4843 1904 4916 Veronensi,

334 4925 658 4994 interprete:
697 4927 946 5000 Gregorii
984 4931 1219 5004 Nysscni
1251 4935 1304 4989 in
1349 4935 1490 4992 idem
1527 4953 1904 5009 argumentum

331 5027 494 5088 oratt.
527 5019 648 5074 dua:
691 5019 903 5086 Latine,
923 5043 1202 5097 nunquam
1237 5030 1467 5085 antehac
1513 5051 1686 5102 neque
1713 5036 1901 5102 Latine

401 5211 480 5292 (ᾳ)
521 5210 578 5292 lu
613 5213 746 5292 edit.
769 5233 824 5271 a.
863 5218 1016 5284 1658,
1043 5228 1173 5273 tom.
1205 5219 1270 5278 Il.
1307 5237 1359 5292 p.
1383 5223 1470 5278 35.

401 5280 476 5352 (θ)
516 5281 646 5352 I’ag.
681 5285 766 5352 to.

401 5351 473 5417 (ε)
515 5349 644 5420 Pati.
675 5349 767 5409 47.

401 5421 480 5488 (τι)
521 5419 650 5493 I’ag.
685 5427 775 5481 19.

401 5499 473 5556 (et
514 5493 641 5562 I’ag.
681 5499 770 5550 1121.

399 5564 478 5630 (Ι)
522 5563 648 5628 Ινιιει.
683 5569 772 5620 82.

401 5635 474 5698 to)
517 5631 643 5703 Pag.
676 5637 765 5690 90.

399 5706 474 5768 (Ii)
529 5703 582 5756 In
629 5705 787 5762 .loan.
847 5710 1064 5765 Zonarac
1129 5719 1182 5764 et
1231 5711 1505 5768 Theodori
1564 5715 1904 5768 Ilalsamonis

328 5773 672 5843 Syntogmatc
729 5797 1020 5843 canonum,
1075 5799 1198 5834 t‘lllll
1255 5799 1444 5838 eorum
1497 5789 1902 5840 conuuentariis

327 5846 766 5927 (ἐχξξὴῆηιλιιιυι.
809 5851 982 5927 Paris.
1021 5853 1158 5927 1618
1200 5861 1254 5927 ct
1294 5855 1447 5916 1620,
1491 5865 1623 5920 tom.
1675 5855 1736 5927 II,
1777 5873 1898 5927 pag.

330 5916 663 5974 1056-1059.
690 5950 753 5960 -—-
789 5927 846 5980 In
885 5921 1162 5995 Bercrcgii
1208 5923 1470 5994 Synodico
1499 5916 1632 5983 tom.
1675 5926 1743 5994 I-l,
1775 5916 1895 5998 ing.

2022 4762 2336 4836 Augustini,
2385 4776 2593 4816 necnon
2660 4759 2795 4816 ibid.
2849 4761 3008 4824 1585,
3041 4762 3098 4825 8,
3153 4778 3260 4816 una
3303 4777 3429 4818 cum
3465 4764 3590 4819 aliis

2012 4855 2342 4928 quibusdam
2407 4851 2672 4924 Nysseni,
2723 4853 3024 4923 interprete
3069 4851 3306 4908 Maximo
3372 4851 3590 4926 blargu-

2015 4952 2130 5012 nio,
2183 4947 2440 5016 episcopo
2483 4944 2828 5016 Gythei-ensi.
2857 4944 3058 5000 Confer
3095 4944 3468 5010 Lambecium,
3498 4945 3586 5018 Ill,

2013 5055 2134 5112 pag.
2157 5037 2279 5102 101,
2305 5034 2426 5098 155,
2457 5033 2556 5089 149
2579 5031 2672 5100 (j).
2701 5031 2949 5103 Respicit
2975 5034 3270 5089 concilium
3305 5035 3358 5088 in
3399 5033 3590 5094 Trulla

2011 5223 2138 5284 581,
2184 5237 2280 5276 vm
2327 5237 2594 5277 canones.
2626 5221 2775 5276 --In
2810 5220 3127 5276 Collectione
3178 5220 3447 5274 concilior.
3493 5218 3582 5273 ed.

2015 5293 2376 5362 Labbeijpag.
2448 5293 2587 5346 1775
2639 5309 2760 5361 suq.
2829 5290 2892 5345 τ.
2949 5295 3058 5348 vol.
3107 5289 3176 5345 XI
3271 5305 3390 5360 pag.
3427 5287 3496 5344 56
3529 5297 3584 5352 et

2013 5361 2148 5428 590;
2180 5361 2305 5432 add.
2335 5361 2458 5432 pag.
2501 5363 2624 5416 457.
2663 5362 2836 5416 11Αιιι..

2109 5435 2148 5488 it
2189 5431 2482 5488 Pani“.

2085 5435 2148 5500 (it
2189 5435 2320 5500 Pag.
2363 5435 2482 5488 111.

2085 5504 2160 5572 (ji
2200 5501 2508 5572 Videicod.
2553 5501 2689 5568 LIX,
2729 5518 2818 5557 nr.
2875 5501 2956 5558 16.
3003 5501 3191 5572 Lamb.
3249 5513 3446 5554 comm.
3487 5495 3578 5559 III,

2051 5569 2136 5643 ag;
2167 5573 2274 5626 266
2307 5571 2392 5627 ed.
2423 5573 2626 5628 Kollar.
2657 5603 2728 5614 -—
2761 5577 2812 5627 in
2845 5573 2967 5626 cod.
3001 5569 3181 5624 LXVII
3210 5613 3224 5643 ,
3251 5573 3390 5624 inter
3415 5583 3578 5643 opera

2051 5590 2136 5643 ag.
2167 5590 2274 5626 που
2307 5590 2392 5627 eu.
2425 5590 2626 5628 nouar.
2657 5603 2728 5614 -—
2761 5591 2812 5627 Ill
2845 5590 2967 5626 coo.
3001 5590 3181 5624 mnu
3210 5613 3224 5634 ,
3251 5590 3390 5624 inter
3415 5590 3578 5636 opera

2011 5590 2219 5708 Basilii,
2269 5643 2356 5696 cui
2407 5643 2536 5696 illud
2571 5644 2880 5716 encomiutn
2925 5644 3097 5716 ineo
3125 5642 3242 5694 cod.
3274 5639 3578 5716 perper-atii

2008 5715 2366 5772 attribuitur,
2414 5722 2637 5767 notante
2694 5713 2946 5766 Lanihcc.
2994 5712 3124 5765 ibid.
3177 5729 3227 5779 μ.
3274 5711 3398 5763 551.
3429 5738 3494 5744 -
3525 5711 3576 5759 in

2007 5786 2129 5837 rod.
2179 5781 2412 5842 ιλχνι,
2461 5799 2545 5839 nr.
2588 5783 2642 5841 5.
2693 5785 2859 5837 inscr.
2910 5783 3165 5850 anonynti
3209 5788 3575 5850 exciiirptaucx

2005 5854 2592 5932 Greg._N):ss._cpistola
2610 5845 3096 5932 quatlanrpascliali
3121 5870 3134 5916 ;
3159 5855 3251 5932 sed
3273 5845 3574 5932 Latum!!!)

2007 5917 2143 5995 pag:
2171 5917 2296 5988 3T4,
2325 5917 2506 5992 docet,
2547 5917 2769 5994 intelligi
2821 5917 2939 5995 ejus
2977 5923 3151 5996 _Nyss.
3199 5921 3372 5992 Epist.
3413 5920 3480 5972 ad
3511 5917 3572 5972 S.
