4110 6488
482 477 543 532 2|
916 479 923 485 ’
1669 474 1951 531 ΝΟΤΙΤΙΛ
1979 474 2059 530 EX

2161 474 2455 531 ABRICIO.
3658 469 3729 527 93

481 604 718 644 canones
746 586 977 661 Nysseni
1019 587 1272 650 laudans,
1320 588 1448 642 licet
1488 602 1596 642 non
1637 588 1908 658 integrum
1946 588 2049 641 hoc
2078 591 2123 647 A
2153 587 2493 660 Zaccagnius
2529 588 2583 643 in
2624 588 2969 644 Collectaneis
3015 596 3470 641 monumentorum
3503 599 3730 643 veterum

484 682 748 751 scriptum
773 682 1025 736 videatur
1055 682 1121 734 ad
1160 695 1263 735 nos
1293 681 1625 750 pervenisse.

552 772 643 825 2I.
682 771 943 824 Adversus
966 786 1052 824 eos
1073 771 1162 839 qui
1190 769 1440 838 differunt
1467 772 1802 838 baptismum,
1835 786 1888 839 p.
1922 768 2054 824 956-

484 863 589 917 960
616 866 713 930 (a).
752 864 960 925 Latine,
988 862 1177 916 eodem
1213 861 1444 915 Ilerveto
1473 863 1791 933 interprete.
1820 862 2013 930 Incipit
2038 879 2051 915 :

486 955 663 1014 liuius
711 954 893 1009 mundi
954 972 1095 1025 reges
1152 971 1272 1007 cum
1317 955 1448 1024 leges
1506 954 1826 1023 scripserint.
1870 953 2055 1008 Grarce

485 1054 739 1100 occurret
785 1047 948 1106 infra,
984 1062 1070 1101 nr.
1108 1046 1195 1101 70.

554 1140 645 1193 22.
682 1140 738 1193 In
783 1140 911 1193 illud
960 1140 1226 1209 Apostoli,
1262 1138 1280 1192 I
1326 1138 1574 1194 Corinth.
1635 1156 1709 1203 Vl,
1749 1140 1850 1194 I8:
1890 1140 2055 1196 Omne

484 1242 772 1297 peccatum,
807 1232 943 1301 quod
989 1232 1169 1301 fecerit
1208 1232 1382 1294 homo,
1417 1242 1496 1286 est
1534 1241 1685 1285 extra
1715 1248 1938 1299 corpus;
1967 1234 2057 1303 qui

487 1334 660 1376 autent
689 1323 1005 1390 fornicatur.
1034 1332 1142 1379 etc.
1175 1339 1227 1393 ι).
1257 1323 1497 1377 961-965
1519 1323 1615 1392 (b).
1647 1322 1859 1385 Latine,
1879 1326 2051 1379 inter-

488 1422 637 1481 prete
658 1410 926 1467 Genliano
950 1411 1205 1468 Ilerveto.
1236 1412 1461 1484 Incipit:
1489 1414 1762 1468 Terribilis
1788 1415 1912 1468 tuba
1938 1432 2058 1484 apo-

486 1502 665 1553 stolici
690 1504 955 1571 prwcepti.
989 1501 1175 1558 Graece
1212 1516 1465 1558 occurret
1503 1504 1664 1567 infra,
1698 1520 1783 1558 nr.
1823 1505 1909 1559 74.

556 1593 646 1647 23.
691 1593 755 1648 In
806 1595 1082 1649 mulierem
1131 1596 1494 1665 peccatricem,
1547 1596 1662 1651 sive
1710 1597 1778 1648 ad
1826 1614 1912 1651 eos
1967 1600 2057 1667 qui

484 1682 670 1735 durius
700 1682 835 1737 alios
844 1683 1119 1753 judicant,
1147 1694 1195 1739 et
1218 1687 1553 1739 conversione
1576 1686 1827 1756 indigent,
1849 1704 1902 1757 p.
1927 1687 2058 1742 964-

486 1774 588 1826 970
619 1775 709 1845 (c).
746 1773 959 1839 Latine,
1012 1773 1173 1830 Petro
1221 1775 1515 1831 Francisco
1559 1775 1697 1831 Zino
1737 1777 2052 1847 interprete.

488 1868 721 1936 Incipit:
768 1867 942 1921 Homo
990 1867 1322 1931 Pliaristrus,
1359 1878 1418 1922 ut
1442 1884 1509 1923 ex
1552 1868 1840 1940 Evangelio
1870 1869 2049 1925 Lucae.

485 1961 671 2015 Gnece
708 1968 963 2015 occurret
1003 1961 1166 2027 infra,
1200 1978 1287 2016 nr.
1324 1962 1427 2029 67;
1478 1962 1569 2015 ubi
1616 1962 1817 2017 notabo
1851 1964 2050 2019 Asterii

483 2071 624 2117 esse,
658 2070 767 2107 non
799 2052 1049 2125 Nysseni.

553 2145 643 2199 24.
696 2145 772 2199 De
829 2145 1145 2213 pauperibus
1185 2147 1443 2200 charitate
1500 2147 1905 2213 complectendis
1958 2149 2056 2202 ho-

483 2239 632 2289 milia
670 2237 687 2289 I
733 2235 835 2306 (ιι),
879 2252 1000 2307 pag.
1048 2238 1299 2303 970-975;
1342 2237 1531 2292 eodem
1566 2238 1701 2292 Zino
1742 2240 2052 2310 interprete,

484 2328 695 2381 Latine.
730 2329 964 2399 Incipit:
1001 2329 1106 2395 Qui
1131 2331 1250 2383 huic
1289 2329 1542 2384 Ecclesia:
1586 2330 1864 2398 pra'sidet;
1902 2342 2056 2401 atque

485 2420 615 2473 adeo
665 2437 864 2475 omnes.
906 2420 1091 2477 Griece
1139 2432 1390 2477 occurret
1431 2422 1593 2487 infra,
1630 2439 1715 2477 nr.
1748 2423 1843 2489 72;
1890 2424 2057 2478 homi-

484 2516 553 2567 Iia
588 2514 626 2567 II
655 2514 817 2581 hujus
848 2514 1151 2583 argumenti
1185 2514 1372 2570 Graece
1400 2514 1563 2569 etiam
1595 2514 1814 2585 prodiit,
1857 2525 1913 2569 ut
1943 2516 2053 2569 dixi

484 2620 670 2673 supra,
694 2621 781 2659 nr.
802 2605 894 2659 I6.
915 2602 1153 2674 Utraque
1178 2604 1365 2661 Latine
1384 2621 1449 2660 ex
1469 2606 1586 2660 Zini
1608 2607 1857 2661 versione
1877 2614 2057 2661 exstat

482 2706 536 2747 ιιι
571 2698 622 2748 in
649 2695 1188 2767 Orthodoxographis
1240 2713 1294 2768 p.
1344 2698 1501 2762 I780,
1536 2699 1701 2754 Basil.
1749 2698 1906 2763 1569,
1959 2699 2051 2753 fol.

484 2789 649 2841 Fxnn.
705 2788 846 2843 lleil.
901 2806 1105 2859 zwayer
1154 2789 1390 2845 Priester
1432 2791 1680 2861 Gregorii
1724 2790 2053 2848 Nazianzeni

486 2880 592 2933 und
621 2880 869 2950 Gregorii
895 2880 1126 2952 Nysseui
1153 2882 1281 2950 drey
1314 2880 1518 2949 treﬂich
1538 2881 1646 2934 und
1672 2882 1903 2935 nutzlich
1925 2883 2053 2937 Pre-

485 2974 591 3042 αέα,
620 2973 745 3026 dass
772 2974 1094 3041 yedermann
1117 2974 1202 3028 die
1233 2990 1412 3029 armen
1442 2973 1571 3027 Leut
1604 2974 1701 3027 lieb
1730 2974 1908 3029 Itulten
1932 2976 2052 3042 soll,

481 3064 835 3129 —geetutscht
856 3062 1021 3115 durclt
1041 3063 1335 3132 Christoph
1367 3062 1754 3135 Phreysleben,
1776 3065 1870 3118 der
1888 3064 2055 3120 Rech-

484 3167 565 3209 ten
606 3156 800 3210 Doctor
831 3154 1198 3210 —Gedruckt
1256 3173 1322 3211 zu
1360 3155 1557 3211 Wienn
1591 3159 1645 3211 in
1708 3158 2053 3215 OEsterreieh

483 3251 655 3303 dnrch
703 3249 942 3319 llaphael
976 3248 1296 3313 Hoﬂ‘halter,
1325 3249 1445 3304 sine
1475 3250 1601 3304 anni
1634 3263 1760 3305 nota
1798 3252 1962 3323 (intra
2001 3269 2050 3307 a.

485 3342 623 3395 1556
648 3352 701 3395 ct
734 3341 915 3409 I562),
946 3341 1001 3394 4.
1046 3339 1110 3395 V.
1160 3341 1324 3397 Denis
1366 3341 1546 3395 Wiens
1592 3342 1925 3398 Buchdruck.
1961 3343 2058 3400 Ge-

483 3434 731 3496 schichte,
765 3449 817 3503 p.
843 3433 967 3487 685.
996 3431 1171 3488 ΙΙΛιι..

551 3525 639 3579 25.
678 3525 743 3579 In
772 3525 1126 3589 Pentecosten,
1150 3525 1227 3579 De
1255 3526 1458 3595 Spiritu
1482 3526 1541 3581 S.
1579 3528 1672 3597 (e),
1709 3544 1760 3598 p.
1786 3529 1911 3596 976,
1936 3532 2061 3596 977,

486 3619 677 3673 Latine
717 3635 779 3673 ex
810 3617 1052 3687 ejusdem
1085 3618 1205 3673 Zini
1237 3621 1505 3675 versione.
1556 3619 1749 3688 Incipit
1777 3641 1790 3675 :
1838 3621 2061 3678 Nullum

482 3722 557 3762 est
592 3721 699 3761 tam
730 3710 937 3761 clarum
968 3708 1287 3761 celebritatis
1330 3720 1713 3779 argumentum.
1744 3710 1930 3767 Cra-ce
1956 3714 2065 3783 pri-

483 3817 606 3856 mus
640 3817 704 3855 ex
757 3801 934 3855 tribus
970 3800 1130 3853 codd.
1172 3798 1417 3854 Vatican.
1461 3817 1583 3856 cum
1632 3818 1771 3856 nova
1814 3806 2065 3861 versione

485 3909 586 3947 sua
620 3892 792 3947 edidit
821 3891 981 3945 Laur.
1018 3891 1357 3962 Zaccagnius
1402 3894 1455 3947 in
1493 3892 1839 3950 Collectaneis
1883 3914 2066 3951 monu-

486 3994 779 4037 mentorum
813 3993 1058 4038 veterum.
1090 3983 1247 4037 Rom.
1282 3984 1441 4049 1699,
1478 3986 1533 4051 4,
1563 4003 1615 4056 p.
1650 3987 1756 4040 546
1785 4032 1797 4042 .
1834 3988 2061 4059 Incipit:

488 4078 526 4127 II
538 4077 671 4129 ἄταν
700 4074 894 4145 ἑορτῆς
923 4074 1182 4128 ὑπόθεσιν
1214 4075 1573 4148 φαιδροτέραν
1606 4080 1633 4130 ὁ
1662 4079 1824 4132 Δαϐὶδ
1856 4080 1923 4134 δι’
1941 4083 2066 4134 ἐαυ-

483 4168 577 4221 τοῦ
597 4167 990 4237 ἀπεργάζεται.

553 4253 643 4305 26.
680 4252 879 4306 Contra
922 4253 1265 4321 feneratores,
1309 4256 1647 4324 p.978-982,
1690 4257 1903 4323 Latine,
1947 4260 2061 4315 Jac.

490 4345 748 4398 Grctsero
798 4346 1117 4414 interprete.
1172 4347 1371 4416 Incipit
1416 4366 1429 4400 :
1488 4346 1805 4414 Hominum,
1859 4353 2066 4407 virtutis

488 4438 868 4498 studiosorum,
910 4448 961 4490 et
1002 4438 1093 4507 qui
1133 4454 1321 4491 mores.
1373 4438 1561 4495 Graece
1603 4452 1857 4498 occurret
1903 4444 2065 4511 infra,

489 4547 574 4583 Il”.
617 4530 709 4584 71.

2152 678 2263 747 jam
2296 680 2552 743 laudatis,
2588 696 2641 750 p.
2672 680 2799 735 288.
2831 678 3143 733 Notandum
3185 689 3367 734 autem
3400 688 3484 735 est
3522 667 3732 751 postre-

2156 785 2298 823 mam
2335 780 2564 839 partem,
2610 788 2663 841 p.
2699 772 2803 825 995
2851 786 2959 841 sq.,
2995 771 3111 826 sive
3138 771 3559 841 explicationem
3598 771 3733 826 dicti

2152 861 2312 917 Joan.
2340 880 2452 926 XIX,
2484 865 2574 926 54,
2610 864 2807 919 Statim
2839 864 2996 918 exivit
3024 865 3240 934 sanguis
3265 876 3315 923 et
3352 882 3511 935 aqua,
3535 866 3588 919 in
3624 880 3733 935 qua

2157 952 2463 1026 Theologus
2509 955 2957 1025 (Nazianzenus),
2996 963 3049 1010 et
3094 956 3521 1026 Clirysustomus
3559 956 3735 1011 citan-

2157 1054 2266 1109 tur,
2292 1050 2361 1101 ab
2388 1048 2483 1102 illo
2515 1051 2722 1118 scripto
2758 1048 3011 1111 alienam,
3044 1048 3097 1101 in
3130 1049 3319 1104 Grazco
3342 1060 3489 1105 recte
3510 1051 3726 1105 abesse.

2156 1138 2322 1194 FABR.
2356 1142 2411 1194 In
2450 1141 2625 1195 tribus
2652 1141 2813 1196 codd.
2848 1141 3025 1196 Paris.
3064 1142 3195 1197 bibl.
3240 1141 3395 1196 Puhl.
3418 1177 3489 1186 -—
3515 1144 3732 1196 Sculte-

2160 1231 2532 1293 tus,llivinus,
2562 1232 2633 1287 du
2665 1232 2787 1297 Pin,
2820 1232 3032 1288 Caveus
3054 1241 3108 1288 et
3138 1232 3386 1291 Oudinns
3411 1235 3466 1288 id
3496 1250 3733 1304 Opuscuo

2158 1324 2291 1390 lum,
2314 1324 2443 1395 quia
2474 1324 2771 1395 Gregorius
2806 1326 3063 1380 Nazianz.
3094 1326 3149 1379 in
3184 1342 3249 1381 eo
3270 1328 3490 1391 citetur,
3523 1328 3733 1382 adulte—

2158 1416 2336 1468 rinum
2372 1430 2494 1470 esse
2525 1429 2770 1472 censent.
2820 1417 3045 1472 Accedit
3090 1416 3297 1473 Semler
3343 1418 3378 1470 l.
3420 1433 3471 1472 c.
3507 1435 3561 1488 p.
3601 1418 3731 1484 200,

2158 1515 2271 1561 not.
2308 1508 2432 1561 354.
2468 1506 2639 1562 ΗΑιιι..

2262 1598 2348 1654 III.
2386 1600 2450 1654 In
2482 1612 2621 1654 tomo
2660 1599 2723 1653 II
2794 1600 2925 1655 edit.
2961 1619 3015 1655 a.
3050 1600 3189 1657 1615
3220 1603 3597 1656 continentur:

2224 1692 2315 1745 28.
2341 1692 2501 1745 Κατὰ
2518 1692 2818 1761 Εὐνομίου
2837 1695 3006 1761 λόγοι
3026 1694 3450 1761 ἁντιρῤητικοί,
3468 1693 3728 1747 Adversus

2165 1781 2508 1851 Eunomium,
2542 1784 2679 1839 liber
2722 1801 2783 1847 ιι,
2818 1801 2897 1849 ιιι,
2945 1801 3019 1849 ιν,
3065 1802 3118 1846 v,
3150 1801 3223 1849 vn,
3266 1801 3363 1852 vn,
3402 1801 3520 1847 vni,
3556 1802 3633 1848 Ix,
3670 1801 3727 1848 x,

2160 1892 2236 1937 xI,
2268 1893 2343 1930 ιιι
2377 1884 2431 1931 et
2460 1893 2581 1940 xm,
2625 1892 2747 1931 cum
2780 1877 3034 1932 versione
3060 1876 3265 1932 Nicolai
3300 1876 3515 1932 Gulonii
3545 1880 3640 1947 (g),
3674 1893 3726 1944 p.

2158 1967 2343 2023 1-437.
2397 1967 2636 2037 Incipit:
2674 1968 2736 2020 Ἦ
2785 1967 2895 2020 τῶν
2940 1968 3282 2039 Χριστιανῶν
3328 1968 3510 2031 πίστις
3563 1970 3596 2038 ἡ
3651 1971 3732 2032 εἰς

2157 2061 2337 2115 πάντα
2381 2058 2451 2111 τὰ
2500 2059 2647 2128 ἔθνη.
2686 2059 3088 2129 Castigationes
3136 2060 3188 2113 in
3242 2060 3394 2115 calce
3442 2060 3734 2115 voluminis

2158 2152 2357 2223 adjecit
2386 2150 2607 2207 Gulonii
2636 2151 2802 2215 filius,
2828 2150 3068 2207 Joannes
3100 2166 3126 2205 a
3184 2150 3244 2206 S.
3273 2152 3592 2216 Francisco,
3620 2168 3737 2206 mo-

2156 2248 2369 2299 nachus
2414 2242 2712 2307 Fuliensis,
2769 2252 3026 2308 testatus,
3078 2244 3278 2297 librum
3330 2245 3590 2316 primum,
3640 2245 3733 2315 qui

2156 2336 2355 2391 deinde
2393 2336 2568 2390 lucem
2606 2335 2746 2390 vidit
2794 2336 3006 2405 (confer
3051 2336 3212 2401 infra,
3259 2352 3343 2390 nr.
3375 2336 3488 2401 66),
3518 2346 3737 2392 exstare

2159 2445 2261 2483 ms.
2294 2429 2348 2483 in
2381 2428 2518 2482 bibl.
2550 2426 2838 2492 Vaticana,
2882 2436 2935 2483 et
2972 2428 3215 2497 incipere
3251 2428 3337 2483 his
3367 2429 3587 2485 verbis:
3623 2429 3737 2482 Οὐκ

2154 2511 2222 2587 ἦν
2245 2502 2325 2580 ὡς’
2346 2516 2520 2569 ἔοικεν
2542 2516 2620 2587 τῷ
2649 2517 2827 2570 πάντα
2865 2534 2922 2569 σε
2951 2517 3127 2570 θέλειν
3166 2518 3493 2590 εὐεργετεῖν.
3534 2518 3738 2573 Confer

2156 2608 2224 2661 de
2264 2607 2368 2661 hoc
2385 2622 2555 2677 opere
2583 2606 2990 2661 'I‘illemontium
3024 2615 3157 2662 tom.
3192 2606 3285 2674 IX,
3310 2624 3433 2679 pag.
3464 2608 3567 2662 577
3592 2623 3735 2678 scq.,

2156 2706 2210 2749 ct
2241 2697 2307 2751 de
2334 2695 2586 2752 Eunomii
2649 2698 2822 2761 libris,
2891 2713 3029 2767 quos
3087 2698 3364 2769 Nyssenus
3413 2700 3733 2764 confutavit,

2156 2788 2273 2842 Jac.
2326 2787 2720 2854 Godofredum,
2774 2788 2843 2842 ad
2897 2788 3249 2861 Philostorgii
3298 2789 3435 2854 VIII,
3485 2790 3572 2846 I2.
3623 2788 3738 2843 Sir-

2158 2881 2393 2936 mondus
2420 2880 2484 2934 ad
2516 2881 2713 2934 librum
2783 2895 2829 2933 VI
2868 2879 3107 2937 Facundi
3153 2881 3564 2937 llermianensis
3601 2888 3731 2935 tom.

2157 2968 2202 3022 II
2230 2970 2366 3039 Opp.
2404 2986 2459 3040 p.
2492 2969 2617 3034 765,
2653 2972 2883 3034 notavit,
2914 2971 3087 3027 libros
3119 2972 3219 3026 hos
3248 2971 3503 3043 Nysseni,
3536 2971 3741 3041 quibus

2159 3061 2316 3117 ﬁdem
2366 3062 2693 3115 catholicam
2746 3064 2909 3127 tueri,
2951 3071 3006 3118 et
3056 3063 3268 3128 Basilii,
3317 3065 3429 3134 jam
3471 3063 3736 3130 defuncti,

2159 3170 2298 3225 opus
2330 3153 2598 3211 adversus
2628 3153 2956 3209 Eunomium
2994 3155 3286 3212 defendere
3329 3156 3585 3223 instituit,
3626 3169 3737 3209 non

2161 3263 2271 3302 uno
2299 3248 2461 3301 modo
2486 3248 2645 3302 citari
2675 3249 2817 3317 apud
2846 3256 3057 3304 veteres
3083 3248 3282 3305 solere.
3313 3247 3446 3314 Quae
3470 3248 3614 3303 enim
3635 3245 3739 3301 Fa-

2165 3336 2379 3392 cundus
2404 3344 2459 3390 et
2505 3336 2699 3406 Ecloge
2742 3338 3020 3393 Anastasii
3052 3337 3196 3394 Bibl.
3229 3337 3435 3408 profert
3479 3354 3545 3392 ex
3576 3338 3740 3393 tertio

2163 3430 2283 3499 ejus
2314 3429 2498 3500 operis
2527 3429 2691 3494 libro,
2728 3429 2991 3485 Leontius
3021 3430 3268 3486 secundo
3298 3430 3439 3485 libro
3468 3428 3734 3493 attribuit;

2162 3524 2344 3594 reipsa
2366 3530 2547 3577 autem
2582 3531 2801 3577 exstant
2825 3522 2882 3577 in
2912 3530 3107 3593 quarto
3136 3522 3270 3578 edit.
3292 3520 3736 3577 Gnaeo—Latinae.

2164 3617 2478 3687 Eodemque
2514 3615 2674 3670 modo
2708 3615 2763 3669 in
2816 3615 3008 3685 quinto
3034 3621 3253 3670 exstant
3287 3614 3495 3684 reliqua
3533 3614 3737 3671 omnia.

2162 3724 2285 3780 quae
2328 3707 2624 3762 Facundus
2667 3707 2802 3762 citat
2846 3723 2911 3762 ex
2950 3716 3172 3778 quarto.
3219 3705 3450 3761 Photius
3493 3703 3617 3759 cod.
3670 3701 3739 3756 VI

2165 3801 2503 3855 Bibliotheca:
2537 3815 2652 3855 sua:
2673 3815 2812 3870 opus
2844 3798 3089 3870 Gregorii
3120 3797 3349 3871 Nysseni
3380 3798 3551 3868 ’Υπὲρ
3584 3797 3741 3849 Βασι-

2165 3894 2308 3947 λείου
2356 3896 2474 3948 κατ’
2524 3893 2786 3963 Εὐνομίου
2832 3900 3119 3953 memorat,
3161 3901 3214 3947 et
3250 3907 3375 3947 mox
3412 3891 3600 3947 codice
3648 3887 3740 3943 VII

2166 3988 2391 4042 alteram
2428 3985 2574 4039 illius
2608 3982 2993 4054 πραγματείαν
3036 3983 3282 4053 ejusdem
3316 3985 3641 4055 argumenti,
3680 3986 3739 4036 ἐν

2166 4071 2200 4150 ᾖ
2232 4074 2591 4144 λογικώτερον
2622 4074 2873 4144 Εὐνομίῳ
2896 4072 3237 4144 συμπλακεὶς
3263 4075 3405 4129 κατὰ
3432 4076 3629 4147 κράτος
3655 4077 3741 4128 al-

2171 4171 2271 4242 ρεῖ,
2292 4168 2469 4221 πάντα
2488 4164 2779 4237 σαθρώσας
2795 4164 2894 4235 τῆς
2918 4165 3236 4229 δυσσεϐείας
3264 4166 3429 4220 αὑτοῦ
3452 4167 3519 4221 τὰ
3533 4166 3742 4239 ὀχυρώ-

2172 4278 2336 4332 ματα.
2374 4260 2559 4329 Neque
2588 4258 2813 4312 dubium
2841 4267 2944 4320 est,
2983 4274 3078 4328 per
3109 4259 3353 4313 eamdem
3382 4259 3580 4314 librum
3613 4261 3740 4315 ulti-

2170 4368 2321 4407 mum
2352 4352 2420 4406 ab
2448 4366 2515 4406 eo
2548 4349 2796 4421 intelligi,
2828 4350 2921 4420 qui
2962 4352 3176 4407 caeteris
3204 4353 3457 4407 omnibus
3499 4362 3583 4409 est
3621 4354 3741 4408 Ion-

2169 4443 2305 4513 gior,
2345 4451 2399 4496 et
2429 4441 2482 4494 in
2522 4455 2631 4510 quo
2662 4455 2862 4493 novum
2892 4455 3016 4494 cum
3051 4438 3317 4495 Eunomio
3344 4450 3620 4498 certamen
3654 4444 3742 4498 in-

2171 4536 2324 4607 gredi
2355 4552 2414 4591 se
2434 4535 2720 4605 proﬁtetur
2740 4533 3020 4605 Nyssenus
3041 4534 3095 4587 in
3123 4534 3240 4604 ipso
3270 4534 3389 4589 libri
3413 4534 3633 4593 limine:
3662 4538 3743 4592 Τὰ

558 4625 648 4680 27.
685 4626 1011 4680 Testimonia
1040 4627 1104 4679 de
1128 4626 1232 4681 SS.
1267 4627 1527 4681 Trinitate
1561 4644 1625 4681 ex
1672 4628 1841 4682 Veteri
1874 4632 2058 4686 Testa-

2167 4633 2262 4704 μὲν
2287 4628 2351 4699 δὴ
2375 4626 2567 4697 πρῶτα
2592 4626 2701 4678 τῶν
2729 4626 2863 4696 πρὸς
2886 4624 3149 4692 Εὐνόμιον
3170 4624 3397 4693 ἀγώνων
3425 4628 3619 4692 ἱκανῶς
3641 4629 3741 4701 ἠδη

490 4726 659 4769 mento
688 4718 938 4771 adversus
961 4718 1178 4771 Judwos
1199 4720 1286 4788 (Γ),
1326 4736 1377 4789 p.
1412 4720 1539 4783 985,
1562 4720 1685 4773 984.
1730 4720 1942 4785 Latine,
1976 4725 2059 4777 in-

488 4814 726 4874 terprete
748 4806 910 4861 Laur.
935 4806 1144 4862 Sifano.
1187 4809 1380 4879 Incipit
1407 4830 1417 4863 :
1454 4810 1595 4864 Dicit
1626 4811 1793 4865 David
1818 4813 1872 4866 in
1904 4813 2063 4869 Psal-

491 4914 574 4950 mo
611 4914 781 4952 χχιιι.
815 4898 1001 4955 Graece
1027 4901 1235 4970 primus
1269 4919 1333 4957 ex
1365 4903 1576 4957 duobus
1607 4904 1888 4959 codicibus
1915 4905 2066 4960 Vati-

491 4992 645 5045 i-anis
690 5008 812 5044 cum
871 5007 1008 5045 nova
1059 4994 1309 5049 versione
1362 5011 1461 5049 sua
1515 4996 1683 5050 edidit
1740 4995 2066 5054 Laurentius

492 5169 750 5224 Lctoium.
782 5200 852 5209 —
879 5169 935 5224 In
985 5171 1108 5225 cod.
1138 5169 1342 5234 XVIII,
1392 5172 1551 5233 nr.4;
1588 5171 1852 5234 Excerpta
1923 5178 2066 5233 inter

494 5252 734 5312 veterum
793 5240 1015 5295 Patrum
1070 5242 1372 5312 fragmenta
1427 5244 1712 5298 canonica.
1766 5240 1844 5300 V.
1913 5247 2068 5301 Lam-

495 5315 611 5364 l;ec.
667 5311 732 5384 VI
759 5350 773 5372 ,
825 5320 977 5384 part.
1014 5311 1271 5384 7|,7_pgag.
1315 5312 1434 5384 150.
1470 5312 1780 5384 -ίιιιιοιζιει
1836 5319 2065 5384 epistola

491 5383 781 5443 rmonica,
822 5382 877 5434 in
924 5383 1048 5436 cod.
1075 5381 1377 5452 XI.IV,_ur.
1406 5382 1495 5436 57,
1535 5383 1598 5440 ν.
1648 5381 1904 5441 Lambee.
1932 5387 2062 5452 VIII,

491 5468 615 5520 pag.
654 5452 781 5505 895.
808 5483 877 5491 --
908 5453 961 5505 ln
998 5454 1120 5507 cod.
1154 5450 1316 5512 XLV,
1362 5468 1447 5507 nr.
1491 5455 1545 5513 9,
1596 5456 1651 5508 in
1682 5472 1791 5522 quo
1833 5450 2062 5522 scholia,

493 5538 613 5590 qua:
644 5523 697 5574 in
730 5523 990 5593 synodico
1015 5522 1357 5577 Balsamonis
1378 5539 1499 5577 esse
1530 5525 1799 5593 feruntur,
1840 5528 2066 5585 Zonaras

494 5593 833 5655 tribuuntur,
872 5604 1098 5665 auctore
1127 5594 1336 5665 Kollar.
1376 5594 1427 5645 in
1463 5598 1730 5665 supplcm.
1763 5598 1828 5650 ad
1874 5600 2060 5653 Lamb.

496 5678 693 5741 comm.
756 5679 876 5733 pag.
935 5664 1057 5718 519.
1092 5696 1160 5704 ——
1185 5663 1241 5716 In
1272 5665 1408 5743 “cod.
1459 5663 1689 5748 enisa",
1746 5668 2062 5749 CCCLXIV,

500 5734 594 5806 lol.
618 5733 747 5806 264,
773 5744 917 5806 teste
942 5734 1326 5806 llIontfaii_c.__|n
1359 5732 1488 5787 bibl.
1510 5738 1735 5791 Coislln.
1772 5755 1823 5806 p.
1856 5742 1979 5795 564.
1998 5774 2067 5782 —-

501 5802 822 5877 llnblini‘i‘n
862 5806 987 5862 cod.
1034 5802 1305 5868 CXXXV,
1356 5806 1569 5877 collegii
1626 5809 1683 5863 S.
1713 5802 1962 5865 Trinitat.
2012 5813 2063 5864 in

499 5874 1265 5951 (Lat.‘ctldd‘LAnglieatetc_.,
1307 5874 1411 5951 vol.
1450 5874 1519 5941 II,
1548 5890 1683 5947 part.
1721 5897 1779 5940 II,
1822 5898 1937 5951 pag.
1972 5882 2064 5942 24,

504 5960 591 5997 ιιι.
623 5944 748 6011 277,
778 5947 871 6009 25,
897 5943 1043 6003 conf.
1090 5946 1290 6002 Oudin.
1324 5943 1358 5996 Ι.
1410 5962 1458 5998 c.
1496 5943 1563 6017 pl
1590 5951 1714 6019 600,
1749 5943 1840 6021 qui
1877 5943 2067 6007 contra

2168 4721 2307 4777 κατὰ
2361 4719 2510 4773 θείαν
2558 4716 2872 4787 συμμαχίαν
2918 4717 2977 4769 ἐν
3017 4720 3129 4781 τοῖς
3189 4716 3425 4787 φθάσασι
3468 4718 3743 4789 διήνυσται

2170 4814 2369 4874 πόνοις.
2405 4809 2603 4863 Suidas
2625 4808 2692 4863 de
2709 4808 2968 4877 Gregorio
2990 4806 3233 4879 Nysscno
3257 4828 3270 4864 :
3298 4803 3467 4873 Οὗτος
3487 4810 3745 4878 συνέταξε

2172 4905 2291 4960 κατ’
2328 4901 2591 4972 Εὐνομίου
2616 4900 2772 4968 λόγον
2789 4900 3083 4971 ἐξαίρετον.
3117 4901 3329 4956 Citatur
3353 4918 3384 4956 a
3413 4901 3745 4957 Theodorito

2175 5000 2232 5053 in
2301 4995 2503 5065 Dialog.
2602 4992 2655 5066 [τι
2738 4992 3092 5048 Damasceno.
3178 4992 3243 5046 V.
3316 4994 3425 5049 vol.
3483 4992 3619 5060 VIII,
3688 5010 3741 5063 Ρ.

2167 5174 2471 5229 Scultetnm
2495 5214 2510 5237 ,
2544 5173 2597 5226 in
2650 5170 2887 5226 Medulla
2918 5168 3145 5224 Patrum
3187 5172 3744 5243 eainsupposititiam

2165 5261 2287 5299 esse
2319 5245 2702 5301 afﬁrmantem,
2736 5243 2921 5303 docet,
2954 5258 3123 5296 vanas
3162 5259 3286 5298 esse
3314 5242 3543 5298 Sculteti
3584 5259 3747 5313 argu-

2166 5315 2531 5369 mentationes
2584 5332 2597 5366 :
2646 5322 2909 5381 prteterea
2938 5380 2945 5382 ξ
2975 5322 3241 5382 memorat
3299 5316 3431 5368 edit.
3490 5314 3747 5382 Augusta:

2166 5384 2379 5439 Vindel.
2411 5401 2477 5439 ex
2507 5380 2763 5438 versione
2792 5380 3042 5436 Gentiani
3076 5381 3316 5447 Ilerveti,
3347 5400 3470 5437 cum
3502 5380 3749 5439 oratione

2165 5454 2241 5509 De
2289 5456 2564 5508 divinitate
2610 5452 2742 5505 Filii
2779 5462 2829 5506 et
2875 5452 3106 5520 Spiritus
3139 5455 3332 5516 sancti,
3366 5454 3524 5510 1591.
3570 5453 3745 5510 ΙΙΑιιι.

2249 5527 2324 5595 (a)
2351 5525 2493 5578 Edit.
2526 5541 2576 5579 a.
2612 5524 2775 5595 1658,
2814 5532 2947 5577 ιυιιι.
2979 5523 3042 5587 ll,
3081 5539 3202 5595 pag.
3244 5524 3365 5579 I24.

2246 5595 2321 5662 lb)
2364 5595 2494 5664 Pag.
2530 5594 2650 5647 129.

2247 5672 2319 5735 (ε)
2357 5665 2485 5734 Pag.
2522 5666 2642 5718 I32.

2248 5737 2323 5806 (tl)
2354 5736 2483 5805 Pug.
2518 5737 2639 5789 158.

2247 5818 2315 5869 (e,
2357 5808 2482 5875 I’ag.
2526 5806 2639 5858 I45.

2248 5879 2313 5944 (Γ)
2362 5877 2488 5944 I’ag.
2526 5875 2642 5927 155.

2206 5944 2213 5951 ’
2248 5950 2318 6019 (g)
2362 5948 2486 6017 I‘ng.
2524 5947 2645 5999 265.
