4054 6488
348 421 422 476 23
1551 437 1832 495 NOTITIA
1873 441 1892 496 I

2004 443 2346 503 FABRICIO.
3519 458 3589 514 21

352 534 475 602 796,
505 551 592 594 nr.
619 536 704 603 II,
736 555 858 612 pag.
894 541 998 598 796
1033 555 1136 600 vet.
1167 548 1279 620 ed.]
1314 552 1606 625 multisque
1631 558 1754 614 aliis
1779 568 1928 616 vete-
1953 567 1999 624 Α
2027 562 2189 618 codd.
2222 563 2483 627 tribuant,
2527 564 2700 635 stylus
2739 563 2928 621 Basilii
2964 564 3135 624 fetum
3177 581 3300 624 esse
3329 567 3586 636 clamitet,

349 627 522 690 ribus,
557 645 791 699 quorum
824 634 940 688 loca
971 639 1178 694 notavit
1225 641 1605 704 Tillemontius
1645 658 1776 706 tom.
1825 651 1912 718 IX,

343 733 397 788 p.
431 718 534 776 579
562 737 703 813 seq.,
734 727 827 795 qui
854 742 905 796 p.
942 728 1048 785 585
1095 733 1338 803 conjicit,
1373 739 1517 806 quod
1552 738 1914 813 Hieronymus

341 825 463 880 cap.
497 812 620 877 128,
649 815 728 870 De
761 815 1024 886 Scriptor.
1056 824 1238 879 eccles.
1261 826 1448 891 refert,
1482 829 1650 888 lectos
1679 812 1915 889 Nazian-

339 913 477 954 zeno
515 911 570 957 et
605 905 709 960 sibi
744 921 775 960 a
825 907 1070 979 Nysseno
1117 913 1238 970 illos
1281 928 1466 972 contra
1499 919 1818 977 Eunomiam
1850 925 1913 979 li-

339 989 509 1057 bros,’
562 995 616 1050 id
671 996 874 1060 factum
921 1001 1429 1078 Constantinopoli,
1479 1013 1570 1067 ubi
1623 1015 1913 1072 occasione

336 1083 553 1139 concilii
589 1101 640 1140 a.
691 1088 752 1144 C.
787 1090 914 1156 581,
947 1095 1002 1149 in
1039 1095 1129 1152 illa
1164 1100 1298 1154 urbe
1343 1102 1599 1158 celebrati
1645 1121 1913 1162 convene-

335 1175 472 1231 rint.
505 1173 742 1249 Scripsit
773 1181 1055 1253 Nyssenus
1085 1196 1210 1258 post
1243 1189 1428 1246 Basilii
1458 1193 1689 1263 obitum,
1722 1207 1782 1252 ut
1813 1197 1910 1254 Ni-

335 1265 572 1334 cephoro
592 1269 756 1328 etiam
785 1289 860 1336 χι,
886 1274 972 1342 19,
996 1275 1163 1344 Ilist.,
1183 1279 1684 1347 adnotatum,circa
1707 1303 1758 1343 a.
1781 1288 1905 1345 581.

334 1353 502 1413 an.
541 1357 656 1416 Hoc
691 1377 849 1432 opus,
879 1368 1023 1436 quod
1051 1374 1559 1438 praestantissimum
1591 1377 1752 1449 Nyss.
1777 1397 1906 1450 ope-

335 1463 456 1501 rum
496 1449 748 1517 habetur,
776 1455 934 1511 docte
974 1467 1028 1512 et
1061 1462 1281 1531 cepiose
1318 1477 1600 1522 recensent
1634 1449 1841 1525 Semler
1868 1473 1902 1526 l.

331 1551 381 1627 (Ξ.
416 1534 563 1627 57/99,
583 1554 708 1614 pag.
733 1543 985 1613 201919,
1012 1557 1066 1603 et
1100 1548 1419 1609 Scbrmckh.
1461 1571 1583 1627 pag.
1620 1559 1813 1623 98-54,.
1835 1593 1906 1601 —

330 1624 736 1718 IistFIorentiaa
779 1635 835 1690 in
881 1638 1010 1694 cod.
1057 1640 1315 1699 Laurent.
1362 1624 1694 1718 XVIIIplut.
1743 1651 1802 1705 6.
1839 1652 1901 1708 γ.

328 1715 563 1812 Bandin.
611 1732 718 1779 cat.
771 1727 928 1784 codd.
960 1730 1056 1788 Gr.
1101 1733 1268 1792 Laur.
1296 1736 1339 1801 l,
1380 1755 1432 1808 p.
1486 1715 1584 1795 127
1632 1760 1715 1812 sq.
1763 1755 1816 1800 et
1848 1747 1903 1800 in

328 1816 448 1865 cod.
491 1810 717 1871 Taurin.
777 1818 962 1887 LXXI,
1016 1823 1108 1879 fol.
1151 1826 1277 1882 2I6.
1328 1828 1390 1884 V.
1436 1843 1544 1886 cat.
1591 1810 1753 1894 codd.
1804 1836 1896 1892 Gr.

327 1900 494 1957 Taur.
526 1919 580 1974 p.
611 1906 733 1961 I69.
760 1907 935 1968 Hanc.

395 1993 484 2054 29.
523 1997 607 2049 Ad
642 1997 978 2056 Eustatltium
1015 2004 1424 2081 (Sebastenum),
1477 2013 1553 2068 De
1583 2016 1688 2071 SS.
1722 2017 1902 2073 Trini-

327 2090 436 2138 tate
469 2094 520 2140 et
565 2099 753 2144 contra
799 2093 1332 2164 Pneumalomachos,
1381 2105 1521 2173 quod
1561 2105 1793 2175 Spiritus
1839 2111 1899 2168 S.

325 2172 396 2226 sit
415 2173 558 2233 Deus
587 2178 687 2249 (a),
725 2195 757 2246 p
802 2182 1052 2250 459-447,
1085 2203 1208 2242 cum
1231 2172 1479 2246 versione
1503 2172 1780 2250 Laurentii
1813 2197 1868 2252 Si
1888 2228 1902 2239 -

325 2263 460 2330 fani,
495 2269 590 2324 sed
633 2285 663 2324 a
702 2269 835 2328 Fed.
881 2274 1104 2331 Morello
1143 2281 1444 2350 recognita.
1478 2283 1593 2340 Hoc
1637 2289 1899 2357 scriptum

322 2356 594 2428 integrum
624 2360 738 2418 fere
772 2365 966 2424 iisdem
1001 2370 1184 2426 verbis
1219 2373 1360 2428 inter
1393 2373 1450 2428 S.
1484 2375 1666 2432 Basilii
1697 2356 1901 2450 episto-

319 2448 402 2506 las
440 2455 771 2523 octogesima
802 2455 908 2530 [ep.
943 2460 1064 2524 I89,
1094 2471 1224 2516 tom.
1270 2464 1356 2530 lll,
1393 2484 1445 2536 p.
1486 2469 1614 2532 276,
1650 2448 1741 2526 ed;
1764 2472 1900 2526 Gar-

319 2539 484 2614 nier.]
523 2543 742 2616 legitur,
791 2547 1037 2621 Nysseno
1085 2555 1292 2610 rectius
1339 2556 1748 2626 vindicandum,
1797 2565 1900 2618 sub

318 2634 480 2701 cujus
525 2637 745 2694 nomine
791 2641 992 2695 citatur
1034 2645 1103 2698 ab
1153 2645 1446 2717 Eutltymio
1496 2651 1551 2704 in
1609 2651 1894 2722 Panoplia.

318 2722 694 2796 Compositum
741 2730 887 2787 circa
941 2747 992 2786 a.
1037 2733 1097 2789 C.
1134 2736 1260 2799 580.
1303 2737 1400 2810 [De
1430 2756 1514 2805 eo,
1561 2751 1616 2798 et
1647 2747 1706 2806 II
1741 2761 1895 2817 seqq.

318 2810 383 2870 γ.
416 2815 629 2875 Sentler
659 2819 693 2875 Ι.
730 2836 778 2876 c.
808 2822 913 2878 220
940 2841 1022 2896 sq.
1052 2827 1231 2898 Atque
1265 2832 1317 2885 in
1349 2839 1464 2886 not.
1510 2835 1576 2889 ad
1605 2833 1771 2890 Garn.

316 2907 355 2962 I.
399 2923 451 2972 c.
483 2924 515 2964 a
547 2910 839 2970 scholiaste
879 2915 976 2972 Gr.
1019 2917 1267 2990 Nysseno
1313 2924 1646 2980 adscribitur
1676 2938 1898 3000 propter

315 3001 590 3068 scribendi
625 3006 1146 3082 rationem,lltnt.].

383 3111 474 3170 30.
495 3116 638 3185 Περὶ
649 3118 757 3172 τοῦ
764 3120 851 3189 μὴ
876 3123 1106 3178 οἴεσθαι
1119 3125 1320 3194 λέγειν
1334 3128 1489 3196 τρεῖς
1507 3133 1648 3185 Θεοί
1660 3152 1712 3197 ς.
1734 3133 1890 3198 Quod

313 3221 421 3260 non
452 3209 748 3276 putandum
786 3213 854 3266 sit
883 3226 985 3271 tres
1020 3215 1156 3280 Deos
1184 3217 1292 3273 dici
1329 3206 1589 3288 oportere,
1623 3224 1690 3277 ad
1724 3225 1890 3279 Abla-

317 3297 464 3353 bium
497 3300 598 3371 (b),
631 3317 685 3371 p.
716 3304 969 3370 “7460,
997 3323 1119 3361 cum
1141 3310 1386 3378 ejusdem
1415 3311 1584 3367 Sifani
1618 3317 1886 3370 versione.

314 3387 552 3460 Incipit:
613 3394 787 3464 ’Υμᾶς
833 3397 931 3465 μὲν
969 3398 1176 3452 δίκαιόν
1219 3403 1334 3456 ἐστι
1360 3407 1485 3468 τοὺς
1519 3407 1884 3477 ἀκμάζοντας.

315 3483 529 3538 Citatur
556 3499 586 3538 a
618 3484 826 3542 Joanne
855 3489 920 3550 ll,
955 3505 1114 3559 papa,
1151 3492 1204 3545 iu
1241 3497 1484 3561 Epistola
1516 3498 1587 3550 ad
1614 3501 1884 3568 Avienunt,

317 3574 527 3644 scripta,
567 3589 619 3630 a.
683 3576 747 3632 C.
810 3579 934 3633 552.
963 3580 1071 3636 Sed
1121 3584 1363 3641 citantur
1397 3590 1561 3643 etiam
1584 3592 1652 3646 ab
1681 3592 1888 3663 Euthy-

311 3665 428 3719 mio
454 3667 508 3721 in
539 3667 806 3738 Panoptia
849 3688 915 3726 ex
961 3672 1207 3744 Nysseno
1240 3678 1309 3730 ad
1333 3679 1637 3747 Ablabium,
1671 3701 1791 3754 quae
1829 3687 1885 3741 in

306 3757 420 3814 hoc
451 3759 655 3830 scripto
682 3777 790 3816 non
822 3767 1086 3834 reperias.
1124 3766 1288 3823 FABB.
1333 3770 1526 3827 Exstat
1558 3773 1798 3831 Venetiis
1831 3778 1884 3832 in

315 3849 438 3906 cod.
476 3849 643 3908 Marc.
669 3852 804 3909 DIV.
837 3854 903 3910 ν.
935 3855 1112 3912 Catal.
1145 3860 1310 3916 codd.
1340 3863 1435 3918 Gr.
1471 3863 1638 3920 Marc.
1671 3882 1722 3936 p.
1755 3867 1880 3924 267.

314 3940 516 4009 Paris.,
543 3945 600 4001 in
626 3947 760 4003 bibl.
793 3948 954 4005 Publ.
986 3952 1144 4009 codd.
1174 3953 1464 4010 DLXXXV
1481 3969 1534 4014 et
1551 3957 1880 4024 DLXXXVI,

315 4033 369 4086 in
392 4034 592 4103 quibus
609 4036 762 4106 plura
779 4038 1008 4111 Nysseni
1027 4046 1292 4114 opuscula
1311 4049 1682 4106 continentur.
1707 4050 1878 4107 Hanc.

382 4147 472 4203 51.
503 4152 642 4219 Περὶ
674 4152 958 4224 διαφορᾶς
989 4159 1204 4225 οὐσίας
1237 4162 1335 4214 καὶ
1359 4164 1772 4233 ὑποστάσεως,
1811 4167 1884 4223 De

313 4235 610 4305 differentia
639 4244 878 4296 essentiw
903 4255 951 4297 et
985 4245 1345 4315 [typostaseas,
1379 4252 1444 4303 ad
1487 4250 1728 4317 Petrum,
1774 4255 1882 4309 fra-

313 4335 453 4383 trem
487 4330 587 4401 (e),
617 4347 670 4400 p.
701 4332 953 4399 460-469,
980 4351 1105 4390 cum
1129 4341 1380 4394 versione
1408 4341 1651 4408 ejusdem
1682 4343 1880 4400 Sil'ani.

314 4417 508 4491 Incipit
536 4439 550 4474 :
581 4422 800 4494 Ἐπειδὴ
824 4425 1006 4479 πολλοὶ
1031 4427 1124 4480 τόν
1149 4447 1207 4482 τε
1233 4430 1329 4499 τῆς
1360 4432 1545 4496 οὐσίας
1567 4433 1739 4502 λόγον.
1777 4435 1878 4490 Le-

311 4510 456 4581 gitur
486 4511 618 4575 haec,
643 4515 788 4570 velut
817 4531 847 4570 a
879 4517 937 4571 S.
966 4516 1166 4574 Basilio
1208 4521 1274 4575 ad
1304 4521 1606 4593 Nyssenum
1649 4528 1876 4597 scripta,

2022 664 2074 708 et
2135 655 2251 724 ipsa
2314 656 2476 710 etiam
2535 657 2779 727 synodus
2838 658 3300 716 Chalcedonensis
3363 664 3582 730 (eoneil.

2021 743 2273 799 Chalced.
2332 755 2474 815 part.
2519 761 2602 811 tu,
2648 763 2770 816 cap.
2831 748 2886 812 I,
2948 764 3071 820 pag.
3127 750 3276 824 8.25),
3323 752 3582 810 Basilium

2020 843 2280 902 agnoscat
2305 836 2550 904 epistolie
2580 848 2886 906 parentem.
2917 838 3090 894 Ilsnn.

2088 942 2176 997 52.
2206 945 2360 1012 Πρὸς
2383 947 2755 1014 Σιμπλίκιον,
2790 948 2921 1016 περὶ
2947 951 3223 1017 πίστεως,
3247 951 3327 1005 Ad
3361 953 3582 1024 Simpli-

2018 1033 2176 1100 cium,
2225 1035 2526 1099 tribunum,
2583 1036 2646 1090 de
2686 1037 2814 1107 ﬁde,
2859 1040 2971 1095 sive
3013 1042 3080 1096 de
3125 1041 3304 1107 Patre,
3355 1044 3489 1099 Filio
3525 1056 3581 1101 et

2019 1121 2224 1193 Spiritu
2256 1123 2313 1179 S.
2346 1127 2445 1196 (d),
2483 1143 2537 1197 p.
2567 1128 2819 1191 470-474,
2862 1145 2984 1184 cum
3019 1134 3268 1188 versione
3302 1133 3578 1190 Laurentii

2017 1212 2212 1270 Sifani.
2253 1215 2449 1287 Incipit
2480 1236 2492 1271 :
2549 1218 2773 1273 Κελεύει
2799 1222 2830 1273 ὁ
2873 1220 3002 1286 Θεὸς
3039 1222 3126 1276 διὰ
3162 1225 3254 1280 τοῦ
3276 1229 3574 1297 προφήτου.

2012 1305 2180 1364 Notas
2207 1306 2411 1363 Fronto
2457 1310 2685 1366 Ducazus
2714 1312 2939 1366 addidit.
2973 1313 3253 1370 Prodierat
3300 1334 3422 1372 cum
3453 1321 3575 1376 aliis

2011 1405 2250 1465 quatuor
2273 1397 2501 1470 Nysseni
2523 1402 2823 1469 opusculis,
2848 1403 3051 1469 Graece,
3075 1405 3247 1477 Lugd.
3272 1407 3386 1462 Bat.
3415 1411 3570 1474 1595.

2013 1489 2064 1548 8.
2107 1489 2353 1562 Magnam
2392 1502 2599 1562 partem
2652 1493 2805 1549 aﬂ'ert
2847 1496 3164 1568 Euthymius
3199 1499 3256 1553 .in
3283 1499 3569 1568 Pa‘noplia,

2012 1583 2187 1639 citans
2208 1583 2510 1654 Nyssenum
2537 1588 2600 1639 ὲκ
2619 1586 2712 1639 τοῦ
2737 1587 2781 1656 β’
2807 1587 2961 1656 λόγου
2983 1589 3077 1642 τοῦ
3104 1591 3237 1659 πρὸς
3255 1591 3573 1662 Σιμπλίκιον

2017 1675 2143 1746 περὶ
2184 1674 2324 1730 υἱοῦ.
2394 1674 2560 1730 ῈΑιιιι.
2610 1676 2756 1732 Inter
2799 1680 2957 1734 codd.
2998 1681 3128 1734 Ant.
3185 1680 3436 1752 Eparebi.
3505 1682 3570 1738 ιτ.

2008 1763 2115 1817 vol.
2167 1763 2234 1828 Χ,
2291 1780 2347 1834 ~p.
2411 1765 2530 1819 482.
2565 1767 2732 1821 -—De
2783 1769 3106 1836 confessione
3160 1772 3213 1826 in
3244 1772 3366 1827 cod.
3394 1773 3566 1830 Paris.

2009 1855 2140 1909 bibl.
2172 1857 2320 1925 pubi.
2356 1855 2667 1921 “DCXXX,
2700 1875 2784 1913 nr.
2829 1862 2918 1916 57.
2951 1861 3118 1917 Hanc.

1931 1927 1973 1981 Β
2071 1944 2159 1998 55.
2197 1948 2386 2015 Λόγος
2413 1950 2810 2017 κατηχητικὸς
2841 1954 2873 2004 ό
2896 1951 3102 2021 μέγας,
3138 1953 3321 2009 Sermo
3350 1972 3568 2026 magnus

2001 2036 2345 2092 catecheticus
2379 2054 2476 2107 pro
2526 2041 2614 2103 iis,
2663 2041 2756 2110 qui
2815 2045 3237 2100 catechumenos
3286 2047 3568 2102 instituere

2001 2125 2218 2190 debent,
2271 2127 2478 2183 divisus
2549 2129 2602 2183 in
2659 2130 2751 2183 LX
2789 2134 2966 2203 capita
3014 2135 3104 2205 (e),
3139 2152 3264 2206 pag.
3311 2138 3561 2200 474-549.,

2000 2231 2123 2270 cum
2159 2219 2414 2272 versione
2453 2219 2702 2275 Gentiani
2739 2221 2970 2288 Ilerveti,
2998 2227 3250 2296 notisque
3276 2227 3566 2286 Frontonis

2001 2307 2200 2363 Ducai.
2237 2308 2411 2364 Vertit
2445 2313 2609 2366 etiam
2656 2312 2850 2368 Petrus
2879 2316 3152 2382 Morellus,
3187 2317 3364 2373 Paris.
3401 2321 3560 2382 I568,

1999 2398 2054 2462 8,
2085 2407 2140 2454 et
2182 2399 2375 2456 Petrus
2411 2402 2738 2459 Franciscus
2773 2405 2959 2471 Ziuus,
2988 2410 3041 2462 in
3075 2408 3342 2480 Euthymii
3381 2409 3564 2466 Pano-

1997 2489 2129 2555 plia,
2177 2493 2264 2545 cui
2301 2508 2494 2563 magna
2536 2495 2700 2563 hujus
2747 2497 2873 2550 libri
2919 2513 3046 2568 pars
3093 2500 3298 2556 inserta
3344 2504 3560 2571 legitur.

1994 2579 2194 2651 Incipit
2233 2601 2246 2636 :
2304 2584 2362 2636 '0
2399 2585 2500 2655 τῆς
2543 2587 2896 2656 κατηχήσεως
2937 2587 3090 2657 λόγος
3134 2590 3421 2657 ἀναγκαῖος
3463 2593 3563 2662 μέν

1998 2675 2133 2728 ἐστι.
2163 2674 2380 2731 Citatur
2415 2688 2468 2732 et
2501 2694 2530 2731 a
2560 2677 2891 2735 Theodorito
2930 2681 2987 2735 in
3028 2680 3241 2752 Dialug.
3271 2685 3306 2737 2
3345 2693 3399 2738 ct
3425 2686 3478 2749 5,
3508 2692 3563 2739 et

1997 2765 2261 2837 Gregorio
2295 2767 2364 2822 Μ.
2398 2776 2562 2839 atque
2591 2768 2928 2826 Damasceno
2957 2788 3084 2840 opus
3109 2774 3262 2843 plane
3285 2777 3558 2838 eximium,

1997 2858 2046 2910 si
2086 2872 2284 2925 paucos
2311 2875 2481 2912 nrt-uos
2511 2861 2766 2929 excipias,
2799 2878 2928 2929 quos
2959 2878 3024 2916 ex
3049 2863 3268 2916 lectione
3315 2863 3560 2934 Origenis

1996 2950 2292 3012 contraxit,
2333 2957 2392 3002 ut
2440 2960 2624 3004 monet
2677 2953 2748 3008 Is.
2799 2951 3154 3009 Casaubonus
3212 2970 3264 3024 p.
3313 2954 3435 3020 116,
3488 2955 3560 3010 ad

1995 3038 2282 3106 epistolam
2312 3037 2566 3108 Nysseni.
2598 3039 2704 3093 Sed
2732 3041 2822 3094 illa
2845 3039 3170 3111 Origeniana
3195 3044 3263 3098 ab
3289 3043 3558 3102 haereticis

1997 3127 2201 3182 inserta
2227 3130 2353 3185 olitn
2384 3130 2565 3200 arguit
2603 3131 2661 3185 S.
2701 3129 3027 3196 Germanus,
3056 3132 3211 3189 CPol.
3250 3137 3390 3205 apud
3420 3135 3560 3193 Plio-

1996 3219 2129 3272 tium
2161 3220 2282 3274 cod.
2329 3220 2653 3278 CCXXXIII.
2688 3223 2849 3279 Certe
2879 3225 2982 3282 sub
3012 3227 3170 3284 ﬁnem
3193 3229 3385 3283 adsuta
3408 3231 3558 3284 clau-

1992 3310 2132 3373 sula,
2169 3312 2224 3366 in
2254 3328 2359 3382 qua
2427 3313 2611 3368 Severi
2643 3315 2884 3372 Incretici
2933 3317 3190 3387 Acepbali
3219 3323 3444 3388 mentio,
3489 3340 3553 3378 ex

1990 3399 2260 3457 Theodori
2300 3402 2656 3460 Raithuensis
2685 3407 2823 3461 libro
2860 3407 2935 3467 De
2974 3410 3349 3468 incarnatione
3379 3413 3558 3470 Domi-

1989 3495 2066 3556 ni,
2121 3497 2334 3564 qualem
2385 3513 2494 3550 non
2531 3497 2689 3561 Beza,
2733 3498 2830 3554 sed
2869 3498 3007 3556 μοι).
3057 3500 3340 3560 Balforeus
3378 3503 3550 3560 Paris.

1989 3583 2147 3648 I599,
2187 3586 2239 3648 8,
2268 3595 2320 3640 et
2355 3586 2583 3650 Ducaeus
2623 3589 2809 3644 edidit.
2845 3591 2975 3648 Vide
2997 3593 3353 3663 Albertinunt,
3385 3599 3449 3654 de
3490 3599 3551 3652 8.

1987 3672 2326 3730 Eucltaristia
2375 3695 2425 3747 ρ.
2457 3680 2583 3733 486.
2615 3680 2778 3734 Faue.
2817 3680 2881 3735 V.
2912 3681 3108 3742 Oudin.
3151 3687 3187 3739 l.
3220 3703 3270 3741 c.
3299 3704 3421 3758 pag.
3451 3689 3555 3744 602

1985 3782 2070 3835 sq.
2115 3769 2207 3837 qui
2251 3772 2447 3839 repetit
2489 3773 2666 3828 locum
2717 3775 2935 3845 longum
2970 3777 3123 3835 Iidm.
3163 3781 3468 3848 Aubertini,
3521 3799 3550 3837 a

1987 3856 2240 3915 Fabricio
2266 3863 2490 3923 citatum
2526 3879 2540 3916 :
2574 3863 2698 3920 add.
2733 3865 3051 3924 Sclirmckh.
3089 3871 3126 3925 Ι,
3160 3887 3210 3926 c.
3240 3889 3295 3942 p.
3321 3875 3554 3944 ’ἰθείης

1987 3948 2214 4006 Semler.
2245 3953 2280 4007 Ι.
2308 3969 2469 4008 mem.
2501 3971 2555 4026 p.
2582 3957 2688 4013 220
2716 3975 2839 4030 sqq.
2864 3990 2934 4002 —
2965 3959 3259 4032 Gregorius
3283 3980 3388 4018 von
3415 3966 3551 4038 Nys-

1983 4057 2065 4106 sa,
2117 4045 2225 4098 und
2267 4045 2603 4116 Augustinus
2649 4047 2813 4105 Ueber
2855 4050 2954 4106 den
3005 4065 3176 4108 ersten
3221 4055 3550 4112 ehristticlten

1983 4137 2557 4208 Religionsunterricltt.
2575 4145 2688 4196 ΑΜ
2718 4143 2833 4198 dent
2858 4145 3224 4202 Griechisclten
3248 4151 3352 4203 und
3370 4149 3549 4206 Latei-

1983 4227 2194 4281 nisclten
2214 4227 2472 4286 iibersetzt
2502 4230 2621 4298 (von
2667 4230 2950 4302 Glauber.)
2983 4234 3083 4288 Mit
3123 4239 3364 4292 Annterk.
3397 4240 3543 4310 Lips.

1987 4319 2144 4384 1781,
2172 4319 2299 4388 maj.
2344 4322 2398 4376 8.
2428 4352 2499 4361 —
2522 4322 2711 4378 Exstat
2755 4326 2887 4380 illud
2920 4342 3057 4398 opus
3097 4338 3283 4384 notatu
3327 4334 3544 4403 dignum

1980 4412 2257 4470 Monacltii
2285 4413 2340 4467 in
2390 4415 2514 4468 cod.
2544 4414 2761 4470 XXXIX
2796 4419 2928 4474 bibl.
2961 4423 3117 4476 elect.
3144 4421 3210 4477 ν.
3243 4424 3360 4478 Cat.
3385 4427 3543 4482 codd.

1981 4501 2175 4555 Bavar.
2207 4519 2257 4571 p.
2305 4504 2394 4558 11.
2422 4537 2489 4546 -
2513 4506 2771 4577 Augustae
2806 4508 3014 4566 Vindel.
3049 4522 3188 4569 teste
3229 4514 3454 4572 Ileisero
3492 4522 3547 4573 in

312 4600 456 4658 inter
476 4601 663 4658 Basilii
694 4607 954 4676 epistolas
987 4611 1260 4666 tricesima
1297 4624 1513 4683 quarta.
1552 4615 1729 4674 Vertit
1757 4594 1883 4676 ante

1995 4595 2102 4648 Cat.
2137 4594 2297 4650 codd.
2335 4611 2388 4665 p.
2425 4596 2512 4652 II.
2543 4628 2610 4640 —-
2637 4599 2976 4660 Vinduboua:
3012 4607 3064 4661 in
3088 4609 3211 4662 cod.
3241 4609 3426 4675 XVIII,
3461 4629 3544 4665 nr.

314 4687 559 4746 Sil'anum
585 4691 824 4752 Joannes
845 4699 1017 4762 Cano,
1043 4699 1233 4755 Colon.
1266 4703 1424 4769 I557,
1445 4706 1562 4767 fol..
1587 4708 1729 4764 inter
1753 4710 1883 4780 Nys-

311 4779 430 4834 seoi
465 4795 632 4851 opera
660 4783 852 4842 Latine
879 4788 1042 4843 edita.
1077 4789 1243 4847 Fann.
1292 4792 1581 4863 Reperitur
1617 4799 1671 4853 in
1708 4779 1882 4856 tribus

310 4869 473 4927 codd.
503 4873 635 4929 bibl.
664 4878 995 4946 pub|.Paris.
1016 4897 1032 4947 ;
1052 4881 1106 4936 in
1129 4885 1250 4938 cod.
1282 4885 1486 4943 Veneto
1511 4888 1681 4945 Marc.
1715 4891 1877 4955 XXII,

311 4961 415 5016 sub
483 4961 668 5020 Basilii
737 4971 990 5038 nomine;
1039 4989 1253 5029 necnon
1299 4975 1607 5034 Vindobon.
1651 4982 1706 5036 in
1753 4984 1876 5037 cod.

310 5052 513 5108 Caesar.
555 5054 667 5120 LX,
701 5075 785 5114 nr.
813 5062 901 5128 10,
933 5064 1024 5119 ubi
1054 5066 1371 5123 inscribitur
1406 5069 1649 5137 Epistola
1681 5073 1738 5128 S.
1775 5073 1882 5128 Ba-

309 5144 421 5197 silii
449 5143 527 5200 Μ.
566 5148 635 5203 ad
670 5151 892 5218 fratrem
917 5169 1091 5217 suum.
1126 5157 1185 5213 8.
1212 5159 1368 5244 Greg.
1414 5160 1579 5232 Nysa.
1619 5164 1684 5219 V.
1718 5165 1879 5218 Lam-

309 5233 427 5290 bcc.
457 5236 693 5306 Cumm.,
721 5241 810 5307 III,
845 5261 965 5315 pag.
996 5247 1121 5313 275,
1155 5233 1422 5321 itnprimis
1452 5253 1653 5309 Kollar.
1678 5257 1732 5311 in
1752 5265 1881 5311 nota

309 5324 379 5388 Α.
408 5323 598 5390 Exstat
626 5330 682 5386 in
708 5333 842 5394 edit.
862 5333 1047 5390 Basilii
1079 5337 1150 5392 M.
1194 5340 1573 5406 Garnieriana,
1609 5354 1739 5399 tom.
1785 5345 1873 5410 Ill,

311 5430 366 5484 p.
393 5417 516 5477 115.
547 5423 708 5490 epist.
739 5424 828 5490 58,
860 5436 1023 5496 atque
1055 5429 1233 5484 editor
1264 5433 1316 5486 in
1349 5443 1475 5488 uota
1505 5436 1546 5490 (ἱ
1577 5438 1772 5491 asserit
1806 5439 1873 5491 il-

311 5504 416 5560 lam
443 5508 664 5578 Basilio,
685 5519 831 5586 quod
862 5519 990 5574 huic
1015 5536 1225 5587 omnes,
1254 5541 1390 5591 quius
1419 5528 1652 5583 contulit
1674 5527 1870 5594 editor,

381 5685 462 5773 (ς)
494 5689 632 5773 fidit.
657 5708 718 5773 ἐξ.
753 5696 908 5764 1658.
941 5707 1070 5755 tom.
1106 5702 1187 5769 Ill,
1228 5720 1276 5773 p.
1311 5707 1362 5757 6.

377 5757 455 5829 (ὁ)
488 5756 620 5829 I‘ag.
652 5764 736 5817 I5.

378 5811 452 5896 ἧς)
488 5811 618 5900 Ῥειιξ

1988 4688 2041 4749 5,
2076 4690 2240 4744 multa
2276 4689 2344 4744 de
2369 4706 2433 4746 eo
2461 4692 2740 4748 adnotavit
2768 4694 2974 4750 Kollar.
3013 4697 3068 4750 in
3109 4701 3378 4768 supplent.
3424 4718 3544 4772 pag.

1989 4779 2093 4832 166
2121 4796 2204 4849 sq.
2232 4810 2302 4821 --
2329 4781 2617 4840 Florentiae
2643 4785 2698 4840 in
2727 4786 2852 4841 cod.
2893 4786 3150 4843 Laurent.
3199 4789 3334 4854 XIII,
3374 4809 3457 4848 nr.
3489 4797 3542 4847 ti.

1992 4869 2052 4924 V.
2081 4870 2308 4926 Bandin.
2341 4875 2430 4937 Ill,
2461 4891 2513 4944 p.
2541 4878 2665 4931 5'55.
2694 4908 2762 4917 —
2783 4877 2958 4933 Paris.
2988 4880 3042 4935 in
3085 4881 3214 4935 bibl.
3247 4886 3391 4951 pubi.
3420 4888 3540 4940 cod.

1987 4957 2110 5024 ΜΚ,
2141 4978 2229 5016 nr.
2259 4962 2311 5016 4.
2336 4994 2406 5002 ——
2434 4963 2657 5021 Taurini
2687 4968 2740 5021 in
2769 4969 2900 5022 bibl.
2930 4985 3043 5039 reg.
3075 4985 3196 5026 cod.
3233 4973 3417 5039 LXXI,
3449 4978 3542 5031 I‘ol.

1983 5051 2072 5113 62.
2111 5062 2165 5106 ct
2193 5053 2464 5108 CCLXIX.
2495 5056 2561 5110 ν.
2593 5069 2699 5112 cat.
2733 5060 2892 5115 codd.
2937 5061 3030 5118 Gr.
3076 5063 3298 5119 Taurin.
3347 5085 3396 5135 p.
3444 5070 3545 5124 168

1993 5155 2046 5198 et
2068 5143 2194 5198 575.
2221 5143 2492 5202 Particula
2540 5163 2603 5202 ex
2656 5151 2750 5203 illo
2780 5161 2865 5206 est
2909 5153 2962 5206 in
2998 5152 3256 5224 Liturgiis
3299 5156 3396 5210 SS.
3446 5157 3547 5210 Pa-

1982 5243 2148 5296 trum,
2181 5234 2356 5292 Paris.
2399 5239 2540 5308 apud
2579 5240 2722 5296 Guil.
2759 5242 3061 5300 Morellum.
3110 5245 3202 5302 fol.
3236 5247 3359 5302 Vid.
3435 5253 3540 5307 vol.

1981 5325 2117 5390 XIII,
2147 5345 2196 5398 p.
2229 5329 2333 5385 8M
2362 5347 2445 5403 sq.
2479 5332 2649 5387 Hann.

2050 5441 2138 5494 54.
2182 5445 2322 5510 Περὶ
2353 5448 2692 5513 παρθενίας,
2736 5448 2813 5502 De
2861 5451 3158 5520 virginitate
3200 5451 3368 5515 liber,
3417 5471 3542 5507 cum

1979 5533 2262 5600 prmmissa
2301 5537 2537 5606 epistola
2570 5539 2940 5596 exhortatoria
2969 5545 3033 5597 ad
3078 5544 3332 5598 virtutem
3361 5546 3448 5614 (1’),
3483 5560 3538 5616 p.

2045 5713 2121 5776 (d)
2158 5712 2285 5782 Pag.
2319 5716 2403 5769 58.

2045 5789 2111 5842 (ei
2153 5783 2276 5853 I’ng.
2308 5788 2397 5838 45.

2047 5853 2104 5919 υ)
2150 5855 2271 5926 ιιιςε.
2311 5857 2398 5910 Ill
