4110 6474
285 437 358 497 25
1492 443 1770 506 NOTITIA
1814 452 1902 507 EX
1952 452 2291 510 FABRICIO.
3457 456 3528 512 21'

285 555 537 620 διε-ϐυ.
567 567 694 609 cum
722 554 868 610 netis
897 554 1103 621 Bucari,
1133 566 1186 612 et
1219 559 1471 616 versione
1501 559 1646 617 Petri
1697 564 1858 620 Galc-
1890 571 1936 629 Δ
1962 567 2119 623 bonae
2155 573 2320 633 noue,
2365 575 2422 623 et
2453 576 2514 623 ut
2554 567 2851 639 plurimum
2889 568 2944 626 in
2989 569 3080 632 Iis,
3129 583 3250 639 quae
3293 567 3529 638 alicujus

284 647 429 707 sinii.
455 661 580 716 quae
602 647 779 703 lucem
804 647 940 702 vidit
971 647 1131 704 Rom.
1160 649 1324 716 1562,
1353 651 1406 714 4,
1437 667 1526 721 ap.
1557 654 1620 708 P.
1646 653 1854 712 Manut.

1961 664 2091 714 sunt
2151 657 2433 721 momenti.
2483 659 2978 727 conspirantibus;
3016 658 3206 723 altero,
3250 657 3526 729 quondam

285 738 553 795 Praeterea
591 737 739 795 hunc
768 740 970 796 librum
1019 755 1144 796 cum
1178 742 1430 800 versione
1457 759 1559 799 sua
1601 748 1862 817 notisque
1959 745 2406 809 Ull'enbachiano,
2435 762 2558 804 cum
2589 763 2706 804 var.
2771 749 2992 808 lection.
3039 749 3238 818 partim
3289 749 3346 802 in
3391 762 3530 800 mar-

285 834 523 904 vulgavit
543 832 783 894 Joannes
807 833 1120 898 Liveneius,
1151 833 1434 905 Antwerp.
1475 853 1542 891 ex
1571 838 1663 892 oll‘.
1695 838 1860 894 Plan-

283 923 383 977 tiu.
405 921 563 988 ιδῃ,
587 923 642 976 4.
660 922 881 991 Incipit:
915 922 971 977 Ὁ
996 922 1096 992 μὲν
1121 924 1323 987 σκοπὸς
1350 924 1614 994 τοῦλόγου
1637 927 1854 984 ἐστὶν...

283 1011 575 1082 ἐπιθυμίαν
626 1013 725 1082 τῆς
787 1015 910 1066 κατ’
972 1014 1176 1086 ἀρετὴν
1194 1015 1358 1085 ζωῆς.
1424 1015 1675 1088 Scriptus
1707 1020 1856 1078 circa

283 1120 335 1160 ι.
363 1105 424 1156 G.
451 1105 576 1159 571.
608 1103 668 1160 1η
695 1104 922 1160 Livineii
948 1108 1200 1163 versione
1221 1110 1485 1164 nonnulla
1507 1113 1857 1181 reprehendit

279 1194 472 1250 Bittius
499 1196 644 1266 apud
667 1196 1050 1255 Possevinum.
1079 1197 1245 1254 FABB.
1278 1199 1508 1256 Strenue
1531 1211 1586 1256 et
1611 1203 1858 1260 inconsi-

280 1288 538 1344 deranter
567 1290 936 1354 commendat,
968 1291 1230 1360 abreptus
1258 1293 1656 1350 consuetudine
1680 1302 1736 1350 et
1764 1295 1854 1364 ju-

278 1380 426 1435 dicio
472 1382 727 1446 aliorum,
774 1389 982 1437 mutata
1015 1385 1242 1453 pristina
1287 1387 1579 1454 sententia,
1627 1389 1856 1443 cteliha-

277 1481 414 1536 tum.
445 1473 512 1530 ν.
542 1474 862 1531 Schrmckh.
907 1475 1050 1529 Hist.
1096 1475 1298 1533 Eccles.
1337 1487 1479 1548 part.
1506 1495 1626 1544 vm,
1670 1495 1724 1550 p.
1747 1481 1856 1536 252

277 1583 401 1636 sqq.
427 1575 568 1636 part.
593 1583 710 1631 uv,
737 1583 793 1637 p.
825 1567 858 1622 6
889 1574 943 1622 et
978 1569 1070 1645 151
1124 1585 1207 1640 sq.
1245 1569 1308 1624 .ld
1335 1573 1657 1640 opusculum
1697 1574 1854 1644 abju-

278 1658 482 1712 dicavit
519 1657 770 1730 Nysseno
799 1657 1113 1725 Scultetus;
1157 1661 1251 1715 sed
1281 1663 1618 1717 contrarium
1653 1665 1853 1720 docent

279 1749 360 1805 Du
389 1749 486 1804 Pin
531 1758 584 1806 et
607 1749 874 1807 Oudinus.
901 1752 1111 1807 Auctor
1140 1769 1294 1808 novae
1317 1754 1452 1809 edit.
1478 1755 1531 1809 in
1556 1756 1706 1824 praef.
1734 1773 1849 1813 rem

277 1843 336 1898 in
365 1844 532 1899 dubio
563 1846 804 1914 reliquit,
840 1861 940 1900 nec
974 1843 1187 1910 Riveto,
1222 1863 1276 1916 p.
1307 1845 1410 1902 547
1433 1864 1516 1917 sq.
1545 1849 1614 1904 de
1637 1864 1693 1904 re
1715 1851 1851 1905 levis

278 1934 538 1988 momenti
571 1935 730 1988 libuit
751 1936 1224 1990 altercari.—Est
1251 1953 1442 2006 opusc.
1470 1939 1522 1991 in
1547 1939 1672 1993 cod.
1699 1941 1850 2008 regio

277 2022 481 2078 Hatrit.
525 2023 833 2089 LXXXVII,
879 2040 987 2080 una
1036 2041 1160 2079 cum
1203 2024 1432 2096 Nysseni
1489 2028 1854 2096 explicatione

279 2117 490 2186 apolog.
509 2116 564 2169 in
597 2116 980 2183 Hexaemeron,
1011 2126 1065 2171 et
1091 2117 1171 2172 De
1198 2120 1406 2187 api/icio
1428 2118 1643 2174 hom.V.
1669 2120 1851 2176 Iriart.

276 2214 385 2260 cat.
413 2207 576 2262 codd.
632 2206 834 2262 Matrit.
887 2223 941 2276 p.
992 2207 1302 2261 556.—-.It.
1347 2209 1401 2262 in
1450 2209 1571 2264 cod.
1617 2208 1850 2265 LXXIV.

275 2314 384 2353 una
414 2315 537 2352 cum
565 2298 722 2370 Nyss.
745 2299 992 2369 apologia
1019 2300 1073 2352 in
1106 2298 1490 2366 Hexaemeron,
1519 2307 1574 2355 et
1603 2316 1853 2356 sermone

277 2389 345 2446 In
383 2391 720 2445 dormientes.
769 2389 835 2445 ν.
864 2392 1038 2448 Iriart.
1067 2407 1188 2461 pag.
1214 2391 1310 2446 50l
1342 2408 1424 2460 sq.
1459 2393 1512 2445 in
1551 2393 1674 2446 cod.
1702 2390 1850 2447 Tau-

275 2487 383 2539 rin.
439 2483 624 2539 LXXI.
664 2483 730 2540 ν.
761 2493 882 2537 .cat.
928 2484 1089 2540 codd.
1129 2485 1296 2537 'l‘aur.
1329 2482 1422 2538 Gr.
1461 2499 1518 2554 .p.
1553 2483 1676 2546 168,
1712 2491 1766 2538 et
1796 2484 1851 2540 in

275 2578 456 2634 tribus
483 2577 647 2633 codd.
675 2578 811 2632 bibl.
845 2579 993 2648 pulil.
1031 2578 1205 2633 Paris.
1235 2577 1407 2632 ΙΙΑιιι..

346 2671 438 2726 55.
467 2669 660 2725 Decem
688 2671 985 2740 syllogismi
1012 2669 1265 2724 adversus
1298 2669 1619 2724 Manichaee
1651 2670 1750 2737 (α),
1791 2685 1847 2739 p.

273 2757 402 2824 612,
440 2775 566 2816 cum
609 2760 863 2814 versione
909 2758 1202 2815 Frontonis
1245 2759 1450 2824 Dircaei,
1491 2761 1654 2826 cujus
1683 2761 1847 2814 etiam

272 2861 418 2907 notae
438 2852 684 2907 videndae
728 2869 782 2922 p.
823 2852 911 2908 17.
945 2853 1137 2922 Incipit
1163 2871 1174 2906 :
1212 2853 1278 2905 Ei.’
1310 2871 1364 2905 τι
1394 2853 1460 2907 ἃν
1503 2854 1669 2907 κακὸν
1693 2853 1852 2907 κολα-

275 2943 450 3001 στέον.
485 2943 651 2998 ΡΑΒιι.
695 2943 754 2998 1η
776 2945 880 2997 hoc
907 2945 1087 2998 libello
1121 2958 1311 3013 parum
1340 2947 1489 3015 gravi
1518 2946 1849 3015 probaturus

271 3044 393 3090 erat
433 3033 734 3107 Nyssenus,
781 3036 842 3088 τὸ
881 3036 1048 3088 κακὸν
1096 3052 1198 3090 nec
1232 3053 1356 3092 esse
1387 3038 1700 3108 ἀγέννητον,
1749 3052 1850 3092 nec

270 3125 460 3182 οὐσίαν
489 3127 604 3181 sive
633 3127 711 3192 ὃν,
737 3127 866 3196 quia
911 3127 963 3180 id
1009 3129 1079 3180 sit
1104 3130 1275 3190 ⁶ποῖον,
1305 3128 1562 3196 qualitas.
1601 3127 1776 3180 Hann.

1959 837 2326 907 gine,-.partim
2361 837 2426 892 ad
2460 839 2664 894 calcem
2694 839 2934 909 scriptis,
2955 847 3012 896 et
3037 855 3197 908 quem
3224 845 3412 894 curate
3433 839 3529 894 de-

1961 927 2182 997 scripsit
2211 925 2254 982 I.
2279 927 2346 984 II.
2383 927 2556 990 Maius
2601 930 2655 984 in
2685 930 2937 988 biblioth.
2989 929 3309 992 Uﬂenbach.
3357 939 3525 993 insta,

1956 1026 2100 1088 part.
2135 1035 2200 1084 ll,
2235 1035 2291 1090 p.
2351 1019 2477 1085 425,
2531 1035 2680 1090 sqq.;
2729 1022 2899 1078 altero
2944 1019 3427 1084 Hasselmanniano
3473 1020 3526 1091 (a

1955 1125 2276 1181 possessore
2305 1111 2472 1176 illius,
2515 1110 2751 1172 Zacliar.
2785 1110 3206 1177 Hasselmanno,
3248 1111 3400 1173 verbi
3444 1111 3528 1164 di-

1955 1203 2065 1258 vini
2092 1201 2236 1271 apud
2262 1200 2807 1273 Oldenburgensesin
2835 1202 3058 1273 Wagria
3094 1203 3367 1268 ministro,
3385 1219 3525 1264 nun-

1955 1297 2198 1365 cupato),
2228 1294 2284 1348 in
2313 1309 2421 1363 quo
2444 1295 2870 1364 colloquentium
2896 1309 3200 1359 sermones,
3237 1293 3527 1362 descriptis

1955 1387 2123 1443 rubro
2175 1385 2360 1443 colore
2421 1386 2816 1455 diaputantium
2864 1385 3107 1454 Gregorii
3161 1392 3216 1448 et
3269 1384 3525 1444 Macriuae

1955 1477 2287 1542 nominibus,
2318 1492 2350 1532 a
2384 1479 2442 1532 s'e
2471 1477 2705 1532 invicem
2725 1477 3262 1548 distinguuntur..De
3290 1477 3524 1540 hocdia-

1955 1570 2099 1640 logo,
2128 1578 2182 1626 et
2210 1569 2277 1624 de
2301 1584 2495 1640 opusc.
2521 1568 2600 1624 De
2646 1571 2826 1630 animo
2870 1569 2935 1623 ad
2965 1568 3251 1632 historiam
3285 1568 3523 1636 antiquae

1953 1662 2308 1734 philosophiae
2363 1670 2418 1717 et
2472 1669 2714 1718 veterum
2749 1661 3126 1732 philosopher.
3167 1675 3232 1720 ac
3294 1658 3519 1722 Patrum

1953 1755 2019 1812 de
2062 1755 2244 1808 animo
2296 1755 2584 1824 Opiniones
2633 1753 2944 1810 noscendas
3001 1751 3157 1812 valde
3203 1751 3348 1813 utili.
3398 1750 3522 1812 vide

1953 1845 2162 1901 Semler
2197 1847 2232 1899 I.
2274 1863 2323 1901 c.
2365 1863 2420 1917 p.
2453 1847 2559 1902 255
2592 1863 2715 1916 sqq.
2739 1854 2794 1900 et
2830 1843 3168 1900 Schroecle
3206 1859 3260 1913 p.
3297 1843 3366 1897 97
3395 1858 3518 1912 sqq.

1950 1947 2002 1992 et
2042 1937 2143 1990 102
2187 1952 2303 2005 seq.
2339 1967 2410 1975 —
2441 1935 2631 1990 Exstat
2667 1950 2797 1989 vero
2847 1935 2899 1988 in
2952 1933 3200 2003 pluribus
3241 1932 3403 1996 codd.
3453 1947 3519 1986 ex

1951 2028 2044 2083 Gr.
2081 2029 2347 2085 Monachii
2383 2029 2435 2083 in
2454 2028 2578 2083 cod.
2605 2025 2800 2082 XXXII
2838 2027 3030 2089 Bavar.
3051 2025 3364 2091 --Au_qust.
3389 2023 3523 2078 Vin-

1952 2123 2058 2178 del.
2093 2122 2198 2185 bis,
2227 2129 2364 2182 teste
2397 2121 2620 2176 Reisero
2650 2122 2700 2176 in
2733 2120 2856 2175 Cat.
2891 2135 2943 2187 p.
2979 2119 3050 2172 22
3080 2125 3134 2180 et
3171 2119 3260 2176 54.
3295 2149 3364 2159 -—
3388 2117 3520 2171 Vin-

1951 2213 2078 2268 dob.
2105 2214 2159 2266 in
2194 2213 2316 2266 cod.
2352 2213 2552 2270 Cmsar.
2579 2210 2770 2267 XVIII.
2791 2226 2877 2265 nr.
2904 2211 2955 2263 1.
2982 2209 3045 2262 ν.
3079 2207 3283 2264 Kollar.
3308 2210 3361 2262 in
3385 2222 3519 2275 sup-

1951 2307 2114 2376 plem.
2149 2306 2216 2359 ad
2263 2305 2534 2358 Lambecii
2581 2304 2790 2359 Comm.
2831 2319 2886 2372 p.
2943 2302 3067 2356 165.
3096 2330 3164 2340 --
3195 2299 3431 2354 Venetiis
3464 2299 3521 2352 in

1951 2399 2082 2454 bibl.
2111 2396 2278 2452 Marc.
2306 2396 2460 2452 DGll.
2506 2397 2736 2468 Nysseni
2765 2394 2834 2450 ad
2885 2393 3179 2454 Macrinam
3214 2391 3291 2445 De
3341 2391 3521 2450 animo

1950 2501 1998 2543 et
2035 2490 2433 2552 resurrectione,
2469 2497 2527 2543 et
2564 2487 2640 2541 De
2674 2489 2856 2546 animo
2884 2500 3084 2545 sermo.
3114 2513 3183 2524 -—
3207 2481 3432 2538 Taurini
3459 2483 3514 2535 in

1950 2583 2087 2637 bibl.
2120 2582 2252 2653 Reg.
2305 2581 2467 2636 codd.
2505 2578 2746 2643 XXXIV,
2799 2574 2984 2642 LXIX,
3035 2585 3090 2632 et
3144 2569 3518 2634 CCLXXXIX.

1954 2671 2014 2725 ν.
2037 2673 2155 2725 Cat.
2189 2669 2351 2726 codd.
2372 2669 2539 2725 Taur.
2571 2684 2692 2740 pag.
2718 2669 2842 2734 ΗΟ,
2863 2667 2963 2722 159
2982 2675 3035 2722 et
3063 2666 3186 2720 586.
3209 2695 3257 2704 -
3295 2664 3520 2720 Floren-

1950 2763 2039 2825 tiae
2071 2763 2122 2815 in
2160 2763 2293 2817 bibl.
2317 2761 2580 2818 Laurent.
2615 2759 2740 2819 cod.
2778 2759 2821 2823 I,
2856 2775 2940 2815 nr.
2980 2759 3036 2823 2,
3097 2758 3232 2828 plut.
3270 2756 3320 2809 7.
3361 2783 3430 2795 —-
3458 2753 3518 2808 In

1950 2852 2072 2908 cod.
2098 2850 2316 2914 XXXV,
2344 2866 2430 2910 nr.
2462 2850 2532 2906 26
2561 2849 2742 2919 ejusd.
2788 2849 2922 2918 plut.
2955 2877 3026 2886 -—
3051 2857 3104 2904 et
3130 2847 3184 2900 in
3211 2845 3334 2900 cod.
3377 2842 3518 2908 XIII,

1950 2961 2035 2998 nr.
2067 2945 2121 3006 5,
2155 2945 2288 3014 plut.
2317 2943 2409 2998 86.
2438 2941 2561 3002 Vid.
2589 2940 2818 3000 Bandin.
2859 2949 2996 3001 cat.,
3039 2948 3170 2999 etc..
3199 2935 3240 2999 I,
3265 2954 3338 3006 p.
3389 2934 3515 2998 165,

1949 3037 2055 3092 298
2081 3045 2134 3092 et
2161 3037 2246 3100 Ill,
2274 3053 2330 3107 p.
2363 3036 2486 3092 555.
2515 3065 2584 3083 ε·-
2612 3035 2668 3088 In
2704 3042 2913 3103 septem
2947 3031 3136 3094 codd.,
3167 3037 3220 3086 et
3255 3030 3380 3090 vitae
3406 3027 3520 3082 Ma-

1951 3133 2115 3185 crinae
2141 3129 2194 3183 in
2222 3129 2398 3184 tribus
2435 3127 2595 3183 codd.
2623 3125 2756 3184 bibl.
2797 3123 2958 3182 Publ.
2989 3121 3164 3180 Paris.
3190 3120 3360 3174 Haec.

343 3219 434 3274 '56.
499 3218 578 3273 τὰ
645 3219 937 3286 Μακρίνια
1001 3219 1128 3287 περὶ
1182 3217 1388 3287 ψυχῆς
1437 3218 1534 3272 καὶ
1593 3218 1847 3272 ἀναστά-

2021 3222 2107 3276 57.
2124 3222 2285 3276 Κατὰ
2314 3218 2790 3286 Ἀπολλιναρίου,
2812 3215 3009 3270 Contra
3027 3212 3441 3282 Apollinarium,
3457 3210 3521 3264 li-

268 3325 448 3375 αεως,
487 3308 774 3373 Macrinia,
793 3310 910 3364 sive
937 3310 1001 3362 de
1030 3311 1210 3362 anima
1229 3320 1278 3362 et
1301 3311 1708 3372 resurrectione,
1726 3307 1847 3362 dia-

269 3401 426 3472 logus
457 3417 581 3455 cum
603 3417 793 3456 sorore
833 3399 1097 3462 Macrina,
1118 3415 1241 3453 cum
1280 3399 1538 3454 Basilium
1599 3400 1843 3464 fratrem,

268 3493 414 3549 a.G.
471 3494 575 3548 579
631 3493 984 3553 exstinctum,
1037 3491 1282 3560 lugerent
1318 3490 1415 3559 (b),
1473 3506 1528 3560 p.
1579 3490 1845 3557 (illi-692,

268 3602 393 3642 eum
436 3585 687 3644 versione
739 3583 1018 3638 Laurentii
1069 3582 1265 3637 Silani.
1318 3583 1552 3652 Incipit:
1629 3582 1843 3655 Ἐπειδὴ

266 3678 362 3733 τοῦ
399 3677 744 3748 ἀνθρωπίνου
777 3676 894 3747 βίου
946 3675 1134 3739 πολύς.
1171 3675 1413 3730 Meminit
1448 3674 1674 3729 Photius
1717 3676 1840 3730 cod.

275 3769 604 3832 CCXXXIII,
648 3782 701 3824 et
739 3769 960 3835 Suidas,
994 3777 1248 3832 testatus,
1285 3767 1607 3835 Gregorium
1641 3767 1843 3838 Nysse-

269 3877 398 3916 num
421 3861 714 3930 scripsisse
748 3860 958 3931 μακρόν
984 3876 1109 3912 τινα
1126 3859 1221 3913 καὶ
1247 3857 1554 3928 περικαλλῆ
1585 3859 1720 3929 πρὸς
1747 3860 1844 3930 τὴν

267 3954 502 4024 ἀδελφὴν
544 3953 828 4026 Μακρὶναν
864 3953 994 4024 περὶ
1020 3952 1195 4022 ψυχῆς
1226 3952 1405 4020 λόγον.
1457 3950 1554 4006 Hic
1576 3959 1663 4010 est
1704 3951 1845 4023 Nys-

268 4048 388 4105 seni
441 4049 519 4102 De
569 4047 973 4102 immortalitate
1027 4061 1222 4100 animo:
1279 4045 1439 4107 liber,
1483 4045 1578 4114 qui
1619 4045 1844 4102 Daniele

267 4143 538 4215 Augentio
569 4143 864 4212 interprete
897 4137 1332 4210 prodiitLatine,
1361 4137 1539 4194 Paris.
1590 4138 1752 4200 1557,
1783 4139 1838 4192 8.

268 4235 432 4291 Pana.
463 4235 686 4291 Diversa
717 4235 992 4290 variorum
1028 4232 1096 4287 de
1123 4233 1216 4285 illo
1250 4232 1466 4300 dialogo
1491 4228 1699 4297 judicia
1731 4230 1845 4284 col-

267 4328 396 4400 legit
423 4325 674 4383 Oudinus
709 4327 746 4380 Ι.
782 4341 834 4380 c.
863 4341 919 4396 p.
939 4324 1139 4379 604.-——
1157 4323 1319 4379 Joan.
1339 4321 1652 4391 Christopli.
1673 4319 1839 4376 Wolf.

267 4420 322 4476 in
365 4418 650 4474 Anecdotis
690 4416 909 4483 Cra-cis,
945 4427 1079 4472 tom.
1115 4416 1177 4482 Il,
1210 4431 1263 4486 p.
1313 4415 1384 4477 28
1407 4431 1557 4484 sqq.,
1609 4414 1840 4483 primum

267 4510 420 4566 dedit
451 4525 702 4582 magnam
747 4509 1072 4581 particulam
1103 4507 1200 4563 Gr.
1255 4523 1318 4562 ac
1351 4505 1472 4560 Lat.
1506 4522 1630 4560 eum
1695 4506 1841 4561 notis

1949 3313 2046 3367 ber
2078 3313 2146 3368 ad
2179 3312 2535 3380 Theophilum,
2580 3311 2647 3364 ab
2681 3324 2732 3363 a.
2781 3308 2843 3365 C.
2891 3305 2996 3364 5,85
3025 3306 3355 3374 .episcOpum
3397 3301 3520 3356 Ale-

1947 3405 2274 3458 xandrinum
2303 3403 2394 3474 (c),
2430 3418 2484 3472 p.
2520 3398 2783 3463 695-698,
2823 3413 2949 3454 cum
2989 3395 3287 3454 Frontonis
3334 3391 3516 3454 Bucari

1945 3496 2194 3547 versione
2224 3501 2276 3546 et
2306 3491 2472 3546 notis.
2507 3489 2697 3560 Incipit
2734 3508 2747 3544 :
2784 3489 2860 3547 Οὐ
2921 3487 3088 3556 μόνης
3117 3483 3236 3547 ἐστὶ
3279 3482 3386 3552 -τῆς
3429 3497 3521 3535 κο-

1949 3583 2154 3652 σμικῆς
2171 3582 2363 3651 σοφίας
2396 3579 2643 3650 εὔφορος.
2675 3579 2891 3641 Citatur
2923 3577 2992 3631 ab
3010 3574 3298 3646 Euthymio
3333 3573 3386 3627 in
3413 3571 3523 3626 Pa-

1946 3673 2144 3742 noplia.
2203 3672 2414 3727 Prodiit
2452 3673 2657 3733 Graece,
2709 3679 2937 3726 curante
2985 3664 3516 3736 II®Schelio,Lugd.

1946 3766 2065 3820 Bat.
2097 3765 2256 3829 I595,
2297 3766 2352 3830 8,
2385 3781 2508 3819 cum
2549 3765 2674 3818 aliis
2726 3761 2961 3833 Nysseni
2989 3759 3295 3830 opusculis.
3351 3758 3416 3810 Et
3453 3773 3521 3813 ex

1946 3858 2126 3912 Ducaai
2190 3857 2642 3927 interpretatione
2674 3852 3208 3923 Latiue.lngolstad.
3263 3851 3420 3916 1596,
3462 3851 3516 3904 8.

1946 3949 2024 4005 Ex
2049 3949 2308 4003 Turn-iani
2334 3957 2514 4002 autem
2541 3947 2792 4002 versione
2825 3946 2879 4000 in
2911 3953 3043 4002 tom.
3071 3943 3115 3996 V
3149 3941 3382 4005 Lection.
3423 3957 3521 3992 an-

1947 4043 2210 4110 tiquarum
2238 4039 2460 4094 Henrici
2489 4038 2716 4100 Canisii,
2753 4035 3048 4105 lugolstad.
3085 4034 3245 4094 1604.
3294 4034 3346 4097 1,
3392 4047 3516 4101 pag.

1950 4134 2072 4188 191.
2107 4131 2272 4185 ΕἈιςιι.
2327 4132 2386 4184 In
2435 4129 2687 4198 Basnagii
2749 4127 3014 4188 Thesauro
3063 4141 3295 4184 manum.
3333 4121 3517 4176 eccles.

1943 4203 2168 4278 Amstel.
2203 4221 2362 4286 1725,
2392 4220 2484 4274 fol.
2518 4229 2651 4274 tom.
2683 4217 2748 4270 V.
2768 4217 2935 4287 p.l6I
2959 4253 2976 4280 ,
3000 4214 3301 4283 Bestiagius
3326 4209 3515 4266 Graeca

1944 4315 2154 4372 addidit
2187 4330 2255 4370 ex
2289 4295 2424 4368 edit.
2471 4311 2736 4370 Fronton.
2795 4308 2972 4363 Dueaai
3015 4315 3148 4364 tom.
3186 4303 3250 4369 ll,
3283 4319 3342 4373 p.
3392 4301 3517 4370 677.

1942 4405 2102 4463 Conf.
2139 4403 2348 4460 Semler
2379 4405 2416 4458 I.
2455 4418 2504 4457 c.
2537 4418 2592 4471 p.
2643 4401 2767 4455 256.
2808 4429 2878 4440 --
2913 4399 3104 4461 Exstat
3129 4397 3183 4450 in
3218 4395 3342 4452 cod.
3394 4391 3510 4458 DIII

1943 4498 2078 4555 bibl.
2114 4497 2276 4552 Publ.
2307 4495 2484 4552 Paris.
2519 4494 2692 4550 Hann.

268 4612 326 4658 ut
351 4602 644 4673 plurimum
679 4601 906 4664 criticis,
938 4610 1073 4663 tum,
1095 4615 1162 4654 ne
1193 4598 1406 4670 longior
1427 4606 1592 4661 esset,
1625 4613 1677 4666 p.
1712 4597 1838 4660 519,

2017 4612 2107 4666 58.
2149 4610 2284 4678 Περὶ
2315 4609 2445 4670 τοῦ,
2479 4606 2545 4660 Τί
2575 4605 2643 4660 τὸ
2667 4602 3033 4673 Χριστιανῶν
3057 4602 3246 4670 ὄνομα
3271 4601 3314 4669 ἢ
3342 4598 3523 4669 ἐπάν-

263 4707 440 4762 usque
469 4690 539 4745 ad
566 4706 621 4762 p.
655 4691 782 4754 550,
807 4698 864 4746 et
893 4691 950 4745 in
988 4698 1139 4744 torno
1167 4688 1254 4754 Ill,
1284 4704 1337 4758 p.
1379 4687 1530 4751 1--17,
1559 4687 1612 4741 in
1645 4702 1840 4745 eorum
1947 4707 2155 4773 γελμα,
2191 4700 2331 4766 Quid
2375 4715 2560 4753 nomen
2590 4697 2908 4766 professione
2953 4694 3381 4758 Christianorum
3416 4691 3521 4744 sibi

261 4783 614 4838 commodum
651 4789 707 4836 et
744 4798 929 4843 usum,
963 4783 1201 4851 quibus,
1251 4787 1312 4835 ut
1369 4781 1465 4844 ait,
1523 4780 1840 4834 consultum

1950 4795 2088 4858 velit,
2121 4793 2189 4846 ad
2230 4791 2583 4845 Harmoniam
2616 4786 2720 4858 (ά),
2759 4801 2878 4855 pag.
2925 4783 3180 4845 699-707,
3235 4796 3360 4835 cum
3397 4795 3521 4834 .ver-

262 4875 562 4940 videbitur,
613 4875 887 4946 egregiam
924 4875 1073 4929 illam
1135 4881 1492 4928 commentnt.
1545 4872 1840 4941 aliquando
1949 4880 2102 4937 sione
2134 4877 2418 4932 Laurentii
2445 4876 2637 4930 Silani.
2672 4875 2868 4943 Incipit
2911 4890 2925 4926 :
2960 4873 3138 4942 Ὅπερ
3162 4870 3359 4925 ποιῶσι.
3378 4869 3520 4940 πρὸς

263 4984 402 5024 nova
429 4970 554 5024 luce
591 4975 842 5022 ornatam
893 4966 1115 5046 publico
1145 4965 1361 5028 sistere,
1395 4965 1578 5019 varias
1607 4964 1836 5018 duorum

1950 4973 2072 5034 τοὺς
2096 4968 2448 5041 κρατοῦντας.
2477 4966 2726 5021 Verterat
2773 4972 2828 5021 et
2865 4964 3133 5019 Maximus
3179 4962 3520 5031 Marguuius,

263 5060 423 5116 codd.
467 5060 754 5116 lectiones.
792 5058 849 5112 In
886 5058 1097 5128 praefat.
1129 5058 1197 5111 ad
1227 5067 1362 5111 tom.
1404 5056 1470 5120 II,
1527 5055 1683 5109 valde
1718 5054 1838 5107 Iau-

263 5151 413 5206 davit
442 5152 990 5214 commentationem,
1027 5159 1101 5216 et,
1134 5147 1279 5220 quod
1315 5147 1614 5219 perspexit,
1666 5153 1834 5200 totam

261 5249 408 5304 illam
439 5248 692 5319 pluribus
721 5248 860 5303 locis
901 5247 956 5302 in
989 5256 1220 5318 utraque
1251 5247 1380 5301 edit.
1415 5244 1614 5310 Paris.,
1645 5245 1836 5315 impri-

262 5341 367 5397 mis
385 5355 518 5397 vero
551 5341 606 5395 in
635 5341 839 5410 priore,
882 5340 1119 5411 pessime
1167 5323 1464 5410 acceptam
1492 5353 1618 5392 esse
1645 5345 1698 5392 et
1738 5337 1836 5390 ha-

262 5433 428 5487 bitam
468 5451 486 5490 :
520 5442 730 5504 partem
789 5433 938 5488 illius
986 5440 1156 5488 totam
1186 5447 1310 5486 cum
1361 5431 1611 5486 versione
1646 5430 1838 5485 Latina

260 5527 495 5597 pristina
527 5526 756 5596 suisque
792 5527 938 5581 notis
977 5525 1245 5580 exhibuit.
1305 5524 1410 5578 llas
1444 5525 1736 5579 varietates
1769 5525 1839 5579 le—

260 5621 465 5676 ctionis
514 5620 752 5690 sumpsit
802 5634 868 5675 ex
920 5619 1138 5675 duobus
1176 5617 1408 5673 diversis
1450 5616 1608 5673 codd.
1667 5615 1841 5685 iisque

333 5801 410 5868 (τι)
443 5801 554 5874 βα.
601 5801 846 5874 ειηιθδε,
879 5812 1008 5859 ιοιιι.
1042 5802 1126 5870 ιιι,
1161 5819 1212 5874 ρ.
1240 5803 1358 5858 I80.

333 5874 407 5943 (ιη
442 5872 575 5944 Ρκς.
615 5873 734 5927 l8l.

1941 5063 2299 5135 Cytlierorum
2324 5060 2639 5128 episc0pus,
2685 5055 2874 5112 Venet.
2905 5055 3064 5120 1585,
3099 5056 3152 5109 8.
3189 5055 3374 5109 Graece
3398 5069 3520 5124 pro-

1943 5157 2045 5212 diit
2090 5153 2263 5223 Lugd.
2296 5153 2418 5206 Bat.
2461 5153 2620 5215 1595,
2652 5151 2704 5205 8.
2755 5149 2922 5204 Ἐλθκ.
2973 5147 3266 5218 Reperitur
3301 5149 3356 5203 in
3386 5163 3520 5218 qua-

1945 5259 2069 5303 tuor
2096 5246 2254 5301 codd.
2283 5243 2414 5298 bibl.
2455 5242 2612 5299 Publ.
2632 5241 2806 5299 Paris.
2832 5252 2886 5298 et
2909 5245 2962 5297 in
2997 5241 3121 5296 cod.
3148 5241 3312 5296 Taur.
3330 5239 3516 5304 LXXI,

1945 5339 2040 5393 fol.
2072 5337 2195 5391 164.
2224 5335 2397 5390 Hann.

2015 5428 2105 5486 59.
2157 5428 2295 5497 Περὶ
2363 5428 2756 5494 τελειότητος,
2809 5424 2910 5479 καὶ
2953 5423 3161 5478 ὁποῖον
3208 5422 3325 5492 χρὴ
3367 5416 3518 5473 εἶναι

1945 5521 2051 5575 τὸν
2103 5519 2476 5588 Χριστιανόν.
2532 5517 2696 5573 Liber
2739 5517 2812 5572 De
2855 5517 3186 5587 perfectione,
3223 5524 3272 5567 et
3311 5512 3518 5582 qualem

1947 5623 2182 5683 oporteat
2237 5628 2348 5670 esse
2404 5613 2791 5677 Christianum,
2841 5611 2908 5664 ad
2959 5608 3284 5687 Olympium,
3332 5621 3518 5658 mona-

2028 5793 2100 5862 (c)
2140 5793 2267 5864 Pag.
2301 5795 2422 5848 216.

2019 5866 2096 5936 σά)
2138 5864 2263 5938 I'ag.
2298 5865 2423 5919 267.
