4054 6478
543 441 615 500 27
660 463 664 466 '
1723 447 2003 506 NOTITIA
2026 447 2113 504 EX
2157 448 2497 510 FABRICIO.
3723 446 3799 507 ΞΠ

546 568 700 621 chum
730 566 828 637 (a),
857 583 911 638 p.
933 565 1198 630 706-730,
1227 579 1352 622 cum
1379 567 1635 623 versione
1660 565 1805 623 Petri
1830 549 2112 624 Francisci
2144 573 2189 630 Α
2284 568 2376 623 44.
2441 567 2508 622 In
2551 568 2610 623 S.
2663 567 2984 637 Stephanum
3051 572 3492 633 protomartyrem
3521 563 3616 633 (ε).
3674 577 3799 637 rag.

548 656 691 722 Zini,
739 667 792 712 et
826 658 1116 714 Frontonis
1161 656 1338 714 Ducaai
1371 661 1518 715 notis
1550 660 1618 714 ad
1671 661 1968 717 voluminis
2000 662 2114 716 cal-

544 765 685 803 cem.
715 749 939 819 Incipit:
964 750 1252 820 Ιῖρέπουσα
1271 753 1336 821 τῇ
1359 749 1671 822 προαιρέσει
1695 753 1966 824 ἠσπουδὴ.
1995 753 2118 808 Ver-

547 839 617 892 tit
663 848 718 895 et
766 839 1037 896 Maximus
1071 841 1432 913 .Margunius,
1481 840 1672 897 Venet.
1718 843 1874 899 I585.
1929 843 2116 901 Graece

547 930 823 1000 prodierat
855 932 1089 1001 primum
1130 932 1323 986 Venet.
1363 932 1522 995 1574,
1557 934 1610 996 8.
1648 941 1702 987 et
1722 935 1918 990 deinde
1939 935 2112 1006 Lugd.

547 1021 666 1075 Bat.
705 1021 861 1082 I595.
885 1022 938 1076 8.
961 1022 1174 1077 Citatur
1207 1023 1276 1076 ab
1320 1023 1616 1078 Anastasio
1647 1022 1880 1088 Sinaita,
1917 1033 2114 1096 quast.

548 1112 588 1166 I.
644 1113 926 1184 Nyssenus
972 1115 1041 1168 ad
1102 1115 1404 1184 Olympium
1452 1114 1716 1186 ἀσκητῷ.
1757 1113 1951 1169 Photio
1990 1115 2116 1176 cod.

544 1202 874 1271 CCXXXIII,
931 1203 1086 1270 λόγος
1127 1204 1255 1274 περὶ
1298 1203 1393 1257 τοῦ
1429 1203 1634 1257 τελείου
1675 1203 1810 1273 βίον).
1853 1202 2016 1258 Fann.
2057 1203 2118 1260 In

545 1295 670 1350 eod.
703 1294 930 1350 Taurin.
952 1311 1062 1366 reg.
1092 1295 1278 1362 LXXI,
1307 1297 1399 1352 Iol.
1435 1297 1558 1352 I59.
1591 1296 1656 1351 V.
1689 1305 1796 1352 eat.
1830 1296 1994 1352 codd.
2015 1296 2113 1351 Gr.

546 1385 713 1442 Taur.
771 1403 824 1458 p.
865 1387 988 1444 169.
1027 1418 1088 1428 -—
1136 1387 1194 1442 In
1249 1398 1486 1459 quatuor
1529 1389 1692 1444 codd.
1752 1388 1931 1444 Paris.
1981 1389 2117 1444 bibl.

547 1475 704 1534 I’ubi.
738 1478 911 1534 Hann.

644 1572 734 1626 40.
801 1572 1205 1638 ’Υποτύπωσις
1273 1573 1387 1628 sive
1454 1571 1764 1626 Summaria
1833 1572 2118 1641 descriptio

547 1658 656 1713 ueri
706 1660 847 1728 scopi
889 1661 1008 1716 vita:
1055 1661 1320 1726 asceticc,
1361 1675 1488 1714 cum
1530 1661 1787 1717 versione
1837 1661 1966 1716 Fed.
1999 1662 2120 1716 Mo-

547 1751 687 1816 relli,
714 1766 767 1821 p.
796 1751 1049 1808 759-745.
1078 1751 1275 1822 Incipit
1305 1770 1320 1806 :
1351 1743 1520 1815 Εἴτις
1543 1752 1775 1824 σμικρὸν
1804 1752 2120 1823 ἀποστήσας

545 1844 638 1896 τοῦ
664 1843 929 1914 σώματος.
955 1843 1246 1902 Prodierat
1277 1845 1570 1916 separatim
1602 1859 1726 1898 cum
1763 1843 1970 1900 Morelli
2001 1860 2119 1900 ver-

545 1938 702 1993 sione
727 1936 899 1992 Paris.
929 1936 1087 2000 I606,
1118 1937 1172 1990 8.

615 2030 702 2083 41.
743 2028 898 2097 Πρὸς
936 2028 1079 2094 τοὺς
1107 2027 1477 2098 ἀχθομένους
1503 2025 1633 2093 ταῖς
1679 2025 2121 2096 ἐπιτιμήσεσινο

545 2120 627 2174 Ad
653 2137 740 2174 eos
770 2122 860 2190 qui
898 2119 1278 2190 castigationes
1301 2135 1438 2188 wgre
1457 2121 1634 2187 terunt
1659 2118 1759 2189 (ὁ),
1777 2133 1832 2188 ρ.
1855 2118 2119 2183 755-749,

545 2224 671 2261 cum
705 2208 954 2262 versione
988 2206 1244 2262 Gentiani
1277 2206 1517 2263 IIerveti.
1553 2207 1744 2278 Incipit
1777 2226 1790 2262 :
1825 2207 1978 2260 Θεῖον
2000 2208 2123 2279 ἀληο

546 2300 651 2362 θὼς
678 2299 771 2352 καὶ
795 2299 936 2369 ἱερὸν
957 2300 1143 2370 χρῆμα
1163 2302 1191 2352 ὁ
1220 2299 1376 2368 λόγος
1407 2300 1564 2354 Θεοῦ.
1606 2300 1890 2356 Prodiet'at
1933 2301 2122 2357 Grece

545 2390 720 2446 Paris.
754 2391 911 2458 I570,
939 2395 994 2447 8.
1026 2391 1190 2446 FABR.
1234 2392 1424 2448 Exstat
1454 2393 1509 2446 in
1537 2403 1778 2462 quatuor
1807 2393 1968 2449 codd.
2017 2393 2120 2450 Pa.

547 2484 642 2539 ris.
673 2491 727 2538 et
759 2485 810 2537 in
843 2483 966 2538 cod.
994 2484 1218 2540 Taurin.
1252 2483 1439 2538 LXXI.
1476 2483 1650 2538 ΙΙΑιιι..

616 2576 706 2630 42.
750 2576 888 2644 Περὶ
936 2575 1052 2630 τῶν
1111 2577 1224 2646 πρὸ
1268 2577 1425 2648 ὥρας
1478 2579 1978 2649 ἀφαρπαζομένων
2011 2599 2120 2649 rn-

545 2668 716 2729 πίων,
770 2667 844 2722 De
890 2668 1181 2737 infantibus
1241 2671 1330 2739 qui
1391 2679 1712 2736 prannature
1762 2672 2116 2740 abripiuntur,

543 2761 613 2812 ad
641 2759 882 2814 Hierium
912 2761 1009 2832 (ο),
1069 2759 1424 2830 Cappadocia:
1441 2762 1771 2831 prmfectum,
1793 2778 1845 2834 p.
1865 2763 2117 2830 748-770,

544 2869 669 2908 cum
707 2853 964 2908 versione
993 2853 1270 2908 Laurentii
1297 2853 1494 2908 SiIani.
1550 2855 1754 2925 Incipit
1807 2875 1821 2910 :
1883 2857 1973 2909 Σοὶ
1997 2857 2115 2926 μὲν,

542 2937 589 2996 ὦ
609 2946 816 3012 ἄριστε,
840 2944 1041 3009 πάντες
1063 2945 1312 3014 σοφισταί
1331 2963 1390 2998 τε
1411 2946 1506 3000 καὶ
1531 2946 1880 3018 λογογράφοι.
1905 2947 2120 3004 Citatur

545 3035 614 3089 ab
643 3035 960 3100 Anastasio,
983 3047 1178 3107 quiest.
1219 3036 1306 3090 I6.
1337 3037 1379 3089 Α
1410 3035 1657 3109 Nysseno
1697 3039 1810 3108 jam
1843 3054 1974 3094 sene
2005 3039 2118 3094 hare

544 3126 774 3194 epistola
804 3128 1006 3197 scripta
1035 3135 1139 3184 est.
1163 3125 1328 3182 Fssn.
1355 3127 1649 3198 Reperitur
1673 3129 1726 3184 in
1749 3129 1928 3185 tribus
1952 3130 2114 3186 codd.

545 3213 720 3271 Paris.
757 3224 812 3271 et
847 3216 902 3269 in
937 3217 1060 3271 eod.
1107 3214 1334 3271 Taurin.
1361 3214 1549 3278 LXXI,
1601 3216 1698 3270 fol.
1750 3217 1876 3272 551.
1921 3216 1981 3271 In
2015 3216 2118 3270 hoc

543 3323 734 3377 opusc.
771 3323 825 3376 p.
854 3307 960 3362 522
990 3315 1074 3362 est
1119 3323 1150 3361 a
1182 3307 1380 3362 Ducam
1413 3309 1568 3364 locus
1596 3308 1665 3363 de
1703 3309 1830 3378 igne
1862 3315 2118 3378 purgato-

545 3398 628 3448 rio
656 3396 890 3450 insertus
921 3413 934 3448 :
965 3410 1070 3464 qua
1095 3394 1164 3449 de
1192 3411 1252 3450 re
1280 3395 1370 3449 alii
1409 3394 1464 3449 id
1503 3395 1587 3450 vel
1629 3399 1880 3465 spurium
1919 3395 2002 3449 vel
2034 3393 2121 3448 in-

545 3487 871 3555 terpolatum
904 3487 1238 3543 habuerunt.
1271 3486 1334 3541 V.
1355 3485 1554 3541 Oudin.
1577 3503 1633 3558 p.
1662 3487 1767 3542 605
1793 3497 1847 3542 et
1868 3485 2118 3543 Rivetum

545 3579 599 3632 in
630 3578 831 3633 (ἷτὶιὶεο
869 3592 1045 3644 sacro,
1073 3593 1198 3648 cap.
1225 3579 1318 3640 25,
1351 3595 1408 3649 q.
1441 3579 1544 3632 548
1572 3595 1694 3650 sqq.
1733 3577 1838 3634 Sed
1861 3594 2120 3649 compara

2220 661 2475 724 786-798,
2524 677 2650 716 cum
2686 660 2934 715 versione
2956 659 3235 714 Laurentii
3294 656 3470 712 Sii‘ani
3517 669 3572 711 et
3617 655 3798 713 Ducaii

2220 753 2384 806 notis.
2417 751 2612 822 Incipit
2643 770 2656 806 :
2701 751 2790 814 Ὠς
2840 750 2978 820 καλὴ
2999 750 3106 802 τῶν
3141 747 3362 817 ἀγαθῶν
3395 751 3430 820 ἡ
3483 743 3795 804 ἀκολουθία.

2218 841 2426 896 Laudat
2468 841 2667 896 Suidas
2721 849 2776 896 et
2835 837 3283 908 πολυθαύμαστον
3345 838 3600 907 appellat.
3665 837 3795 892 Edi-

2218 935 2375 989 derat
2398 931 2741 988 IIceschelius
2781 930 2968 986 Graece
2999 931 3035 985 l.
3070 932 3165 984 cit.
3201 945 3252 984 a.
3288 930 3448 992 I587,
3487 931 3541 993 8,
3579 945 3632 1000 ρ.
3668 931 3794 995 151,

2221 1027 2480 1098 Augustae
2505 1023 2720 1078 Vindel.
2756 1023 2948 1078 Latine
2977 1037 3044 1078 ex
3078 1020 3196 1076 Zini
3247 1021 3504 1076 versione
3546 1021 3799 1076 occurrit

2224 1115 2369 1186 apud
2405 1114 2625 1169 Surium
2650 1113 2716 1167 ad
2744 1112 2814 1167 26
2836 1111 3088 1168 Deeemb.
3116 1111 3347 1165 Fallitur
3371 1119 3493 1181 post
3516 1109 3797 1166 Labbeum

2222 1208 2471 1264 Oudinus
2496 1223 2548 1277 p.
2577 1207 2681 1261 605
2706 1223 2819 1276 sq.,
2858 1205 2952 1276 qui
2979 1205 3116 1259 hanc
3129 1203 3410 1258 honiiliam
3437 1203 3638 1258 Asterii
3672 1219 3798 1259 esse

2225 1299 2476 1354 aIIirmat.
2507 1299 2626 1352 Alia
2677 1299 2827 1354 enim
2871 1297 3036 1367 hujus
3086 1296 3140 1350 in
3193 1293 3528 1364 Stephanum
3571 1295 3796 1349 homilia

2221 1400 2326 1454 est,
2355 1408 2476 1462 qua:
2506 1390 2692 1447 itidem
2739 1395 2942 1454 exstat,
3001 1395 3055 1444 et
3083 1387 3228 1442 edita
3262 1397 3347 1441 est
3376 1402 3406 1440 a
3465 1386 3798 1440 Gornbetisio

2223 1491 2354 1536 tom.
2387 1482 2404 1536 I
2440 1482 2681 1536 Auctarii
2707 1481 2849 1544 novi,
2877 1495 2998 1550 pag.
3035 1479 3162 1533 285.
3200 1477 3394 1547 Incipit
3427 1496 3440 1531 :
3517 1477 3604 1539 Ὠς
3652 1477 3796 1547 ἱερὸς

2220 1572 2454 1645 ἀληθῶς.
2487 1571 2651 1626 Fann.
2684 1570 2841 1626 ConI'.
2869 1568 3190 1626 Sehrteekh.
3232 1585 3288 1639 p.
3327 1569 3450 1634 IISI;
3475 1569 3602 1623 add.
3628 1569 3794 1634 infra,

2222 1678 2308 1718 nr.
2343 1662 2430 1718 79.
2455 1693 2526 1704 —-
2555 1662 2817 1718 Servatur
2847 1661 2900 1716 in
2956 1659 3070 1715 XVI
3107 1661 3271 1716 codd.
3322 1661 3454 1717 bibl.
3502 1661 3662 1716 Publ.
3694 1662 3797 1716 Pa-

2221 1757 2321 1814 ris.
2343 1757 2490 1812 —in
2517 1756 2640 1812 cod.
2681 1756 2906 1811 Coiinn.
2936 1752 3160 1818 CCCVI,
3203 1753 3268 1808 ad
3305 1753 3361 1808 ιι.
3393 1753 3462 1806 27
3511 1755 3794 1809 Decembr.

2224 1849 2279 1904 in
2311 1858 2466 1920 parte
2517 1864 2534 1902 I
2584 1848 2857 1902 bomiliar.
2912 1847 2974 1901 V.
3025 1845 3324 1900 Montfauc.
3375 1846 3507 1900 bibl.
3560 1846 3795 1901 Coislin.

2149 1923 2198 1985 Β
2225 1955 2280 2010 ρ.
2312 1939 2416 1992 425
2450 1945 2506 1992 et
2537 1937 2605 1991 ad
2635 1938 2882 1992 eumdem
2917 1935 3059 1990 diem
3093 1937 3238 1990 inter
3261 1936 3514 1990 homilias
3538 1935 3593 1990 iu
3625 1935 3798 1993 festos

2223 2031 2340 2087 dies
2372 2028 2614 2085 Florent.
2655 2030 2708 2083 in
2743 2029 2867 2084 cod.
2916 2026 3177 2084 Laurent.
3215 2025 3305 2091 IV,
3358 2043 3442 2083 nr.
3489 2027 3580 2082 28.
3628 2059 3694 2069 --
3739 2027 3798 2082 in

2220 2123 2344 2178 cod.
2375 2120 2542 2176 XXVI
2578 2136 2664 2176 nr.
2693 2121 2747 2176 2.
2779 2119 2844 2175 V.
2879 2119 3110 2174 Bandin.
3158 2127 3266 2174 cat.
3305 2118 3466 2174 codd.
3508 2119 3603 2174 Gr.
3644 2119 3697 2183 I,
3737 2135 3796 2190 p.

2221 2209 2323 2262 277
2364 2217 2417 2264 et
2449 2209 2555 2264 522
2577 2217 2631 2262 et
2662 2209 2855 2278 fragm.
2895 2208 2948 2262 in
2983 2208 3106 2262 cod.
3143 2206 3362 2271 XXVII,
3411 2223 3496 2262 nr.
3531 2209 3583 2267 2.
3629 2207 3797 2265 Laur.

2222 2301 2476 2371 (Bandin.
2507 2300 2548 2365 I,
2585 2317 2640 2371 p.
2676 2301 2827 2370 494).
2854 2330 2916 2340 -
2961 2300 3015 2355 in
3042 2299 3168 2355 cod.
3203 2299 3427 2354 Taurin.
3465 2299 3649 2355 LXXI.
3697 2302 3797 2358 [οι.

2221 2393 2348 2448 106.
2372 2391 2541 2446 Hann.

2289 2485 2360 2540 45
2420 2487 2525 2551 Εἰς
2550 2483 2664 2551 τὴν
2691 2483 2920 2552 ἡμέραν
2945 2484 3064 2537 τῶν
3090 2484 3319 2552 φωτῶν,
3349 2483 3415 2538 1η
3456 2486 3592 2540 diem
3631 2488 3797 2540 lumi-

2223 2593 2370 2640 num,
2413 2593 2517 2647 qua
2546 2574 2787 2629 Christus
2818 2575 3118 2644 baptizatus
3145 2587 3224 2630 est
3259 2577 3358 2648 (f),
3391 2578 3794 2648 pag.798-8I5,

2221 2683 2343 2722 cum
2362 2667 2602 2736 ejusdem
2632 2665 2804 2720 SiI‘ani
2827 2668 3080 2723 versione
3095 2677 3149 2724 et
3171 2670 3350 2724 Dueaei
3371 2671 3534 2725 notis.
3560 2670 3748 2741 Incipit
3776 2689 3794 2726 :

2220 2758 2334 2811 Νῦν
2355 2756 2604 2828 γνωρίζω
2632 2757 2730 2827 τὴν
2771 2757 2910 2828 ἐμὴν
2934 2757 3156 2830 ἀγέλην.
3198 2757 3254 2813 In
3300 2759 3538 2817 editione
3583 2761 3796 2824 Graeca,

2224 2864 2390 2918 quam
2436 2850 2565 2902 Dav.
2618 2846 2964 2904 Hresclielius
3016 2851 3230 2903 curavit
3268 2850 3534 2920 Augusta:
3578 2849 3797 2910 Vindel.

2222 2941 2380 3006 1587,
2429 2940 2480 2999 8.
2543 2940 2659 2994 haec
2711 2940 2931 2994 Ilomilia
2995 2941 3310 2996 inscribitur
3383 2941 3474 3004 Εἰς
3540 2942 3600 2995 τὸ
3641 2943 3797 3012 ἅγιον

2221 3035 2524 3104 βάπτισμα.
2551 3033 2760 3088 Gallice
2790 3048 2820 3086 a
2853 3031 2984 3088 Fed.
3019 3032 3243 3088 Morello
3273 3049 3424 3089 versa
3458 3034 3657 3105 prodiit
3689 3035 3797 3089 Pa-

2220 3125 2320 3178 ris.
2376 3125 2534 3188 I606,
2579 3124 2665 3176 12.
2700 3122 2870 3178 ῈΑιικ.
2911 3123 3070 3177 ConI.
3108 3123 3457 3180 Scbrmka.
3493 3141 3543 3180 c.
3595 3143 3648 3196 p.
3689 3127 3796 3182 128

2222 3233 2306 3288 sq.
2338 3227 2391 3272 et
2426 3216 2662 3273 Semler.
2713 3231 2768 3285 p.
2801 3215 2928 3279 257,
2965 3232 3049 3285 sq.
3085 3217 3153 3271 de
3198 3216 3302 3271 hac
3345 3227 3400 3273 et
3450 3220 3793 3275 antecedenti

2221 3309 2484 3364 honiiliis.
2509 3340 2576 3348 —
2601 3307 2698 3363 Est
2722 3309 2776 3362 in
2811 3309 2986 3363 tribus
3016 3309 3178 3363 codd.
3222 3308 3400 3364 Paris.
3432 3311 3566 3366 bibl.
3631 3311 3790 3367 Publ.

2217 3430 2288 3444 —
2312 3399 2369 3454 In
2397 3399 2522 3454 cod.
2554 3398 2720 3454 Taur.
2753 3397 2936 3453 LXXI.
2970 3397 3036 3453 V.
3069 3399 3245 3454 Calai.
3290 3400 3452 3456 codd.
3482 3399 3578 3456 Gr.
3620 3401 3792 3460 Taur.

2220 3509 2272 3565 p.
2303 3493 2426 3549 I69.
2453 3491 2630 3548 Hanc.

2288 3585 2377 3640 46.
2419 3587 2524 3650 Εἰς
2551 3585 2617 3637 τὸ
2645 3583 2813 3654 ἄτιον
2837 3584 3071 3654 Πάσχα,
3112 3584 3210 3638 καὶ
3247 3585 3380 3655 περὶ
3419 3585 3530 3654 τῆς
3561 3587 3797 3656 τριημέ-

545 3670 853 3726 'l‘illemont.
870 3669 1033 3740 p.6I2
1046 3678 1100 3725 et
1116 3669 1240 3735 615,
1260 3669 1490 3733 Semler.
1508 3671 1545 3724 Ι.
1561 3686 1611 3724 e.
1631 3688 1684 3742 p.
1701 3671 1828 3734 257,
1850 3669 2116 3741 imprimis

2218 3695 2326 3746 ρου
2362 3679 2726 3747 προθεσμίας
2764 3677 2876 3746 τῆς
2919 3678 3026 3733 τοῦ
3078 3679 3334 3747 Χριστοῦ
3375 3680 3792 3747 ἀναστάσεως,

550 3760 871 3816 Schrmckh.
905 3761 971 3816 de
989 3761 1082 3816 Illo
1101 3776 1293 3831 opusc.
1314 3761 1544 3832 locoque
1558 3762 1790 3832 pag.I55
1809 3777 1928 3832 sqq.
1946 3760 2115 3816 Hann.

619 3851 707 3906 43.
750 3854 852 3918 Εις
883 3853 998 3920 τὴν
1028 3849 1336 3921 γέννησιν.
1379 3850 1446 3906 In
1471 3853 1704 3907 natalem
1720 3854 1934 3908 Domini
1948 3855 2118 3908 nostri

542 3941 672 3997 Jesu
697 3942 919 4006 Christi,
951 3952 1000 3997 et
1033 3943 1087 3997 in
1115 3943 1346 4013 infantes
1376 3941 1830 3998 Bethlehemiticos
1858 3940 1966 4015 (ά),
1991 3959 2116 4015 pag.

543 4036 803 4100 77I-786,
833 4051 956 4090 cum
983 4037 1236 4092 versione
1266 4035 1412 4092 Petri
1445 4036 1721 4092 Francisci
1744 4037 1887 4103 Zini,
1927 4047 1982 4093 et
2017 4039 2122 4094 Du-

545 4127 643 4182 τιεί
676 4127 822 4182 notis
851 4125 918 4179 ad
945 4127 1245 4184 voluminis
1275 4130 1503 4183 calcem.
1537 4130 1735 4200 Incipit
1769 4146 1782 4181 :
1813 4129 2118 4184 Σαλπίσατε

545 4219 605 4270 ὲν
628 4217 885 4290 νεομηνίιι⁴
906 4218 1189 4288 σάλπιγγι.
1209 4219 1395 4276 Graece
1418 4221 1662 4276 ediderat
1688 4221 1824 4275 Dan.
1858 4221 2119 4279 Haesebe-

546 4309 673 4372 lius,
705 4309 967 4380 Augusta:
991 4309 1205 4366 Vindel.
1239 4311 1396 4378 I587,
1431 4313 1486 4376 8,
1516 4313 1658 4369 inter
1688 4317 1872 4370 varias
1892 4314 2116 4371 Patrum

546 4400 806 4457 bomiIias
846 4418 900 4472 p.
941 4403 1064 4469 105,
1095 4412 1150 4459 οι
1189 4419 1293 4458 una
1313 4419 1436 4458 eum
1464 4403 1624 4476 Nyss.
1655 4416 1798 4462 orat.
1827 4406 1900 4462 De
1927 4407 1985 4464 S.
2008 4407 2120 4464 Ste-

544 4492 740 4561 phano,
765 4494 936 4562 primo
961 4505 1215 4564 martyre,
1245 4511 1369 4550 cum
1401 4495 1652 4551 versione
1683 4511 1782 4551 sua
1803 4495 1995 4553 Joach.
2015 4498 2119 4553 Ca-

2221 3768 2286 3824 In
2311 3770 2370 3824 S.
2401 3769 2612 3824 Pascha
2634 3769 2765 3825 etde
2788 3770 3038 3825 triduano
3063 3771 3197 3840 [esto
3214 3773 3611 3827 resurrectionis
3635 3773 3794 3827 Chri-

2218 3868 2288 3923 sti
2305 3867 2405 3938 (g),
2443 3881 2563 3938 pag.
2603 3863 2856 3930 814-851,
2883 3879 3008 3918 cum
3041 3862 3222 3920 θυοαεί
3246 3864 3389 3920 notis
3411 3866 3478 3920 ad
3498 3865 3792 3922 voluminis

2218 3962 2448 4025 calcem,
2479 3969 2534 4013 et
2568 3958 2822 4014 versione
2873 3955 3072 4022 SiI‘ani,
3112 3973 3234 4027 quae
3283 3965 3462 4012 exstat
3484 3958 3536 4012 in
3586 3957 3793 4012 Latinis

2218 4051 2450 4123 Nysseni
2473 4064 2696 4120 operum
2713 4049 3068 4104 editionibus.
3092 4046 3317 4118 Incipit:
3338 4048 3404 4101 Εἴ
3422 4067 3505 4112 τις
3528 4067 3790 4121 πατριαρο

2218 4144 2328 4216 χῶν
2349 4143 2584 4212 εὐλογία.
2617 4141 2780 4196 Ρηιι.
2814 4141 2872 4195 In
2909 4141 3031 4196 cod.
3067 4141 3317 4197 Monach.
3353 4141 3540 4198 CXIV.
3569 4142 3631 4198 V.
3661 4143 3786 4198 Cat.

2219 4237 2378 4292 codd.
2432 4235 2527 4291 Gr.
2579 4233 2770 4288 Bavar.
2825 4249 2880 4304 p.
2931 4232 3021 4287 44.
3061 4263 3129 4272 —
3166 4232 3502 4289 Viudobonze
3555 4235 3608 4288 in
3662 4236 3786 4290 cod.

2217 4326 2422 4382 Caesar.
2444 4323 2722 4390 CCXLIV,
2757 4340 2794 4388 ι,
2831 4332 3087 4392 excerpta
3121 4339 3186 4379 ex
3213 4326 3312 4378 hac
3344 4337 3484 4379 orat.
3515 4324 3576 4378 V.
3622 4326 3788 4380 Lani-

2218 4420 2339 4474 bcc.
2363 4434 2561 4474 comm.
2601 4417 2665 4474 V.
2701 4433 2751 4487 p.
2787 4416 3068 4472 255.—ln
3099 4417 3277 4471 tribus
3291 4417 3450 4472 codd.
3470 4418 3600 4472 bibl.
3627 4418 3783 4472 Publ.

2219 4508 2394 4564 Paris.
2426 4540 2495 4548 —
2527 4508 2581 4563 In
2613 4508 2736 4563 cod.
2771 4507 2998 4563 Taurin.
3025 4507 3214 4572 LXXI,
3241 4508 3333 4564 Iul.
3370 4509 3494 4566 102.
3526 4539 3595 4551 -
3623 4508 3784 4580 Nyss.

547 4587 835 4650 merarius.
865 4585 1012 4656 Lips.
1051 4587 1212 4652 1564.
1241 4588 1295 4642 8.
1326 4585 1383 4640 ln
1403 4587 1506 4642 hoc
1535 4602 1789 4644 sermone
1813 4601 1943 4644 sunt
1963 4605 2114 4660 quae'
2147 4607 2193 4664 ι)
2220 4601 2496 4657 orationes
2521 4600 2584 4661 II,
2621 4617 2730 4655 una
2758 4599 2835 4655 De
2864 4598 2992 4653 Filii
3019 4610 3068 4653 et
3095 4598 3326 4667 Spiritus
3367 4600 3426 4655 s.
3445 4600 3672 4664 deitate,’
3701 4596 3781 4652 al-

545 4676 671 4730 dam
699 4691 766 4731 ex
801 4678 1132 4749 apocryphis
1181 4688 1236 4735 et
1278 4679 1508 4734 incertis
1545 4679 1742 4736 hausta
1781 4681 2117 4736 narrationi-

549 4769 670 4824 bus.
721 4768 863 4824 Sunt
907 4778 962 4824 et
1004 4770 1252 4841 quaedam
1302 4773 1471 4842 petita
1524 4789 1591 4828 ex
1631 4789 1826 4844 magno
1880 4771 2112 4844 Nyssen.

547 4874 798 4916 sermone
819 4861 1176 4917 catechetico.
1209 4861 1468 4929 Quaedam
1499 4863 1690 4919 iisdem
1722 4863 2114 4933 propemodum

545 4953 728 5008 verbis
751 4953 1008 5025 leguntur
1038 4957 1180 5027 apud
1205 4955 1464 5028 Cyrillum
1490 4968 1677 5010 contra
1694 4957 2111 5025 Anthropomor-

545 5046 742 5114 phitas.
779 5045 916 5101 Vide
951 5045 1352 5102 Tillemontium
1398 5054 1530 5100 tom.
1580 5045 1648 5099 IX
1718 5045 1941 5101 Memor.
1988 5063 2112 5116 pag.

543 5137 667 5192 612.
710 5136 874 5192 [εἈοιι.
908 5138 974 5192 Et
1010 5138 1332 5194 Schrmckb.
1389 5139 1428 5192 l.
1457 5154 1506 5192 c.
1533 5155 1586 5207 p.
1621 5139 1721 5192 125
1746 5156 1906 5207 sq.—-
1929 5139 2117 5193 Exstat

546 5231 598 5281 in
633 5225 702 5279 IX
754 5227 914 5282 codd.
953 5228 1086 5282 bibl.
1130 5227 1287 5282 Publ.
1322 5227 1590 5282 Paris.-—-
1619 5226 1673 5280 in
1726 5230 1845 5282 coll.
1883 5227 2112 5286 Taurin.

547 5318 730 5372 LXXI.
760 5349 830 5358 -—
863 5318 1148 5374 Florentizc
1180 5320 1234 5373 in
1265 5320 1394 5373 bibl.
1427 5318 1688 5373 Laurent.
1719 5319 1844 5374 cod.
1891 5319 1980 5385 IV,
2027 5340 2112 5378 nr.

544 5410 634 5464 at).
669 5407 733 5463 V.
785 5407 1012 5463 Bandin.
1053 5409 1173 5464 Cat.
1228 5408 1386 5464 codd.
1435 5407 1529 5464 Gr.
1579 5407 1747 5464 Laur.
1795 5409 1833 5476 I,
1878 5427 1931 5482 p.
1986 5413 2111 5471 522.

545 5497 715 5554 ΙΙΛΜ..

612 5641 687 5714 (τι)
730 5641 871 5714 fudit.
897 5657 956 5714 ει.
992 5642 1128 5698 1658
1157 5680 1170 5706 ,
1239 5649 1370 5698 tom.
1408 5641 1502 5712 III,
1526 5658 1648 5714 pag.
1677 5641 1807 5700 298.

617 5709 691 5781 (ι)
727 5710 853 5781 ρης.
895 5711 1018 5767 3n.

618 5779 688 5850 (ς)
728 5779 855 5850 pag.
897 5783 1022 5840 5n.

621 5847 702 5917 (ει)
742 5847 867 5922 ra'g.
909 5853 1032 5911 539.

2219 4699 2335 4745 tera
2355 4690 2500 4745 dicta
2524 4690 2612 4744 die
2644 4688 2966 4750 Paschatos,
2991 4687 3088 4742 Gr.
3107 4696 3161 4742 et
3188 4687 3311 4743 Lat.
3343 4704 3410 4743 ex
3429 4704 3570 4744 vers.
3599 4689 3778 4743 Iuacb.

2217 4779 2539 4845 Camerarii,
2566 4777 2714 4848 Lips.
2748 4776 2911 4840 1564,
2941 4778 2995 4832 8.
3033 4776 3207 4830 ΒΑΜ..

2286 4873 2376 4927 47.
2419 4871 2648 4924 Ilomilia
2702 4869 2766 4935 II,
2813 4870 2888 4925 De
2928 4870 3312 4925 resurrectione
3352 4869 3573 4935 Christi,
3620 4878 3675 4925 et
3705 4870 3787 4924 ὃτι

2216 4963 2355 5016 κατὰ
2381 4961 2545 5033 μηδὲν
2567 4961 2812 5032 ἀλλήλοις
2850 4961 3259 5024 ἐναντιωθέντες
3289 4963 3338 5014 οἱ
3371 4960 3783 5030 Εὐαγγελισταί,

2216 5053 2367 5120 Quod
2384 5055 2530 5108 nullo
2547 5053 2700 5107 modo
2717 5055 2970 5109 contrarii
2987 5055 3127 5109 inter
3139 5071 3192 5108 se
3206 5053 3668 5124 sintEvaugelista:
3686 5055 3784 5125 (h),

2215 5159 2270 5212 p.
2321 5142 2582 5208 852-848,
2613 5159 2736 5198 cum
2776 5141 2942 5198 Laur.
3010 5142 3183 5196 Sifani
3235 5144 3506 5196 versione.
3541 5140 3737 5213 Incipit
3769 5161 3782 5197 :

2215 5235 2421 5298 Πάντες
2444 5235 2562 5304 μὲν,
2586 5235 2876 5305 ἀγαπητοὶ,
2906 5235 2981 5297 ὡς
3016 5235 3188 5287 εἰπεῖν
3225 5233 3587 5303 ἀναδέχονται.
3635 5232 3786 5288 Ilauc

2217 5323 2321 5378 sub
2362 5323 2609 5394 Ibesycbii
2641 5323 2914 5379 Ilierosol.
2944 5327 3163 5378 nomine
3191 5322 3358 5376 edidit
3387 5321 3572 5377 Graece
3601 5332 3650 5377 et
3685 5322 3785 5374 La-
3853 5389 3866 5396 ἢ

2217 5415 2330 5469 tine
2369 5413 2566 5471 Franc.
2593 5412 3402 5470 Couibeﬁsiustoni.IAuctarii
3422 5415 3537 5466 noui
3572 5429 3626 5484 p.
3660 5413 3781 5469 7-55.

2222 5503 2389 5558 ana.
2409 5503 2656 5561 CombeI.
2684 5521 2738 5578 p.
2764 5505 2864 5561 775
2885 5513 2940 5560 et
2968 5503 3095 5568 777,
3127 5503 3399 5574 Hesychia
3445 5503 3585 5558 hanc
3611 5502 3784 5559 horni-

2282 5646 2350 5714 (c)
2390 5644 2518 5716 ηδε.
2555 5647 2680 5700 554.

2291 5717 2367 5785 If)
2400 5715 2536 5786 μῖξις.
2568 5717 2695 5769 866.

2285 5784 2358 5854 (ρ)
2399 5784 2527 5855 pag.
2557 5786 2680 5840 582.

2291 5853 2366 5926 (1.)
2406 5853 2535 5929 Ρειῑς.
2559 5858 2681 5913 too.
