4110 6480
210 494 280 552 29
1088 541 1093 551 κ
1390 499 1671 556 NOTITIA
1714 496 1793 553 EX

1895 498 2176 560 ABRICIO.
3386 493 3459 551 30

210 618 337 671 ham
388 616 666 686 ascripsit,
721 616 979 688 quoniam
1032 619 1087 672 in
1116 619 1239 674 cod.
1288 620 1525 689 quodam
1574 619 1779 674 tributa
1808 624 1851 681 A
1881 621 2131 694 απαντὴν
2165 635 2466 687 sermones,
2492 620 2587 692 qui
2613 618 2862 675 feruntur
2887 615 2991 672 sub
3019 613 3329 691 nominibus
3355 627 3457 673 an-

211 711 283 763 sit
316 706 609 780 Ilesychio,
643 717 699 764 et
731 710 822 764 iIIa
855 710 1090 765 homilite
1122 711 1308 781 prima:
1331 712 1385 765 in
1423 710 1784 781 explicatione

213 801 314 856 loci
367 801 654 870 cujusdam
708 803 763 857 in
813 800 1050 857 Mattha:i
1114 802 1319 873 Evang.
1349 813 1640 873 repugnet,
1682 818 1784 859 nec

212 890 460 946 eumdem
491 894 760 949 orationis
783 901 947 964 atque
968 894 1292 963 eloquentia:
1320 895 1580 958 colorem,
1600 895 1694 966 qui
1728 895 1782 949 in

214 981 440 1051 reliquis
492 981 726 1054 Nysseni
771 991 937 1043 oraIt.
999 993 1279 1050 cernatur,
1341 1000 1454 1055 pra:
1486 1001 1545 1040 sc
1596 985 1778 1041 ferat:

214 1072 354 1127 idem
392 1073 624 1135 dubitat.
659 1091 787 1131 num
827 1075 1004 1145 prima
1037 1076 1235 1133 similis
1273 1075 1579 1146 argumenti
1606 1076 1783 1129 oratio

214 1167 285 1220 sit
311 1167 564 1237 genuina.
608 1167 714 1221 Sed
752 1183 859 1222 non
894 1166 1162 1226 satisfecit
1192 1167 1545 1228 Schrwckhio
1570 1184 1621 1242 p.
1656 1167 1781 1235 128,

214 1262 307 1331 qui
338 1261 483 1313 illam
514 1260 760 1313 criticam
797 1260 1153 1329 quaestionem
1182 1261 1430 1316 curatius
1477 1276 1601 1317 esse
1634 1258 1784 1314 inve-

214 1353 520 1424 stigandam
553 1362 715 1421 atque
742 1351 1158 1407 examinandam
1187 1352 1441 1422 judicat:
1474 1368 1541 1408 ac
1591 1369 1643 1423 p.
1680 1351 1782 1406 I26

215 1461 337 1515 sqq.
374 1445 538 1499 latius
563 1443 805 1513 disputat
841 1443 909 1497 de
936 1442 980 1497 ν
1010 1443 1251 1499 homiliis
1295 1443 1372 1499 De
1405 1444 1784 1501 resurrectione

215 1538 432 1591 Christi.
464 1566 535 1576 —
562 1535 635 1590 De
678 1536 1060 1590 resurrectione
1092 1535 1147 1589 in
1198 1550 1392 1603 novem
1437 1535 1598 1591 codd.
1647 1535 1781 1591 bibl.

214 1626 373 1682 Publ.
420 1626 594 1682 Paris.
627 1656 694 1667 -—
748 1627 823 1680 De
868 1627 1244 1681 resurrectione
1297 1624 1500 1681 Christi
1550 1634 1599 1679 et
1644 1624 1781 1698 quod

216 1714 363 1765 nullo
396 1712 549 1766 modo
592 1713 847 1767 contrarii
898 1714 1033 1767 inter
1068 1729 1123 1767 se
1172 1712 1281 1766 sint
1320 1711 1695 1782 Evangelistaz,
1726 1711 1782 1767 in

217 1804 345 1858 cod.
376 1802 602 1860 Taurin.
664 1802 848 1867 LXXI,
906 1802 999 1858 fol.
1034 1804 1159 1858 1M.
1193 1833 1262 1844 ——
1299 1801 1499 1858 Eadem
1551 1804 1605 1857 in
1658 1803 1781 1858 cod.

217 1891 528 1963 Mosquensi
558 1892 603 1947 ν
650 1902 873 1948 notante
902 1892 1137 1948 Matthaai
1174 1893 1228 1947 in
1265 1900 1377 1947 not.
1420 1892 1582 1948 codd.
1637 1891 1783 1946 Mos-

1884 688 2183 782 tiquiorum
2208 710 2453 777 Patrum,
2490 688 2772 774 Methodii,
2804 706 2991 777 Cyrilli
3016 688 3454 767 Ilierosol.,Na-

1884 804 2153 870 zianzeni,
2187 799 2443 874 Nysseni,
2474 799 2771 864 Ambrosii,
2815 796 3191 869 Glirysostomi
3228 803 3284 850 et
3328 792 3459 851 Ful-

1882 895 2047 967 gentii
2076 916 2089 951 :
2146 910 2269 951 cum
2301 895 2500 951 festum
2541 891 2671 948 illud
2702 896 2916 945 constet
2945 887 3163 941 demum
3194 885 3457 940 celebrari

1883 987 2119 1056 crepisse
2169 986 2225 1041 in
2252 984 2493 1041 Ecclesia
2549 998 2694 1037 anno
2722 997 2792 1036 xv
2818 977 3138 1043 Iustiniani,
3170 978 3300 1046 imp.
3328 974 3461 1031 Vide

1884 1073 2306 1132 Thomassinum
2370 1076 2426 1131 in
2468 1076 2673 1145 scripto
2718 1071 2924 1127 Gallice
2963 1070 3109 1126 edito
3146 1068 3219 1124 De
3267 1068 3453 1137 festis,

1883 1164 1978 1218 lib.
2012 1181 2072 1231 ιι,
2101 1174 2155 1222 et
2180 1165 2350 1221 Wilh.
2384 1163 2674 1220 Ernestum
2708 1159 3049 1214 Tentzelium
3078 1157 3213 1212 diss.
3246 1156 3321 1209 De
3351 1156 3457 1208 ritu

1884 1257 2163 1315 lectionum
2202 1275 2408 1315 sacrar.
2438 1257 2466 1330 ᾗ
2499 1258 2552 1313 6.
2582 1254 2747 1311 ana.
2791 1254 2918 1308 Acc.
2950 1249 3248 1306 Schrmckh
3270 1287 3285 1302 .
3333 1264 3459 1318 pag.

1884 1350 2007 1408 130.
2048 1350 2163 1406 Sub
2192 1350 2413 1406 nomine
2440 1356 2623 1404 tamen
2682 1344 2909 1417 Nysscni
2943 1350 3029 1398 est
3070 1342 3125 1395 in
3166 1340 3288 1394 cod.
3338 1337 3454 1393 Mo-

1882 1446 2047 1501 nach.
2083 1441 2219 1497 γιιι.
2257 1440 2317 1495 ν.
2368 1441 2488 1496 Cat.
2511 1437 2672 1494 codd.
2703 1436 2797 1492 Gr.
2842 1435 3035 1488 Bavar.
3070 1447 3192 1502 pag.
3224 1431 3277 1486 5.
3302 1459 3374 1470 ~—-
3402 1430 3457 1483 in

1883 1538 2007 1592 cod.
2066 1532 2375 1591 Vndobon.
2427 1531 2632 1588 Caesar.
2674 1528 2767 1596 XI,
2827 1543 2914 1583 nr.
2960 1526 3014 1580 5.
3046 1522 3169 1578 Vid.
3200 1522 3457 1577 Lambec.

1884 1628 2022 1699 VIII,
2055 1644 2107 1699 p.
2146 1626 2267 1680 155.
2299 1654 2368 1665 —
2424 1621 2716 1677 Florentiae
2741 1619 2795 1674 in
2835 1617 2959 1673 cod.
3000 1614 3259 1668 Laurent.
3295 1610 3458 1675 XVII,

1885 1739 1971 1777 nr.
2003 1722 2064 1775 51
2092 1736 2106 1783 ;
2130 1718 2223 1774 sed
2256 1716 2328 1771 ibi
2360 1730 2530 1770 sermo
2554 1714 2609 1765 in
2642 1726 2919 1765 occursum
2954 1705 3171 1761 Domini
3198 1712 3251 1760 et
3280 1703 3373 1758 Dei
3404 1710 3462 1758 et

1883 1814 1935 1870 .I.
1967 1814 2093 1869 Ghr.
2116 1810 2367 1868 diversus
2392 1815 2477 1864 est
2505 1806 2573 1862 ab
2592 1804 2760 1868 edito,
2781 1811 2835 1859 et
2869 1800 3058 1871 incipit
3090 1816 3104 1853 :
3134 1793 3262 1868 Εἶχε
3292 1796 3390 1867 μὲν
3421 1797 3458 1866 ἡ

1886 1906 1993 1959 τῶν
2042 1902 2330 1974 γενεθλίων
2364 1900 2691 1971 πανήγυρις,
2725 1903 2833 1952 etc.
2860 1892 2925 1947 V.
2957 1893 3111 1963 plura
3145 1891 3199 1944 in
3228 1887 3459 1943 Bandini

218 1962 412 2055 quens.
445 2001 498 2055 p.
532 1984 583 2050 7,
616 2000 701 2038 nr.
734 1984 826 2039 ‘25.
855 2013 926 2024 —
956 1982 1015 2038 In
1045 1984 1168 2039 cod.
1210 1983 1441 2039 Coislin.
1469 1982 1626 2047 CVII,
1658 1992 1787 2039 sunt

1895 2000 2005 2054 Cat.
2048 1962 2205 2052 codd.
2233 1993 2328 2053 Gr.
2362 1962 2535 2052 Laur:
2563 1962 2606 2053 Ι.
2636 2004 2691 2059 p.
2716 1986 2843 2042 419.
2870 1962 3024 2036 —-In
3056 1980 3177 2036 cod.
3229 1978 3459 2033 Taurin.

217 2092 306 2131 nr.
336 2077 421 2132 6-9
455 2084 687 2146 quatuor
712 2073 941 2147 Nysseni
978 2076 1126 2131 hom.
1186 2076 1239 2131 in
1270 2075 1327 2129 S.
1389 2075 1601 2131 Pascha
1638 2075 1699 2130 h.
1747 2076 1781 2129 l.

217 2179 516 2224 numerata:
541 2166 720 2224 46-49.
756 2166 818 2222 ν.
858 2166 1157 2223 Montfauc.
1210 2168 1341 2223 bibl.
1396 2166 1625 2223 Coislin.
1660 2183 1781 2238 pag.

221 2263 345 2318 182.
379 2261 566 2330 Hann}

289 2355 382 2408 48.
416 2352 483 2407 In
515 2370 708 2422 magna
750 2350 1032 2406 Dominica
1059 2391 1075 2416 ,
1119 2350 1339 2405 homilia
1391 2348 1479 2415 III,
1534 2348 1610 2403 De
1653 2351 1786 2419 festo

220 2446 512 2500 Paschatos
525 2456 573 2500 et
598 2445 979 2500 resurrectione
1004 2444 1103 2515 (a),
1130 2442 1382 2507 848-866,
1400 2457 1523 2497 cum
1542 2441 1785 2511 ejusdem

220 2537 397 2592 Sifani
428 2540 695 2593 versione.
737 2536 932 2608 Incipit
966 2554 979 2590 :
1017 2536 1081 2589 Οἱ
1106 2535 1334 2607 πένητες
1356 2534 1462 2588 τῶν
1483 2533 1787 2606 ἀνθρώπων

217 2629 506 2701 φιλέορτοι.

286 2724 377 2779 49.
412 2720 640 2776 IIomiIia
671 2717 762 2784 IV,
799 2720 890 2783 Εἰς
909 2720 968 2773 τὸ
1001 2718 1153 2788 ἅγιον
1175 2719 1269 2772 καὶ
1291 2718 1553 2789 σωτήριον
1575 2718 1787 2788 Πάσχα,

219 2815 298 2869 De
319 2824 504 2869 sancto
536 2824 584 2867 et
613 2812 889 2881 salutifero
916 2811 1172 2865 Paschate
1195 2810 1293 2881 (ὁ),
1310 2827 1363 2880 p.
1384 2809 1638 2875 866869,
1663 2825 1786 2865 cum

219 2907 500 2963 Laurentii
533 2905 706 2961 Sifani
732 2904 1005 2960 versione.
1037 2903 1231 2974 Incipit
1264 2923 1277 2957 :
1323 2903 1387 2956 Ἦ
1427 2901 1652 2973 ἀληθινὴ
1693 2902 1787 2955 τοῦ

222 3001 494 3055 σαϐϐάτου
508 2998 864 3062 κατάπαυσις.
886 2996 1076 3052 Exstat
1094 3004 1149 3052 et
1176 3010 1299 3050 cum
1320 2995 1569 3051 versione
1590 2993 1787 3049 Joach.

221 3092 544 3155 Camerarii,
574 3091 769 3162 Lipsiae
793 3090 953 3153 1565,
978 3088 1035 3154 8,
1097 3095 1152 3143 et
1179 3102 1302 3143 cum
1339 3086 1791 3156 interpretatione

222 3183 467 3255 ejusdem
494 3182 809 3247 Camerarii,
849 3189 1015 3252 atque
1045 3180 1217 3236 altera
1260 3178 1479 3235 Henrici
1508 3176 1789 3235 Oelschle-

223 3278 375 3348 gelii,
401 3276 672 3347 hujusque
703 3275 849 3331 notis
886 3273 1235 3345 philologicis
1264 3287 1329 3327 ac
1356 3272 1709 3344 theologicis,
1732 3272 1789 3328 in
1818 3304 1862 3364 α

224 3373 465 3425 tironum
500 3385 633 3425 usus
661 3368 965 3424 adornatis.
998 3365 1219 3421 Dresdte
1244 3365 1402 3430 1628.
1434 3366 1486 3421 8.

291 3462 383 3515 50.
428 3459 659 3515 Ilomilia
679 3458 745 3524 V,
778 3459 871 3522 Είς
892 3456 990 3529 τὴν
1014 3456 1325 3527 φωτοφόρον
1360 3455 1455 3510 καὶ
1479 3454 1641 3524 ἁγίαν
1664 3454 1796 3508 ἀνά-

226 3569 438 3617 στασιν,
465 3551 531 3606 1η
576 3549 931 3619 luminiferam
972 3559 1020 3605 et
1075 3557 1317 3604 sanctam
1362 3547 1796 3603 resurrectionem

230 3644 440 3699 Domini
465 3654 513 3697 et
534 3642 630 3696 Dei
659 3640 827 3695 nostri
854 3640 946 3711 (c),
973 3654 1093 3709 pag.
1121 3638 1378 3703 869—875,
1400 3652 1524 3692 cum
1549 3636 1797 3693 versione

229 3737 477 3793 Federici
512 3734 742 3791 Morelli.
788 3732 1021 3803 Incipit:
1045 3730 1349 3803 Εὐλογητὸς
1373 3732 1403 3784 ὁ
1432 3730 1585 3791 Θεός.
1614 3730 1798 3800 Εὐφη-

232 3831 510 3902 μήσωμεν.
572 3826 856 3886 Prodierat
908 3824 1206 3895 separatim
1267 3822 1364 3878 Gr.
1406 3804 1548 3877 'cum
1588 3822 1796 3877 Morelli

226 3924 477 3983 versione
503 3918 676 3974 Paris.
708 3916 873 3979 1600,
904 3915 960 3981 8,
1009 3925 1065 3971 et
1116 3913 1465 3971 Tillemontio
1500 3922 1562 3967 ut
1607 3927 1797 3968 rerum

228 4015 433 4078 inanis,
460 4016 533 4068 ita
566 4013 802 4069 recentis
851 4009 1085 4066 Graeculi
1128 4024 1252 4066 esse
1281 4007 1501 4063 videtur
1533 4016 1665 4063 tom.
1726 4004 1799 4067 IX

231 4107 454 4169 Memor.
509 4107 694 4161 eccles.
740 4119 795 4175 p.
829 4103 955 4158 615.

297 4203 384 4255 51.
425 4202 530 4266 Εἰς
566 4197 680 4266 τὴν
704 4196 1034 4264 ἀνάληψιν,
1076 4192 1143 4248 1η
1173 4191 1536 4252 ascensionem
1584 4188 1801 4243 Domini

230 4295 397 4357 nostri
428 4292 559 4346 Iesu
604 4289 826 4354 Christi,
882 4303 1003 4359 quas
1030 4287 1147 4342 dies
1201 4285 1339 4341 festa
1383 4281 1801 4355 Cappadocibus

228 4388 376 4440 dicta
408 4394 492 4440 est
517 4388 550 4455 ἡ
573 4382 949 4454 ὲπισωζομένη
986 4380 1090 4451 (d).
1128 4395 1182 4451 p.
1209 4379 1472 4443 873-876,
1523 4392 1648 4434 cum
1680 4392 1803 4432 ver-

232 4476 387 4529 sione
414 4473 557 4528 Petri
586 4471 861 4527 Francisci
889 4470 1029 4525 Zini.
1064 4469 1261 4540 Incipit
1289 4488 1304 4524 :
1333 4469 1419 4532 Ὠς
1443 4467 1648 4536 γλυκὺς
1671 4483 1801 4519 συν-

230 4567 471 4638 ἐμπορος
520 4564 612 4624 τοῦ
658 4563 997 4636 ἀνθρωπίνου
1048 4561 1164 4632 βίου
1218 4561 1247 4613 ὁ
1295 4561 1577 4636 προφήτης
1617 4557 1798 4621 Δαυῒδ,

1891 2088 2048 2143 LXX.
2079 2087 2171 2142 fol.
2208 2085 2313 2141 ’545
2368 2084 2498 2155 (cat.
2560 2078 2721 2136 codd.
2784 2075 2879 2131 Gr.
2910 2073 3079 2128 Taur.
3138 2085 3258 2141 pag.
3308 2068 3459 2138 l67).

1887 2182 2058 2327 “Ag...
2077 2267 2217 2338 Περὶ
2286 2267 2581 2332 θεότητος,
2616 2260 2690 2315 De
2744 2258 2939 2312 deitate
2970 2254 3102 2308 Filii
3147 2261 3195 2307 et
3228 2250 3460 2319 Spiritus

1886 2362 2058 2416 sancti
2093 2370 2141 2415 et
2186 2357 2251 2412 de
2281 2356 2385 2426 ﬁde
2428 2350 2720 2407 Abrahami
2778 2349 2979 2417 (sermo
3016 2343 3196 2398 dictus
3232 2343 3285 2395 in
3329 2355 3463 2394 con-

1889 2452 2014 2507 cilio
2033 2449 2198 2505 CPoI.
2225 2462 2277 2502 a.
2293 2445 2423 2501 Chr.
2443 2443 2570 2506 585,
2599 2448 2659 2495 ιιι
2676 2446 2921 2492 notatum
2951 2430 3303 2489 Tillemontio
3326 2438 3458 2481 tom.

1888 2540 1980 2606 IX,
2012 2554 2131 2611 pag.
2149 2531 2376 2603 586w),
2414 2548 2535 2603 pag.
2571 2528 2975 2590 896-9I0,cum
3016 2521 3259 2593 ejusdem
3287 2516 3462 2611 Silani

1890 2608 2161 2692 versione,
2185 2628 2276 2699 qui
2303 2625 2490 2681 Graece
2502 2632 2556 2677 et
2590 2620 2707 2674 Lat.
2729 2613 3179 2674 edideratColon.
3206 2608 3346 2665 1586
3373 2649 3387 2673 ,
3404 2609 3459 2663 8.

1889 2719 2192 2793 Nyssenum
2232 2717 2327 2779 Εἰς
2365 2715 2454 2767 τὸν
2487 2711 2737 2783 Ἀϐραάμ
2770 2707 2991 2763 laudant
3011 2702 3376 2759 Theodoritus
3406 2700 3462 2754 in

1890 2789 2221 2875 Dial.,.loan.
2276 2806 2665 2867 Damascenus,
2693 2816 2733 2863 ι,
2767 2798 2845 2853 De
2879 2798 3098 2867 imagg.,
3124 2793 3396 2848 Adrianus
3418 2789 3462 2855 I,

1891 2918 2027 2979 papa
2049 2942 2064 2966 ,
2094 2902 2151 2955 in
2188 2899 2380 2970 epist.,
2402 2905 2456 2951 et
2483 2893 2773 2950 concilium
2802 2907 2842 2947 ιι
2869 2888 3071 2944 Νἰωῖιι.
3097 2893 3204 2940 act.
3244 2885 3298 2947 4,
3327 2891 3460 2937 tom.

1892 2972 1979 3058 Ill,
2007 2993 2146 3048 Binii
2173 3006 2297 3062 pag.
2337 2987 2460 3052 542,
2489 2994 2542 3040 et
2568 2983 2891 3055 Euthymius
2932 2981 2987 3035 in
3035 2976 3317 3044 Panoplia.
3348 2972 3465 3027 IIo-

1892 3085 2039 3141 milia
2070 3085 2128 3139 in
2189 3078 2455 3136 Abraham
2482 3085 2531 3131 et
2562 3075 2722 3129 Isaac
2750 3072 2940 3127 Latine
2954 3086 3018 3126 ex
3050 3067 3276 3123 Achillis
3311 3062 3468 3119 Statii

1892 3178 2144 3233 versione
2166 3171 2367 3245 prodiit
2405 3168 2628 3224 Lovanii
2677 3164 2832 3227 I55l,
2877 3178 2982 3217 una
3016 3175 3139 3215 cum
3181 3159 3240 3212 S.
3289 3155 3467 3225 Chry-

1894 3267 2119 3327 sostomi
2145 3262 2523 3334 explanatione
2538 3259 2686 3313 Orat.
2710 3254 3007 3311 Dominicis
3040 3260 3095 3307 et
3122 3249 3470 3305 sermonibus

1898 3360 2077 3415 tribus
2098 3356 2162 3411 In
2180 3354 2411 3411 natalem
2425 3351 2658 3414 Domini,
2681 3348 2745 3402 In
2765 3354 2951 3402 sancta
2970 3341 3307 3412 Theophania
3322 3348 3374 3396 et
3390 3338 3471 3393 De

1900 3450 2098 3513 Doride
2108 3450 2379 3520 propheta,
2395 3455 2448 3502 et
2462 3444 2740 3501 Athanasii
2766 3441 2833 3496 In
2859 3455 3105 3511 magnam
3126 3449 3462 3506 parasceven,

1900 3541 2267 3615 Amphilochii
2302 3539 2366 3597 In
2400 3538 2677 3594 sabbatum
2712 3543 2973 3599 sanctum,
3002 3525 3248 3599 Gregorii
3280 3524 3473 3615 Antio—

1902 3636 2060 3691 cheni
2112 3632 2178 3689 In
2233 3636 2559 3699 sepulturam
2613 3635 2661 3681 et
2722 3622 3157 3678 resurrectionem
3208 3614 3472 3670 Domini:

1905 3724 2193 3797 Sophronii
2223 3721 2289 3777 In
2310 3720 2683 3776 exaltationem
2712 3723 2909 3771 sancta:
2942 3711 3113 3765 crucis
3138 3716 3188 3764 et
3214 3720 3477 3761 resurrec-

1905 3825 2127 3883 tionem;
2150 3819 2334 3891 Cyrilli
2364 3818 2517 3873 Alex.
2558 3813 2621 3867 In
2645 3811 2953 3881 parabolam
2974 3809 3169 3869 vineae;
3199 3800 3476 3859 Anastasii

1907 3914 2128 3969 Sinaita:
2150 3912 2225 3967 De
2258 3928 2417 3969 sacra
2443 3907 2656 3978 synaxi,
2679 3914 2733 3961 et
2767 3904 2841 3958 De
2869 3901 3084 3970 injuriis
3116 3894 3477 3957 remittendis;

1904 4005 2165 4062 Marciani
2209 4000 2616 4058 Bethlehomitte
2674 3996 2998 4066 fragmento,
3057 3988 3185 4053 Nili,
3237 3985 3476 4050 abbatis,

1905 4098 2153 4169 epistolis
2194 4094 2279 4160 III,
2301 4100 2356 4149 et
2384 4092 2525 4162 typis
2546 4086 2851 4161 epistolicis
2879 4081 3131 4153 anonymi
3153 4087 3208 4134 et
3241 4075 3480 4169 Libanii,

1906 4165 2119 4245 necnon
2167 4188 2286 4242 Ioco
2324 4184 2392 4239 de
2422 4181 2703 4252 epistolica
2738 4176 2976 4231 dictione
3004 4189 3068 4228 ex
3106 4167 3358 4225 Demetrii
3413 4165 3482 4220 Ii-

1908 4282 2007 4339 bro
2046 4281 2179 4356 Περὶ
2220 4274 2535 4349 ἑρμηνείας,
2574 4273 2764 4332 Exstat
2802 4276 3008 4323 etcum
3040 4258 3483 4356 interpretatione

1907 4374 2096 4437 Joach.
2127 4346 2459 4431 VCamerarii,
2506 4363 2703 4440 Lipsiae
2750 4359 2910 4422 1564,
2943 4356 2998 4421 8,
3022 4362 3076 4410 et
3119 4352 3313 4408 edente
3360 4346 3484 4440 Ilie-

1910 4464 2116 4521 sclielio
2159 4461 2365 4521 Graece,
2416 4459 2675 4527 Augusta:
2704 4450 2919 4506 Vindel.
2962 4445 3122 4508 1591,
3162 4442 3215 4497 8.
3246 4439 3480 4509 Imipit:

1910 4552 2036 4611 Οἷόν
2079 4573 2133 4608 τι
2192 4552 2464 4623 πάσχουσι
2510 4546 2646 4623 πρὸς
2681 4544 2808 4606 τοὺς
2854 4536 3173 4600 πλυανθεῖς
3209 4532 3347 4623 τῶν*
3368 4531 3483 4583 λει-

233 4620 407 4727 vertit
436 4620 489 4712 et
504 4620 669 4711 Laur.
708 4620 951 4711 Sifanus.
1014 4620 1120 4708 sed
1148 4652 1267 4705 Zini
1308 4620 1490 4705 versio
1524 4620 1690 4709 etiam
1746 4620 1802 4703 in
1837 4663 1880 4719 υ
1913 4649 2129 4722 μώνων.
2161 4620 2340 4705 Fsan,
2365 4620 2564 4697 Exstat.
2588 4638 2643 4692 in
2667 4635 2907 4727 quinque
2949 4627 3115 4727 codd.-
3142 4625 3278 4727 bibl.
3320 4620 3483 4677 Publ.

232 4749 509 4804 Breviario
540 4747 787 4802 Romano
834 4744 1144 4817 praefertur,
1192 4752 1253 4797 ut
1293 4741 1608 4797 Possevino
1658 4746 1815 4795 nota-

1912 4717 2089 4796 I’aris.
2122 4746 2177 4795 et
2230 4738 2286 4792 in
2324 4735 2448 4790 cod.
2478 4731 2707 4786 Taurin.
2739 4723 2925 4781 LXXI.
2971 4720 3038 4776 γ.
3076 4720 3197 4775 Cat.
3232 4717 3328 4772 cit.
3360 4729 3484 4786 pag.

232 4850 372 4897 tum.
423 4840 589 4895 Ἐλωί.
622 4839 721 4896 Est
749 4840 802 4894 in
833 4837 877 4891 II
928 4838 1087 4892 codd.
1120 4836 1297 4892 Paris.
1328 4843 1382 4890 et
1407 4836 1463 4888 in
1495 4831 1619 4889 cod.
1649 4829 1815 4893 LXXI
1911 4832 2237 4900 169.:IIAnL.

232 4932 461 4988 Taurin.
498 4932 670 4986 "ARL.

307 5026 389 5081 ὁὶ.
458 5027 562 5089 Εἰς
630 5023 745 5092 τὴν
805 5019 1182 5085 ὑπαπαντήν,
1251 5018 1326 5072 De
1375 5031 1596 5071 occursu
1628 5013 1814 5067 Domi-

234 5116 311 5182 ni,
342 5115 568 5182 Deipara
591 5122 640 5166 et
668 5112 809 5178 iusto
833 5111 1071 5166 Simeone
1099 5110 1193 5180 (e),
1238 5123 1358 5178 pag.
1393 5102 1652 5169 876-896,
1685 5117 1809 5157 cum

232 5208 486 5263 versione
514 5204 678 5259 Laur.
709 5202 905 5257 Sifani.
947 5200 1140 5269 Incipit
1175 5221 1188 5256 :
1249 5200 1328 5269 Τῇ
1392 5196 1650 5268 φρονήσει
1699 5192 1809 5245 τῶν

235 5298 506 5369 οὐρανίων
534 5296 827 5367 μετέωρος.
860 5292 1046 5347 Exstat
1076 5300 1132 5347 et
1183 5291 1372 5344 Latine
1416 5285 1557 5358 apud
1589 5285 1811 5340 Surium

232 5390 270 5442 2
309 5389 467 5450 Febr.
504 5387 883 5457 Metaphrastze
922 5384 1327 5454 interpolatoris
1365 5380 1588 5450 vestigia
1626 5380 1678 5432 in
1706 5378 1807 5432 hac

234 5482 461 5535 Immilia
512 5488 702 5534 notant
753 5479 854 5533 viri
894 5478 1063 5533 docti.
1108 5476 1172 5530 Et
1202 5492 1230 5529 a
1269 5474 1408 5529 Lud.
1446 5470 1811 5527 Thomassino

236 5592 336 5641 pro
370 5572 737 5644 supposititiis
791 5572 1057 5626 habentur
1090 5584 1281 5623 omnes
1339 5566 1414 5621 illi
1467 5567 1521 5620 in
1578 5563 1674 5635 τὴν
1709 5564 1813 5615 ὑπο

310 5722 384 5783 (η)
431 5713 577 5766 Edit.
616 5727 664 5764 a.
700 5712 854 5776 1658,
882 5710 965 5775 Ill,
1000 5727 1123 5781 pag.
1167 5708 1289 5765 416.

314 5789 385 5855 (ὁ)
430 5792 558 5853 i’ag.
611 5784 733 5855 ἄεξ’).

312 5853 380 5921 (cl
427 5860 553 5925 P33.
600 5853 721 5925 ιιῑῦ.

315 5930 392 5989 Id)
433 5924 563 5990 ινδιξ.
608 5924 729 5979 411.

1980 4897 2069 4981 54⁷.
2114 4919 2469 4989 Ἐπιτάφιος,
2499 4915 2685 4973 Oratio
2717 4908 2949 4982 funebris
2979 4907 3032 4960 in
3056 4904 3299 4973 fratrem,
3330 4897 3489 4989 Dasi-

1910 5014 2041 5068 lium
2077 4988 2356 5081 magnum,
2388 5006 2710 5061 defunctum
2734 5017 2785 5055 a.
2817 4998 2948 5053 (1hr.
2978 4995 3103 5059 379,
3131 4993 3280 5047 dicta
3310 4988 3493 5043 Caesa-

1907 5103 2091 5160 retein
2115 5103 2202 5157 die
2229 5101 2348 5170 ejus
2396 5095 2695 5154 memoriali
2759 5094 2849 5165 lg],
2882 5104 3002 5161 pag.
3025 5083 3309 5149 911-930,
3364 5096 3490 5138 cum

1912 5195 2166 5250 versione
2191 5191 2472 5253 Laurentii
2505 5187 2699 5244 Sifani.
2741 5181 2934 5251 Incipit
2961 5199 2975 5234 :
3007 5176 3195 5247 Καλὴν
3218 5174 3492 5243 ἐπέθηκεν

1907 5289 1935 5341 ὁ
1954 5286 2087 5351 Θεὸς
2108 5287 2207 5356 τὴν
2227 5284 2399 5349 τάξιν.
2421 5281 2682 5337 Memorat
2698 5271 3108 5346 Amphilochius
3139 5269 3194 5324 in
3218 5268 3277 5322 S.
3301 5263 3491 5319 Basilii

1920 5380 2059 5433 Vita.
2092 5377 2212 5449 [Est
2246 5378 2299 5431 in
2331 5374 2398 5428 Ill
2420 5373 2579 5430 codd.
2605 5368 2810 5440 Paris.]

1981 5472 2068 5527 55.
2134 5468 2478 5538 Ἐγκὼμιον,
2523 5465 2664 5529 Laus
2692 5473 2999 5519 sanctorum
3031 5454 3152 5517 XL,
3193 5461 3491 5522 martyrum

1929 5566 2356 5627 Sebaslenorum,
2405 5559 2646 5621 homiliis
2676 5557 2742 5625 II,
2788 5568 3019 5628 quarum
3064 5548 3216 5622 prior
3256 5542 3489 5614 incipit;

2000 5708 2072 5768 (ei
2097 5702 2220 5773 I’ag.
2253 5701 2279 5754 ὦ
2298 5702 2375 5765 Η.

2003 5776 2081 5843 (Γ)
2114 5774 2237 5843 Pag.
2263 5773 2387 5831 ἇϋιί.

2002 5846 2071 5915 (ῃ)
2101 5844 2226 5914 I‘ag.
2260 5843 2382 5897 £79.
