4054 6516
551 426 618 488 5|
1723 439 2006 498 norma
2034 442 2126 498 ex
2161 442 2498 498 FABRICIO.
3725 435 3795 488 δε

553 541 651 609 Οἷς
675 545 925 600 ἀνιᾶσθαι
954 549 1078 610 τοὺς
1111 549 1333 614 πολλοὺς
1348 551 1674 624 στοχάζομαι
1707 554 1806 626 (a),
1849 572 1970 628 pag.
2000 558 2123 612 951-

2234 560 2354 618 cod.
2397 561 2625 630 August.
2677 557 2891 614 Vindel.
2933 563 3070 611 teste
3103 553 3328 610 Reisero
3383 553 3438 606 in
3475 553 3598 608 Cat.
3629 550 3790 606 codd-

551 635 692 702 935;
726 639 1011 707 posterior,
1042 639 1182 704 Χθὲς
1221 641 1270 693 οἱ
1311 641 1586 715 μάρτυρες
1623 643 1761 718 πρὸς
1791 635 2016 712 ἑὰυτοὺς
2038 649 2128 701 τὸν

557 725 685 779 λαὸν
736 727 982 791 ἐκάλουν,
1037 743 1160 800 pag.
1201 731 1460 798 956-946,
1497 749 1619 788 cum
1677 737 1926 794 versione
1961 737 2124 792 Laur.

558 816 752 884 Sifani,
783 825 838 873 et
861 817 1040 874 Dncaai
1071 823 1236 877 notis.
1279 822 1460 877 Tertia
1495 825 1715 880 homilia
1761 828 1922 898 hujus
1968 845 2130 900 argu-

555 906 724 960 menti
750 917 1002 963 occurret
1031 908 1192 976 infra,
1217 927 1302 967 nr.
1333 911 1516 967 LXIX.
1557 913 1721 970 Fann.
1745 915 2038 988 Reperitur
2071 919 2126 972 in

553 993 770 1051 ﬂcodd.
799 997 928 1052 bibl.
961 997 1117 1054 Publ.
1145 999 1315 1068 Paris.
1343 1032 1416 1044 -——
1441 1003 1498 1058 In
1537 1005 1661 1059 cod.
1689 1005 1914 1061 Tanrin.
1939 1007 2126 1073 LXXI,

553 1087 649 1143 sed
677 1088 734 1143 in
763 1091 887 1145 cod.
911 1091 1187 1146 CCLXIX.
1221 1092 1312 1147 fol.
1348 1095 1436 1159 51,
1467 1105 1551 1151 est
1577 1113 1755 1158 sermo
1783 1099 1835 1160 in
1870 1111 2126 1170 martyres

549 1181 802 1238 adversus
857 1185 1103 1240 Arianos.
1143 1185 1210 1240 V.
1241 1189 1402 1242 catal.
1440 1191 1600 1254 codd.
1659 1191 1753 1247 Gr.
1791 1193 1962 1248 Taur.
2001 1211 2124 1264 pag.

553 1273 660 1329 168
713 1283 767 1329 et
803 1275 926 1342 575,
965 1285 1020 1332 et
1068 1277 1300 1333 in‘cod.
1361 1280 1610 1336 Monach.
1671 1283 1889 1348 XXXII,
1947 1289 2127 1342 oratio

552 1364 632 1420 De
667 1366 949 1435 defunctis.
979 1367 1043 1421 V.
1076 1369 1194 1426 Cat.
1226 1371 1386 1438 codd.
1419 1373 1513 1428 Gr.
1547 1375 1739 1432 Bavar.
1774 1393 1827 1446 p.
1867 1377 1921 1432 8.
1953 1377 2122 1433 Hann.

622 1455 712 1510 56.
771 1459 876 1524 Εἰς
906 1461 1300 1529 Πουλχερίαν,
1351 1462 1414 1516 In
1462 1465 1746 1533 funere“)
1797 1466 2122 1534 Pulclterite,

550 1563 670 1616 qnge
695 1544 986 1610 Theodosii
1043 1549 1220 1619 Magni
1250 1561 1302 1606 et
1329 1551 1597 1616 Flaccillze
1620 1553 1724 1608 ﬁlia
1756 1571 1804 1608 a.
1841 1556 1969 1610 Chr.
1999 1557 2124 1626 581,

548 1641 632 1695 vel
659 1640 784 1702 585.
815 1656 922 1694 non
951 1640 1042 1695 diu
1065 1652 1192 1696 ante
1225 1652 1450 1699 matrem
1467 1645 1624 1700 CPoli
1651 1647 1894 1718 obiit(c),
1919 1665 1972 1718 p.
1995 1649 2127 1703 946-

547 1730 676 1792 955,
733 1745 856 1785 cum
901 1731 1145 1800 ejusdem
1195 1731 1366 1788 Sifani
1416 1737 1688 1791 versione.
1729 1739 1970 1807 Incipit:
2011 1741 2123 1794 Οὐκ

545 1817 665 1876 οἶδα
696 1823 842 1886 ὅπως
863 1823 940 1894 τῷ
969 1822 1112 1894 λόγῳ
1127 1826 1418 1896 χρήσομαι.
1450 1826 1614 1882 Fann.
1641 1829 1794 1884 lianc
1820 1840 1873 1886 et
1901 1847 2126 1901 sequen-

547 1923 656 1968 tem
701 1929 784 1974 or.
827 1915 1107 1970 continent
1157 1924 1269 1971 tres
1311 1917 1583 1987 iidemque
1624 1919 1784 1975 codd.
1811 1921 1943 2002 bibl.
1969 1923 2120 1992 publ.
2155 1913 2200 1970 Β

547 2004 722 2070 Paris.
759 2014 813 2062 et
840 2021 1076 2078 sequens
1125 2009 1304 2072 oratio
1337 2018 1421 2066 est
1447 2012 1501 2065 in
1528 2011 1652 2068 cod.
1675 2011 1904 2068 Taurin.
1939 2014 2122 2070 LXXI.

549 2097 722 2154 "ARL.

618 2194 707 2250 5,7.
745 2195 1077 2264 Ἐπιτάφιος
1099 2197 1184 2260 εἰς
1203 2194 1966 2263 Πλάκιλλανβασίλισσαν,
1992 2199 2128 2264 Ora-

549 2285 624 2339 tio
653 2285 885 2354 funebris
906 2287 962 2338 in
977 2285 1273 2346 ,Placillam
1305 2287 1418 2342 sive
1449 2286 1766 2342 Flaccillam
1802 2291 2124 2360 Augustam,

543 2375 843 2442 Theodosii
887 2375 1062 2446 Magni
1092 2377 1401 2448 coniugem,
1435 2379 1760 2434 exstinctam
1808 2381 1861 2434 in
1891 2379 2125 2436 Thracia

546 2469 653 2536 sub
684 2469 842 2526 ﬁnem
885 2470 1012 2524 anni
1054 2468 1157 2524 585
1185 2469 1282 2539 (d),
1319 2484 1440 2540 pag.
1481 2468 1740 2534 940-965,
1786 2487 1907 2534 cum
1955 2471 2124 2530 Sifani

550 2563 806 2618 versione
834 2569 887 2616 et
939 2561 1307 2616 Ducaeinotis.
1363 2561 1558 2631 Incipit
1603 2581 1616 2615 :
1685 2563 1742 2614 Ὀ
1800 2565 1989 2626 πιστὸς
2034 2567 2125 2618 καί

543 2653 809 2726 φρόνιμος
842 2652 1140 2722 οἰκονόμος.
1174 2649 1262 2724 [ν.
1298 2651 1363 2706 ad
1405 2669 1490 2706 nr.
1530 2654 1984 2728 antecedentem.]

618 2745 706 2802 58.
772 2743 849 2798 De
893 2747 1000 2798 vita
1039 2743 1096 2798 S.
1124 2742 1360 2812 Gregorii
1425 2742 1808 2814 Tltaumaturgi
1849 2745 1942 2816 (ε),
1999 2762 2122 2818 pag.

545 2833 840 2900 966-1009,
865 2851 989 2890 cum
1027 2833 1190 2890 Laur.
1224 2833 1396 2890 Silani
1433 2835 1700 2890 versione.
1735 2834 1848 2890 Inc.
1888 2855 1903 2891 :
1932 2837 1992 2890 '0
2027 2839 2124 2908 μὲν

550 2926 751 2994 σκοπὸς
785 2921 867 2992 εἷς
897 2930 1036 2982 ἐστι.
1065 2927 1307 2984 Meminit
1342 2934 1395 2982 et
1429 2927 1876 2998 πολυθαύμαστον
1905 2927 2124 2984 ἔπαινον

547 3019 782 3090 appellat
813 3016 1010 3074 Suidas
1033 3019 1085 3073 in
1108 3017 1425 3088 Γρηγόριος.
1454 3016 1664 3071 Laudat
1696 3027 1750 3072 et
1779 3017 2119 3090 Nicephorns

552 3109 643 3174 XI,
673 3111 759 3176 19,
789 3107 932 3166 Hist.
968 3119 1022 3166 et
1049 3109 1380 3168 Eustratius.
1426 3108 1584 3164 CPol.
1629 3111 1927 3182 presbyter.
1964 3113 2018 3168 in
2059 3113 2122 3166 li-

551 3216 647 3268 bro
670 3204 870 3258 Contra
903 3201 1451 3276 Psychopannychitas
1507 3217 1628 3270 cap.
1673 3203 1758 3257 15.
1813 3201 1991 3258 Edidit
2067 3211 2120 3259 el

551 3293 738 3360 Graece
761 3309 883 3348 cum
919 3308 1058 3348 neva
1083 3295 1333 3347 versione
1358 3308 1455 3346 sua
1487 3299 1540 3346 et
1573 3294 1798 3348 scholiis
1842 3293 2119 3352 Gerardus

555 3381 778 3450 Vossius
821 3381 890 3436 ad
937 3382 1136 3435 calcem
1181 3397 1400 3450 operum
1433 3365 1842 3454 Thaumaturgi,
1879 3383 2115 3452 Mogunt.

553 3471 716 3536 1601,
743 3471 798 3540 4,
824 3487 878 3542 p.
917 3469 1023 3528 25.4~
1060 3485 1212 3538 seqq.
1241 3467 1557 3523 Versionem
1617 3471 1871 3534 Gentiani
1905 3471 2120 3528 Ilerveli

551 3563 720 3618 nubes
763 3560 904 3632 apud
954 3559 1348 3630 Lipomannum
1375 3567 1428 3614 et
1471 3559 1686 3615 Surium
1723 3563 1756 3616 '5
1783 3562 1886 3616 Jul.
1935 3562 2121 3619 Extre-

554 3670 696 3730 mam
726 3661 933 3726 partem
961 3653 1017 3706 in
1045 3651 1206 3707 editis
1238 3651 1598 3708 desideratam
1645 3669 1675 3708 e
1705 3655 1892 3710 codice
1917 3657 2116 3710 Coisli-

553 3747 718 3803 niano
748 3744 862 3807 CV,
899 3745 1082 3800 Gmce
1101 3745 1342 3813 vulgavit
1375 3742 1794 3802 Illontl‘auconns
1823 3747 1874 3799 in
1903 3746 2092 3803 Catan

551 3853 619 3912 go
647 3837 792 3892 illius
816 3836 946 3891 bibl.
971 3851 1092 3907 pag.
1124 3835 1246 3889 180.
1273 3833 1437 3888 Faue.
1476 3833 1609 3889 Vide
1667 3837 1774 3889 vol.
1821 3835 1935 3899 VII,
1996 3853 2116 3909 pag.

553 3929 677 3992 219,
730 3938 836 3986 not.
911 3927 958 3994 k,
1011 3926 1278 3994 imprimis
1329 3940 1448 3996 pag.
1498 3925 1624 3986 250.
1683 3933 1794 3980 not.
1829 3943 1884 3994 ας,
1916 3939 1969 3982 et
1995 3945 2116 4000 pag.

551 4021 679 4084 251,
707 4029 820 4078 not.
867 4035 956 4078 aa.
987 4017 1184 4073 Oudin.
1215 4017 1253 4070 Ι.
1275 4031 1326 4071 c.
1361 4031 1483 4086 pag.
1519 4016 1622 4071 606
1651 4033 1733 4086 sq.
1767 4019 1858 4088 qui
1893 4019 2118 4076 Sculteti

553 4111 866 4182 opinionem
891 4109 1075 4164 dehoc
1107 4109 1370 4177 opusculo
1401 4123 1592 4162 vanam
1617 4109 1813 4180 rejicit.
1853 4110 2116 4166 Praeterea

556 4202 668 4255 vita
695 4199 858 4270 Greg.
907 4197 1196 4265 Tltaumat.
1243 4207 1328 4252 est
1357 4199 1410 4252 in
1442 4199 1599 4254 codd.
1631 4199 1956 4255 Coislinian.
2008 4200 2121 4255 CVI

552 4289 921 4352 CCCLXVIII.
955 4288 1339 4344 V.‘Montfauc.
1407 4289 1536 4344 bibl.
1577 4289 1744 4346 Coisl.
1784 4307 1906 4362 pag.
1937 4293 2029 4348 181
2071 4303 2124 4348 et

553 4383 683 4454 565.
711 4415 782 4424 ——
829 4385 886 4438 In
937 4380 1079 4444 XVII
1141 4381 1301 4438 codd.
1340 4379 1479 4436 Bibl.
1543 4380 1697 4438 Publ.
1753 4382 1926 4440 Paris.
1959 4417 2027 4426 -——
2062 4385 2120 4441 In

629 4585 708 4658 (ᾳ)
735 4582 877 4658 gon.
900 4599 952 4636 a.
983 4583 1140 4658 1638,
1169 4593 1299 4658 ιριη.
1324 4581 1418 4658 nl,
1453 4599 1573 4658 pag.
1609 4583 1946 4658 maestius.

631 4653 706 4726 (ὁ)
737 4654 960 4726 Diversa
991 4655 1103 4708 haec
1125 4671 1153 4705 a
1188 4653 1492 4726 Pulcheria,
1531 4653 1748 4726 Arcadii
1778 4655 1906 4719 ﬁlia,
1943 4655 2126 4710 Theo.

553 4723 698 4782 doin
722 4725 957 4796 iunioris
987 4739 1195 4796 sorore,
1211 4732 1266 4796 et
1283 4723 1517 4796 conjuge
1541 4725 1825 4788 Marciani,
1849 4741 1968 4796 quae
1985 4728 2126 4779 diem

555 4797 700 4926 plan
724 4793 779 4850 ᾗ.
809 4795 940 4849 Chr.
975 4795 1101 4850 455.
1131 4794 1204 4849 De
1227 4795 1327 4849 hac
1353 4793 1646 4851 Tillentont
1701 4804 1834 4850 tom.
1861 4795 1975 4862 XV,
2005 4813 2126 4866 pag.

693 4881 812 4926 seu.

635 4869 654 4922 1
693 4881 812 4926 seu.

657 4881 878 5006 cfigdit.
908 4933 1155 5006 3,716.38,
1195 4943 1328 4988 tom.
1353 4933 1438 5003 III,
1466 4951 1586 5006 pag.
1617 4935 1740 4992 517.

655 5005 710 5077 τι)
734 5005 870 5077 Ριις.
903 5005 1026 5077 597-

621 5074 700 5145 ,(ο)
733 5074 864 5145 Pag.
897 5074 1021 5129 534.

619 5145 698 5216 (Γ)
736 5145 864 5216 Pag.
895 5145 1022 5216 570.
1046 5212 1144 5216 ____
1215 5213 1236 5216 _
1651 5213 1701 5216 μ
1915 5157 1918 5160 ‘

635 5212 712 5290 to
749 5212 982 5290 Inicod-
1034 5212 1149 5268 ενι
1203 5213 1278 5290 (εει
1327 5229 1436 5281 quo
1643 5213 1714 5290 ξε

563 5283 718 5348 seni,
744 5293 798 5340 et
829 5285 898 5340 de
911 5299 1036 5353 quo
1067 5283 1304 5338 notanda
1333 5293 1418 5336 est
1447 5283 1848 5339 animadversio
1869 5283 2088 5338 Kollarii
2111 5327 2124 5346 .

567 5376 689 5430 pag.
721 5355 858 5426 59),
889 5369 973 5407 nr.
1001 5354 1101 5436 1.2,
1128 5355 1230 5434 ‘01-.
1261 5356 1314 5408 in
1345 5353 1696 5434 Theodorum,
1731 5364 1786 5410 et
1815 5371 1898 5434 nr.
1933 5355 2031 5416 1'5,
2071 5371 2128 5407 m

566 5427 797 5504 Ingruit:
833 5422 1034 5504 Metelli
1057 5465 1073 5490 ,
1103 5435 1252 5504 item
1276 5463 1292 5488 ,
1347 5441 1401 5504 tu
1461 5423 1819 5504 facetiarum,
1862 5425 2124 5504 innecti.

565 5493 820 5564 CXLVII.
867 5491 954 5550 nr.
997 5495 1050 5550 5.
1103 5491 1191 5564 VL
1219 5493 1408 5548 Lamb.
1459 5493 1548 5556 IV,
1575 5509 1698 5564 pag.
1728 5495 1797 5548 55
1825 5502 1877 5549 et
1905 5493 2010 5547 266
2037 5495 2123 5548 ed.

568 5562 772 5622 Kollar.
799 5595 868 5606 —-
897 5565 951 5635 l_n
994 5565 1116 5620 cod.
1151 5562 1220 5617 XI
1269 5564 1402 5635 (qui
1445 5562 1686 5635 eo_ntinet
1729 5579 1984 5635 magnoin
2023 5579 2128 5635 me-

569 5637 844 5700 nologium
897 5633 1208 5690 Graecorum
1265 5632 1437 5689 mens.
1493 5632 1706 5700 Febr.)
1763 5632 1848 5687 nr.
1907 5633 1998 5686 26.
2059 5632 2122 5686 V.

570 5701 763 5762 Lamb.
799 5703 914 5776 VIII
935 5747 949 5772 ,
982 5721 1114 5776 pag.
1136 5703 1390 5760 183.—-|n
1423 5703 1548 5776 cod.
1582 5703 1984 5776 Mopacltzylll
2007 5743 2021 5764 ,

571 5777 692 5828 Cat.
737 5775 898 5830 codd.
938 5771 1296 5844 'G'rfBavar.
1335 5789 1454 5844 pag.
1504 5775 1556 5828 5.
1591 5774 1734 5844 -—In
1761 5771 1914 5844 ~XIV,
1962 5773 2120 5828 codd.

576 5845 711 5902 bibl.
753 5844 909 5902 Pnbl.
955 5845 1132 5903 Paris.
1156 5875 1224 5885 —
1253 5843 1492 5914 Illosqitze
1533 5845 1586 5899 in
1617 5843 1739 5900 cod.
1781 5843 1843 5906 V,
1877 5852 2014 5914 part.
2047 5859 2120 5910 II,

549 6479 662 6492 ’νε-...Ξ

2231 667 2352 722 pag.
2385 651 2475 704 28.
2500 650 2820 705 —-deob.
2853 651 2906 704 in
2941 648 3101 704 codd.
3157 645 3358 706 Cassar.
3407 642 3548 709 XIX,
3599 659 3684 696 nr.
3719 641 3794 694 22

2230 739 2414 804 etXX,
2449 757 2530 794 nr.
2569 741 2621 794 5.
2655 739 2816 793 Plura
2837 739 2956 794 vide
2979 739 3046 794 de
3078 738 3185 792 illis
3211 736 3265 789 in
3295 735 3549 788 Lambec.
3587 749 3790 788 comm.

2231 828 2368 895 VIII,
2406 845 2458 900 p.
2490 829 2586 884 591
2629 839 2682 884 et
2714 830 2817 884 598
2856 829 2982 883 add.
3018 827 3140 882 cod.
3171 823 3284 881 CVI
3339 827 3358 894 (
3386 823 3476 892 qui
3499 821 3568 875 28
3597 837 3788 892 opusr'.

2227 919 2458 993 Nysseni
2501 921 2784 992 continet),
2841 937 2922 974 nr.
2953 920 3042 972 25.
3080 917 3145 972 V.
3196 915 3450 969 Lambec.
3481 911 3569 976 IV,
3613 929 3667 982 p.
3699 913 3790 966 58.

2227 1044 2294 1056 -
2331 1012 2598 1067 Monachii
2643 1013 2696 1064 in
2721 1011 2842 1065 cod.
2890 1007 3095 1064 LXXII.
3123 1005 3189 1060 V.
3242 1013 3348 1059 cat.
3393 1004 3548 1058 codd.
3599 1002 3788 1056 Bavar.

2229 1121 2353 1176 pag.
2386 1105 2560 1159 2.1-—
2593 1103 2816 1158 Taurini
2857 1103 2912 1156 in
2937 1101 3060 1156 cod.
3087 1097 3272 1161 LXIX,
3314 1097 3410 1150 l‘ol.
3443 1097 3529 1150 54.
3565 1093 3630 1148 V.
3679 1103 3788 1150 cat.

2228 1199 2385 1252 codd.
2431 1195 2524 1252 Gr.
2567 1196 2732 1251 Taur.
2795 1212 2914 1268 pag.
2962 1194 3084 1248 164.
3126 1222 3196 1232 --
3235 1189 3520 1245 Florentize
3561 1190 3616 1243 in
3663 1189 3787 1244 cod.

2227 1289 2485 1344 Laurent.
2519 1287 2684 1347 XXV,
2708 1305 2794 1342 nr.
2825 1288 2878 1350 5,
2908 1286 3041 1356 plut.
3079 1284 3132 1339 7.
3155 1283 3219 1339 V.
3252 1281 3478 1336 Bandin.
3501 1289 3605 1334 cat.
3626 1281 3718 1334 cit.
3749 1281 3788 1342 Ι,

2229 1393 2352 1450 pag.
2383 1379 2510 1442 276,
2541 1385 2598 1432 ut
2629 1379 2840 1432 mittam
2863 1374 3021 1430 codd.
3067 1389 3097 1428 a
3119 1373 3412 1426 Montlauc.
3451 1373 3505 1425 in
3540 1371 3671 1426 Bibl.
3709 1371 3786 1424 bi-

2227 1471 2410 1526 blioth.
2438 1471 2652 1528 citatos.
2682 1469 2853 1523 lianc.

2295 1583 2382 1640 59.
2414 1580 2743 1651 Ἐγ-κώμιον,
2770 1581 2976 1636 Laudes
3005 1580 3178 1650 magni
3207 1578 3454 1648 martyris
3511 1575 3790 1641 Theodori,

2227 1691 2272 1740 s.
2317 1673 2578 1728 Theodori
2619 1673 2838 1742 Tyrouis
2864 1713 2879 1734 ,
2923 1671 3154 1726 militum
3195 1669 3436 1740 praefecti
3479 1668 3581 1724 sub
3621 1667 3792 1722 Maxi-

2225 1765 2375 1832 mino
2414 1763 2481 1832 (f)
2521 1779 2644 1834 pag.
2687 1762 3040 1828 1002-10l8,
3081 1777 3203 1818 cum
3247 1761 3504 1815 versione
3543 1758 3790 1828 ejusdem

2231 1855 2425 1911 Sifani.
2458 1856 2652 1926 Incipit
2685 1874 2698 1910 :
2743 1856 2928 1926 Ὑμεῖς
2959 1857 2988 1908 ὁ
3021 1854 3116 1908 τοῦ
3167 1852 3400 1924 Χριστοῦ
3431 1853 3577 1918 λαός.
3617 1851 3790 1906 Vertit

2228 1955 2282 2002 et
2331 1947 2532 2010 Zinus,
2564 1964 2630 2002 ex
2665 1947 2824 2014 cujus
2860 1948 3112 2010 versione
3147 1951 3326 2011 exstat
3373 1943 3518 2014 apud
3563 1943 3790 2006 Surium

2228 2037 2294 2090 ad
2326 2036 2392 2090 12
2417 2037 2706 2091 Novembr.
2733 2036 2806 2092 De
2833 2051 2962 2092 mss.
2992 2036 3196 2090 Graecis
3222 2034 3504 2090 codicibus
3527 2033 3792 2087 Caesareis

2227 2126 2350 2180 vide
2379 2125 2728 2194 Lanibecium
2762 2125 2850 2191 IV,
2897 2142 2952 2195 p.
2997 2127 3087 2194 26,
3119 2127 3257 2188 111,
3295 2125 3370 2196 (9)
3407 2123 3555 2188 VIII,
3599 2141 3654 2194 p.
3697 2122 3788 2178 86.

2227 2218 2309 2270 Ad
2340 2218 2552 2286 objecta
2573 2258 2587 2281 ,
2619 2219 2819 2286 quibus
2853 2219 3104 2272 nonnulli
3137 2219 3277 2271 hanc
3310 2218 3612 2272 orationem
3649 2215 3790 2286 Nys-

2229 2325 2362 2364 seno
2393 2309 2712 2380 abjudicant
2734 2353 2748 2376 ,
2785 2311 3070 2380 respondit
3103 2309 3314 2364 Natalis
3343 2307 3651 2362 Alexander
3685 2323 3789 2360 sae-

2227 2404 2353 2456 culo
2387 2402 2457 2456 IV
2480 2444 2494 2466 ,
2535 2419 2657 2473 cap.
2691 2404 2744 2467 6,
2781 2419 2902 2474 pag.
2943 2404 3046 2458 145
3075 2419 3192 2472 seq.
3225 2403 3480 2458 editionis
3533 2401 3588 2454 in
3635 2399 3786 2453 lolio.

2229 2494 2394 2548 Faue.
2447 2495 2890 2550 Dubitationibus
2945 2495 3180 2560 aliorum
3230 2495 3396 2562 etiam
3453 2491 3792 2560 reSpondent

2229 2586 2306 2640 Du
2337 2587 2434 2639 Pin
2463 2586 2517 2640 in
2549 2587 2685 2640 Bibl.
2718 2586 2809 2639 des
2839 2596 2952 2640 aut.
2980 2585 3108 2652 eccl.
3142 2593 3272 2639 tom.
3307 2583 3382 2648 II,
3413 2597 3534 2653 pag.
3564 2582 3700 2644 252,
3735 2590 3790 2635 et

2225 2678 2423 2732 Oudin.
2453 2677 2510 2741 I,
2537 2693 2660 2750 pag.
2689 2678 2814 2732 60-7.
2845 2677 3016 2742 HanL.

2295 2793 2384 2848 60.
2431 2792 2784 2862 Ἐπιτάφιος,
2815 2792 3001 2848 Oratio
3028 2791 3282 2861 funebris,
3315 2791 3368 2844 in
3397 2807 3642 2860 magnum
3675 2789 3786 2842 He—

2227 2885 2430 2950 letium,
2475 2885 2770 2938 Antiochia!
2815 2886 3144 2954 episcopum,
3173 2899 3224 2936 a.
3257 2883 3318 2937 C.
3347 2884 3444 2938 581
3471 2923 3486 2946 ,
3522 2882 3590 2935 12
3625 2881 3786 2935 Febr.

2224 2975 2538 3030 defunctum
2559 3017 2574 3042 ,
2605 2977 2750 3030 dicta
2785 2975 2838 3029 in
2874 2975 3214 3031 (Bcumenico
3249 2975 3482 3030 concilio
3517 2974 3789 3028 Constan-

2225 3067 2584 3138 tinopolitano
2618 3068 2855 3139 (h),pag.
2886 3067 3216 3130 1019-1027,
3251 3083 3372 3122 cum
3409 3065 3571 3120 Laur.
3612 3064 3787 3118 Sifani

2226 3159 2473 3212 versione
2507 3167 2560 3212 et
2599 3157 2778 3212 Ι)υωί
2839 3158 3002 3212 notis.
3045 3158 3278 3226 Incipit:
3328 3158 3487 3226 Ἡμῖν
3529 3155 3618 3208 τὸν
3668 3155 3788 3223 ἀρι-

2146 3247 2188 3306 C
2222 3247 2358 3316 Θμὸν
2385 3247 2492 3302 τῶν
2523 3248 2855 3304 Ἀποστόλων
2885 3249 2912 3300 ὁ
2935 3247 3054 3310 νέος
3087 3245 3420 3308 Ἀπόστολος.
3449 3247 3506 3300 In
3533 3261 3635 3302 ms.
3665 3245 3790 3313 qui-

2223 3337 2449 3392 busdam
2491 3340 2632 3393 male
2667 3339 2930 3394 tribuitur
2969 3353 3168 3406 magno
3201 3336 3424 3392 Basilio.
3461 3336 3540 3390 Ad
3575 3336 3782 3406 Nysse-

2221 3445 2350 3486 num
2401 3429 2570 3484 refert
2619 3430 2782 3484 etiam
2832 3429 3004 3484 codex
3049 3429 3333 3484 Caesareus
3375 3429 3516 3498 apud
3552 3427 3790 3482 Lambe-

2219 3517 2364 3578 cinm
2397 3516 2465 3576 III
2488 3557 2504 3580 ,
2540 3533 2662 3587 pag.
2701 3518 2835 3580 129,
2871 3518 2934 3586 (i)
2971 3525 3024 3573 et
3061 3517 3311 3589 Nysseno
3347 3519 3589 3572 vindicat
3623 3517 3788 3572 Nice-

2223 3609 2425 3678 phorius
2457 3607 2562 3671 XI,
2596 3609 2686 3670 29,
2723 3607 2868 3662 Hist.
2915 3607 3022 3680 [It.
3058 3607 3309 3672 Socrates
3355 3609 3410 3666 in
3459 3607 3607 3664 Hist.
3657 3611 3786 3664 eccl.

2224 3701 2349 3756 libr.
2384 3717 2438 3766 v,
2469 3700 2524 3764 9,
2579 3708 2634 3756 et
2661 3702 2752 3756 alii
2788 3701 2930 3774 apud
2951 3700 3217 3760 Lambec.
3248 3699 3314 3756 ad
3349 3700 3386 3754 I.
3419 3701 3513 3754 cit.
3544 3699 3564 3772 ]

2291 3833 2378 3888 61.
2433 3833 2772 3904 Ἐγκώμιον,
2831 3833 3041 3898 Laudes
3107 3833 3164 3888 S.
3228 3833 3412 3889 Patris
3495 3833 3786 3901 Ephraim,

2223 3925 2347 3998 Syri
2383 3927 2485 3998 (j),
2533 3942 2654 4002 pag.
2686 3925 3018 3989 1027-1018,
3061 3941 3184 3990 cum
3234 3928 3484 3982 versione
3523 3924 3786 3980 Gerhardi

2223 4018 2435 4082 Vossii,
2499 4017 2834 4088 Tungrensis
2881 4020 3154 4090 episcopi,
3199 4037 3318 4088 quae
3361 4021 3536 4072 lucem
3581 4017 3787 4071 viderat

2222 4125 2346 4164 cum
2379 4113 2499 4180 ejus
2539 4112 2765 4165 scholiis
2809 4121 2934 4186 ante
2979 4128 3140 4182 opera
3179 4112 3456 4182 Ephraimi
3497 4111 3564 4164 ab
3595 4111 3784 4164 eodem

2231 4199 2429 4255 Vossio
2463 4203 2620 4256 Rom.
2657 4203 2796 4256 1589
2821 4246 2836 4270 ,
2873 4203 2967 4256 l'ol.
2993 4242 3007 4267 ,
3043 4214 3098 4257 et
3133 4203 3328 4258 deinde
3358 4203 3594 4256 Colonia“:
3625 4210 3790 4267 atque

2227 4297 2573 4366 Antwerpiae.
2619 4295 2854 4366 Incipit:
2897 4295 3054 4347 Κινεῖ
3093 4311 3158 4360 με
3207 4294 3344 4366 πρὸς
3379 4293 3476 4352 τὴν
3511 4290 3792 4361 παροῦσαν

2229 4387 2504 4444 ὑπόθεσιν.
2555 4385 2718 4439 Fusa.
2771 4384 2908 4438 Num
2957 4387 3248 4454 genuinum
3288 4385 3393 4448 sit,
3449 4387 3645 4446 'necne,
3703 4381 3791 4435 in-

2157 4573 2200 4627 Ῐ)
2230 4585 2370 4640 Bibl.
2424 4583 2609 4654 synod.
2668 4583 2733 4638 V.
2791 4583 3022 4654 Matthrei
3069 4585 3222 4638 notit.
3268 4583 3426 4639 codd.
3467 4584 3560 4639 Gr.
3617 4583 3786 4652 Mosq.

2233 4673 2352 4726 pag.
2387 4653 2467 4718 6,7
2484 4673 2569 4709 nr.
2604 4655 2656 4708 6.
2685 4685 2753 4693 —-—
2782 4653 2855 4709 De
2889 4657 3006 4722 ipso
3049 4654 3335 4726 Theodoro
3377 4655 3789 4726 ejusqugmar-

2233 4723 2374 4796 iyrio
2402 4734 2456 4780 et
2488 4735 2697 4796 sancta
2721 4728 2978 4796 men'toria
3025 4726 3244 4796 copiose
3286 4725 3526 4792 disputat
3565 4723 3790 4776 Werns-

2229 4793 2356 4860 dorf
2377 4796 2448 4860 ad
2479 4795 2622 4850 Man.
2669 4793 2836 4848 Philae
2878 4795 3122 4847 carmina
3175 4793 3268 4850 Gr.
3317 4796 3553 4864 pagis,
3585 4811 3700 4864 seq.
3735 4809 3784 4848 s.

2231 4867 2286 4920 in
2331 4867 2699 4919 introdutione
2742 4865 2796 4916 in
2845 4865 3010 4932 ignoti
3045 4874 3214 4934 poeta:
3253 4863 3409 4934 in'_S.
3445 4863 3786 4918 Theodorum

2229 4952 2448 4990 carmen
2472 4975 2486 4999 ,
2520 4935 2651 4988 ibid.
2689 4950 2809 5003 pag.
2844 4931 2910 4987 Η
2937 4931 3060 5003 seq.
3081 4934 3307 4987 editum.
3341 4931 3514 4988 HARL.

2301 4952 2448 4989 rmen
2472 4975 2486 4999 ,
2520 4951 2651 4988 uno.
2727 4951 2809 5002 ag.
2844 4951 2910 4987 14
2937 4951 3051 5003 seq.
3081 4951 3307 4987 cultum.
3343 4951 3408 4988 tu

2301 5005 2378 5086 (it)
2401 5005 2561 5086 fidit.
2589 4951 2878 5086 §._i)638,'
2903 5015 3034 5058 tom.
3069 5004 3168 5086 Ill,
3201 5004 3408 5086 p._58_(_):

2299 5077 2360 5145 (ἱ)
2399 5075 2558 5128 Errat
2587 5073 2802 5128 Fabric.
2838 5074 3080 5141 Namque
3105 5079 3158 5128 in
3189 5076 3296 5127 vol.
3336 5074 3440 5138 III,
3478 5089 3600 5144 pag.
3645 5073 3784 5138 551,

2229 5148 2318 5199 ed.
2357 5145 2560 5200 Kollar.
2593 5146 2646 5198 in
2682 5145 2799 5199 cod.
2837 5143 3062 5206 LXVII,
3097 5161 3180 5198 nr.
3209 5145 3314 5208 21,
3351 5145 3489 5198 male
3525 5145 3785 5197 tribuitur

2229 5213 2432 5270 Basilio
2460 5214 2554 5274 M.,
2591 5215 2680 5268 ubi
2711 5214 2962 5268 Lambec.
2998 5215 3160 5267 etiam
3193 5223 3446 5283 provocat
3476 5214 3540 5266 ad
3576 5213 3783 5282 Marty-

2231 5285 2486 5354 rologium
2519 5283 2812 5337 Romanum
2847 5285 2902 5337 d.
2938 5284 3005 5336 12
3065 5284 3402 5354 Febaatque
3448 5283 3578 5336 ibid.
3630 5292 3784 5335 notas

2229 5351 2521 5410 cardinalis
2551 5355 2788 5409 Baronii.
2817 5354 3016 5408 Contra
3043 5354 3099 5408 in
3127 5353 3246 5408 cod.
3273 5351 3405 5416 CVI,
3437 5369 3522 5406 nr.
3552 5354 3636 5414 15,
3663 5355 3786 5420 jure

2230 5427 2519 5494 ascribitur
2545 5423 2804 5493 Gregorio
2838 5423 3201 5494 Nysseno.’V.
3245 5422 3497 5494 Lambec.
3532 5421 3622 5485 IV,
3657 5438 3779 5491 pag.

2228 5495 2317 5549 55.
2347 5493 2706 5548 —Praeterea
2765 5493 3034 5562 reperitur
3097 5493 3185 5544 illa
3243 5503 3381 5546 orat.
3430 5493 3491 5562 in
3550 5495 3785 5562 quat‘nor

2228 5566 2388 5618 codd.
2429 5563 2603 5617 Paris.
2641 5564 2772 5616 bibl.
2810 5563 2964 5615 Pnbl.
2997 5571 3050 5617 et
3097 5562 3148 5614 in
3192 5565 3320 5616 cod.
3359 5561 3523 5616 LXXI
3552 5561 3779 5616 Taurin.

2227 5637 2422 5702 sa-pins
2453 5635 2685 5687 laudato.
2719 5632 2785 5689 V.
2814 5633 2890 5702 de
2910 5632 3110 5686 Basilio
3139 5631 3210 5685 Μ.
3247 5649 3367 5702 pag.
3399 5633 3532 5698 102,
3563 5649 3649 5688 nr.
3681 5631 3781 5698 50,

2227 5700 2336 5760 voI.
2371 5703 2512 5756 VIII.
2546 5712 2654 5756 vet.
2685 5705 2816 5757 edit.
2850 5700 3019 5758 ΙΙΑιιι..

2297 5775 2382 5847 (i)
2426 5773 2562 5828 Edit.
2601 5789 2650 5828 a.
2685 5774 2854 5840 1638,
2883 5782 3012 5830 tom.
3046 5771 3108 5827 ΙΙΙ
3131 5814 3146 5840 ,
3175 5789 3294 5845 pag.
3331 5773 3453 5830 595.
