  <div class='ocr_page' id='page_1' title='image "/cluster/home/n/w/nwhite01/storage/ocr_20150623/44/hvd.32044012542270/026.png"; bbox 0 0 4110 6484; ppageno 0'>
   <div class='ocr_carea' id='block_1_1' title="bbox 230 360 1785 429">
    <p class='ocr_par' dir='ltr' id='par_1_1' title="bbox 230 367 1785 428">
     <span class='ocr_line' id='line_1_1' title="bbox 230 367 1785 428; baseline -0.004 0"><span class='ocrx_word' id='word_1_1' title='bbox 230 371 300 428; x_wconf 72' lang='lat'><strong>55</strong></span> <span class='ocrx_word' id='word_1_2' title='bbox 1443 368 1725 427; x_wconf 83' lang='grc' dir='ltr'><strong>ΝΟΤΙἸῚΑ</strong></span> <span class='ocrx_word' id='word_1_3' title='bbox 1766 367 1785 423; x_wconf 93' lang='lat' dir='ltr'><strong>I</strong></span> 
     </span>
    </p>
   </div>
   <div class='ocr_carea' id='block_1_2' title="bbox 1888 360 3447 429">
    <p class='ocr_par' dir='ltr' id='par_1_2' title="bbox 1896 360 3447 429">
     <span class='ocr_line' id='line_1_2' title="bbox 1896 360 3447 429; baseline 0.006 -9"><span class='ocrx_word' id='word_1_4' title='bbox 1896 364 2238 423; x_wconf 79' lang='lat' dir='ltr'><strong>FABRICIO.</strong></span> <span class='ocrx_word' id='word_1_5' title='bbox 3377 360 3447 429; x_wconf 76' lang='lat' dir='ltr'><strong>3t</strong></span> 
     </span>
    </p>
   </div>
   <div class='ocr_carea' id='block_1_3' title="bbox 228 484 3445 566">
    <p class='ocr_par' dir='ltr' id='par_1_3' title="bbox 228 484 3445 566">
     <span class='ocr_line' id='line_1_3' title="bbox 228 484 3445 566; baseline 0.002 -23"><span class='ocrx_word' id='word_1_6' title='bbox 228 488 397 562; x_wconf 88' lang='lat' dir='ltr'><strong>quirit</strong></span> <span class='ocrx_word' id='word_1_7' title='bbox 424 488 751 546; x_wconf 83' lang='lat' dir='ltr'><strong>Assemann.</strong></span> <span class='ocrx_word' id='word_1_8' title='bbox 787 484 853 543; x_wconf 86' lang='lat' dir='ltr'><strong>ad</strong></span> <span class='ocrx_word' id='word_1_9' title='bbox 889 490 1165 562; x_wconf 86' lang='lat' dir='ltr'><strong>Ephraimi</strong></span> <span class='ocrx_word' id='word_1_10' title='bbox 1214 491 1334 562; x_wconf 83' lang='lat' dir='ltr'><strong>Syri</strong></span> <span class='ocrx_word' id='word_1_11' title='bbox 1370 490 1509 563; x_wconf 91' lang='lat' dir='ltr'><strong>Opp.</strong></span> <span class='ocrx_word' id='word_1_12' title='bbox 1542 492 1777 562; x_wconf 80' lang='lat' dir='ltr'><strong>prolcgg.</strong></span> <span class='ocrx_word' id='word_1_13' title='bbox 1811 494 1857 549; x_wconf 88' lang='lat' dir='ltr'><strong>A</strong></span> <span class='ocrx_word' id='word_1_14' title='bbox 1886 488 1997 544; x_wconf 88' lang='lat' dir='ltr'><strong>rias</strong></span> <span class='ocrx_word' id='word_1_15' title='bbox 2051 490 2313 544; x_wconf 90' lang='lat' dir='ltr'><strong>lectiones</strong></span> <span class='ocrx_word' id='word_1_16' title='bbox 2360 507 2391 545; x_wconf 89' lang='lat' dir='ltr'><strong>e</strong></span> <span class='ocrx_word' id='word_1_17' title='bbox 2430 490 2617 545; x_wconf 80' lang='lat' dir='ltr'><strong>codice</strong></span> <span class='ocrx_word' id='word_1_18' title='bbox 2665 486 3066 550; x_wconf 73' lang='lat' dir='ltr'><strong>Vindoboncnsi</strong></span> <span class='ocrx_word' id='word_1_19' title='bbox 3100 492 3445 566; x_wconf 78' lang='lat' dir='ltr'><strong>[CCXXXV,</strong></span> 
     </span>
    </p>
   </div>
   <div class='ocr_carea' id='block_1_4' title="bbox 229 579 1788 653">
    <p class='ocr_par' dir='ltr' id='par_1_4' title="bbox 229 579 1788 653">
     <span class='ocr_line' id='line_1_4' title="bbox 229 579 1788 653; baseline 0.003 -21"><span class='ocrx_word' id='word_1_20' title='bbox 229 579 416 649; x_wconf 84' lang='lat' dir='ltr'><strong>pag.‘6</strong></span> <span class='ocrx_word' id='word_1_21' title='bbox 436 621 450 646; x_wconf 96' lang='lat'><strong>,</strong></span> <span class='ocrx_word' id='word_1_22' title='bbox 484 581 507 632; x_wconf 89' lang='lat'><strong>1</strong></span> <span class='ocrx_word' id='word_1_23' title='bbox 534 621 551 647; x_wconf 92' lang='lat'><strong>,</strong></span> <span class='ocrx_word' id='word_1_24' title='bbox 587 580 640 635; x_wconf 92' lang='lat' dir='ltr'><strong>in</strong></span> <span class='ocrx_word' id='word_1_25' title='bbox 675 582 971 653; x_wconf 84' lang='lat' dir='ltr'><strong>eodemque</strong></span> <span class='ocrx_word' id='word_1_26' title='bbox 1001 584 1105 639; x_wconf 83' lang='lat' dir='ltr'><strong>vol.</strong></span> <span class='ocrx_word' id='word_1_27' title='bbox 1139 583 1325 639; x_wconf 89' lang='lat' dir='ltr'><strong>recudi</strong></span> <span class='ocrx_word' id='word_1_28' title='bbox 1360 582 1487 639; x_wconf 80' lang='lat' dir='ltr'><strong>fecit</strong></span> <span class='ocrx_word' id='word_1_29' title='bbox 1516 583 1569 638; x_wconf 93' lang='lat' dir='ltr'><strong>in</strong></span> <span class='ocrx_word' id='word_1_30' title='bbox 1600 598 1788 653; x_wconf 86' lang='lat' dir='ltr'><strong>Opusc.</strong></span> 
     </span>
    </p>
   </div>
   <div class='ocr_carea' id='block_1_5' title="bbox 224 673 1786 748">
    <p class='ocr_par' dir='ltr' id='par_1_5' title="bbox 224 673 1786 748">
     <span class='ocr_line' id='line_1_5' title="bbox 224 673 1786 748; baseline 0.001 -20"><span class='ocrx_word' id='word_1_31' title='bbox 224 673 411 728; x_wconf 76' lang='lat' dir='ltr'><strong>Graece</strong></span> <span class='ocrx_word' id='word_1_32' title='bbox 457 681 620 743; x_wconf 88' lang='lat' dir='ltr'><strong>atque</strong></span> <span class='ocrx_word' id='word_1_33' title='bbox 665 674 782 728; x_wconf 91' lang='lat' dir='ltr'><strong>Lat.</strong></span> <span class='ocrx_word' id='word_1_34' title='bbox 817 674 878 729; x_wconf 89' lang='lat' dir='ltr'><strong>V.</strong></span> <span class='ocrx_word' id='word_1_35' title='bbox 911 676 977 730; x_wconf 91' lang='lat' dir='ltr'><strong>de</strong></span> <span class='ocrx_word' id='word_1_36' title='bbox 1030 675 1195 747; x_wconf 81' lang='lat' dir='ltr'><strong>Ephr.</strong></span> <span class='ocrx_word' id='word_1_37' title='bbox 1235 675 1371 748; x_wconf 86' lang='lat' dir='ltr'><strong>Syro</strong></span> <span class='ocrx_word' id='word_1_38' title='bbox 1418 677 1474 730; x_wconf 89' lang='lat' dir='ltr'><strong>b.</strong></span> <span class='ocrx_word' id='word_1_39' title='bbox 1524 677 1629 730; x_wconf 89' lang='lat' dir='ltr'><strong>vol.</strong></span> <span class='ocrx_word' id='word_1_40' title='bbox 1666 691 1786 748; x_wconf 88' lang='lat' dir='ltr'><strong>pag.</strong></span> 
     </span>
    </p>
   </div>
   <div class='ocr_carea' id='block_1_6' title="bbox 224 766 1115 837">
    <p class='ocr_par' dir='ltr' id='par_1_6' title="bbox 224 766 1115 837">
     <span class='ocr_line' id='line_1_6' title="bbox 224 766 1115 837; baseline 0.002 -18"><span class='ocrx_word' id='word_1_41' title='bbox 224 766 328 820; x_wconf 84' lang='lat'><strong>217</strong></span> <span class='ocrx_word' id='word_1_42' title='bbox 358 782 450 837; x_wconf 86' lang='lat' dir='ltr'><strong>seq</strong></span> <span class='ocrx_word' id='word_1_43' title='bbox 506 782 625 836; x_wconf 84' lang='lat' dir='ltr'><strong>pag.</strong></span> <span class='ocrx_word' id='word_1_44' title='bbox 662 767 767 822; x_wconf 74' lang='grc'><strong>225</strong></span> <span class='ocrx_word' id='word_1_45' title='bbox 798 783 911 837; x_wconf 90' lang='lat' dir='ltr'><strong>seq.</strong></span> <span class='ocrx_word' id='word_1_46' title='bbox 949 767 1115 822; x_wconf 67' lang='lat' dir='ltr'><strong>&quot;ABL.</strong></span> 
     </span>
    </p>
   </div>
   <div class='ocr_carea' id='block_1_7' title="bbox 299 860 1790 929">
    <p class='ocr_par' dir='ltr' id='par_1_7' title="bbox 299 860 1790 929">
     <span class='ocr_line' id='line_1_7' title="bbox 299 860 1790 929; baseline 0 -14"><span class='ocrx_word' id='word_1_47' title='bbox 299 862 386 915; x_wconf 91' lang='lat'><strong>62.</strong></span> <span class='ocrx_word' id='word_1_48' title='bbox 427 861 580 929; x_wconf 80' lang='grc' dir='ltr'><strong>Πρὸς</strong></span> <span class='ocrx_word' id='word_1_49' title='bbox 612 861 753 926; x_wconf 80' lang='grc' dir='ltr'><em>τοὺς</em></span> <span class='ocrx_word' id='word_1_50' title='bbox 786 861 1175 927; x_wconf 77' lang='grc' dir='ltr'><strong>πενθοῦντας,</strong></span> <span class='ocrx_word' id='word_1_51' title='bbox 1214 860 1336 914; x_wconf 86' lang='lat' dir='ltr'><strong>Non</strong></span> <span class='ocrx_word' id='word_1_52' title='bbox 1368 879 1479 915; x_wconf 85' lang='lat' dir='ltr'><strong>esse</strong></span> <span class='ocrx_word' id='word_1_53' title='bbox 1512 860 1790 915; x_wconf 84' lang='lat' dir='ltr'><strong>dolendum</strong></span> 
     </span>
    </p>
   </div>
   <div class='ocr_carea' id='block_1_8' title="bbox 228 953 1791 1023">
    <p class='ocr_par' dir='ltr' id='par_1_8' title="bbox 228 953 1791 1023">
     <span class='ocr_line' id='line_1_8' title="bbox 228 953 1791 1023; baseline 0.003 -19"><span class='ocrx_word' id='word_1_54' title='bbox 228 953 292 1007; x_wconf 87' lang='lat' dir='ltr'><strong>de</strong></span> <span class='ocrx_word' id='word_1_55' title='bbox 330 955 571 1020; x_wconf 78' lang='lat' dir='ltr'><strong>mortuis,</strong></span> <span class='ocrx_word' id='word_1_56' title='bbox 613 956 699 1023; x_wconf 86' lang='lat' dir='ltr'><strong>qui</strong></span> <span class='ocrx_word' id='word_1_57' title='bbox 735 969 799 1006; x_wconf 78' lang='lat' dir='ltr'><strong>ex</strong></span> <span class='ocrx_word' id='word_1_58' title='bbox 836 953 933 1006; x_wconf 75' lang='lat' dir='ltr'><strong>hac</strong></span> <span class='ocrx_word' id='word_1_59' title='bbox 970 954 1071 1007; x_wconf 80' lang='lat' dir='ltr'><strong>vita</strong></span> <span class='ocrx_word' id='word_1_60' title='bbox 1108 954 1175 1007; x_wconf 87' lang='lat' dir='ltr'><strong>ad</strong></span> <span class='ocrx_word' id='word_1_61' title='bbox 1206 956 1573 1022; x_wconf 73' lang='lat' dir='ltr'><strong>sempiternam</strong></span> <span class='ocrx_word' id='word_1_62' title='bbox 1615 964 1791 1008; x_wconf 81' lang='lat' dir='ltr'><strong>trans-</strong></span> 
     </span>
    </p>
   </div>
   <div class='ocr_carea' id='block_1_9' title="bbox 227 1045 1789 1117">
    <p class='ocr_par' dir='ltr' id='par_1_9' title="bbox 227 1045 1789 1117">
     <span class='ocr_line' id='line_1_9' title="bbox 227 1045 1789 1117; baseline 0 -17"><span class='ocrx_word' id='word_1_63' title='bbox 227 1051 395 1102; x_wconf 81' lang='lat' dir='ltr'><strong>ierunt</strong></span> <span class='ocrx_word' id='word_1_64' title='bbox 452 1048 549 1115; x_wconf 73' lang='lat' dir='ltr'><strong>la),</strong></span> <span class='ocrx_word' id='word_1_65' title='bbox 610 1055 732 1117; x_wconf 81' lang='lat' dir='ltr'><strong>pag.</strong></span> <span class='ocrx_word' id='word_1_66' title='bbox 780 1045 1107 1109; x_wconf 88' lang='lat'><strong>1049-1076,</strong></span> <span class='ocrx_word' id='word_1_67' title='bbox 1162 1061 1285 1100; x_wconf 92' lang='lat' dir='ltr'><strong>cum</strong></span> <span class='ocrx_word' id='word_1_68' title='bbox 1339 1048 1587 1101; x_wconf 83' lang='lat' dir='ltr'><strong>versione</strong></span> <span class='ocrx_word' id='word_1_69' title='bbox 1644 1046 1789 1100; x_wconf 83' lang='lat' dir='ltr'><strong>Petri</strong></span> 
     </span>
    </p>
   </div>
   <div class='ocr_carea' id='block_1_10' title="bbox 225 1130 1788 1207">
    <p class='ocr_par' dir='ltr' id='par_1_10' title="bbox 225 1130 1788 1207">
     <span class='ocr_line' id='line_1_10' title="bbox 225 1130 1788 1207; baseline -0.003 -14"><span class='ocrx_word' id='word_1_70' title='bbox 225 1130 509 1193; x_wconf 75' lang='lat' dir='ltr'><strong>Francism</strong></span> <span class='ocrx_word' id='word_1_71' title='bbox 546 1137 689 1192; x_wconf 85' lang='lat' dir='ltr'><strong>Zini.</strong></span> <span class='ocrx_word' id='word_1_72' title='bbox 719 1136 956 1206; x_wconf 87' lang='lat' dir='ltr'><strong>Incipit:</strong></span> <span class='ocrx_word' id='word_1_73' title='bbox 992 1138 1054 1188; x_wconf 82' lang='grc' dir='ltr'>Οἱ</span> <span class='ocrx_word' id='word_1_74' title='bbox 1092 1136 1188 1207; x_wconf 81' lang='grc' dir='ltr'><strong>τὴν</strong></span> <span class='ocrx_word' id='word_1_75' title='bbox 1228 1137 1531 1204; x_wconf 85' lang='grc' dir='ltr'>ἀναγκαίαν</span> <span class='ocrx_word' id='word_1_76' title='bbox 1558 1137 1656 1207; x_wconf 82' lang='grc' dir='ltr'><strong>τῆς</strong></span> <span class='ocrx_word' id='word_1_77' title='bbox 1689 1137 1788 1205; x_wconf 83' lang='grc' dir='ltr'><strong>φύ-</strong></span> 
     </span>
    </p>
   </div>
   <div class='ocr_carea' id='block_1_11' title="bbox 228 1228 1789 1301">
    <p class='ocr_par' dir='ltr' id='par_1_11' title="bbox 228 1228 1789 1301">
     <span class='ocr_line' id='line_1_11' title="bbox 228 1228 1789 1301; baseline -0.001 -17"><span class='ocrx_word' id='word_1_78' title='bbox 228 1250 364 1295; x_wconf 82' lang='grc' dir='ltr'>σεως</span> <span class='ocrx_word' id='word_1_79' title='bbox 395 1230 569 1301; x_wconf 78' lang='grc' dir='ltr'><strong>ἡμῶν.</strong></span> <span class='ocrx_word' id='word_1_80' title='bbox 600 1228 771 1285; x_wconf 88' lang='lat' dir='ltr'><strong>Totus</strong></span> <span class='ocrx_word' id='word_1_81' title='bbox 801 1230 854 1284; x_wconf 94' lang='lat' dir='ltr'><strong>in</strong></span> <span class='ocrx_word' id='word_1_82' title='bbox 886 1229 987 1283; x_wconf 91' lang='lat' dir='ltr'><strong>hoc</strong></span> <span class='ocrx_word' id='word_1_83' title='bbox 1021 1244 1270 1284; x_wconf 88' lang='lat' dir='ltr'><strong>sermone</strong></span> <span class='ocrx_word' id='word_1_84' title='bbox 1305 1228 1628 1299; x_wconf 85' lang='lat' dir='ltr'><strong>Origeniana</strong></span> <span class='ocrx_word' id='word_1_85' title='bbox 1688 1230 1789 1283; x_wconf 91' lang='lat' dir='ltr'><strong>do-</strong></span> 
     </span>
    </p>
   </div>
   <div class='ocr_carea' id='block_1_12' title="bbox 228 1319 1785 1393">
    <p class='ocr_par' dir='ltr' id='par_1_12' title="bbox 228 1319 1785 1393">
     <span class='ocr_line' id='line_1_12' title="bbox 228 1319 1785 1393; baseline 0.001 -17"><span class='ocrx_word' id='word_1_86' title='bbox 228 1333 409 1392; x_wconf 86' lang='lat' dir='ltr'><strong>gmata</strong></span> <span class='ocrx_word' id='word_1_87' title='bbox 430 1322 572 1391; x_wconf 88' lang='lat' dir='ltr'><strong>sapit</strong></span> <span class='ocrx_word' id='word_1_88' title='bbox 594 1321 1064 1393; x_wconf 64' lang='lat' dir='ltr'><strong>Nysscnustnn.</strong></span> <span class='ocrx_word' id='word_1_89' title='bbox 1087 1319 1274 1376; x_wconf 79' lang='lat' dir='ltr'><strong>Exstat</strong></span> <span class='ocrx_word' id='word_1_90' title='bbox 1303 1322 1354 1375; x_wconf 92' lang='lat' dir='ltr'><strong>in</strong></span> <span class='ocrx_word' id='word_1_91' title='bbox 1372 1330 1603 1391; x_wconf 83' lang='lat' dir='ltr'><strong>quatuor</strong></span> <span class='ocrx_word' id='word_1_92' title='bbox 1626 1324 1785 1378; x_wconf 87' lang='lat' dir='ltr'><strong>codd.</strong></span> 
     </span>
    </p>
   </div>
   <div class='ocr_carea' id='block_1_13' title="bbox 224 1413 1784 1487">
    <p class='ocr_par' dir='ltr' id='par_1_13' title="bbox 224 1413 1784 1487">
     <span class='ocr_line' id='line_1_13' title="bbox 224 1413 1784 1487; baseline 0.006 -22"><span class='ocrx_word' id='word_1_93' title='bbox 224 1414 401 1469; x_wconf 87' lang='lat' dir='ltr'><strong>Paris.</strong></span> <span class='ocrx_word' id='word_1_94' title='bbox 437 1415 568 1469; x_wconf 88' lang='lat' dir='ltr'><strong>bibl.</strong></span> <span class='ocrx_word' id='word_1_95' title='bbox 590 1413 742 1467; x_wconf 86' lang='lat' dir='ltr'><strong>Publ.</strong></span> <span class='ocrx_word' id='word_1_96' title='bbox 766 1413 923 1469; x_wconf 84' lang='lat' dir='ltr'><strong>Conf.</strong></span> <span class='ocrx_word' id='word_1_97' title='bbox 956 1414 1277 1470; x_wconf 71' lang='lat' dir='ltr'><strong>Scbrmckb.</strong></span> <span class='ocrx_word' id='word_1_98' title='bbox 1303 1417 1336 1469; x_wconf 96' lang='lat' dir='ltr'><strong>I.</strong></span> <span class='ocrx_word' id='word_1_99' title='bbox 1368 1431 1417 1469; x_wconf 92' lang='lat' dir='ltr'><strong>c.</strong></span> <span class='ocrx_word' id='word_1_100' title='bbox 1454 1432 1507 1487; x_wconf 89' lang='lat' dir='ltr'><strong>p.</strong></span> <span class='ocrx_word' id='word_1_101' title='bbox 1541 1417 1643 1472; x_wconf 86' lang='lat'><strong>155</strong></span> <span class='ocrx_word' id='word_1_102' title='bbox 1668 1433 1784 1487; x_wconf 88' lang='lat' dir='ltr'><strong>seq.</strong></span> 
     </span>
    </p>
   </div>
   <div class='ocr_carea' id='block_1_14' title="bbox 223 1504 1359 1574">
    <p class='ocr_par' dir='ltr' id='par_1_14' title="bbox 223 1504 1359 1574">
     <span class='ocr_line' id='line_1_14' title="bbox 223 1504 1359 1574; baseline -0.003 -15"><span class='ocrx_word' id='word_1_103' title='bbox 223 1514 278 1559; x_wconf 86' lang='lat' dir='ltr'><strong>et</strong></span> <span class='ocrx_word' id='word_1_104' title='bbox 309 1504 517 1558; x_wconf 90' lang='lat' dir='ltr'><strong>Semler</strong></span> <span class='ocrx_word' id='word_1_105' title='bbox 548 1504 584 1555; x_wconf 94' lang='lat' dir='ltr'><strong>l.</strong></span> <span class='ocrx_word' id='word_1_106' title='bbox 625 1520 787 1557; x_wconf 87' lang='lat' dir='ltr'><strong>mem.</strong></span> <span class='ocrx_word' id='word_1_107' title='bbox 820 1520 872 1573; x_wconf 92' lang='lat' dir='ltr'><strong>p.</strong></span> <span class='ocrx_word' id='word_1_108' title='bbox 903 1504 1008 1557; x_wconf 88' lang='lat'><strong>259</strong></span> <span class='ocrx_word' id='word_1_109' title='bbox 1040 1521 1155 1574; x_wconf 88' lang='lat' dir='ltr'><strong>seq.</strong></span> <span class='ocrx_word' id='word_1_110' title='bbox 1190 1505 1359 1559; x_wconf 74' lang='lat' dir='ltr'><strong>&quot;ARL.</strong></span> 
     </span>
    </p>
   </div>
   <div class='ocr_carea' id='block_1_15' title="bbox 296 1596 1783 1667">
    <p class='ocr_par' dir='ltr' id='par_1_15' title="bbox 296 1596 1783 1667">
     <span class='ocr_line' id='line_1_15' title="bbox 296 1596 1783 1667; baseline 0.002 -16"><span class='ocrx_word' id='word_1_111' title='bbox 296 1598 386 1651; x_wconf 90' lang='lat'><strong>65.</strong></span> <span class='ocrx_word' id='word_1_112' title='bbox 426 1598 506 1651; x_wconf 84' lang='lat' dir='ltr'><strong>Ad</strong></span> <span class='ocrx_word' id='word_1_113' title='bbox 537 1596 854 1651; x_wconf 81' lang='lat' dir='ltr'><strong>Flavianum</strong></span> <span class='ocrx_word' id='word_1_114' title='bbox 880 1600 1103 1666; x_wconf 82' lang='lat' dir='ltr'><strong>epistola</strong></span> <span class='ocrx_word' id='word_1_115' title='bbox 1130 1598 1205 1667; x_wconf 75' lang='grc' dir='ltr'><strong>(ὁ)</strong></span> <span class='ocrx_word' id='word_1_116' title='bbox 1225 1639 1239 1662; x_wconf 96' lang='grc'>,</span> <span class='ocrx_word' id='word_1_117' title='bbox 1269 1609 1456 1653; x_wconf 87' lang='lat' dir='ltr'><strong>contra</strong></span> <span class='ocrx_word' id='word_1_118' title='bbox 1481 1599 1783 1655; x_wconf 87' lang='lat' dir='ltr'><strong>IIclladium</strong></span> 
     </span>
    </p>
   </div>
   <div class='ocr_carea' id='block_1_16' title="bbox 224 1688 1785 1758">
    <p class='ocr_par' dir='ltr' id='par_1_16' title="bbox 224 1688 1785 1758">
     <span class='ocr_line' id='line_1_16' title="bbox 224 1688 1785 1758; baseline 0.002 -15"><span class='ocrx_word' id='word_1_119' title='bbox 224 1690 455 1758; x_wconf 76' lang='lat' dir='ltr'><strong>scripta,</strong></span> <span class='ocrx_word' id='word_1_120' title='bbox 478 1698 599 1758; x_wconf 81' lang='lat' dir='ltr'><strong>post</strong></span> <span class='ocrx_word' id='word_1_121' title='bbox 634 1688 851 1742; x_wconf 87' lang='lat' dir='ltr'><strong>Petrum</strong></span> <span class='ocrx_word' id='word_1_122' title='bbox 880 1690 1231 1745; x_wconf 86' lang='lat' dir='ltr'><strong>Sebastenuin</strong></span> <span class='ocrx_word' id='word_1_123' title='bbox 1257 1706 1305 1746; x_wconf 88' lang='lat' dir='ltr'><strong>a.</strong></span> <span class='ocrx_word' id='word_1_124' title='bbox 1336 1691 1395 1745; x_wconf 88' lang='lat' dir='ltr'><strong>C.</strong></span> <span class='ocrx_word' id='word_1_125' title='bbox 1431 1692 1535 1745; x_wconf 87' lang='lat'><strong>592</strong></span> <span class='ocrx_word' id='word_1_126' title='bbox 1592 1692 1785 1747; x_wconf 62' lang='lat' dir='ltr'><strong>defun»</strong></span> 
     </span>
    </p>
   </div>
   <div class='ocr_carea' id='block_1_17' title="bbox 229 1781 1779 1850">
    <p class='ocr_par' dir='ltr' id='par_1_17' title="bbox 229 1781 1779 1850">
     <span class='ocr_line' id='line_1_17' title="bbox 229 1781 1779 1850; baseline -0.001 -14"><span class='ocrx_word' id='word_1_127' title='bbox 229 1794 399 1843; x_wconf 86' lang='lat' dir='ltr'><strong>ctum,</strong></span> <span class='ocrx_word' id='word_1_128' title='bbox 426 1798 479 1850; x_wconf 92' lang='lat' dir='ltr'><strong>p.</strong></span> <span class='ocrx_word' id='word_1_129' title='bbox 508 1781 829 1845; x_wconf 83' lang='lat'><strong>1077-1085,</strong></span> <span class='ocrx_word' id='word_1_130' title='bbox 861 1798 981 1835; x_wconf 88' lang='lat' dir='ltr'><strong>cum</strong></span> <span class='ocrx_word' id='word_1_131' title='bbox 1016 1784 1263 1836; x_wconf 84' lang='lat' dir='ltr'><strong>versione</strong></span> <span class='ocrx_word' id='word_1_132' title='bbox 1294 1781 1415 1836; x_wconf 87' lang='lat' dir='ltr'><strong>Joh.</strong></span> <span class='ocrx_word' id='word_1_133' title='bbox 1450 1782 1779 1837; x_wconf 89' lang='lat' dir='ltr'><strong>Leunclavii.</strong></span> 
     </span>
    </p>
   </div>
   <div class='ocr_carea' id='block_1_18' title="bbox 1891 581 3451 656">
    <p class='ocr_par' dir='ltr' id='par_1_18' title="bbox 1891 581 3451 656">
     <span class='ocr_line' id='line_1_18' title="bbox 1891 581 3451 656; baseline 0.002 -22"><span class='ocrx_word' id='word_1_134' title='bbox 1891 596 1975 634; x_wconf 91' lang='lat' dir='ltr'><strong>nr.</strong></span> <span class='ocrx_word' id='word_1_135' title='bbox 2008 581 2096 643; x_wconf 89' lang='lat'><strong>18,</strong></span> <span class='ocrx_word' id='word_1_136' title='bbox 2130 582 2221 635; x_wconf 90' lang='lat' dir='ltr'><strong>ubi</strong></span> <span class='ocrx_word' id='word_1_137' title='bbox 2252 588 2431 635; x_wconf 81' lang='lat' dir='ltr'><strong>exstat</strong></span> <span class='ocrx_word' id='word_1_138' title='bbox 2468 582 2557 637; x_wconf 91' lang='lat' dir='ltr'><strong>ille</strong></span> <span class='ocrx_word' id='word_1_139' title='bbox 2587 583 2844 655; x_wconf 83' lang='lat' dir='ltr'><strong>libellus]</strong></span> <span class='ocrx_word' id='word_1_140' title='bbox 2915 584 3082 640; x_wconf 89' lang='lat' dir='ltr'><strong>habes</strong></span> <span class='ocrx_word' id='word_1_141' title='bbox 3109 586 3251 656; x_wconf 88' lang='lat' dir='ltr'><strong>apud</strong></span> <span class='ocrx_word' id='word_1_142' title='bbox 3286 584 3451 638; x_wconf 88' lang='lat' dir='ltr'><strong>Lam-</strong></span> 
     </span>
    </p>
   </div>
   <div class='ocr_carea' id='block_1_19' title="bbox 1890 671 3450 747">
    <p class='ocr_par' dir='ltr' id='par_1_19' title="bbox 1890 671 3450 747">
     <span class='ocr_line' id='line_1_19' title="bbox 1890 671 3450 747; baseline 0.003 -21"><span class='ocrx_word' id='word_1_143' title='bbox 1890 674 2103 727; x_wconf 89' lang='lat' dir='ltr'><strong>becinm</strong></span> <span class='ocrx_word' id='word_1_144' title='bbox 2136 680 2269 725; x_wconf 90' lang='lat' dir='ltr'><strong>tom.</strong></span> <span class='ocrx_word' id='word_1_145' title='bbox 2303 671 2367 736; x_wconf 83' lang='lat' dir='ltr'><strong>V,</strong></span> <span class='ocrx_word' id='word_1_146' title='bbox 2399 688 2523 743; x_wconf 91' lang='lat' dir='ltr'><strong>pag.</strong></span> <span class='ocrx_word' id='word_1_147' title='bbox 2558 672 2662 736; x_wconf 84' lang='lat'><strong>82,</strong></span> <span class='ocrx_word' id='word_1_148' title='bbox 2696 690 2809 743; x_wconf 86' lang='lat' dir='ltr'><strong>seq.</strong></span> <span class='ocrx_word' id='word_1_149' title='bbox 2845 674 3009 745; x_wconf 86' lang='lat' dir='ltr'><strong>[pag.</strong></span> <span class='ocrx_word' id='word_1_150' title='bbox 3044 674 3182 742; x_wconf 87' lang='lat'><strong>174,</strong></span> <span class='ocrx_word' id='word_1_151' title='bbox 3212 691 3327 747; x_wconf 88' lang='lat' dir='ltr'><strong>seq.</strong></span> <span class='ocrx_word' id='word_1_152' title='bbox 3359 675 3450 731; x_wconf 86' lang='lat' dir='ltr'><strong>ed.</strong></span> 
     </span>
    </p>
   </div>
   <div class='ocr_carea' id='block_1_20' title="bbox 1890 763 3202 839">
    <p class='ocr_par' dir='ltr' id='par_1_20' title="bbox 1890 763 3202 839">
     <span class='ocr_line' id='line_1_20' title="bbox 1890 763 3202 839; baseline 0.004 -23"><span class='ocrx_word' id='word_1_153' title='bbox 1890 763 2095 818; x_wconf 82' lang='lat' dir='ltr'><strong>Kollar.</strong></span> <span class='ocrx_word' id='word_1_154' title='bbox 2136 763 2388 820; x_wconf 88' lang='lat' dir='ltr'><strong>Lambcc.</strong></span> <span class='ocrx_word' id='word_1_155' title='bbox 2422 774 2528 820; x_wconf 84' lang='lat' dir='ltr'><strong>stat</strong></span> <span class='ocrx_word' id='word_1_156' title='bbox 2564 781 2593 819; x_wconf 87' lang='lat' dir='ltr'><strong>a</strong></span> <span class='ocrx_word' id='word_1_157' title='bbox 2624 764 2860 821; x_wconf 84' lang='lat' dir='ltr'><strong>Grctseri</strong></span> <span class='ocrx_word' id='word_1_158' title='bbox 2890 767 3202 839; x_wconf 82' lang='lat' dir='ltr'><strong>partibus].</strong></span> 
     </span>
    </p>
   </div>
   <div class='ocr_carea' id='block_1_21' title="bbox 1957 854 3453 928">
    <p class='ocr_par' dir='ltr' id='par_1_21' title="bbox 1957 854 3453 928">
     <span class='ocr_line' id='line_1_21' title="bbox 1957 854 3453 928; baseline 0.001 -19"><span class='ocrx_word' id='word_1_159' title='bbox 1957 854 2043 909; x_wconf 86' lang='lat'><strong>65.</strong></span> <span class='ocrx_word' id='word_1_160' title='bbox 2080 855 2159 908; x_wconf 80' lang='lat' dir='ltr'><strong>Ad</strong></span> <span class='ocrx_word' id='word_1_161' title='bbox 2181 873 2408 921; x_wconf 81' lang='lat' dir='ltr'><strong>sorores,</strong></span> <span class='ocrx_word' id='word_1_162' title='bbox 2440 855 2797 923; x_wconf 80' lang='lat' dir='ltr'><strong>Eustathiam,</strong></span> <span class='ocrx_word' id='word_1_163' title='bbox 2827 856 3162 911; x_wconf 83' lang='lat' dir='ltr'><strong>Ambrosiam</strong></span> <span class='ocrx_word' id='word_1_164' title='bbox 3185 859 3453 928; x_wconf 78' lang='lat' dir='ltr'><strong>ﬁliamque</strong></span> 
     </span>
    </p>
   </div>
   <div class='ocr_carea' id='block_1_22' title="bbox 1886 946 3456 1019">
    <p class='ocr_par' dir='ltr' id='par_1_22' title="bbox 1886 946 3456 1019">
     <span class='ocr_line' id='line_1_22' title="bbox 1886 946 3456 1019; baseline 0.002 -20"><span class='ocrx_word' id='word_1_165' title='bbox 1886 946 2207 1001; x_wconf 80' lang='lat' dir='ltr'><strong>Basilissam</strong></span> <span class='ocrx_word' id='word_1_166' title='bbox 2248 948 2470 1014; x_wconf 83' lang='lat' dir='ltr'><strong>epistola</strong></span> <span class='ocrx_word' id='word_1_167' title='bbox 2510 948 2711 1018; x_wconf 90' lang='lat' dir='ltr'><strong>scripta</strong></span> <span class='ocrx_word' id='word_1_168' title='bbox 2748 963 2798 1002; x_wconf 90' lang='lat' dir='ltr'><strong>a.</strong></span> <span class='ocrx_word' id='word_1_169' title='bbox 2832 947 2936 1002; x_wconf 86' lang='lat'><strong>580</strong></span> <span class='ocrx_word' id='word_1_170' title='bbox 2985 948 3084 1017; x_wconf 76' lang='grc' dir='ltr'><strong>(ι’),</strong></span> <span class='ocrx_word' id='word_1_171' title='bbox 3134 964 3254 1019; x_wconf 88' lang='lat' dir='ltr'><strong>pag.</strong></span> <span class='ocrx_word' id='word_1_172' title='bbox 3288 948 3456 1003; x_wconf 87' lang='lat'><strong>1088-</strong></span> 
     </span>
    </p>
   </div>
   <div class='ocr_carea' id='block_1_23' title="bbox 1890 1038 3457 1110">
    <p class='ocr_par' dir='ltr' id='par_1_23' title="bbox 1890 1038 3457 1110">
     <span class='ocr_line' id='line_1_23' title="bbox 1890 1038 3457 1110; baseline 0.002 -19"><span class='ocrx_word' id='word_1_173' title='bbox 1890 1038 2046 1099; x_wconf 86' lang='lat'><strong>1094,</strong></span> <span class='ocrx_word' id='word_1_174' title='bbox 2089 1054 2209 1091; x_wconf 89' lang='lat' dir='ltr'><strong>cum</strong></span> <span class='ocrx_word' id='word_1_175' title='bbox 2238 1039 2491 1093; x_wconf 88' lang='lat' dir='ltr'><strong>versione</strong></span> <span class='ocrx_word' id='word_1_176' title='bbox 2514 1038 2682 1093; x_wconf 86' lang='lat' dir='ltr'><strong>lsaaci</strong></span> <span class='ocrx_word' id='word_1_177' title='bbox 2710 1038 3044 1102; x_wconf 87' lang='lat' dir='ltr'><strong>Casauboni,</strong></span> <span class='ocrx_word' id='word_1_178' title='bbox 3075 1041 3167 1109; x_wconf 91' lang='lat' dir='ltr'><strong>qui</strong></span> <span class='ocrx_word' id='word_1_179' title='bbox 3198 1056 3316 1094; x_wconf 88' lang='lat' dir='ltr'><strong>eam</strong></span> <span class='ocrx_word' id='word_1_180' title='bbox 3341 1041 3457 1110; x_wconf 88' lang='lat' dir='ltr'><strong>pri-</strong></span> 
     </span>
    </p>
   </div>
   <div class='ocr_carea' id='block_1_24' title="bbox 1891 1130 3457 1201">
    <p class='ocr_par' dir='ltr' id='par_1_24' title="bbox 1891 1130 3457 1201">
     <span class='ocr_line' id='line_1_24' title="bbox 1891 1130 3457 1201; baseline 0.002 -18"><span class='ocrx_word' id='word_1_181' title='bbox 1891 1146 2010 1185; x_wconf 88' lang='lat' dir='ltr'><strong>mus</strong></span> <span class='ocrx_word' id='word_1_182' title='bbox 2040 1130 2224 1185; x_wconf 70' lang='lat' dir='ltr'><strong>Graece</strong></span> <span class='ocrx_word' id='word_1_183' title='bbox 2254 1146 2375 1185; x_wconf 89' lang='lat' dir='ltr'><strong>cum</strong></span> <span class='ocrx_word' id='word_1_184' title='bbox 2407 1132 2859 1201; x_wconf 87' lang='lat' dir='ltr'><strong>interpretatione</strong></span> <span class='ocrx_word' id='word_1_185' title='bbox 2892 1146 2991 1185; x_wconf 88' lang='lat' dir='ltr'><strong>sua</strong></span> <span class='ocrx_word' id='word_1_186' title='bbox 3023 1140 3077 1185; x_wconf 90' lang='lat' dir='ltr'><strong>et</strong></span> <span class='ocrx_word' id='word_1_187' title='bbox 3099 1132 3328 1186; x_wconf 87' lang='lat' dir='ltr'><strong>eruditis</strong></span> <span class='ocrx_word' id='word_1_188' title='bbox 3358 1144 3457 1186; x_wconf 85' lang='lat' dir='ltr'><strong>no-</strong></span> 
     </span>
    </p>
   </div>
   <div class='ocr_carea' id='block_1_25' title="bbox 1888 1221 3450 1293">
    <p class='ocr_par' dir='ltr' id='par_1_25' title="bbox 1888 1221 3450 1293">
     <span class='ocr_line' id='line_1_25' title="bbox 1888 1221 3450 1293; baseline 0.001 -18"><span class='ocrx_word' id='word_1_189' title='bbox 1888 1224 1960 1277; x_wconf 89' lang='lat' dir='ltr'><strong>tis</strong></span> <span class='ocrx_word' id='word_1_190' title='bbox 1992 1222 2235 1292; x_wconf 80' lang='lat' dir='ltr'><strong>vulgavit</strong></span> <span class='ocrx_word' id='word_1_191' title='bbox 2267 1222 2363 1292; x_wconf 89' lang='lat' dir='ltr'><strong>(g),</strong></span> <span class='ocrx_word' id='word_1_192' title='bbox 2385 1221 2586 1287; x_wconf 85' lang='lat' dir='ltr'><strong>Paris.,</strong></span> <span class='ocrx_word' id='word_1_193' title='bbox 2620 1222 2777 1289; x_wconf 77' lang='lat'><strong>1606,</strong></span> <span class='ocrx_word' id='word_1_194' title='bbox 2797 1222 2852 1287; x_wconf 85' lang='lat'><strong>8,</strong></span> <span class='ocrx_word' id='word_1_195' title='bbox 2884 1230 3047 1293; x_wconf 86' lang='lat' dir='ltr'><strong>atque</strong></span> <span class='ocrx_word' id='word_1_196' title='bbox 3080 1222 3206 1277; x_wconf 89' lang='lat' dir='ltr'><strong>inde</strong></span> <span class='ocrx_word' id='word_1_197' title='bbox 3238 1221 3450 1276; x_wconf 85' lang='lat' dir='ltr'><strong>Hanou.</strong></span> 
     </span>
    </p>
   </div>
   <div class='ocr_carea' id='block_1_26' title="bbox 1887 1314 3455 1384">
    <p class='ocr_par' dir='ltr' id='par_1_26' title="bbox 1887 1314 3455 1384">
     <span class='ocr_line' id='line_1_26' title="bbox 1887 1314 3455 1384; baseline -0.001 -18"><span class='ocrx_word' id='word_1_198' title='bbox 1887 1314 2045 1379; x_wconf 90' lang='lat'><strong>1607,</strong></span> <span class='ocrx_word' id='word_1_199' title='bbox 2078 1315 2111 1369; x_wconf 91' lang='lat'>8</span> <span class='ocrx_word' id='word_1_200' title='bbox 2139 1314 2233 1383; x_wconf 72' lang='grc' dir='ltr'><strong>(ἢ).</strong></span> <span class='ocrx_word' id='word_1_201' title='bbox 2258 1316 2449 1384; x_wconf 90' lang='lat' dir='ltr'><strong>Incipit</strong></span> <span class='ocrx_word' id='word_1_202' title='bbox 2475 1333 2487 1369; x_wconf 91' lang='lat'>:</span> <span class='ocrx_word' id='word_1_203' title='bbox 2514 1314 2578 1368; x_wconf 82' lang='grc' dir='ltr'><strong>’Π</strong></span> <span class='ocrx_word' id='word_1_204' title='bbox 2605 1315 2702 1384; x_wconf 80' lang='grc' dir='ltr'><strong>μὲν</strong></span> <span class='ocrx_word' id='word_1_205' title='bbox 2724 1316 2832 1367; x_wconf 84' lang='grc' dir='ltr'><strong>τῶν</strong></span> <span class='ocrx_word' id='word_1_206' title='bbox 2854 1314 3073 1382; x_wconf 85' lang='grc' dir='ltr'><strong>ἀγαθῶν</strong></span> <span class='ocrx_word' id='word_1_207' title='bbox 3098 1315 3191 1367; x_wconf 81' lang='grc' dir='ltr'><strong>καὶ</strong></span> <span class='ocrx_word' id='word_1_208' title='bbox 3217 1314 3455 1367; x_wconf 79' lang='grc' dir='ltr'><strong>καταθυ-</strong></span> 
     </span>
    </p>
   </div>
   <div class='ocr_carea' id='block_1_27' title="bbox 1889 1403 3453 1475">
    <p class='ocr_par' dir='ltr' id='par_1_27' title="bbox 1889 1403 3453 1475">
     <span class='ocr_line' id='line_1_27' title="bbox 1889 1403 3453 1475; baseline 0.001 -18"><span class='ocrx_word' id='word_1_209' title='bbox 1889 1406 2046 1475; x_wconf 84' lang='grc' dir='ltr'><strong>μίων.</strong></span> <span class='ocrx_word' id='word_1_210' title='bbox 2082 1404 2269 1461; x_wconf 85' lang='lat' dir='ltr'><strong>Jacobi</strong></span> <span class='ocrx_word' id='word_1_211' title='bbox 2301 1406 2541 1461; x_wconf 86' lang='lat' dir='ltr'><strong>Gretseri</strong></span> <span class='ocrx_word' id='word_1_212' title='bbox 2574 1406 2943 1461; x_wconf 88' lang='lat' dir='ltr'><strong>correctiones</strong></span> <span class='ocrx_word' id='word_1_213' title='bbox 2968 1415 3215 1460; x_wconf 87' lang='lat' dir='ltr'><strong>notarum</strong></span> <span class='ocrx_word' id='word_1_214' title='bbox 3250 1403 3453 1461; x_wconf 86' lang='lat' dir='ltr'><strong>Casau-</strong></span> 
     </span>
    </p>
   </div>
   <div class='ocr_carea' id='block_1_28' title="bbox 1885 1496 3448 1568">
    <p class='ocr_par' dir='ltr' id='par_1_28' title="bbox 1885 1496 3448 1568">
     <span class='ocr_line' id='line_1_28' title="bbox 1885 1496 3448 1568; baseline -0.001 -16"><span class='ocrx_word' id='word_1_215' title='bbox 1885 1497 2034 1562; x_wconf 91' lang='lat' dir='ltr'><strong>boni,</strong></span> <span class='ocrx_word' id='word_1_216' title='bbox 2074 1498 2235 1552; x_wconf 75' lang='lat' dir='ltr'><strong>edita:</strong></span> <span class='ocrx_word' id='word_1_217' title='bbox 2276 1498 2509 1568; x_wconf 90' lang='lat' dir='ltr'><strong>primum</strong></span> <span class='ocrx_word' id='word_1_218' title='bbox 2548 1496 2843 1567; x_wconf 85' lang='lat' dir='ltr'><strong>lngolstad.</strong></span> <span class='ocrx_word' id='word_1_219' title='bbox 2883 1497 3041 1560; x_wconf 88' lang='lat'><strong>1604,</strong></span> <span class='ocrx_word' id='word_1_220' title='bbox 3074 1496 3143 1561; x_wconf 94' lang='lat'><strong>4,</strong></span> <span class='ocrx_word' id='word_1_221' title='bbox 3171 1497 3332 1550; x_wconf 85' lang='lat' dir='ltr'><strong>etiam</strong></span> <span class='ocrx_word' id='word_1_222' title='bbox 3379 1497 3448 1551; x_wconf 84' lang='lat' dir='ltr'><strong>ad</strong></span> 
     </span>
    </p>
   </div>
   <div class='ocr_carea' id='block_1_29' title="bbox 1884 1586 3452 1659">
    <p class='ocr_par' dir='ltr' id='par_1_29' title="bbox 1884 1586 3452 1659">
     <span class='ocr_line' id='line_1_29' title="bbox 1884 1586 3452 1659; baseline -0.002 -17"><span class='ocrx_word' id='word_1_223' title='bbox 1884 1590 2087 1643; x_wconf 87' lang='lat' dir='ltr'><strong>calcem</strong></span> <span class='ocrx_word' id='word_1_224' title='bbox 2123 1604 2347 1658; x_wconf 88' lang='lat' dir='ltr'><strong>operum</strong></span> <span class='ocrx_word' id='word_1_225' title='bbox 2381 1588 2610 1659; x_wconf 81' lang='lat' dir='ltr'><strong>Nysseni</strong></span> <span class='ocrx_word' id='word_1_226' title='bbox 2648 1590 2701 1642; x_wconf 92' lang='lat' dir='ltr'><strong>in</strong></span> <span class='ocrx_word' id='word_1_227' title='bbox 2730 1588 3060 1643; x_wconf 87' lang='lat' dir='ltr'><strong>cditionibus</strong></span> <span class='ocrx_word' id='word_1_228' title='bbox 3084 1586 3452 1642; x_wconf 67' lang='lat' dir='ltr'><strong>Gnaeo-Lati-</strong></span> 
     </span>
    </p>
   </div>
   <div class='ocr_carea' id='block_1_30' title="bbox 1885 1680 3448 1751">
    <p class='ocr_par' dir='ltr' id='par_1_30' title="bbox 1885 1680 3448 1751">
     <span class='ocr_line' id='line_1_30' title="bbox 1885 1680 3448 1751; baseline 0.001 -17"><span class='ocrx_word' id='word_1_229' title='bbox 1885 1682 1970 1735; x_wconf 87' lang='lat' dir='ltr'><strong>nis</strong></span> <span class='ocrx_word' id='word_1_230' title='bbox 2004 1681 2263 1749; x_wconf 71' lang='lat' dir='ltr'><strong>subjectze</strong></span> <span class='ocrx_word' id='word_1_231' title='bbox 2294 1688 2445 1746; x_wconf 91' lang='lat' dir='ltr'><strong>sunt,</strong></span> <span class='ocrx_word' id='word_1_232' title='bbox 2479 1680 2788 1736; x_wconf 86' lang='lat' dir='ltr'><strong>Casauboni</strong></span> <span class='ocrx_word' id='word_1_233' title='bbox 2828 1680 3008 1749; x_wconf 89' lang='lat' dir='ltr'><strong>ipsius</strong></span> <span class='ocrx_word' id='word_1_234' title='bbox 3044 1681 3189 1736; x_wconf 89' lang='lat' dir='ltr'><strong>notis</strong></span> <span class='ocrx_word' id='word_1_235' title='bbox 3227 1689 3448 1751; x_wconf 69' lang='lat' dir='ltr'><strong>prater-</strong></span> 
     </span>
    </p>
   </div>
   <div class='ocr_carea' id='block_1_31' title="bbox 1886 1787 2091 1825">
    <p class='ocr_par' dir='ltr' id='par_1_31' title="bbox 1886 1787 2091 1825">
     <span class='ocr_line' id='line_1_31' title="bbox 1886 1787 2091 1825; baseline 0 -1"><span class='ocrx_word' id='word_1_236' title='bbox 1886 1787 2091 1825; x_wconf 77' lang='lat' dir='ltr'><strong>IDISSIS.</strong></span> 
     </span>
    </p>
   </div>
   <div class='ocr_carea' id='block_1_32' title="bbox 224 1830 1785 1945">
    <p class='ocr_par' dir='ltr' id='par_1_32' title="bbox 224 1830 1785 1945">
     <span class='ocr_line' id='line_1_32' title="bbox 235 1830 1778 1850; baseline 0.001 -14"><span class='ocrx_word' id='word_1_237' title='bbox 235 1830 399 1843; x_wconf 50' lang='grc' dir='ltr'><strong>νη--.</strong></span> <span class='ocrx_word' id='word_1_238' title='bbox 426 1830 479 1850; x_wconf 61' lang='grc' dir='ltr'><strong>τ-</strong></span> <span class='ocrx_word' id='word_1_239' title='bbox 511 1830 636 1835; x_wconf 76' lang='lat'><strong>_---</strong></span> <span class='ocrx_word' id='word_1_240' title='bbox 678 1830 829 1845; x_wconf 68' lang='grc' dir='ltr'><strong>η--.</strong></span> <span class='ocrx_word' id='word_1_241' title='bbox 867 1830 981 1835; x_wconf 81' lang='lat'>-___</span> <span class='ocrx_word' id='word_1_242' title='bbox 1028 1830 1263 1836; x_wconf 77' lang='lat'><strong>.--_.----</strong></span> <span class='ocrx_word' id='word_1_243' title='bbox 1295 1830 1414 1836; x_wconf 64' lang='grc' dir='ltr'><strong>---η</strong></span> <span class='ocrx_word' id='word_1_244' title='bbox 1450 1830 1778 1837; x_wconf 73' lang='lat'><strong>_-_..-._.-.-</strong></span> 
     </span>
     <span class='ocr_line' id='line_1_33' title="bbox 224 1868 1785 1945; baseline 0.003 -19"><span class='ocrx_word' id='word_1_245' title='bbox 224 1874 420 1943; x_wconf 87' lang='lat' dir='ltr'><strong>Incipit</strong></span> <span class='ocrx_word' id='word_1_246' title='bbox 451 1898 463 1927; x_wconf 87' lang='lat'><strong>:</strong></span> <span class='ocrx_word' id='word_1_247' title='bbox 498 1875 608 1927; x_wconf 78' lang='grc' dir='ltr'><strong>Οὐκ</strong></span> <span class='ocrx_word' id='word_1_248' title='bbox 637 1876 694 1927; x_wconf 87' lang='grc' dir='ltr'><strong>ὲν</strong></span> <span class='ocrx_word' id='word_1_249' title='bbox 722 1874 925 1937; x_wconf 75' lang='grc' dir='ltr'><strong>καλοῖς,</strong></span> <span class='ocrx_word' id='word_1_250' title='bbox 975 1868 1019 1927; x_wconf 79' lang='grc' dir='ltr'><strong>ὦ</strong></span> <span class='ocrx_word' id='word_1_251' title='bbox 1063 1874 1314 1945; x_wconf 81' lang='grc' dir='ltr'>ἄνθρωπε</span> <span class='ocrx_word' id='word_1_252' title='bbox 1360 1874 1451 1928; x_wconf 80' lang='grc' dir='ltr'><strong>τοῦ</strong></span> <span class='ocrx_word' id='word_1_253' title='bbox 1506 1876 1638 1928; x_wconf 78' lang='grc' dir='ltr'>Θεοῦ</span> <span class='ocrx_word' id='word_1_254' title='bbox 1663 1916 1678 1940; x_wconf 86' lang='grc'>,</span> <span class='ocrx_word' id='word_1_255' title='bbox 1718 1876 1785 1931; x_wconf 78' lang='grc' dir='ltr'><strong>τὰ</strong></span> 
     </span>
    </p>
   </div>
   <div class='ocr_carea' id='block_1_33' title="bbox 1888 1830 3454 1945">
    <p class='ocr_par' dir='ltr' id='par_1_33' title="bbox 1892 1862 3454 1932">
     <span class='ocr_line' id='line_1_34' title="bbox 1892 1862 3454 1932; baseline -0.001 -15"><span class='ocrx_word' id='word_1_256' title='bbox 1892 1863 1978 1917; x_wconf 93' lang='lat' dir='ltr'><strong>IV.</strong></span> <span class='ocrx_word' id='word_1_257' title='bbox 2016 1863 2083 1916; x_wconf 83' lang='grc' dir='ltr'>1η</span> <span class='ocrx_word' id='word_1_258' title='bbox 2125 1863 2405 1932; x_wconf 85' lang='lat' dir='ltr'><strong>appendice</strong></span> <span class='ocrx_word' id='word_1_259' title='bbox 2434 1862 2502 1915; x_wconf 83' lang='lat' dir='ltr'><strong>ad</strong></span> <span class='ocrx_word' id='word_1_260' title='bbox 2532 1863 2811 1917; x_wconf 78' lang='lat' dir='ltr'><strong>editionem</strong></span> <span class='ocrx_word' id='word_1_261' title='bbox 2840 1862 3303 1917; x_wconf 66' lang='lat' dir='ltr'><strong>Gnaeo-Latinam</strong></span> <span class='ocrx_word' id='word_1_262' title='bbox 3328 1864 3454 1917; x_wconf 84' lang='lat' dir='ltr'><strong>anni</strong></span> 
     </span>
    </p>
   </div>
   <div class='ocr_carea' id='block_1_34' title="bbox 223 1968 484 2035">
    <p class='ocr_par' dir='ltr' id='par_1_34' title="bbox 223 1968 484 2035">
     <span class='ocr_line' id='line_1_35' title="bbox 223 1968 484 2035; baseline 0 -18"><span class='ocrx_word' id='word_1_263' title='bbox 223 1968 391 2035; x_wconf 78' lang='grc' dir='ltr'><strong>ήμέτε</strong></span> <span class='ocrx_word' id='word_1_264' title='bbox 402 1983 484 2034; x_wconf 85' lang='grc' dir='ltr'>ρα.</span> 
     </span>
    </p>
   </div>
   <div class='ocr_carea' id='block_1_35' title="bbox 295 2055 1785 2127">
    <p class='ocr_par' dir='ltr' id='par_1_35' title="bbox 295 2055 1785 2127">
     <span class='ocr_line' id='line_1_36' title="bbox 295 2055 1785 2127; baseline 0.002 -18"><span class='ocrx_word' id='word_1_265' title='bbox 295 2058 382 2109; x_wconf 85' lang='lat'><strong>64.</strong></span> <span class='ocrx_word' id='word_1_266' title='bbox 425 2056 561 2124; x_wconf 77' lang='grc' dir='ltr'><strong>Περὶ</strong></span> <span class='ocrx_word' id='word_1_267' title='bbox 591 2055 709 2109; x_wconf 81' lang='grc' dir='ltr'><strong>τῶν</strong></span> <span class='ocrx_word' id='word_1_268' title='bbox 736 2057 1031 2110; x_wconf 79' lang='grc' dir='ltr'><strong>ἀπιόντων</strong></span> <span class='ocrx_word' id='word_1_269' title='bbox 1057 2060 1143 2121; x_wconf 75' lang='grc' dir='ltr'><strong>εἰς</strong></span> <span class='ocrx_word' id='word_1_270' title='bbox 1182 2057 1584 2127; x_wconf 72' lang='grc' dir='ltr'><strong>Ἰεροσόλυμα,</strong></span> <span class='ocrx_word' id='word_1_271' title='bbox 1617 2058 1692 2112; x_wconf 87' lang='lat' dir='ltr'><strong>De</strong></span> <span class='ocrx_word' id='word_1_272' title='bbox 1720 2060 1785 2113; x_wconf 84' lang='lat' dir='ltr'><strong>iis</strong></span> 
     </span>
    </p>
   </div>
   <div class='ocr_carea' id='block_1_36' title="bbox 224 2145 1784 2217">
    <p class='ocr_par' dir='ltr' id='par_1_36' title="bbox 224 2145 1784 2217">
     <span class='ocr_line' id='line_1_37' title="bbox 224 2145 1784 2217; baseline 0.003 -19"><span class='ocrx_word' id='word_1_273' title='bbox 224 2147 315 2214; x_wconf 88' lang='lat' dir='ltr'><strong>qui</strong></span> <span class='ocrx_word' id='word_1_274' title='bbox 354 2146 565 2199; x_wconf 84' lang='lat' dir='ltr'><strong>adeunt-</strong></span> <span class='ocrx_word' id='word_1_275' title='bbox 598 2145 1003 2215; x_wconf 86' lang='lat' dir='ltr'><strong>Hierosolyma,</strong></span> <span class='ocrx_word' id='word_1_276' title='bbox 1050 2148 1280 2215; x_wconf 89' lang='lat' dir='ltr'><strong>epistola</strong></span> <span class='ocrx_word' id='word_1_277' title='bbox 1329 2150 1530 2217; x_wconf 87' lang='lat' dir='ltr'><strong>scripta</strong></span> <span class='ocrx_word' id='word_1_278' title='bbox 1582 2159 1784 2217; x_wconf 85' lang='lat' dir='ltr'><strong>posta.</strong></span> 
     </span>
    </p>
   </div>
   <div class='ocr_carea' id='block_1_37' title="bbox 224 2236 1785 2305">
    <p class='ocr_par' dir='ltr' id='par_1_37' title="bbox 224 2236 1785 2305">
     <span class='ocr_line' id='line_1_38' title="bbox 224 2236 1785 2305; baseline 0.002 -17"><span class='ocrx_word' id='word_1_279' title='bbox 224 2236 329 2289; x_wconf 79' lang='lat'><strong>580</strong></span> <span class='ocrx_word' id='word_1_280' title='bbox 363 2236 432 2305; x_wconf 86' lang='lat' dir='ltr'><strong>(c)</strong></span> <span class='ocrx_word' id='word_1_281' title='bbox 467 2251 584 2305; x_wconf 88' lang='lat' dir='ltr'><strong>pag.</strong></span> <span class='ocrx_word' id='word_1_282' title='bbox 620 2236 928 2290; x_wconf 77' lang='lat'><strong>1084-1087</strong></span> <span class='ocrx_word' id='word_1_283' title='bbox 954 2276 969 2298; x_wconf 92' lang='lat'><strong>,</strong></span> <span class='ocrx_word' id='word_1_284' title='bbox 1000 2253 1121 2289; x_wconf 91' lang='lat' dir='ltr'><strong>cum</strong></span> <span class='ocrx_word' id='word_1_285' title='bbox 1171 2238 1364 2291; x_wconf 86' lang='lat' dir='ltr'><strong>incerti</strong></span> <span class='ocrx_word' id='word_1_286' title='bbox 1394 2240 1665 2293; x_wconf 84' lang='lat' dir='ltr'><strong>versione.</strong></span> <span class='ocrx_word' id='word_1_287' title='bbox 1696 2238 1785 2292; x_wconf 91' lang='lat' dir='ltr'><strong>In-</strong></span> 
     </span>
    </p>
   </div>
   <div class='ocr_carea' id='block_1_38' title="bbox 224 2321 1787 2397">
    <p class='ocr_par' dir='ltr' id='par_1_38' title="bbox 224 2321 1787 2397">
     <span class='ocr_line' id='line_1_39' title="bbox 224 2321 1787 2397; baseline 0.004 -20"><span class='ocrx_word' id='word_1_288' title='bbox 224 2327 356 2395; x_wconf 89' lang='lat' dir='ltr'><strong>cipit</strong></span> <span class='ocrx_word' id='word_1_289' title='bbox 388 2345 399 2379; x_wconf 94' lang='lat'>:</span> <span class='ocrx_word' id='word_1_290' title='bbox 444 2325 767 2396; x_wconf 81' lang='grc' dir='ltr'><strong>Ἑπειδήπερ</strong></span> <span class='ocrx_word' id='word_1_291' title='bbox 795 2325 1101 2397; x_wconf 69' lang='grc' dir='ltr'><strong>ἠρώτησας,</strong></span> <span class='ocrx_word' id='word_1_292' title='bbox 1134 2321 1178 2379; x_wconf 83' lang='grc' dir='ltr'><strong>ὦ</strong></span> <span class='ocrx_word' id='word_1_293' title='bbox 1205 2328 1343 2393; x_wconf 71' lang='grc' dir='ltr'>φίλε.</span> <span class='ocrx_word' id='word_1_294' title='bbox 1378 2326 1450 2382; x_wconf 80' lang='lat' dir='ltr'><strong>Ex</strong></span> <span class='ocrx_word' id='word_1_295' title='bbox 1485 2331 1670 2385; x_wconf 88' lang='lat' dir='ltr'><strong>eadem</strong></span> <span class='ocrx_word' id='word_1_296' title='bbox 1702 2332 1787 2384; x_wconf 88' lang='lat' dir='ltr'><strong>in-</strong></span> 
     </span>
    </p>
   </div>
   <div class='ocr_carea' id='block_1_39' title="bbox 224 2416 1782 2491">
    <p class='ocr_par' dir='ltr' id='par_1_39' title="bbox 224 2416 1782 2491">
     <span class='ocr_line' id='line_1_40' title="bbox 224 2416 1782 2491; baseline 0.003 -22"><span class='ocrx_word' id='word_1_297' title='bbox 224 2419 357 2470; x_wconf 89' lang='lat' dir='ltr'><strong>certi</strong></span> <span class='ocrx_word' id='word_1_298' title='bbox 377 2418 611 2469; x_wconf 87' lang='lat' dir='ltr'><strong>auctoris</strong></span> <span class='ocrx_word' id='word_1_299' title='bbox 628 2417 873 2470; x_wconf 76' lang='lat' dir='ltr'><strong>versione</strong></span> <span class='ocrx_word' id='word_1_300' title='bbox 900 2418 1095 2487; x_wconf 82' lang='lat' dir='ltr'><strong>legitur</strong></span> <span class='ocrx_word' id='word_1_301' title='bbox 1116 2419 1167 2471; x_wconf 93' lang='lat' dir='ltr'><strong>in</strong></span> <span class='ocrx_word' id='word_1_302' title='bbox 1186 2416 1447 2473; x_wconf 82' lang='lat' dir='ltr'><strong>Centuriis</strong></span> <span class='ocrx_word' id='word_1_303' title='bbox 1464 2419 1782 2491; x_wconf 82' lang='lat' dir='ltr'><strong>Magdebur-</strong></span> 
     </span>
    </p>
   </div>
   <div class='ocr_carea' id='block_1_40' title="bbox 222 2505 1782 2584">
    <p class='ocr_par' dir='ltr' id='par_1_40' title="bbox 222 2505 1782 2584">
     <span class='ocr_line' id='line_1_41' title="bbox 222 2505 1782 2584; baseline 0.004 -26"><span class='ocrx_word' id='word_1_304' title='bbox 222 2506 464 2576; x_wconf 81' lang='lat' dir='ltr'><strong>gensibus</strong></span> <span class='ocrx_word' id='word_1_305' title='bbox 488 2505 574 2571; x_wconf 91' lang='lat' dir='ltr'><strong>IV,</strong></span> <span class='ocrx_word' id='word_1_306' title='bbox 606 2523 654 2559; x_wconf 89' lang='lat' dir='ltr'><strong>c.</strong></span> <span class='ocrx_word' id='word_1_307' title='bbox 681 2507 767 2567; x_wconf 90' lang='lat'><strong>10,</strong></span> <span class='ocrx_word' id='word_1_308' title='bbox 790 2517 842 2561; x_wconf 89' lang='lat' dir='ltr'><strong>et</strong></span> <span class='ocrx_word' id='word_1_309' title='bbox 865 2510 1003 2577; x_wconf 85' lang='lat' dir='ltr'><strong>apud</strong></span> <span class='ocrx_word' id='word_1_310' title='bbox 1033 2509 1451 2577; x_wconf 85' lang='lat' dir='ltr'><strong>Lipomannuni.</strong></span> <span class='ocrx_word' id='word_1_311' title='bbox 1489 2512 1671 2567; x_wconf 72' lang='lat' dir='ltr'><strong>Graece</strong></span> <span class='ocrx_word' id='word_1_312' title='bbox 1707 2515 1782 2584; x_wconf 80' lang='grc' dir='ltr'><strong>(ά)</strong></span> 
     </span>
    </p>
   </div>
   <div class='ocr_carea' id='block_1_41' title="bbox 224 2597 1779 2667">
    <p class='ocr_par' dir='ltr' id='par_1_41' title="bbox 224 2597 1779 2667">
     <span class='ocr_line' id='line_1_42' title="bbox 224 2597 1779 2667; baseline 0.006 -18"><span class='ocrx_word' id='word_1_313' title='bbox 224 2598 458 2667; x_wconf 87' lang='lat' dir='ltr'><strong>primum</strong></span> <span class='ocrx_word' id='word_1_314' title='bbox 474 2599 707 2667; x_wconf 70' lang='lat' dir='ltr'><strong>vulgavit</strong></span> <span class='ocrx_word' id='word_1_315' title='bbox 725 2597 1408 2664; x_wconf 83' lang='lat' dir='ltr'><strong>Morellus,Paris.1551,8.</strong></span> <span class='ocrx_word' id='word_1_316' title='bbox 1427 2602 1627 2657; x_wconf 81' lang='lat' dir='ltr'><strong>Gallice</strong></span> <span class='ocrx_word' id='word_1_317' title='bbox 1642 2603 1779 2659; x_wconf 82' lang='lat' dir='ltr'><strong>Rob.</strong></span> 
     </span>
    </p>
   </div>
   <div class='ocr_carea' id='block_1_42' title="bbox 226 2684 1781 2758">
    <p class='ocr_par' dir='ltr' id='par_1_42' title="bbox 226 2684 1781 2758">
     <span class='ocr_line' id='line_1_43' title="bbox 226 2684 1781 2758; baseline 0.004 -18"><span class='ocrx_word' id='word_1_318' title='bbox 226 2684 537 2755; x_wconf 84' lang='lat' dir='ltr'><strong>Stephanus</strong></span> <span class='ocrx_word' id='word_1_319' title='bbox 557 2726 571 2748; x_wconf 95' lang='lat'><strong>,</strong></span> <span class='ocrx_word' id='word_1_320' title='bbox 600 2700 791 2755; x_wconf 81' lang='lat' dir='ltr'><strong>nepos.</strong></span> <span class='ocrx_word' id='word_1_321' title='bbox 822 2686 1000 2741; x_wconf 87' lang='lat' dir='ltr'><strong>Edidit</strong></span> <span class='ocrx_word' id='word_1_322' title='bbox 1033 2689 1285 2743; x_wconf 84' lang='lat' dir='ltr'><strong>eamdem</strong></span> <span class='ocrx_word' id='word_1_323' title='bbox 1310 2691 1591 2758; x_wconf 86' lang='lat' dir='ltr'><strong>epistolam</strong></span> <span class='ocrx_word' id='word_1_324' title='bbox 1619 2694 1781 2746; x_wconf 88' lang='lat' dir='ltr'><strong>etiam</strong></span> 
     </span>
    </p>
   </div>
   <div class='ocr_carea' id='block_1_43' title="bbox 224 2777 1784 2853">
    <p class='ocr_par' dir='ltr' id='par_1_43' title="bbox 224 2777 1784 2853">
     <span class='ocr_line' id='line_1_44' title="bbox 224 2777 1784 2853; baseline 0.005 -23"><span class='ocrx_word' id='word_1_325' title='bbox 224 2778 518 2846; x_wconf 84' lang='lat' dir='ltr'><strong>separatim</strong></span> <span class='ocrx_word' id='word_1_326' title='bbox 561 2792 682 2832; x_wconf 87' lang='lat' dir='ltr'><strong>cum</strong></span> <span class='ocrx_word' id='word_1_327' title='bbox 721 2777 911 2833; x_wconf 86' lang='lat' dir='ltr'><strong>Latina</strong></span> <span class='ocrx_word' id='word_1_328' title='bbox 947 2780 1194 2835; x_wconf 85' lang='lat' dir='ltr'><strong>versione</strong></span> <span class='ocrx_word' id='word_1_329' title='bbox 1226 2790 1322 2835; x_wconf 87' lang='lat' dir='ltr'><strong>sua</strong></span> <span class='ocrx_word' id='word_1_330' title='bbox 1359 2791 1412 2836; x_wconf 90' lang='lat' dir='ltr'><strong>et</strong></span> <span class='ocrx_word' id='word_1_331' title='bbox 1446 2784 1587 2837; x_wconf 88' lang='lat' dir='ltr'><strong>notis</strong></span> <span class='ocrx_word' id='word_1_332' title='bbox 1626 2796 1784 2853; x_wconf 88' lang='lat' dir='ltr'><strong>atque</strong></span> 
     </span>
    </p>
   </div>
   <div class='ocr_carea' id='block_1_44' title="bbox 224 2867 1784 2944">
    <p class='ocr_par' dir='ltr' id='par_1_44' title="bbox 224 2867 1784 2944">
     <span class='ocr_line' id='line_1_45' title="bbox 224 2867 1784 2944; baseline 0.006 -22"><span class='ocrx_word' id='word_1_333' title='bbox 224 2867 461 2922; x_wconf 83' lang='lat' dir='ltr'><strong>diatriba</strong></span> <span class='ocrx_word' id='word_1_334' title='bbox 485 2870 685 2939; x_wconf 87' lang='lat' dir='ltr'><strong>duplici</strong></span> <span class='ocrx_word' id='word_1_335' title='bbox 712 2871 779 2925; x_wconf 89' lang='lat' dir='ltr'><strong>de</strong></span> <span class='ocrx_word' id='word_1_336' title='bbox 804 2872 1332 2941; x_wconf 83' lang='lat' dir='ltr'><strong>peregrinationibus</strong></span> <span class='ocrx_word' id='word_1_337' title='bbox 1354 2875 1620 2944; x_wconf 84' lang='lat' dir='ltr'><strong>religiosis</strong></span> <span class='ocrx_word' id='word_1_338' title='bbox 1641 2885 1694 2929; x_wconf 90' lang='lat' dir='ltr'><strong>et</strong></span> <span class='ocrx_word' id='word_1_339' title='bbox 1717 2877 1784 2931; x_wconf 88' lang='lat' dir='ltr'><strong>de</strong></span> 
     </span>
    </p>
   </div>
   <div class='ocr_carea' id='block_1_45' title="bbox 226 2960 1781 3032">
    <p class='ocr_par' dir='ltr' id='par_1_45' title="bbox 226 2960 1781 3032">
     <span class='ocr_line' id='line_1_46' title="bbox 226 2960 1781 3032; baseline 0.004 -19"><span class='ocrx_word' id='word_1_340' title='bbox 226 2960 492 3015; x_wconf 81' lang='lat' dir='ltr'><strong>altaribus</strong></span> <span class='ocrx_word' id='word_1_341' title='bbox 524 2961 917 3032; x_wconf 79' lang='lat' dir='ltr'><strong>sacriﬁciisque</strong></span> <span class='ocrx_word' id='word_1_342' title='bbox 944 2963 1372 3018; x_wconf 83' lang='lat' dir='ltr'><strong>Christianorum</strong></span> <span class='ocrx_word' id='word_1_343' title='bbox 1405 2965 1597 3022; x_wconf 86' lang='lat' dir='ltr'><strong>Petrus</strong></span> <span class='ocrx_word' id='word_1_344' title='bbox 1630 2966 1781 3021; x_wconf 81' lang='lat' dir='ltr'><strong>Moli-</strong></span> 
     </span>
    </p>
   </div>
   <div class='ocr_carea' id='block_1_46' title="bbox 226 3048 1779 3125">
    <p class='ocr_par' dir='ltr' id='par_1_46' title="bbox 226 3048 1779 3125">
     <span class='ocr_line' id='line_1_47' title="bbox 226 3048 1779 3125; baseline 0.005 -21"><span class='ocrx_word' id='word_1_345' title='bbox 226 3064 385 3116; x_wconf 89' lang='lat' dir='ltr'><strong>neus,</strong></span> <span class='ocrx_word' id='word_1_346' title='bbox 418 3050 616 3114; x_wconf 87' lang='lat' dir='ltr'><strong>Paris.,</strong></span> <span class='ocrx_word' id='word_1_347' title='bbox 652 3048 794 3105; x_wconf 87' lang='lat'><strong>1605</strong></span> <span class='ocrx_word' id='word_1_348' title='bbox 821 3050 911 3121; x_wconf 84' lang='lat' dir='ltr'><strong>(e),</strong></span> <span class='ocrx_word' id='word_1_349' title='bbox 944 3061 996 3106; x_wconf 90' lang='lat' dir='ltr'><strong>et</strong></span> <span class='ocrx_word' id='word_1_350' title='bbox 1019 3053 1228 3109; x_wconf 88' lang='lat' dir='ltr'><strong>Hanov.</strong></span> <span class='ocrx_word' id='word_1_351' title='bbox 1267 3055 1411 3125; x_wconf 82' lang='lat' dir='ltr'><strong>typis</strong></span> <span class='ocrx_word' id='word_1_352' title='bbox 1449 3054 1779 3111; x_wconf 86' lang='lat' dir='ltr'><strong>Wechelian.</strong></span> 
     </span>
    </p>
   </div>
   <div class='ocr_carea' id='block_1_47' title="bbox 2263 1954 3084 2019">
    <p class='ocr_par' dir='ltr' id='par_1_47' title="bbox 2263 1954 3084 2019">
     <span class='ocr_line' id='line_1_48' title="bbox 2263 1954 3084 2019; baseline -0.002 -12"><span class='ocrx_word' id='word_1_353' title='bbox 2263 1954 2423 2019; x_wconf 86' lang='lat'><strong>1615,</strong></span> <span class='ocrx_word' id='word_1_354' title='bbox 2455 1955 2597 2009; x_wconf 83' lang='lat' dir='ltr'><strong>edita</strong></span> <span class='ocrx_word' id='word_1_355' title='bbox 2628 1955 2806 2010; x_wconf 85' lang='lat' dir='ltr'><strong>Paris.</strong></span> <span class='ocrx_word' id='word_1_356' title='bbox 2842 1973 2891 2008; x_wconf 92' lang='lat' dir='ltr'><strong>a.</strong></span> <span class='ocrx_word' id='word_1_357' title='bbox 2929 1955 3084 2010; x_wconf 84' lang='lat'><strong>1618.</strong></span> 
     </span>
    </p>
   </div>
   <div class='ocr_carea' id='block_1_48' title="bbox 1962 2045 3453 2117">
    <p class='ocr_par' dir='ltr' id='par_1_48' title="bbox 1962 2045 3453 2117">
     <span class='ocr_line' id='line_1_49' title="bbox 1962 2045 3453 2117; baseline -0.001 -15"><span class='ocrx_word' id='word_1_358' title='bbox 1962 2046 2051 2102; x_wconf 88' lang='lat'><strong>66.</strong></span> <span class='ocrx_word' id='word_1_359' title='bbox 2095 2045 2337 2115; x_wconf 83' lang='lat' dir='ltr'><strong>Epistola</strong></span> <span class='ocrx_word' id='word_1_360' title='bbox 2367 2046 2598 2117; x_wconf 84' lang='lat' dir='ltr'><strong>Nysseni</strong></span> <span class='ocrx_word' id='word_1_361' title='bbox 2638 2048 2706 2100; x_wconf 84' lang='lat' dir='ltr'><strong>ad</strong></span> <span class='ocrx_word' id='word_1_362' title='bbox 2734 2046 2976 2110; x_wconf 83' lang='lat' dir='ltr'><strong>Petrum,</strong></span> <span class='ocrx_word' id='word_1_363' title='bbox 3009 2048 3250 2116; x_wconf 81' lang='lat' dir='ltr'><strong>fratrem,</strong></span> <span class='ocrx_word' id='word_1_364' title='bbox 3274 2056 3322 2101; x_wconf 87' lang='lat' dir='ltr'><strong>et</strong></span> <span class='ocrx_word' id='word_1_365' title='bbox 3353 2045 3453 2100; x_wconf 87' lang='lat' dir='ltr'><strong>Pe-</strong></span> 
     </span>
    </p>
   </div>
   <div class='ocr_carea' id='block_1_49' title="bbox 1893 2138 3455 2209">
    <p class='ocr_par' dir='ltr' id='par_1_49' title="bbox 1893 2138 3455 2209">
     <span class='ocr_line' id='line_1_50' title="bbox 1893 2138 3455 2209; baseline -0.001 -16"><span class='ocrx_word' id='word_1_366' title='bbox 1893 2142 1962 2193; x_wconf 88' lang='lat' dir='ltr'><strong>tri</strong></span> <span class='ocrx_word' id='word_1_367' title='bbox 2006 2139 2074 2193; x_wconf 87' lang='lat' dir='ltr'><strong>ad</strong></span> <span class='ocrx_word' id='word_1_368' title='bbox 2106 2139 2407 2209; x_wconf 81' lang='lat' dir='ltr'><strong>Ngssenum</strong></span> <span class='ocrx_word' id='word_1_369' title='bbox 2448 2140 2510 2192; x_wconf 85' lang='lat' dir='ltr'><strong>de</strong></span> <span class='ocrx_word' id='word_1_370' title='bbox 2554 2138 2887 2207; x_wconf 81' lang='lat' dir='ltr'><strong>suscipienda</strong></span> <span class='ocrx_word' id='word_1_371' title='bbox 2918 2138 3169 2192; x_wconf 86' lang='lat' dir='ltr'><strong>Eunomii</strong></span> <span class='ocrx_word' id='word_1_372' title='bbox 3211 2138 3455 2206; x_wconf 82' lang='lat' dir='ltr'><strong>confuta-</strong></span> 
     </span>
    </p>
   </div>
   <div class='ocr_carea' id='block_1_50' title="bbox 1894 2230 3454 2299">
    <p class='ocr_par' dir='ltr' id='par_1_50' title="bbox 1894 2230 3454 2299">
     <span class='ocr_line' id='line_1_51' title="bbox 1894 2230 3454 2299; baseline -0.002 -16"><span class='ocrx_word' id='word_1_373' title='bbox 1894 2235 2048 2285; x_wconf 83' lang='lat' dir='ltr'><strong>tione.</strong></span> <span class='ocrx_word' id='word_1_374' title='bbox 2085 2230 2363 2285; x_wconf 66' lang='lat' dir='ltr'><strong>Periocha:</strong></span> <span class='ocrx_word' id='word_1_375' title='bbox 2392 2230 2653 2285; x_wconf 90' lang='lat' dir='ltr'><strong>librorum</strong></span> <span class='ocrx_word' id='word_1_376' title='bbox 2685 2247 2760 2284; x_wconf 78' lang='lat' dir='ltr'><strong>xu</strong></span> <span class='ocrx_word' id='word_1_377' title='bbox 2794 2239 2849 2285; x_wconf 91' lang='lat' dir='ltr'><strong>et</strong></span> <span class='ocrx_word' id='word_1_378' title='bbox 2881 2231 3017 2285; x_wconf 88' lang='lat' dir='ltr'><strong>liber</strong></span> <span class='ocrx_word' id='word_1_379' title='bbox 3045 2231 3254 2299; x_wconf 88' lang='lat' dir='ltr'><strong>primus</strong></span> <span class='ocrx_word' id='word_1_380' title='bbox 3274 2230 3454 2283; x_wconf 80' lang='lat' dir='ltr'><strong>adrer-</strong></span> 
     </span>
    </p>
   </div>
   <div class='ocr_carea' id='block_1_51' title="bbox 1890 2319 3456 2389">
    <p class='ocr_par' dir='ltr' id='par_1_51' title="bbox 1890 2319 3456 2389">
     <span class='ocr_line' id='line_1_52' title="bbox 1890 2319 3456 2389; baseline -0.003 -13"><span class='ocrx_word' id='word_1_381' title='bbox 1890 2339 1981 2376; x_wconf 85' lang='lat' dir='ltr'><strong>sus</strong></span> <span class='ocrx_word' id='word_1_382' title='bbox 2020 2320 2339 2375; x_wconf 79' lang='lat' dir='ltr'><strong>Eunomium</strong></span> <span class='ocrx_word' id='word_1_383' title='bbox 2379 2323 2592 2389; x_wconf 88' lang='lat' dir='ltr'><strong>(supra,</strong></span> <span class='ocrx_word' id='word_1_384' title='bbox 2627 2336 2711 2374; x_wconf 91' lang='lat' dir='ltr'><strong>nr.</strong></span> <span class='ocrx_word' id='word_1_385' title='bbox 2749 2320 2818 2374; x_wconf 88' lang='grc'><strong>28</strong></span> <span class='ocrx_word' id='word_1_386' title='bbox 2858 2319 3241 2388; x_wconf 83' lang='lat' dir='ltr'><strong>desideratus),</strong></span> <span class='ocrx_word' id='word_1_387' title='bbox 3279 2335 3345 2373; x_wconf 81' lang='lat' dir='ltr'><strong>ex</strong></span> <span class='ocrx_word' id='word_1_388' title='bbox 3371 2319 3456 2372; x_wconf 84' lang='lat' dir='ltr'><strong>bi-</strong></span> 
     </span>
    </p>
   </div>
   <div class='ocr_carea' id='block_1_52' title="bbox 1890 2410 3452 2479">
    <p class='ocr_par' dir='ltr' id='par_1_52' title="bbox 1890 2410 3452 2479">
     <span class='ocr_line' id='line_1_53' title="bbox 1890 2410 3452 2479; baseline -0.003 -10"><span class='ocrx_word' id='word_1_389' title='bbox 1890 2414 2161 2469; x_wconf 84' lang='lat' dir='ltr'><strong>bliotheca</strong></span> <span class='ocrx_word' id='word_1_390' title='bbox 2194 2412 2479 2476; x_wconf 84' lang='lat' dir='ltr'><strong>Bavarica,</strong></span> <span class='ocrx_word' id='word_1_391' title='bbox 2512 2427 2635 2465; x_wconf 88' lang='lat' dir='ltr'><strong>cum</strong></span> <span class='ocrx_word' id='word_1_392' title='bbox 2660 2413 2910 2467; x_wconf 83' lang='lat' dir='ltr'><strong>versione</strong></span> <span class='ocrx_word' id='word_1_393' title='bbox 2937 2411 3053 2467; x_wconf 81' lang='lat' dir='ltr'><strong>Jac.</strong></span> <span class='ocrx_word' id='word_1_394' title='bbox 3086 2410 3321 2466; x_wconf 86' lang='lat' dir='ltr'><strong>Gretseri</strong></span> <span class='ocrx_word' id='word_1_395' title='bbox 3355 2410 3452 2479; x_wconf 72' lang='grc' dir='ltr'><strong>(ὅ).</strong></span> 
     </span>
    </p>
   </div>
   <div class='ocr_carea' id='block_1_53' title="bbox 1890 2498 3455 2573">
    <p class='ocr_par' dir='ltr' id='par_1_53' title="bbox 1890 2498 3455 2573">
     <span class='ocr_line' id='line_1_54' title="bbox 1890 2498 3455 2573; baseline -0.003 -16"><span class='ocrx_word' id='word_1_396' title='bbox 1890 2504 2082 2573; x_wconf 90' lang='lat' dir='ltr'><strong>Incipit</strong></span> <span class='ocrx_word' id='word_1_397' title='bbox 2106 2504 2275 2558; x_wconf 89' lang='lat' dir='ltr'><strong>liber:</strong></span> <span class='ocrx_word' id='word_1_398' title='bbox 2301 2503 2413 2555; x_wconf 77' lang='grc' dir='ltr'><strong>Οὐκ</strong></span> <span class='ocrx_word' id='word_1_399' title='bbox 2435 2498 2523 2572; x_wconf 81' lang='grc' dir='ltr'><strong>ἦν,</strong></span> <span class='ocrx_word' id='word_1_400' title='bbox 2548 2502 2623 2564; x_wconf 81' lang='grc' dir='ltr'>ὡς</span> <span class='ocrx_word' id='word_1_401' title='bbox 2648 2501 2810 2556; x_wconf 74' lang='grc' dir='ltr'>ἔοικε.</span> <span class='ocrx_word' id='word_1_402' title='bbox 2835 2501 3073 2573; x_wconf 85' lang='lat' dir='ltr'><strong>Epistola</strong></span> <span class='ocrx_word' id='word_1_403' title='bbox 3100 2516 3230 2557; x_wconf 83' lang='lat' dir='ltr'><strong>vero</strong></span> <span class='ocrx_word' id='word_1_404' title='bbox 3252 2519 3267 2556; x_wconf 87' lang='lat'><strong>:</strong></span> <span class='ocrx_word' id='word_1_405' title='bbox 3286 2500 3455 2563; x_wconf 81' lang='grc' dir='ltr'><strong>Μόλις</strong></span> 
     </span>
    </p>
   </div>
   <div class='ocr_carea' id='block_1_54' title="bbox 1891 2592 3455 2666">
    <p class='ocr_par' dir='ltr' id='par_1_54' title="bbox 1891 2592 3455 2666">
     <span class='ocr_line' id='line_1_55' title="bbox 1891 2592 3455 2666; baseline -0.003 -17"><span class='ocrx_word' id='word_1_406' title='bbox 1891 2595 2183 2666; x_wconf 82' lang='grc' dir='ltr'><strong>ἐπιτυχών.</strong></span> <span class='ocrx_word' id='word_1_407' title='bbox 2221 2594 2303 2648; x_wconf 80' lang='lat' dir='ltr'><strong>Ad</strong></span> <span class='ocrx_word' id='word_1_408' title='bbox 2337 2595 2540 2649; x_wconf 84' lang='lat' dir='ltr'><strong>calcem</strong></span> <span class='ocrx_word' id='word_1_409' title='bbox 2571 2595 2863 2649; x_wconf 84' lang='lat' dir='ltr'><strong>voluminis</strong></span> <span class='ocrx_word' id='word_1_410' title='bbox 2890 2595 3097 2649; x_wconf 72' lang='lat' dir='ltr'><strong>lacunae</strong></span> <span class='ocrx_word' id='word_1_411' title='bbox 3124 2593 3369 2664; x_wconf 64' lang='lat' dir='ltr'><strong>quaedam</strong></span> <span class='ocrx_word' id='word_1_412' title='bbox 3398 2592 3455 2646; x_wconf 92' lang='lat' dir='ltr'><strong>in</strong></span> 
     </span>
    </p>
   </div>
   <div class='ocr_carea' id='block_1_55' title="bbox 1892 2686 3455 2757">
    <p class='ocr_par' dir='ltr' id='par_1_55' title="bbox 1892 2686 3455 2757">
     <span class='ocr_line' id='line_1_56' title="bbox 1892 2686 3455 2757; baseline -0.001 -15"><span class='ocrx_word' id='word_1_413' title='bbox 1892 2690 2047 2743; x_wconf 88' lang='lat' dir='ltr'><strong>libris</strong></span> <span class='ocrx_word' id='word_1_414' title='bbox 2077 2698 2263 2742; x_wconf 87' lang='lat' dir='ltr'><strong>contra</strong></span> <span class='ocrx_word' id='word_1_415' title='bbox 2294 2688 2610 2741; x_wconf 83' lang='lat' dir='ltr'><strong>Ennomium</strong></span> <span class='ocrx_word' id='word_1_416' title='bbox 2661 2689 2981 2757; x_wconf 85' lang='lat' dir='ltr'><strong>supplentur</strong></span> <span class='ocrx_word' id='word_1_417' title='bbox 3015 2702 3083 2742; x_wconf 82' lang='lat' dir='ltr'><strong>ex</strong></span> <span class='ocrx_word' id='word_1_418' title='bbox 3110 2686 3371 2741; x_wconf 86' lang='lat' dir='ltr'><strong>Bavarico</strong></span> <span class='ocrx_word' id='word_1_419' title='bbox 3398 2693 3455 2741; x_wconf 83' lang='lat' dir='ltr'><strong>et</strong></span> 
     </span>
    </p>
   </div>
   <div class='ocr_carea' id='block_1_56' title="bbox 1890 2781 2259 2835">
    <p class='ocr_par' dir='ltr' id='par_1_56' title="bbox 1890 2781 2259 2835">
     <span class='ocr_line' id='line_1_57' title="bbox 1890 2781 2259 2835; baseline -0.005 0"><span class='ocrx_word' id='word_1_420' title='bbox 1890 2782 1966 2835; x_wconf 89' lang='lat' dir='ltr'><strong>Io.</strong></span> <span class='ocrx_word' id='word_1_421' title='bbox 2007 2781 2259 2835; x_wconf 89' lang='lat' dir='ltr'><strong>Livineii.</strong></span> 
     </span>
    </p>
   </div>
   <div class='ocr_carea' id='block_1_57' title="bbox 1958 2871 3450 2943">
    <p class='ocr_par' dir='ltr' id='par_1_57' title="bbox 1958 2871 3450 2943">
     <span class='ocr_line' id='line_1_58' title="bbox 1958 2871 3450 2943; baseline -0.001 -14"><span class='ocrx_word' id='word_1_422' title='bbox 1958 2876 2047 2929; x_wconf 87' lang='lat'><strong>67.</strong></span> <span class='ocrx_word' id='word_1_423' title='bbox 2099 2875 2526 2943; x_wconf 79' lang='grc' dir='ltr'><strong>Προτρεπτικὸς</strong></span> <span class='ocrx_word' id='word_1_424' title='bbox 2557 2874 2701 2942; x_wconf 82' lang='grc' dir='ltr'><strong>πρὸς</strong></span> <span class='ocrx_word' id='word_1_425' title='bbox 2745 2871 3087 2941; x_wconf 79' lang='grc' dir='ltr'><strong>μετάνοιαν,</strong></span> <span class='ocrx_word' id='word_1_426' title='bbox 3136 2872 3450 2928; x_wconf 73' lang='lat' dir='ltr'><strong>Adhortatie</strong></span> 
     </span>
    </p>
   </div>
   <div class='ocr_carea' id='block_1_58' title="bbox 1892 2963 3455 3035">
    <p class='ocr_par' dir='ltr' id='par_1_58' title="bbox 1892 2963 3455 3035">
     <span class='ocr_line' id='line_1_59' title="bbox 1892 2963 3455 3035; baseline 0.001 -16"><span class='ocrx_word' id='word_1_427' title='bbox 1892 2968 1959 3019; x_wconf 86' lang='lat' dir='ltr'><strong>ad</strong></span> <span class='ocrx_word' id='word_1_428' title='bbox 1988 2967 2344 3033; x_wconf 72' lang='lat' dir='ltr'><strong>paenitentiam</strong></span> <span class='ocrx_word' id='word_1_429' title='bbox 2394 2967 2489 3035; x_wconf 86' lang='lat' dir='ltr'><strong>(j),</strong></span> <span class='ocrx_word' id='word_1_430' title='bbox 2541 2981 2664 3019; x_wconf 90' lang='lat' dir='ltr'><strong>eum</strong></span> <span class='ocrx_word' id='word_1_431' title='bbox 2707 2965 2958 3019; x_wconf 83' lang='lat' dir='ltr'><strong>versione</strong></span> <span class='ocrx_word' id='word_1_432' title='bbox 2986 2963 3131 3020; x_wconf 88' lang='lat' dir='ltr'><strong>Petri</strong></span> <span class='ocrx_word' id='word_1_433' title='bbox 3173 2963 3455 3022; x_wconf 83' lang='lat' dir='ltr'><strong>Francisci</strong></span> 
     </span>
    </p>
   </div>
   <div class='ocr_carea' id='block_1_59' title="bbox 1892 3056 3455 3128">
    <p class='ocr_par' dir='ltr' id='par_1_59' title="bbox 1892 3056 3455 3128">
     <span class='ocr_line' id='line_1_60' title="bbox 1892 3056 3455 3128; baseline 0.001 -19"><span class='ocrx_word' id='word_1_434' title='bbox 1892 3057 2030 3111; x_wconf 84' lang='lat' dir='ltr'><strong>Zini.</strong></span> <span class='ocrx_word' id='word_1_435' title='bbox 2075 3058 2299 3125; x_wconf 89' lang='lat' dir='ltr'><strong>Incipit:</strong></span> <span class='ocrx_word' id='word_1_436' title='bbox 2342 3056 2506 3128; x_wconf 76' lang='grc' dir='ltr'><strong>Ἀνὴρ</strong></span> <span class='ocrx_word' id='word_1_437' title='bbox 2543 3058 2844 3127; x_wconf 85' lang='grc' dir='ltr'><strong>φαρισαῖος,</strong></span> <span class='ocrx_word' id='word_1_438' title='bbox 2883 3056 2959 3120; x_wconf 78' lang='grc' dir='ltr'><strong>ὡς</strong></span> <span class='ocrx_word' id='word_1_439' title='bbox 2994 3056 3193 3127; x_wconf 78' lang='grc' dir='ltr'><strong>ἀρτίως</strong></span> <span class='ocrx_word' id='word_1_440' title='bbox 3218 3058 3455 3127; x_wconf 74' lang='grc' dir='ltr'><strong>ἡκούσα-</strong></span> 
     </span>
    </p>
   </div>
   <div class='ocr_carea' id='block_1_60' title="bbox 226 3140 3454 3242">
    <p class='ocr_par' dir='ltr' id='par_1_60' title="bbox 226 3140 3454 3242">
     <span class='ocr_line' id='line_1_61' title="bbox 226 3140 3454 3242; baseline 0.002 -46"><span class='ocrx_word' id='word_1_441' title='bbox 226 3140 390 3205; x_wconf 86' lang='grc'>1607,</span> <span class='ocrx_word' id='word_1_442' title='bbox 415 3142 467 3196; x_wconf 90' lang='lat'><strong>8.</strong></span> <span class='ocrx_word' id='word_1_443' title='bbox 497 3141 634 3198; x_wconf 80' lang='lat' dir='ltr'><strong>Hinc</strong></span> <span class='ocrx_word' id='word_1_444' title='bbox 656 3140 770 3197; x_wconf 78' lang='lat' dir='ltr'><strong>Jac.</strong></span> <span class='ocrx_word' id='word_1_445' title='bbox 800 3140 1111 3208; x_wconf 85' lang='lat' dir='ltr'><strong>Gretserus,</strong></span> <span class='ocrx_word' id='word_1_446' title='bbox 1142 3147 1284 3200; x_wconf 90' lang='lat' dir='ltr'><strong>inter</strong></span> <span class='ocrx_word' id='word_1_447' title='bbox 1308 3148 1409 3200; x_wconf 85' lang='lat' dir='ltr'><strong>alia</strong></span> <span class='ocrx_word' id='word_1_448' title='bbox 1444 3147 1781 3202; x_wconf 84' lang='lat' dir='ltr'><strong>Miscellanea</strong></span> <span class='ocrx_word' id='word_1_449' title='bbox 1812 3174 1855 3242; x_wconf 63' lang='grc' dir='ltr'>α</span> <span class='ocrx_word' id='word_1_450' title='bbox 1893 3165 2008 3217; x_wconf 86' lang='grc' dir='ltr'>μεν.</span> <span class='ocrx_word' id='word_1_451' title='bbox 2034 3147 2620 3201; x_wconf 65' lang='lat' dir='ltr'><strong>HaichomiliaAsterio</strong></span> <span class='ocrx_word' id='word_1_452' title='bbox 2666 3152 2937 3203; x_wconf 83' lang='lat' dir='ltr'><strong>Amaseno</strong></span> <span class='ocrx_word' id='word_1_453' title='bbox 2981 3149 3239 3202; x_wconf 89' lang='lat' dir='ltr'><strong>tribuitur</strong></span> <span class='ocrx_word' id='word_1_454' title='bbox 3260 3164 3288 3202; x_wconf 86' lang='lat' dir='ltr'><strong>a</strong></span> <span class='ocrx_word' id='word_1_455' title='bbox 3309 3148 3454 3204; x_wconf 86' lang='lat' dir='ltr'><strong>Pho-</strong></span> 
     </span>
    </p>
   </div>
   <div class='ocr_carea' id='block_1_61' title="bbox 227 3234 1785 3305">
    <p class='ocr_par' dir='ltr' id='par_1_61' title="bbox 227 3234 1785 3305">
     <span class='ocr_line' id='line_1_62' title="bbox 227 3234 1785 3305; baseline 0.004 -18"><span class='ocrx_word' id='word_1_456' title='bbox 227 3234 530 3304; x_wconf 82' lang='lat' dir='ltr'><strong>tbeologica</strong></span> <span class='ocrx_word' id='word_1_457' title='bbox 561 3235 797 3304; x_wconf 83' lang='lat' dir='ltr'><strong>vulgavit</strong></span> <span class='ocrx_word' id='word_1_458' title='bbox 829 3243 988 3291; x_wconf 89' lang='lat' dir='ltr'><strong>notas</strong></span> <span class='ocrx_word' id='word_1_459' title='bbox 1017 3237 1072 3289; x_wconf 90' lang='lat' dir='ltr'><strong>in</strong></span> <span class='ocrx_word' id='word_1_460' title='bbox 1104 3247 1259 3291; x_wconf 88' lang='lat' dir='ltr'><strong>notas</strong></span> <span class='ocrx_word' id='word_1_461' title='bbox 1297 3238 1509 3293; x_wconf 78' lang='lat' dir='ltr'><strong>Molinei</strong></span> <span class='ocrx_word' id='word_1_462' title='bbox 1532 3279 1546 3305; x_wconf 95' lang='lat'><strong>,</strong></span> <span class='ocrx_word' id='word_1_463' title='bbox 1576 3250 1629 3294; x_wconf 92' lang='lat' dir='ltr'><strong>et</strong></span> <span class='ocrx_word' id='word_1_464' title='bbox 1656 3257 1785 3295; x_wconf 82' lang='lat' dir='ltr'><strong>exa-</strong></span> 
     </span>
    </p>
   </div>
   <div class='ocr_carea' id='block_1_62' title="bbox 226 3324 1787 3397">
    <p class='ocr_par' dir='ltr' id='par_1_62' title="bbox 226 3324 1787 3397">
     <span class='ocr_line' id='line_1_63' title="bbox 226 3324 1787 3397; baseline 0.005 -20"><span class='ocrx_word' id='word_1_465' title='bbox 226 3340 352 3380; x_wconf 87' lang='lat' dir='ltr'><strong>men</strong></span> <span class='ocrx_word' id='word_1_466' title='bbox 382 3333 643 3380; x_wconf 84' lang='lat' dir='ltr'><strong>tractatus</strong></span> <span class='ocrx_word' id='word_1_467' title='bbox 670 3324 737 3381; x_wconf 89' lang='lat' dir='ltr'><strong>de</strong></span> <span class='ocrx_word' id='word_1_468' title='bbox 765 3328 1288 3397; x_wconf 85' lang='lat' dir='ltr'><strong>peregrinationibus</strong></span> <span class='ocrx_word' id='word_1_469' title='bbox 1308 3371 1322 3393; x_wconf 89' lang='lat'><strong>,</strong></span> <span class='ocrx_word' id='word_1_470' title='bbox 1353 3332 1420 3385; x_wconf 88' lang='lat' dir='ltr'><strong>ab</strong></span> <span class='ocrx_word' id='word_1_471' title='bbox 1449 3332 1634 3385; x_wconf 87' lang='lat' dir='ltr'><strong>eodem</strong></span> <span class='ocrx_word' id='word_1_472' title='bbox 1678 3332 1787 3385; x_wconf 84' lang='lat' dir='ltr'><strong>Mo-</strong></span> 
     </span>
    </p>
   </div>
   <div class='ocr_carea' id='block_1_63' title="bbox 228 3412 1786 3491">
    <p class='ocr_par' dir='ltr' id='par_1_63' title="bbox 228 3412 1786 3491">
     <span class='ocr_line' id='line_1_64' title="bbox 228 3412 1786 3491; baseline 0.008 -26"><span class='ocrx_word' id='word_1_473' title='bbox 228 3415 372 3468; x_wconf 89' lang='lat' dir='ltr'><strong>lineo</strong></span> <span class='ocrx_word' id='word_1_474' title='bbox 399 3413 564 3478; x_wconf 90' lang='lat' dir='ltr'><strong>editi,</strong></span> <span class='ocrx_word' id='word_1_475' title='bbox 592 3412 882 3483; x_wconf 71' lang='lat' dir='ltr'><strong>Ingolsmd.</strong></span> <span class='ocrx_word' id='word_1_476' title='bbox 901 3416 1058 3481; x_wconf 87' lang='lat'><strong>1608,</strong></span> <span class='ocrx_word' id='word_1_477' title='bbox 1074 3418 1126 3471; x_wconf 85' lang='lat'><strong>4.</strong></span> <span class='ocrx_word' id='word_1_478' title='bbox 1154 3417 1335 3473; x_wconf 87' lang='lat' dir='ltr'><strong>Videri</strong></span> <span class='ocrx_word' id='word_1_479' title='bbox 1361 3421 1521 3475; x_wconf 88' lang='lat' dir='ltr'><strong>etiam</strong></span> <span class='ocrx_word' id='word_1_480' title='bbox 1555 3435 1786 3491; x_wconf 86' lang='lat' dir='ltr'><strong>possunt</strong></span> 
     </span>
    </p>
   </div>
   <div class='ocr_carea' id='block_1_64' title="bbox 227 3504 1785 3579">
    <p class='ocr_par' dir='ltr' id='par_1_64' title="bbox 227 3504 1785 3579">
     <span class='ocr_line' id='line_1_65' title="bbox 227 3504 1785 3579; baseline 0.008 -22"><span class='ocrx_word' id='word_1_481' title='bbox 227 3520 351 3573; x_wconf 65' lang='lat' dir='ltr'><strong>quae</strong></span> <span class='ocrx_word' id='word_1_482' title='bbox 399 3505 539 3561; x_wconf 89' lang='lat' dir='ltr'><strong>idem</strong></span> <span class='ocrx_word' id='word_1_483' title='bbox 587 3504 877 3562; x_wconf 84' lang='lat' dir='ltr'><strong>Gretserus</strong></span> <span class='ocrx_word' id='word_1_484' title='bbox 927 3510 1222 3579; x_wconf 87' lang='lat' dir='ltr'><strong>scripserat</strong></span> <span class='ocrx_word' id='word_1_485' title='bbox 1276 3512 1360 3566; x_wconf 92' lang='lat' dir='ltr'><strong>lib.</strong></span> <span class='ocrx_word' id='word_1_486' title='bbox 1437 3530 1488 3578; x_wconf 89' lang='lat'><strong>1,</strong></span> <span class='ocrx_word' id='word_1_487' title='bbox 1521 3514 1596 3569; x_wconf 89' lang='lat' dir='ltr'><strong>De</strong></span> <span class='ocrx_word' id='word_1_488' title='bbox 1618 3518 1785 3570; x_wconf 83' lang='lat' dir='ltr'><strong>sacris</strong></span> 
     </span>
    </p>
   </div>
   <div class='ocr_carea' id='block_1_65' title="bbox 227 3599 1781 3677">
    <p class='ocr_par' dir='ltr' id='par_1_65' title="bbox 227 3599 1781 3677">
     <span class='ocr_line' id='line_1_66' title="bbox 227 3599 1781 3677; baseline 0.006 -26"><span class='ocrx_word' id='word_1_489' title='bbox 227 3607 279 3651; x_wconf 73' lang='lat' dir='ltr'><strong>et</strong></span> <span class='ocrx_word' id='word_1_490' title='bbox 321 3599 577 3668; x_wconf 80' lang='lat' dir='ltr'><strong>religiosis</strong></span> <span class='ocrx_word' id='word_1_491' title='bbox 624 3601 1125 3669; x_wconf 78' lang='lat' dir='ltr'><strong>peregrinationibus</strong></span> <span class='ocrx_word' id='word_1_492' title='bbox 1177 3618 1296 3673; x_wconf 83' lang='lat' dir='ltr'><strong>cap.</strong></span> <span class='ocrx_word' id='word_1_493' title='bbox 1343 3606 1432 3669; x_wconf 89' lang='lat'><strong>10,</strong></span> <span class='ocrx_word' id='word_1_494' title='bbox 1488 3606 1781 3677; x_wconf 85' lang='lat' dir='ltr'><strong>lngolstad.</strong></span> 
     </span>
    </p>
   </div>
   <div class='ocr_carea' id='block_1_66' title="bbox 230 3684 1783 3768">
    <p class='ocr_par' dir='ltr' id='par_1_66' title="bbox 230 3684 1783 3768">
     <span class='ocr_line' id='line_1_67' title="bbox 230 3684 1783 3768; baseline 0.008 -27"><span class='ocrx_word' id='word_1_495' title='bbox 230 3689 391 3751; x_wconf 90' lang='lat'><strong>1606,</strong></span> <span class='ocrx_word' id='word_1_496' title='bbox 419 3690 472 3744; x_wconf 92' lang='lat'><strong>4.</strong></span> <span class='ocrx_word' id='word_1_497' title='bbox 503 3689 652 3744; x_wconf 66' lang='lat' dir='ltr'><strong>Notae</strong></span> <span class='ocrx_word' id='word_1_498' title='bbox 682 3691 785 3745; x_wconf 63' lang='lat' dir='ltr'><strong>illa</strong></span> <span class='ocrx_word' id='word_1_499' title='bbox 816 3684 1177 3748; x_wconf 69' lang='lat' dir='ltr'><strong>Gretseriante</strong></span> <span class='ocrx_word' id='word_1_500' title='bbox 1210 3696 1277 3749; x_wconf 86' lang='lat' dir='ltr'><strong>ad</strong></span> <span class='ocrx_word' id='word_1_501' title='bbox 1310 3698 1513 3752; x_wconf 88' lang='lat' dir='ltr'><strong>calcem</strong></span> <span class='ocrx_word' id='word_1_502' title='bbox 1558 3715 1783 3768; x_wconf 88' lang='lat' dir='ltr'><strong>operum</strong></span> 
     </span>
    </p>
   </div>
   <div class='ocr_carea' id='block_1_67' title="bbox 229 3776 1788 3853">
    <p class='ocr_par' dir='ltr' id='par_1_67' title="bbox 229 3776 1788 3853">
     <span class='ocr_line' id='line_1_68' title="bbox 229 3776 1788 3853; baseline 0.009 -23"><span class='ocrx_word' id='word_1_503' title='bbox 229 3776 459 3848; x_wconf 78' lang='lat' dir='ltr'><strong>Nysseni</strong></span> <span class='ocrx_word' id='word_1_504' title='bbox 490 3795 691 3834; x_wconf 65' lang='lat' dir='ltr'><strong>recusa:</strong></span> <span class='ocrx_word' id='word_1_505' title='bbox 724 3788 885 3845; x_wconf 87' lang='lat' dir='ltr'><strong>sunt;</strong></span> <span class='ocrx_word' id='word_1_506' title='bbox 933 3790 1128 3836; x_wconf 65' lang='lat' dir='ltr'><strong>caetera</strong></span> <span class='ocrx_word' id='word_1_507' title='bbox 1175 3788 1560 3853; x_wconf 81' lang='lat' dir='ltr'><strong>praetermissa.</strong></span> <span class='ocrx_word' id='word_1_508' title='bbox 1603 3789 1686 3843; x_wconf 89' lang='lat' dir='ltr'><strong>Ab</strong></span> <span class='ocrx_word' id='word_1_509' title='bbox 1722 3805 1788 3844; x_wconf 89' lang='lat' dir='ltr'><strong>eo</strong></span> 
     </span>
    </p>
   </div>
   <div class='ocr_carea' id='block_1_68' title="bbox 230 3867 1788 3942">
    <p class='ocr_par' dir='ltr' id='par_1_68' title="bbox 230 3867 1788 3942">
     <span class='ocr_line' id='line_1_69' title="bbox 230 3867 1788 3942; baseline 0.01 -21"><span class='ocrx_word' id='word_1_510' title='bbox 230 3877 475 3938; x_wconf 84' lang='lat' dir='ltr'><strong>tempore</strong></span> <span class='ocrx_word' id='word_1_511' title='bbox 496 3867 579 3923; x_wconf 85' lang='lat' dir='ltr'><strong>Jo.</strong></span> <span class='ocrx_word' id='word_1_512' title='bbox 603 3868 869 3925; x_wconf 78' lang='lat' dir='ltr'><strong>Henricus</strong></span> <span class='ocrx_word' id='word_1_513' title='bbox 891 3869 1255 3942; x_wconf 83' lang='lat' dir='ltr'><strong>Heideggerus</strong></span> <span class='ocrx_word' id='word_1_514' title='bbox 1277 3874 1648 3933; x_wconf 80' lang='lat' dir='ltr'><strong>diSSertationi</strong></span> <span class='ocrx_word' id='word_1_515' title='bbox 1676 3896 1788 3935; x_wconf 71' lang='lat' dir='ltr'><strong>suae</strong></span> 
     </span>
    </p>
   </div>
   <div class='ocr_carea' id='block_1_69' title="bbox 228 3962 1787 4042">
    <p class='ocr_par' dir='ltr' id='par_1_69' title="bbox 228 3962 1787 4042">
     <span class='ocr_line' id='line_1_70' title="bbox 228 3962 1787 4042; baseline 0.008 -27"><span class='ocrx_word' id='word_1_516' title='bbox 228 3962 298 4015; x_wconf 89' lang='lat' dir='ltr'><strong>de</strong></span> <span class='ocrx_word' id='word_1_517' title='bbox 330 3962 856 4032; x_wconf 79' lang='lat' dir='ltr'><strong>peregrinationibus</strong></span> <span class='ocrx_word' id='word_1_518' title='bbox 884 3966 1157 4036; x_wconf 87' lang='lat' dir='ltr'><strong>religiosis</strong></span> <span class='ocrx_word' id='word_1_519' title='bbox 1186 3968 1349 4021; x_wconf 88' lang='lat' dir='ltr'><strong>etiam</strong></span> <span class='ocrx_word' id='word_1_520' title='bbox 1385 3969 1523 4023; x_wconf 90' lang='lat' dir='ltr'><strong>hanc</strong></span> <span class='ocrx_word' id='word_1_521' title='bbox 1557 3970 1787 4042; x_wconf 87' lang='lat' dir='ltr'><strong>Nysseni</strong></span> 
     </span>
    </p>
   </div>
   <div class='ocr_carea' id='block_1_70' title="bbox 228 4053 1788 4132">
    <p class='ocr_par' dir='ltr' id='par_1_70' title="bbox 228 4053 1788 4132">
     <span class='ocr_line' id='line_1_71' title="bbox 228 4053 1788 4132; baseline 0.006 -24"><span class='ocrx_word' id='word_1_522' title='bbox 228 4054 516 4123; x_wconf 78' lang='lat' dir='ltr'><strong>epistolam</strong></span> <span class='ocrx_word' id='word_1_523' title='bbox 546 4053 733 4109; x_wconf 67' lang='lat' dir='ltr'><strong>Graece</strong></span> <span class='ocrx_word' id='word_1_524' title='bbox 762 4064 818 4110; x_wconf 90' lang='lat' dir='ltr'><strong>et</strong></span> <span class='ocrx_word' id='word_1_525' title='bbox 847 4054 1037 4111; x_wconf 89' lang='lat' dir='ltr'><strong>Latine</strong></span> <span class='ocrx_word' id='word_1_526' title='bbox 1087 4057 1399 4126; x_wconf 78' lang='lat' dir='ltr'><strong>subjunxit,</strong></span> <span class='ocrx_word' id='word_1_527' title='bbox 1433 4077 1659 4132; x_wconf 88' lang='lat' dir='ltr'><strong>eamque</strong></span> <span class='ocrx_word' id='word_1_528' title='bbox 1692 4065 1788 4118; x_wconf 89' lang='lat' dir='ltr'><strong>ad-</strong></span> 
     </span>
    </p>
   </div>
   <div class='ocr_carea' id='block_1_71' title="bbox 230 4145 1787 4222">
    <p class='ocr_par' dir='ltr' id='par_1_71' title="bbox 230 4145 1787 4222">
     <span class='ocr_line' id='line_1_72' title="bbox 230 4145 1787 4222; baseline 0.008 -24"><span class='ocrx_word' id='word_1_529' title='bbox 230 4161 423 4201; x_wconf 86' lang='lat' dir='ltr'><strong>versus</strong></span> <span class='ocrx_word' id='word_1_530' title='bbox 452 4145 763 4201; x_wconf 83' lang='lat' dir='ltr'><strong>Gretsernm</strong></span> <span class='ocrx_word' id='word_1_531' title='bbox 793 4147 1123 4213; x_wconf 82' lang='lat' dir='ltr'><strong>vindicavit,</strong></span> <span class='ocrx_word' id='word_1_532' title='bbox 1158 4150 1349 4222; x_wconf 87' lang='lat' dir='ltr'><strong>Tiguri</strong></span> <span class='ocrx_word' id='word_1_533' title='bbox 1386 4153 1523 4206; x_wconf 88' lang='lat'><strong>1670</strong></span> <span class='ocrx_word' id='word_1_534' title='bbox 1547 4194 1561 4218; x_wconf 96' lang='lat'><strong>,</strong></span> <span class='ocrx_word' id='word_1_535' title='bbox 1593 4156 1646 4210; x_wconf 88' lang='lat'><strong>8.</strong></span> <span class='ocrx_word' id='word_1_536' title='bbox 1680 4155 1787 4210; x_wconf 88' lang='lat' dir='ltr'><strong>Va-</strong></span> 
     </span>
    </p>
   </div>
   <div class='ocr_carea' id='block_1_72' title="bbox 301 4304 1460 4385">
    <p class='ocr_par' dir='ltr' id='par_1_72' title="bbox 301 4304 1460 4385">
     <span class='ocr_line' id='line_1_73' title="bbox 301 4304 1460 4385; baseline 0.006 -24"><span class='ocrx_word' id='word_1_537' title='bbox 301 4310 381 4385; x_wconf 78' lang='grc' dir='ltr'><strong>(ᾳ)</strong></span> <span class='ocrx_word' id='word_1_538' title='bbox 422 4308 566 4385; x_wconf 52' lang='lat' dir='ltr'><strong>fidit.</strong></span> <span class='ocrx_word' id='word_1_539' title='bbox 594 4304 861 4385; x_wconf 60' lang='lat' dir='ltr'><strong>a.__1658,</strong></span> <span class='ocrx_word' id='word_1_540' title='bbox 898 4320 1028 4367; x_wconf 90' lang='lat' dir='ltr'><strong>tom.</strong></span> <span class='ocrx_word' id='word_1_541' title='bbox 1065 4311 1110 4365; x_wconf 93' lang='lat' dir='ltr'><strong>II</strong></span> <span class='ocrx_word' id='word_1_542' title='bbox 1134 4354 1147 4377; x_wconf 90' lang='lat'><strong>,</strong></span> <span class='ocrx_word' id='word_1_543' title='bbox 1184 4328 1304 4385; x_wconf 85' lang='lat' dir='ltr'><strong>pag.</strong></span> <span class='ocrx_word' id='word_1_544' title='bbox 1337 4308 1460 4369; x_wconf 86' lang='lat'><strong>617.</strong></span> 
     </span>
    </p>
   </div>
   <div class='ocr_carea' id='block_1_73' title="bbox 304 4379 708 4449">
    <p class='ocr_par' dir='ltr' id='par_1_73' title="bbox 304 4379 708 4449">
     <span class='ocr_line' id='line_1_74' title="bbox 304 4379 708 4449; baseline 0.005 -18"><span class='ocrx_word' id='word_1_545' title='bbox 304 4380 377 4448; x_wconf 88' lang='lat' dir='ltr'><strong>(b)</strong></span> <span class='ocrx_word' id='word_1_546' title='bbox 419 4379 547 4449; x_wconf 88' lang='lat' dir='ltr'><strong>Pag.</strong></span> <span class='ocrx_word' id='word_1_547' title='bbox 586 4380 708 4433; x_wconf 84' lang='lat'><strong>645.</strong></span> 
     </span>
    </p>
   </div>
   <div class='ocr_carea' id='block_1_74' title="bbox 303 4449 704 4518">
    <p class='ocr_par' dir='ltr' id='par_1_74' title="bbox 303 4449 704 4518">
     <span class='ocr_line' id='line_1_75' title="bbox 303 4449 704 4518; baseline 0.002 -16"><span class='ocrx_word' id='word_1_548' title='bbox 303 4454 374 4518; x_wconf 78' lang='grc' dir='ltr'><strong>(ο)</strong></span> <span class='ocrx_word' id='word_1_549' title='bbox 418 4449 545 4518; x_wconf 79' lang='lat' dir='ltr'><strong>Pag.</strong></span> <span class='ocrx_word' id='word_1_550' title='bbox 581 4449 704 4503; x_wconf 86' lang='grc'>652.</span> 
     </span>
    </p>
   </div>
   <div class='ocr_carea' id='block_1_75' title="bbox 307 4454 1787 4593">
    <p class='ocr_par' dir='ltr' id='par_1_75' title="bbox 307 4454 1787 4593">
     <span class='ocr_line' id='line_1_76' title="bbox 307 4454 1506 4572; baseline 0.008 -72"><span class='ocrx_word' id='word_1_551' title='bbox 307 4454 374 4572; x_wconf 54' lang='grc'><strong>((2</strong></span> <span class='ocrx_word' id='word_1_552' title='bbox 418 4454 545 4518; x_wconf 80' lang='lat' dir='ltr'><strong>Pag.</strong></span> <span class='ocrx_word' id='word_1_553' title='bbox 581 4454 704 4503; x_wconf 86' lang='grc'>652.</span> <span class='ocrx_word' id='word_1_554' title='bbox 980 4521 992 4533; x_wconf 37' lang='grc'><strong><em>⁵</em></strong></span> <span class='ocrx_word' id='word_1_555' title='bbox 1497 4527 1506 4537; x_wconf 77' lang='lat'><em>_</em></span> 
     </span>
     <span class='ocr_line' id='line_1_77' title="bbox 307 4518 1787 4593; baseline 0.007 -21"><span class='ocrx_word' id='word_1_556' title='bbox 307 4524 324 4589; x_wconf 92' lang='lat'><strong>(</strong></span> <span class='ocrx_word' id='word_1_557' title='bbox 369 4527 385 4586; x_wconf 93' lang='lat'><strong>)</strong></span> <span class='ocrx_word' id='word_1_558' title='bbox 428 4518 610 4593; x_wconf 69' lang='lat' dir='ltr'><strong>Cra-ce</strong></span> <span class='ocrx_word' id='word_1_559' title='bbox 637 4528 691 4593; x_wconf 85' lang='lat' dir='ltr'><strong>et</strong></span> <span class='ocrx_word' id='word_1_560' title='bbox 720 4519 847 4593; x_wconf 61' lang='lat' dir='ltr'><strong>Lat.</strong></span> <span class='ocrx_word' id='word_1_561' title='bbox 872 4520 1045 4593; x_wconf 88' lang='lat' dir='ltr'><strong>Paris.</strong></span> <span class='ocrx_word' id='word_1_562' title='bbox 1084 4523 1209 4593; x_wconf 83' lang='lat'><strong>1551</strong></span> <span class='ocrx_word' id='word_1_563' title='bbox 1236 4564 1250 4587; x_wconf 94' lang='lat'><strong>,</strong></span> <span class='ocrx_word' id='word_1_564' title='bbox 1286 4524 1550 4593; x_wconf 33' lang='lat' dir='ltr'><strong>apLGuil.</strong></span> <span class='ocrx_word' id='word_1_565' title='bbox 1589 4528 1787 4582; x_wconf 85' lang='lat' dir='ltr'><strong>Morel-</strong></span> 
     </span>
    </p>
   </div>
   <div class='ocr_carea' id='block_1_76' title="bbox 232 4589 1786 4666">
    <p class='ocr_par' dir='ltr' id='par_1_76' title="bbox 232 4589 1786 4666">
     <span class='ocr_line' id='line_1_78' title="bbox 232 4589 1786 4666; baseline 0.005 -21"><span class='ocrx_word' id='word_1_566' title='bbox 232 4592 367 4645; x_wconf 88' lang='lat' dir='ltr'><strong>lium</strong></span> <span class='ocrx_word' id='word_1_567' title='bbox 388 4629 404 4653; x_wconf 97' lang='lat'><strong>,</strong></span> <span class='ocrx_word' id='word_1_568' title='bbox 434 4591 719 4666; x_wconf 52' lang='lat' dir='ltr'><strong>citaturMin</strong></span> <span class='ocrx_word' id='word_1_569' title='bbox 744 4589 1036 4666; x_wconf 63' lang='lat' dir='ltr'><strong>hlaittaire,</strong></span> <span class='ocrx_word' id='word_1_570' title='bbox 1059 4590 1298 4666; x_wconf 40' lang='grc' dir='ltr'><strong>⁸Αηᾳριῖι.</strong></span> <span class='ocrx_word' id='word_1_571' title='bbox 1321 4589 1395 4646; x_wconf 70' lang='grc' dir='ltr'><strong>ἸΙΙ</strong></span> <span class='ocrx_word' id='word_1_572' title='bbox 1422 4611 1584 4666; x_wconf 72' lang='lat' dir='ltr'><strong>Lpag.</strong></span> <span class='ocrx_word' id='word_1_573' title='bbox 1617 4599 1786 4651; x_wconf 81' lang='lat'><strong>597.—</strong></span> 
     </span>
    </p>
   </div>
   <div class='ocr_carea' id='block_1_77' title="bbox 235 4659 1783 4734">
    <p class='ocr_par' dir='ltr' id='par_1_77' title="bbox 235 4659 1783 4734">
     <span class='ocr_line' id='line_1_79' title="bbox 235 4659 1783 4734; baseline 0.006 -20"><span class='ocrx_word' id='word_1_574' title='bbox 235 4672 400 4734; x_wconf 82' lang='lat' dir='ltr'><strong>atque</strong></span> <span class='ocrx_word' id='word_1_575' title='bbox 424 4674 554 4734; x_wconf 68' lang='lat' dir='ltr'><strong>pag.</strong></span> <span class='ocrx_word' id='word_1_576' title='bbox 578 4659 937 4734; x_wconf 79' lang='lat' dir='ltr'><strong>,_iterum</strong></span> <span class='ocrx_word' id='word_1_577' title='bbox 966 4662 1095 4734; x_wconf 77' lang='lat' dir='ltr'><strong>ibid.</strong></span> <span class='ocrx_word' id='word_1_578' title='bbox 1119 4663 1267 4734; x_wconf 22' lang='lat' dir='ltr'><strong>H1558</strong></span> <span class='ocrx_word' id='word_1_579' title='bbox 1288 4702 1302 4726; x_wconf 92' lang='lat'><strong>,</strong></span> <span class='ocrx_word' id='word_1_580' title='bbox 1332 4665 1363 4716; x_wconf 88' lang='grc'><strong>8</strong></span> <span class='ocrx_word' id='word_1_581' title='bbox 1383 4704 1395 4720; x_wconf 85' lang='grc'>,</span> <span class='ocrx_word' id='word_1_582' title='bbox 1425 4659 1596 4720; x_wconf 62' lang='lat' dir='ltr'><strong>Paris.</strong></span> <span class='ocrx_word' id='word_1_583' title='bbox 1627 4669 1783 4734; x_wconf 83' lang='lat'><strong>1554,</strong></span> 
     </span>
    </p>
   </div>
   <div class='ocr_carea' id='block_1_78' title="bbox 235 4730 1642 4800">
    <p class='ocr_par' dir='ltr' id='par_1_78' title="bbox 235 4730 1642 4800">
     <span class='ocr_line' id='line_1_80' title="bbox 235 4730 1642 4800; baseline 0.004 -15"><span class='ocrx_word' id='word_1_584' title='bbox 235 4734 291 4795; x_wconf 85' lang='lat'><strong>8,</strong></span> <span class='ocrx_word' id='word_1_585' title='bbox 324 4733 377 4785; x_wconf 89' lang='lat' dir='ltr'><strong>in</strong></span> <span class='ocrx_word' id='word_1_586' title='bbox 406 4738 515 4800; x_wconf 67' lang='lat' dir='ltr'><strong>cat.</strong></span> <span class='ocrx_word' id='word_1_587' title='bbox 545 4730 673 4783; x_wconf 86' lang='lat' dir='ltr'><strong>bibl.</strong></span> <span class='ocrx_word' id='word_1_588' title='bbox 706 4730 857 4785; x_wconf 89' lang='lat' dir='ltr'><strong>Leid.</strong></span> <span class='ocrx_word' id='word_1_589' title='bbox 887 4746 1006 4800; x_wconf 86' lang='lat' dir='ltr'><strong>pag.</strong></span> <span class='ocrx_word' id='word_1_590' title='bbox 1041 4731 1166 4798; x_wconf 84' lang='grc'>255,</span> <span class='ocrx_word' id='word_1_591' title='bbox 1197 4748 1282 4787; x_wconf 88' lang='lat' dir='ltr'><strong>nr.</strong></span> <span class='ocrx_word' id='word_1_592' title='bbox 1315 4735 1437 4787; x_wconf 81' lang='lat'><strong>455.</strong></span> <span class='ocrx_word' id='word_1_593' title='bbox 1473 4736 1642 4792; x_wconf 51' lang='lat' dir='ltr'><strong>Hann.</strong></span> 
     </span>
    </p>
   </div>
   <div class='ocr_carea' id='block_1_79' title="bbox 306 4798 1787 4873">
    <p class='ocr_par' dir='ltr' id='par_1_79' title="bbox 306 4798 1787 4873">
     <span class='ocr_line' id='line_1_81' title="bbox 306 4798 1787 4873; baseline 0.004 -18"><span class='ocrx_word' id='word_1_594' title='bbox 306 4804 377 4872; x_wconf 75' lang='grc' dir='ltr'><strong>(ε)</strong></span> <span class='ocrx_word' id='word_1_595' title='bbox 419 4798 685 4873; x_wconf 69' lang='lat' dir='ltr'><strong>Maittaire</strong></span> <span class='ocrx_word' id='word_1_596' title='bbox 718 4803 777 4873; x_wconf 89' lang='lat' dir='ltr'><strong>in</strong></span> <span class='ocrx_word' id='word_1_597' title='bbox 791 4802 865 4873; x_wconf 18' lang='lat' dir='ltr'><strong>AA.</strong></span> <span class='ocrx_word' id='word_1_598' title='bbox 892 4798 1025 4855; x_wconf 79' lang='lat' dir='ltr'><strong>tom.</strong></span> <span class='ocrx_word' id='word_1_599' title='bbox 1054 4801 1120 4854; x_wconf 90' lang='lat' dir='ltr'><strong>III</strong></span> <span class='ocrx_word' id='word_1_600' title='bbox 1142 4844 1156 4864; x_wconf 93' lang='lat'><strong>,</strong></span> <span class='ocrx_word' id='word_1_601' title='bbox 1180 4806 1303 4873; x_wconf 80' lang='lat' dir='ltr'><strong>pag.</strong></span> <span class='ocrx_word' id='word_1_602' title='bbox 1331 4804 1468 4869; x_wconf 90' lang='lat'><strong>848,</strong></span> <span class='ocrx_word' id='word_1_603' title='bbox 1499 4807 1642 4860; x_wconf 82' lang='lat' dir='ltr'><strong>illam</strong></span> <span class='ocrx_word' id='word_1_604' title='bbox 1672 4807 1787 4862; x_wconf 86' lang='lat' dir='ltr'><strong>edi-</strong></span> 
     </span>
    </p>
   </div>
   <div class='ocr_carea' id='block_1_80' title="bbox 235 4868 1785 4943">
    <p class='ocr_par' dir='ltr' id='par_1_80' title="bbox 235 4868 1785 4943">
     <span class='ocr_line' id='line_1_82' title="bbox 235 4868 1785 4943; baseline 0.003 -18"><span class='ocrx_word' id='word_1_605' title='bbox 235 4868 468 4943; x_wconf 73' lang='lat' dir='ltr'><strong>tionem,</strong></span> <span class='ocrx_word' id='word_1_606' title='bbox 501 4884 565 4922; x_wconf 77' lang='lat' dir='ltr'><strong>ex</strong></span> <span class='ocrx_word' id='word_1_607' title='bbox 602 4868 1198 4943; x_wconf 54' lang='lat' dir='ltr'><strong>Morellianaﬂuctam;</strong></span> <span class='ocrx_word' id='word_1_608' title='bbox 1241 4868 1539 4942; x_wconf 77' lang='lat' dir='ltr'><strong>prodiisse,</strong></span> <span class='ocrx_word' id='word_1_609' title='bbox 1578 4878 1740 4929; x_wconf 86' lang='lat' dir='ltr'><strong>tradit</strong></span> <span class='ocrx_word' id='word_1_610' title='bbox 1770 4918 1785 4943; x_wconf 95' lang='lat'><strong>,</strong></span> 
     </span>
    </p>
   </div>
   <div class='ocr_carea' id='block_1_81' title="bbox 236 4938 1784 5011">
    <p class='ocr_par' dir='ltr' id='par_1_81' title="bbox 236 4938 1784 5011">
     <span class='ocr_line' id='line_1_83' title="bbox 236 4938 1784 5011; baseline 0.005 -18"><span class='ocrx_word' id='word_1_611' title='bbox 236 4940 418 4994; x_wconf 85' lang='lat' dir='ltr'><strong>Lutet.</strong></span> <span class='ocrx_word' id='word_1_612' title='bbox 457 4942 868 5010; x_wconf 74' lang='lat' dir='ltr'><strong>ex&#39;typograph.</strong></span> <span class='ocrx_word' id='word_1_613' title='bbox 915 4938 1133 4995; x_wconf 81' lang='lat' dir='ltr'><strong>Roberti</strong></span> <span class='ocrx_word' id='word_1_614' title='bbox 1172 4938 1430 5011; x_wconf 76' lang='lat' dir='ltr'><strong>Stephani</strong></span> <span class='ocrx_word' id='word_1_615' title='bbox 1454 4984 1467 5005; x_wconf 95' lang='lat'><strong>,</strong></span> <span class='ocrx_word' id='word_1_616' title='bbox 1511 4944 1685 5009; x_wconf 86' lang='lat'><strong>1606,</strong></span> <span class='ocrx_word' id='word_1_617' title='bbox 1718 4938 1784 5009; x_wconf 77' lang='lat'><strong>8,</strong></span> 
     </span>
    </p>
   </div>
   <div class='ocr_carea' id='block_1_82' title="bbox 234 5011 1786 5092">
    <p class='ocr_par' dir='ltr' id='par_1_82' title="bbox 234 5011 1786 5092">
     <span class='ocr_line' id='line_1_84' title="bbox 234 5011 1786 5092; baseline 0.005 -29"><span class='ocrx_word' id='word_1_618' title='bbox 234 5012 578 5092; x_wconf 47' lang='lat' dir='ltr'><strong>qui-intima</strong></span> <span class='ocrx_word' id='word_1_619' title='bbox 611 5026 655 5092; x_wconf 55' lang='grc' dir='ltr'><strong>ς.</strong></span> <span class='ocrx_word' id='word_1_620' title='bbox 683 5026 749 5092; x_wconf 54' lang='grc' dir='ltr'><em>ᾳ</em></span> <span class='ocrx_word' id='word_1_621' title='bbox 780 5011 1007 5092; x_wconf 76' lang='lat' dir='ltr'><strong>epistola</strong></span> <span class='ocrx_word' id='word_1_622' title='bbox 1034 5013 1350 5092; x_wconf 75' lang='lat' dir='ltr'><strong>typographi</strong></span> <span class='ocrx_word' id='word_1_623' title='bbox 1386 5016 1599 5092; x_wconf 60' lang='lat' dir='ltr'><strong>praefixa</strong></span> <span class='ocrx_word' id='word_1_624' title='bbox 1639 5027 1786 5092; x_wconf 49' lang='grc' dir='ltr'><strong>(ξε-ει</strong></span> 
     </span>
    </p>
   </div>
   <div class='ocr_carea' id='block_1_83' title="bbox 238 5078 1788 5153">
    <p class='ocr_par' dir='ltr' id='par_1_83' title="bbox 238 5078 1788 5153">
     <span class='ocr_line' id='line_1_85' title="bbox 238 5078 1788 5153; baseline 0.003 -19"><span class='ocrx_word' id='word_1_625' title='bbox 238 5078 827 5153; x_wconf 74' lang='lat' dir='ltr'><strong>itetIicatione__Moliiiei</strong></span> <span class='ocrx_word' id='word_1_626' title='bbox 855 5082 985 5153; x_wconf 87' lang='lat' dir='ltr'><strong>loca_</strong></span> <span class='ocrx_word' id='word_1_627' title='bbox 1005 5078 1188 5135; x_wconf 75' lang='lat' dir='ltr'><strong>notati]</strong></span> <span class='ocrx_word' id='word_1_628' title='bbox 1220 5078 1643 5153; x_wconf 67' lang='lat' dir='ltr'><strong>digna&#39;repetiit.</strong></span> <span class='ocrx_word' id='word_1_629' title='bbox 1676 5084 1788 5139; x_wconf 81' lang='lat' dir='ltr'><strong>Mo-</strong></span> 
     </span>
    </p>
   </div>
   <div class='ocr_carea' id='block_1_84' title="bbox 240 5150 1788 5221">
    <p class='ocr_par' dir='ltr' id='par_1_84' title="bbox 240 5150 1788 5221">
     <span class='ocr_line' id='line_1_86' title="bbox 240 5150 1788 5221; baseline 0.004 -18"><span class='ocrx_word' id='word_1_630' title='bbox 240 5153 337 5204; x_wconf 83' lang='lat' dir='ltr'><strong>lin.</strong></span> <span class='ocrx_word' id='word_1_631' title='bbox 374 5152 515 5221; x_wconf 76' lang='lat' dir='ltr'><strong>inter</strong></span> <span class='ocrx_word' id='word_1_632' title='bbox 553 5150 914 5221; x_wconf 84' lang='lat' dir='ltr'><strong>alia_narrat,</strong></span> <span class='ocrx_word' id='word_1_633' title='bbox 958 5150 1176 5206; x_wconf 78' lang='lat' dir='ltr'><strong>Robert.</strong></span> <span class='ocrx_word' id='word_1_634' title='bbox 1214 5150 1544 5221; x_wconf 78' lang='lat' dir='ltr'><strong>Stephanum</strong></span> <span class='ocrx_word' id='word_1_635' title='bbox 1594 5170 1788 5209; x_wconf 83' lang='lat' dir='ltr'><strong>aureo-</strong></span> 
     </span>
    </p>
   </div>
   <div class='ocr_carea' id='block_1_85' title="bbox 241 5217 1784 5292">
    <p class='ocr_par' dir='ltr' id='par_1_85' title="bbox 241 5217 1784 5292">
     <span class='ocr_line' id='line_1_87' title="bbox 241 5217 1784 5292; baseline 0.002 -18"><span class='ocrx_word' id='word_1_636' title='bbox 241 5223 351 5274; x_wconf 91' lang='lat' dir='ltr'><strong>lum</strong></span> <span class='ocrx_word' id='word_1_637' title='bbox 392 5217 619 5292; x_wconf 66' lang='lat' dir='ltr'><strong>Qregor.</strong></span> <span class='ocrx_word' id='word_1_638' title='bbox 660 5217 819 5292; x_wconf 83' lang='lat' dir='ltr'><strong>Nyss.</strong></span> <span class='ocrx_word' id='word_1_639' title='bbox 861 5221 1098 5292; x_wconf 78' lang='lat' dir='ltr'><strong>libellum</strong></span> <span class='ocrx_word' id='word_1_640' title='bbox 1138 5221 1213 5274; x_wconf 91' lang='lat' dir='ltr'><strong>De</strong></span> <span class='ocrx_word' id='word_1_641' title='bbox 1246 5217 1784 5292; x_wconf 70' lang='lat' dir='ltr'><strong>peregrinationibus,</strong></span> 
     </span>
    </p>
   </div>
   <div class='ocr_carea' id='block_1_86' title="bbox 237 5287 1789 5353">
    <p class='ocr_par' dir='ltr' id='par_1_86' title="bbox 237 5287 1789 5353">
     <span class='ocr_line' id='line_1_88' title="bbox 237 5287 1789 5353; baseline 0.001 -7"><span class='ocrx_word' id='word_1_642' title='bbox 237 5298 370 5353; x_wconf 84' lang='lat' dir='ltr'><strong>etc.,</strong></span> <span class='ocrx_word' id='word_1_643' title='bbox 393 5287 593 5343; x_wconf 86' lang='lat' dir='ltr'><strong>Gallice</strong></span> <span class='ocrx_word' id='word_1_644' title='bbox 625 5287 854 5345; x_wconf 76' lang='lat' dir='ltr'><strong>vertisse</strong></span> <span class='ocrx_word' id='word_1_645' title='bbox 885 5292 952 5345; x_wconf 85' lang='lat' dir='ltr'><strong>ad</strong></span> <span class='ocrx_word' id='word_1_646' title='bbox 980 5291 1149 5345; x_wconf 63' lang='lat' dir='ltr'><strong>Grmci</strong></span> <span class='ocrx_word' id='word_1_647' title='bbox 1178 5287 1459 5349; x_wconf 72' lang='lat' dir='ltr'><strong>contextus</strong></span> <span class='ocrx_word' id='word_1_648' title='bbox 1496 5294 1651 5349; x_wconf 84' lang='lat' dir='ltr'><strong>tidem</strong></span> <span class='ocrx_word' id='word_1_649' title='bbox 1678 5312 1691 5347; x_wconf 91' lang='lat'><strong>:</strong></span> <span class='ocrx_word' id='word_1_650' title='bbox 1726 5287 1789 5347; x_wconf 81' lang='lat' dir='ltr'><strong>li-</strong></span> 
     </span>
    </p>
   </div>
   <div class='ocr_carea' id='block_1_87' title="bbox 241 5359 1787 5433">
    <p class='ocr_par' dir='ltr' id='par_1_87' title="bbox 241 5359 1787 5433">
     <span class='ocr_line' id='line_1_89' title="bbox 241 5359 1787 5433; baseline 0.002 -18"><span class='ocrx_word' id='word_1_651' title='bbox 241 5362 441 5433; x_wconf 68' lang='lat' dir='ltr'><strong>bellum</strong></span> <span class='ocrx_word' id='word_1_652' title='bbox 487 5367 669 5433; x_wconf 78' lang='lat' dir='ltr'><strong>autem</strong></span> <span class='ocrx_word' id='word_1_653' title='bbox 711 5361 1005 5433; x_wconf 80' lang='lat' dir='ltr'><strong>pupugisse</strong></span> <span class='ocrx_word' id='word_1_654' title='bbox 1033 5359 1304 5433; x_wconf 83' lang='lat' dir='ltr'><strong>Jesuitas,</strong></span> <span class='ocrx_word' id='word_1_655' title='bbox 1337 5365 1536 5433; x_wconf 87' lang='lat' dir='ltr'><strong>quippe</strong></span> <span class='ocrx_word' id='word_1_656' title='bbox 1569 5365 1660 5433; x_wconf 89' lang='lat' dir='ltr'><strong>qui</strong></span> <span class='ocrx_word' id='word_1_657' title='bbox 1692 5379 1787 5432; x_wconf 90' lang='lat' dir='ltr'><strong>pe-</strong></span> 
     </span>
    </p>
   </div>
   <div class='ocr_carea' id='block_1_88' title="bbox 240 5430 1787 5503">
    <p class='ocr_par' dir='ltr' id='par_1_88' title="bbox 240 5430 1787 5503">
     <span class='ocr_line' id='line_1_90' title="bbox 240 5430 1787 5503; baseline 0.001 -18"><span class='ocrx_word' id='word_1_658' title='bbox 240 5431 636 5503; x_wconf 77' lang='lat' dir='ltr'><strong>regrinatiOnes</strong></span> <span class='ocrx_word' id='word_1_659' title='bbox 661 5444 769 5483; x_wconf 93' lang='lat' dir='ltr'><strong>non</strong></span> <span class='ocrx_word' id='word_1_660' title='bbox 802 5430 964 5503; x_wconf 86' lang='lat' dir='ltr'><strong>modo</strong></span> <span class='ocrx_word' id='word_1_661' title='bbox 990 5430 1290 5503; x_wconf 56' lang='lat' dir='ltr'><strong>execution</strong></span> <span class='ocrx_word' id='word_1_662' title='bbox 1321 5442 1379 5486; x_wconf 87' lang='lat' dir='ltr'><strong>ut</strong></span> <span class='ocrx_word' id='word_1_663' title='bbox 1403 5430 1657 5497; x_wconf 81' lang='lat' dir='ltr'><strong>inutiles,</strong></span> <span class='ocrx_word' id='word_1_664' title='bbox 1691 5430 1787 5503; x_wconf 70' lang='lat' dir='ltr'><strong>sed</strong></span> 
     </span>
    </p>
   </div>
   <div class='ocr_carea' id='block_1_89' title="bbox 238 5500 1787 5568">
    <p class='ocr_par' dir='ltr' id='par_1_89' title="bbox 238 5500 1787 5568">
     <span class='ocr_line' id='line_1_91' title="bbox 238 5500 1787 5568; baseline 0 -13"><span class='ocrx_word' id='word_1_665' title='bbox 238 5510 296 5555; x_wconf 90' lang='lat' dir='ltr'><strong>et</strong></span> <span class='ocrx_word' id='word_1_666' title='bbox 322 5501 602 5566; x_wconf 86' lang='lat' dir='ltr'><strong>sugillaret</strong></span> <span class='ocrx_word' id='word_1_667' title='bbox 634 5508 693 5553; x_wconf 91' lang='lat' dir='ltr'><strong>ut</strong></span> <span class='ocrx_word' id='word_1_668' title='bbox 725 5500 917 5555; x_wconf 80' lang='lat' dir='ltr'><strong>noxias</strong></span> <span class='ocrx_word' id='word_1_669' title='bbox 945 5508 995 5555; x_wconf 87' lang='lat' dir='ltr'><strong>et</strong></span> <span class='ocrx_word' id='word_1_670' title='bbox 1031 5500 1362 5568; x_wconf 54' lang='lat' dir='ltr'><strong>periculosius</strong></span> <span class='ocrx_word' id='word_1_671' title='bbox 1390 5522 1404 5556; x_wconf 91' lang='lat'><strong>:</strong></span> <span class='ocrx_word' id='word_1_672' title='bbox 1439 5502 1559 5557; x_wconf 90' lang='lat' dir='ltr'><strong>ideo</strong></span> <span class='ocrx_word' id='word_1_673' title='bbox 1590 5519 1656 5557; x_wconf 84' lang='lat' dir='ltr'><strong>ex</strong></span> <span class='ocrx_word' id='word_1_674' title='bbox 1693 5501 1787 5557; x_wconf 86' lang='lat' dir='ltr'><strong>Je-</strong></span> 
     </span>
    </p>
   </div>
   <div class='ocr_carea' id='block_1_90' title="bbox 240 5568 1790 5650">
    <p class='ocr_par' dir='ltr' id='par_1_90' title="bbox 240 5568 1790 5650">
     <span class='ocr_line' id='line_1_92' title="bbox 240 5568 1790 5650; baseline 0.001 -26"><span class='ocrx_word' id='word_1_675' title='bbox 240 5570 508 5650; x_wconf 48' lang='lat' dir='ltr'><strong>suitqrum</strong></span> <span class='ocrx_word' id='word_1_676' title='bbox 539 5568 1239 5650; x_wconf 50' lang='lat' dir='ltr'><strong>pistrinodudiniagistrum</strong></span> <span class='ocrx_word' id='word_1_677' title='bbox 1268 5575 1369 5626; x_wconf 90' lang='lat' dir='ltr'><strong>sub</strong></span> <span class='ocrx_word' id='word_1_678' title='bbox 1396 5572 1540 5650; x_wconf 77' lang='lat' dir='ltr'><strong>_1‘a1so</strong></span> <span class='ocrx_word' id='word_1_679' title='bbox 1573 5574 1790 5650; x_wconf 77' lang='lat' dir='ltr'><strong>nomine</strong></span> 
     </span>
    </p>
   </div>
   <div class='ocr_carea' id='block_1_91' title="bbox 240 5638 1790 5711">
    <p class='ocr_par' dir='ltr' id='par_1_91' title="bbox 240 5638 1790 5711">
     <span class='ocr_line' id='line_1_93' title="bbox 240 5638 1790 5711; baseline 0.002 -19"><span class='ocrx_word' id='word_1_680' title='bbox 240 5640 509 5709; x_wconf 88' lang='lat' dir='ltr'><strong>prodiisse</strong></span> <span class='ocrx_word' id='word_1_681' title='bbox 552 5650 605 5693; x_wconf 92' lang='lat' dir='ltr'><strong>et</strong></span> <span class='ocrx_word' id='word_1_682' title='bbox 642 5638 915 5709; x_wconf 88' lang='lat' dir='ltr'><strong>Stephano</strong></span> <span class='ocrx_word' id='word_1_683' title='bbox 961 5638 1155 5693; x_wconf 88' lang='lat' dir='ltr'><strong>mirum</strong></span> <span class='ocrx_word' id='word_1_684' title='bbox 1193 5657 1352 5709; x_wconf 87' lang='lat' dir='ltr'><strong>quam</strong></span> <span class='ocrx_word' id='word_1_685' title='bbox 1395 5642 1573 5711; x_wconf 88' lang='lat' dir='ltr'><strong>inepte</strong></span> <span class='ocrx_word' id='word_1_686' title='bbox 1618 5642 1790 5696; x_wconf 88' lang='lat' dir='ltr'><strong>insul-</strong></span> 
     </span>
    </p>
   </div>
   <div class='ocr_carea' id='block_1_92' title="bbox 242 5711 1787 5780">
    <p class='ocr_par' dir='ltr' id='par_1_92' title="bbox 242 5711 1787 5780">
     <span class='ocr_line' id='line_1_94' title="bbox 242 5711 1787 5780; baseline 0 -15"><span class='ocrx_word' id='word_1_687' title='bbox 242 5721 419 5775; x_wconf 84' lang='lat' dir='ltr'><strong>tasse,</strong></span> <span class='ocrx_word' id='word_1_688' title='bbox 451 5712 825 5780; x_wconf 77' lang='lat' dir='ltr'><strong>argumentis,</strong></span> <span class='ocrx_word' id='word_1_689' title='bbox 870 5711 916 5763; x_wconf 93' lang='lat' dir='ltr'><strong>si</strong></span> <span class='ocrx_word' id='word_1_690' title='bbox 959 5725 1078 5779; x_wconf 70' lang='lat' dir='ltr'><strong>qua:</strong></span> <span class='ocrx_word' id='word_1_691' title='bbox 1118 5711 1395 5766; x_wconf 87' lang='lat' dir='ltr'><strong>habuerit.</strong></span> <span class='ocrx_word' id='word_1_692' title='bbox 1442 5712 1672 5780; x_wconf 88' lang='lat' dir='ltr'><strong>sumptis</strong></span> <span class='ocrx_word' id='word_1_693' title='bbox 1721 5728 1787 5765; x_wconf 78' lang='lat' dir='ltr'><strong>ex</strong></span> 
     </span>
    </p>
   </div>
   <div class='ocr_carea' id='block_1_93' title="bbox 242 5777 1787 5852">
    <p class='ocr_par' dir='ltr' id='par_1_93' title="bbox 242 5777 1787 5852">
     <span class='ocr_line' id='line_1_95' title="bbox 242 5777 1787 5852; baseline 0 -16"><span class='ocrx_word' id='word_1_694' title='bbox 242 5777 590 5836; x_wconf 81' lang='lat' dir='ltr'><strong>Bellarmino.</strong></span> <span class='ocrx_word' id='word_1_695' title='bbox 622 5777 762 5837; x_wconf 81' lang='lat' dir='ltr'><strong>Add.</strong></span> <span class='ocrx_word' id='word_1_696' title='bbox 806 5777 1029 5835; x_wconf 68' lang='lat' dir='ltr'><strong>SCIIIICI‘.</strong></span> <span class='ocrx_word' id='word_1_697' title='bbox 1060 5781 1096 5835; x_wconf 93' lang='lat' dir='ltr'><strong>l.</strong></span> <span class='ocrx_word' id='word_1_698' title='bbox 1127 5794 1177 5837; x_wconf 92' lang='lat' dir='ltr'><strong>c.</strong></span> <span class='ocrx_word' id='word_1_699' title='bbox 1210 5796 1334 5852; x_wconf 87' lang='lat' dir='ltr'><strong>pag.</strong></span> <span class='ocrx_word' id='word_1_700' title='bbox 1366 5782 1506 5849; x_wconf 84' lang='lat'><strong>240,</strong></span> <span class='ocrx_word' id='word_1_701' title='bbox 1542 5777 1787 5851; x_wconf 83' lang='lat' dir='ltr'><strong>inprimis</strong></span> 
     </span>
    </p>
   </div>
   <div class='ocr_carea' id='block_1_94' title="bbox 1893 3238 3459 3308">
    <p class='ocr_par' dir='ltr' id='par_1_94' title="bbox 1893 3238 3459 3308">
     <span class='ocr_line' id='line_1_96' title="bbox 1893 3238 3459 3308; baseline 0.001 -15"><span class='ocrx_word' id='word_1_702' title='bbox 1893 3241 1989 3302; x_wconf 90' lang='lat' dir='ltr'><strong>tio,</strong></span> <span class='ocrx_word' id='word_1_703' title='bbox 2025 3239 2118 3307; x_wconf 81' lang='lat' dir='ltr'><strong>qui</strong></span> <span class='ocrx_word' id='word_1_704' title='bbox 2154 3238 2333 3292; x_wconf 86' lang='lat' dir='ltr'><strong>locum</strong></span> <span class='ocrx_word' id='word_1_705' title='bbox 2365 3254 2433 3293; x_wconf 81' lang='lat' dir='ltr'><strong>ex</strong></span> <span class='ocrx_word' id='word_1_706' title='bbox 2478 3254 2541 3293; x_wconf 91' lang='lat' dir='ltr'><strong>ea</strong></span> <span class='ocrx_word' id='word_1_707' title='bbox 2586 3238 2792 3308; x_wconf 79' lang='lat' dir='ltr'><strong>profert</strong></span> <span class='ocrx_word' id='word_1_708' title='bbox 2822 3240 3012 3295; x_wconf 89' lang='lat' dir='ltr'><strong>codice</strong></span> <span class='ocrx_word' id='word_1_709' title='bbox 3052 3239 3323 3295; x_wconf 81' lang='lat' dir='ltr'><strong>CCLXXI.</strong></span> <span class='ocrx_word' id='word_1_710' title='bbox 3357 3240 3459 3295; x_wconf 61' lang='lat' dir='ltr'><strong>Lac</strong></span> 
     </span>
    </p>
   </div>
   <div class='ocr_carea' id='block_1_95' title="bbox 1894 3326 3456 3399">
    <p class='ocr_par' dir='ltr' id='par_1_95' title="bbox 1894 3326 3456 3399">
     <span class='ocr_line' id='line_1_97' title="bbox 1894 3326 3456 3399; baseline 0.004 -19"><span class='ocrx_word' id='word_1_711' title='bbox 1894 3327 2006 3382; x_wconf 85' lang='lat' dir='ltr'><strong>line</strong></span> <span class='ocrx_word' id='word_1_712' title='bbox 2032 3326 2145 3395; x_wconf 86' lang='lat' dir='ltr'><strong>jam</strong></span> <span class='ocrx_word' id='word_1_713' title='bbox 2194 3326 2297 3380; x_wconf 83' lang='lat' dir='ltr'><strong>fuit</strong></span> <span class='ocrx_word' id='word_1_714' title='bbox 2336 3341 2525 3397; x_wconf 84' lang='lat' dir='ltr'><strong>supra,</strong></span> <span class='ocrx_word' id='word_1_715' title='bbox 2562 3344 2647 3382; x_wconf 92' lang='lat' dir='ltr'><strong>nr.</strong></span> <span class='ocrx_word' id='word_1_716' title='bbox 2675 3327 2745 3381; x_wconf 77' lang='lat'><strong>25</strong></span> <span class='ocrx_word' id='word_1_717' title='bbox 2791 3327 2964 3399; x_wconf 81' lang='lat' dir='ltr'><strong>[Adde</strong></span> <span class='ocrx_word' id='word_1_718' title='bbox 3015 3330 3083 3384; x_wconf 84' lang='lat' dir='ltr'><strong>de</strong></span> <span class='ocrx_word' id='word_1_719' title='bbox 3124 3330 3361 3398; x_wconf 79' lang='lat' dir='ltr'><strong>Asterie,</strong></span> <span class='ocrx_word' id='word_1_720' title='bbox 3395 3329 3456 3387; x_wconf 75' lang='grc' dir='ltr'><strong>ἱῆ</strong></span> 
     </span>
    </p>
   </div>
   <div class='ocr_carea' id='block_1_96' title="bbox 1892 3416 2976 3492">
    <p class='ocr_par' dir='ltr' id='par_1_96' title="bbox 1892 3416 2976 3492">
     <span class='ocr_line' id='line_1_98' title="bbox 1892 3416 2976 3492; baseline 0.002 -21"><span class='ocrx_word' id='word_1_721' title='bbox 1892 3418 1999 3472; x_wconf 88' lang='lat' dir='ltr'><strong>vol.</strong></span> <span class='ocrx_word' id='word_1_722' title='bbox 2034 3416 2171 3481; x_wconf 76' lang='lat' dir='ltr'><strong>VIII,</strong></span> <span class='ocrx_word' id='word_1_723' title='bbox 2204 3433 2258 3487; x_wconf 92' lang='lat' dir='ltr'><strong>p.</strong></span> <span class='ocrx_word' id='word_1_724' title='bbox 2285 3418 2409 3482; x_wconf 88' lang='lat'><strong>611,</strong></span> <span class='ocrx_word' id='word_1_725' title='bbox 2436 3434 2522 3473; x_wconf 91' lang='lat' dir='ltr'><strong>nr.</strong></span> <span class='ocrx_word' id='word_1_726' title='bbox 2548 3419 2638 3483; x_wconf 85' lang='grc'><strong>21,</strong></span> <span class='ocrx_word' id='word_1_727' title='bbox 2678 3428 2787 3474; x_wconf 83' lang='lat' dir='ltr'><strong>vet.</strong></span> <span class='ocrx_word' id='word_1_728' title='bbox 2820 3420 2976 3492; x_wconf 85' lang='lat' dir='ltr'><strong>edit.]</strong></span> 
     </span>
    </p>
   </div>
   <div class='ocr_carea' id='block_1_97' title="bbox 1961 3507 3457 3582">
    <p class='ocr_par' dir='ltr' id='par_1_97' title="bbox 1961 3507 3457 3582">
     <span class='ocr_line' id='line_1_99' title="bbox 1961 3507 3457 3582; baseline 0.006 -21"><span class='ocrx_word' id='word_1_729' title='bbox 1961 3509 2051 3562; x_wconf 88' lang='lat'><strong>68.</strong></span> <span class='ocrx_word' id='word_1_730' title='bbox 2095 3507 2213 3562; x_wconf 81' lang='lat' dir='ltr'><strong>Vita</strong></span> <span class='ocrx_word' id='word_1_731' title='bbox 2238 3508 2293 3563; x_wconf 90' lang='lat' dir='ltr'><strong>S.</strong></span> <span class='ocrx_word' id='word_1_732' title='bbox 2325 3508 2598 3576; x_wconf 66' lang='lat' dir='ltr'><strong>Hadriam,</strong></span> <span class='ocrx_word' id='word_1_733' title='bbox 2626 3512 2845 3576; x_wconf 81' lang='lat' dir='ltr'><strong>sororis,</strong></span> <span class='ocrx_word' id='word_1_734' title='bbox 2878 3512 2946 3565; x_wconf 85' lang='lat' dir='ltr'><strong>ad</strong></span> <span class='ocrx_word' id='word_1_735' title='bbox 2991 3512 3289 3582; x_wconf 81' lang='lat' dir='ltr'><strong>Olympium</strong></span> <span class='ocrx_word' id='word_1_736' title='bbox 3341 3530 3457 3569; x_wconf 74' lang='lat' dir='ltr'><strong>nte-</strong></span> 
     </span>
    </p>
   </div>
   <div class='ocr_carea' id='block_1_98' title="bbox 1894 3601 3453 3679">
    <p class='ocr_par' dir='ltr' id='par_1_98' title="bbox 1894 3601 3453 3679">
     <span class='ocr_line' id='line_1_100' title="bbox 1894 3601 3453 3679; baseline 0.006 -26"><span class='ocrx_word' id='word_1_737' title='bbox 1894 3601 2140 3664; x_wconf 78' lang='lat' dir='ltr'><strong>naclium,</strong></span> <span class='ocrx_word' id='word_1_738' title='bbox 2186 3602 2391 3669; x_wconf 89' lang='lat' dir='ltr'><strong>scripta</strong></span> <span class='ocrx_word' id='word_1_739' title='bbox 2432 3602 2577 3655; x_wconf 86' lang='lat' dir='ltr'><strong>circa</strong></span> <span class='ocrx_word' id='word_1_740' title='bbox 2620 3610 2921 3657; x_wconf 77' lang='lat' dir='ltr'><strong>extremum</strong></span> <span class='ocrx_word' id='word_1_741' title='bbox 2960 3606 3089 3659; x_wconf 89' lang='lat' dir='ltr'><strong>anni</strong></span> <span class='ocrx_word' id='word_1_742' title='bbox 3121 3606 3367 3677; x_wconf 84' lang='lat' dir='ltr'><strong>580(k),</strong></span> <span class='ocrx_word' id='word_1_743' title='bbox 3395 3624 3453 3679; x_wconf 90' lang='lat' dir='ltr'><strong>p.</strong></span> 
     </span>
    </p>
   </div>
   <div class='ocr_carea' id='block_1_99' title="bbox 1894 3695 3454 3766">
    <p class='ocr_par' dir='ltr' id='par_1_99' title="bbox 1894 3695 3454 3766">
     <span class='ocr_line' id='line_1_101' title="bbox 1894 3695 3454 3766; baseline 0.004 -16"><span class='ocrx_word' id='word_1_744' title='bbox 1894 3698 2018 3760; x_wconf 89' lang='lat'><strong>177,</strong></span> <span class='ocrx_word' id='word_1_745' title='bbox 2047 3712 2169 3750; x_wconf 88' lang='lat' dir='ltr'><strong>cum</strong></span> <span class='ocrx_word' id='word_1_746' title='bbox 2194 3696 2436 3764; x_wconf 85' lang='lat' dir='ltr'><strong>ejusdem</strong></span> <span class='ocrx_word' id='word_1_747' title='bbox 2460 3695 2579 3748; x_wconf 86' lang='lat' dir='ltr'><strong>Zini</strong></span> <span class='ocrx_word' id='word_1_748' title='bbox 2626 3698 2896 3759; x_wconf 81' lang='lat' dir='ltr'><strong>versione,</strong></span> <span class='ocrx_word' id='word_1_749' title='bbox 2917 3713 3037 3766; x_wconf 68' lang='lat' dir='ltr'><strong>quae</strong></span> <span class='ocrx_word' id='word_1_750' title='bbox 3077 3708 3252 3753; x_wconf 78' lang='lat' dir='ltr'><strong>exstat</strong></span> <span class='ocrx_word' id='word_1_751' title='bbox 3287 3701 3454 3755; x_wconf 80' lang='lat' dir='ltr'><strong>etiam</strong></span> 
     </span>
    </p>
   </div>
   <div class='ocr_carea' id='block_1_100' title="bbox 1895 3784 3459 3861">
    <p class='ocr_par' dir='ltr' id='par_1_100' title="bbox 1895 3784 3459 3861">
     <span class='ocr_line' id='line_1_102' title="bbox 1895 3784 3459 3861; baseline 0.002 -20"><span class='ocrx_word' id='word_1_752' title='bbox 1895 3787 2038 3856; x_wconf 88' lang='lat' dir='ltr'><strong>apud</strong></span> <span class='ocrx_word' id='word_1_753' title='bbox 2067 3786 2285 3841; x_wconf 88' lang='lat' dir='ltr'><strong>Suritun</strong></span> <span class='ocrx_word' id='word_1_754' title='bbox 2317 3787 2383 3843; x_wconf 88' lang='lat'><strong>19</strong></span> <span class='ocrx_word' id='word_1_755' title='bbox 2446 3786 2555 3840; x_wconf 82' lang='lat' dir='ltr'><strong>Jul.</strong></span> <span class='ocrx_word' id='word_1_756' title='bbox 2590 3786 2821 3858; x_wconf 76' lang='lat' dir='ltr'><strong>Incipit:</strong></span> <span class='ocrx_word' id='word_1_757' title='bbox 2854 3788 2925 3840; x_wconf 87' lang='grc' dir='ltr'>Τὸ</span> <span class='ocrx_word' id='word_1_758' title='bbox 2963 3789 3060 3858; x_wconf 86' lang='grc' dir='ltr'><strong>μὲν</strong></span> <span class='ocrx_word' id='word_1_759' title='bbox 3080 3784 3217 3853; x_wconf 77' lang='grc' dir='ltr'><strong>εἶδος</strong></span> <span class='ocrx_word' id='word_1_760' title='bbox 3237 3790 3331 3843; x_wconf 86' lang='grc' dir='ltr'><strong>τοῦ</strong></span> <span class='ocrx_word' id='word_1_761' title='bbox 3375 3791 3459 3861; x_wconf 79' lang='grc' dir='ltr'><strong>βι-</strong></span> 
     </span>
    </p>
   </div>
   <div class='ocr_carea' id='block_1_101' title="bbox 1896 3878 3449 3948">
    <p class='ocr_par' dir='ltr' id='par_1_101' title="bbox 1896 3878 3449 3948">
     <span class='ocr_line' id='line_1_103' title="bbox 1896 3878 3449 3948; baseline 0.004 -17"><span class='ocrx_word' id='word_1_762' title='bbox 1896 3880 2065 3933; x_wconf 77' lang='grc' dir='ltr'><strong>ὀλίου.</strong></span> <span class='ocrx_word' id='word_1_763' title='bbox 2104 3882 2165 3933; x_wconf 90' lang='lat' dir='ltr'><strong>In</strong></span> <span class='ocrx_word' id='word_1_764' title='bbox 2200 3878 2389 3933; x_wconf 85' lang='lat' dir='ltr'><strong>codice</strong></span> <span class='ocrx_word' id='word_1_765' title='bbox 2417 3879 2668 3933; x_wconf 66' lang='lat' dir='ltr'><strong>Caesareo</strong></span> <span class='ocrx_word' id='word_1_766' title='bbox 2706 3878 2864 3948; x_wconf 68' lang='lat' dir='ltr'><strong>[CV],</strong></span> <span class='ocrx_word' id='word_1_767' title='bbox 2888 3894 2971 3932; x_wconf 91' lang='lat' dir='ltr'><strong>nr.</strong></span> <span class='ocrx_word' id='word_1_768' title='bbox 3012 3881 3066 3934; x_wconf 86' lang='lat'><strong>5.</strong></span> <span class='ocrx_word' id='word_1_769' title='bbox 3093 3881 3156 3935; x_wconf 86' lang='lat' dir='ltr'><strong>V.</strong></span> <span class='ocrx_word' id='word_1_770' title='bbox 3200 3882 3449 3937; x_wconf 84' lang='lat' dir='ltr'><strong>Lambin.</strong></span> 
     </span>
    </p>
   </div>
   <div class='ocr_carea' id='block_1_102' title="bbox 1897 3966 3452 4041">
    <p class='ocr_par' dir='ltr' id='par_1_102' title="bbox 1897 3966 3452 4041">
     <span class='ocr_line' id='line_1_104' title="bbox 1897 3966 3452 4041; baseline 0.002 -17"><span class='ocrx_word' id='word_1_771' title='bbox 1897 3971 1986 4037; x_wconf 88' lang='lat' dir='ltr'><strong>IV,</strong></span> <span class='ocrx_word' id='word_1_772' title='bbox 2016 3987 2136 4041; x_wconf 89' lang='lat' dir='ltr'><strong>pag.</strong></span> <span class='ocrx_word' id='word_1_773' title='bbox 2157 3966 2471 4040; x_wconf 79' lang='lat' dir='ltr'><strong>52],nonad</strong></span> <span class='ocrx_word' id='word_1_774' title='bbox 2491 3967 2817 4041; x_wconf 86' lang='lat' dir='ltr'><strong>Olympium,</strong></span> <span class='ocrx_word' id='word_1_775' title='bbox 2860 3970 3205 4035; x_wconf 86' lang='lat' dir='ltr'><strong>monachum,</strong></span> <span class='ocrx_word' id='word_1_776' title='bbox 3246 3973 3339 4027; x_wconf 83' lang='lat' dir='ltr'><strong>sed</strong></span> <span class='ocrx_word' id='word_1_777' title='bbox 3384 3973 3452 4027; x_wconf 87' lang='lat' dir='ltr'><strong>ad</strong></span> 
     </span>
    </p>
   </div>
   <div class='ocr_carea' id='block_1_103' title="bbox 1893 4060 3453 4139">
    <p class='ocr_par' dir='ltr' id='par_1_103' title="bbox 1893 4060 3453 4139">
     <span class='ocr_line' id='line_1_105' title="bbox 1893 4060 3453 4139; baseline 0 -19"><span class='ocrx_word' id='word_1_778' title='bbox 1893 4066 2239 4135; x_wconf 81' lang='lat' dir='ltr'><strong>Euprepium,</strong></span> <span class='ocrx_word' id='word_1_779' title='bbox 2270 4065 2603 4133; x_wconf 86' lang='lat' dir='ltr'><strong>episcopum,</strong></span> <span class='ocrx_word' id='word_1_780' title='bbox 2640 4064 2975 4118; x_wconf 84' lang='lat' dir='ltr'><strong>inscribitur.</strong></span> <span class='ocrx_word' id='word_1_781' title='bbox 3009 4063 3095 4135; x_wconf 89' lang='lat' dir='ltr'><strong>[V.</strong></span> <span class='ocrx_word' id='word_1_782' title='bbox 3130 4065 3195 4119; x_wconf 86' lang='lat' dir='ltr'><strong>ad</strong></span> <span class='ocrx_word' id='word_1_783' title='bbox 3218 4078 3303 4119; x_wconf 83' lang='lat' dir='ltr'><strong>nr.</strong></span> <span class='ocrx_word' id='word_1_784' title='bbox 3334 4060 3453 4139; x_wconf 77' lang='lat'><strong>56.]</strong></span> 
     </span>
    </p>
   </div>
   <div class='ocr_carea' id='block_1_104' title="bbox 1965 4152 3451 4227">
    <p class='ocr_par' dir='ltr' id='par_1_104' title="bbox 1965 4152 3451 4227">
     <span class='ocr_line' id='line_1_106' title="bbox 1965 4152 3451 4227; baseline 0.004 -19"><span class='ocrx_word' id='word_1_785' title='bbox 1965 4156 2053 4210; x_wconf 85' lang='lat'><strong>69.</strong></span> <span class='ocrx_word' id='word_1_786' title='bbox 2096 4154 2328 4208; x_wconf 86' lang='lat' dir='ltr'><strong>Homilia</strong></span> <span class='ocrx_word' id='word_1_787' title='bbox 2361 4152 2426 4207; x_wconf 91' lang='lat' dir='ltr'><strong>III</strong></span> <span class='ocrx_word' id='word_1_788' title='bbox 2484 4152 2552 4207; x_wconf 86' lang='lat' dir='ltr'><strong>In</strong></span> <span class='ocrx_word' id='word_1_789' title='bbox 2599 4155 2949 4224; x_wconf 84' lang='lat' dir='ltr'><strong>quadraginta</strong></span> <span class='ocrx_word' id='word_1_790' title='bbox 2986 4166 3246 4227; x_wconf 76' lang='lat' dir='ltr'><strong>martyres</strong></span> <span class='ocrx_word' id='word_1_791' title='bbox 3284 4157 3451 4225; x_wconf 83' lang='lat' dir='ltr'><strong>dicta,</strong></span> 
     </span>
    </p>
   </div>
   <div class='ocr_carea' id='block_1_105' title="bbox 1895 4311 3453 4383">
    <p class='ocr_par' dir='ltr' id='par_1_105' title="bbox 1895 4311 3453 4383">
     <span class='ocr_line' id='line_1_107' title="bbox 1895 4311 3453 4383; baseline 0 -12"><span class='ocrx_word' id='word_1_792' title='bbox 1895 4315 2093 4371; x_wconf 88' lang='lat' dir='ltr'><strong>Oudin.</strong></span> <span class='ocrx_word' id='word_1_793' title='bbox 2127 4329 2249 4383; x_wconf 83' lang='lat' dir='ltr'><strong>pag.</strong></span> <span class='ocrx_word' id='word_1_794' title='bbox 2281 4311 2404 4383; x_wconf 90' lang='lat'><strong>607,</strong></span> <span class='ocrx_word' id='word_1_795' title='bbox 2440 4326 2554 4383; x_wconf 75' lang='lat' dir='ltr'><strong>s_eq.</strong></span> <span class='ocrx_word' id='word_1_796' title='bbox 2578 4320 2857 4383; x_wconf 61' lang='lat' dir='ltr'><strong>;-c.x&#39;_stat</strong></span> <span class='ocrx_word' id='word_1_797' title='bbox 2886 4311 2936 4363; x_wconf 90' lang='lat' dir='ltr'><strong>id</strong></span> <span class='ocrx_word' id='word_1_798' title='bbox 2969 4326 3159 4381; x_wconf 88' lang='lat' dir='ltr'><strong>opusc.</strong></span> <span class='ocrx_word' id='word_1_799' title='bbox 3180 4316 3243 4383; x_wconf 82' lang='lat' dir='ltr'><strong>in</strong></span> <span class='ocrx_word' id='word_1_800' title='bbox 3273 4323 3453 4372; x_wconf 85' lang='lat' dir='ltr'><strong>tribus</strong></span> 
     </span>
    </p>
   </div>
   <div class='ocr_carea' id='block_1_106' title="bbox 1894 4378 3448 4441">
    <p class='ocr_par' dir='ltr' id='par_1_106' title="bbox 1894 4378 3448 4441">
     <span class='ocr_line' id='line_1_108' title="bbox 1894 4378 3448 4441; baseline -0.001 0"><span class='ocrx_word' id='word_1_801' title='bbox 1894 4388 2053 4441; x_wconf 85' lang='lat' dir='ltr'><strong>codd.</strong></span> <span class='ocrx_word' id='word_1_802' title='bbox 2088 4378 2259 4439; x_wconf 72' lang='lat' dir='ltr'><strong>Paris.</strong></span> <span class='ocrx_word' id='word_1_803' title='bbox 2288 4382 2422 4435; x_wconf 88' lang='lat' dir='ltr'><strong>bibl.</strong></span> <span class='ocrx_word' id='word_1_804' title='bbox 2457 4378 2612 4435; x_wconf 84' lang='lat' dir='ltr'><strong>Publ.</strong></span> <span class='ocrx_word' id='word_1_805' title='bbox 2635 4408 2703 4418; x_wconf 90' lang='lat'>—</span> <span class='ocrx_word' id='word_1_806' title='bbox 2724 4378 3087 4435; x_wconf 42' lang='lat' dir='ltr'><strong>Florentiae—in</strong></span> <span class='ocrx_word' id='word_1_807' title='bbox 3118 4382 3248 4438; x_wconf 91' lang='lat' dir='ltr'><strong>bibl.</strong></span> <span class='ocrx_word' id='word_1_808' title='bbox 3281 4383 3448 4441; x_wconf 89' lang='lat' dir='ltr'><strong>Laur.</strong></span> 
     </span>
    </p>
   </div>
   <div class='ocr_carea' id='block_1_107' title="bbox 1820 4450 3449 4538">
    <p class='ocr_par' dir='ltr' id='par_1_107' title="bbox 1820 4450 3449 4538">
     <span class='ocr_line' id='line_1_109' title="bbox 1820 4450 3449 4538; baseline 0.001 -29"><span class='ocrx_word' id='word_1_809' title='bbox 1820 4457 2051 4538; x_wconf 49' lang='lat' dir='ltr'><strong>Dig-odd.</strong></span> <span class='ocrx_word' id='word_1_810' title='bbox 2273 4469 2364 4538; x_wconf 52' lang='lat' dir='ltr'><strong>nr;</strong></span> <span class='ocrx_word' id='word_1_811' title='bbox 2394 4451 2483 4538; x_wconf 68' lang='lat'><strong>17,</strong></span> <span class='ocrx_word' id='word_1_812' title='bbox 2534 4451 2810 4538; x_wconf 30' lang='lat' dir='ltr'><strong>tribuitur:</strong></span> <span class='ocrx_word' id='word_1_813' title='bbox 2844 4450 3102 4538; x_wconf 66' lang='lat' dir='ltr'><strong>Gregorio</strong></span> <span class='ocrx_word' id='word_1_814' title='bbox 3154 4453 3449 4538; x_wconf 70' lang='lat' dir='ltr'><strong>theologo:</strong></span> 
     </span>
    </p>
   </div>
   <div class='ocr_carea' id='block_1_108' title="bbox 1904 4520 3451 4595">
    <p class='ocr_par' dir='ltr' id='par_1_108' title="bbox 1904 4520 3451 4595">
     <span class='ocr_line' id='line_1_110' title="bbox 1904 4520 3451 4595; baseline -0.005 -15"><span class='ocrx_word' id='word_1_815' title='bbox 1904 4524 2187 4595; x_wconf 77' lang='grc' dir='ltr'><strong>Ἐπιστολὴ</strong></span> <span class='ocrx_word' id='word_1_816' title='bbox 2208 4522 2301 4575; x_wconf 79' lang='grc' dir='ltr'><strong>τοῦ</strong></span> <span class='ocrx_word' id='word_1_817' title='bbox 2324 4522 2583 4595; x_wconf 56' lang='grc' dir='ltr'><strong>Θεολόγᾳυ</strong></span> <span class='ocrx_word' id='word_1_818' title='bbox 2610 4520 2744 4595; x_wconf 63' lang='grc' dir='ltr'>πρὸς</span> <span class='ocrx_word' id='word_1_819' title='bbox 2763 4520 2853 4573; x_wconf 74' lang='grc' dir='ltr'><strong>τὸν</strong></span> <span class='ocrx_word' id='word_1_820' title='bbox 2879 4523 2934 4573; x_wconf 82' lang='grc' dir='ltr'><strong>ἐν</strong></span> <span class='ocrx_word' id='word_1_821' title='bbox 2955 4520 3451 4595; x_wconf 39' lang='grc' dir='ltr'><strong>ἆγίᾳις-Γρηγόριον</strong></span> 
     </span>
    </p>
   </div>
   <div class='ocr_carea' id='block_1_109' title="bbox 1884 4590 3449 4663">
    <p class='ocr_par' dir='ltr' id='par_1_109' title="bbox 1884 4590 3449 4663">
     <span class='ocr_line' id='line_1_111' title="bbox 1884 4590 3449 4663; baseline 0.001 -16"><span class='ocrx_word' id='word_1_822' title='bbox 1884 4598 1975 4649; x_wconf 77' lang='grc' dir='ltr'><strong>τὸν</strong></span> <span class='ocrx_word' id='word_1_823' title='bbox 2002 4590 2376 4663; x_wconf 27' lang='grc' dir='ltr'><strong>Νύσσήςᾉπερὶ</strong></span> <span class='ocrx_word' id='word_1_824' title='bbox 2397 4591 2505 4663; x_wconf 61' lang='grc' dir='ltr'><strong>τῷν</strong></span> <span class='ocrx_word' id='word_1_825' title='bbox 2528 4591 2814 4663; x_wconf 80' lang='grc' dir='ltr'><strong>ἀπιόντων,</strong></span> <span class='ocrx_word' id='word_1_826' title='bbox 2833 4601 2962 4663; x_wconf 86' lang='lat' dir='ltr'><strong>etc.;</strong></span> <span class='ocrx_word' id='word_1_827' title='bbox 2993 4590 3182 4663; x_wconf 41' lang='lat' dir='ltr'><strong>sed}:</strong></span> <span class='ocrx_word' id='word_1_828' title='bbox 3198 4590 3449 4649; x_wconf 49' lang='lat' dir='ltr'><strong>&#39;Bandin.</strong></span> 
     </span>
    </p>
   </div>
   <div class='ocr_carea' id='block_1_110' title="bbox 1885 4660 3447 4730">
    <p class='ocr_par' dir='ltr' id='par_1_110' title="bbox 1885 4660 3447 4730">
     <span class='ocr_line' id='line_1_112' title="bbox 1885 4660 3447 4730; baseline -0.001 -10"><span class='ocrx_word' id='word_1_829' title='bbox 1885 4665 2027 4728; x_wconf 87' lang='lat' dir='ltr'><strong>Cat.,</strong></span> <span class='ocrx_word' id='word_1_830' title='bbox 2065 4660 2193 4728; x_wconf 75' lang='lat' dir='ltr'><strong>etc.,</strong></span> <span class='ocrx_word' id='word_1_831' title='bbox 2224 4660 2276 4726; x_wconf 86' lang='grc' dir='ltr'><strong>Ι,</strong></span> <span class='ocrx_word' id='word_1_832' title='bbox 2306 4660 2356 4730; x_wconf 88' lang='lat' dir='ltr'><strong>p.</strong></span> <span class='ocrx_word' id='word_1_833' title='bbox 2387 4660 2510 4715; x_wconf 89' lang='lat'><strong>425.</strong></span> <span class='ocrx_word' id='word_1_834' title='bbox 2544 4662 2821 4730; x_wconf 12' lang='lat' dir='ltr'><strong>Atqueiib.</strong></span> <span class='ocrx_word' id='word_1_835' title='bbox 2852 4662 2906 4714; x_wconf 93' lang='lat' dir='ltr'><strong>in</strong></span> <span class='ocrx_word' id='word_1_836' title='bbox 2935 4663 3057 4715; x_wconf 90' lang='lat' dir='ltr'><strong>cod.</strong></span> <span class='ocrx_word' id='word_1_837' title='bbox 3088 4661 3243 4727; x_wconf 83' lang='lat' dir='ltr'><strong>XVI,</strong></span> <span class='ocrx_word' id='word_1_838' title='bbox 3277 4680 3359 4717; x_wconf 93' lang='lat' dir='ltr'><strong>nr.</strong></span> <span class='ocrx_word' id='word_1_839' title='bbox 3393 4666 3447 4725; x_wconf 91' lang='lat'><strong>8,</strong></span> 
     </span>
    </p>
   </div>
   <div class='ocr_carea' id='block_1_111' title="bbox 1927 4729 3437 4802">
    <p class='ocr_par' dir='ltr' id='par_1_111' title="bbox 1927 4729 3437 4802">
     <span class='ocr_line' id='line_1_113' title="bbox 1927 4729 3437 4802; baseline 0 -15"><span class='ocrx_word' id='word_1_840' title='bbox 1927 4737 2023 4789; x_wconf 91' lang='lat' dir='ltr'><strong>lut.</strong></span> <span class='ocrx_word' id='word_1_841' title='bbox 2061 4734 2159 4794; x_wconf 93' lang='grc'>58,</span> <span class='ocrx_word' id='word_1_842' title='bbox 2193 4729 2457 4802; x_wconf 78' lang='lat' dir='ltr'><strong>subvero</strong></span> <span class='ocrx_word' id='word_1_843' title='bbox 2490 4730 2652 4802; x_wconf 78' lang='lat' dir='ltr'><strong>Greg.</strong></span> <span class='ocrx_word' id='word_1_844' title='bbox 2695 4729 2923 4802; x_wconf 85' lang='lat' dir='ltr'><strong>Nysseni</strong></span> <span class='ocrx_word' id='word_1_845' title='bbox 2959 4734 3182 4802; x_wconf 84' lang='lat' dir='ltr'><strong>nomine</strong></span> <span class='ocrx_word' id='word_1_846' title='bbox 3222 4735 3437 4802; x_wconf 85' lang='lat' dir='ltr'><strong>legitur.</strong></span> 
     </span>
    </p>
   </div>
   <div class='ocr_carea' id='block_1_112' title="bbox 1939 4800 3446 4866">
    <p class='ocr_par' dir='ltr' id='par_1_112' title="bbox 1939 4800 3446 4866">
     <span class='ocr_line' id='line_1_114' title="bbox 1939 4800 3446 4866; baseline 0 -9"><span class='ocrx_word' id='word_1_847' title='bbox 1939 4845 1952 4857; x_wconf 93' lang='lat'><strong>.</strong></span> <span class='ocrx_word' id='word_1_848' title='bbox 1986 4803 2212 4858; x_wconf 81' lang='lat' dir='ltr'><strong>Bandin.</strong></span> <span class='ocrx_word' id='word_1_849' title='bbox 2244 4800 2307 4855; x_wconf 91' lang='lat' dir='ltr'><strong>II.</strong></span> <span class='ocrx_word' id='word_1_850' title='bbox 2340 4816 2461 4866; x_wconf 80' lang='lat' dir='ltr'><strong>pag.</strong></span> <span class='ocrx_word' id='word_1_851' title='bbox 2496 4800 2623 4854; x_wconf 89' lang='lat'><strong>456.</strong></span> <span class='ocrx_word' id='word_1_852' title='bbox 2646 4830 2716 4839; x_wconf 93' lang='lat'><strong>—-</strong></span> <span class='ocrx_word' id='word_1_853' title='bbox 2740 4800 2799 4854; x_wconf 89' lang='lat' dir='ltr'><strong>In</strong></span> <span class='ocrx_word' id='word_1_854' title='bbox 2824 4802 2945 4856; x_wconf 85' lang='lat' dir='ltr'><strong>cod.</strong></span> <span class='ocrx_word' id='word_1_855' title='bbox 2988 4801 3214 4855; x_wconf 85' lang='lat' dir='ltr'><strong>Taurin.</strong></span> <span class='ocrx_word' id='word_1_856' title='bbox 3260 4800 3446 4858; x_wconf 71' lang='lat' dir='ltr'><strong>LXXI.</strong></span> 
     </span>
    </p>
   </div>
   <div class='ocr_carea' id='block_1_113' title="bbox 1884 4869 3447 4929">
    <p class='ocr_par' dir='ltr' id='par_1_113' title="bbox 1884 4869 3447 4929">
     <span class='ocr_line' id='line_1_115' title="bbox 1884 4869 3447 4929; baseline 0.002 -3"><span class='ocrx_word' id='word_1_857' title='bbox 1884 4905 1954 4917; x_wconf 87' lang='grc'><strong><em>--</em></strong></span> <span class='ocrx_word' id='word_1_858' title='bbox 1982 4874 2038 4929; x_wconf 88' lang='lat' dir='ltr'><strong>In</strong></span> <span class='ocrx_word' id='word_1_859' title='bbox 2070 4873 2191 4928; x_wconf 93' lang='lat' dir='ltr'><strong>cod.</strong></span> <span class='ocrx_word' id='word_1_860' title='bbox 2225 4869 2455 4925; x_wconf 78' lang='lat' dir='ltr'><strong>DLXXV</strong></span> <span class='ocrx_word' id='word_1_861' title='bbox 2512 4869 2715 4925; x_wconf 90' lang='lat' dir='ltr'><strong>Veneto</strong></span> <span class='ocrx_word' id='word_1_862' title='bbox 2748 4869 2809 4922; x_wconf 86' lang='lat'><strong>1).</strong></span> <span class='ocrx_word' id='word_1_863' title='bbox 2856 4872 3021 4925; x_wconf 78' lang='lat' dir='ltr'><strong>Marc.</strong></span> <span class='ocrx_word' id='word_1_864' title='bbox 3057 4870 3122 4929; x_wconf 91' lang='lat' dir='ltr'><strong>V.</strong></span> <span class='ocrx_word' id='word_1_865' title='bbox 3158 4871 3277 4927; x_wconf 85' lang='lat' dir='ltr'><strong>Cat.</strong></span> <span class='ocrx_word' id='word_1_866' title='bbox 3324 4876 3447 4929; x_wconf 89' lang='lat' dir='ltr'><strong>cod.</strong></span> 
     </span>
    </p>
   </div>
   <div class='ocr_carea' id='block_1_114' title="bbox 1887 4938 3445 5012">
    <p class='ocr_par' dir='ltr' id='par_1_114' title="bbox 1887 4938 3445 5012">
     <span class='ocr_line' id='line_1_116' title="bbox 1887 4938 3445 5012; baseline -0.002 -14"><span class='ocrx_word' id='word_1_867' title='bbox 1887 4943 1981 5003; x_wconf 86' lang='lat' dir='ltr'><strong>Gr.</strong></span> <span class='ocrx_word' id='word_1_868' title='bbox 2012 4944 2175 4996; x_wconf 82' lang='lat' dir='ltr'><strong>Marc.</strong></span> <span class='ocrx_word' id='word_1_869' title='bbox 2211 4958 2331 5012; x_wconf 89' lang='lat' dir='ltr'><strong>pag.</strong></span> <span class='ocrx_word' id='word_1_870' title='bbox 2363 4940 2489 4995; x_wconf 78' lang='grc'>502.</span> <span class='ocrx_word' id='word_1_871' title='bbox 2520 4970 2590 5012; x_wconf 63' lang='grc' dir='ltr'><strong>ττ-</strong></span> <span class='ocrx_word' id='word_1_872' title='bbox 2614 4938 2830 5012; x_wconf 81' lang='lat' dir='ltr'><strong>Neap&#39;oli</strong></span> <span class='ocrx_word' id='word_1_873' title='bbox 2854 4941 2927 5012; x_wconf 14' lang='lat' dir='ltr'><strong>Ain</strong></span> <span class='ocrx_word' id='word_1_874' title='bbox 2962 4940 3099 5012; x_wconf 78' lang='lat' dir='ltr'><strong>bibl.</strong></span> <span class='ocrx_word' id='word_1_875' title='bbox 3151 4938 3208 4995; x_wconf 89' lang='lat' dir='ltr'><strong>S.</strong></span> <span class='ocrx_word' id='word_1_876' title='bbox 3247 4939 3445 4998; x_wconf 83' lang='lat' dir='ltr'><strong>Joann.</strong></span> 
     </span>
    </p>
   </div>
   <div class='ocr_carea' id='block_1_115' title="bbox 1887 5010 3446 5138">
    <p class='ocr_par' dir='ltr' id='par_1_115' title="bbox 1887 5010 3446 5138">
     <span class='ocr_line' id='line_1_117' title="bbox 1887 5010 3446 5138; baseline 0.001 -72"><span class='ocrx_word' id='word_1_877' title='bbox 1887 5010 2312 5138; x_wconf 52' lang='lat' dir='ltr'><strong>gggﬂaﬁbonaria</strong></span> <span class='ocrx_word' id='word_1_878' title='bbox 2333 5050 2347 5075; x_wconf 96' lang='lat'><strong>,</strong></span> <span class='ocrx_word' id='word_1_879' title='bbox 2381 5020 2487 5065; x_wconf 89' lang='lat' dir='ltr'><strong>etc.</strong></span> <span class='ocrx_word' id='word_1_880' title='bbox 2518 5010 2814 5065; x_wconf 81' lang='lat' dir='ltr'><strong>Montfauc.</strong></span> <span class='ocrx_word' id='word_1_881' title='bbox 2850 5010 2902 5063; x_wconf 90' lang='lat' dir='ltr'><strong>in</strong></span> <span class='ocrx_word' id='word_1_882' title='bbox 2948 5011 3136 5065; x_wconf 86' lang='lat' dir='ltr'><strong>Diario</strong></span> <span class='ocrx_word' id='word_1_883' title='bbox 3167 5012 3284 5067; x_wconf 70' lang='grc' dir='ltr'><em>ἔται.</em></span> <span class='ocrx_word' id='word_1_884' title='bbox 3320 5027 3446 5086; x_wconf 87' lang='lat' dir='ltr'><strong>pag.</strong></span> 
     </span>
     <span class='ocr_line' id='line_1_118' title="bbox 1996 5098 2217 5137; baseline -0.009 0"><span class='ocrx_word' id='word_1_885' title='bbox 1996 5121 2011 5137; x_wconf 93' lang='lat'><strong>.</strong></span> <span class='ocrx_word' id='word_1_886' title='bbox 2095 5098 2217 5136; x_wconf 76' lang='lat' dir='ltr'><strong>ABL.</strong></span> 
     </span>
    </p>
   </div>
   <div class='ocr_carea' id='block_1_116' title="bbox 1887 5085 2217 5139">
    <p class='ocr_par' dir='ltr' id='par_1_116' title="bbox 1887 5085 2217 5139">
     <span class='ocr_line' id='line_1_119' title="bbox 1887 5085 2217 5139; baseline -0.012 0"><span class='ocrx_word' id='word_1_887' title='bbox 1887 5085 2011 5139; x_wconf 86' lang='lat'><strong>509.</strong></span> <span class='ocrx_word' id='word_1_888' title='bbox 2047 5085 2217 5136; x_wconf 78' lang='grc' dir='ltr'><strong>ΗΑιιι..</strong></span> 
     </span>
    </p>
   </div>
   <div class='ocr_carea' id='block_1_117' title="bbox 1957 5148 3349 5294">
    <p class='ocr_par' dir='ltr' id='par_1_117' title="bbox 1957 5148 3349 5294">
     <span class='ocr_line' id='line_1_120' title="bbox 1980 5148 3011 5222; baseline -0.002 -16"><span class='ocrx_word' id='word_1_889' title='bbox 1980 5153 2039 5222; x_wconf 77' lang='grc' dir='ltr'><strong>Ῑ)</strong></span> <span class='ocrx_word' id='word_1_890' title='bbox 2066 5152 2210 5206; x_wconf 87' lang='lat' dir='ltr'><strong>Edit.</strong></span> <span class='ocrx_word' id='word_1_891' title='bbox 2248 5166 2300 5205; x_wconf 93' lang='lat' dir='ltr'><strong>a.</strong></span> <span class='ocrx_word' id='word_1_892' title='bbox 2328 5149 2484 5215; x_wconf 87' lang='lat'><strong>1658,</strong></span> <span class='ocrx_word' id='word_1_893' title='bbox 2515 5159 2648 5205; x_wconf 92' lang='lat' dir='ltr'><strong>tom.</strong></span> <span class='ocrx_word' id='word_1_894' title='bbox 2682 5148 2766 5214; x_wconf 92' lang='lat' dir='ltr'><strong>Ill,</strong></span> <span class='ocrx_word' id='word_1_895' title='bbox 2801 5166 2853 5219; x_wconf 91' lang='lat' dir='ltr'><strong>p.</strong></span> <span class='ocrx_word' id='word_1_896' title='bbox 2888 5150 3011 5206; x_wconf 86' lang='lat'><strong>655.</strong></span> 
     </span>
     <span class='ocr_line' id='line_1_121' title="bbox 1957 5155 3349 5294; baseline -0.002 -18"><span class='ocrx_word' id='word_1_897' title='bbox 1957 5155 2030 5294; x_wconf 41' lang='lat' dir='ltr'><strong>ig)</strong></span> <span class='ocrx_word' id='word_1_898' title='bbox 2060 5221 2136 5275; x_wconf 80' lang='lat' dir='ltr'><strong>Ex</strong></span> <span class='ocrx_word' id='word_1_899' title='bbox 2167 5217 2623 5294; x_wconf 78' lang='lat' dir='ltr'><strong>typogr._Roberti</strong></span> <span class='ocrx_word' id='word_1_900' title='bbox 2652 5217 2930 5294; x_wconf 78' lang='lat' dir='ltr'><strong>Stephani,</strong></span> <span class='ocrx_word' id='word_1_901' title='bbox 2958 5237 3081 5276; x_wconf 91' lang='lat' dir='ltr'><strong>cum</strong></span> <span class='ocrx_word' id='word_1_902' title='bbox 3110 5221 3271 5294; x_wconf 66' lang='lat' dir='ltr'><strong>docta</strong></span> <span class='ocrx_word' id='word_1_903' title='bbox 3298 5221 3349 5277; x_wconf 91' lang='lat' dir='ltr'><strong>di</strong></span> 
     </span>
    </p>
   </div>
   <div class='ocr_carea' id='block_1_118' title="bbox 1887 5217 3442 5372">
    <p class='ocr_par' dir='ltr' id='par_1_118' title="bbox 1887 5217 3442 5372">
     <span class='ocr_line' id='line_1_122' title="bbox 1958 5217 3442 5306; baseline 0 -30"><span class='ocrx_word' id='word_1_904' title='bbox 2060 5221 2136 5275; x_wconf 80' lang='lat' dir='ltr'><strong>Ex</strong></span> <span class='ocrx_word' id='word_1_905' title='bbox 2167 5217 2623 5302; x_wconf 40' lang='lat' dir='ltr'><strong>typogr..Roberti</strong></span> <span class='ocrx_word' id='word_1_906' title='bbox 2652 5217 2930 5288; x_wconf 79' lang='lat' dir='ltr'><strong>Stephani,</strong></span> <span class='ocrx_word' id='word_1_907' title='bbox 2958 5237 3081 5276; x_wconf 91' lang='lat' dir='ltr'><strong>cum</strong></span> <span class='ocrx_word' id='word_1_908' title='bbox 3112 5221 3271 5276; x_wconf 85' lang='lat' dir='ltr'><strong>docta</strong></span> <span class='ocrx_word' id='word_1_909' title='bbox 3298 5221 3442 5306; x_wconf 68' lang='lat' dir='ltr'><strong>disp.</strong></span> 
     </span>
     <span class='ocr_line' id='line_1_123' title="bbox 1887 5290 3442 5372; baseline -0.001 -25"><span class='ocrx_word' id='word_1_910' title='bbox 1887 5292 1954 5372; x_wconf 62' lang='lat' dir='ltr'><strong>de</strong></span> <span class='ocrx_word' id='word_1_911' title='bbox 2008 5302 2231 5372; x_wconf 71' lang='lat' dir='ltr'><strong>auctore</strong></span> <span class='ocrx_word' id='word_1_912' title='bbox 2291 5292 2785 5372; x_wconf 41' lang='lat' dir='ltr'><strong>IIUJUS‘CpISIOIw,‘</strong></span> <span class='ocrx_word' id='word_1_913' title='bbox 2817 5306 3030 5372; x_wconf 71' lang='lat' dir='ltr'><strong>necnon</strong></span> <span class='ocrx_word' id='word_1_914' title='bbox 3071 5292 3157 5372; x_wconf 22' lang='lat' dir='ltr'><strong>Ade</strong></span> <span class='ocrx_word' id='word_1_915' title='bbox 3199 5290 3442 5372; x_wconf 84' lang='lat' dir='ltr'><strong>Gregorii</strong></span> 
     </span>
    </p>
   </div>
   <div class='ocr_carea' id='block_1_119' title="bbox 1887 5359 3445 5484">
    <p class='ocr_par' dir='ltr' id='par_1_119' title="bbox 1887 5359 3445 5484">
     <span class='ocr_line' id='line_1_124' title="bbox 1887 5359 3445 5484; baseline 0 -67"><span class='ocrx_word' id='word_1_916' title='bbox 1887 5361 2342 5484; x_wconf 51' lang='lat' dir='ltr'><strong>Nyssﬁlegalione</strong></span> <span class='ocrx_word' id='word_1_917' title='bbox 2370 5365 2425 5417; x_wconf 88' lang='lat' dir='ltr'><strong>in</strong></span> <span class='ocrx_word' id='word_1_918' title='bbox 2462 5359 2711 5415; x_wconf 74' lang='lat' dir='ltr'><strong>Arabiam</strong></span> <span class='ocrx_word' id='word_1_919' title='bbox 2738 5367 2793 5416; x_wconf 86' lang='lat' dir='ltr'><strong>et</strong></span> <span class='ocrx_word' id='word_1_920' title='bbox 2815 5360 2869 5414; x_wconf 91' lang='lat' dir='ltr'><strong>in</strong></span> <span class='ocrx_word' id='word_1_921' title='bbox 2891 5359 3233 5417; x_wconf 66' lang='lat' dir='ltr'><strong>Palaestinam</strong></span> <span class='ocrx_word' id='word_1_922' title='bbox 3260 5359 3445 5417; x_wconf 61' lang='lat' dir='ltr'><strong>trans»</strong></span> 
     </span>
     <span class='ocr_line' id='line_1_125' title="bbox 1890 5444 2193 5484; baseline -0.003 0"><span class='ocrx_word' id='word_1_923' title='bbox 1890 5444 1986 5484; x_wconf 88' lang='lat' dir='ltr'><strong>nu.</strong></span> <span class='ocrx_word' id='word_1_924' title='bbox 2071 5447 2193 5484; x_wconf 73' lang='lat' dir='ltr'><strong>ARL.</strong></span> 
     </span>
    </p>
   </div>
   <div class='ocr_carea' id='block_1_120' title="bbox 1890 5444 2193 5486">
    <p class='ocr_par' dir='ltr' id='par_1_120' title="bbox 1890 5444 2193 5486">
     <span class='ocr_line' id='line_1_126' title="bbox 1890 5444 2193 5486; baseline -0.003 -2"><span class='ocrx_word' id='word_1_925' title='bbox 1890 5444 1986 5486; x_wconf 82' lang='grc' dir='ltr'><strong>ιιυ.</strong></span> <span class='ocrx_word' id='word_1_926' title='bbox 2021 5444 2193 5484; x_wconf 72' lang='lat' dir='ltr'><strong>UARL.</strong></span> 
     </span>
    </p>
   </div>
   <div class='ocr_carea' id='block_1_121' title="bbox 1960 5499 3444 5576">
    <p class='ocr_par' dir='ltr' id='par_1_121' title="bbox 1960 5499 3444 5576">
     <span class='ocr_line' id='line_1_127' title="bbox 1960 5499 3444 5576; baseline 0.003 -23"><span class='ocrx_word' id='word_1_927' title='bbox 1960 5501 2035 5571; x_wconf 87' lang='lat' dir='ltr'><strong>(h)</strong></span> <span class='ocrx_word' id='word_1_928' title='bbox 2060 5500 2537 5576; x_wconf 52' lang='lat' dir='ltr'><strong>Griecenﬂelmst.</strong></span> <span class='ocrx_word' id='word_1_929' title='bbox 2584 5499 2743 5568; x_wconf 88' lang='grc'>1607,</span> <span class='ocrx_word' id='word_1_930' title='bbox 2787 5500 2841 5557; x_wconf 86' lang='lat'><strong>4.</strong></span> <span class='ocrx_word' id='word_1_931' title='bbox 2877 5500 2943 5556; x_wconf 85' lang='lat' dir='ltr'><strong>V.</strong></span> <span class='ocrx_word' id='word_1_932' title='bbox 2971 5502 3146 5560; x_wconf 78' lang='lat' dir='ltr'><strong>Menk.</strong></span> <span class='ocrx_word' id='word_1_933' title='bbox 3180 5508 3286 5558; x_wconf 83' lang='lat' dir='ltr'><strong>cat.</strong></span> <span class='ocrx_word' id='word_1_934' title='bbox 3314 5499 3359 5571; x_wconf 92' lang='lat' dir='ltr'><strong>I,</strong></span> <span class='ocrx_word' id='word_1_935' title='bbox 3384 5513 3444 5576; x_wconf 75' lang='grc' dir='ltr'><strong>ι).</strong></span> 
     </span>
    </p>
   </div>
   <div class='ocr_carea' id='block_1_122' title="bbox 1885 5569 2454 5637">
    <p class='ocr_par' dir='ltr' id='par_1_122' title="bbox 1885 5569 2454 5637">
     <span class='ocr_line' id='line_1_128' title="bbox 1885 5569 2454 5637; baseline 0.002 -13"><span class='ocrx_word' id='word_1_936' title='bbox 1885 5569 1980 5637; x_wconf 76' lang='lat'><strong>28,</strong></span> <span class='ocrx_word' id='word_1_937' title='bbox 2009 5586 2095 5624; x_wconf 93' lang='lat' dir='ltr'><strong>nr.</strong></span> <span class='ocrx_word' id='word_1_938' title='bbox 2127 5570 2251 5624; x_wconf 84' lang='lat'><strong>515.</strong></span> <span class='ocrx_word' id='word_1_939' title='bbox 2282 5569 2454 5625; x_wconf 65' lang='lat' dir='ltr'><strong>Hann.</strong></span> 
     </span>
    </p>
   </div>
   <div class='ocr_carea' id='block_1_123' title="bbox 1975 5640 3002 5714">
    <p class='ocr_par' dir='ltr' id='par_1_123' title="bbox 1975 5640 3002 5714">
     <span class='ocr_line' id='line_1_129' title="bbox 1975 5640 3002 5714; baseline 0.006 -22"><span class='ocrx_word' id='word_1_940' title='bbox 1975 5641 2040 5714; x_wconf 66' lang='lat' dir='ltr'><strong>ti)</strong></span> <span class='ocrx_word' id='word_1_941' title='bbox 2073 5641 2504 5714; x_wconf 28' lang='lat' dir='ltr'><strong>Edit._a.“1658,</strong></span> <span class='ocrx_word' id='word_1_942' title='bbox 2541 5650 2670 5698; x_wconf 89' lang='lat' dir='ltr'><strong>tom.</strong></span> <span class='ocrx_word' id='word_1_943' title='bbox 2702 5640 2768 5710; x_wconf 92' lang='lat' dir='ltr'><strong>Il,</strong></span> <span class='ocrx_word' id='word_1_944' title='bbox 2794 5658 2847 5714; x_wconf 89' lang='lat' dir='ltr'><strong>p.</strong></span> <span class='ocrx_word' id='word_1_945' title='bbox 2877 5641 3002 5698; x_wconf 82' lang='grc'>265.</span> 
     </span>
    </p>
   </div>
   <div class='ocr_carea' id='block_1_124' title="bbox 1962 5709 2351 5781">
    <p class='ocr_par' dir='ltr' id='par_1_124' title="bbox 1962 5709 2351 5781">
     <span class='ocr_line' id='line_1_130' title="bbox 1962 5709 2351 5781; baseline 0.01 -18"><span class='ocrx_word' id='word_1_946' title='bbox 1962 5709 2037 5781; x_wconf 61' lang='grc' dir='ltr'><strong>(ί)</strong></span> <span class='ocrx_word' id='word_1_947' title='bbox 2067 5709 2200 5781; x_wconf 74' lang='lat' dir='ltr'><strong>Pag.</strong></span> <span class='ocrx_word' id='word_1_948' title='bbox 2228 5710 2351 5781; x_wconf 84' lang='lat'><strong>165.</strong></span> 
     </span>
    </p>
   </div>
   <div class='ocr_carea' id='block_1_125' title="bbox 1959 5779 2338 5852">
    <p class='ocr_par' dir='ltr' id='par_1_125' title="bbox 1959 5779 2338 5852">
     <span class='ocr_line' id='line_1_131' title="bbox 1959 5779 2338 5852; baseline 0.013 -19"><span class='ocrx_word' id='word_1_949' title='bbox 1959 5780 2031 5852; x_wconf 75' lang='lat' dir='ltr'><strong>(Ii)</strong></span> <span class='ocrx_word' id='word_1_950' title='bbox 2059 5779 2187 5852; x_wconf 77' lang='lat' dir='ltr'><strong>Pag.</strong></span> <span class='ocrx_word' id='word_1_951' title='bbox 2216 5780 2338 5838; x_wconf 87' lang='lat'><strong>177.</strong></span> 
     </span>
    </p>
   </div>
  </div>
