  <div class='ocr_page' id='page_1' title='image "/cluster/home/n/w/nwhite01/storage/ocr_20150623/44/hvd.32044012542270/027.png"; bbox 0 0 4054 6500; ppageno 0'>
   <div class='ocr_carea' id='block_1_1' title="bbox 609 293 3854 372">
    <p class='ocr_par' dir='ltr' id='par_1_1' title="bbox 609 293 3854 372">
     <span class='ocr_line' id='line_1_1' title="bbox 609 293 3854 372; baseline -0.005 -5"><span class='ocrx_word' id='word_1_1' title='bbox 609 312 681 372; x_wconf 76' lang='grc'><strong>55</strong></span> <span class='ocrx_word' id='word_1_2' title='bbox 1826 306 2103 366; x_wconf 79' lang='lat' dir='ltr'><strong>NOTITIA</strong></span> <span class='ocrx_word' id='word_1_3' title='bbox 2141 306 2233 363; x_wconf 82' lang='lat' dir='ltr'><strong>EX</strong></span> <span class='ocrx_word' id='word_1_4' title='bbox 2285 305 2618 364; x_wconf 78' lang='lat' dir='ltr'><strong>FABRICIO.</strong></span> <span class='ocrx_word' id='word_1_5' title='bbox 3777 293 3854 352; x_wconf 70' lang='grc'><strong>56</strong></span> 
     </span>
    </p>
   </div>
   <div class='ocr_carea' id='block_1_2' title="bbox 613 417 3850 508">
    <p class='ocr_par' dir='ltr' id='par_1_2' title="bbox 613 417 3850 508">
     <span class='ocr_line' id='line_1_2' title="bbox 613 417 3850 508; baseline -0.006 -16"><span class='ocrx_word' id='word_1_6' title='bbox 613 446 674 492; x_wconf 92' lang='lat' dir='ltr'><strong>ut</strong></span> <span class='ocrx_word' id='word_1_7' title='bbox 699 437 930 500; x_wconf 89' lang='lat' dir='ltr'><strong>videtur,</strong></span> <span class='ocrx_word' id='word_1_8' title='bbox 966 435 1154 508; x_wconf 71' lang='lat' dir='ltr'><strong>Nyssa:</strong></span> <span class='ocrx_word' id='word_1_9' title='bbox 1180 435 1234 490; x_wconf 92' lang='lat' dir='ltr'><strong>in</strong></span> <span class='ocrx_word' id='word_1_10' title='bbox 1265 449 1454 490; x_wconf 86' lang='lat' dir='ltr'><strong>eorum</strong></span> <span class='ocrx_word' id='word_1_11' title='bbox 1483 432 1765 505; x_wconf 81' lang='lat' dir='ltr'><strong>martyrio,</strong></span> <span class='ocrx_word' id='word_1_12' title='bbox 1799 431 1913 486; x_wconf 84' lang='lat' dir='ltr'><strong>sive</strong></span> <span class='ocrx_word' id='word_1_13' title='bbox 1946 429 2165 498; x_wconf 90' lang='lat' dir='ltr'><strong>templo,</strong></span> <span class='ocrx_word' id='word_1_14' title='bbox 2196 434 2243 492; x_wconf 73' lang='grc' dir='ltr'><strong>Α</strong></span> <span class='ocrx_word' id='word_1_15' title='bbox 2277 435 2463 498; x_wconf 89' lang='lat' dir='ltr'><strong>postea</strong></span> <span class='ocrx_word' id='word_1_16' title='bbox 2493 425 2770 482; x_wconf 88' lang='lat' dir='ltr'><strong>recensuit</strong></span> <span class='ocrx_word' id='word_1_17' title='bbox 2792 425 3049 480; x_wconf 87' lang='lat' dir='ltr'><strong>Lambec.</strong></span> <span class='ocrx_word' id='word_1_18' title='bbox 3076 422 3129 476; x_wconf 91' lang='lat' dir='ltr'><strong>in</strong></span> <span class='ocrx_word' id='word_1_19' title='bbox 3153 421 3258 476; x_wconf 88' lang='lat' dir='ltr'><strong>vol.</strong></span> <span class='ocrx_word' id='word_1_20' title='bbox 3291 417 3426 485; x_wconf 88' lang='lat' dir='ltr'><strong>VIII,</strong></span> <span class='ocrx_word' id='word_1_21' title='bbox 3455 434 3576 490; x_wconf 82' lang='lat' dir='ltr'><strong>pag.</strong></span> <span class='ocrx_word' id='word_1_22' title='bbox 3604 418 3705 473; x_wconf 87' lang='grc'>155</span> <span class='ocrx_word' id='word_1_23' title='bbox 3725 434 3850 489; x_wconf 83' lang='lat' dir='ltr'><strong>sqq-</strong></span> 
     </span>
    </p>
   </div>
   <div class='ocr_carea' id='block_1_3' title="bbox 613 523 2180 594">
    <p class='ocr_par' dir='ltr' id='par_1_3' title="bbox 613 523 2180 594">
     <span class='ocr_line' id='line_1_3' title="bbox 613 523 2180 594; baseline -0.006 -8"><span class='ocrx_word' id='word_1_24' title='bbox 613 542 821 586; x_wconf 86' lang='lat' dir='ltr'><strong>etcum</strong></span> <span class='ocrx_word' id='word_1_25' title='bbox 857 529 972 586; x_wconf 80' lang='lat' dir='ltr'><strong>Jac.</strong></span> <span class='ocrx_word' id='word_1_26' title='bbox 1025 529 1265 584; x_wconf 87' lang='lat' dir='ltr'><strong>Gretseri</strong></span> <span class='ocrx_word' id='word_1_27' title='bbox 1313 528 1567 584; x_wconf 86' lang='lat' dir='ltr'><strong>versione</strong></span> <span class='ocrx_word' id='word_1_28' title='bbox 1610 540 1754 581; x_wconf 92' lang='lat' dir='ltr'><strong>nunc</strong></span> <span class='ocrx_word' id='word_1_29' title='bbox 1787 525 2020 594; x_wconf 91' lang='lat' dir='ltr'><strong>primum</strong></span> <span class='ocrx_word' id='word_1_30' title='bbox 2062 523 2180 576; x_wconf 89' lang='lat' dir='ltr'><strong>edi-</strong></span> 
     </span>
    </p>
   </div>
   <div class='ocr_carea' id='block_1_4' title="bbox 616 610 2182 693">
    <p class='ocr_par' dir='ltr' id='par_1_4' title="bbox 616 610 2182 693">
     <span class='ocr_line' id='line_1_4' title="bbox 616 610 2182 693; baseline -0.006 -17"><span class='ocrx_word' id='word_1_31' title='bbox 616 630 671 678; x_wconf 85' lang='lat' dir='ltr'><strong>ta</strong></span> <span class='ocrx_word' id='word_1_32' title='bbox 693 623 790 693; x_wconf 91' lang='lat' dir='ltr'><strong>(a).</strong></span> <span class='ocrx_word' id='word_1_33' title='bbox 824 620 1017 691; x_wconf 93' lang='lat' dir='ltr'><strong>Incipit</strong></span> <span class='ocrx_word' id='word_1_34' title='bbox 1042 637 1056 674; x_wconf 94' lang='lat'><strong>:</strong></span> <span class='ocrx_word' id='word_1_35' title='bbox 1081 621 1142 674; x_wconf 84' lang='lat' dir='ltr'><strong>Ol</strong></span> <span class='ocrx_word' id='word_1_36' title='bbox 1169 621 1270 690; x_wconf 83' lang='grc' dir='ltr'><strong>μὲν</strong></span> <span class='ocrx_word' id='word_1_37' title='bbox 1296 619 1512 672; x_wconf 75' lang='grc' dir='ltr'><strong>ὁπλῖται</strong></span> <span class='ocrx_word' id='word_1_38' title='bbox 1549 610 1854 687; x_wconf 78' lang='grc' dir='ltr'><strong>Ῥωμαίων.</strong></span> <span class='ocrx_word' id='word_1_39' title='bbox 1884 615 2012 669; x_wconf 72' lang='lat' dir='ltr'><strong>Duo:</strong></span> <span class='ocrx_word' id='word_1_40' title='bbox 2038 612 2182 684; x_wconf 82' lang='lat' dir='ltr'><strong>prio-</strong></span> 
     </span>
    </p>
   </div>
   <div class='ocr_carea' id='block_1_5' title="bbox 616 709 1414 781">
    <p class='ocr_par' dir='ltr' id='par_1_5' title="bbox 616 709 1414 781">
     <span class='ocr_line' id='line_1_5' title="bbox 616 709 1414 781; baseline -0.008 -14"><span class='ocrx_word' id='word_1_41' title='bbox 616 729 704 769; x_wconf 82' lang='lat' dir='ltr'><strong>res</strong></span> <span class='ocrx_word' id='word_1_42' title='bbox 729 712 968 766; x_wconf 76' lang='lat' dir='ltr'><strong>humilia:</strong></span> <span class='ocrx_word' id='word_1_43' title='bbox 997 725 1184 781; x_wconf 82' lang='lat' dir='ltr'><strong>supra,</strong></span> <span class='ocrx_word' id='word_1_44' title='bbox 1214 725 1300 764; x_wconf 89' lang='lat' dir='ltr'><strong>nr.</strong></span> 
     </span>
    </p>
   </div>
   <div class='ocr_carea' id='block_1_6' title="bbox 626 815 2184 893">
    <p class='ocr_par' dir='ltr' id='par_1_6' title="bbox 626 815 2184 893">
     <span class='ocr_line' id='line_1_6' title="bbox 626 815 2184 893; baseline -0.009 -12"><span class='ocrx_word' id='word_1_45' title='bbox 626 871 634 881; x_wconf 86' lang='lat'><strong>.</strong></span> <span class='ocrx_word' id='word_1_46' title='bbox 687 827 778 882; x_wconf 88' lang='lat'><strong>70.</strong></span> <span class='ocrx_word' id='word_1_47' title='bbox 813 824 1013 878; x_wconf 86' lang='lat' dir='ltr'><strong>Contra</strong></span> <span class='ocrx_word' id='word_1_48' title='bbox 1036 841 1123 878; x_wconf 87' lang='lat' dir='ltr'><strong>eos</strong></span> <span class='ocrx_word' id='word_1_49' title='bbox 1180 824 1267 893; x_wconf 86' lang='lat' dir='ltr'><strong>qui</strong></span> <span class='ocrx_word' id='word_1_50' title='bbox 1296 822 1547 891; x_wconf 74' lang='lat' dir='ltr'><strong>differunt</strong></span> <span class='ocrx_word' id='word_1_51' title='bbox 1583 819 1901 890; x_wconf 77' lang='lat' dir='ltr'><strong>baptismum</strong></span> <span class='ocrx_word' id='word_1_52' title='bbox 1935 815 2034 888; x_wconf 89' lang='lat' dir='ltr'><strong>(b),</strong></span> <span class='ocrx_word' id='word_1_53' title='bbox 2059 830 2184 868; x_wconf 90' lang='lat' dir='ltr'><strong>cum</strong></span> 
     </span>
    </p>
   </div>
   <div class='ocr_carea' id='block_1_7' title="bbox 617 908 2186 983">
    <p class='ocr_par' dir='ltr' id='par_1_7' title="bbox 617 908 2186 983">
     <span class='ocr_line' id='line_1_7' title="bbox 617 908 2186 983; baseline -0.008 -13"><span class='ocrx_word' id='word_1_54' title='bbox 617 917 870 972; x_wconf 88' lang='lat' dir='ltr'><strong>versione</strong></span> <span class='ocrx_word' id='word_1_55' title='bbox 901 914 1154 970; x_wconf 89' lang='lat' dir='ltr'><strong>Gentiaui</strong></span> <span class='ocrx_word' id='word_1_56' title='bbox 1203 914 1443 969; x_wconf 86' lang='lat' dir='ltr'><strong>llerveti.</strong></span> <span class='ocrx_word' id='word_1_57' title='bbox 1493 911 1689 983; x_wconf 91' lang='lat' dir='ltr'><strong>Incipit</strong></span> <span class='ocrx_word' id='word_1_58' title='bbox 1729 931 1741 965; x_wconf 90' lang='lat'><strong>:</strong></span> <span class='ocrx_word' id='word_1_59' title='bbox 1778 911 1842 960; x_wconf 83' lang='lat' dir='ltr'><strong>Ol</strong></span> <span class='ocrx_word' id='word_1_60' title='bbox 1874 908 1972 978; x_wconf 75' lang='grc' dir='ltr'><strong>τῆς</strong></span> <span class='ocrx_word' id='word_1_61' title='bbox 2007 908 2186 960; x_wconf 78' lang='grc' dir='ltr'><strong>οἰκου-</strong></span> 
     </span>
    </p>
   </div>
   <div class='ocr_carea' id='block_1_8' title="bbox 621 997 2182 1080">
    <p class='ocr_par' dir='ltr' id='par_1_8' title="bbox 621 997 2182 1080">
     <span class='ocr_line' id='line_1_8' title="bbox 621 997 2182 1080; baseline -0.008 -19"><span class='ocrx_word' id='word_1_62' title='bbox 621 1009 788 1080; x_wconf 80' lang='grc' dir='ltr'><strong>μένης</strong></span> <span class='ocrx_word' id='word_1_63' title='bbox 811 1008 1012 1078; x_wconf 81' lang='grc' dir='ltr'><strong>ταύτης</strong></span> <span class='ocrx_word' id='word_1_64' title='bbox 1033 1006 1288 1077; x_wconf 81' lang='grc' dir='ltr'><strong>βασιλεῖς.</strong></span> <span class='ocrx_word' id='word_1_65' title='bbox 1317 1004 1504 1060; x_wconf 91' lang='lat' dir='ltr'><strong>Latine</strong></span> <span class='ocrx_word' id='word_1_66' title='bbox 1521 1004 1634 1074; x_wconf 84' lang='lat' dir='ltr'><strong>jam</strong></span> <span class='ocrx_word' id='word_1_67' title='bbox 1657 1001 1758 1056; x_wconf 77' lang='lat' dir='ltr'><strong>fuit</strong></span> <span class='ocrx_word' id='word_1_68' title='bbox 1775 1015 1965 1071; x_wconf 84' lang='lat' dir='ltr'><strong>supra.</strong></span> <span class='ocrx_word' id='word_1_69' title='bbox 1987 1013 2071 1052; x_wconf 77' lang='lat' dir='ltr'><strong>nr.</strong></span> <span class='ocrx_word' id='word_1_70' title='bbox 2091 997 2182 1052; x_wconf 93' lang='grc'>21.</span> 
     </span>
    </p>
   </div>
   <div class='ocr_carea' id='block_1_9' title="bbox 621 1095 1462 1172">
    <p class='ocr_par' dir='ltr' id='par_1_9' title="bbox 621 1095 1462 1172">
     <span class='ocr_line' id='line_1_9' title="bbox 621 1095 1462 1172; baseline -0.008 -17"><span class='ocrx_word' id='word_1_71' title='bbox 621 1098 710 1172; x_wconf 77' lang='grc' dir='ltr'><strong>[ν.</strong></span> <span class='ocrx_word' id='word_1_72' title='bbox 749 1098 1070 1155; x_wconf 74' lang='lat' dir='ltr'><strong>Sehrmckh.</strong></span> <span class='ocrx_word' id='word_1_73' title='bbox 1105 1113 1156 1168; x_wconf 93' lang='lat' dir='ltr'><strong>p.</strong></span> <span class='ocrx_word' id='word_1_74' title='bbox 1187 1097 1289 1152; x_wconf 87' lang='lat' dir='ltr'><strong>II7</strong></span> <span class='ocrx_word' id='word_1_75' title='bbox 1314 1095 1462 1168; x_wconf 89' lang='lat' dir='ltr'><strong>sqq.]</strong></span> 
     </span>
    </p>
   </div>
   <div class='ocr_carea' id='block_1_10' title="bbox 691 1201 2188 1272">
    <p class='ocr_par' dir='ltr' id='par_1_10' title="bbox 691 1201 2188 1272">
     <span class='ocr_line' id='line_1_10' title="bbox 691 1201 2188 1272; baseline -0.004 -9"><span class='ocrx_word' id='word_1_76' title='bbox 691 1211 782 1266; x_wconf 86' lang='grc'><strong>71.</strong></span> <span class='ocrx_word' id='word_1_77' title='bbox 811 1211 970 1264; x_wconf 82' lang='grc' dir='ltr'><strong>Κατὰ</strong></span> <span class='ocrx_word' id='word_1_78' title='bbox 1004 1209 1367 1272; x_wconf 79' lang='grc' dir='ltr'><strong>τοκιζόντων,</strong></span> <span class='ocrx_word' id='word_1_79' title='bbox 1399 1208 1606 1263; x_wconf 83' lang='lat' dir='ltr'><strong>Contra</strong></span> <span class='ocrx_word' id='word_1_80' title='bbox 1641 1207 1938 1271; x_wconf 86' lang='lat' dir='ltr'><strong>usurarios,</strong></span> <span class='ocrx_word' id='word_1_81' title='bbox 1969 1203 2085 1259; x_wconf 83' lang='lat' dir='ltr'><strong>sive</strong></span> <span class='ocrx_word' id='word_1_82' title='bbox 2116 1201 2188 1270; x_wconf 77' lang='lat' dir='ltr'><strong>{e-</strong></span> 
     </span>
    </p>
   </div>
   <div class='ocr_carea' id='block_1_11' title="bbox 621 1293 2184 1368">
    <p class='ocr_par' dir='ltr' id='par_1_11' title="bbox 621 1293 2184 1368">
     <span class='ocr_line' id='line_1_11' title="bbox 621 1293 2184 1368; baseline -0.006 -11"><span class='ocrx_word' id='word_1_83' title='bbox 621 1312 911 1366; x_wconf 86' lang='lat' dir='ltr'><strong>neratores,</strong></span> <span class='ocrx_word' id='word_1_84' title='bbox 943 1316 1067 1356; x_wconf 88' lang='lat' dir='ltr'><strong>cum</strong></span> <span class='ocrx_word' id='word_1_85' title='bbox 1092 1300 1340 1356; x_wconf 82' lang='lat' dir='ltr'><strong>versione</strong></span> <span class='ocrx_word' id='word_1_86' title='bbox 1373 1298 1490 1354; x_wconf 83' lang='lat' dir='ltr'><strong>Jac.</strong></span> <span class='ocrx_word' id='word_1_87' title='bbox 1525 1297 1770 1354; x_wconf 84' lang='lat' dir='ltr'><strong>Gretseri</strong></span> <span class='ocrx_word' id='word_1_88' title='bbox 1799 1295 1898 1368; x_wconf 86' lang='lat' dir='ltr'><strong>(c).</strong></span> <span class='ocrx_word' id='word_1_89' title='bbox 1945 1293 2141 1364; x_wconf 92' lang='lat' dir='ltr'><strong>Incipit</strong></span> <span class='ocrx_word' id='word_1_90' title='bbox 2168 1311 2184 1347; x_wconf 93' lang='lat'><strong>:</strong></span> 
     </span>
    </p>
   </div>
   <div class='ocr_carea' id='block_1_12' title="bbox 623 1386 2187 1464">
    <p class='ocr_par' dir='ltr' id='par_1_12' title="bbox 623 1386 2187 1464">
     <span class='ocr_line' id='line_1_12' title="bbox 623 1386 2187 1464; baseline -0.004 -18"><span class='ocrx_word' id='word_1_91' title='bbox 623 1394 746 1448; x_wconf 84' lang='grc' dir='ltr'><strong>Τῶν</strong></span> <span class='ocrx_word' id='word_1_92' title='bbox 788 1391 1091 1464; x_wconf 84' lang='grc' dir='ltr'><strong>φιλαρέτων</strong></span> <span class='ocrx_word' id='word_1_93' title='bbox 1121 1390 1442 1464; x_wconf 83' lang='grc' dir='ltr'>ἀνθρώπων.</span> <span class='ocrx_word' id='word_1_94' title='bbox 1478 1389 1668 1444; x_wconf 87' lang='lat' dir='ltr'><strong>Latine</strong></span> <span class='ocrx_word' id='word_1_95' title='bbox 1705 1389 1818 1458; x_wconf 79' lang='lat' dir='ltr'><strong>jam</strong></span> <span class='ocrx_word' id='word_1_96' title='bbox 1851 1386 1954 1442; x_wconf 82' lang='lat' dir='ltr'><strong>fuit</strong></span> <span class='ocrx_word' id='word_1_97' title='bbox 2001 1399 2187 1455; x_wconf 87' lang='lat' dir='ltr'><strong>supra,</strong></span> 
     </span>
    </p>
   </div>
   <div class='ocr_carea' id='block_1_13' title="bbox 625 1478 2190 1552">
    <p class='ocr_par' dir='ltr' id='par_1_13' title="bbox 625 1478 2190 1552">
     <span class='ocr_line' id='line_1_13' title="bbox 625 1478 2190 1552; baseline -0.004 -14"><span class='ocrx_word' id='word_1_98' title='bbox 625 1499 712 1538; x_wconf 88' lang='lat' dir='ltr'><strong>nr.</strong></span> <span class='ocrx_word' id='word_1_99' title='bbox 735 1483 826 1538; x_wconf 88' lang='grc'><strong>26.</strong></span> <span class='ocrx_word' id='word_1_100' title='bbox 851 1482 1064 1537; x_wconf 85' lang='lat' dir='ltr'><strong>Laudat</strong></span> <span class='ocrx_word' id='word_1_101' title='bbox 1093 1481 1152 1538; x_wconf 91' lang='lat' dir='ltr'><strong>S.</strong></span> <span class='ocrx_word' id='word_1_102' title='bbox 1187 1482 1448 1539; x_wconf 83' lang='lat' dir='ltr'><strong>Basiliam</strong></span> <span class='ocrx_word' id='word_1_103' title='bbox 1476 1490 1530 1537; x_wconf 89' lang='lat' dir='ltr'><strong>et</strong></span> <span class='ocrx_word' id='word_1_104' title='bbox 1568 1495 1690 1552; x_wconf 62' lang='lat' dir='ltr'><strong>qua</strong></span> <span class='ocrx_word' id='word_1_105' title='bbox 1722 1480 1814 1536; x_wconf 90' lang='lat' dir='ltr'><strong>ille</strong></span> <span class='ocrx_word' id='word_1_106' title='bbox 1832 1480 1889 1534; x_wconf 88' lang='lat' dir='ltr'><strong>in</strong></span> <span class='ocrx_word' id='word_1_107' title='bbox 1913 1478 2190 1533; x_wconf 84' lang='lat' dir='ltr'><strong>Psalmum</strong></span> 
     </span>
    </p>
   </div>
   <div class='ocr_carea' id='block_1_14' title="bbox 623 1574 1656 1644">
    <p class='ocr_par' dir='ltr' id='par_1_14' title="bbox 623 1574 1656 1644">
     <span class='ocr_line' id='line_1_14' title="bbox 623 1574 1656 1644; baseline -0.004 -14"><span class='ocrx_word' id='word_1_108' title='bbox 623 1591 736 1638; x_wconf 76' lang='lat' dir='ltr'><strong>XIV,</strong></span> <span class='ocrx_word' id='word_1_109' title='bbox 763 1583 956 1630; x_wconf 89' lang='lat' dir='ltr'><strong>contra</strong></span> <span class='ocrx_word' id='word_1_110' title='bbox 979 1575 1313 1630; x_wconf 80' lang='lat' dir='ltr'><strong>feneratores</strong></span> <span class='ocrx_word' id='word_1_111' title='bbox 1339 1574 1656 1644; x_wconf 85' lang='lat' dir='ltr'><strong>scripserat.</strong></span> 
     </span>
    </p>
   </div>
   <div class='ocr_carea' id='block_1_15' title="bbox 693 1681 2188 1756">
    <p class='ocr_par' dir='ltr' id='par_1_15' title="bbox 693 1681 2188 1756">
     <span class='ocr_line' id='line_1_15' title="bbox 693 1681 2188 1756; baseline -0.001 -17"><span class='ocrx_word' id='word_1_112' title='bbox 693 1688 781 1742; x_wconf 81' lang='grc'><strong>72.</strong></span> <span class='ocrx_word' id='word_1_113' title='bbox 819 1686 893 1741; x_wconf 89' lang='lat' dir='ltr'><strong>De</strong></span> <span class='ocrx_word' id='word_1_114' title='bbox 931 1685 1246 1756; x_wconf 73' lang='lat' dir='ltr'><strong>pauperibus</strong></span> <span class='ocrx_word' id='word_1_115' title='bbox 1277 1693 1327 1739; x_wconf 88' lang='lat' dir='ltr'><strong>et</strong></span> <span class='ocrx_word' id='word_1_116' title='bbox 1362 1683 1723 1752; x_wconf 79' lang='lat' dir='ltr'><strong>beneﬁcentia,</strong></span> <span class='ocrx_word' id='word_1_117' title='bbox 1746 1681 2188 1750; x_wconf 76' lang='grc' dir='ltr'><strong>Περὶ-εὐποιΐας,</strong></span> 
     </span>
    </p>
   </div>
   <div class='ocr_carea' id='block_1_16' title="bbox 2283 509 3853 589">
    <p class='ocr_par' dir='ltr' id='par_1_16' title="bbox 2283 509 3853 589">
     <span class='ocr_line' id='line_1_16' title="bbox 2283 509 3853 589; baseline -0.006 -16"><span class='ocrx_word' id='word_1_118' title='bbox 2283 529 2338 572; x_wconf 90' lang='lat' dir='ltr'><strong>et</strong></span> <span class='ocrx_word' id='word_1_119' title='bbox 2359 519 2412 573; x_wconf 93' lang='lat' dir='ltr'><strong>in</strong></span> <span class='ocrx_word' id='word_1_120' title='bbox 2436 531 2564 589; x_wconf 91' lang='lat' dir='ltr'><strong>quo,</strong></span> <span class='ocrx_word' id='word_1_121' title='bbox 2588 517 2663 572; x_wconf 90' lang='lat' dir='ltr'><strong>ibi</strong></span> <span class='ocrx_word' id='word_1_122' title='bbox 2681 519 2807 572; x_wconf 82' lang='lat' dir='ltr'><strong>cod.</strong></span> <span class='ocrx_word' id='word_1_123' title='bbox 2824 515 2870 570; x_wconf 86' lang='lat' dir='ltr'><strong>X</strong></span> <span class='ocrx_word' id='word_1_124' title='bbox 2894 517 3199 580; x_wconf 78' lang='lat' dir='ltr'><strong>numerato,</strong></span> <span class='ocrx_word' id='word_1_125' title='bbox 3220 512 3370 567; x_wconf 88' lang='lat' dir='ltr'><strong>varia</strong></span> <span class='ocrx_word' id='word_1_126' title='bbox 3387 519 3518 566; x_wconf 91' lang='lat' dir='ltr'><strong>sunt</strong></span> <span class='ocrx_word' id='word_1_127' title='bbox 3537 509 3677 564; x_wconf 78' lang='lat' dir='ltr'><strong>Max.</strong></span> <span class='ocrx_word' id='word_1_128' title='bbox 3696 509 3853 564; x_wconf 80' lang='lat' dir='ltr'><strong>Plan.</strong></span> 
     </span>
    </p>
   </div>
   <div class='ocr_carea' id='block_1_17' title="bbox 2284 601 3855 680">
    <p class='ocr_par' dir='ltr' id='par_1_17' title="bbox 2284 601 3855 680">
     <span class='ocr_line' id='line_1_17' title="bbox 2284 601 3855 680; baseline -0.006 -17"><span class='ocrx_word' id='word_1_129' title='bbox 2284 611 2567 680; x_wconf 89' lang='lat' dir='ltr'><strong>opuscula,</strong></span> <span class='ocrx_word' id='word_1_130' title='bbox 2594 610 2648 663; x_wconf 92' lang='lat' dir='ltr'><strong>in</strong></span> <span class='ocrx_word' id='word_1_131' title='bbox 2670 609 2756 664; x_wconf 88' lang='lat' dir='ltr'><strong>his</strong></span> <span class='ocrx_word' id='word_1_132' title='bbox 2773 624 2856 663; x_wconf 90' lang='lat' dir='ltr'><strong>nr.</strong></span> <span class='ocrx_word' id='word_1_133' title='bbox 2882 605 2936 671; x_wconf 90' lang='lat'><strong>5,</strong></span> <span class='ocrx_word' id='word_1_134' title='bbox 2963 611 3258 662; x_wconf 75' lang='lat' dir='ltr'><strong>Incinorata</strong></span> <span class='ocrx_word' id='word_1_135' title='bbox 3280 603 3477 667; x_wconf 71' lang='lat' dir='ltr'><strong>Oratio,</strong></span> <span class='ocrx_word' id='word_1_136' title='bbox 3494 601 3653 670; x_wconf 87' lang='lat' dir='ltr'><strong>cujus</strong></span> <span class='ocrx_word' id='word_1_137' title='bbox 3666 604 3855 665; x_wconf 86' lang='lat' dir='ltr'><strong>etiam,</strong></span> 
     </span>
    </p>
   </div>
   <div class='ocr_carea' id='block_1_18' title="bbox 2285 693 3856 772">
    <p class='ocr_par' dir='ltr' id='par_1_18' title="bbox 2285 693 3856 772">
     <span class='ocr_line' id='line_1_18' title="bbox 2285 693 3856 772; baseline -0.006 -17"><span class='ocrx_word' id='word_1_138' title='bbox 2285 700 2387 756; x_wconf 78' lang='lat' dir='ltr'><strong>&#39;sub</strong></span> <span class='ocrx_word' id='word_1_139' title='bbox 2417 699 2556 754; x_wconf 77' lang='lat' dir='ltr'><strong>Max.</strong></span> <span class='ocrx_word' id='word_1_140' title='bbox 2590 696 2746 753; x_wconf 84' lang='lat' dir='ltr'><strong>Plan.</strong></span> <span class='ocrx_word' id='word_1_141' title='bbox 2781 695 3042 764; x_wconf 76' lang='lat' dir='ltr'><strong>nemine,</strong></span> <span class='ocrx_word' id='word_1_142' title='bbox 3075 694 3322 750; x_wconf 86' lang='lat' dir='ltr'><strong>meminit</strong></span> <span class='ocrx_word' id='word_1_143' title='bbox 3371 697 3482 772; x_wconf 85' lang='lat' dir='ltr'><strong>Leo</strong></span> <span class='ocrx_word' id='word_1_144' title='bbox 3523 693 3752 747; x_wconf 83' lang='lat' dir='ltr'><strong>Allatius</strong></span> <span class='ocrx_word' id='word_1_145' title='bbox 3799 693 3856 746; x_wconf 92' lang='lat' dir='ltr'><strong>in</strong></span> 
     </span>
    </p>
   </div>
   <div class='ocr_carea' id='block_1_19' title="bbox 2285 782 3860 861">
    <p class='ocr_par' dir='ltr' id='par_1_19' title="bbox 2285 782 3860 861">
     <span class='ocr_line' id='line_1_19' title="bbox 2285 782 3860 861; baseline -0.005 -16"><span class='ocrx_word' id='word_1_146' title='bbox 2285 791 2516 846; x_wconf 82' lang='lat' dir='ltr'><strong>diatriba</strong></span> <span class='ocrx_word' id='word_1_147' title='bbox 2552 791 2620 846; x_wconf 90' lang='lat' dir='ltr'><strong>de</strong></span> <span class='ocrx_word' id='word_1_148' title='bbox 2653 788 2987 861; x_wconf 81' lang='lat' dir='ltr'><strong>Symeonum</strong></span> <span class='ocrx_word' id='word_1_149' title='bbox 3019 787 3237 857; x_wconf 87' lang='lat' dir='ltr'><strong>scriptis</strong></span> <span class='ocrx_word' id='word_1_150' title='bbox 3272 800 3395 856; x_wconf 84' lang='lat' dir='ltr'><strong>pag.</strong></span> <span class='ocrx_word' id='word_1_151' title='bbox 3430 784 3522 850; x_wconf 91' lang='lat'><strong>87,</strong></span> <span class='ocrx_word' id='word_1_152' title='bbox 3558 784 3684 838; x_wconf 87' lang='lat' dir='ltr'><strong>add.</strong></span> <span class='ocrx_word' id='word_1_153' title='bbox 3720 782 3860 839; x_wconf 77' lang='lat' dir='ltr'><strong>Nes-</strong></span> 
     </span>
    </p>
   </div>
   <div class='ocr_carea' id='block_1_20' title="bbox 2285 879 3857 950">
    <p class='ocr_par' dir='ltr' id='par_1_20' title="bbox 2285 879 3857 950">
     <span class='ocr_line' id='line_1_20' title="bbox 2285 879 3857 950; baseline -0.007 -8"><span class='ocrx_word' id='word_1_154' title='bbox 2285 885 2405 942; x_wconf 85' lang='lat' dir='ltr'><strong>selli</strong></span> <span class='ocrx_word' id='word_1_155' title='bbox 2436 893 2544 941; x_wconf 89' lang='lat' dir='ltr'><strong>cat.</strong></span> <span class='ocrx_word' id='word_1_156' title='bbox 2577 883 2737 939; x_wconf 88' lang='lat' dir='ltr'><strong>codd.</strong></span> <span class='ocrx_word' id='word_1_157' title='bbox 2765 881 2968 940; x_wconf 67' lang='lat' dir='ltr'><strong>Caesar.</strong></span> <span class='ocrx_word' id='word_1_158' title='bbox 3002 887 3142 950; x_wconf 90' lang='lat' dir='ltr'><strong>part.</strong></span> <span class='ocrx_word' id='word_1_159' title='bbox 3177 895 3231 944; x_wconf 87' lang='lat' dir='ltr'><strong>I,</strong></span> <span class='ocrx_word' id='word_1_160' title='bbox 3263 896 3316 948; x_wconf 92' lang='lat' dir='ltr'><strong>p.</strong></span> <span class='ocrx_word' id='word_1_161' title='bbox 3347 879 3451 933; x_wconf 88' lang='grc'><strong>556</strong></span> <span class='ocrx_word' id='word_1_162' title='bbox 3473 917 3487 944; x_wconf 85' lang='grc'><strong>,</strong></span> <span class='ocrx_word' id='word_1_163' title='bbox 3518 887 3573 933; x_wconf 91' lang='lat' dir='ltr'><strong>et</strong></span> <span class='ocrx_word' id='word_1_164' title='bbox 3602 886 3742 949; x_wconf 85' lang='lat' dir='ltr'><strong>part.</strong></span> <span class='ocrx_word' id='word_1_165' title='bbox 3776 892 3857 939; x_wconf 80' lang='lat' dir='ltr'><strong>tv.</strong></span> 
     </span>
    </p>
   </div>
   <div class='ocr_carea' id='block_1_21' title="bbox 2285 965 3861 1048">
    <p class='ocr_par' dir='ltr' id='par_1_21' title="bbox 2285 965 3861 1048">
     <span class='ocr_line' id='line_1_21' title="bbox 2285 965 3861 1048; baseline -0.004 -18"><span class='ocrx_word' id='word_1_166' title='bbox 2285 987 2409 1048; x_wconf 94' lang='lat' dir='ltr'><strong>pag.</strong></span> <span class='ocrx_word' id='word_1_167' title='bbox 2439 975 2575 1041; x_wconf 90' lang='grc'>158,</span> <span class='ocrx_word' id='word_1_168' title='bbox 2601 976 2756 1030; x_wconf 90' lang='lat' dir='ltr'><strong>codd.</strong></span> <span class='ocrx_word' id='word_1_169' title='bbox 2787 971 3061 1029; x_wconf 78' lang='lat' dir='ltr'><strong>CCLXIX.</strong></span> <span class='ocrx_word' id='word_1_170' title='bbox 3092 1001 3158 1011; x_wconf 95' lang='lat'><strong><em>—</em></strong></span> <span class='ocrx_word' id='word_1_171' title='bbox 3181 970 3296 1025; x_wconf 87' lang='lat' dir='ltr'><strong>Sub</strong></span> <span class='ocrx_word' id='word_1_172' title='bbox 3323 969 3538 1024; x_wconf 78' lang='lat' dir='ltr'><strong>Maximi</strong></span> <span class='ocrx_word' id='word_1_173' title='bbox 3570 965 3724 1023; x_wconf 85' lang='lat' dir='ltr'><strong>Plan.</strong></span> <span class='ocrx_word' id='word_1_174' title='bbox 3754 984 3861 1024; x_wconf 82' lang='lat' dir='ltr'><strong>no-</strong></span> 
     </span>
    </p>
   </div>
   <div class='ocr_carea' id='block_1_22' title="bbox 2287 1057 3861 1135">
    <p class='ocr_par' dir='ltr' id='par_1_22' title="bbox 2287 1057 3861 1135">
     <span class='ocr_line' id='line_1_22' title="bbox 2287 1057 3861 1135; baseline -0.004 -14"><span class='ocrx_word' id='word_1_175' title='bbox 2287 1070 2432 1122; x_wconf 89' lang='lat' dir='ltr'><strong>mine</strong></span> <span class='ocrx_word' id='word_1_176' title='bbox 2457 1073 2635 1121; x_wconf 79' lang='lat' dir='ltr'><strong>exstat</strong></span> <span class='ocrx_word' id='word_1_177' title='bbox 2661 1080 2876 1135; x_wconf 89' lang='lat' dir='ltr'><strong>quoque</strong></span> <span class='ocrx_word' id='word_1_178' title='bbox 2905 1063 2957 1116; x_wconf 92' lang='lat' dir='ltr'><strong>iu</strong></span> <span class='ocrx_word' id='word_1_179' title='bbox 2989 1061 3111 1117; x_wconf 84' lang='lat' dir='ltr'><strong>cod.</strong></span> <span class='ocrx_word' id='word_1_180' title='bbox 3155 1059 3419 1114; x_wconf 81' lang='lat' dir='ltr'><strong>Laurent.</strong></span> <span class='ocrx_word' id='word_1_181' title='bbox 3459 1057 3638 1123; x_wconf 80' lang='lat' dir='ltr'><strong>XXII,</strong></span> <span class='ocrx_word' id='word_1_182' title='bbox 3669 1076 3754 1114; x_wconf 91' lang='lat' dir='ltr'><strong>nr.</strong></span> <span class='ocrx_word' id='word_1_183' title='bbox 3788 1061 3861 1126; x_wconf 82' lang='lat'><strong>5,</strong></span> 
     </span>
    </p>
   </div>
   <div class='ocr_carea' id='block_1_23' title="bbox 2285 1148 3857 1226">
    <p class='ocr_par' dir='ltr' id='par_1_23' title="bbox 2285 1148 3857 1226">
     <span class='ocr_line' id='line_1_23' title="bbox 2285 1148 3857 1226; baseline -0.002 -16"><span class='ocrx_word' id='word_1_184' title='bbox 2285 1157 2424 1226; x_wconf 89' lang='lat' dir='ltr'><strong>plut.</strong></span> <span class='ocrx_word' id='word_1_185' title='bbox 2457 1156 2544 1212; x_wconf 88' lang='lat'><strong>56.</strong></span> <span class='ocrx_word' id='word_1_186' title='bbox 2584 1154 2643 1210; x_wconf 86' lang='lat' dir='ltr'><strong>V.</strong></span> <span class='ocrx_word' id='word_1_187' title='bbox 2679 1154 2908 1209; x_wconf 87' lang='lat' dir='ltr'><strong>Bandin.</strong></span> <span class='ocrx_word' id='word_1_188' title='bbox 2939 1153 3058 1208; x_wconf 89' lang='lat' dir='ltr'><strong>Cat.</strong></span> <span class='ocrx_word' id='word_1_189' title='bbox 3093 1152 3264 1206; x_wconf 81' lang='lat' dir='ltr'><strong>COdlI.</strong></span> <span class='ocrx_word' id='word_1_190' title='bbox 3301 1151 3394 1206; x_wconf 89' lang='lat' dir='ltr'><strong>Gr.</strong></span> <span class='ocrx_word' id='word_1_191' title='bbox 3425 1148 3586 1204; x_wconf 89' lang='lat' dir='ltr'><strong>Laur.</strong></span> <span class='ocrx_word' id='word_1_192' title='bbox 3622 1150 3698 1213; x_wconf 90' lang='lat' dir='ltr'><strong>ll,</strong></span> <span class='ocrx_word' id='word_1_193' title='bbox 3728 1166 3857 1222; x_wconf 87' lang='lat' dir='ltr'><strong>pag.</strong></span> 
     </span>
    </p>
   </div>
   <div class='ocr_carea' id='block_1_24' title="bbox 2285 1241 3780 1314">
    <p class='ocr_par' dir='ltr' id='par_1_24' title="bbox 2285 1241 3780 1314">
     <span class='ocr_line' id='line_1_24' title="bbox 2285 1241 3780 1314; baseline -0.003 -13"><span class='ocrx_word' id='word_1_194' title='bbox 2285 1245 2414 1302; x_wconf 83' lang='grc'>527.</span> <span class='ocrx_word' id='word_1_195' title='bbox 2437 1246 2570 1300; x_wconf 80' lang='lat' dir='ltr'><strong>Add.</strong></span> <span class='ocrx_word' id='word_1_196' title='bbox 2601 1246 2744 1301; x_wconf 79' lang='lat' dir='ltr'><strong>infra</strong></span> <span class='ocrx_word' id='word_1_197' title='bbox 2772 1246 2878 1300; x_wconf 93' lang='lat' dir='ltr'><strong>vol.</strong></span> <span class='ocrx_word' id='word_1_198' title='bbox 2916 1244 2996 1309; x_wconf 87' lang='lat' dir='ltr'><strong>X,</strong></span> <span class='ocrx_word' id='word_1_199' title='bbox 3029 1260 3152 1314; x_wconf 88' lang='lat' dir='ltr'><strong>pag.</strong></span> <span class='ocrx_word' id='word_1_200' title='bbox 3183 1243 3288 1298; x_wconf 73' lang='grc'>554</span> <span class='ocrx_word' id='word_1_201' title='bbox 3310 1284 3326 1306; x_wconf 88' lang='grc'><strong>,</strong></span> <span class='ocrx_word' id='word_1_202' title='bbox 3359 1259 3444 1297; x_wconf 90' lang='lat' dir='ltr'><strong>nr.</strong></span> <span class='ocrx_word' id='word_1_203' title='bbox 3485 1242 3573 1297; x_wconf 79' lang='grc'>14.</span> <span class='ocrx_word' id='word_1_204' title='bbox 3608 1241 3780 1298; x_wconf 66' lang='lat' dir='ltr'><strong>&quot;aut.</strong></span> 
     </span>
    </p>
   </div>
   <div class='ocr_carea' id='block_1_25' title="bbox 2356 1333 3861 1405">
    <p class='ocr_par' dir='ltr' id='par_1_25' title="bbox 2356 1333 3861 1405">
     <span class='ocr_line' id='line_1_25' title="bbox 2356 1333 3861 1405; baseline -0.004 -14"><span class='ocrx_word' id='word_1_205' title='bbox 2356 1337 2448 1393; x_wconf 89' lang='lat'><strong>76.</strong></span> <span class='ocrx_word' id='word_1_206' title='bbox 2477 1335 2750 1405; x_wconf 72' lang='lat' dir='ltr'><strong>Expositio</strong></span> <span class='ocrx_word' id='word_1_207' title='bbox 2770 1336 2978 1391; x_wconf 85' lang='lat' dir='ltr'><strong>Cantici</strong></span> <span class='ocrx_word' id='word_1_208' title='bbox 3005 1335 3352 1397; x_wconf 81' lang='lat' dir='ltr'><strong>canticorum,</strong></span> <span class='ocrx_word' id='word_1_209' title='bbox 3380 1349 3473 1401; x_wconf 90' lang='lat' dir='ltr'><strong>per</strong></span> <span class='ocrx_word' id='word_1_210' title='bbox 3503 1333 3861 1401; x_wconf 79' lang='lat' dir='ltr'><strong>paraphr’asin</strong></span> 
     </span>
    </p>
   </div>
   <div class='ocr_carea' id='block_1_26' title="bbox 2290 1425 3859 1499">
    <p class='ocr_par' dir='ltr' id='par_1_26' title="bbox 2290 1425 3859 1499">
     <span class='ocr_line' id='line_1_26' title="bbox 2290 1425 3859 1499; baseline -0.003 -14"><span class='ocrx_word' id='word_1_211' title='bbox 2290 1431 2532 1494; x_wconf 85' lang='lat' dir='ltr'><strong>collecta,</strong></span> <span class='ocrx_word' id='word_1_212' title='bbox 2581 1445 2648 1485; x_wconf 84' lang='lat' dir='ltr'><strong>ex</strong></span> <span class='ocrx_word' id='word_1_213' title='bbox 2691 1427 2792 1484; x_wconf 91' lang='lat' dir='ltr'><strong>SS.</strong></span> <span class='ocrx_word' id='word_1_214' title='bbox 2837 1426 3080 1499; x_wconf 81' lang='lat' dir='ltr'><strong>Gregorii</strong></span> <span class='ocrx_word' id='word_1_215' title='bbox 3113 1425 3366 1498; x_wconf 76' lang='lat' dir='ltr'><strong>Nysseni,</strong></span> <span class='ocrx_word' id='word_1_216' title='bbox 3418 1425 3523 1480; x_wconf 81' lang='lat' dir='ltr'><strong>Nili</strong></span> <span class='ocrx_word' id='word_1_217' title='bbox 3550 1436 3605 1482; x_wconf 91' lang='lat' dir='ltr'><strong>et</strong></span> <span class='ocrx_word' id='word_1_218' title='bbox 3635 1426 3859 1481; x_wconf 77' lang='lat' dir='ltr'><strong>Maximi</strong></span> 
     </span>
    </p>
   </div>
   <div class='ocr_carea' id='block_1_27' title="bbox 2290 1505 3862 1584">
    <p class='ocr_par' dir='ltr' id='par_1_27' title="bbox 2290 1505 3862 1584">
     <span class='ocr_line' id='line_1_27' title="bbox 2290 1505 3862 1584; baseline -0.006 -8"><span class='ocrx_word' id='word_1_219' title='bbox 2290 1519 2722 1584; x_wconf 84' lang='lat' dir='ltr'><strong>commentariis,</strong></span> <span class='ocrx_word' id='word_1_220' title='bbox 2753 1518 2938 1574; x_wconf 65' lang='lat' dir='ltr'><strong>Graece</strong></span> <span class='ocrx_word' id='word_1_221' title='bbox 2963 1533 3084 1573; x_wconf 91' lang='lat' dir='ltr'><strong>cum</strong></span> <span class='ocrx_word' id='word_1_222' title='bbox 3111 1517 3254 1574; x_wconf 86' lang='lat' dir='ltr'><strong>Petri</strong></span> <span class='ocrx_word' id='word_1_223' title='bbox 3282 1517 3558 1573; x_wconf 79' lang='lat' dir='ltr'><strong>Francisci</strong></span> <span class='ocrx_word' id='word_1_224' title='bbox 3586 1505 3704 1572; x_wconf 83' lang='lat' dir='ltr'><strong>Zini</strong></span> <span class='ocrx_word' id='word_1_225' title='bbox 3735 1530 3862 1570; x_wconf 85' lang='lat' dir='ltr'><strong>ver-</strong></span> 
     </span>
    </p>
   </div>
   <div class='ocr_carea' id='block_1_28' title="bbox 2291 1605 3861 1680">
    <p class='ocr_par' dir='ltr' id='par_1_28' title="bbox 2291 1605 3861 1680">
     <span class='ocr_line' id='line_1_28' title="bbox 2291 1605 3861 1680; baseline -0.004 -15"><span class='ocrx_word' id='word_1_226' title='bbox 2291 1609 2445 1665; x_wconf 84' lang='lat' dir='ltr'><strong>sione</strong></span> <span class='ocrx_word' id='word_1_227' title='bbox 2466 1609 2661 1680; x_wconf 90' lang='lat' dir='ltr'><strong>legitur</strong></span> <span class='ocrx_word' id='word_1_228' title='bbox 2682 1615 2812 1662; x_wconf 89' lang='lat' dir='ltr'><strong>tom.</strong></span> <span class='ocrx_word' id='word_1_229' title='bbox 2835 1605 3151 1667; x_wconf 82' lang='lat' dir='ltr'><strong>Il,Auctarii</strong></span> <span class='ocrx_word' id='word_1_230' title='bbox 3180 1607 3558 1661; x_wconf 87' lang='lat' dir='ltr'><strong>Bibl.Patrum</strong></span> <span class='ocrx_word' id='word_1_231' title='bbox 3583 1605 3861 1668; x_wconf 66' lang='lat' dir='ltr'><strong>Ducaaani,</strong></span> 
     </span>
    </p>
   </div>
   <div class='ocr_carea' id='block_1_29' title="bbox 2292 1695 3856 1764">
    <p class='ocr_par' dir='ltr' id='par_1_29' title="bbox 2292 1695 3856 1764">
     <span class='ocr_line' id='line_1_29' title="bbox 2292 1695 3856 1764; baseline -0.002 -10"><span class='ocrx_word' id='word_1_232' title='bbox 2292 1698 2468 1755; x_wconf 88' lang='lat' dir='ltr'><strong>Paris.</strong></span> <span class='ocrx_word' id='word_1_233' title='bbox 2503 1699 2663 1764; x_wconf 75' lang='grc'>1624,</span> <span class='ocrx_word' id='word_1_234' title='bbox 2693 1705 2748 1754; x_wconf 90' lang='lat' dir='ltr'><strong>et</strong></span> <span class='ocrx_word' id='word_1_235' title='bbox 2776 1697 2831 1752; x_wconf 88' lang='lat' dir='ltr'><strong>in</strong></span> <span class='ocrx_word' id='word_1_236' title='bbox 2856 1697 3181 1752; x_wconf 74' lang='lat' dir='ltr'><strong>Bibliotheca</strong></span> <span class='ocrx_word' id='word_1_237' title='bbox 3208 1696 3459 1761; x_wconf 87' lang='lat' dir='ltr'><strong>Patrum,</strong></span> <span class='ocrx_word' id='word_1_238' title='bbox 3494 1696 3665 1752; x_wconf 86' lang='lat' dir='ltr'><strong>Paris.</strong></span> <span class='ocrx_word' id='word_1_239' title='bbox 3699 1695 3856 1757; x_wconf 66' lang='grc'>1654,</span> 
     </span>
    </p>
   </div>
   <div class='ocr_carea' id='block_1_30' title="bbox 623 1771 2197 1860">
    <p class='ocr_par' dir='ltr' id='par_1_30' title="bbox 623 1771 2195 1845">
     <span class='ocr_line' id='line_1_30' title="bbox 623 1771 2195 1845; baseline -0.004 -14"><span class='ocrx_word' id='word_1_240' title='bbox 623 1793 747 1832; x_wconf 81' lang='lat' dir='ltr'><strong>cum</strong></span> <span class='ocrx_word' id='word_1_241' title='bbox 795 1777 912 1830; x_wconf 89' lang='lat' dir='ltr'><strong>Zini</strong></span> <span class='ocrx_word' id='word_1_242' title='bbox 943 1775 1195 1830; x_wconf 86' lang='lat' dir='ltr'><strong>versione</strong></span> <span class='ocrx_word' id='word_1_243' title='bbox 1227 1775 1324 1845; x_wconf 79' lang='grc' dir='ltr'><strong>(ά).</strong></span> <span class='ocrx_word' id='word_1_244' title='bbox 1374 1773 1606 1844; x_wconf 88' lang='lat' dir='ltr'><strong>Incipit:</strong></span> <span class='ocrx_word' id='word_1_245' title='bbox 1659 1772 1716 1826; x_wconf 83' lang='grc' dir='ltr'>Ὀ</span> <span class='ocrx_word' id='word_1_246' title='bbox 1744 1773 1843 1842; x_wconf 81' lang='grc' dir='ltr'><strong>τῆς</strong></span> <span class='ocrx_word' id='word_1_247' title='bbox 1874 1771 2195 1842; x_wconf 79' lang='grc' dir='ltr'><strong>Ἐκκλησίας</strong></span> 
     </span>
    </p>
   </div>
   <div class='ocr_carea' id='block_1_31' title="bbox 2299 1771 3862 1860">
    <p class='ocr_par' dir='ltr' id='par_1_31' title="bbox 2299 1785 3862 1860">
     <span class='ocr_line' id='line_1_31' title="bbox 2299 1785 3862 1860; baseline -0.005 -14"><span class='ocrx_word' id='word_1_248' title='bbox 2299 1803 2426 1847; x_wconf 84' lang='lat' dir='ltr'><strong>tom.</strong></span> <span class='ocrx_word' id='word_1_249' title='bbox 2454 1790 2591 1854; x_wconf 84' lang='lat' dir='ltr'><strong>XIII,</strong></span> <span class='ocrx_word' id='word_1_250' title='bbox 2631 1806 2736 1847; x_wconf 90' lang='lat' dir='ltr'><strong>ms.</strong></span> <span class='ocrx_word' id='word_1_251' title='bbox 2769 1789 2954 1846; x_wconf 65' lang='lat' dir='ltr'><strong>Graece</strong></span> <span class='ocrx_word' id='word_1_252' title='bbox 2996 1801 3122 1860; x_wconf 91' lang='lat' dir='ltr'><strong>post</strong></span> <span class='ocrx_word' id='word_1_253' title='bbox 3148 1787 3536 1845; x_wconf 83' lang='lat' dir='ltr'><strong>Theodoritum</strong></span> <span class='ocrx_word' id='word_1_254' title='bbox 3573 1789 3628 1842; x_wconf 88' lang='lat' dir='ltr'><strong>in</strong></span> <span class='ocrx_word' id='word_1_255' title='bbox 3667 1785 3862 1842; x_wconf 87' lang='lat' dir='ltr'><strong>Canti-</strong></span> 
     </span>
    </p>
   </div>
   <div class='ocr_carea' id='block_1_32' title="bbox 622 1862 2191 1939">
    <p class='ocr_par' dir='ltr' id='par_1_32' title="bbox 622 1862 2191 1939">
     <span class='ocr_line' id='line_1_32' title="bbox 622 1862 2191 1939; baseline -0.004 -17"><span class='ocrx_word' id='word_1_256' title='bbox 622 1869 828 1939; x_wconf 75' lang='grc' dir='ltr'><strong>ταύτης</strong></span> <span class='ocrx_word' id='word_1_257' title='bbox 876 1867 1156 1939; x_wconf 82' lang='grc' dir='ltr'><strong>πρόεδρος.</strong></span> <span class='ocrx_word' id='word_1_258' title='bbox 1196 1865 1389 1920; x_wconf 77' lang='lat' dir='ltr'><strong>Latine</strong></span> <span class='ocrx_word' id='word_1_259' title='bbox 1427 1865 1538 1934; x_wconf 84' lang='lat' dir='ltr'><strong>jam</strong></span> <span class='ocrx_word' id='word_1_260' title='bbox 1589 1863 1692 1918; x_wconf 88' lang='lat' dir='ltr'><strong>I&#39;uit</strong></span> <span class='ocrx_word' id='word_1_261' title='bbox 1727 1878 1914 1934; x_wconf 89' lang='lat' dir='ltr'><strong>supra,</strong></span> <span class='ocrx_word' id='word_1_262' title='bbox 1960 1878 2046 1917; x_wconf 89' lang='lat' dir='ltr'><strong>nr.</strong></span> <span class='ocrx_word' id='word_1_263' title='bbox 2099 1862 2191 1930; x_wconf 73' lang='grc'><strong>24,</strong></span> 
     </span>
    </p>
   </div>
   <div class='ocr_carea' id='block_1_33' title="bbox 625 1954 2196 2024">
    <p class='ocr_par' dir='ltr' id='par_1_33' title="bbox 625 1954 2196 2024">
     <span class='ocr_line' id='line_1_33' title="bbox 625 1954 2196 2024; baseline -0.005 -11"><span class='ocrx_word' id='word_1_264' title='bbox 625 1957 835 2024; x_wconf 72' lang='lat' dir='ltr'><strong>Graece,</strong></span> <span class='ocrx_word' id='word_1_265' title='bbox 869 1958 1052 2012; x_wconf 84' lang='lat' dir='ltr'><strong>addita</strong></span> <span class='ocrx_word' id='word_1_266' title='bbox 1086 1955 1209 2011; x_wconf 85' lang='lat' dir='ltr'><strong>Zini</strong></span> <span class='ocrx_word' id='word_1_267' title='bbox 1248 1954 1719 2024; x_wconf 86' lang='lat' dir='ltr'><strong>interpretatione,</strong></span> <span class='ocrx_word' id='word_1_268' title='bbox 1750 1954 1960 2024; x_wconf 89' lang='lat' dir='ltr'><strong>primus</strong></span> <span class='ocrx_word' id='word_1_269' title='bbox 2006 1954 2196 2024; x_wconf 88' lang='lat' dir='ltr'><strong>vulga-</strong></span> 
     </span>
    </p>
   </div>
   <div class='ocr_carea' id='block_1_34' title="bbox 623 2042 2198 2116">
    <p class='ocr_par' dir='ltr' id='par_1_34' title="bbox 623 2042 2198 2116">
     <span class='ocr_line' id='line_1_34' title="bbox 623 2042 2198 2116; baseline -0.004 -11"><span class='ocrx_word' id='word_1_270' title='bbox 623 2053 704 2106; x_wconf 88' lang='lat' dir='ltr'><strong>vit</strong></span> <span class='ocrx_word' id='word_1_271' title='bbox 739 2050 1054 2114; x_wconf 87' lang='lat' dir='ltr'><strong>Gretserus,</strong></span> <span class='ocrx_word' id='word_1_272' title='bbox 1080 2064 1110 2104; x_wconf 91' lang='lat' dir='ltr'><strong>e</strong></span> <span class='ocrx_word' id='word_1_273' title='bbox 1141 2048 1336 2103; x_wconf 88' lang='lat' dir='ltr'><strong>codice</strong></span> <span class='ocrx_word' id='word_1_274' title='bbox 1371 2044 1641 2109; x_wconf 63' lang='lat' dir='ltr'><strong>Casareo,</strong></span> <span class='ocrx_word' id='word_1_275' title='bbox 1671 2046 1830 2116; x_wconf 83' lang='lat' dir='ltr'><strong>cujus</strong></span> <span class='ocrx_word' id='word_1_276' title='bbox 1865 2042 2198 2114; x_wconf 84' lang='lat' dir='ltr'><strong>Seb.‘l‘eng-</strong></span> 
     </span>
    </p>
   </div>
   <div class='ocr_carea' id='block_1_35' title="bbox 625 2136 2193 2214">
    <p class='ocr_par' dir='ltr' id='par_1_35' title="bbox 625 2136 2193 2214">
     <span class='ocr_line' id='line_1_35' title="bbox 625 2136 2193 2214; baseline -0.006 -15"><span class='ocrx_word' id='word_1_277' title='bbox 625 2144 875 2214; x_wconf 89' lang='lat' dir='ltr'><strong>nagelius</strong></span> <span class='ocrx_word' id='word_1_278' title='bbox 926 2143 1029 2212; x_wconf 90' lang='lat' dir='ltr'><strong>ipsi</strong></span> <span class='ocrx_word' id='word_1_279' title='bbox 1057 2141 1272 2211; x_wconf 86' lang='lat' dir='ltr'><strong>copiam</strong></span> <span class='ocrx_word' id='word_1_280' title='bbox 1302 2138 1450 2203; x_wconf 83' lang='lat' dir='ltr'><strong>fecit,</strong></span> <span class='ocrx_word' id='word_1_281' title='bbox 1506 2152 1558 2191; x_wconf 90' lang='lat' dir='ltr'><strong>a.</strong></span> <span class='ocrx_word' id='word_1_282' title='bbox 1605 2136 1763 2196; x_wconf 83' lang='lat' dir='ltr'><strong>I6I7,</strong></span> <span class='ocrx_word' id='word_1_283' title='bbox 1803 2136 2099 2209; x_wconf 85' lang='lat' dir='ltr'><strong>Ingolstad.</strong></span> <span class='ocrx_word' id='word_1_284' title='bbox 2137 2137 2193 2202; x_wconf 74' lang='grc'>4,</span> 
     </span>
    </p>
   </div>
   <div class='ocr_carea' id='block_1_36' title="bbox 627 2229 1914 2298">
    <p class='ocr_par' dir='ltr' id='par_1_36' title="bbox 627 2229 1914 2298">
     <span class='ocr_line' id='line_1_36' title="bbox 627 2229 1914 2298; baseline -0.006 -8"><span class='ocrx_word' id='word_1_285' title='bbox 627 2235 695 2290; x_wconf 90' lang='lat' dir='ltr'><strong>ad</strong></span> <span class='ocrx_word' id='word_1_286' title='bbox 730 2237 935 2290; x_wconf 89' lang='lat' dir='ltr'><strong>calcem</strong></span> <span class='ocrx_word' id='word_1_287' title='bbox 955 2232 1326 2298; x_wconf 68' lang='lat' dir='ltr'><strong>Quaestionum</strong></span> <span class='ocrx_word' id='word_1_288' title='bbox 1357 2229 1634 2286; x_wconf 80' lang='lat' dir='ltr'><strong>Anastasii</strong></span> <span class='ocrx_word' id='word_1_289' title='bbox 1666 2229 1914 2283; x_wconf 68' lang='lat' dir='ltr'><strong>Sinaitae.</strong></span> 
     </span>
    </p>
   </div>
   <div class='ocr_carea' id='block_1_37' title="bbox 697 2319 2194 2393">
    <p class='ocr_par' dir='ltr' id='par_1_37' title="bbox 697 2319 2194 2393">
     <span class='ocr_line' id='line_1_37' title="bbox 697 2319 2194 2393; baseline -0.006 -12"><span class='ocrx_word' id='word_1_290' title='bbox 697 2328 787 2381; x_wconf 91' lang='grc'><strong>75.</strong></span> <span class='ocrx_word' id='word_1_291' title='bbox 841 2325 904 2379; x_wconf 82' lang='grc' dir='ltr'><strong>1η</strong></span> <span class='ocrx_word' id='word_1_292' title='bbox 946 2324 1262 2393; x_wconf 82' lang='lat' dir='ltr'><strong>principium</strong></span> <span class='ocrx_word' id='word_1_293' title='bbox 1302 2319 2194 2392; x_wconf 70' lang='lat' dir='ltr'><strong>jejuniorum,Elcnapela&#39;é’aotr</strong></span> 
     </span>
    </p>
   </div>
   <div class='ocr_carea' id='block_1_38' title="bbox 627 2409 2200 2484">
    <p class='ocr_par' dir='ltr' id='par_1_38' title="bbox 627 2409 2200 2484">
     <span class='ocr_line' id='line_1_38' title="bbox 627 2409 2200 2484; baseline -0.003 -15"><span class='ocrx_word' id='word_1_294' title='bbox 627 2413 941 2484; x_wconf 77' lang='grc' dir='ltr'><strong>νηστειῶν,</strong></span> <span class='ocrx_word' id='word_1_295' title='bbox 957 2427 1080 2467; x_wconf 89' lang='lat' dir='ltr'><strong>cum</strong></span> <span class='ocrx_word' id='word_1_296' title='bbox 1111 2412 1366 2468; x_wconf 88' lang='lat' dir='ltr'><strong>versione</strong></span> <span class='ocrx_word' id='word_1_297' title='bbox 1393 2409 1509 2466; x_wconf 82' lang='lat' dir='ltr'><strong>Jac.</strong></span> <span class='ocrx_word' id='word_1_298' title='bbox 1557 2409 1822 2475; x_wconf 88' lang='lat' dir='ltr'><strong>Grelseri,</strong></span> <span class='ocrx_word' id='word_1_299' title='bbox 1861 2410 1954 2479; x_wconf 87' lang='lat' dir='ltr'><strong>qui</strong></span> <span class='ocrx_word' id='word_1_300' title='bbox 1991 2409 2200 2480; x_wconf 88' lang='lat' dir='ltr'><strong>primus</strong></span> 
     </span>
    </p>
   </div>
   <div class='ocr_carea' id='block_1_39' title="bbox 628 2500 2200 2576">
    <p class='ocr_par' dir='ltr' id='par_1_39' title="bbox 628 2500 2200 2576">
     <span class='ocr_line' id='line_1_39' title="bbox 628 2500 2200 2576; baseline -0.004 -14"><span class='ocrx_word' id='word_1_301' title='bbox 628 2515 860 2576; x_wconf 85' lang='lat' dir='ltr'><strong>utraque</strong></span> <span class='ocrx_word' id='word_1_302' title='bbox 897 2505 1079 2575; x_wconf 85' lang='lat' dir='ltr'><strong>lingua</strong></span> <span class='ocrx_word' id='word_1_303' title='bbox 1105 2503 1274 2559; x_wconf 91' lang='lat' dir='ltr'><strong>edidit</strong></span> <span class='ocrx_word' id='word_1_304' title='bbox 1305 2501 1601 2574; x_wconf 84' lang='lat' dir='ltr'><strong>Ingolstad.</strong></span> <span class='ocrx_word' id='word_1_305' title='bbox 1630 2501 1790 2565; x_wconf 90' lang='grc'>1517,</span> <span class='ocrx_word' id='word_1_306' title='bbox 1831 2504 1864 2558; x_wconf 80' lang='grc'><strong>4</strong></span> <span class='ocrx_word' id='word_1_307' title='bbox 1907 2500 2004 2574; x_wconf 89' lang='lat' dir='ltr'><strong>(e).</strong></span> <span class='ocrx_word' id='word_1_308' title='bbox 2055 2500 2200 2556; x_wconf 89' lang='lat' dir='ltr'><strong>Inci-</strong></span> 
     </span>
    </p>
   </div>
   <div class='ocr_carea' id='block_1_40' title="bbox 628 2591 2202 2669">
    <p class='ocr_par' dir='ltr' id='par_1_40' title="bbox 628 2591 2202 2669">
     <span class='ocr_line' id='line_1_40' title="bbox 628 2591 2202 2669; baseline -0.003 -17"><span class='ocrx_word' id='word_1_309' title='bbox 628 2599 741 2669; x_wconf 90' lang='lat' dir='ltr'><strong>pit:</strong></span> <span class='ocrx_word' id='word_1_310' title='bbox 771 2597 1027 2652; x_wconf 81' lang='grc' dir='ltr'><strong>Σύνθετον</strong></span> <span class='ocrx_word' id='word_1_311' title='bbox 1049 2595 1186 2659; x_wconf 81' lang='grc' dir='ltr'>ζῶον</span> <span class='ocrx_word' id='word_1_312' title='bbox 1207 2595 1236 2647; x_wconf 81' lang='grc' dir='ltr'><strong>ὁ</strong></span> <span class='ocrx_word' id='word_1_313' title='bbox 1259 2593 1562 2664; x_wconf 79' lang='grc' dir='ltr'><strong>ἄνθρωπος.</strong></span> <span class='ocrx_word' id='word_1_314' title='bbox 1591 2592 1715 2649; x_wconf 66' lang='lat' dir='ltr'><strong>Haec</strong></span> <span class='ocrx_word' id='word_1_315' title='bbox 1738 2591 1959 2648; x_wconf 89' lang='lat' dir='ltr'><strong>homilia</strong></span> <span class='ocrx_word' id='word_1_316' title='bbox 1987 2592 2202 2647; x_wconf 82' lang='lat' dir='ltr'><strong>Asterie</strong></span> 
     </span>
    </p>
   </div>
   <div class='ocr_carea' id='block_1_41' title="bbox 629 2683 2201 2754">
    <p class='ocr_par' dir='ltr' id='par_1_41' title="bbox 629 2683 2201 2754">
     <span class='ocr_line' id='line_1_41' title="bbox 629 2683 2201 2754; baseline -0.004 -12"><span class='ocrx_word' id='word_1_317' title='bbox 629 2690 902 2743; x_wconf 78' lang='lat' dir='ltr'><strong>Amaseno</strong></span> <span class='ocrx_word' id='word_1_318' title='bbox 944 2685 1207 2741; x_wconf 90' lang='lat' dir='ltr'><strong>tribuitur</strong></span> <span class='ocrx_word' id='word_1_319' title='bbox 1253 2699 1284 2738; x_wconf 88' lang='lat' dir='ltr'><strong>a</strong></span> <span class='ocrx_word' id='word_1_320' title='bbox 1322 2683 1535 2751; x_wconf 87' lang='lat' dir='ltr'><strong>Photio,</strong></span> <span class='ocrx_word' id='word_1_321' title='bbox 1583 2686 1675 2754; x_wconf 91' lang='lat' dir='ltr'><strong>qui</strong></span> <span class='ocrx_word' id='word_1_322' title='bbox 1734 2683 1980 2740; x_wconf 89' lang='lat' dir='ltr'><strong>nonnihil</strong></span> <span class='ocrx_word' id='word_1_323' title='bbox 2027 2697 2091 2738; x_wconf 89' lang='lat' dir='ltr'><strong>ex</strong></span> <span class='ocrx_word' id='word_1_324' title='bbox 2136 2697 2201 2738; x_wconf 88' lang='lat' dir='ltr'><strong>ea</strong></span> 
     </span>
    </p>
   </div>
   <div class='ocr_carea' id='block_1_42' title="bbox 627 2770 2182 2847">
    <p class='ocr_par' dir='ltr' id='par_1_42' title="bbox 627 2770 2182 2847">
     <span class='ocr_line' id='line_1_42' title="bbox 627 2770 2182 2847; baseline -0.005 -13"><span class='ocrx_word' id='word_1_325' title='bbox 627 2776 786 2834; x_wconf 76' lang='lat' dir='ltr'><strong>aﬂ’ert</strong></span> <span class='ocrx_word' id='word_1_326' title='bbox 813 2777 937 2832; x_wconf 91' lang='lat' dir='ltr'><strong>cod.</strong></span> <span class='ocrx_word' id='word_1_327' title='bbox 970 2774 1244 2831; x_wconf 78' lang='lat' dir='ltr'><strong>CCLXXI.</strong></span> <span class='ocrx_word' id='word_1_328' title='bbox 1283 2773 1362 2847; x_wconf 91' lang='lat' dir='ltr'><strong>[In</strong></span> <span class='ocrx_word' id='word_1_329' title='bbox 1406 2775 1528 2830; x_wconf 84' lang='lat' dir='ltr'><strong>cod.</strong></span> <span class='ocrx_word' id='word_1_330' title='bbox 1570 2773 1822 2828; x_wconf 88' lang='lat' dir='ltr'><strong>Laurent.</strong></span> <span class='ocrx_word' id='word_1_331' title='bbox 1857 2770 2048 2836; x_wconf 87' lang='lat' dir='ltr'><strong>XXVI,</strong></span> <span class='ocrx_word' id='word_1_332' title='bbox 2095 2789 2182 2826; x_wconf 92' lang='lat' dir='ltr'><strong>nr.</strong></span> 
     </span>
    </p>
   </div>
   <div class='ocr_carea' id='block_1_43' title="bbox 632 2864 2202 2938">
    <p class='ocr_par' dir='ltr' id='par_1_43' title="bbox 632 2864 2202 2938">
     <span class='ocr_line' id='line_1_43' title="bbox 632 2864 2202 2938; baseline -0.001 -16"><span class='ocrx_word' id='word_1_333' title='bbox 632 2868 728 2931; x_wconf 70' lang='lat' dir='ltr'><strong>It,</strong></span> <span class='ocrx_word' id='word_1_334' title='bbox 767 2868 906 2938; x_wconf 92' lang='lat' dir='ltr'><strong>plut.</strong></span> <span class='ocrx_word' id='word_1_335' title='bbox 942 2867 994 2920; x_wconf 89' lang='lat'><strong>7.</strong></span> <span class='ocrx_word' id='word_1_336' title='bbox 1029 2866 1095 2921; x_wconf 85' lang='lat' dir='ltr'><strong>V.</strong></span> <span class='ocrx_word' id='word_1_337' title='bbox 1130 2865 1362 2920; x_wconf 87' lang='lat' dir='ltr'><strong>Bandin.</strong></span> <span class='ocrx_word' id='word_1_338' title='bbox 1394 2864 1435 2929; x_wconf 92' lang='lat' dir='ltr'><strong>I,</strong></span> <span class='ocrx_word' id='word_1_339' title='bbox 1465 2882 1520 2937; x_wconf 89' lang='lat' dir='ltr'><strong>p.</strong></span> <span class='ocrx_word' id='word_1_340' title='bbox 1553 2865 1680 2931; x_wconf 85' lang='grc'>279,</span> <span class='ocrx_word' id='word_1_341' title='bbox 1712 2866 1767 2920; x_wconf 89' lang='lat' dir='ltr'><strong>in</strong></span> <span class='ocrx_word' id='word_1_342' title='bbox 1810 2865 1850 2920; x_wconf 92' lang='lat' dir='ltr'><strong>ll</strong></span> <span class='ocrx_word' id='word_1_343' title='bbox 1908 2865 2068 2920; x_wconf 87' lang='lat' dir='ltr'><strong>codd.</strong></span> <span class='ocrx_word' id='word_1_344' title='bbox 2097 2865 2202 2920; x_wconf 85' lang='lat' dir='ltr'><strong>Pa-</strong></span> 
     </span>
    </p>
   </div>
   <div class='ocr_carea' id='block_1_44' title="bbox 629 2953 1675 3026">
    <p class='ocr_par' dir='ltr' id='par_1_44' title="bbox 629 2953 1675 3026">
     <span class='ocr_line' id='line_1_44' title="bbox 629 2953 1675 3026; baseline -0.001 -16"><span class='ocrx_word' id='word_1_345' title='bbox 629 2956 821 3021; x_wconf 88' lang='lat' dir='ltr'><strong>ris.,in</strong></span> <span class='ocrx_word' id='word_1_346' title='bbox 846 2955 968 3012; x_wconf 93' lang='lat' dir='ltr'><strong>cod.</strong></span> <span class='ocrx_word' id='word_1_347' title='bbox 997 2954 1226 3011; x_wconf 84' lang='lat' dir='ltr'><strong>Taurin.</strong></span> <span class='ocrx_word' id='word_1_348' title='bbox 1254 2953 1440 3011; x_wconf 84' lang='lat' dir='ltr'><strong>LXXI.</strong></span> <span class='ocrx_word' id='word_1_349' title='bbox 1473 2954 1675 3026; x_wconf 75' lang='grc' dir='ltr'><strong>11Αιιι..]</strong></span> 
     </span>
    </p>
   </div>
   <div class='ocr_carea' id='block_1_45' title="bbox 704 3041 2190 3114">
    <p class='ocr_par' dir='ltr' id='par_1_45' title="bbox 704 3041 2190 3114">
     <span class='ocr_line' id='line_1_45' title="bbox 704 3041 2190 3114; baseline -0.003 -14"><span class='ocrx_word' id='word_1_350' title='bbox 704 3045 792 3101; x_wconf 68' lang='grc'><strong>71.</strong></span> <span class='ocrx_word' id='word_1_351' title='bbox 838 3045 1037 3102; x_wconf 84' lang='lat' dir='ltr'><strong>Contra</strong></span> <span class='ocrx_word' id='word_1_352' title='bbox 1075 3045 1413 3114; x_wconf 79' lang='lat' dir='ltr'><strong>fornicarios,</strong></span> <span class='ocrx_word' id='word_1_353' title='bbox 1469 3046 1582 3100; x_wconf 87' lang='lat' dir='ltr'><strong>sive</strong></span> <span class='ocrx_word' id='word_1_354' title='bbox 1630 3045 1684 3099; x_wconf 90' lang='lat' dir='ltr'><strong>in</strong></span> <span class='ocrx_word' id='word_1_355' title='bbox 1726 3043 1858 3098; x_wconf 83' lang='lat' dir='ltr'><strong>illud</strong></span> <span class='ocrx_word' id='word_1_356' title='bbox 1885 3042 2130 3113; x_wconf 80' lang='lat' dir='ltr'><strong>Apostoli</strong></span> <span class='ocrx_word' id='word_1_357' title='bbox 2171 3041 2190 3096; x_wconf 97' lang='lat' dir='ltr'><strong>I</strong></span> 
     </span>
    </p>
   </div>
   <div class='ocr_carea' id='block_1_46' title="bbox 2295 1880 3864 1952">
    <p class='ocr_par' dir='ltr' id='par_1_46' title="bbox 2295 1880 3864 1952">
     <span class='ocr_line' id='line_1_46' title="bbox 2295 1880 3864 1952; baseline -0.003 -15"><span class='ocrx_word' id='word_1_358' title='bbox 2295 1901 2412 1938; x_wconf 85' lang='lat' dir='ltr'><strong>cum</strong></span> <span class='ocrx_word' id='word_1_359' title='bbox 2473 1884 2801 1938; x_wconf 83' lang='lat' dir='ltr'><strong>canticorum</strong></span> <span class='ocrx_word' id='word_1_360' title='bbox 2866 1882 2920 1937; x_wconf 93' lang='lat' dir='ltr'><strong>in</strong></span> <span class='ocrx_word' id='word_1_361' title='bbox 2993 1882 3182 1937; x_wconf 87' lang='lat' dir='ltr'><strong>codice</strong></span> <span class='ocrx_word' id='word_1_362' title='bbox 3247 1881 3550 1952; x_wconf 75' lang='lat' dir='ltr'><strong>theologica</strong></span> <span class='ocrx_word' id='word_1_363' title='bbox 3609 1880 3864 1935; x_wconf 61' lang='lat' dir='ltr'><strong>Cresareo</strong></span> 
     </span>
    </p>
   </div>
   <div class='ocr_carea' id='block_1_47' title="bbox 2294 1967 3860 2029">
    <p class='ocr_par' dir='ltr' id='par_1_47' title="bbox 2294 1967 3860 2029">
     <span class='ocr_line' id='line_1_47' title="bbox 2294 1967 3860 2029; baseline -0.004 0"><span class='ocrx_word' id='word_1_364' title='bbox 2294 1971 2563 2029; x_wconf 83' lang='lat' dir='ltr'><strong>CCCXIV.</strong></span> <span class='ocrx_word' id='word_1_365' title='bbox 2622 1971 2790 2026; x_wconf 69' lang='lat' dir='ltr'><strong>ann.</strong></span> <span class='ocrx_word' id='word_1_366' title='bbox 2819 2001 2892 2012; x_wconf 90' lang='lat'>—</span> <span class='ocrx_word' id='word_1_367' title='bbox 2922 1969 3176 2026; x_wconf 82' lang='lat' dir='ltr'><strong>Monach.</strong></span> <span class='ocrx_word' id='word_1_368' title='bbox 3232 1971 3289 2026; x_wconf 88' lang='lat' dir='ltr'><strong>in</strong></span> <span class='ocrx_word' id='word_1_369' title='bbox 3340 1970 3463 2026; x_wconf 91' lang='lat' dir='ltr'><strong>cod.</strong></span> <span class='ocrx_word' id='word_1_370' title='bbox 3513 1968 3747 2024; x_wconf 81' lang='lat' dir='ltr'><strong>XXXIX.</strong></span> <span class='ocrx_word' id='word_1_371' title='bbox 3788 1967 3860 2023; x_wconf 82' lang='lat' dir='ltr'><strong>V.</strong></span> 
     </span>
    </p>
   </div>
   <div class='ocr_carea' id='block_1_48' title="bbox 2294 2060 3862 2132">
    <p class='ocr_par' dir='ltr' id='par_1_48' title="bbox 2294 2060 3862 2132">
     <span class='ocr_line' id='line_1_48' title="bbox 2294 2060 3862 2132; baseline -0.002 -15"><span class='ocrx_word' id='word_1_372' title='bbox 2294 2074 2399 2117; x_wconf 90' lang='lat' dir='ltr'><strong>cat.</strong></span> <span class='ocrx_word' id='word_1_373' title='bbox 2437 2062 2532 2117; x_wconf 90' lang='lat' dir='ltr'><strong>Gr.</strong></span> <span class='ocrx_word' id='word_1_374' title='bbox 2577 2061 2741 2118; x_wconf 87' lang='lat' dir='ltr'><strong>codd.</strong></span> <span class='ocrx_word' id='word_1_375' title='bbox 2793 2061 2986 2117; x_wconf 84' lang='lat' dir='ltr'><strong>Bavar.</strong></span> <span class='ocrx_word' id='word_1_376' title='bbox 3036 2078 3091 2132; x_wconf 92' lang='lat' dir='ltr'><strong>p.</strong></span> <span class='ocrx_word' id='word_1_377' title='bbox 3134 2062 3224 2118; x_wconf 87' lang='grc'><strong>10.</strong></span> <span class='ocrx_word' id='word_1_378' title='bbox 3250 2094 3318 2106; x_wconf 89' lang='grc'><strong><em>-</em></strong></span> <span class='ocrx_word' id='word_1_379' title='bbox 3346 2062 3505 2118; x_wconf 83' lang='lat' dir='ltr'><strong>Conl.</strong></span> <span class='ocrx_word' id='word_1_380' title='bbox 3561 2062 3680 2117; x_wconf 89' lang='lat' dir='ltr'><strong>cod.</strong></span> <span class='ocrx_word' id='word_1_381' title='bbox 3722 2060 3862 2125; x_wconf 87' lang='lat' dir='ltr'><strong>LVI,</strong></span> 
     </span>
    </p>
   </div>
   <div class='ocr_carea' id='block_1_49' title="bbox 2295 2151 3866 2224">
    <p class='ocr_par' dir='ltr' id='par_1_49' title="bbox 2295 2151 3866 2224">
     <span class='ocr_line' id='line_1_49' title="bbox 2295 2151 3866 2224; baseline 0 -15"><span class='ocrx_word' id='word_1_382' title='bbox 2295 2154 2495 2209; x_wconf 61' lang='lat' dir='ltr'><strong>Caesar.</strong></span> <span class='ocrx_word' id='word_1_383' title='bbox 2549 2161 2603 2208; x_wconf 90' lang='lat' dir='ltr'><strong>et</strong></span> <span class='ocrx_word' id='word_1_384' title='bbox 2631 2153 2698 2209; x_wconf 92' lang='lat' dir='ltr'><strong>de</strong></span> <span class='ocrx_word' id='word_1_385' title='bbox 2738 2153 2832 2208; x_wconf 93' lang='lat' dir='ltr'><strong>illo</strong></span> <span class='ocrx_word' id='word_1_386' title='bbox 2873 2151 3128 2209; x_wconf 87' lang='lat' dir='ltr'><strong>Lambec.</strong></span> <span class='ocrx_word' id='word_1_387' title='bbox 3163 2168 3364 2209; x_wconf 88' lang='lat' dir='ltr'><strong>comm.</strong></span> <span class='ocrx_word' id='word_1_388' title='bbox 3416 2153 3505 2217; x_wconf 92' lang='lat' dir='ltr'><strong>III,</strong></span> <span class='ocrx_word' id='word_1_389' title='bbox 3557 2169 3608 2224; x_wconf 87' lang='lat' dir='ltr'><strong>p.</strong></span> <span class='ocrx_word' id='word_1_390' title='bbox 3639 2154 3764 2215; x_wconf 87' lang='grc'>212,</span> <span class='ocrx_word' id='word_1_391' title='bbox 3797 2162 3866 2209; x_wconf 86' lang='lat' dir='ltr'><strong>ac</strong></span> 
     </span>
    </p>
   </div>
   <div class='ocr_carea' id='block_1_50' title="bbox 2295 2246 3863 2318">
    <p class='ocr_par' dir='ltr' id='par_1_50' title="bbox 2295 2246 3863 2318">
     <span class='ocr_line' id='line_1_50' title="bbox 2295 2246 3863 2318; baseline -0.001 -17"><span class='ocrx_word' id='word_1_392' title='bbox 2295 2247 2350 2301; x_wconf 91' lang='lat' dir='ltr'><strong>in</strong></span> <span class='ocrx_word' id='word_1_393' title='bbox 2389 2247 2492 2301; x_wconf 92' lang='lat' dir='ltr'><strong>hoc</strong></span> <span class='ocrx_word' id='word_1_394' title='bbox 2535 2247 2643 2302; x_wconf 91' lang='lat' dir='ltr'><strong>vol.</strong></span> <span class='ocrx_word' id='word_1_395' title='bbox 2692 2262 2747 2317; x_wconf 91' lang='lat' dir='ltr'><strong>p.</strong></span> <span class='ocrx_word' id='word_1_396' title='bbox 2785 2247 2892 2302; x_wconf 89' lang='grc'><strong>285</strong></span> <span class='ocrx_word' id='word_1_397' title='bbox 2929 2262 3013 2318; x_wconf 87' lang='lat' dir='ltr'><strong>sq.</strong></span> <span class='ocrx_word' id='word_1_398' title='bbox 3062 2262 3148 2302; x_wconf 89' lang='lat' dir='ltr'><strong>nr.</strong></span> <span class='ocrx_word' id='word_1_399' title='bbox 3181 2247 3236 2312; x_wconf 85' lang='lat'><strong>5,</strong></span> <span class='ocrx_word' id='word_1_400' title='bbox 3267 2263 3332 2302; x_wconf 88' lang='lat' dir='ltr'><strong>ac</strong></span> <span class='ocrx_word' id='word_1_401' title='bbox 3356 2262 3477 2318; x_wconf 89' lang='lat' dir='ltr'><strong>pag.</strong></span> <span class='ocrx_word' id='word_1_402' title='bbox 3512 2246 3581 2303; x_wconf 88' lang='lat'><strong><em>96</em></strong></span> <span class='ocrx_word' id='word_1_403' title='bbox 3637 2247 3739 2304; x_wconf 89' lang='lat' dir='ltr'><strong>sub</strong></span> <span class='ocrx_word' id='word_1_404' title='bbox 3764 2248 3863 2300; x_wconf 81' lang='lat' dir='ltr'><strong>lin‘.</strong></span> 
     </span>
    </p>
   </div>
   <div class='ocr_carea' id='block_1_51' title="bbox 2298 2338 2471 2394">
    <p class='ocr_par' dir='ltr' id='par_1_51' title="bbox 2298 2338 2471 2394">
     <span class='ocr_line' id='line_1_51' title="bbox 2298 2338 2471 2394; baseline -0.012 0"><span class='ocrx_word' id='word_1_405' title='bbox 2298 2338 2471 2394; x_wconf 71' lang='grc' dir='ltr'>ΒΑΜ..</span> 
     </span>
    </p>
   </div>
   <div class='ocr_carea' id='block_1_52' title="bbox 2369 2469 3866 2542">
    <p class='ocr_par' dir='ltr' id='par_1_52' title="bbox 2369 2469 3866 2542">
     <span class='ocr_line' id='line_1_52' title="bbox 2369 2469 3866 2542; baseline 0 -19"><span class='ocrx_word' id='word_1_406' title='bbox 2369 2471 2455 2527; x_wconf 90' lang='lat'><strong>77.</strong></span> <span class='ocrx_word' id='word_1_407' title='bbox 2501 2469 2741 2539; x_wconf 86' lang='lat' dir='ltr'><strong>Epistola</strong></span> <span class='ocrx_word' id='word_1_408' title='bbox 2766 2470 2834 2524; x_wconf 87' lang='lat' dir='ltr'><strong>ad</strong></span> <span class='ocrx_word' id='word_1_409' title='bbox 2855 2469 3167 2542; x_wconf 81' lang='lat' dir='ltr'><strong>angrium,</strong></span> <span class='ocrx_word' id='word_1_410' title='bbox 3199 2470 3533 2535; x_wconf 82' lang='lat' dir='ltr'><strong>monachum,</strong></span> <span class='ocrx_word' id='word_1_411' title='bbox 3568 2469 3698 2523; x_wconf 87' lang='lat' dir='ltr'><strong>latet</strong></span> <span class='ocrx_word' id='word_1_412' title='bbox 3720 2470 3866 2526; x_wconf 88' lang='lat' dir='ltr'><strong>inter</strong></span> 
     </span>
    </p>
   </div>
   <div class='ocr_carea' id='block_1_53' title="bbox 2296 2561 3862 2636">
    <p class='ocr_par' dir='ltr' id='par_1_53' title="bbox 2296 2561 3862 2636">
     <span class='ocr_line' id='line_1_53' title="bbox 2296 2561 3862 2636; baseline -0.001 -17"><span class='ocrx_word' id='word_1_413' title='bbox 2296 2563 2577 2619; x_wconf 88' lang='lat' dir='ltr'><strong>orationes</strong></span> <span class='ocrx_word' id='word_1_414' title='bbox 2626 2561 2976 2631; x_wconf 82' lang='lat' dir='ltr'><strong>Nazianzeni,</strong></span> <span class='ocrx_word' id='word_1_415' title='bbox 3027 2580 3256 2620; x_wconf 89' lang='lat' dir='ltr'><strong>numero</strong></span> <span class='ocrx_word' id='word_1_416' title='bbox 3289 2563 3448 2631; x_wconf 88' lang='lat' dir='ltr'><strong>XLV,</strong></span> <span class='ocrx_word' id='word_1_417' title='bbox 3495 2564 3588 2621; x_wconf 88' lang='lat' dir='ltr'><strong>sed</strong></span> <span class='ocrx_word' id='word_1_418' title='bbox 3625 2563 3862 2636; x_wconf 81' lang='lat' dir='ltr'><strong>Nysseni</strong></span> 
     </span>
    </p>
   </div>
   <div class='ocr_carea' id='block_1_54' title="bbox 2296 2655 3865 2726">
    <p class='ocr_par' dir='ltr' id='par_1_54' title="bbox 2296 2655 3865 2726">
     <span class='ocr_line' id='line_1_54' title="bbox 2296 2655 3865 2726; baseline -0.002 -14"><span class='ocrx_word' id='word_1_419' title='bbox 2296 2671 2420 2712; x_wconf 91' lang='lat' dir='ltr'><strong>esse</strong></span> <span class='ocrx_word' id='word_1_420' title='bbox 2445 2656 2683 2720; x_wconf 85' lang='lat' dir='ltr'><strong>videtur,</strong></span> <span class='ocrx_word' id='word_1_421' title='bbox 2716 2657 2976 2724; x_wconf 90' lang='lat' dir='ltr'><strong>quoniam</strong></span> <span class='ocrx_word' id='word_1_422' title='bbox 3012 2657 3065 2709; x_wconf 92' lang='lat' dir='ltr'><strong>in</strong></span> <span class='ocrx_word' id='word_1_423' title='bbox 3095 2670 3162 2712; x_wconf 87' lang='lat' dir='ltr'><strong>ea</strong></span> <span class='ocrx_word' id='word_1_424' title='bbox 3191 2655 3466 2726; x_wconf 90' lang='lat' dir='ltr'><strong>leguntur,</strong></span> <span class='ocrx_word' id='word_1_425' title='bbox 3500 2671 3623 2726; x_wconf 77' lang='lat' dir='ltr'><strong>qua:</strong></span> <span class='ocrx_word' id='word_1_426' title='bbox 3655 2655 3865 2726; x_wconf 55' lang='grc' dir='ltr'><strong>Ειιιιιθνά</strong></span> 
     </span>
    </p>
   </div>
   <div class='ocr_carea' id='block_1_55' title="bbox 2298 2747 3865 2820">
    <p class='ocr_par' dir='ltr' id='par_1_55' title="bbox 2298 2747 3865 2820">
     <span class='ocr_line' id='line_1_55' title="bbox 2298 2747 3865 2820; baseline -0.003 -16"><span class='ocrx_word' id='word_1_427' title='bbox 2298 2751 2442 2805; x_wconf 83' lang='lat' dir='ltr'><strong>iuius</strong></span> <span class='ocrx_word' id='word_1_428' title='bbox 2471 2750 2524 2804; x_wconf 89' lang='lat' dir='ltr'><strong>iu</strong></span> <span class='ocrx_word' id='word_1_429' title='bbox 2557 2747 2821 2817; x_wconf 87' lang='lat' dir='ltr'><strong>Panoplia</strong></span> <span class='ocrx_word' id='word_1_430' title='bbox 2852 2748 3009 2804; x_wconf 89' lang='lat' dir='ltr'><strong>all&#39;ert</strong></span> <span class='ocrx_word' id='word_1_431' title='bbox 3043 2764 3108 2804; x_wconf 87' lang='lat' dir='ltr'><strong>ex</strong></span> <span class='ocrx_word' id='word_1_432' title='bbox 3142 2747 3390 2819; x_wconf 83' lang='lat' dir='ltr'><strong>Nysseuo</strong></span> <span class='ocrx_word' id='word_1_433' title='bbox 3417 2748 3552 2820; x_wconf 76' lang='grc' dir='ltr'>πρὸς</span> <span class='ocrx_word' id='word_1_434' title='bbox 3597 2749 3865 2819; x_wconf 77' lang='grc' dir='ltr'><strong>Εὑάγριον</strong></span> 
     </span>
    </p>
   </div>
   <div class='ocr_carea' id='block_1_56' title="bbox 2301 2839 3864 2913">
    <p class='ocr_par' dir='ltr' id='par_1_56' title="bbox 2301 2839 3864 2913">
     <span class='ocr_line' id='line_1_56' title="bbox 2301 2839 3864 2913; baseline -0.002 -18"><span class='ocrx_word' id='word_1_435' title='bbox 2301 2842 2530 2913; x_wconf 76' lang='grc' dir='ltr'>μόναχον</span> <span class='ocrx_word' id='word_1_436' title='bbox 2551 2841 2680 2912; x_wconf 79' lang='grc' dir='ltr'>περὶ</span> <span class='ocrx_word' id='word_1_437' title='bbox 2702 2841 2984 2912; x_wconf 85' lang='grc' dir='ltr'><strong>Θεότητος,</strong></span> <span class='ocrx_word' id='word_1_438' title='bbox 3015 2849 3070 2896; x_wconf 88' lang='lat' dir='ltr'><strong>et</strong></span> <span class='ocrx_word' id='word_1_439' title='bbox 3095 2841 3198 2896; x_wconf 86' lang='lat' dir='ltr'><strong>sub</strong></span> <span class='ocrx_word' id='word_1_440' title='bbox 3228 2840 3332 2895; x_wconf 88' lang='lat' dir='ltr'><strong>hoc</strong></span> <span class='ocrx_word' id='word_1_441' title='bbox 3356 2839 3516 2894; x_wconf 80' lang='lat' dir='ltr'><strong>titulo</strong></span> <span class='ocrx_word' id='word_1_442' title='bbox 3543 2839 3783 2896; x_wconf 89' lang='lat' dir='ltr'><strong>occurrit</strong></span> <span class='ocrx_word' id='word_1_443' title='bbox 3805 2841 3864 2893; x_wconf 85' lang='lat' dir='ltr'><strong>in</strong></span> 
     </span>
    </p>
   </div>
   <div class='ocr_carea' id='block_1_57' title="bbox 2297 2930 3864 3002">
    <p class='ocr_par' dir='ltr' id='par_1_57' title="bbox 2297 2930 3864 3002">
     <span class='ocr_line' id='line_1_57' title="bbox 2297 2930 3864 3002; baseline -0.003 -14"><span class='ocrx_word' id='word_1_444' title='bbox 2297 2933 2465 2988; x_wconf 83' lang='lat' dir='ltr'><strong>variis</strong></span> <span class='ocrx_word' id='word_1_445' title='bbox 2520 2931 2681 2989; x_wconf 86' lang='lat' dir='ltr'><strong>codd.</strong></span> <span class='ocrx_word' id='word_1_446' title='bbox 2727 2948 2864 2988; x_wconf 88' lang='lat' dir='ltr'><strong>mss.</strong></span> <span class='ocrx_word' id='word_1_447' title='bbox 2915 2940 2976 2988; x_wconf 92' lang='lat' dir='ltr'><strong>ut</strong></span> <span class='ocrx_word' id='word_1_448' title='bbox 3022 2931 3272 2988; x_wconf 68' lang='lat' dir='ltr'><strong>Caesareo</strong></span> <span class='ocrx_word' id='word_1_449' title='bbox 3329 2931 3517 2986; x_wconf 68' lang='lat' dir='ltr'><strong>Graeco</strong></span> <span class='ocrx_word' id='word_1_450' title='bbox 3555 2930 3864 3002; x_wconf 74' lang='lat' dir='ltr'><strong>theologica</strong></span> 
     </span>
    </p>
   </div>
   <div class='ocr_carea' id='block_1_58' title="bbox 2301 3021 3862 3097">
    <p class='ocr_par' dir='ltr' id='par_1_58' title="bbox 2301 3021 3862 3097">
     <span class='ocr_line' id='line_1_58' title="bbox 2301 3021 3862 3097; baseline -0.004 -17"><span class='ocrx_word' id='word_1_451' title='bbox 2301 3025 2440 3082; x_wconf 85' lang='lat' dir='ltr'><strong>XLII</strong></span> <span class='ocrx_word' id='word_1_452' title='bbox 2471 3027 2566 3097; x_wconf 83' lang='lat' dir='ltr'><strong>(g).</strong></span> <span class='ocrx_word' id='word_1_453' title='bbox 2616 3025 2822 3082; x_wconf 80' lang='lat' dir='ltr'><strong>Confer</strong></span> <span class='ocrx_word' id='word_1_454' title='bbox 2864 3040 2986 3095; x_wconf 82' lang='lat' dir='ltr'><strong>quae</strong></span> <span class='ocrx_word' id='word_1_455' title='bbox 3029 3039 3196 3094; x_wconf 89' lang='lat' dir='ltr'><strong>supra</strong></span> <span class='ocrx_word' id='word_1_456' title='bbox 3240 3023 3295 3078; x_wconf 90' lang='lat' dir='ltr'><strong>in</strong></span> <span class='ocrx_word' id='word_1_457' title='bbox 3334 3021 3677 3077; x_wconf 82' lang='lat' dir='ltr'><strong>Nazianzeno</strong></span> <span class='ocrx_word' id='word_1_458' title='bbox 3727 3021 3862 3075; x_wconf 79' lang='lat' dir='ltr'><strong>dixi.</strong></span> 
     </span>
    </p>
   </div>
   <div class='ocr_carea' id='block_1_59' title="bbox 629 3098 3870 3206">
    <p class='ocr_par' dir='ltr' id='par_1_59' title="bbox 629 3098 3870 3206">
     <span class='ocr_line' id='line_1_59' title="bbox 629 3098 3870 3206; baseline -0.008 -13"><span class='ocrx_word' id='word_1_459' title='bbox 629 3098 983 3202; x_wconf 19' lang='lat' dir='ltr'><strong>CorIVvIXIB,</strong></span> <span class='ocrx_word' id='word_1_460' title='bbox 1008 3098 1110 3203; x_wconf 66' lang='lat' dir='ltr'><strong>Qui</strong></span> <span class='ocrx_word' id='word_1_461' title='bbox 1141 3098 1535 3205; x_wconf 61' lang='lat' dir='ltr'><strong>fornicatur,</strong></span> <span class='ocrx_word' id='word_1_462' title='bbox 1563 3098 1834 3206; x_wconf 78' lang='lat' dir='ltr'><strong>proprium</strong></span> <span class='ocrx_word' id='word_1_463' title='bbox 1861 3098 2049 3203; x_wconf 57' lang='lat' dir='ltr'><strong>corpus</strong></span> <span class='ocrx_word' id='word_1_464' title='bbox 2079 3150 2197 3204; x_wconf 63' lang='lat' dir='ltr'><strong>pec-</strong></span> <span class='ocrx_word' id='word_1_465' title='bbox 2222 3118 2265 3177; x_wconf 88' lang='lat' dir='ltr'><strong>C</strong></span> <span class='ocrx_word' id='word_1_466' title='bbox 2295 3118 2441 3174; x_wconf 89' lang='lat' dir='ltr'><strong>Idem</strong></span> <span class='ocrx_word' id='word_1_467' title='bbox 2481 3119 2762 3190; x_wconf 87' lang='lat' dir='ltr'><strong>Evagrius,</strong></span> <span class='ocrx_word' id='word_1_468' title='bbox 2805 3134 2926 3188; x_wconf 78' lang='lat' dir='ltr'><strong>qua:</strong></span> <span class='ocrx_word' id='word_1_469' title='bbox 2953 3133 2982 3172; x_wconf 90' lang='lat' dir='ltr'><strong>a</strong></span> <span class='ocrx_word' id='word_1_470' title='bbox 3007 3116 3270 3188; x_wconf 87' lang='lat' dir='ltr'><strong>Gregorio</strong></span> <span class='ocrx_word' id='word_1_471' title='bbox 3300 3115 3369 3172; x_wconf 83' lang='lat' dir='ltr'><strong>de</strong></span> <span class='ocrx_word' id='word_1_472' title='bbox 3389 3123 3626 3187; x_wconf 87' lang='lat' dir='ltr'><strong>quatuor</strong></span> <span class='ocrx_word' id='word_1_473' title='bbox 3655 3098 3870 3168; x_wconf 80' lang='lat' dir='ltr'><strong>virtuti-</strong></span> 
     </span>
    </p>
   </div>
   <div class='ocr_carea' id='block_1_60' title="bbox 629 3229 2199 3302">
    <p class='ocr_par' dir='ltr' id='par_1_60' title="bbox 629 3229 2199 3302">
     <span class='ocr_line' id='line_1_60' title="bbox 629 3229 2199 3302; baseline -0.003 -16"><span class='ocrx_word' id='word_1_474' title='bbox 629 3238 719 3286; x_wconf 73' lang='grc' dir='ltr'><strong>σαι</strong></span> <span class='ocrx_word' id='word_1_475' title='bbox 745 3230 836 3302; x_wconf 61' lang='grc' dir='ltr'><strong>α),</strong></span> <span class='ocrx_word' id='word_1_476' title='bbox 860 3246 986 3286; x_wconf 90' lang='lat' dir='ltr'><strong>cum</strong></span> <span class='ocrx_word' id='word_1_477' title='bbox 1025 3231 1276 3287; x_wconf 84' lang='lat' dir='ltr'><strong>versione</strong></span> <span class='ocrx_word' id='word_1_478' title='bbox 1296 3230 1548 3286; x_wconf 87' lang='lat' dir='ltr'><strong>Genliani</strong></span> <span class='ocrx_word' id='word_1_479' title='bbox 1585 3229 1822 3286; x_wconf 80' lang='lat' dir='ltr'><strong>Herveti.</strong></span> <span class='ocrx_word' id='word_1_480' title='bbox 1845 3229 2038 3300; x_wconf 90' lang='lat' dir='ltr'><strong>Incipit</strong></span> <span class='ocrx_word' id='word_1_481' title='bbox 2063 3248 2078 3284; x_wconf 95' lang='lat'><strong>:</strong></span> <span class='ocrx_word' id='word_1_482' title='bbox 2099 3230 2199 3282; x_wconf 77' lang='grc' dir='ltr'><strong>Φο·</strong></span> 
     </span>
    </p>
   </div>
   <div class='ocr_carea' id='block_1_61' title="bbox 632 3319 2200 3395">
    <p class='ocr_par' dir='ltr' id='par_1_61' title="bbox 632 3319 2200 3395">
     <span class='ocr_line' id='line_1_61' title="bbox 632 3319 2200 3395; baseline 0 -20"><span class='ocrx_word' id='word_1_483' title='bbox 632 3321 768 3395; x_wconf 77' lang='grc' dir='ltr'><strong>σερὰ</strong></span> <span class='ocrx_word' id='word_1_484' title='bbox 794 3323 892 3393; x_wconf 77' lang='grc' dir='ltr'><strong>τῆς</strong></span> <span class='ocrx_word' id='word_1_485' title='bbox 928 3321 1287 3394; x_wconf 81' lang='grc' dir='ltr'><strong>ἀποστολικῆς</strong></span> <span class='ocrx_word' id='word_1_486' title='bbox 1319 3321 1692 3393; x_wconf 80' lang='grc' dir='ltr'><strong>παραγγελίας</strong></span> <span class='ocrx_word' id='word_1_487' title='bbox 1735 3323 1770 3391; x_wconf 78' lang='grc' dir='ltr'>ἡ</span> <span class='ocrx_word' id='word_1_488' title='bbox 1811 3319 2063 3389; x_wconf 80' lang='grc' dir='ltr'><strong>σάλπιγξ.</strong></span> <span class='ocrx_word' id='word_1_489' title='bbox 2098 3320 2200 3375; x_wconf 83' lang='lat' dir='ltr'><strong>La-</strong></span> 
     </span>
    </p>
   </div>
   <div class='ocr_carea' id='block_1_62' title="bbox 632 3411 2200 3483">
    <p class='ocr_par' dir='ltr' id='par_1_62' title="bbox 632 3411 2200 3483">
     <span class='ocr_line' id='line_1_62' title="bbox 632 3411 2200 3483; baseline -0.001 -15"><span class='ocrx_word' id='word_1_490' title='bbox 632 3415 748 3469; x_wconf 90' lang='lat' dir='ltr'><strong>tine</strong></span> <span class='ocrx_word' id='word_1_491' title='bbox 785 3413 896 3483; x_wconf 86' lang='lat' dir='ltr'><strong>jam</strong></span> <span class='ocrx_word' id='word_1_492' title='bbox 919 3413 1019 3467; x_wconf 80' lang='lat' dir='ltr'><strong>fuit</strong></span> <span class='ocrx_word' id='word_1_493' title='bbox 1046 3427 1209 3483; x_wconf 90' lang='lat' dir='ltr'><strong>supra</strong></span> <span class='ocrx_word' id='word_1_494' title='bbox 1244 3428 1328 3466; x_wconf 91' lang='lat' dir='ltr'><strong>nr.</strong></span> <span class='ocrx_word' id='word_1_495' title='bbox 1350 3412 1440 3467; x_wconf 85' lang='grc'><strong>22.</strong></span> <span class='ocrx_word' id='word_1_496' title='bbox 1471 3411 1656 3467; x_wconf 64' lang='lat' dir='ltr'><strong>Graece</strong></span> <span class='ocrx_word' id='word_1_497' title='bbox 1683 3412 1891 3482; x_wconf 87' lang='lat' dir='ltr'><strong>primus</strong></span> <span class='ocrx_word' id='word_1_498' title='bbox 1914 3427 2034 3467; x_wconf 92' lang='lat' dir='ltr'><strong>cum</strong></span> <span class='ocrx_word' id='word_1_499' title='bbox 2066 3411 2200 3467; x_wconf 86' lang='lat' dir='ltr'><strong>Iler-</strong></span> 
     </span>
    </p>
   </div>
   <div class='ocr_carea' id='block_1_63' title="bbox 631 3501 2197 3574">
    <p class='ocr_par' dir='ltr' id='par_1_63' title="bbox 631 3501 2197 3574">
     <span class='ocr_line' id='line_1_63' title="bbox 631 3501 2197 3574; baseline 0.002 -18"><span class='ocrx_word' id='word_1_500' title='bbox 631 3502 744 3558; x_wconf 84' lang='lat' dir='ltr'><strong>veti</strong></span> <span class='ocrx_word' id='word_1_501' title='bbox 804 3503 1058 3559; x_wconf 82' lang='lat' dir='ltr'><strong>versione</strong></span> <span class='ocrx_word' id='word_1_502' title='bbox 1085 3502 1260 3558; x_wconf 86' lang='lat' dir='ltr'><strong>edidit</strong></span> <span class='ocrx_word' id='word_1_503' title='bbox 1289 3501 1603 3559; x_wconf 88' lang='lat' dir='ltr'><strong>Gretserus.</strong></span> <span class='ocrx_word' id='word_1_504' title='bbox 1632 3502 1927 3574; x_wconf 84' lang='lat' dir='ltr'><strong>Ingolstad.</strong></span> <span class='ocrx_word' id='word_1_505' title='bbox 1963 3503 2120 3570; x_wconf 82' lang='lat' dir='ltr'><strong>I617,</strong></span> <span class='ocrx_word' id='word_1_506' title='bbox 2141 3504 2197 3560; x_wconf 74' lang='grc'>4.</span> 
     </span>
    </p>
   </div>
   <div class='ocr_carea' id='block_1_64' title="bbox 634 3592 2197 3665">
    <p class='ocr_par' dir='ltr' id='par_1_64' title="bbox 634 3592 2197 3665">
     <span class='ocr_line' id='line_1_64' title="bbox 634 3592 2197 3665; baseline 0.001 -18"><span class='ocrx_word' id='word_1_507' title='bbox 634 3592 913 3648; x_wconf 89' lang='lat' dir='ltr'><strong>Lacunam</strong></span> <span class='ocrx_word' id='word_1_508' title='bbox 940 3608 1004 3649; x_wconf 85' lang='lat' dir='ltr'><strong>ex</strong></span> <span class='ocrx_word' id='word_1_509' title='bbox 1027 3593 1216 3649; x_wconf 87' lang='lat' dir='ltr'><strong>codice</strong></span> <span class='ocrx_word' id='word_1_510' title='bbox 1233 3593 1424 3649; x_wconf 65' lang='lat' dir='ltr'><strong>Graeco</strong></span> <span class='ocrx_word' id='word_1_511' title='bbox 1446 3593 1710 3649; x_wconf 87' lang='lat' dir='ltr'><strong>Vaticano</strong></span> <span class='ocrx_word' id='word_1_512' title='bbox 1731 3595 2004 3665; x_wconf 86' lang='lat' dir='ltr'><strong>supplevit</strong></span> <span class='ocrx_word' id='word_1_513' title='bbox 2035 3593 2197 3649; x_wconf 90' lang='lat' dir='ltr'><strong>Laur.</strong></span> 
     </span>
    </p>
   </div>
   <div class='ocr_carea' id='block_1_65' title="bbox 634 3685 2199 3755">
    <p class='ocr_par' dir='ltr' id='par_1_65' title="bbox 634 3685 2199 3755">
     <span class='ocr_line' id='line_1_65' title="bbox 634 3685 2199 3755; baseline 0.001 -16"><span class='ocrx_word' id='word_1_514' title='bbox 634 3685 992 3755; x_wconf 82' lang='lat' dir='ltr'><strong>Zaccagnius,</strong></span> <span class='ocrx_word' id='word_1_515' title='bbox 1034 3685 1088 3740; x_wconf 92' lang='lat' dir='ltr'><strong>iu</strong></span> <span class='ocrx_word' id='word_1_516' title='bbox 1149 3685 1494 3740; x_wconf 85' lang='lat' dir='ltr'><strong>Collectaneis</strong></span> <span class='ocrx_word' id='word_1_517' title='bbox 1537 3697 1990 3741; x_wconf 86' lang='lat' dir='ltr'><strong>monumentorum</strong></span> <span class='ocrx_word' id='word_1_518' title='bbox 2041 3696 2199 3742; x_wconf 82' lang='lat' dir='ltr'><strong>vete-</strong></span> 
     </span>
    </p>
   </div>
   <div class='ocr_carea' id='block_1_66' title="bbox 637 3773 1516 3846">
    <p class='ocr_par' dir='ltr' id='par_1_66' title="bbox 637 3773 1516 3846">
     <span class='ocr_line' id='line_1_66' title="bbox 637 3773 1516 3846; baseline 0.003 -19"><span class='ocrx_word' id='word_1_519' title='bbox 637 3789 780 3838; x_wconf 76' lang='lat' dir='ltr'><strong>rum,</strong></span> <span class='ocrx_word' id='word_1_520' title='bbox 822 3773 980 3831; x_wconf 81' lang='lat' dir='ltr'><strong>Rom.</strong></span> <span class='ocrx_word' id='word_1_521' title='bbox 1015 3774 1176 3842; x_wconf 86' lang='lat' dir='ltr'><strong>I698,</strong></span> <span class='ocrx_word' id='word_1_522' title='bbox 1209 3777 1265 3842; x_wconf 72' lang='grc'>4,</span> <span class='ocrx_word' id='word_1_523' title='bbox 1300 3791 1354 3846; x_wconf 91' lang='lat' dir='ltr'><strong>p.</strong></span> <span class='ocrx_word' id='word_1_524' title='bbox 1391 3775 1516 3830; x_wconf 86' lang='grc'>555.</span> 
     </span>
    </p>
   </div>
   <div class='ocr_carea' id='block_1_67' title="bbox 707 3864 2131 3923">
    <p class='ocr_par' dir='ltr' id='par_1_67' title="bbox 707 3864 2131 3923">
     <span class='ocr_line' id='line_1_67' title="bbox 707 3864 2131 3923; baseline 0.001 -3"><span class='ocrx_word' id='word_1_525' title='bbox 707 3864 772 3922; x_wconf 75' lang='grc' dir='ltr'><strong>γ.</strong></span> <span class='ocrx_word' id='word_1_526' title='bbox 807 3865 876 3920; x_wconf 86' lang='lat' dir='ltr'><strong>In</strong></span> <span class='ocrx_word' id='word_1_527' title='bbox 905 3875 1093 3920; x_wconf 83' lang='lat' dir='ltr'><strong>neutra</strong></span> <span class='ocrx_word' id='word_1_528' title='bbox 1127 3865 1355 3921; x_wconf 82' lang='lat' dir='ltr'><strong>editione</strong></span> <span class='ocrx_word' id='word_1_529' title='bbox 1400 3864 1808 3923; x_wconf 67' lang='lat' dir='ltr'><strong>Gnaeo-Latina</strong></span> <span class='ocrx_word' id='word_1_530' title='bbox 1839 3867 2131 3922; x_wconf 81' lang='lat' dir='ltr'><strong>habentur:</strong></span> 
     </span>
    </p>
   </div>
   <div class='ocr_carea' id='block_1_68' title="bbox 706 3954 2203 4028">
    <p class='ocr_par' dir='ltr' id='par_1_68' title="bbox 706 3954 2203 4028">
     <span class='ocr_line' id='line_1_68' title="bbox 706 3954 2203 4028; baseline 0.003 -18"><span class='ocrx_word' id='word_1_531' title='bbox 706 3954 995 4021; x_wconf 63' lang='lat' dir='ltr'><strong>Praeterea,</strong></span> <span class='ocrx_word' id='word_1_532' title='bbox 1028 3973 1150 4028; x_wconf 70' lang='lat' dir='ltr'><strong>qua:</strong></span> <span class='ocrx_word' id='word_1_533' title='bbox 1179 3973 1303 4014; x_wconf 90' lang='lat' dir='ltr'><strong>cum</strong></span> <span class='ocrx_word' id='word_1_534' title='bbox 1330 3959 1585 4016; x_wconf 77' lang='lat' dir='ltr'><strong>referrem</strong></span> <span class='ocrx_word' id='word_1_535' title='bbox 1612 3961 1780 4027; x_wconf 90' lang='lat' dir='ltr'><strong>edita,</strong></span> <span class='ocrx_word' id='word_1_536' title='bbox 1808 3960 1970 4017; x_wconf 85' lang='lat' dir='ltr'><strong>simul</strong></span> <span class='ocrx_word' id='word_1_537' title='bbox 1996 3975 2203 4017; x_wconf 91' lang='lat' dir='ltr'><strong>memo-</strong></span> 
     </span>
    </p>
   </div>
   <div class='ocr_carea' id='block_1_69' title="bbox 636 4048 1654 4119">
    <p class='ocr_par' dir='ltr' id='par_1_69' title="bbox 636 4048 1654 4119">
     <span class='ocr_line' id='line_1_69' title="bbox 636 4048 1654 4119; baseline 0.007 -17"><span class='ocrx_word' id='word_1_538' title='bbox 636 4048 775 4112; x_wconf 86' lang='lat' dir='ltr'><strong>ravi,</strong></span> <span class='ocrx_word' id='word_1_539' title='bbox 807 4065 890 4102; x_wconf 91' lang='lat' dir='ltr'><strong>nr.</strong></span> <span class='ocrx_word' id='word_1_540' title='bbox 933 4049 984 4114; x_wconf 91' lang='lat'><strong>7,</strong></span> <span class='ocrx_word' id='word_1_541' title='bbox 1027 4050 1114 4115; x_wconf 84' lang='lat' dir='ltr'><strong>I5,</strong></span> <span class='ocrx_word' id='word_1_542' title='bbox 1145 4050 1237 4119; x_wconf 85' lang='grc'>25,</span> <span class='ocrx_word' id='word_1_543' title='bbox 1265 4051 1357 4117; x_wconf 87' lang='grc'>27,</span> <span class='ocrx_word' id='word_1_544' title='bbox 1385 4051 1454 4107; x_wconf 91' lang='grc'><strong>58</strong></span> <span class='ocrx_word' id='word_1_545' title='bbox 1484 4060 1538 4108; x_wconf 90' lang='lat' dir='ltr'><strong>et</strong></span> <span class='ocrx_word' id='word_1_546' title='bbox 1568 4054 1654 4109; x_wconf 73' lang='grc'>74.</span> 
     </span>
    </p>
   </div>
   <div class='ocr_carea' id='block_1_70' title="bbox 709 4151 2204 4231">
    <p class='ocr_par' dir='ltr' id='par_1_70' title="bbox 709 4151 2204 4231">
     <span class='ocr_line' id='line_1_70' title="bbox 709 4151 2204 4231; baseline 0.005 -26"><span class='ocrx_word' id='word_1_547' title='bbox 709 4151 798 4209; x_wconf 85' lang='lat'><strong>75.</strong></span> <span class='ocrx_word' id='word_1_548' title='bbox 861 4152 928 4206; x_wconf 84' lang='lat' dir='ltr'><strong>In</strong></span> <span class='ocrx_word' id='word_1_549' title='bbox 962 4152 1181 4208; x_wconf 84' lang='lat' dir='ltr'><strong>Petrum</strong></span> <span class='ocrx_word' id='word_1_550' title='bbox 1225 4166 1275 4210; x_wconf 84' lang='lat' dir='ltr'><strong>et</strong></span> <span class='ocrx_word' id='word_1_551' title='bbox 1357 4157 1603 4214; x_wconf 87' lang='lat' dir='ltr'><strong>Paulum.</strong></span> <span class='ocrx_word' id='word_1_552' title='bbox 1667 4159 1897 4215; x_wconf 84' lang='lat' dir='ltr'><strong>Homilia</strong></span> <span class='ocrx_word' id='word_1_553' title='bbox 1972 4161 2204 4231; x_wconf 90' lang='lat' dir='ltr'><strong>longior,</strong></span> 
     </span>
    </p>
   </div>
   <div class='ocr_carea' id='block_1_71' title="bbox 636 4244 2207 4315">
    <p class='ocr_par' dir='ltr' id='par_1_71' title="bbox 636 4244 2207 4315">
     <span class='ocr_line' id='line_1_71' title="bbox 636 4244 2207 4315; baseline 0.006 -16"><span class='ocrx_word' id='word_1_554' title='bbox 636 4258 801 4315; x_wconf 86' lang='lat' dir='ltr'><strong>quam</strong></span> <span class='ocrx_word' id='word_1_555' title='bbox 823 4259 890 4299; x_wconf 91' lang='lat' dir='ltr'><strong>ex</strong></span> <span class='ocrx_word' id='word_1_556' title='bbox 914 4261 1016 4301; x_wconf 88' lang='lat' dir='ltr'><strong>ms.</strong></span> <span class='ocrx_word' id='word_1_557' title='bbox 1041 4244 1289 4302; x_wconf 69' lang='lat' dir='ltr'><strong>Caesareo</strong></span> <span class='ocrx_word' id='word_1_558' title='bbox 1309 4264 1430 4304; x_wconf 92' lang='lat' dir='ltr'><strong>cum</strong></span> <span class='ocrx_word' id='word_1_559' title='bbox 1464 4253 1714 4308; x_wconf 90' lang='lat' dir='ltr'><strong>versione</strong></span> <span class='ocrx_word' id='word_1_560' title='bbox 1736 4269 1834 4309; x_wconf 90' lang='lat' dir='ltr'><strong>sua</strong></span> <span class='ocrx_word' id='word_1_561' title='bbox 1864 4253 2031 4309; x_wconf 89' lang='lat' dir='ltr'><strong>edidit</strong></span> <span class='ocrx_word' id='word_1_562' title='bbox 2048 4253 2207 4310; x_wconf 78' lang='lat' dir='ltr'><strong>laco-</strong></span> 
     </span>
    </p>
   </div>
   <div class='ocr_carea' id='block_1_72' title="bbox 640 4333 2209 4419">
    <p class='ocr_par' dir='ltr' id='par_1_72' title="bbox 640 4333 2209 4419">
     <span class='ocr_line' id='line_1_72' title="bbox 640 4333 2209 4419; baseline 0.006 -27"><span class='ocrx_word' id='word_1_563' title='bbox 640 4336 744 4392; x_wconf 88' lang='lat' dir='ltr'><strong>bus</strong></span> <span class='ocrx_word' id='word_1_564' title='bbox 767 4333 1055 4393; x_wconf 82' lang='lat' dir='ltr'><strong>Grctserus</strong></span> <span class='ocrx_word' id='word_1_565' title='bbox 1080 4337 1372 4411; x_wconf 85' lang='lat' dir='ltr'><strong>Ingolstad.</strong></span> <span class='ocrx_word' id='word_1_566' title='bbox 1398 4342 1555 4408; x_wconf 85' lang='grc'>1620,</span> <span class='ocrx_word' id='word_1_567' title='bbox 1589 4343 1642 4398; x_wconf 90' lang='lat'><strong>8.</strong></span> <span class='ocrx_word' id='word_1_568' title='bbox 1666 4347 1960 4414; x_wconf 90' lang='lat' dir='ltr'><strong>Incertum,</strong></span> <span class='ocrx_word' id='word_1_569' title='bbox 1978 4361 2047 4400; x_wconf 87' lang='lat' dir='ltr'><strong>an</strong></span> <span class='ocrx_word' id='word_1_570' title='bbox 2075 4345 2209 4419; x_wconf 83' lang='lat' dir='ltr'><strong>Nys-</strong></span> 
     </span>
    </p>
   </div>
   <div class='ocr_carea' id='block_1_73' title="bbox 2300 3207 3866 3271">
    <p class='ocr_par' dir='ltr' id='par_1_73' title="bbox 2300 3207 3866 3271">
     <span class='ocr_line' id='line_1_73' title="bbox 2300 3207 3866 3271; baseline -0.004 -5"><span class='ocrx_word' id='word_1_571' title='bbox 2300 3210 2402 3266; x_wconf 89' lang='lat' dir='ltr'><strong>hus</strong></span> <span class='ocrx_word' id='word_1_572' title='bbox 2429 3210 2805 3266; x_wconf 88' lang='lat' dir='ltr'><strong>cardinalihus</strong></span> <span class='ocrx_word' id='word_1_573' title='bbox 2833 3210 3104 3271; x_wconf 87' lang='lat' dir='ltr'><strong>didicerit,</strong></span> <span class='ocrx_word' id='word_1_574' title='bbox 3152 3208 3340 3264; x_wconf 92' lang='lat' dir='ltr'><strong>retulit</strong></span> <span class='ocrx_word' id='word_1_575' title='bbox 3368 3209 3422 3262; x_wconf 93' lang='lat' dir='ltr'><strong>in</strong></span> <span class='ocrx_word' id='word_1_576' title='bbox 3462 3221 3564 3262; x_wconf 87' lang='lat' dir='ltr'><strong>suo</strong></span> <span class='ocrx_word' id='word_1_577' title='bbox 3596 3207 3866 3268; x_wconf 68' lang='grc' dir='ltr'><strong>(ἐποιεῖσθ’.</strong></span> 
     </span>
    </p>
   </div>
   <div class='ocr_carea' id='block_1_74' title="bbox 2297 3293 3867 3370">
    <p class='ocr_par' dir='ltr' id='par_1_74' title="bbox 2297 3293 3867 3370">
     <span class='ocr_line' id='line_1_74' title="bbox 2297 3293 3867 3370; baseline -0.004 -15"><span class='ocrx_word' id='word_1_578' title='bbox 2297 3315 2330 3355; x_wconf 90' lang='lat' dir='ltr'><strong>e</strong></span> <span class='ocrx_word' id='word_1_579' title='bbox 2373 3314 2481 3370; x_wconf 91' lang='lat' dir='ltr'><strong>quo</strong></span> <span class='ocrx_word' id='word_1_580' title='bbox 2539 3298 2795 3354; x_wconf 89' lang='lat' dir='ltr'><strong>Socrates</strong></span> <span class='ocrx_word' id='word_1_581' title='bbox 2847 3313 2920 3362; x_wconf 83' lang='lat' dir='ltr'><strong>Iv,</strong></span> <span class='ocrx_word' id='word_1_582' title='bbox 2973 3297 3081 3352; x_wconf 76' lang='lat'><strong>23:</strong></span> <span class='ocrx_word' id='word_1_583' title='bbox 3126 3297 3214 3350; x_wconf 84' lang='lat' dir='ltr'><strong>‘Ev</strong></span> <span class='ocrx_word' id='word_1_584' title='bbox 3238 3293 3320 3362; x_wconf 81' lang='grc' dir='ltr'><strong>τῷ</strong></span> <span class='ocrx_word' id='word_1_585' title='bbox 3343 3295 3662 3362; x_wconf 78' lang='grc' dir='ltr'><strong>Γνωστικῷ</strong></span> <span class='ocrx_word' id='word_1_586' title='bbox 3699 3293 3867 3348; x_wconf 81' lang='grc' dir='ltr'><strong>αὐτοῦ</strong></span> 
     </span>
    </p>
   </div>
   <div class='ocr_carea' id='block_1_75' title="bbox 2301 3383 3868 3460">
    <p class='ocr_par' dir='ltr' id='par_1_75' title="bbox 2301 3383 3868 3460">
     <span class='ocr_line' id='line_1_75' title="bbox 2301 3383 3868 3460; baseline -0.003 -19"><span class='ocrx_word' id='word_1_587' title='bbox 2301 3389 2612 3460; x_wconf 76' lang='grc' dir='ltr'><strong>(Εὐάγριος)</strong></span> <span class='ocrx_word' id='word_1_588' title='bbox 2643 3385 2867 3440; x_wconf 79' lang='grc' dir='ltr'><strong>τοιαῦτά</strong></span> <span class='ocrx_word' id='word_1_589' title='bbox 2904 3398 3058 3456; x_wconf 66' lang='lat' dir='ltr'><strong>(mar</strong></span> <span class='ocrx_word' id='word_1_590' title='bbox 3085 3385 3368 3456; x_wconf 76' lang='grc' dir='ltr'><strong>Τέσσαρας</strong></span> <span class='ocrx_word' id='word_1_591' title='bbox 3399 3383 3597 3456; x_wconf 79' lang='grc' dir='ltr'><strong>ἀρετὰς</strong></span> <span class='ocrx_word' id='word_1_592' title='bbox 3642 3385 3734 3438; x_wconf 78' lang='grc' dir='ltr'><strong>καὶ</strong></span> <span class='ocrx_word' id='word_1_593' title='bbox 3765 3383 3868 3447; x_wconf 75' lang='grc' dir='ltr'><strong>τὰς</strong></span> 
     </span>
    </p>
   </div>
   <div class='ocr_carea' id='block_1_76' title="bbox 2301 3477 3870 3552">
    <p class='ocr_par' dir='ltr' id='par_1_76' title="bbox 2301 3477 3870 3552">
     <span class='ocr_line' id='line_1_76' title="bbox 2301 3477 3870 3552; baseline -0.003 -17"><span class='ocrx_word' id='word_1_594' title='bbox 2301 3481 2532 3552; x_wconf 78' lang='grc' dir='ltr'><strong>θεωρίας</strong></span> <span class='ocrx_word' id='word_1_595' title='bbox 2581 3479 2760 3534; x_wconf 77' lang='grc' dir='ltr'>αὐτῶν</span> <span class='ocrx_word' id='word_1_596' title='bbox 2803 3478 2954 3551; x_wconf 81' lang='grc' dir='ltr'>παρὰ</span> <span class='ocrx_word' id='word_1_597' title='bbox 2976 3477 3070 3532; x_wconf 81' lang='grc' dir='ltr'><strong>τοῦ</strong></span> <span class='ocrx_word' id='word_1_598' title='bbox 3112 3478 3321 3532; x_wconf 83' lang='grc' dir='ltr'><strong>δικαίου</strong></span> <span class='ocrx_word' id='word_1_599' title='bbox 3357 3477 3655 3550; x_wconf 76' lang='grc' dir='ltr'><strong>Γρηγορίου</strong></span> <span class='ocrx_word' id='word_1_600' title='bbox 3690 3495 3870 3548; x_wconf 81' lang='grc' dir='ltr'><strong>μεμα-</strong></span> 
     </span>
    </p>
   </div>
   <div class='ocr_carea' id='block_1_77' title="bbox 2303 3568 3194 3644">
    <p class='ocr_par' dir='ltr' id='par_1_77' title="bbox 2303 3568 3194 3644">
     <span class='ocr_line' id='line_1_77' title="bbox 2303 3568 3194 3644; baseline -0.006 -18"><span class='ocrx_word' id='word_1_601' title='bbox 2303 3573 2549 3644; x_wconf 72' lang='grc' dir='ltr'><strong>Θήκαμεν</strong></span> <span class='ocrx_word' id='word_1_602' title='bbox 2585 3568 2746 3634; x_wconf 75' lang='grc' dir='ltr'>εἶναι,</span> <span class='ocrx_word' id='word_1_603' title='bbox 2783 3570 3061 3642; x_wconf 78' lang='grc' dir='ltr'><strong>φρόνησιν,</strong></span> <span class='ocrx_word' id='word_1_604' title='bbox 3087 3577 3194 3624; x_wconf 89' lang='lat' dir='ltr'><strong>etc.</strong></span> 
     </span>
    </p>
   </div>
   <div class='ocr_carea' id='block_1_78' title="bbox 2371 3695 3872 3768">
    <p class='ocr_par' dir='ltr' id='par_1_78' title="bbox 2371 3695 3872 3768">
     <span class='ocr_line' id='line_1_78' title="bbox 2371 3695 3872 3768; baseline -0.005 -13"><span class='ocrx_word' id='word_1_605' title='bbox 2371 3701 2459 3755; x_wconf 87' lang='lat'><strong>78.</strong></span> <span class='ocrx_word' id='word_1_606' title='bbox 2479 3697 2908 3768; x_wconf 69' lang='grc' dir='ltr'><strong>Ἀπιρῤητικὸς</strong></span> <span class='ocrx_word' id='word_1_607' title='bbox 2933 3697 3082 3764; x_wconf 78' lang='grc' dir='ltr'><strong>πρὸς</strong></span> <span class='ocrx_word' id='word_1_608' title='bbox 3100 3696 3172 3749; x_wconf 78' lang='grc' dir='ltr'><em>τὰ</em></span> <span class='ocrx_word' id='word_1_609' title='bbox 3201 3695 3667 3763; x_wconf 74' lang='grc' dir='ltr'><strong>Ἀπολλιναρίου,</strong></span> <span class='ocrx_word' id='word_1_610' title='bbox 3684 3695 3872 3749; x_wconf 83' lang='lat' dir='ltr'><strong>Antir-</strong></span> 
     </span>
    </p>
   </div>
   <div class='ocr_carea' id='block_1_79' title="bbox 2304 3785 3870 3859">
    <p class='ocr_par' dir='ltr' id='par_1_79' title="bbox 2304 3785 3870 3859">
     <span class='ocr_line' id='line_1_79' title="bbox 2304 3785 3870 3859; baseline -0.006 -12"><span class='ocrx_word' id='word_1_611' title='bbox 2304 3793 2527 3847; x_wconf 84' lang='lat' dir='ltr'><strong>rlteticus</strong></span> <span class='ocrx_word' id='word_1_612' title='bbox 2553 3791 2802 3846; x_wconf 75' lang='lat' dir='ltr'><strong>adversus</strong></span> <span class='ocrx_word' id='word_1_613' title='bbox 2828 3789 3213 3859; x_wconf 78' lang='lat' dir='ltr'><strong>Apollinarem.</strong></span> <span class='ocrx_word' id='word_1_614' title='bbox 3244 3785 3470 3858; x_wconf 88' lang='lat' dir='ltr'><strong>Incipit:</strong></span> <span class='ocrx_word' id='word_1_615' title='bbox 3493 3786 3670 3843; x_wconf 81' lang='grc' dir='ltr'>Καλὸν</span> <span class='ocrx_word' id='word_1_616' title='bbox 3687 3785 3753 3840; x_wconf 73' lang='grc' dir='ltr'><strong>ἂν</strong></span> <span class='ocrx_word' id='word_1_617' title='bbox 3774 3785 3870 3854; x_wconf 80' lang='grc' dir='ltr'>γέ-</span> 
     </span>
    </p>
   </div>
   <div class='ocr_carea' id='block_1_80' title="bbox 2305 3877 3871 3956">
    <p class='ocr_par' dir='ltr' id='par_1_80' title="bbox 2305 3877 3871 3956">
     <span class='ocr_line' id='line_1_80' title="bbox 2305 3877 3871 3956; baseline -0.005 -17"><span class='ocrx_word' id='word_1_618' title='bbox 2305 3903 2446 3939; x_wconf 83' lang='grc' dir='ltr'>νοιτο</span> <span class='ocrx_word' id='word_1_619' title='bbox 2487 3883 2772 3956; x_wconf 76' lang='grc' dir='ltr'><strong>προοίμιον</strong></span> <span class='ocrx_word' id='word_1_620' title='bbox 2808 3883 2962 3953; x_wconf 79' lang='grc' dir='ltr'>ἡμῖν.</span> <span class='ocrx_word' id='word_1_621' title='bbox 3011 3879 3228 3953; x_wconf 87' lang='lat' dir='ltr'><strong>Insigne</strong></span> <span class='ocrx_word' id='word_1_622' title='bbox 3266 3881 3368 3934; x_wconf 92' lang='lat' dir='ltr'><strong>hoc</strong></span> <span class='ocrx_word' id='word_1_623' title='bbox 3407 3893 3608 3948; x_wconf 74' lang='lat' dir='ltr'><strong>opusa</strong></span> <span class='ocrx_word' id='word_1_624' title='bbox 3642 3877 3871 3932; x_wconf 81' lang='lat' dir='ltr'><strong>Leontio</strong></span> 
     </span>
    </p>
   </div>
   <div class='ocr_carea' id='block_1_81' title="bbox 2307 3969 3875 4048">
    <p class='ocr_par' dir='ltr' id='par_1_81' title="bbox 2307 3969 3875 4048">
     <span class='ocr_line' id='line_1_81' title="bbox 2307 3969 3875 4048; baseline -0.007 -17"><span class='ocrx_word' id='word_1_625' title='bbox 2307 3976 2434 4048; x_wconf 83' lang='lat' dir='ltr'><strong>Byz.</strong></span> <span class='ocrx_word' id='word_1_626' title='bbox 2464 3974 2710 4046; x_wconf 87' lang='lat' dir='ltr'><strong>in_variis</strong></span> <span class='ocrx_word' id='word_1_627' title='bbox 2735 3975 2979 4043; x_wconf 84' lang='lat' dir='ltr'><strong>scriptis,</strong></span> <span class='ocrx_word' id='word_1_628' title='bbox 3010 3989 3040 4028; x_wconf 91' lang='lat' dir='ltr'><strong>a</strong></span> <span class='ocrx_word' id='word_1_629' title='bbox 3062 3973 3220 4028; x_wconf 85' lang='lat' dir='ltr'><strong>Joan.</strong></span> <span class='ocrx_word' id='word_1_630' title='bbox 3241 3971 3573 4026; x_wconf 89' lang='lat' dir='ltr'><strong>Damasceno</strong></span> <span class='ocrx_word' id='word_1_631' title='bbox 3594 3978 3648 4026; x_wconf 91' lang='lat' dir='ltr'><strong>et</strong></span> <span class='ocrx_word' id='word_1_632' title='bbox 3668 3969 3875 4040; x_wconf 78' lang='lat' dir='ltr'><strong>Euthy-</strong></span> 
     </span>
    </p>
   </div>
   <div class='ocr_carea' id='block_1_82' title="bbox 2305 4061 3873 4135">
    <p class='ocr_par' dir='ltr' id='par_1_82' title="bbox 2305 4061 3873 4135">
     <span class='ocr_line' id='line_1_82' title="bbox 2305 4061 3873 4135; baseline -0.004 -13"><span class='ocrx_word' id='word_1_633' title='bbox 2305 4070 2434 4134; x_wconf 88' lang='lat' dir='ltr'><strong>mio,</strong></span> <span class='ocrx_word' id='word_1_634' title='bbox 2467 4082 2683 4124; x_wconf 91' lang='lat' dir='ltr'><strong>necnon</strong></span> <span class='ocrx_word' id='word_1_635' title='bbox 2714 4067 2768 4123; x_wconf 91' lang='lat' dir='ltr'><strong>in</strong></span> <span class='ocrx_word' id='word_1_636' title='bbox 2807 4066 2946 4120; x_wconf 89' lang='lat' dir='ltr'><strong>actis</strong></span> <span class='ocrx_word' id='word_1_637' title='bbox 2983 4075 3148 4120; x_wconf 75' lang='lat' dir='ltr'><strong>sexta:</strong></span> <span class='ocrx_word' id='word_1_638' title='bbox 3197 4063 3391 4135; x_wconf 85' lang='lat' dir='ltr'><strong>synodi</strong></span> <span class='ocrx_word' id='word_1_639' title='bbox 3433 4062 3648 4118; x_wconf 85' lang='lat' dir='ltr'><strong>actione</strong></span> <span class='ocrx_word' id='word_1_640' title='bbox 3675 4061 3723 4114; x_wconf 91' lang='lat' dir='ltr'><strong>X</strong></span> <span class='ocrx_word' id='word_1_641' title='bbox 3751 4061 3873 4115; x_wconf 79' lang='lat' dir='ltr'><strong>lau-</strong></span> 
     </span>
    </p>
   </div>
   <div class='ocr_carea' id='block_1_83' title="bbox 2305 4153 3872 4231">
    <p class='ocr_par' dir='ltr' id='par_1_83' title="bbox 2305 4153 3872 4231">
     <span class='ocr_line' id='line_1_83' title="bbox 2305 4153 3872 4231; baseline -0.006 -14"><span class='ocrx_word' id='word_1_642' title='bbox 2305 4164 2512 4226; x_wconf 89' lang='lat' dir='ltr'><strong>datum,</strong></span> <span class='ocrx_word' id='word_1_643' title='bbox 2566 4171 3036 4231; x_wconf 88' lang='lat' dir='ltr'><strong>memoratumque</strong></span> <span class='ocrx_word' id='word_1_644' title='bbox 3083 4157 3385 4228; x_wconf 81' lang='lat' dir='ltr'><strong>Nicephoro</strong></span> <span class='ocrx_word' id='word_1_645' title='bbox 3437 4173 3516 4220; x_wconf 76' lang='grc' dir='ltr'><strong>ιι,</strong></span> <span class='ocrx_word' id='word_1_646' title='bbox 3576 4156 3664 4221; x_wconf 89' lang='lat' dir='ltr'><strong>I9,</strong></span> <span class='ocrx_word' id='word_1_647' title='bbox 3692 4153 3872 4218; x_wconf 42' lang='lat' dir='ltr'><strong>Hist”</strong></span> 
     </span>
    </p>
   </div>
   <div class='ocr_carea' id='block_1_84' title="bbox 2306 4246 3873 4324">
    <p class='ocr_par' dir='ltr' id='par_1_84' title="bbox 2306 4246 3873 4324">
     <span class='ocr_line' id='line_1_84' title="bbox 2306 4246 3873 4324; baseline -0.008 -16"><span class='ocrx_word' id='word_1_648' title='bbox 2306 4254 2517 4324; x_wconf 88' lang='lat' dir='ltr'><strong>primus</strong></span> <span class='ocrx_word' id='word_1_649' title='bbox 2545 4267 2612 4308; x_wconf 85' lang='lat' dir='ltr'><strong>ex</strong></span> <span class='ocrx_word' id='word_1_650' title='bbox 2645 4252 2836 4308; x_wconf 90' lang='lat' dir='ltr'><strong>codice</strong></span> <span class='ocrx_word' id='word_1_651' title='bbox 2874 4249 3157 4315; x_wconf 85' lang='lat' dir='ltr'><strong>Vaticano,</strong></span> <span class='ocrx_word' id='word_1_652' title='bbox 3191 4248 3293 4303; x_wconf 88' lang='lat'><strong>700</strong></span> <span class='ocrx_word' id='word_1_653' title='bbox 3329 4246 3873 4306; x_wconf 81' lang='lat' dir='ltr'><strong>circiter&#39;annorum,</strong></span> 
     </span>
    </p>
   </div>
   <div class='ocr_carea' id='block_1_85' title="bbox 2306 4336 3874 4418">
    <p class='ocr_par' dir='ltr' id='par_1_85' title="bbox 2306 4336 3874 4418">
     <span class='ocr_line' id='line_1_85' title="bbox 2306 4336 3874 4418; baseline -0.009 -16"><span class='ocrx_word' id='word_1_654' title='bbox 2306 4348 2545 4418; x_wconf 88' lang='lat' dir='ltr'><strong>vulgavit</strong></span> <span class='ocrx_word' id='word_1_655' title='bbox 2573 4361 2696 4402; x_wconf 92' lang='lat' dir='ltr'><strong>cum</strong></span> <span class='ocrx_word' id='word_1_656' title='bbox 2737 4343 2990 4400; x_wconf 87' lang='lat' dir='ltr'><strong>versione</strong></span> <span class='ocrx_word' id='word_1_657' title='bbox 3021 4357 3120 4398; x_wconf 88' lang='lat' dir='ltr'><strong>sua</strong></span> <span class='ocrx_word' id='word_1_658' title='bbox 3162 4340 3414 4410; x_wconf 86' lang='lat' dir='ltr'><strong>notisque</strong></span> <span class='ocrx_word' id='word_1_659' title='bbox 3455 4337 3616 4392; x_wconf 89' lang='lat' dir='ltr'><strong>Laur.</strong></span> <span class='ocrx_word' id='word_1_660' title='bbox 3671 4336 3874 4389; x_wconf 80' lang='lat' dir='ltr'><strong>Zaeca-</strong></span> 
     </span>
    </p>
   </div>
   <div class='ocr_carea' id='block_1_86' title="bbox 642 4428 3869 4508">
    <p class='ocr_par' dir='ltr' id='par_1_86' title="bbox 642 4428 3869 4508">
     <span class='ocr_line' id='line_1_86' title="bbox 642 4428 3869 4508; baseline -0.002 -23"><span class='ocrx_word' id='word_1_661' title='bbox 642 4431 758 4485; x_wconf 89' lang='lat' dir='ltr'><strong>seni</strong></span> <span class='ocrx_word' id='word_1_662' title='bbox 794 4431 883 4486; x_wconf 90' lang='lat' dir='ltr'><strong>sit.</strong></span> <span class='ocrx_word' id='word_1_663' title='bbox 913 4429 1080 4486; x_wconf 73' lang='lat' dir='ltr'><strong>FABR.</strong></span> <span class='ocrx_word' id='word_1_664' title='bbox 1112 4431 1207 4486; x_wconf 86' lang='lat' dir='ltr'><strong>Est</strong></span> <span class='ocrx_word' id='word_1_665' title='bbox 1229 4432 1444 4488; x_wconf 79' lang='lat' dir='ltr'><strong>Maximi</strong></span> <span class='ocrx_word' id='word_1_666' title='bbox 1475 4433 1753 4501; x_wconf 65' lang='lat' dir='ltr'><strong>Planudm,</strong></span> <span class='ocrx_word' id='word_1_667' title='bbox 1784 4445 1842 4490; x_wconf 95' lang='lat' dir='ltr'><strong>ut</strong></span> <span class='ocrx_word' id='word_1_668' title='bbox 1875 4437 1983 4492; x_wconf 89' lang='lat' dir='ltr'><strong>late</strong></span> <span class='ocrx_word' id='word_1_669' title='bbox 2020 4437 2206 4492; x_wconf 84' lang='lat' dir='ltr'><strong>docuit</strong></span> <span class='ocrx_word' id='word_1_670' title='bbox 2235 4448 2280 4507; x_wconf 78' lang='grc' dir='ltr'><strong>ι)</strong></span> <span class='ocrx_word' id='word_1_671' title='bbox 2307 4439 2487 4508; x_wconf 90' lang='lat' dir='ltr'><strong>gnius,</strong></span> <span class='ocrx_word' id='word_1_672' title='bbox 2519 4438 2574 4492; x_wconf 92' lang='lat' dir='ltr'><strong>in</strong></span> <span class='ocrx_word' id='word_1_673' title='bbox 2609 4435 2951 4492; x_wconf 87' lang='lat' dir='ltr'><strong>Collectaneis</strong></span> <span class='ocrx_word' id='word_1_674' title='bbox 2985 4440 3364 4488; x_wconf 88' lang='lat' dir='ltr'><strong>monumentor.</strong></span> <span class='ocrx_word' id='word_1_675' title='bbox 3403 4439 3655 4490; x_wconf 79' lang='lat' dir='ltr'><strong>ueterum,</strong></span> <span class='ocrx_word' id='word_1_676' title='bbox 3707 4428 3869 4481; x_wconf 75' lang='lat' dir='ltr'><strong>Rom.</strong></span> 
     </span>
    </p>
   </div>
   <div class='ocr_carea' id='block_1_87' title="bbox 642 4519 2208 4597">
    <p class='ocr_par' dir='ltr' id='par_1_87' title="bbox 642 4519 2208 4597">
     <span class='ocr_line' id='line_1_87' title="bbox 642 4519 2208 4597; baseline 0.004 -21"><span class='ocrx_word' id='word_1_677' title='bbox 642 4519 896 4578; x_wconf 84' lang='lat' dir='ltr'><strong>Lambec.</strong></span> <span class='ocrx_word' id='word_1_678' title='bbox 913 4523 966 4576; x_wconf 91' lang='lat' dir='ltr'><strong>in</strong></span> <span class='ocrx_word' id='word_1_679' title='bbox 991 4522 1202 4578; x_wconf 87' lang='lat' dir='ltr'><strong>Comm.</strong></span> <span class='ocrx_word' id='word_1_680' title='bbox 1227 4524 1335 4580; x_wconf 88' lang='lat' dir='ltr'><strong>vol.</strong></span> <span class='ocrx_word' id='word_1_681' title='bbox 1359 4523 1448 4587; x_wconf 86' lang='lat' dir='ltr'><strong>IV,</strong></span> <span class='ocrx_word' id='word_1_682' title='bbox 1473 4541 1527 4596; x_wconf 93' lang='lat' dir='ltr'><strong>p.</strong></span> <span class='ocrx_word' id='word_1_683' title='bbox 1561 4525 1663 4580; x_wconf 82' lang='grc'><strong>119</strong></span> <span class='ocrx_word' id='word_1_684' title='bbox 1690 4542 1810 4597; x_wconf 88' lang='lat' dir='ltr'><strong>sqq.</strong></span> <span class='ocrx_word' id='word_1_685' title='bbox 1842 4526 1911 4582; x_wconf 92' lang='lat' dir='ltr'><strong>de</strong></span> <span class='ocrx_word' id='word_1_686' title='bbox 1925 4527 2052 4583; x_wconf 88' lang='lat' dir='ltr'><strong>cod.</strong></span> <span class='ocrx_word' id='word_1_687' title='bbox 2071 4527 2208 4594; x_wconf 84' lang='lat' dir='ltr'><strong>CIX,</strong></span> 
     </span>
    </p>
   </div>
   <div class='ocr_carea' id='block_1_88' title="bbox 642 4611 2206 4688">
    <p class='ocr_par' dir='ltr' id='par_1_88' title="bbox 642 4611 2206 4688">
     <span class='ocr_line' id='line_1_88' title="bbox 642 4611 2206 4688; baseline 0.006 -22"><span class='ocrx_word' id='word_1_688' title='bbox 642 4611 844 4669; x_wconf 64' lang='lat' dir='ltr'><strong>Caesar.</strong></span> <span class='ocrx_word' id='word_1_689' title='bbox 873 4615 928 4667; x_wconf 92' lang='lat' dir='ltr'><strong>in</strong></span> <span class='ocrx_word' id='word_1_690' title='bbox 957 4629 1067 4682; x_wconf 88' lang='lat' dir='ltr'><strong>quo</strong></span> <span class='ocrx_word' id='word_1_691' title='bbox 1091 4626 1178 4668; x_wconf 87' lang='lat' dir='ltr'><strong>nr.</strong></span> <span class='ocrx_word' id='word_1_692' title='bbox 1224 4616 1311 4676; x_wconf 73' lang='lat' dir='ltr'><strong>I2,</strong></span> <span class='ocrx_word' id='word_1_693' title='bbox 1335 4617 1425 4670; x_wconf 92' lang='lat' dir='ltr'><strong>illa</strong></span> <span class='ocrx_word' id='word_1_694' title='bbox 1455 4617 1654 4682; x_wconf 90' lang='lat' dir='ltr'><strong>oratio,</strong></span> <span class='ocrx_word' id='word_1_695' title='bbox 1686 4618 1954 4688; x_wconf 91' lang='lat' dir='ltr'><strong>principio</strong></span> <span class='ocrx_word' id='word_1_696' title='bbox 1988 4620 2206 4683; x_wconf 89' lang='lat' dir='ltr'><strong>mutila.</strong></span> 
     </span>
    </p>
   </div>
   <div class='ocr_carea' id='block_1_89' title="bbox 640 4703 2206 4779">
    <p class='ocr_par' dir='ltr' id='par_1_89' title="bbox 640 4703 2206 4779">
     <span class='ocr_line' id='line_1_89' title="bbox 640 4703 2206 4779; baseline 0.007 -21"><span class='ocrx_word' id='word_1_697' title='bbox 640 4703 904 4775; x_wconf 84' lang='lat' dir='ltr'><strong>Gregorio</strong></span> <span class='ocrx_word' id='word_1_698' title='bbox 935 4704 1093 4777; x_wconf 81' lang='lat' dir='ltr'><strong>Nyss.</strong></span> <span class='ocrx_word' id='word_1_699' title='bbox 1125 4708 1437 4774; x_wconf 85' lang='lat' dir='ltr'><strong>ascribitur,</strong></span> <span class='ocrx_word' id='word_1_700' title='bbox 1465 4716 1520 4765; x_wconf 89' lang='lat' dir='ltr'><strong>et</strong></span> <span class='ocrx_word' id='word_1_701' title='bbox 1551 4724 1618 4763; x_wconf 84' lang='lat' dir='ltr'><strong>ex</strong></span> <span class='ocrx_word' id='word_1_702' title='bbox 1643 4723 1754 4779; x_wconf 91' lang='lat' dir='ltr'><strong>quo</strong></span> <span class='ocrx_word' id='word_1_703' title='bbox 1790 4707 2101 4774; x_wconf 83' lang='lat' dir='ltr'><strong>Gretserus,</strong></span> <span class='ocrx_word' id='word_1_704' title='bbox 2137 4727 2206 4769; x_wconf 85' lang='lat' dir='ltr'><strong>ex</strong></span> 
     </span>
    </p>
   </div>
   <div class='ocr_carea' id='block_1_90' title="bbox 643 4793 2204 4868">
    <p class='ocr_par' dir='ltr' id='par_1_90' title="bbox 643 4793 2204 4868">
     <span class='ocr_line' id='line_1_90' title="bbox 643 4793 2204 4868; baseline 0.006 -22"><span class='ocrx_word' id='word_1_705' title='bbox 643 4793 804 4862; x_wconf 78' lang='lat' dir='ltr'><strong>cuius</strong></span> <span class='ocrx_word' id='word_1_706' title='bbox 844 4795 1053 4865; x_wconf 68' lang='lat' dir='ltr'><strong>praefat.</strong></span> <span class='ocrx_word' id='word_1_707' title='bbox 1100 4795 1355 4854; x_wconf 90' lang='lat' dir='ltr'><strong>Lambec.</strong></span> <span class='ocrx_word' id='word_1_708' title='bbox 1406 4800 1623 4868; x_wconf 89' lang='lat' dir='ltr'><strong>longum</strong></span> <span class='ocrx_word' id='word_1_709' title='bbox 1676 4802 1948 4868; x_wconf 83' lang='lat' dir='ltr'><strong>excerpsit</strong></span> <span class='ocrx_word' id='word_1_710' title='bbox 1990 4801 2204 4868; x_wconf 91' lang='lat' dir='ltr'><strong>locum,</strong></span> 
     </span>
    </p>
   </div>
   <div class='ocr_carea' id='block_1_91' title="bbox 643 4883 2206 4956">
    <p class='ocr_par' dir='ltr' id='par_1_91' title="bbox 643 4883 2206 4956">
     <span class='ocr_line' id='line_1_91' title="bbox 643 4883 2206 4956; baseline 0.004 -18"><span class='ocrx_word' id='word_1_711' title='bbox 643 4883 792 4938; x_wconf 88' lang='lat' dir='ltr'><strong>illam</strong></span> <span class='ocrx_word' id='word_1_712' title='bbox 819 4885 988 4940; x_wconf 90' lang='lat' dir='ltr'><strong>edidit</strong></span> <span class='ocrx_word' id='word_1_713' title='bbox 1019 4888 1342 4943; x_wconf 86' lang='lat' dir='ltr'><strong>orationem.</strong></span> <span class='ocrx_word' id='word_1_714' title='bbox 1379 4889 1482 4945; x_wconf 92' lang='lat' dir='ltr'><strong>Sed</strong></span> <span class='ocrx_word' id='word_1_715' title='bbox 1507 4887 1762 4945; x_wconf 86' lang='lat' dir='ltr'><strong>Lambec.</strong></span> <span class='ocrx_word' id='word_1_716' title='bbox 1797 4889 2206 4956; x_wconf 84' lang='lat' dir='ltr'><strong>animadvertit,</strong></span> 
     </span>
    </p>
   </div>
   <div class='ocr_carea' id='block_1_92' title="bbox 643 4975 2209 5053">
    <p class='ocr_par' dir='ltr' id='par_1_92' title="bbox 643 4975 2209 5053">
     <span class='ocr_line' id='line_1_92' title="bbox 643 4975 2209 5053; baseline 0.004 -22"><span class='ocrx_word' id='word_1_717' title='bbox 643 4975 700 5031; x_wconf 92' lang='lat' dir='ltr'><strong>in</strong></span> <span class='ocrx_word' id='word_1_718' title='bbox 727 4976 856 5032; x_wconf 89' lang='lat' dir='ltr'><strong>bibl.</strong></span> <span class='ocrx_word' id='word_1_719' title='bbox 880 4979 989 5034; x_wconf 90' lang='lat' dir='ltr'><strong>duo</strong></span> <span class='ocrx_word' id='word_1_720' title='bbox 1013 4982 1303 5036; x_wconf 80' lang='lat' dir='ltr'><strong>memorari</strong></span> <span class='ocrx_word' id='word_1_721' title='bbox 1333 4982 1552 5040; x_wconf 88' lang='lat' dir='ltr'><strong>codices</strong></span> <span class='ocrx_word' id='word_1_722' title='bbox 1579 4983 1780 5041; x_wconf 82' lang='lat' dir='ltr'><strong>Caesar.</strong></span> <span class='ocrx_word' id='word_1_723' title='bbox 1809 4997 2040 5053; x_wconf 88' lang='lat' dir='ltr'><strong>quorum</strong></span> <span class='ocrx_word' id='word_1_724' title='bbox 2071 4982 2209 5038; x_wconf 86' lang='lat' dir='ltr'><strong>alter</strong></span> 
     </span>
    </p>
   </div>
   <div class='ocr_carea' id='block_1_93' title="bbox 646 5069 2208 5130">
    <p class='ocr_par' dir='ltr' id='par_1_93' title="bbox 646 5069 2208 5130">
     <span class='ocr_line' id='line_1_93' title="bbox 646 5069 2208 5130; baseline 0.004 -7"><span class='ocrx_word' id='word_1_725' title='bbox 646 5069 792 5124; x_wconf 89' lang='lat' dir='ltr'><strong>inter</strong></span> <span class='ocrx_word' id='word_1_726' title='bbox 811 5069 971 5124; x_wconf 89' lang='lat' dir='ltr'><strong>codd.</strong></span> <span class='ocrx_word' id='word_1_727' title='bbox 998 5072 1196 5128; x_wconf 89' lang='lat' dir='ltr'><strong>histor.</strong></span> <span class='ocrx_word' id='word_1_728' title='bbox 1230 5071 1324 5127; x_wconf 90' lang='lat' dir='ltr'><strong>Gr.</strong></span> <span class='ocrx_word' id='word_1_729' title='bbox 1358 5074 1523 5128; x_wconf 88' lang='lat' dir='ltr'><strong>etiam</strong></span> <span class='ocrx_word' id='word_1_730' title='bbox 1549 5075 1790 5130; x_wconf 90' lang='lat' dir='ltr'><strong>continet</strong></span> <span class='ocrx_word' id='word_1_731' title='bbox 1812 5075 1951 5129; x_wconf 87' lang='lat' dir='ltr'><strong>duas</strong></span> <span class='ocrx_word' id='word_1_732' title='bbox 1986 5072 2208 5129; x_wconf 77' lang='lat' dir='ltr'><strong>Maximi</strong></span> 
     </span>
    </p>
   </div>
   <div class='ocr_carea' id='block_1_94' title="bbox 647 5161 2209 5234">
    <p class='ocr_par' dir='ltr' id='par_1_94' title="bbox 647 5161 2209 5234">
     <span class='ocr_line' id='line_1_94' title="bbox 647 5161 2209 5234; baseline 0.003 -18"><span class='ocrx_word' id='word_1_733' title='bbox 647 5161 905 5217; x_wconf 82' lang='lat' dir='ltr'><strong>Planudis</strong></span> <span class='ocrx_word' id='word_1_734' title='bbox 929 5171 1115 5227; x_wconf 89' lang='lat' dir='ltr'><strong>oratt.,</strong></span> <span class='ocrx_word' id='word_1_735' title='bbox 1141 5164 1195 5218; x_wconf 90' lang='lat' dir='ltr'><strong>in</strong></span> <span class='ocrx_word' id='word_1_736' title='bbox 1226 5165 1309 5220; x_wconf 90' lang='lat' dir='ltr'><strong>his</strong></span> <span class='ocrx_word' id='word_1_737' title='bbox 1339 5174 1478 5220; x_wconf 89' lang='lat' dir='ltr'><strong>orat.</strong></span> <span class='ocrx_word' id='word_1_738' title='bbox 1505 5167 1560 5219; x_wconf 89' lang='lat' dir='ltr'><strong>in</strong></span> <span class='ocrx_word' id='word_1_739' title='bbox 1586 5167 1850 5234; x_wconf 83' lang='lat' dir='ltr'><strong>apostolos</strong></span> <span class='ocrx_word' id='word_1_740' title='bbox 1911 5163 2126 5220; x_wconf 87' lang='lat' dir='ltr'><strong>Petrum</strong></span> <span class='ocrx_word' id='word_1_741' title='bbox 2157 5174 2209 5220; x_wconf 88' lang='lat' dir='ltr'><strong>et</strong></span> 
     </span>
    </p>
   </div>
   <div class='ocr_carea' id='block_1_95' title="bbox 648 5255 2205 5331">
    <p class='ocr_par' dir='ltr' id='par_1_95' title="bbox 648 5255 2205 5331">
     <span class='ocr_line' id='line_1_95' title="bbox 648 5255 2205 5331; baseline 0.003 -19"><span class='ocrx_word' id='word_1_742' title='bbox 648 5255 920 5320; x_wconf 86' lang='lat' dir='ltr'><strong>Paulum;</strong></span> <span class='ocrx_word' id='word_1_743' title='bbox 954 5259 1114 5323; x_wconf 88' lang='lat' dir='ltr'><strong>alter,</strong></span> <span class='ocrx_word' id='word_1_744' title='bbox 1147 5259 1274 5313; x_wconf 90' lang='lat' dir='ltr'><strong>olim</strong></span> <span class='ocrx_word' id='word_1_745' title='bbox 1306 5275 1416 5325; x_wconf 74' lang='lat' dir='ltr'><strong>ur,</strong></span> <span class='ocrx_word' id='word_1_746' title='bbox 1449 5260 1591 5316; x_wconf 86' lang='lat' dir='ltr'><strong>inter</strong></span> <span class='ocrx_word' id='word_1_747' title='bbox 1611 5260 1770 5316; x_wconf 88' lang='lat' dir='ltr'><strong>codd.</strong></span> <span class='ocrx_word' id='word_1_748' title='bbox 1799 5259 2014 5330; x_wconf 89' lang='lat' dir='ltr'><strong>philol.,</strong></span> <span class='ocrx_word' id='word_1_749' title='bbox 2044 5276 2205 5331; x_wconf 88' lang='lat' dir='ltr'><strong>quem</strong></span> 
     </span>
    </p>
   </div>
   <div class='ocr_carea' id='block_1_96' title="bbox 719 5434 1800 5511">
    <p class='ocr_par' dir='ltr' id='par_1_96' title="bbox 719 5434 1800 5511">
     <span class='ocr_line' id='line_1_96' title="bbox 719 5434 1800 5511; baseline 0.003 -22"><span class='ocrx_word' id='word_1_750' title='bbox 719 5436 796 5511; x_wconf 81' lang='grc' dir='ltr'><strong>(ᾳ)</strong></span> <span class='ocrx_word' id='word_1_751' title='bbox 822 5435 964 5511; x_wconf 54' lang='lat' dir='ltr'><strong>ﬁdit.</strong></span> <span class='ocrx_word' id='word_1_752' title='bbox 993 5437 1235 5511; x_wconf 73' lang='lat' dir='ltr'><strong>a.__I658,</strong></span> <span class='ocrx_word' id='word_1_753' title='bbox 1268 5447 1399 5494; x_wconf 89' lang='lat' dir='ltr'><strong>tom.</strong></span> <span class='ocrx_word' id='word_1_754' title='bbox 1431 5434 1495 5504; x_wconf 90' lang='lat' dir='ltr'><strong>ll,</strong></span> <span class='ocrx_word' id='word_1_755' title='bbox 1526 5453 1646 5511; x_wconf 88' lang='lat' dir='ltr'><strong>pag.</strong></span> <span class='ocrx_word' id='word_1_756' title='bbox 1675 5438 1800 5494; x_wconf 77' lang='grc'>205.</span> 
     </span>
    </p>
   </div>
   <div class='ocr_carea' id='block_1_97' title="bbox 718 5505 1118 5575">
    <p class='ocr_par' dir='ltr' id='par_1_97' title="bbox 718 5505 1118 5575">
     <span class='ocr_line' id='line_1_97' title="bbox 718 5505 1118 5575; baseline 0.005 -15"><span class='ocrx_word' id='word_1_757' title='bbox 718 5505 796 5574; x_wconf 81' lang='lat' dir='ltr'><strong>(b)</strong></span> <span class='ocrx_word' id='word_1_758' title='bbox 831 5505 960 5575; x_wconf 76' lang='lat' dir='ltr'><strong>Pug.</strong></span> <span class='ocrx_word' id='word_1_759' title='bbox 991 5506 1118 5562; x_wconf 77' lang='grc'>225.</span> 
     </span>
    </p>
   </div>
   <div class='ocr_carea' id='block_1_98' title="bbox 745 5576 1110 5647">
    <p class='ocr_par' dir='ltr' id='par_1_98' title="bbox 745 5576 1110 5647">
     <span class='ocr_line' id='line_1_98' title="bbox 745 5576 1110 5647; baseline 0.003 -18"><span class='ocrx_word' id='word_1_760' title='bbox 745 5581 794 5647; x_wconf 72' lang='grc' dir='ltr'><strong>ε)</strong></span> <span class='ocrx_word' id='word_1_761' title='bbox 826 5576 954 5647; x_wconf 73' lang='lat' dir='ltr'><strong>Pag.</strong></span> <span class='ocrx_word' id='word_1_762' title='bbox 989 5577 1110 5647; x_wconf 70' lang='grc'>144.</span> 
     </span>
    </p>
   </div>
   <div class='ocr_carea' id='block_1_99' title="bbox 743 5645 1110 5717">
    <p class='ocr_par' dir='ltr' id='par_1_99' title="bbox 743 5645 1110 5717">
     <span class='ocr_line' id='line_1_99' title="bbox 743 5645 1110 5717; baseline 0.005 -18"><span class='ocrx_word' id='word_1_763' title='bbox 743 5645 798 5717; x_wconf 82' lang='lat' dir='ltr'><strong>d)</strong></span> <span class='ocrx_word' id='word_1_764' title='bbox 829 5645 1110 5716; x_wconf 52' lang='lat'><strong>9:13.235.</strong></span> 
     </span>
    </p>
   </div>
   <div class='ocr_carea' id='block_1_100' title="bbox 722 5717 1113 5790">
    <p class='ocr_par' dir='ltr' id='par_1_100' title="bbox 722 5717 1113 5790">
     <span class='ocr_line' id='line_1_100' title="bbox 722 5717 1113 5790; baseline 0 -18"><span class='ocrx_word' id='word_1_765' title='bbox 722 5717 792 5790; x_wconf 83' lang='lat' dir='ltr'><strong>te)</strong></span> <span class='ocrx_word' id='word_1_766' title='bbox 823 5719 954 5788; x_wconf 79' lang='lat' dir='ltr'><strong>Pag.</strong></span> <span class='ocrx_word' id='word_1_767' title='bbox 989 5717 1113 5772; x_wconf 74' lang='grc'>247.</span> 
     </span>
    </p>
   </div>
   <div class='ocr_carea' id='block_1_101' title="bbox 2317 4518 3875 4600">
    <p class='ocr_par' dir='ltr' id='par_1_101' title="bbox 2317 4518 3875 4600">
     <span class='ocr_line' id='line_1_101' title="bbox 2317 4518 3875 4600; baseline -0.009 -15"><span class='ocrx_word' id='word_1_768' title='bbox 2317 4529 2477 4593; x_wconf 88' lang='grc'>1698,</span> <span class='ocrx_word' id='word_1_769' title='bbox 2507 4529 2561 4592; x_wconf 77' lang='grc'>4,</span> <span class='ocrx_word' id='word_1_770' title='bbox 2591 4545 2648 4600; x_wconf 92' lang='lat' dir='ltr'><strong>p.</strong></span> <span class='ocrx_word' id='word_1_771' title='bbox 2684 4527 2940 4584; x_wconf 84' lang='grc'>125·287.</span> <span class='ocrx_word' id='word_1_772' title='bbox 2967 4525 3168 4582; x_wconf 80' lang='lat' dir='ltr'><strong>Confer</strong></span> <span class='ocrx_word' id='word_1_773' title='bbox 3208 4537 3396 4594; x_wconf 86' lang='lat' dir='ltr'><strong>supra,</strong></span> <span class='ocrx_word' id='word_1_774' title='bbox 3443 4536 3528 4576; x_wconf 91' lang='lat' dir='ltr'><strong>nr.</strong></span> <span class='ocrx_word' id='word_1_775' title='bbox 3563 4521 3651 4582; x_wconf 87' lang='grc'><strong>15.</strong></span> <span class='ocrx_word' id='word_1_776' title='bbox 3682 4518 3772 4573; x_wconf 89' lang='lat' dir='ltr'><strong>ubi</strong></span> <span class='ocrx_word' id='word_1_777' title='bbox 3801 4518 3875 4572; x_wconf 89' lang='lat' dir='ltr'><strong>de</strong></span> 
     </span>
    </p>
   </div>
   <div class='ocr_carea' id='block_1_102' title="bbox 2309 4613 3870 4692">
    <p class='ocr_par' dir='ltr' id='par_1_102' title="bbox 2309 4613 3870 4692">
     <span class='ocr_line' id='line_1_102' title="bbox 2309 4613 3870 4692; baseline -0.007 -17"><span class='ocrx_word' id='word_1_778' title='bbox 2309 4620 2627 4692; x_wconf 79' lang='lat' dir='ltr'><strong>fragmentis</strong></span> <span class='ocrx_word' id='word_1_779' title='bbox 2653 4628 2781 4676; x_wconf 88' lang='lat' dir='ltr'><strong>ante</strong></span> <span class='ocrx_word' id='word_1_780' title='bbox 2813 4619 2976 4675; x_wconf 91' lang='lat' dir='ltr'><strong>editis</strong></span> <span class='ocrx_word' id='word_1_781' title='bbox 3013 4617 3246 4688; x_wconf 85' lang='lat' dir='ltr'><strong>Nysseni</strong></span> <span class='ocrx_word' id='word_1_782' title='bbox 3271 4625 3454 4671; x_wconf 87' lang='lat' dir='ltr'><strong>contra</strong></span> <span class='ocrx_word' id='word_1_783' title='bbox 3487 4613 3870 4680; x_wconf 81' lang='lat' dir='ltr'><strong>Apollinarem.</strong></span> 
     </span>
    </p>
   </div>
   <div class='ocr_carea' id='block_1_103' title="bbox 2311 4703 3876 4782">
    <p class='ocr_par' dir='ltr' id='par_1_103' title="bbox 2311 4703 3876 4782">
     <span class='ocr_line' id='line_1_103' title="bbox 2311 4703 3876 4782; baseline -0.007 -17"><span class='ocrx_word' id='word_1_784' title='bbox 2311 4710 2476 4766; x_wconf 71' lang='lat' dir='ltr'><strong>FABB.</strong></span> <span class='ocrx_word' id='word_1_785' title='bbox 2509 4710 2845 4782; x_wconf 87' lang='lat' dir='ltr'><strong>Zaccagnius</strong></span> <span class='ocrx_word' id='word_1_786' title='bbox 2874 4710 2912 4764; x_wconf 94' lang='lat' dir='ltr'><strong>l.</strong></span> <span class='ocrx_word' id='word_1_787' title='bbox 2943 4723 2992 4764; x_wconf 91' lang='lat' dir='ltr'><strong>c.</strong></span> <span class='ocrx_word' id='word_1_788' title='bbox 3019 4725 3071 4779; x_wconf 91' lang='lat' dir='ltr'><strong>p.</strong></span> <span class='ocrx_word' id='word_1_789' title='bbox 3115 4708 3211 4763; x_wconf 88' lang='grc'>121</span> <span class='ocrx_word' id='word_1_790' title='bbox 3257 4721 3344 4777; x_wconf 90' lang='lat' dir='ltr'><strong>sq.</strong></span> <span class='ocrx_word' id='word_1_791' title='bbox 3375 4706 3593 4776; x_wconf 89' lang='lat' dir='ltr'><strong>collegit</strong></span> <span class='ocrx_word' id='word_1_792' title='bbox 3629 4703 3876 4759; x_wconf 84' lang='lat' dir='ltr'><strong>testimo-</strong></span> 
     </span>
    </p>
   </div>
   <div class='ocr_carea' id='block_1_104' title="bbox 2310 4790 3873 4874">
    <p class='ocr_par' dir='ltr' id='par_1_104' title="bbox 2310 4790 3873 4874">
     <span class='ocr_line' id='line_1_104' title="bbox 2310 4790 3873 4874; baseline -0.004 -16"><span class='ocrx_word' id='word_1_793' title='bbox 2310 4804 2402 4859; x_wconf 90' lang='lat' dir='ltr'><strong>nia</strong></span> <span class='ocrx_word' id='word_1_794' title='bbox 2446 4804 2516 4859; x_wconf 84' lang='lat' dir='ltr'><strong>de</strong></span> <span class='ocrx_word' id='word_1_795' title='bbox 2553 4803 2645 4858; x_wconf 93' lang='lat' dir='ltr'><strong>illo</strong></span> <span class='ocrx_word' id='word_1_796' title='bbox 2675 4790 2907 4874; x_wconf 84' lang='lat' dir='ltr'><strong>Nysseni</strong></span> <span class='ocrx_word' id='word_1_797' title='bbox 2958 4800 3354 4863; x_wconf 78' lang='lat' dir='ltr'><strong>Antirrhetico,</strong></span> <span class='ocrx_word' id='word_1_798' title='bbox 3406 4807 3569 4866; x_wconf 85' lang='lat' dir='ltr'><strong>atque</strong></span> <span class='ocrx_word' id='word_1_799' title='bbox 3616 4796 3672 4851; x_wconf 94' lang='lat' dir='ltr'><strong>in</strong></span> <span class='ocrx_word' id='word_1_800' title='bbox 3717 4795 3873 4866; x_wconf 72' lang='lat' dir='ltr'><strong>praef.</strong></span> 
     </span>
    </p>
   </div>
   <div class='ocr_carea' id='block_1_105' title="bbox 2313 4889 3876 4968">
    <p class='ocr_par' dir='ltr' id='par_1_105' title="bbox 2313 4889 3876 4968">
     <span class='ocr_line' id='line_1_105' title="bbox 2313 4889 3876 4968; baseline -0.004 -17"><span class='ocrx_word' id='word_1_801' title='bbox 2313 4911 2435 4968; x_wconf 84' lang='lat' dir='ltr'><strong>pag.</strong></span> <span class='ocrx_word' id='word_1_802' title='bbox 2475 4896 2542 4950; x_wconf 89' lang='grc'>18</span> <span class='ocrx_word' id='word_1_803' title='bbox 2595 4910 2716 4966; x_wconf 87' lang='lat' dir='ltr'><strong>sqq.</strong></span> <span class='ocrx_word' id='word_1_804' title='bbox 2750 4895 3089 4950; x_wconf 89' lang='lat' dir='ltr'><strong>demonstrat</strong></span> <span class='ocrx_word' id='word_1_805' title='bbox 3118 4892 3381 4965; x_wconf 90' lang='lat' dir='ltr'><strong>primum,</strong></span> <span class='ocrx_word' id='word_1_806' title='bbox 3418 4907 3556 4961; x_wconf 90' lang='lat' dir='ltr'><strong>opus</strong></span> <span class='ocrx_word' id='word_1_807' title='bbox 3583 4889 3719 4946; x_wconf 92' lang='lat' dir='ltr'><strong>illud</strong></span> <span class='ocrx_word' id='word_1_808' title='bbox 3751 4904 3876 4946; x_wconf 90' lang='lat' dir='ltr'><strong>esse</strong></span> 
     </span>
    </p>
   </div>
   <div class='ocr_carea' id='block_1_106' title="bbox 2313 4983 3876 5058">
    <p class='ocr_par' dir='ltr' id='par_1_106' title="bbox 2313 4983 3876 5058">
     <span class='ocr_line' id='line_1_106' title="bbox 2313 4983 3876 5058; baseline -0.004 -15"><span class='ocrx_word' id='word_1_809' title='bbox 2313 4987 2606 5058; x_wconf 88' lang='lat' dir='ltr'><strong>genuinum</strong></span> <span class='ocrx_word' id='word_1_810' title='bbox 2634 4985 2862 5058; x_wconf 83' lang='lat' dir='ltr'><strong>Nysseni</strong></span> <span class='ocrx_word' id='word_1_811' title='bbox 2893 4986 3094 5049; x_wconf 81' lang='lat' dir='ltr'><strong>fetum;</strong></span> <span class='ocrx_word' id='word_1_812' title='bbox 3141 4995 3254 5040; x_wconf 90' lang='lat' dir='ltr'><strong>tum</strong></span> <span class='ocrx_word' id='word_1_813' title='bbox 3293 4984 3519 5056; x_wconf 81' lang='lat' dir='ltr'><strong>inquirit</strong></span> <span class='ocrx_word' id='word_1_814' title='bbox 3551 4983 3607 5038; x_wconf 89' lang='lat' dir='ltr'><strong>in</strong></span> <span class='ocrx_word' id='word_1_815' title='bbox 3637 4991 3876 5052; x_wconf 88' lang='lat' dir='ltr'><strong>tempus,</strong></span> 
     </span>
    </p>
   </div>
   <div class='ocr_carea' id='block_1_107' title="bbox 2313 5075 3881 5146">
    <p class='ocr_par' dir='ltr' id='par_1_107' title="bbox 2313 5075 3881 5146">
     <span class='ocr_line' id='line_1_107' title="bbox 2313 5075 3881 5146; baseline -0.001 -17"><span class='ocrx_word' id='word_1_816' title='bbox 2313 5091 2423 5146; x_wconf 91' lang='lat' dir='ltr'><strong>quo</strong></span> <span class='ocrx_word' id='word_1_817' title='bbox 2441 5076 2571 5130; x_wconf 91' lang='lat' dir='ltr'><strong>illud</strong></span> <span class='ocrx_word' id='word_1_818' title='bbox 2589 5075 2692 5130; x_wconf 82' lang='lat' dir='ltr'><strong>fuit</strong></span> <span class='ocrx_word' id='word_1_819' title='bbox 2707 5083 3011 5139; x_wconf 86' lang='lat' dir='ltr'><strong>exaratum,</strong></span> <span class='ocrx_word' id='word_1_820' title='bbox 3025 5085 3079 5129; x_wconf 89' lang='lat' dir='ltr'><strong>et</strong></span> <span class='ocrx_word' id='word_1_821' title='bbox 3095 5077 3400 5145; x_wconf 87' lang='lat' dir='ltr'><strong>suspicatur</strong></span> <span class='ocrx_word' id='word_1_822' title='bbox 3417 5076 3688 5144; x_wconf 88' lang='lat' dir='ltr'><strong>latiusque</strong></span> <span class='ocrx_word' id='word_1_823' title='bbox 3702 5083 3881 5129; x_wconf 85' lang='lat' dir='ltr'><strong>osten-</strong></span> 
     </span>
    </p>
   </div>
   <div class='ocr_carea' id='block_1_108' title="bbox 2314 5163 3879 5236">
    <p class='ocr_par' dir='ltr' id='par_1_108' title="bbox 2314 5163 3879 5236">
     <span class='ocr_line' id='line_1_108' title="bbox 2314 5163 3879 5236; baseline -0.002 -15"><span class='ocrx_word' id='word_1_824' title='bbox 2314 5167 2395 5221; x_wconf 93' lang='lat' dir='ltr'><strong>dit</strong></span> <span class='ocrx_word' id='word_1_825' title='bbox 2423 5167 2628 5222; x_wconf 89' lang='lat' dir='ltr'><strong>editum</strong></span> <span class='ocrx_word' id='word_1_826' title='bbox 2689 5165 2856 5222; x_wconf 78' lang='lat' dir='ltr'><strong>fuisse</strong></span> <span class='ocrx_word' id='word_1_827' title='bbox 2887 5181 2918 5219; x_wconf 88' lang='lat' dir='ltr'><strong>a</strong></span> <span class='ocrx_word' id='word_1_828' title='bbox 2946 5163 3196 5236; x_wconf 82' lang='lat' dir='ltr'><strong>Nysseno</strong></span> <span class='ocrx_word' id='word_1_829' title='bbox 3224 5166 3404 5222; x_wconf 89' lang='lat' dir='ltr'><strong>medio</strong></span> <span class='ocrx_word' id='word_1_830' title='bbox 3441 5177 3687 5236; x_wconf 85' lang='lat' dir='ltr'><strong>tempore</strong></span> <span class='ocrx_word' id='word_1_831' title='bbox 3735 5165 3879 5219; x_wconf 90' lang='lat' dir='ltr'><strong>inter</strong></span> 
     </span>
    </p>
   </div>
   <div class='ocr_carea' id='block_1_109' title="bbox 2315 5256 3876 5326">
    <p class='ocr_par' dir='ltr' id='par_1_109' title="bbox 2315 5256 3876 5326">
     <span class='ocr_line' id='line_1_109' title="bbox 2315 5256 3876 5326; baseline -0.003 -12"><span class='ocrx_word' id='word_1_832' title='bbox 2315 5274 2517 5314; x_wconf 87' lang='lat' dir='ltr'><strong>annum</strong></span> <span class='ocrx_word' id='word_1_833' title='bbox 2559 5257 2684 5325; x_wconf 82' lang='grc'>575,</span> <span class='ocrx_word' id='word_1_834' title='bbox 2731 5267 2785 5313; x_wconf 92' lang='lat' dir='ltr'><strong>et</strong></span> <span class='ocrx_word' id='word_1_835' title='bbox 2825 5257 3485 5314; x_wconf 78' lang='lat' dir='ltr'><strong>Constantinopolitanam</strong></span> <span class='ocrx_word' id='word_1_836' title='bbox 3534 5256 3876 5326; x_wconf 78' lang='lat' dir='ltr'><strong>isynodum,</strong></span> 
     </span>
    </p>
   </div>
   <div class='ocr_carea' id='block_1_110' title="bbox 2381 5435 3880 5577">
    <p class='ocr_par' dir='ltr' id='par_1_110' title="bbox 2381 5435 3880 5577">
     <span class='ocr_line' id='line_1_110' title="bbox 2381 5435 3748 5507; baseline -0.01 -12"><span class='ocrx_word' id='word_1_837' title='bbox 2381 5437 2450 5504; x_wconf 73' lang='grc' dir='ltr'><strong>(ἴ)</strong></span> <span class='ocrx_word' id='word_1_838' title='bbox 2477 5435 2607 5507; x_wconf 82' lang='lat' dir='ltr'><strong>Pag.</strong></span> <span class='ocrx_word' id='word_1_839' title='bbox 2627 5435 2751 5492; x_wconf 86' lang='grc'>266.</span> <span class='ocrx_word' id='word_1_840' title='bbox 3737 5496 3748 5506; x_wconf 38' lang='grc' dir='ltr'><strong>ο</strong></span> 
     </span>
     <span class='ocr_line' id='line_1_111' title="bbox 2383 5503 3880 5577; baseline -0.005 -15"><span class='ocrx_word' id='word_1_841' title='bbox 2383 5509 2454 5577; x_wconf 84' lang='lat' dir='ltr'><strong>(g)</strong></span> <span class='ocrx_word' id='word_1_842' title='bbox 2487 5508 2544 5561; x_wconf 90' lang='lat' dir='ltr'><strong>In</strong></span> <span class='ocrx_word' id='word_1_843' title='bbox 2592 5508 2718 5577; x_wconf 68' lang='lat' dir='ltr'><strong>cod.</strong></span> <span class='ocrx_word' id='word_1_844' title='bbox 2761 5507 2966 5577; x_wconf 61' lang='lat' dir='ltr'><strong>Cesar.</strong></span> <span class='ocrx_word' id='word_1_845' title='bbox 3009 5503 3246 5577; x_wconf 75' lang='lat' dir='ltr'><strong>LXXIX,</strong></span> <span class='ocrx_word' id='word_1_846' title='bbox 3297 5519 3383 5577; x_wconf 74' lang='lat' dir='ltr'><strong>nr.</strong></span> <span class='ocrx_word' id='word_1_847' title='bbox 3427 5504 3629 5577; x_wconf 41' lang='lat' dir='ltr'><strong>{insub</strong></span> <span class='ocrx_word' id='word_1_848' title='bbox 3659 5503 3880 5577; x_wconf 80' lang='lat' dir='ltr'><strong>nomine</strong></span> 
     </span>
    </p>
   </div>
   <div class='ocr_carea' id='block_1_111' title="bbox 2312 5571 3877 5646">
    <p class='ocr_par' dir='ltr' id='par_1_111' title="bbox 2312 5571 3877 5646">
     <span class='ocr_line' id='line_1_112' title="bbox 2312 5571 3877 5646; baseline -0.001 -15"><span class='ocrx_word' id='word_1_849' title='bbox 2312 5571 2556 5642; x_wconf 73' lang='lat' dir='ltr'><strong>Gregorii</strong></span> <span class='ocrx_word' id='word_1_850' title='bbox 2593 5574 3180 5646; x_wconf 75' lang='lat' dir='ltr'><strong>Nazianz.Videsupra</strong></span> <span class='ocrx_word' id='word_1_851' title='bbox 3201 5571 3258 5628; x_wconf 91' lang='lat' dir='ltr'><strong>in</strong></span> <span class='ocrx_word' id='word_1_852' title='bbox 3295 5574 3404 5629; x_wconf 91' lang='lat' dir='ltr'><strong>vol.</strong></span> <span class='ocrx_word' id='word_1_853' title='bbox 3435 5571 3571 5641; x_wconf 83' lang='lat' dir='ltr'><strong>VIII,</strong></span> <span class='ocrx_word' id='word_1_854' title='bbox 3629 5589 3680 5645; x_wconf 86' lang='lat' dir='ltr'><strong>p.</strong></span> <span class='ocrx_word' id='word_1_855' title='bbox 3749 5573 3877 5629; x_wconf 73' lang='grc'>611.</span> 
     </span>
    </p>
   </div>
   <div class='ocr_carea' id='block_1_112' title="bbox 2315 5649 3734 5790">
    <p class='ocr_par' dir='ltr' id='par_1_112' title="bbox 2315 5649 3734 5790">
     <span class='ocr_line' id='line_1_113' title="bbox 2315 5649 3734 5790; baseline -0.002 -19"><span class='ocrx_word' id='word_1_856' title='bbox 2315 5649 2546 5790; x_wconf 43' lang='grc' dir='ltr'><strong>Πλᾶῗιτι</strong></span> <span class='ocrx_word' id='word_1_857' title='bbox 2571 5717 2689 5772; x_wconf 87' lang='lat' dir='ltr'><strong>cod.</strong></span> <span class='ocrx_word' id='word_1_858' title='bbox 2722 5715 2883 5772; x_wconf 86' lang='lat' dir='ltr'><strong>Laur.</strong></span> <span class='ocrx_word' id='word_1_859' title='bbox 2921 5716 3016 5777; x_wconf 78' lang='grc' dir='ltr'><strong>καὶ</strong></span> <span class='ocrx_word' id='word_1_860' title='bbox 3047 5719 3196 5773; x_wconf 82' lang='grc' dir='ltr'>ποῖον</span> <span class='ocrx_word' id='word_1_861' title='bbox 3221 5715 3408 5773; x_wconf 78' lang='grc' dir='ltr'><strong>τοῦτον</strong></span> <span class='ocrx_word' id='word_1_862' title='bbox 3437 5716 3615 5782; x_wconf 75' lang='grc' dir='ltr'><strong>ἄνθος.</strong></span> <span class='ocrx_word' id='word_1_863' title='bbox 3661 5732 3734 5770; x_wconf 72' lang='grc' dir='ltr'><strong>ευ.</strong></span> 
     </span>
    </p>
   </div>
  </div>
