4110 6478
271 322 342 375 ‘57
1502 326 1787 383 NOTITIA
1829 325 1922 382 EX
1962 326 2302 389 FABRIGIO.
3455 345 3523 399 38

266 446 394 491 ante
458 441 854 495 tecurmenicam
942 460 976 496 ιι
1037 444 1305 514 synodum
1358 452 1412 499 et
1467 454 1593 501 ante
1644 447 1851 501 obitum
1882 448 1929 505 Α
1956 446 2114 519 Nyss.
2142 467 2248 519 qua
2278 452 2423 507 hunc
2448 453 2685 510 vindicat
2722 467 2914 513 contra
2953 474 3069 525 eos,
3101 460 3193 531 qui
3227 460 3404 531 ipsum
3439 462 3525 516 in-

270 532 634 601 Apollinaris:
678 548 802 604 pag.
848 535 910 589 ‘21
951 551 1123 606 usque
1161 538 1229 590 ad
1276 551 1399 608 pag.
1445 537 1507 591 41
1542 539 1848 593 doctrinam
1953 542 2307 606 simulabant,
2334 545 2479 614 quod
2500 546 2744 602 fallacem
2768 550 3058 621 quamdam
3090 553 3521 608 immutationem

271 625 585 694 placitaque
625 624 859 697 Nysseni
905 631 1151 698 quaedam
1205 630 1463 699 explicat,
1517 638 1572 684 et
1618 631 1851 686 liberare
1956 640 2131 687 status
2195 634 2500 689 animarum
2563 637 2615 690 in
2678 640 2794 694 suis
2857 642 3080 708 scriptis
3141 657 3519 701 memorasset.

270 715 456 768 studet
496 732 623 770 eum
653 733 683 771 a
719 718 948 773 crimine
998 720 1384 780 heterodoxiaa,
1428 735 1592 788 quam
1622 727 1844 786 vocant,
1953 725 2179 779 Accedit
2214 727 2386 781 series
2423 729 2748 784 varietatum
2791 734 3146 801 epistularum
3187 733 3455 807 Gregorii,
3488 753 3521 792 a

271 806 491 875 agitque
525 806 592 861 de
638 808 889 878 reliquis,
940 826 1077 879 quos
1118 810 1303 874 edidit,
1358 809 1589 881 Nysseni
1623 812 1842 868 libellis.
1956 816 2263 886 Zaccagnio
2291 819 2584 885 editarum,
2610 836 2747 890 quas
2777 837 2841 876 ex
2866 824 3153 880 collatione
3192 806 3313 880 cod.
3341 825 3514 882 Vatic.

274 898 381 952 Sed
412 914 671 969 compara
706 901 1026 958 Scbrteckh.
1071 904 1110 962 l,
1160 918 1209 957 c.
1254 918 1377 972 pag.
1405 903 1474 958 69
1497 921 1618 975 sqq.
1650 904 1718 960 de
1755 906 1846 960 illo
1952 919 2005 963 et
2030 908 2252 964 Medicei
2283 910 2577 965 observare
2606 912 2751 976 licet,
2781 914 3106 983 interposito
3135 916 3406 972 interdum
3453 918 3521 973 de

270 1004 455 1058 cpt-re,
505 992 598 1060 qui
656 994 913 1061 opinatur
967 994 1141 1049 serius
1224 996 1469 1065 potuisse
1520 1012 1549 1050 a
1599 995 1847 1068 Nysseno
1952 1001 2020 1055 iis
2061 1001 2291 1070 judicio.
2326 1001 2488 1056 Plura
2518 1004 2663 1073 leges
2710 1004 2777 1059 de
2813 1006 2914 1059 hac
2952 1007 3085 1063 edit.
3125 1009 3178 1062 in
3216 1026 3343 1064 nov.
3380 1012 3520 1067 actis

270 1081 535 1149 scriptum
576 1097 721 1144 esse,
773 1092 826 1136 et
877 1084 1063 1138 laudat
1103 1084 1306 1140 Christ.
1340 1085 1477 1156 Aug.
1504 1086 1699 1157 Salig.,
1750 1088 1843 1157 qui

268 1171 588 1240 diligentius
626 1182 680 1226 et
712 1174 1047 1231 moderatius
1079 1177 1133 1230 in
1171 1176 1265 1231 lib.
1295 1175 1367 1231 De
1402 1176 1842 1247 Eutychianismo

270 1275 391 1317 ante
445 1265 732 1337 Eutychen,
781 1282 904 1336 cap.
946 1267 1036 1333 20,
1084 1284 1138 1338 p.
1186 1269 1289 1323 I76
1342 1286 1461 1340 sqq.
1509 1271 1844 1328 defendisset

269 1352 501 1426 Nyssen.
551 1358 833 1412 catholicae
875 1358 1179 1429 disciplina:
1223 1360 1487 1426 deditum,
1540 1379 1571 1417 a
1615 1365 1844 1420 crimine

270 1442 418 1501 falsa:
447 1446 732 1502 doctrinae.
773 1446 914 1504 Add.
959 1448 1169 1506 Semler
1204 1468 1257 1522 p.
1284 1453 1408 1507 2'56.
1442 1463 1496 1508 et
1547 1454 1747 1510 Ondin.
1784 1473 1838 1527 p.

1949 1093 2105 1149 erud.
2130 1093 2277 1163 Lips.
2308 1109 2382 1148 m.
2409 1093 2539 1149 Jun.
2572 1110 2622 1149 a.
2650 1096 2808 1150 1739.
2837 1106 2975 1167 part.
3005 1114 3062 1163 ιι,
3094 1115 3214 1169 pag.
3238 1102 3363 1165 357,
3395 1118 3516 1172 sqq.

1949 1184 2348 1239 Animadvertit
2377 1196 2557 1239 tamen
2607 1184 2833 1241 Bandin.
2869 1189 2904 1241 l.
2934 1204 2983 1243 c.
3017 1205 3138 1259 pag.
3171 1191 3275 1245 5'57
3307 1202 3523 1261 postre-

1949 1289 2067 1328 mas
2096 1290 2218 1344 epp.
2246 1276 2299 1329 in
2316 1276 2404 1331 ed.
2428 1276 2731 1334 Caraccioli
2758 1280 2940 1335 minus
2966 1279 3068 1334 [ide
3090 1296 3155 1333 ex
3179 1282 3299 1334 cod.
3327 1282 3517 1337 Medic.

1948 1360 2119 1417 fuisse
2145 1362 2469 1434 descriptas,
2501 1376 2554 1420 et
2576 1381 2606 1419 a
2636 1366 2820 1421 Iuturo
2852 1382 2978 1437 opp.
3002 1366 3160 1439 Nyss.
3192 1369 3399 1424 editore
3423 1387 3522 1425 nos

1945 1468 2067 1507 vam
2114 1454 2260 1511 illius
2299 1456 2422 1510 cod.
2453 1456 2799 1511 collationem
2848 1472 2970 1512 esse
3002 1457 3416 1514 instituendam.
3450 1488 3521 1498 —

271 1537 395 1590 609.
453 1554 536 1608 sq.
585 1569 655 1578 —
706 1538 764 1592 Id
808 1556 946 1610 opus
980 1550 1159 1597 exstat
1193 1559 1411 1615 quoque
1461 1545 1751 1604 Florentia:
1783 1553 1838 1603 in
1949 1544 2127 1600 Paris.
2161 1547 2214 1602 in
2257 1547 2390 1602 bibl.
2420 1547 2579 1603 Publ.
2614 1556 2742 1603 sunt
2780 1547 2941 1620 Nyss.
2984 1564 3172 1619 paucae
3199 1551 3311 1620 jam
3360 1550 3521 1607 edita

269 1624 530 1684 Laurent.
568 1631 725 1685 codd.
757 1630 848 1693 IV,
900 1649 985 1687 nr.
1026 1633 1111 1701 10,
1156 1637 1292 1705 plut.
1329 1639 1381 1698 7,
1427 1646 1482 1693 et
1510 1639 1624 1704 XII,
1668 1657 1754 1695 nr.
1783 1640 1836 1708 6,
1948 1637 2191 1706 epistola:
2218 1638 2272 1692 in
2301 1636 2417 1693 XIII
2442 1638 2631 1701 codd.,
2655 1641 2710 1694 in
2740 1641 2991 1709 plurimis
3025 1650 3203 1696 tamen
3233 1642 3393 1697 codd.
3431 1659 3520 1698 so-

270 1722 406 1788 ptut,
462 1721 548 1775 to.
586 1720 655 1775 ν.
696 1722 930 1779 Bandin.
986 1734 1095 1780 cat,
1145 1727 1306 1783 codd.
1341 1729 1434 1783 Gr.
1480 1728 1643 1786 Laur.
1688 1733 1741 1795 1,
1782 1749 1836 1803 ρ,
1875 1790 1912 1803 ἢ
1944 1727 2220 1783 Iummodo
2247 1737 2332 1785 est
2365 1730 2595 1801 epistola
2624 1746 2824 1787 canon.
2854 1732 2919 1787 ad
2954 1732 3221 1789 Letoium.
3250 1732 3422 1788 Ηιιιι..

266 1812 855 1919 Ξοξῆειέὃὲοηξίιὶξξη.
929 1906 961 1919 η
1029 1906 1081 1919 ἡ.
1157 1909 1168 1919 _
1871 1790 1914 1845 Β
2025 1840 2278 1910 Epistula:
2301 1841 2530 1915 Nysseni
2553 1844 2624 1898 ad
2645 1845 3090 1915 Amphilochium,
3122 1863 3229 1918 qua
3269 1849 3521 1919 queritur

338 1904 428 1959 79.
466 1903 702 1959 Homilia
727 1904 812 1968 II,
837 1907 894 1959 in
924 1906 981 1962 S.
1023 1906 1342 1976 Stephanum
1379 1920 1840 1983 protomartyrem,

1953 1930 2015 1983 ab
2046 1929 2292 1987 Ilelladio
2326 1948 2436 1988 non
2478 1934 2766 1988 invitatum
2810 1951 2891 2000 se,
2927 1944 2985 1990 ut
3023 1936 3080 1991 in
3128 1938 3364 1991 ecclesia
3399 1938 3520 2008 ejus

266 1994 610 2067 Ἐπεδήμησε
631 1996 864 2068 Χριστὸς
889 1998 967 2069 τῷ
994 2000 1183 2070 κόσμῳ
1201 2003 1279 2065 είς
1303 2004 1597 2073 σωτηρίαν.
1625 2004 1845 2064 Primus

1953 2023 2109 2077 verba
2144 2038 2301 2079 sacra
2338 2025 2565 2091 faceret,
2637 2027 2883 2081 meminit
2945 2027 3235 2084 Baronius.
3270 2028 3522 2101 [Diversa

266 2087 455 2143 Graece
484 2104 549 2143 ex
578 2088 769 2144 codice
796 2088 1064 2145 Vaticano
1089 2107 1213 2146 cum
1242 2095 1494 2150 versione
1538 2112 1637 2151 sua
1677 2099 1848 2155 edidit

1953 2114 2113 2185 igitur
2153 2119 2257 2171 erit
2295 2118 2365 2172 ab
2414 2087 2587 2186 Epist.
2645 2117 2714 2172 ad
2756 2118 3084 2190 Amphiloch.
3121 2136 3241 2191 quae
3273 2087 3521 2191 tseptima

268 2180 609 2255 Zaccagnius
627 2182 963 2254 p.550-5-i5,
994 2200 1120 2240 cum
1152 2188 1318 2242 notis.
1348 2186 1507 2242 Prior
1527 2189 1629 2244 fuit
1656 2208 1842 2263 supra,

267 2289 353 2328 nr.
383 2275 472 2328 54.

340 2363 428 2417 80.
462 2360 715 2429 Ενίδιοίιε
737 2360 899 2416 XIV:
921 2362 971 2416 I.
1000 2364 1070 2416 ad
1104 2362 1410 2430 Eusebium,
1435 2366 1845 2437 incipit:"0*ratv

267 2454 584 2518 πλεονάζειν
630 2453 884 2525 ἄρχηται.
929 2455 985 2508 2.
1015 2455 1084 2508 ad
1132 2455 1464 2522 Sebastenos,
1513 2459 1845 2533 Ἐγνὼρισαν

269 2543 402 2615 ἡμῖν
419 2560 581 2605 τινες.
605 2543 656 2596 5.
673 2543 939 2596 Διέσωσεν
960 2546 1108 2615 ἡμᾶς
1132 2547 1159 2597 ὁ
1178 2546 1401 2617 Κύριος.
1424 2548 1471 2602 4.
1502 2549 1683 2619 Νόμος
1700 2552 1844 2605 ἐστὶν

269 2636 537 2707 ἡμέτερος
556 2634 761 2688 κλαίειν
797 2635 933 2704 μετὰ
969 2636 1281 2692 κλαιόντων.
1309 2639 1364 2692 5.
1399 2640 1514 2709 Ἐφ’
1542 2634 1586 2708 ᾧ
1611 2642 1844 2710 μάλιστα

269 2727 423 2797 παρὰ
445 2727 547 2779 τῶν
576 2727 753 2795 σοφῶν
772 2729 800 2779 ὁ
825 2727 1076 2797 βασιλεὺς
1098 2729 1205 2782 τῶν
1226 2730 1569 2787 Μακεδόνων.
1596 2736 1651 2790 6.
1666 2737 1845 2791 Τοιοῦ-

267 2819 361 2871 τόν
407 2837 457 2872 τι
498 2818 683 2888 θαῦμά
740 2835 901 2887 φασιν
965 2821 1023 2871 ὲν
1081 2824 1191 2884 τοῖς
1255 2822 1523 2895 θεάτροις.
1581 2828 1624 2882 7.
1687 2830 1845 2884 Ποῖον

270 2909 512 2962 τοιοῦτον
537 2911 611 2980 (α)
647 2909 806 2974 ἄνθος
833 2913 889 2963 ὲν
912 2909 1053 2981 ἔαρι.
1086 2910 1137 2966 8.
1164 2914 1338 2967 Αίτῶν
1365 2934 1417 2969 τι
1458 2920 1531 2986 (b)
1572 2925 1847 2991 προσφυὲς

270 3002 366 3052 καὶ
393 3002 608 3053 οίκεῖον.
642 3000 695 3053 9.
727 3001 861 3053 Οὐδὲ
881 3002 972 3053 τοῦ
1002 3002 1161 3073 ἔαρος
1186 3006 1219 3073 ἡ
1261 3006 1437 3076 χάρις.
1482 3009 1567 3063 10.
1596 3012 1845 3070 ’Ἤκουσά

270 3109 416 3155 τινος
460 3092 744 3163 ’ἰατρικοῦ,
782 3094 869 3146 11.
900 3092 1126 3164 Ἐορτὴν
1158 3095 1311 3162 ἄγειν
1342 3098 1567 3169 σύνηθες
1580 3106 1692 3166 τοῖς,⁵
1721 3106 1848 3161 Ῥω·
1871 3119 1917 3178 α

275 3185 476 3256 μαίοις.
521 3187 605 3238 12.
641 3186 748 3239 Καὶ
770 3185 876 3238 τῶν
907 3185 1080 3239 ἄλλων
1107 3189 1360 3242 ἁπάντων
1388 3194 1585 3265 μικροῦ
1611 3197 1720 3253 δεῖν
1750 3201 1844 3271 (c).

276 3280 363 3333 15.
405 3278 577 3348 ’Υμᾶς
613 3278 711 3348 μὲν
740 3281 767 3332 ὁ
799 3278 979 3350 πατὴρ
1029 3280 1137 3331 τῶν
1178 3283 1497 3353 οἰκτιρμῶν,
1529 3296 1582 3341 et
1622 3291 1708 3345 14.
1758 3292 1847 3358 Ὠς

273 3370 414 3424 καλὰ
446 3371 553 3422 τῶν
586 3370 762 3423 καλῶν
791 3373 906 3423 ἐστι
933 3371 1002 3424 τὰ
1029 3372 1373 3443 ὁμοιώματα.
1414 3376 1630 3437 Primus
1660 3383 1848 3441 Griece

273 3478 399 3514 cum
441 3461 691 3514 versione
739 3477 838 3515 sua
869 3469 922 3514 et
955 3463 1100 3515 notis
1130 3464 1298 3519 edidit
1333 3466 1473 3521 idem
1508 3469 1847 3544 Zaccagnius

273 3567 399 3621 pag.
445 3552 708 3606 ὅδε-400.
749 3550 916 3604 ΡΑιιιι.
954 3553 1094 3607 Idem
1134 3554 1401 3625 Zaccagn.
1440 3558 1495 3612 in
1526 3562 1848 3630 praefatione

274 3640 329 3712 p.
363 3643 432 3696 I2
461 3658 570 3711 ξφ,
595 3642 840 3712 quaedam
874 3652 1062 3697 notatu
1093 3646 1255 3713 digna
1288 3647 1355 3702 de
1386 3650 1493 3704 illis
1514 3653 1845 3717 observavit.

273 3766 345 3776 --
377 3734 434 3788 In
462 3735 584 3790 cod.
635 3743 814 3788 autem
860 3734 1115 3791 Laurent.
1146 3736 1284 3802 XIII,
1307 3740 1442 3810 plut.
1472 3742 1557 3803 76,
1592 3761 1621 3798 a
1650 3745 1849 3804 Bandi-

275 3830 369 3882 nio
407 3828 457 3882 in
490 3827 663 3882 Catal.
703 3826 860 3883 codd.
896 3828 989 3882 Gr.
1026 3829 1286 3885 Laurent.
1329 3841 1463 3888 tom.
1500 3836 1587 3903 III,
1630 3855 1685 3909 p.
1740 3842 1847 3897 ‘555

276 3935 399 3989 sqq.
436 3919 685 3972 curatius
709 3918 1005 3988 descripto,
1041 3928 1169 3975 sunt
1202 3930 1395 3990 przeter
1423 3922 1584 3995 Nyss.
1629 3929 1849 3999 physic-

278 4011 471 4080 Iogiant
499 4025 546 4064 s.
580 4007 655 4062 De
681 4019 874 4063 natura
900 4010 1125 4065 hominis
1151 4020 1205 4065 et
1234 4028 1540 4070 sermonem
1566 4017 1645 4073 De
1667 4023 1849 4077 animo

277 4111 367 4171 atq
410 4118 441 4154 e
474 4100 887 4165 Catecheticum,
930 4117 992 4156 ac
1031 4115 1224 4173 praeter
1252 4122 1376 4176 epp.
1415 4108 1468 4163 in
1504 4110 1636 4165 edit.
1668 4113 1845 4172 Paris.

276 4194 497 4263 partim,
566 4194 765 4262 partim
823 4209 853 4247 a
909 4191 1211 4265 Zaccagnio
1265 4199 1590 4267 publicatas,
1641 4216 1846 4274 septem

276 4286 416 4347 aliae,
445 4301 511 4340 ex
552 4285 656 4338 hoc
680 4285 802 4339 cod.
835 4300 863 4338 a
888 4285 1203 4341 Caracciolo
1230 4288 1323 4344 Gr.
1354 4301 1409 4345 et
1431 4291 1551 4348 Lat.
1587 4295 1643 4350 in
1673 4297 1848 4354 lucem

274 4378 511 4431 υιιιίςςςιξ.
550 4378 814 4447 Inscripta
854 4386 1034 4432 autem
1065 4388 1150 4433 est
1183 4379 1380 4436 editio:

1942 2216 2030 2262 est
2066 2209 2120 2262 in
2148 2208 2235 2264 ed.
2264 2209 2584 2266 Caraccioli.
2623 2210 2718 2283 H.]

2016 2340 2107 2395 VI.
2151 2342 2206 2396 In
2251 2340 2513 2413 Catalogo
2560 2344 2695 2398 bibl.
2722 2343 3038 2398 Barberina:
3084 2359 3138 2412 p.
3172 2342 3279 2397 494
3319 2358 3524 2400 memo-

1948 2441 2100 2487 ratur
2116 2433 2277 2504 Greg.
2299 2433 2580 2505 Nyssenus
2610 2435 2685 2490 De
2707 2435 3317 2491 transwbstantiatione.
3352 2436 3526 2492 Nimi-

1948 2544 2069 2582 rum
2118 2529 2345 2583 Parisiis
2389 2543 2441 2583 a.
2484 2529 2643 2593 1560,
2686 2529 2783 2584 fol.
2831 2537 2957 2599 post
3006 2527 3280 2600 Liturgias
3310 2528 3522 2593 Jacobi,

1946 2619 2134 2675 Basilii
2174 2627 2227 2675 et
2260 2619 2637 2691 Ghrysostomi
2674 2621 2818 2676 inter
2848 2621 2998 2676 varia
3025 2631 3266 2676 veterum
3297 2619 3522 2674 Patrum

1947 2714 2148 2783 scripta
2191 2713 2258 2768 de
2305 2712 2363 2768 S.
2401 2712 2563 2767 Carna
2595 2730 2646 2784 p.
2688 2713 2949 2776 13549.5,
2999 2713 3186 2769 Graece
3214 2721 3393 2769 exstat
3421 2713 3528 2767 sub

1947 2803 2173 2875 Nysseni
2212 2803 2451 2869 nomine,
2498 2806 2621 2857 Ὅτι
2667 2805 3024 2875 ἁγιαζόμενος
3055 2806 3218 2877 ἄρτος
3248 2806 3327 2869 εἰς
3369 2803 3527 2874 σῶμα

1945 2891 2038 2945 τοῦ
2074 2892 2223 2965 ,Θεοῦ
2237 2890 2410 2959 Λόγου
2444 2896 2839 2963 μεταποιεῖται,
2864 2892 2958 2945 καὶ
2994 2893 3077 2944 ὅτι
3120 2892 3427 2957 ἐπάναγκες
3456 2890 3525 2959 τῇ

1947 2981 2261 3052 ἀνθρωπεία
2303 2981 2459 3050 φύσει
2506 2980 2671 3034 αὑτοῦ
2714 2978 3169 3050 μεταλαμϐάνειν.
3216 2975 3369 3042 Quod
3408 2991 3529 3027 sau-

1948 3075 2211 3143 ctiﬁcatus
2253 3074 2407 3141 panis
2449 3074 2504 3125 in
2545 3089 2733 3134 corpus
2772 3071 2868 3124 Dei
2921 3070 3074 3124 Verbi
3116 3076 3523 3129 transmutatur,

1951 3165 2189 3235 quodque
2218 3179 2422 3217 necesse
2466 3164 2536 3216 sit
2587 3165 2830 3216 humanae
2858 3172 3066 3215 natura:
3097 3177 3156 3214 eo
3188 3159 3525 3229 participare.

1954 3255 2151 3310 Eadem
2177 3253 2453 3325 Liturgica
2486 3253 2677 3308 Latine
2720 3253 2869 3307 edita
2914 3270 2943 3307 a
2982 3252 3211 3307 Claudio
3240 3250 3308 3305 de
3338 3248 3529 3303 Sainco

1953 3357 2054 3416 tes,
2096 3352 2373 3417 Antwerp.
2409 3346 2569 3409 I562,
2599 3348 2653 3408 8,
2689 3347 2778 3400 ubi
2822 3345 3055 3417 Nysseni
3097 3344 3240 3398 idem
3289 3354 3526 3411 apospa-

1953 3440 2188 3496 smation
2226 3455 2349 3509 pag.
2391 3439 2456 3492 74
2488 3438 2682 3493 Latine
2708 3438 2924 3509 legitur.
2958 3436 3054 3491 Est
3083 3444 3264 3489 autem
3299 3432 3525 3504 petitum

1952 3547 2018 3585 ex
2041 3546 2235 3600 magno
2266 3531 2416 3584 illius
2451 3529 2800 3583 Catechetico
2837 3543 2958 3596 cap.
2995 3526 3086 3592 37,
3121 3533 3282 3594 atque
3323 3536 3528 3591 expen-

1953 3622 2104 3677 ditur
2131 3624 2352 3693 copiose
2382 3622 2450 3675 ab
2482 3620 2768 3676 Edmundo
2806 3622 3114 3683 Albertino,
3152 3619 3205 3673 in
3251 3631 3414 3688 opere
3453 3613 3530 3667 De

1955 3714 2295 3768 Sacramenta
2335 3711 2683 3765 Eucltaristia:
2712 3727 2763 3781 p.
2792 3710 2901 3765 485
2931 3726 3049 3780 seq.
3092 3708 3168 3764 De
3192 3705 3529 3762 catechetico

1956 3808 2045 3861 illo
2088 3806 2228 3859 libro
2256 3806 2463 3859 dictum
2495 3818 2659 3872 supra
2690 3819 2774 3857 nr.
2817 3803 2904 3857 55.

2026 3912 2333 3983 Symbolum
2375 3910 2499 3978 ﬁdei
2540 3909 2874 3973 Christiania,
2902 3907 3045 3977 quod
3074 3905 3317 3976 Gregorii
3349 3903 3530 3957 Thau-

1955 4004 2189 4074 maturgi
2220 4012 2329 4065 est,
2374 4000 2667 4055 adducitur
2702 4015 2732 4053 a
2757 3998 3004 4071 Nysseno
3051 3997 3107 4052 in
3143 3996 3262 4051 Vita
3293 3993 3531 4065 Gregorii

1969 4094 2385 4164 Thaumuturgi,
2459 4094 2513 4147 in
2571 4091 2897 4162 quibusdam
2943 4089 3220 4145 codicibus
3282 4104 3415 4144 mss.
3470 4096 3531 4141 ut

1955 4187 2147 4242 Grrcco
2186 4185 2436 4241 Ctesareo
2465 4185 2771 4256 tbeologico
2799 4180 2989 4236 XLXII
3029 4181 3227 4251 legitur
3256 4181 3359 4235 sub
3390 4178 3529 4253 Nys-

1957 4279 2078 4336 seni
2106 4279 2346 4334 nomine.

2027 4410 2084 4463 ln
2131 4412 2318 4466 codice
2352 4410 2525 4465 altero
2572 4408 2705 4464 bibl.
2754 4405 3127 4478 Seguierianae
3177 4405 3293 4462 sive
3335 4406 3532 4463 Coisli-

348 4488 407 4559 S.
438 4489 617 4544 Putris
646 4493 814 4545 nostri
841 4490 1101 4563 Gregorii,
1124 4497 1351 4564 episcopi
1374 4497 1585 4568 Nysam.
1615 4504 1852 4571 epistola:
1886 4478 1926 4532 θ
1955 4502 2139 4557 niana:
2186 4502 2309 4557 Vita
2359 4501 2598 4573 Gregorii
2632 4501 3015 4571 Thaumaturgi
3072 4516 3206 4566 non,
3256 4507 3315 4555 ut
3355 4501 3409 4555 in
3453 4503 3535 4555 al-

279 4591 491 4646 scptem.
522 4581 704 4636 Primo
728 4583 917 4637 Latine
942 4586 1120 4648 vertit,
1145 4600 1200 4641 et
1225 4588 1412 4653 edidit,
1441 4597 1849 4652 commentariis

278 4674 668 4743 nonnullisque
725 4675 1291 4734 animadversionibus
1352 4680 1621 4750 adjectis,
1680 4685 1729 4739 J.
1786 4687 1848 4741 Β.

281 4763 652 4831 Caracciolus,
711 4765 773 4819 C.
810 4765 876 4820 II.
917 4766 969 4819 in
1002 4766 1199 4823 Pisano
1228 4768 1406 4840 Lyceo
1444 4774 1697 4842 publicus
1728 4779 1850 4847 phi-

283 4856 546 4924 IOSOpItize
592 4857 732 4926 prof.
776 4856 1083 4922 Florentire,
1138 4862 1281 4931 typis
1314 4866 1495 4933 magni
1544 4867 1721 4931 ducis,
1760 4885 1849 4939 ap.

284 4943 589 4999 Tartinium
617 4954 670 5000 et
697 4944 1045 5002 Franchium.
1081 4949 1237 5003 I75l.
1270 4951 1364 5005 fol.
1405 4952 1764 5027 Subjungitur
1786 4960 1854 5014 ad

282 5037 486 5091 calcem
514 5053 578 5092 ex
609 5038 732 5092 eod.
768 5039 891 5096 cod.
919 5040 976 5094 S.
1016 5040 1235 5095 Maximi
1277 5045 1527 5117 apologia
1561 5064 1658 5118 pro
1687 5049 1849 5122 Greg.

362 5148 764 5219 Ὲπευξάμενος
808 5151 985 5206 τοίνυν
1030 5154 1143 5214 τοῖς
1173 5155 1592 5210 πεπιστευκόσιν
1625 5159 1723 5229 ἤδη
1758 5160 1858 5232 τὴν

280 5241 361 5303 είς
393 5240 544 5304 τέλος
570 5242 819 5311 αὔξησιν,
838 5244 933 5297 καὶ
951 5242 1050 5314 τὴν
1079 5245 1411 5315 ἐπιστροφὴν
1443 5250 1555 5311 τοῖς
1585 5250 1855 5318 ἀπίστοις,

355 5406 430 5472 (α)
468 5400 524 5453 In
554 5400 872 5472 cod._Lanr.
904 5400 1059 5472 Ζητῶ
1082 5420 1154 5454 τι.
1188 5401 1360 5459 ΙΙΑιιι..

356 5470 429 5537 (b)
462 5472 517 5525 In
535 5471 656 5542 cod.
680 5470 936 5526 Laurent.
956 5470 1215 5542 dividitur
1240 5474 1352 5526 haec
1373 5473 1600 5542 epistola
1628 5477 1680 5531 in
1696 5479 1856 5538 duas.

283 5540 442 5595 Prior
476 5541 543 5594 ad
587 5540 849 5596 Joannem
900 5552 947 5595 et
995 5539 1563 5599 Maa‘intianuntinc.:
1608 5548 1716 5601 Καὶ
1747 5551 1857 5603 τῶν

282 5612 487 5689 ςιξξωνς
522 5613 809 5689 posterior,
843 5613 1042 5689 quaein
1070 5614 1389 5689 collectione
1435 5614 1685 5689 zacagnii
1732 5635 1855 5689 pag.

287 5680 413 5758 {’82,
441 5680 535 5758 lin.
556 5681 647 5741 2‘2.
680 5684 876 5758 inultas
904 5683 1062 5735 habet
1086 5684 1313 5758 lacunas
1337 5692 1389 5758 et
1415 5700 1459 5758 a_
1479 5680 1748 5758 Zacagnio
1788 5680 1855 5743 (ἷχ

288 5752 508 5824 ingenio
546 5753 843 5822 suppletas,
885 5761 939 5805 at
968 5754 1326 5808 seruirirculis
1357 5752 1701 5824 inclusasfet
1726 5776 1854 5816 con-

1958 4602 2096 4661 tero,
2143 4593 2348 4649 desinit
2399 4594 2455 4648 in
2502 4594 2617 4647 haec
2671 4595 2856 4656 verba,
2903 4591 3096 4660 ψευδὲς
3144 4591 3378 4661 οἰόμενοι
3420 4595 3533 4656 τοῖς

1956 4686 2361 4757 γεγραμμένοις
2380 4686 2441 4738 οὐ
2468 4684 2951 4756 προστεθείκαμεν,
2972 4698 3167 4754 neque,
3192 4696 3249 4738 ut
3269 4684 3322 4737 in
3349 4684 3531 4749 editis,

1960 4778 2143 4834 statim
2177 4777 2458 4846 subjungit
2495 4776 2924 4842 conclusionem,
2967 4776 3023 4829 in
3055 4776 3296 4831 homiliis
3321 4787 3373 4830 et
3404 4777 3533 4830 vitis

1962 4876 2277 4924 sanctorum
2309 4868 2562 4926 solitam:
2598 4865 2693 4921 sed
2722 4866 2842 4937 ejus
2873 4867 2995 4921 loco
3042 4866 3204 4921 habet
3246 4867 3382 4931 haec,
3412 4883 3535 4937 qua:

1962 4976 2027 5016 ex
2061 4958 2432 5015 Montfauconi
2481 4958 2741 5029 Catalogo
2778 4958 2909 5013 bibl.
2943 4957 3291 5013 Coislinianae
3333 4974 3387 5029 p.
3429 4959 3533 5013 180

1965 5053 2053 5107 bic
2084 5052 2360 5107 ascribere
2383 5051 2538 5122 juvat
2569 5070 2583 5106 :

2030 5161 2324 5232 Postquam
2369 5162 2535 5233 igitur
2573 5170 2825 5233 precatus
2862 5169 3009 5219 esset
3040 5176 3140 5233 pro
3170 5162 3239 5219 iis
3286 5164 3378 5234 qui
3415 5162 3530 5232 jam

1959 5254 2326 5321 crediderant,
2372 5262 2432 5308 ut
2464 5269 2633 5325 usque
2660 5255 2727 5308 ad
2774 5256 2932 5310 tinem
2969 5256 3024 5310 in
3072 5256 3269 5312 melius
3300 5256 3530 5326 prolice-

1958 5415 2147 5482 junrta
2178 5422 2262 5470 est
2289 5430 2413 5469 eum
2441 5417 2747 5484 superiore;
2776 5416 2830 5470 in
2858 5416 2981 5484 cod.
3021 5415 3189 5472 Laur.
3216 5417 3415 5484 scripta
3447 5426 3531 5471 est

1962 5487 2030 5538 ad
2077 5486 2420 5566 Strategium,
2459 5482 2800 5566 incipitque:
2855 5482 2979 5566 ῼῖόν
3025 5482 3358 5566 στι-’προιοῦσιν
3384 5487 3433 5539 οι
3462 5492 3530 5559 τῇ

1964 5556 2187 5627 σφαίρᾳ,
2223 5564 2329 5611 etc.
2370 5554 2427 5609 In
2459 5555 2550 5627 illo
2584 5554 2750 5627 igitur
2780 5558 2902 5612 cod.
2926 5565 3054 5612 sunt
3080 5554 3196 5610 XIV
3243 5572 3363 5624 epp.
3394 5554 3531 5621 quas

1963 5623 2265 5749 lLlaca‘gnius
2327 5640 2394 5682 ex
2452 5626 2577 5682 cod.
2611 5623 2817 5684 'Vatic.
2885 5629 3096 5699 primus
3160 5623 3526 5697 evul’gaverat.

2012 5711 2133 5749 ABL.

2012 5711 2133 5749 ABL.
