4054 6522
561 350 630 406 39
1788 341 2067 401 NOTITIA
2109 342 2135 396 Ε

2244 335 2566 396 FABRICIO.
3727 341 3798 394 ιο

563 471 706 530 rent,
761 475 816 521 et
851 464 908 520 in
957 465 1224 530 fidelibus,
1291 475 1348 518 ut
1396 469 1846 518 converterentur
1882 479 1896 514 :
1927 461 2010 515 sic
2055 473 2120 514 ex

2244 455 2396 519 ιῦτως
2455 459 2548 508 τοῦ
2613 454 2950 526 ἀνθρωπίνου
3017 453 3131 524 βίου
3171 453 3306 524 πρὸς
3341 452 3432 506 τὸν
3475 451 3608 504 Θεδν
3634 467 3800 518 μετα-

567 557 802 612 humana
828 557 938 612 vita
973 556 1038 610 ad
1065 556 1229 622 Deum
1261 554 1613 618 transfertur,
1649 569 1772 608 cum
1805 552 2122 608 domesticis

566 649 682 706 suis
735 649 1098 719 praecepisset,
1143 656 1206 700 ut-
1235 661 1306 700 ne
1360 645 1464 716 ipsi
1507 645 1686 699 locum
1727 644 2008 714 prOprium
2053 643 2122 697 ad

567 740 897 811 sepulturam
927 744 1209 793 emerent:
1237 753 1362 790 nam
1401 738 1526 806 quia
1564 737 1692 791 dum
1735 737 1940 790 viveret
1985 751 2125 789 nun-

567 837 729 901 qua
757 829 990 886 voluerit
1021 830 1124 883 loci
1155 829 1462 900 cuiuspiam
1489 829 1745 884 dominus
1779 828 1987 890 vocari,
2028 825 2124 882 sed

569 931 627 974 ut
655 920 976 990 peregrinus
1012 927 1074 974 et
1105 918 1312 972 advena
1361 918 1418 972 in
1445 917 1570 972 aliis
1601 918 1737 972 locis
1765 919 1932 970 vitam
1973 917 2128 986 dege—

567 1014 658 1074 rit,
690 1026 864 1081 neque
893 1019 1014 1080 post
1045 1017 1274 1064 mortem
1311 1007 1534 1079 pudebit
1567 1009 1909 1077 peregrinum
1944 1023 2124 1077 agere.

570 1103 676 1160 Sed
709 1110 832 1173 post
863 1102 1004 1156 hanc
1029 1101 1220 1166 vitam,
1265 1100 1460 1170 inquit,
1497 1100 1601 1153 hoc
1635 1098 1690 1153 in
1717 1115 1816 1154 ore
1846 1100 2126 1167 hominum

567 1201 833 1258 versetur,
880 1201 1072 1261 nempe
1113 1189 1456 1262 Gregorium,
1504 1189 1634 1243 dum
1683 1190 1738 1244 in
1769 1188 1908 1243 vivis
1961 1196 2124 1252 esset,

569 1285 704 1338 nulli
751 1283 872 1338 loco
901 1297 1098 1337 nomen
1145 1281 1412 1336 indidisse
1443 1295 1624 1343 suum,
1653 1287 1708 1333 et
1738 1288 1860 1349 post
1899 1287 2126 1333 mortem

568 1377 714 1447 apud
739 1376 948 1430 atienos
987 1375 1143 1445 quasi
1178 1373 1441 1429 advenam
1477 1373 1668 1438 fuisse,
1701 1373 1828 1442 quia
1867 1385 1926 1426 se
1960 1387 1989 1424 a
2011 1379 2130 1426 toto

567 1467 702 1522 orbe
733 1477 1000 1520 terrarum
1045 1464 1278 1518 alien-um
1329 1461 1552 1527 fecerat,
1601 1463 1676 1514 ita
1705 1469 1761 1515 ut
1798 1477 1868 1516 ne
1917 1465 1970 1514 in
2007 1461 2130 1514 loco

567 1555 788 1626 quidem
813 1553 918 1608 sibi
945 1553 1166 1623 proprio
1189 1553 1408 1622 sepeliri
1431 1553 1664 1606 voluerit
1692 1569 1704 1604 :
1732 1551 1903 1606 solam
1931 1551 2132 1621 quippe

515 1651 522 1656 ’
569 1647 674 1704 sibi
723 1647 1128 1716 possessionem
1180 1643 1554 1698 honorabilem
1596 1657 1720 1697 esse
1787 1655 1904 1695 eam
1931 1681 1946 1704 ,
2011 1655 2132 1710 quae

569 1739 811 1794 avaritiae
839 1739 1049 1793 nullum
1075 1736 1312 1790 admittit
1341 1736 1650 1805 vestigium,
1679 1737 1736 1790 in
1756 1733 1976 1788 Christo
2000 1733 2131 1790 Jesu

2227 548 2490 610 νξσταται,
2518 547 2822 616 ὲπισκέψας
2853 550 2968 609 τοῖς
3005 545 3332 616 ἐπιτηδείοις
3363 544 3436 616 μὴ
3487 539 3800 612 κτήσασθαι

2229 637 2378 708 αὐτῷ
2413 638 2578 690 τόπον
2605 639 2740 710 πρὸς
2775 638 2954 708 ταφὴν
2987 637 3272 701 ἰδιάζοντα.
3311 637 3374 688 ΕΞ
3406 635 3515 708 γὰρ
3544 633 3653 698 ζῶν
3683 635 3802 688 Κύα

2233 751 2343 804 ριος
2387 733 2648 804 κληθῆναι
2674 735 2838 786 τόπου
2869 733 3012 796 τινὸς
3036 733 3098 786 οὑ
3132 731 3474 798 κατεδέξατο,
3501 731 3636 784 ἀλλὰ
3663 745 3802 802 παρ-

2228 825 2391 878 οικῶν
2424 829 2480 878 ὲν
2531 825 2829 896 ἀλλοτρίοις
2875 826 2964 878 τὸν
3015 825 3128 894 βίον
3176 823 3464 892 διήγαγεν,
3491 819 3611 876 οὐδὲ
3661 822 3804 893 μετὰ

2231 916 2458 970 θάνατον
2487 919 2552 986 τῇ
2595 915 2856 988 παροικίᾳ
2886 917 3102 978 πάντως
3148 913 3654 985 ἐπαισχυνθήσεται,
3681 913 3801 966 ἀλλ’

2229 1009 2390 1072 ἔστω,
2433 1010 2617 1078 φησὶν,
2649 1009 2727 1080 τῷ
2755 1009 2890 1079 μετὰ
2916 1007 3084 1062 ταῦτα
3114 1007 3212 1078 βίῳ
3246 1007 3505 1078 διήγημα,
3537 1007 3616 1060 δτι
3654 1007 3804 1077 Γρη-

2229 1101 2412 1170 γόριος
2450 1099 2572 1152 οὔτε
2627 1099 2733 1164 ζῶν
2779 1099 3136 1170 ἐπωνομάσθη
3167 1100 3317 1168 τόπῳ
3360 1098 3485 1162 τινὶ,
3521 1098 3612 1151 καὶ
3660 1098 3802 1167 μετὰ

2232 1191 2461 1244 θάνατον
2503 1189 2796 1260 ἀλλοτρίων
2841 1191 3054 1258 ἐγένετο
3088 1191 3266 1260 πάσης
3313 1189 3412 1260 τῆς
3460 1189 3563 1260 γῆς
3612 1189 3802 1242 ἑαυτὸν

2231 1283 2582 1351 ἀποστήσας,
2635 1281 2709 1342 ὡς
2766 1281 2838 1350 μὴ
2895 1279 3186 1350 ἐνταφῆναι
3247 1279 3359 1348 ἰδίῳ
3408 1275 3804 1344 καταδέξασθαι

2232 1371 2398 1440 τόπῳ.
2434 1369 2616 1436 Μόνην
2671 1370 2776 1437 γὰρ
2821 1368 2970 1439 αὐτῷ
3019 1369 3212 1439 κτῆσιν
3263 1368 3448 1438 τιμίαν
3502 1366 3736 1436 ἐκείνην,
3764 1365 3806 1437 ἡ

2234 1459 2544 1526 πλεονεξίας
2571 1462 2654 1530 ἐφ’
2687 1461 2883 1530 ἑαυτὴν
2931 1460 3075 1530 ἴχνος
3123 1460 3181 1512 οὐ
3221 1459 3453 1529 δέχεται,
3495 1461 3552 1511 ὲν
3583 1455 3806 1528 Χριστῷ

2246 1551 2420 1623 Ἰησοῦ
2464 1553 2540 1623 τῷ
2593 1551 2781 1623 Κυρ-ἱῳ
2817 1551 2999 1622 ἡμῶν·
3116 1553 3149 1621 ἡ
3183 1549 3308 1614 δόξα
3349 1551 3446 1603 σὺν
3487 1550 3663 1620 “arpi.
3708 1547 3807 1600 καὶ

2233 1643 2510 1714 Πνεύματι
2568 1642 2663 1698 νῦν
2709 1643 2804 1695 καὶ
2862 1643 2941 1704 εἰς
2997 1643 3122 1704 τοὺς
3170 1640 3370 1705 αἰῶνας
3401 1639 3510 1693 τῶν
3555 1636 3799 1694 αἰώνων.

2249 1735 2438 1805 Ἀμήν.

567 1831 798 1889 Domino
835 1841 1070 1886 nostro:
1101 1831 1190 1886 cui
1239 1827 1412 1900 gloria
1459 1843 1583 1882 cum
1619 1826 1779 1882 Patre
1811 1836 1864 1882 et
1911 1827 2140 1898 Spiritu,
2171 1843 2318 1883 nunc
2349 1835 2402 1883 et
2431 1828 2484 1881 in
2518 1827 2714 1882 saecula
2749 1827 3092 1883 saeculorum.
3125 1826 3316 1883 Amen.

636 1944 933 2016 Gregorius
955 1941 1240 2014 Nyssenus
1261 1941 1342 1995 De
1367 1941 1592 2005 hemina,
1624 1941 1822 2004 animo,
1845 1939 2131 2006 elementis,
2165 1929 2207 1984 Β
2236 1942 2331 1998 sed
2357 1941 2448 1996 illa
2481 1942 2878 2012 interpretatio,
2909 1941 3053 2012 quod
3086 1941 3280 2004 sciam,
3319 1939 3494 1994 inccm
3542 1953 3654 1992 non
3711 1952 3806 1994 as-

569 2035 762 2090 riribus
824 2034 1040 2096 animai,
1083 2031 1276 2087 Latine
1320 2030 1477 2086 Joan.
1535 2031 1778 2096 Conone,
1824 2029 2139 2085 Norimber-

569 2126 744 2198 gensi,
788 2127 1124 2195 interprete.
1171 2123 1350 2178 editus
1404 2137 1498 2192 per
1545 2121 1764 2176 Beatum
1817 2119 2140 2176 Rhenanam

570 2221 856 2288 Argentor.
891 2215 1034 2286 apud
1067 2213 1326 2269 Schurer.
1346 2213 1508 2276 15m,
1531 2212 1626 2267 fol.
1657 2211 1833 2266 Paris.
1859 2213 2017 2276 1515,
2043 2213 2137 2269 fol.

569 2310 736 2365 Basil.
775 2309 930 2370 1521,
959 2307 1012 2372 4,
1046 2305 1228 2377 [1512.
1261 2305 1328 2362 ,in
1357 2303 1580 2358 Panzeri
1614 2303 1678 2356 A.
1711 2311 1750 2357 t.
1777 2301 1868 2366 Vl,
1905 2319 1956 2372 p.
1988 2303 2139 2375 190].

572 2391 640 2454 Hi
673 2409 800 2456 sunt
835 2399 958 2453 libri
986 2415 1080 2453 vui
1149 2395 1501 2466 philosophia:
1531 2393 1606 2449 De
1651 2402 1844 2448 natura
1881 2395 2138 2460 humana,

570 2491 664 2562 qui
707 2490 811 2547 sub
851 2487 1085 2561 Nysscni
1133 2489 1351 2542 nomine
1393 2495 1610 2541 exstant
1649 2485 1704 2539 in
1755 2487 1997 2554 antiquis
2026 2487 2142 2542 edi-

569 2583 812 2638 tionibus
867 2579 1116 2644 Latinis,
1163 2589 1221 2632 ut
1272 2576 1572 2632 Basileensi
1629 2573 1797 2642 1562,
1855 2577 1950 2632 fol.
1997 2577 2142 2632 Nihil

572 2683 752 2730 autem
807 2672 951 2726 aliud
1010 2671 1094 2726 his
1142 2671 1474 2732 continetur,
1524 2685 1687 2739 quam
1731 2669 1869 2724 liber
1902 2669 2142 2725 thnesii

572 2763 649 2818 De
686 2763 910 2825 homine,
938 2761 992 2814 in
1022 2767 1145 2814 octo
1184 2757 1395 2812 libellos
1425 2757 1744 2820 distractus,
1779 2765 1838 2809 ut
1871 2757 1980 2824 jam
2019 2771 2140 2809 mo-

571 2857 667 2910 nui
729 2853 846 2907 Wll
909 2851 1182 2906 volumine
1237 2849 1330 2903 lib.
1379 2865 1411 2902 v
1466 2847 1608 2920 E_cap.
1655 2847 1754 2913 10,
1810 2847 1837 2918 §
1886 2846 1952 2908 6,
2017 2863 2137 2918 pag.

572 2947 676 3002 448
713 2953 832 3017 sqq.
857 2941 996 2998 Add.
1029 2937 1298 2996 Mansium
1327 2939 1394 2994 ad
1419 2937 1630 2994 Fabric.
1673 2937 1812 2992 Bibl.
1841 2938 1964 2992 Lat.
2003 2939 2138 2993 med.

571 3049 618 3092 et
641 3037 739 3106 inf.
776 3046 862 3090 tut.
895 3049 1027 3090 tom.
1062 3035 1100 3098 I,
1133 3049 1184 3104 p.
1213 3031 1318 3087 505
1342 3043 1424 3102 s‘q.
1458 3023 1684 3102 Hann].

1025 3119 1134 3176 Vll.
1177 3122 1386 3190 Scripta
1419 3119 1708 3188 deperdita.

643 3209 709 3270 In
735 3209 1024 3269 Prorerbia
1057 3213 1348 3283 scripsisse
1394 3228 1471 3276 se,
1509 3213 1723 3265 videtur
1751 3211 1976 3266 innucre
2003 3209 2139 3282 Nys-

573 3324 738 3364 scnus
760 3307 948 3360 homil.
973 3305 988 3359 l
1017 3307 1072 3358 in
1105 3304 1437 3366 Ecclesiast.,
1473 3303 1596 3356 licet
1619 3303 1768 3356 locus
1797 3319 1901 3355 non
1931 3304 2002 3355 ita
2025 3301 2142 3355 cvi-

572 3401 762 3454 denter
791 3399 892 3452 hoc
932 3397 1166 3452 evincat.
1194 3393 1394 3448 Confer
1432 3391 1840 3448 Tillemontium
1885 3403 2015 3446 tom.
2049 3389 2139 3465 1X,

571 3509 627 3564 p.
659 3485 780 3544 742.

645 3583 707 3636 In
771 3582 941 3650 Epist.
982 3581 1048 3634 ad
1113 3575 1487 3649 Pliilippenses.
1537 3577 1776 3650 Cyl‘illus
1849 3579 2029 3644 Alex.,
2071 3579 2140 3634 ad

577 3673 873 3743 Evoptium.

644 3764 726 3818 Ad
751 3763 1116 3830 Theodosium,
1147 3763 1330 3831 episc.,
1358 3761 1630 3828 Quomodo
1660 3761 1934 3817 Cornelius
1964 3761 2143 3829 Spiri-

575 3868 686 3911 tum
749 3866 985 3910 sanctum
1029 3865 1148 3908 ante
1197 3853 1509 3923 baptismum
1549 3854 1825 3922 acceperit.
1899 3851 2144 3906 Meminit

575 3951 852 4020 Nysscnus
899 3949 1090 4018 ipsein
1134 3948 1238 4003 line
1283 3947 1470 4018 scripti
1503 3945 1580 4001 De
1619 3945 2028 4016 engustrimytho
2073 3944 2140 3998 ad

576 4041 824 4097 eumdem
861 4039 1250 4094 Theodosium.

647 4129 1012 4184 Damascenus
1049 4130 1104 4183 in
1140 4127 1424 4185 Parallelis
1455 4145 1508 4199 p.
1543 4129 1648 4184 775
1673 4129 1806 4182 citat
1829 4127 2139 4200 Nyssenum

575 4221 633 4278 in
663 4221 794 4276 illud
827 4241 838 4276 :
864 4221 967 4275 Hie
1005 4231 1082 4275 est
1109 4220 1282 4276 Filius
1317 4229 1459 4275 meus
1489 4221 1731 4275 dilectus.

651 4313 970 4384 Euthymius
1001 4313 1058 4368 in
1093 4312 1354 4380 Panoplia
1387 4313 1541 4366 aﬂ'ert
1570 4315 1835 4367 nonnuila'
1854 4315 1917 4365 ὲκ
1940 4313 2038 4384 τῆς
2057 4312 2144 4364 λε-

577 4405 813 4475 γομένης
845 4399 986 4458 εἶναι
1013 4403 1112 4458 τοῦ
1149 4402 1495 4473 Νύσσης,καὶ
1535 4403 1872 4474 καλουμένης
1901 4403 2144 4473 Θεογνω-

577 4512 716 4558 σιας.

2241 2035 2411 2105 pexit.

2311 2123 2758 2182 Graeco-Latium.
2785 2158 2854 2168 —
2879 2127 3054 2183 Paris.
3103 2125 3258 2190 1615,
3299 2125 3335 2180 2
3366 2125 3628 2189 volumin,
3689 2122 3808 2186 fol.,

2243 2225 2470 2270 curante
2500 2215 2774 2270 Frontone
2812 2215 3030 2278 Ducaeo,
3057 2231 3120 2270 ex
3161 2213 3378 2270 ofﬁcina
3407 2213 3731 2271 Nivelliana.

2310 2306 2592 2376 Appendix
2613 2308 2742 2362 ibid.
2773 2307 2928 2372 1618,
2955 2307 3072 2372 fol.,
3096 2322 3160 2362 ex
3178 2304 3534 2377 suppeditatis
3556 2314 3610 2361 et
3629 2315 3810 2360 trans-

2243 2397 2428 2452 missis
2459 2411 2486 2451 a
2521 2396 2726 2453 Iacobo
2750 2397 3026 2453 Cretsero.

2311 2488 2486 2543 Paris.
2530 2487 2690 2552 1658,
2721 2490 2816 2543 fol.
2851 2491 3030 2546 tribus
3063 2488 3292 2555 volum.,
3325 2488 3380 2542 in
3425 2504 3531 2556 qua
3570 2488 3810 2544 editione

2243 2578 2378 2630 nihil
2410 2587 2606 2648 praeter
2633 2579 2982 2649 appendicem
3013 2579 3126 2649 jam
3161 2589 3516 2634 memoratam
3555 2581 3808 2640 accessit.

2244 2681 2368 2720 cum
2401 2667 2603 2736 alioqui
2633 2684 2732 2721 nec
2765 2675 2875 2722 tam
2913 2669 3088 2722 nitida
3110 2669 3201 2732 sit,
3235 2685 3335 2725 nec
3365 2677 3473 2724 tam
3502 2668 3807 2732 emendata,

2245 2771 2406 2824 quam
2441 2759 2591 2826 prior
2643 2755 2964 2811 Nivelliana.
3025 2757 3099 2812 De
3147 2769 3379 2830 utraque
3434 2758 3734 2823 Labbeum,
3763 2759 3808 2813 si

2244 2848 2442 2916 placet,
2479 2848 2604 2902 vide
2641 2855 2695 2900 et
2727 2847 3022 2902 Oudinutn.
3057 2847 3228 2902 ann.

2319 2937 2424 2992 Sed
2454 2953 2615 3007 quam
2645 2940 2954 2994 necessaria
2989 2941 3060 2995 sit
3089 2956 3226 2995 nova
3265 2939 3426 3011 Greg.
3449 2939 3608 3012 Nyss.
3647 2939 3734 2994 ed.
3779 2953 3810 2992 e
3845 2967 3848 2972 -

2245 3028 2402 3082 codd.
2434 3029 2792 3092 emendanda,
2825 3041 2876 3084 et
2897 3047 2959 3084 ex
2993 3031 3099 3084 illis
3133 3041 3184 3086 et
3225 3030 3478 3100 Zacagnii
3513 3039 3672 3098 atque
3704 3029 3810 3082 Ca-

2246 3119 2472 3173 raecioli
2497 3121 2652 3174 editt.
2694 3125 3006 3177 memoratis
3047 3123 3536 3192 locupletanda,ex
3579 3122 3666 3182 iis,
3691 3125 3811 3190 qua":

2247 3211 2530 3282 hucusque
2564 3229 2593 3266 a
2627 3229 2711 3266 inc
2737 3221 2790 3267 et
2820 3229 2848 3266 a
2883 3213 3138 3268 Fabricio
3163 3216 3451 3270 observata
3483 3225 3631 3278 sunt,
3657 3213 3811 3268 facile

2247 3303 2500 3358 elucebit.
2541 3305 2928 3374 Amplissitnus
2965 3314 3144 3360 autem
3199 3306 3381 3361 futuro
3428 3306 3623 3360 cditori
3669 3313 3812 3376 patet

2246 3409 2498 3464 campus,
2536 3395 2590 3448 in
2642 3411 2750 3464 quo
2787 3396 2930 3450 vires
2987 3396 3210 3465 ingenii,
3255 3396 3600 3460 eruditionis,
3649 3403 3813 3467 atque

2245 3487 2538 3556 diligentia
2568 3501 2690 3540 cum
2715 3487 2873 3541 laude
2901 3487 3103 3556 pariter
3132 3501 3194 3541 ac
3217 3487 3448 3542 utilitate
3471 3487 3646 3557 possit
3667 3501 3814 3543 exer-

2246 3595 2370 3634 (⁸0ῒο
2379 3621 2389 3632 .

2315 3671 2523 3725 Aldinae
2545 3671 2810 3726 editiones
2853 3677 3031 3730 sunt:
3087 3669 3334 3739 Gregorii
3395 3667 3624 3742 Nysseni
3677 3671 3815 3726 liber

2245 3760 2327 3817 De
2371 3763 2596 3826 homine,
2629 3779 2752 3816 cum
2789 3763 3014 3832 Gregor.
3057 3761 3503 3819 Naziauz.oratt.
3547 3763 3636 3828 IX,
3695 3780 3814 3833 quae

2244 3853 2428 3907 omnia
2473 3869 2617 3906 nunc
2656 3855 2886 3922 primum
2907 3855 3345 3910 emendatissima
3374 3855 3428 3910 in
3475 3857 3648 3910 lucem
3689 3873 3814 3928 pro-

2247 3945 2437 4009 deunt,
2499 3944 2594 4000 Gr.
2659 3943 2853 3998 Venet.
2906 3946 2960 3998 in
3000 3947 3209 4002 aedibus
3246 3949 3364 4002 her.
3400 3948 3523 4002 Aldi
3555 3957 3608 4003 et
3641 3949 3808 4002 Andr.

2245 4035 2474 4091 Asulani
2505 4036 2700 4090 soceri.
2737 4036 2894 4099 1556,
2931 4037 2984 4092 8.
3021 4069 3091 4078 -
3135 4037 3294 4110 Greg.
3353 4037 3510 4111 Nyss.
3551 4041 3812 4112 Opuscula

2246 4126 2440 4183 Venet.
2475 4127 2618 4198 apud
2643 4127 2764 4181 Aldi
2818 4130 2957 4184 tilios
3007 4130 3162 4196 1555,
3205 4131 3260 4187 8.
3320 4161 3389 4170 —
3436 4133 3738 4190 Conciones
3779 4150 3812 4188 v

2247 4219 2324 4274 De
2352 4222 2589 4275 oratione
2613 4219 2847 4275 Domini.
2884 4221 3074 4291 Ejusd.
3100 4223 3393 4278 conciones
3415 4233 3538 4280 octo
3560 4224 3638 4278 De
3661 4225 3812 4280 beata

2245 4313 2372 4367 vita.
2393 4311 2597 4368 Omnes
2626 4328 2656 4366 a
2679 4313 2838 4369 Petro
2868 4313 3143 4370 Galesinio
3163 4331 3439 4371 conversae
3466 4336 3478 4372 :
3507 4319 3591 4374 his
3621 4319 3813 4389 adjun-

2245 4415 2332 4461 cta
2365 4414 2447 4461 est
2477 4407 2545 4460 ab
2567 4406 2755 4462 eodem
2790 4407 3021 4480 Nysseni
3052 4409 3180 4468 vita.
3233 4425 3263 4464 e
3309 4411 3584 4466 veteribus
3627 4423 3812 4468 aucto-

2245 4497 2399 4552 ribus
2431 4499 2678 4554 collecta.
2703 4499 3098 4564 Romae,Panll.
3127 4499 3420 4568 Manutius,
3447 4503 3605 4564 1565,
3637 4504 3690 4558 ι.

649 4588 792 4643 Idem
833 4603 900 4644 ex
936 4585 1186 4658 Nysseno
1223 4586 1291 4640 ad
1340 4585 1620 4641 Ablabium
1643 4585 1889 4657 quaedam
1925 4589 2141 4652 recitat,
2173 4611 2218 4667 υ
2317 4589 2594 4660 Frequens
2647 4593 2854 4647 mentio
2907 4595 3165 4662 quoniam
3249 4593 3388 4648 facta
3433 4602 3518 4650 est
3557 4595 3811 4651 editionis

579 4693 700 4746 qua:
733 4692 845 4732 non
878 4678 1132 4747 leguntur
1171 4677 1227 4732 in
1257 4679 1460 4748 scripto
1483 4676 1565 4730 Ad
1601 4676 1906 4741 Ablabium,
1935 4677 2002 4732 de
2031 4691 2144 4747 quo

579 4781 642 4821 su
649 4783 766 4836 pra,
793 4781 878 4820 nr.
914 4766 1002 4820 50.

897 4855 1036 4914 VIII.
1063 4857 1335 4914 Editiones
1361 4871 1572 4927 operum
1605 4858 1852 4930 Nysseni.

650 4949 957 5005 Latinc.—
991 4949 1266 5014 Coloniae,
1312 4950 1472 5016 1557,
1519 4950 1638 5016 iol.-,
1677 4949 1836 5019 cujus
1885 4948 2142 5005 editionis

581 5044 828 5097 notitiam
863 5051 1045 5112 petere
1074 5043 1200 5096 licet
1227 5058 1290 5097 ex
1328 5041 1654 5096 Bibliotheca
1683 5041 1932 5097 Gesneri.

657 5133 820 5186 Basil.
850 5131 1008 5196 1562,
1039 5131 1158 5196 1ὀΙ.,
1185 5131 1439 5202 pleraque
1457 5129 1750 5186 Laurentio
1778 5129 1966 5186 Sifano
1986 5131 2148 5185 inter-

581 5235 754 5296 prete.
771 5221 922 5277 Hanc
943 5221 1237 5278 editionem
1261 5221 1886 5278 recensetBellarminus
1911 5222 1978 5276 de
2003 5223 2060 5276 S.
2083 5221 2144 5278 E.

657 5313 821 5368 Basil.
859 5311 1013 5376 1571,
1051 5313 1169 5372 1³01..
1192 5311 1368 5367 Paris.
1395 5313 1553 5376 1575,
1585 5312 1702 5378 fol.,
1735 5329 1852 5380 quae
1871 5313 2038 5366 editio
2071 5329 2148 5367 re-

582 5417 838 5462 censetur
865 5421 899 5460 a
947 5403 1242 5460 Possevino
1267 5405 1320 5458 in
1352 5405 1620 5472 Apparatu
1650 5405 1708 5458 S.
1773 5405 1947 5459 Paris.
1989 5405 2146 5467 1605,

583 5498 954 5560 fol.,curante
999 5495 1276 5551 Frontone
1327 5494 1545 5562 Ducaao,
1589 5513 1708 5568 quae
1755 5505 1808 5551 et
1859 5497 2069 5566 plenior
2096 5507 2150 5551 et

582 5589 894 5644 accuratior
916 5587 1127 5643 caneris
1165 5595 1248 5644 est
1276 5588 1464 5642 editio.

654 5679 906 5734 Carolum
935 5677 1157 5733 Bovium
1201 5673 1433 5748 Nysseni
1495 5691 1658 5746 Opera
1723 5675 1952 5732 vertisse
2002 5677 2150 5746 legas

583 5765 641 5824 in
673 5777 820 5824 torno
851 5767 920 5822 IX
977 5767 1154 5824 Italia:
1208 5767 1264 5825 S.
1301 5767 1625 5824 Ferdinandi
1671 5766 1880 5839 Ughelli
1945 5783 1998 5840 p.
2057 5766 2146 5836 60,

2253 4680 2546 4744 llmschel.,
2579 4683 2826 4737 curatius
2857 4698 2974 4737 eam
3017 4693 3070 4738 et
3089 4693 3304 4753 prepter
3333 4686 3611 4741 raritatem
3643 4688 3809 4753 illius,

2250 4789 2371 4844 qua:
2399 4787 2565 4844 penes
2603 4789 2692 4854 me
2719 4783 2822 4836 est,
2857 4783 2912 4828 et
2951 4783 3174 4844 propter
3211 4777 3579 4834 additamenta
3608 4779 3813 4834 descri-

2251 4865 2394 4921 bam.
2419 4864 2625 4934 Integra
2645 4873 2822 4919 autem
2843 4873 2928 4920 est
2953 4865 3234 4938 inscriptio
3255 4887 3266 4922 :
3296 4886 3314 4919 ι
3335 4867 3396 4922 1).
3415 4867 3660 4941 Gregorii
3685 4871 3813 4943 Nys-

2247 4955 2362 5010 seni
2381 4956 2644 5024 opuscula
2664 4957 2922 5026 quinque.
2937 4976 2954 5008 ι
2986 4957 3025 5011 1.
3048 4957 3125 5012 De
3149 4959 3470 5027 professione
3489 4961 3810 5021 Christiana.

2245 5044 2310 5098 11.
2347 5045 2418 5099 De
2442 5047 2770 5114 perfectione,
2791 5059 2838 5101 et
2863 5051 3068 5118 qualem
3101 5050 3462 5106 Christianum
3485 5069 3596 5110 esse
3615 5056 3812 5112 deceat.

2243 5129 2332 5186 111.
2361 5133 2665 5203 Anugogica
2684 5138 2800 5188 vita:
2831 5133 3034 5206 Moysis
3059 5141 3350 5204 enarratio,
3371 5153 3478 5209 qua
3495 5141 3622 5196 vitat
3658 5142 3817 5198 Chri-

2247 5225 2436 5280 stianae
2457 5225 2680 5296 quidam
2711 5227 2758 5282 is
2783 5235 2946 5296 typus
2996 5227 3165 5284 fuisse
3187 5230 3522 5286 ostenditur.
3551 5231 3640 5285 ιν.
3671 5231 3817 5288 Con-

2250 5326 2334 5369 tra
2355 5317 2767 5386 Apollinarium.
2812 5317 2876 5371 V.
2909 5319 2984 5372 De
3021 5321 3144 5388 ﬁde.
3187 5321 3374 5376 Graece
3407 5339 3554 5379 nunc
3577 5325 3814 5395 primum

2247 5407 2388 5460 edita
2412 5409 2594 5462 studio
2615 5419 2666 5463 et
2691 5425 2854 5480 opera
2893 5409 3112 5466 Davidis
3140 5411 3455 5482 Hmscbelii,
3489 5415 3816 5488 Augustani,

2249 5497 2422 5568 Lugd.
2463 5497 2646 5552 Batav.
2675 5513 2743 5554 ex
2777 5499 2922 5556 ofﬁc.
2977 5500 3213 5558 Plantin.
3257 5505 3399 5574 apud
3448 5503 3650 5564 Franc.
3707 5511 3748 5564 ll
3793 5543 3818 5556 -

2249 5589 2622 5660 pheleugium,
2649 5590 2810 5654 1595,
2844 5591 2898 5657 8,
2929 5607 2994 5647 ex
3028 5593 3188 5648 codd.
3218 5595 3454 5666 August.
3503 5609 3558 5655 et
3599 5601 3818 5656 Maximi

2250 5677 2540 5750 Margunii;
2571 5681 2638 5736 de
2665 5681 2868 5751 quibus
2891 5683 3001 5754 agit
3025 5685 3082 5739 in
3111 5685 3344 5755 praefat.,
3373 5695 3429 5744 et
3454 5703 3555 5762 ego
3570 5689 3818 5762 quaedam

2259 5771 2510 5828 adnotavi
2537 5774 2590 5828 in
2617 5771 2917 5830 lntroduct.
2954 5783 3061 5831 etc.
3095 5775 3156 5845 ll,
3195 5777 3252 5844 2,
3277 5795 3330 5851 p.
3372 5779 3500 5850 255,
3551 5799 3634 5850 sq.
3675 5781 3824 5848 Quo-
