4110 6512
317 432 381 488 ιι
1528 415 1803 474 ΝΟΤΙΤΙΑ
1840 416 1877 471 Ε

1978 417 2299 473 FABRICIO.
3462 414 3527 467 ξκι

319 636 373 693 in
404 633 498 688 illa
525 631 773 696 editione
808 628 1178 694 continentur,
1217 625 1330 697 jam
1374 626 1531 697 plene
1578 623 1870 679 indicavit:

317 727 585 797 integrum
627 722 780 778 illum
803 722 980 776 locum
1008 719 1114 774 huc
1146 718 1422 775 reducam.

391 834 413 869 ι
451 815 512 871 S.
535 813 785 885 Gregorii
809 811 1039 883 Nysseni
1079 810 1340 881 opuscula
1378 806 1620 879 quinque
1666 805 1873 869 Graeca,

322 909 556 981 primum
613 905 757 962 edita
801 918 866 960 ex
927 902 1206 959 codicibus
1259 899 1393 957 bibl.
1441 900 1769 970 Augustanae
1822 904 1877 952 et

319 995 539 1052 Maximi
569 992 856 1065 Margunii.
876 1011 896 1045 ι
922 992 991 1063 α’)
1018 989 1154 1063 πρὸς
1184 989 1465 1062 ’Δρμόνιον
1486 986 1724 1061 περὶτοῦ
1744 987 1795 1040 τί
1817 985 1878 1039 τὸ

316 1083 643 1159 χριστιανῶν
678 1083 848 1154 όνομα
872 1082 905 1154 ἢ
932 1080 1271 1151 ἐπάγγελμα.
1312 1095 1431 1150 p.1,
1470 1076 1638 1148 lncip.
1716 1072 1877 1147 ⁶ὅπερ

317 1172 534 1227 ποιοῦσι
561 1171 697 1244 πρὸς
730 1168 1239 1242 τοὺς.κρατοῦντας.
1272 1168 1338 1240 β’)
1368 1168 1495 1240 περὶ
1526 1166 1875 1236 τελειότητος,

317 1267 415 1323 καὶ
454 1265 635 1319 ὁποῖον
664 1261 769 1336 χρὴ
801 1256 941 1316 εἶναι
973 1260 1067 1315 τὸν
1091 1260 1417 1333 χριστιανόν.
1456 1274 1510 1329 p.
1568 1258 1654 1319 15.
1704 1255 1873 1326 Incip.

318 1355 604 1428 πρέπουσα
622 1356 689 1424 τῇ
729 1350 1045 1425 προαιρέσει
1075 1352 1111 1421 ἠ
1141 1350 1365 1421 σπουδή,
1393 1352 1464 1419 γ’)
1491 1349 1618 1420 περὶ
1642 1346 1733 1403 τοῦ
1763 1346 1875 1418 βίου

315 1446 562 1509 Μωσέως
583 1444 676 1499 τοῦ
696 1443 1005 1514 νομοθέτου,
1028 1442 1063 1511 ἢ
1094 1442 1225 1513 περὶ
1254 1441 1356 1512 τῆς
1384 1440 1502 1495 κατ’
1546 1438 1747 1510 ἀρετὴν
1786 1453 1880 1491 τε·

317 1537 610 1608 λειότητος.
642 1533 1103 1606 ροε.54,1ηοὶρίῑ
1138 1553 1151 1588 :
1200 1527 1312 1586 οἷόν
1362 1548 1416 1584 τι
1475 1529 1767 1599 πάσχουσιν
1828 1526 1878 1580 oi

318 1631 426 1687 τῶν
453 1630 691 1684 ἱππικῶν
715 1628 941 1698 ἀγώνων
977 1625 1378 1696 φιλοθεάμονες.
1422 1622 1486 1693 δ’)
1526 1622 1661 1696 πρὸς
1692 1619 1881 1687 Θεόφι-

319 1724 410 1778 λον
453 1722 748 1777 ἐπίσκοπον
785 1717 1209 1789 Ἀλεξανδρείας.
1254 1714 1396 1774 κατὰ
1450 1708 1875 1785 Ἀπολλιναρίου.

321 1830 446 1887 pag.
485 1812 606 1870 169.
631 1812 801 1883 lncip.
832 1812 892 1865 οὐ
926 1812 1086 1881 μόνον
1120 1811 1238 1867 ἐστὶ⁸
1258 1808 1358 1879 τῆς
1380 1805 1646 1878 κοσμικῆς
1668 1803 1875 1874 σοφίας.

231 540 239 555 ’
316 544 463 602 niam
491 554 621 599 vero
643 536 857 595 Fabric.
885 539 941 594 in
967 537 1074 593 vol.
1105 534 1242 603 Xill,
1270 552 1323 608 p.
1359 534 1607 598 συθ-541,
1638 549 1721 600 ea,
1753 550 1872 606 quae

2044 534 2128 589 ια’.
2146 536 2239 599 El;
2266 535 2389 599 τοὺς
2414 534 2609 598 αὐτοὺς
2646 533 2799 603 λόγος
2827 530 2894 603 β’.
2925 531 3166 604 ἐλλιπής.
3194 532 3257 587 Β.
3287 533 3351 593 Δ.

2050 624 2112 696 ιβ’
2142 626 2235 689 Εἰς
2252 625 2313 679 τὸ
2333 625 2483 694 ἅγιον
2499 624 2689 696 Πάσχα
2706 624 2862 694 λόγος
2890 632 2958 679 α’.
2990 623 3050 678 Β.
3080 625 3144 678 Α.
3172 632 3226 680 et
3247 622 3318 681 Μ.
3351 622 3420 680 Μ.

2048 724 2134 786 ιγ’.
2167 717 2259 779 Εἰς
2283 716 2345 769 τὸ
2375 715 2525 781 αὐτὸ,
2549 715 2705 785 λόγος
2730 713 2794 786 β’.
2820 714 2880 769 Β.
2905 715 2971 770 Α.

2045 807 2129 861 ιδ’.
2162 808 2255 869 Εἰς
2277 807 2339 860 τὸ
2357 806 2489 861 αὐτὸ
2514 806 2669 875 λόγος
2692 812 2762 875 γ’.
2783 806 2844 861 Β.
2880 806 2947 860 Α.

2048 897 2128 954 ιε’.
2154 899 2342 963 Ἄλλος
2370 899 2450 962 είς
2467 897 2526 951 τὸ
2552 898 2682 955 αὐτὸ
2698 896 3049 969 βραχύτερος.

2046 989 2140 1056 ις’.
2171 992 2266 1055 Εἰς
2291 990 2552 1060 ἀνάληψιν
2571 986 2828 1061 Χριστοῦ.
2854 989 2914 1044 Β.
2946 987 3013 1044 Α.

2047 1080 2134 1147 ιζ’.
2163 1080 2305 1153 Πρὸς
2333 1080 2649 1138 Εὐστάθιον.
2673 1079 2735 1134 Β.
2760 1079 2824 1134 Α.
2856 1086 3037 1135 exstat
3061 1080 3201 1133 inter
3228 1093 3391 1149 opera
3430 1076 3529 1131 Ba-

1977 1170 2084 1227 silii
2106 1171 2308 1242 magni.
2343 1186 2465 1242 pag.
2496 1170 2602 1225 535
2635 1179 2686 1226 et
2709 1178 2876 1226 recte.
2905 1168 2996 1224 Sic
3024 1168 3167 1225 enim
3198 1169 3262 1223 ad
3292 1169 3533 1224 codicem

1976 1278 2080 1319 ms.
2106 1261 2200 1317 Gr.
2232 1261 2391 1334 Nyss.
2424 1269 2677 1327 testatur,
2721 1261 2815 1331 qui
2841 1261 3029 1317 isthaac
3084 1259 3315 1330 margini
3365 1262 3536 1314 ascri—

1977 1353 2087 1424 psit
2113 1372 2127 1408 :
2177 1352 2237 1406 '0
2266 1350 2454 1424 παρὼν
2473 1352 2647 1421 λόγος,
2665 1336 2739 1416 ’ὃς
2766 1352 2859 1407 καὶ
2884 1353 2943 1404 ὲν
2970 1352 3097 1406 εῖδει
3124 1351 3408 1422 ἐπιστολῆς
3439 1354 3535 1423 γέ-

1978 1460 2240 1516 γραπται,
2276 1444 2411 1515 πρός
2434 1459 2554 1498 τινα
2577 1443 2867 1513 φιλόσοφον
2902 1442 3198 1497 Εὑστάθιον
3229 1444 3320 1497 τὸν
3354 1444 3536 1514 ίατρὸν

1977 1536 2189 1607 ἐγράφη
2217 1534 2367 1601 παρὰ
2398 1535 2490 1591 τοῦ
2514 1534 2571 1587 ὲν
2599 1536 2771 1604 ἁγίοις
2818 1535 3051 1605 μεγάλου
3092 1534 3390 1598 Βασιλείου,
3438 1552 3536 1587 κα-

1977 1625 2085 1688 θὼς
2119 1624 2375 1694 ἀσφαλῶς
2403 1624 2462 1678 ὲν
2498 1623 2668 1695 ἑτέρῳ
2717 1622 2907 1693 βιϐλίῳ
2941 1616 3117 1695 εὗρον,
3165 1624 3259 1676 καὶ
3293 1624 3354 1676 οὐ
3383 1621 3535 1681 τοῦδε

1977 1716 2072 1773 τοῦ
2102 1716 2424 1787 Γρηγορίου.
2465 1716 2645 1771 Ἐστὶν
2671 1715 2871 1786 ὁμοίως
2900 1714 2994 1769 καὶ
3028 1716 3056 1767 ό
3083 1714 3287 1786 ἕτερος,
3340 1716 3369 1768 ό
3411 1714 3537 1785 περὶ

1977 1802 2235 1878 διαφορᾶς
2266 1806 2451 1870 οὐσίας
2472 1804 2565 1861 καὶ
2594 1806 2937 1869 ὑποστάσεως
2957 1805 3090 1877 πρὸς
3112 1805 3201 1859 τὸν
3226 1805 3355 1858 ίδιον
3385 1805 3538 1858 ἀδελφ

321 1906 387 1977 ε’)
421 1906 576 1976 λόγος
602 1906 738 1977 πρὸς
770 1903 1091 1975 Σιμπλίκιον
1119 1901 1248 1972 περὶ
1275 1900 1527 1963 πίστεως.
1560 1894 1880 1981 ρρ175-18ρ.
1912 1904 1955 1965 Β
1983 1898 2079 1968 φὺν
2111 1899 2334 1971 Πέτρον.
2365 1900 2475 1953 Καὶ
2496 1898 2655 1971 δῆλός
2679 1899 2825 1953 ἐστιν
2846 1890 3000 1962 οὗτος
3023 1899 3272 1962 κάκεῖνος
3306 1899 3412 1952 ἀπὸ
3439 1898 3540 1967 τῆς

323 1994 488 2068 lncip.
523 1996 782 2050 κελεύειό
805 1994 936 2058 Θεὸς
961 1993 1048 2051 διά
1078 1992 1171 2047 τοῦ
1211 1992 1516 2063 Προφήτου.
1564 1986 1734 2059 Lugd.
1781 1986 1884 2040 Ba-

324 2095 433 2141 tav.
471 2086 627 2152 1593,
662 2086 714 2141 8.
744 2083 947 2140 Praater
975 2083 1266 2139 Haaschelii
1290 2089 1448 2137 notas
1486 2081 1542 2135 in
1590 2079 1694 2135 hoc
1732 2076 1885 2134 volu-

325 2179 471 2233 Inlne
498 2183 715 2232 exstant
742 2174 961 2230 Maximi
992 2173 1280 2244 Margunii,
1310 2172 1549 2245 episcopi
1586 2169 1885 2241 Cytheren-

322 2269 423 2333 sis,
457 2268 697 2337 epistolae
724 2274 957 2336 quatuor
987 2266 1053 2320 ad
1093 2263 1459 2320 Hmscbelium
1491 2261 1690 2317 Graeca:
1731 2274 1784 2329 p.
1830 2259 1879 2323 ι,

324 2358 381 2418 5.
421 2358 489 2410 45
516 2366 570 2413 et
595 2357 683 2411 57.
734 2356 963 2411 Exstant
1000 2362 1054 2410 et
1075 2354 1190 2409 haec
1227 2368 1285 2423 p.
1329 2352 1431 2406 155
1478 2358 1663 2405 notata
1711 2350 1883 2403 docu-

325 2454 509 2504 menta
564 2445 821 2515 quinque,
868 2442 937 2496 de
971 2440 1154 2496 divina
1208 2437 1614 2499 Cbristianismi
1677 2436 1887 2507 origine

324 2535 601 2600 testantia,
637 2543 691 2589 et
722 2541 955 2604 quatuor
981 2547 1110 2587 usus
1128 2545 1405 2586 sacrarum
1435 2527 1840 2599 Scripturarum
1866 2545 1881 2582 :

367 2625 649 2696 Τεκμήρια
690 2626 793 2681 τοῦ
826 2626 1029 2681 θεόθεν
1044 2621 1196 2680 εἷναι
1224 2622 1329 2681 τὸν
1361 2621 1835 2693 χριστιανισμόν.

397 2724 468 2771 α’.
493 2717 530 2789 ἡ
546 2716 667 2773 θεία
693 2718 937 2787 πρόνοια.

397 2809 467 2880 β’.
498 2809 560 2861 τὸ
588 2807 753 2877 κῦρος
776 2808 876 2876 τῆς
910 2803 1219 2877 ἐκκλησίας.

397 2898 468 2970 γ’.
498 2901 527 2953 ὁ
553 2896 785 2970 Χριστοῦ
826 2899 958 2968 βίος.

402 2989 469 3045 δ’.
502 2992 537 3061 ἡ
571 2990 835 3060 ταυτότης
852 2987 1215 3051 διδασκαλίας.

398 3079 461 3137 ι’.
493 3081 561 3136 τὰ
598 3078 872 3151 θαυμάσια
900 3079 1007 3132 τῶν
1038 3076 1214 3151 ἔργων
1245 3077 1339 3131 καὶ
1360 3076 1568 3133 παθῶν.

480 3174 553 3229 Ἦ
565 3170 847 3240 περιϐολὴ
874 3171 994 3225 τῶν
1023 3168 1336 3239 μυστικῶν
1374 3168 1744 3240 γραμμάτων.

399 3271 473 3320 α’.
506 3263 825 3335 παραμυθία
851 3262 961 3316 τῶν
993 3262 1364 3335 μικροψύχων.

403 3356 469 3428 β’.
502 3355 810 3410 διδασκαλία
828 3354 935 3408 τῶν
960 3340 1315 3423 άγνοούντων.

401 3454 472 3516 γ’.
497 3447 777 3519 προτροπὴ
801 3446 908 3499 τῶν
935 3445 1423 3501 ὲθελοκακούντων.

401 3536 464 3593 δ’.
500 3539 711 3609 ἔλεγχος
743 3539 837 3592 καὶ
869 3535 1204 3608 κατάπληξις
1234 3536 1343 3591 τῶν
1362 3537 1768 3609 ἁμετανοήτων.

407 3630 579 3686 Lubet
607 3632 770 3686 etiam
802 3630 904 3685 hoc
929 3630 1051 3684 loco
1092 3628 1351 3685 exhibere
1399 3629 1704 3699 catalogum
1761 3642 1894 3698 ope—

331 3738 456 3779 tum
514 3721 758 3792 Gregorii
799 3720 1051 3791 Nysseni,
1100 3735 1260 3791 quem
1303 3718 1373 3774 ad
1441 3720 1683 3790 ejusdem
1729 3720 1892 3775 libelli

330 3815 538 3870 calcem
565 3813 904 3869 Hmschelius
934 3812 1295 3883 consignavit'.

476 3903 759 3975 Catalogus
810 3920 1021 3972 operum
1052 3904 1156 3959 diui
1213 3901 1452 3974 Gregorii
1495 3902 1745 3974 Nysseni.

407 3995 469 4049 Β.
513 3996 577 4048 Δ.
607 3995 982 4051 bibliothecam
1012 3995 1408 4065 Augustanam,

411 4084 479 4138 Μ.
547 4083 617 4139 Μ.
686 4083 902 4139 Maximi
988 4084 1289 4155 Margunii,
1348 4084 1701 4156 Cytherensis
1760 4086 1897 4171 κορί-

337 4189 510 4239 scopi,

411 4190 434 4229 ο
475 4191 510 4239 ι,

411 4190 473 4322 Dp.
508 4268 574 4323 ﬂ.
607 4266 894 4329 Hmschelii
922 4267 1208 4338 privatam,
1231 4267 1519 4338 signiﬁcat.

409 4362 696 4416 Asteriscis
724 4370 905 4415 notata
934 4358 1154 4414 excudit
1181 4358 1408 4414 Michael
1436 4359 1744 4430 Mangerus,
1784 4359 1898 4413 Au,-

334 4462 529 4522 gusta}.

407 4549 477 4599 α’.
500 4543 665 4611 Λόγος
688 4542 816 4613 περὶ
843 4540 1086 4612 θεότητος
1115 4539 1246 4594 Υίοῦ
1272 4540 1368 4594 καὶ
1390 4540 1695 4613 Πνεύματος
1716 4542 1891 4611 ἁγίου,

337 4635 433 4688 καὶ
457 4636 535 4698 είς
561 4635 650 4688 τὸν
676 4634 945 4706 Ἀϐραάμ.
970 4634 1029 4687 Β.
1060 4633 1124 4687 Α.
1152 4642 1206 4688 et
1247 4631 1314 4685 Μ.
1334 4631 1405 4687 Μ.

409 4726 475 4799 β’.
501 4726 595 4790 Ei;
621 4726 719 4798 τὴν
746 4728 906 4795 ἁγίαν
933 4726 1024 4781 τοῦ
1050 4726 1286 4795 Χριστοῦ
1327 4726 1598 4798 γέννησιν,
1634 4727 1691 4780 Β.
1715 4726 1779 4783 Δ.
1805 4732 1822 4746 ⁹

405 4826 476 4887 γ’.
507 4819 601 4882 Εἰς
634 4818 723 4872 τὸν
777 4819 927 4887 ἅγιον
966 4818 1232 4887 Στέφανον
1292 4817 1382 4871 τὸν
1436 4818 1890 4889 πρωτομάρτυρα,

334 4908 541 4966 Β.Α.⁶

404 5002 466 5057 δ’.
498 5001 813 5070 Ἐπιτάφιος
842 5002 919 5065 είς
934 5000 1023 5059 τὸν
1056 5000 1186 5056 ἴδιον
1222 4999 1444 5067 ἀδελφὺν
1476 4998 1566 5055 τὸν
1593 4999 1763 5070 μέγαν
1791 5000 1894 5053 Ba,

334 5092 558 5155 σίλειον,
582 5091 642 5144 Β.
669 5092 731 5144 Α.
764 5095 783 5114 '

404 5189 467 5239 ε’.
500 5182 595 5246 El;
614 5182 675 5235 τὺ
707 5182 859 5250 ἅγιον
883 5181 1181 5252 βάπτισμα,
1218 5181 1279 5238 Β.
1319 5183 1383 5235 Α.
1416 5182 1434 5203 ¹

408 5280 484 5341 ς’.
509 5275 605 5338 Εἰς
624 5276 683 5327 τὸ
713 5274 892 5346 ῥητὸν,
926 5274 1012 5342 ἐφ’
1055 5275 1177 5326 ὅσον
1215 5274 1499 5345 ἐποιήσατε
1539 5273 1619 5327 ἑνὶ
1668 5271 1894 5338 τούτων,

406 5364 471 5428 ζ’.
501 5366 596 5428 Είς
617 5367 742 5429 τοὺς
773 5364 1149 5435 κοιμηθέντας.
1183 5365 1243 5417 Β.
1273 5366 1337 5418 Α.

406 5464 476 5525 η’.
507 5459 602 5521 Είς
629 5458 720 5511 τὸν
742 5457 894 5526 ἅγιον
922 5456 1094 5527 μέγαν
1144 5457 1392 5528 μάρτυρα
1442 5456 1714 5529 Θεόδωρον
1757 5458 1896 5511 ἐλλι-

334 5550 469 5621 πής.
502 5550 568 5603 Β.
602 5552 666 5605 Α.

406 5640 473 5695 θ’.
524 5641 834 5710 Ἐπιτάφιος
868 5642 945 5703 εἱς
978 5640 1067 5692 τὸν
1095 5638 1263 5709 μέγαν
1302 5640 1581 5706 Μελέτιον,
1607 5642 1899 5695 ἐπίσκοπον

347 5731 701 5801 ⁹Ἀντιοχείας.
737 5732 795 5785 Β.
822 5732 889 5785 Α.

409 5818 469 5877 ι’.
494 5822 588 5886 Εἰς
619 5822 745 5885 τοὺς
768 5821 954 5891 ἁγίους
986 5819 1037 5892 μ’
1072 5821 1374 5892 μάρτυρας.
1400 5823 1460 5877 Β.
1494 5823 1557 5876 Α.

668 5912 941 5977 ΡΑτιιοι..
985 5912 1103 5974 Gn.
1150 5912 1371 5974 XLIV.

1980 1988 2231 2061 φράσεώς
2255 1990 2350 2045 τοῦ
2381 1990 2613 2062 μεγάλου
2654 1990 2952 2045 Βασιλείου.
2991 1991 3115 2054 Τοῖς
3153 1988 3245 2044 οὖν
3276 1991 3540 2061 έντυγχάυ

1979 2099 2129 2135 νουσι
2158 2082 2660 2155 περιεσκεμμένως,
2698 2074 2959 2154 ἐκατέρου
2990 2084 3086 2155 τὴν
3108 2085 3305 2155 φράσιν
3334 2086 3392 2140 ὲν
3428 2086 3541 2150 τοῖς

1981 2173 2159 2227 αὐτῶν
2183 2174 2607 2245 συγγράμμασιν
2632 2173 2865 2227 εἴσονται
2892 2173 2954 2227 τὸ
2970 2173 3142 2238 οὕτως
3172 2176 3334 2246 ἔχειν.

2051 2262 2142 2335 ιη’.
2178 2265 2314 2336 Περὶ
2342 2264 2436 2321 τοῦ
2476 2265 2549 2336 μὴ
2571 2264 2776 2319 οἴεσθαι
2807 2265 2985 2334 λέγειν
3010 2269 3157 2337 τρεῖς
3185 2266 3372 2330 Θεοὺς,
3404 2267 3540 2339 πρὸς

1982 2357 2283 2411 Ἀὕλάόιον.
2327 2356 2389 2410 Β.
2437 2356 2506 2412 Α.
2557 2356 2679 2424 Hic,
2722 2371 2845 2411 cum
2891 2357 3215 2428 quibusdam
3274 2359 3428 2422 aliis,
3474 2359 3543 2414 ad

1980 2447 2295 2519 Christopb.
2321 2446 2635 2517 Plantinum
2666 2456 2727 2503 ut
2752 2449 3148 2520 exprimeretur
3186 2449 3409 2514 missus,
3445 2464 3543 2504 ne-

1981 2538 2099 2595 scio
2140 2540 2234 2609 qui
2278 2537 2531 2608 perierit.
2595 2536 2726 2607 Ejus
2772 2546 2917 2594 certe
2956 2538 3207 2596 ministro
3227 2555 3348 2596 sese
3366 2540 3541 2597 tradi-

1980 2628 2149 2694 disse,
2182 2620 2490 2684 liaascbelio
2526 2629 2744 2699 scripsit
2770 2628 3111 2701 Sylburgius.

2056 2718 2140 2773 ιθ’.
2173 2718 2315 2792 Πρὸς
2344 2718 2550 2791 Πέτρον
2575 2718 2667 2773 τὸν
2694 2719 2825 2774 ἴδιον
2850 2719 3075 2790 ἀδελφὸν
3115 2718 3242 2791 περὶ
3282 2718 3545 2790 διαφορᾶς

1982 2810 2169 2875 οὐσίας
2192 2812 2287 2865 καὶ
2312 2810 2681 2875 ὑποστάσεως.
2736 2809 2797 2868 Β.
2849 2812 2916 2866 Α.
2958 2811 3139 2867 editus
3184 2812 3327 2867 inter
3356 2811 3544 2867 Basilii

1984 2902 2061 2958 Μ.
2087 2918 2252 2974 opera
2286 2942 2301 2967 ,
2330 2919 2385 2973 p.
2414 2902 2538 2959 297.
2572 2902 2659 2964 Ad
2680 2904 2982 2974 marginem
3009 2903 3217 2959 codicis
3237 2903 3305 2961 A.
3332 2901 3449 2958 [nec
3477 2904 3548 2957 le-
3664 2950 3675 2979 γε

1984 3004 2189 3065 guntur
2214 2995 2449 3064 ascripta
2480 3013 2495 3049 :
2534 2995 2592 3048 Ὁ
2615 2993 2805 3066 παρὼν
2834 2994 2990 3064 λόγος
3024 2996 3142 3049 ἐστὶ
3170 2995 3264 3048 τοῦ
3313 2994 3547 3064 μεγάλου

1984 3086 2287 3152 Βασιλείου,
2353 3086 2585 3158 γραφεὶς
2637 3085 2733 3143 καὶ
2783 3086 2996 3151 σταλεὶς
3047 3088 3128 3150 είς
3175 3086 3265 3141 τὸν
3308 3086 3548 3161 παρόντα

1986 3176 2142 3255 ἁγιον
2169 3177 2488 3249 Γρηγόριον,
2520 3177 2594 3243 ὡς
2618 3179 2676 3232 ἐν
2704 3176 2874 3250 ἑτέρῳ
2907 3177 3095 3249 βιϐλίῳ
3115 3177 3422 3250 κέκτημαι,
3456 3179 3546 3233 καὶ

1915 3237 1960 3299 c
1988 3237 2151 3341 δῗγλὸς
2177 3237 2324 3322 ἐστιν
2352 3237 2588 3341 άπὺντῆς
2618 3237 2870 3340 φράσεως
2904 3237 2999 3324 καὶ
3038 3237 3133 3323 τόὗ
3182 3237 3547 3340 χαρακτῆροςο

1989 3362 2073 3418 διδ
2094 3362 2189 3417 καὶ
2219 3362 2422 3433 ὀφείλει
2447 3362 2752 3434 γράφεσθαι
2772 3360 3053 3417 Βασιλείου
3088 3361 3225 3435 πρὸς
3253 3360 3545 3436 Γρηγόριον

1990 3453 2083 3507 τὸν
2119 3453 2248 3507 ἴδιον
2273 3452 2520 3524 ἀδελφὺν,
2559 3454 2708 3525 περὶ,
2738 3463 2845 3509 etc.

2060 3551 2131 3598 κ’.
2162 3543 2308 3615 Πρὸς
2329 3544 2671 3615 Σιμπλίκιον,
2698 3545 2827 3616 περί
2845 3544 3098 3609 πίστεως.
3122 3543 3182 3599 Β.
3210 3543 3276 3599 Α.
3308 3542 3374 3598 Ι).
3416 3543 3481 3598 Η.

2038 3618 2156 3683 καό
2172 3635 2304 3706 Περὶ
2332 3635 2425 3689 τοῦ
2444 3636 2498 3693 τί
2524 3634 2585 3689 τὸ
2611 3636 2936 3707 χριστιανῶν
2961 3636 3130 3708 ὄνομα
3153 3634 3187 3706 ἢ
3209 3635 3546 3705 ἐπάγγελμα.

1995 3728 2129 3797 πρὸς
2177 3728 2479 3799 ’Δρμόνιον.
2511 3726 2571 3782 Β.
2600 3727 2666 3785 Α.
2691 3735 2746 3783 et
2774 3727 2836 3787 Ι).
2866 3726 2932 3781 Η.

2063 3818 2167 3892 κβ’.
2225 3820 2361 3892 Περὶ
2406 3820 2760 3892 τελειότητος,
2800 3820 2894 3875 καὶ
2930 3821 3116 3877 ὁποῖον
3154 3812 3293 3877 εἶναι
3324 3819 3430 3890 χρὴ
3463 3819 3544 3871 τὸι

1992 3914 2322 3989 χριστιανόν.
2355 3914 2417 3969 D.
2447 3910 2515 3973 Η.

2064 4013 2170 4075 κγ’.
2202 4007 2297 4069 Εἰς
2316 4006 2397 4070 τὸ,
2426 4004 2549 4057 τότε
2590 4004 2687 4058 καὶ
2728 4004 2889 4068 αὐτὸς
2939 4005 2968 4058 ό
2997 4004 3126 4069 Υἱὸς
3160 4003 3548 4074 ὓποταγήσεται

1992 4089 2071 4161 τῷ
2096 4089 2420 4153 ὑποτάξαντι
2453 4088 2603 4158 αὑτῷ
2626 4088 2696 4141 τὰ
2730 4088 2926 4145 πάντα.
2965 4088 3028 4145 Β.
3059 4087 3129 4143 Δ.

2065 4181 2163 4236 κδ’.
2196 4182 2289 4244 Ei;
2316 4179 2669 4251 Πουλχερίαν.
2709 4179 2771 4235 Β.
2814 4179 2880 4234 Α.

2067 4282 2149 4329 κε’
2187 4275 2283 4338 Εἰς
2316 4274 2638 4328 Πλάκιλλαν.
2676 4271 2737 4327 Β.
2767 4272 2833 4328 Α.
2868 4280 2923 4329 et
2959 4272 3028 4329 Μ.
3066 4273 3136 4330 Μ.

2066 4364 2178 4431 acc".
2200 4368 2298 4430 Εἰς
2319 4365 2411 4421 τὸν
2442 4365 2494 4431 ς’
2547 4366 2778 4437 ψαλμὸν,
2807 4366 2934 4439 περὶ
2962 4365 3061 4438 τῆς
3089 4365 3299 4440 ὀγδόης.
3346 4366 3408 4422 Β.
3439 4367 3505 4422 Δ.

2066 4456 2168 4523 κζ’.
2200 4458 2294 4520 Εἰς
2325 4458 2452 4520 τοὺς
2486 4457 2890 4528 μακαρισμοὺς,
2931 4456 2993 4511 Β.
3040 4458 3104 4511 Α.
3145 4464 3202 4514 et
3237 4467 3446 4530 partem
3481 4458 3533 4512 Μ

2000 4546 2071 4603 li.
2099 4556 2263 4617 atque
2288 4546 2352 4600 Ι).
2384 4546 2450 4605 Η.

1926 4643 1971 4699 Β
2068 4646 2174 4709 κη’.
2202 4639 2298 4701 Εἰς
2317 4638 2647 4709 προσευχήν.
2679 4637 2740 4690 Β.
2776 4637 2842 4691 Δ.

2070 4729 2172 4784 κθ’.
2197 4729 2292 4792 Εἰς
2345 4727 2644 4799 Γρηγόριον
2688 4726 2780 4782 τὸν
2822 4724 3255 4799 θαυματουργόν.
3305 4727 3366 4782 Β.
3400 4727 3463 4782 Λ.
3505 4739 3556 4782 ει

1999 4818 2064 4877 Ι).
2114 4817 2179 4873 Η.

2069 4910 2133 4965 λ’.
2163 4910 2259 4972 Εἰς
2276 4908 2369 4962 τὸν
2391 4907 2546 4977 ἆγιον
2566 4908 2822 4979 Ἐφραὶμ.
2852 4907 2923 4964 Μ.
2960 4906 3032 4962 Μ.

2067 4998 2168 5055 λα’.
2204 5000 2365 5068 Λόγοι
2405 4999 2755 5071 τρισκαίδεκα
2803 5000 2943 5070 πρὸς
2992 4999 3198 5073 Πέτρον
3240 5000 3332 5055 τὸν
3364 5001 3558 5062 ἑαυτοῦ

2000 5093 2247 5161 ἀδελφὸν,
2274 5091 2415 5146 κατὰ
2442 5091 2728 5163 Εὐνομίοιι.
2753 5090 2824 5145 Μ.
2852 5089 2924 5146 Μ.

2072 5184 2171 5255 λβ’.
2203 5186 2347 5257 Πρὸς
2374 5183 2629 5263 Θεόφιλον
2660 5183 3084 5254 Ἀλεξανδρείας,
3125 5184 3268 5238 κατὰ
3319 5180 3566 5241 Ἀπολλιη

2002 5276 2209 5349 ναρίου.
2234 5276 2303 5335 Μ.
2345 5275 2415 5335 Μ.
2456 5284 2511 5331 et
2540 5275 2603 5330 D.
2645 5275 2712 5331 Η.
2748 5290 2814 5331 ex
2855 5274 3075 5331 Maximi
3117 5275 3380 5346 Margunii
3424 5272 3561 5325 libe-

2003 5371 2234 5425 ralitate.

2072 5459 2173 5526 λγ¹.
2201 5459 2294 5522 Είς
2321 5458 2413 5511 τὸν
2436 5456 2832 5527 ἐκκλησιαστὴν
2854 5454 3001 5524 λόγοι
3022 5453 3093 5525 η’.
3133 5454 3203 5509 Μ.
3244 5455 3312 5508 Μ.

2065 5546 2160 5603 λό’.
2199 5546 2505 5615 Ἀπολογία,
2537 5546 2667 5616 περὶ
2699 5546 2795 5615 τῆς
2831 5544 3156 5615 ὲξαημέρου,
3194 5542 3328 5612 πρὸς
3357 5541 3563 5614 Πέτρτν

1997 5641 2089 5694 τὸν
2117 5639 2364 5707 ἀδελφόν.
2394 5636 2465 5692 Μ.
2498 5637 2569 5692 Μ.

2070 5730 2164 5781 λε’.
2199 5729 2292 5791 El;
2317 5728 2415 5790 τὰς
2444 5723 2754 5798 ἐπιγραφὰς
2777 5724 2883 5777 τῶν
2918 5722 3168 5793 ψαλμῶν.
3204 5721 3276 5775 Μ.
3316 5722 3385 5775 Μ.

2068 5820 2177 5885 λς’.
2212 5819 2347 5890 Περὶ
2371 5818 2465 5873 τοῦ
2494 5818 2611 5889 βίου
2635 5816 2875 5881 Μωσέως
2896 5814 2988 5869 τοῦ
3018 5812 3328 5884 νομοθέτου,
3358 5815 3390 5894 ἢ
3440 5814 3564 5889 περι
