4054 6536
517 382 589 437 ιδ
1672 373 1728 428 S.
1771 367 2168 428 GREGORIUS
2206 366 2584 425 NYSSENUS.
3631 369 3644 381 ‘
3676 358 3744 413 μ

517 501 619 570 τῆς
642 499 763 553 κατ’
799 497 1001 570 ἀρετὴν
1027 494 1379 564 τελειότητος.
1492 487 1668 560 Hujus
1705 488 2076 560 apographum
2106 491 2155 549 Α
2253 493 2326 557 μ’.
2384 486 2478 548 Εἰς
2539 483 2636 555 τὴν
2683 481 2777 536 τοῦ
2833 481 3127 553 ἀνθρώπου
3199 481 3564 554 κατασκευήν.
3595 479 3657 538 Β.
3679 480 3743 538 Δ.

522 590 804 649 reverend.
844 599 898 645 et
921 587 1267 644 doctissimus
1294 581 1547 637 dominus
1583 579 1924 650 Margunius,
1968 578 2088 632 ὲπί-
2184 586 2361 634 exstat
2400 578 2697 647 interprete
2723 575 2878 631 Joan.
2905 573 3254 630 Leunclavio.

529 700 729 745 σκοπος
761 679 1047 751 Κυθήρων,
1072 688 1171 732 sua
1203 690 1368 730 manu
1395 678 1704 738 exaratum,
1766 669 1911 725 dono
1963 668 2088 724 Hua-

1898 686 1911 723 ι
1963 668 2088 724 Hoe-
2257 676 2368 741 μα’.
2404 668 2538 740 Περὶ
2557 668 2754 739 ψυχῆς,
2782 665 2918 739 πρὸς
2941 666 3040 737 τὴν
3061 665 3316 738 ἀδελφήν.
3355 665 3418 720 Β.
3453 664 3499 719 Α

527 775 734 832 schelio
774 772 944 826 misit.

2261 761 2368 833 μβ’.
2402 763 2497 825 Εἰς
2519 761 2586 814 τὰ
2615 760 2833 832 ᾅσματα
2860 758 2967 811 τῶν
2989 759 3268 828 ᾀσμάτων,
3299 757 3449 827 λόγοι
3487 757 3580 811 λε’.
3649 755 3751 813 Lac

594 864 694 929 λζ’.
724 865 818 926 Εἰς
844 862 944 933 τὴν
983 859 1178 914 ἑαυτοῦ
1208 857 1561 931 χειροτονίαν.
1590 857 1662 911 Μ.
1691 854 1760 909 Μ.
2188 866 2195 906 1

2188 855 2301 910 tine
2329 862 2563 915 exstant,
2596 854 2894 922 interprete
2921 852 3119 906 Joann.
3152 850 3504 906 Leunclavio.

596 961 696 1032 λη’.
726 957 1108 1030 Κατηχητικὺς
1127 956 1304 1024 λόγος,
1335 955 1406 1008 Μ.
1447 954 1519 1008 Μ.
1569 951 1734 1022 hujus
1781 945 2087 1017 exemplum
2265 944 2376 1014 μγ’.
2443 943 2586 1015 Πρὸς
2635 943 2763 1006 τοὺς
2812 941 3144 1012 ἀχθομένους
3207 942 3328 1004 ταῖς
3381 939 3746 1012 ὲπιτιμήσεσι.

528 1055 597 1109 ab
627 1052 813 1109 eodem
857 1067 970 1106 rev.
1003 1066 1089 1121 ep.
1130 1049 1287 1120 Cyth.
1328 1045 1669 1104 Hoesclielins
1690 1041 1920 1112 accepit.
2192 1035 2378 1091 Graece
2409 1036 2586 1090 editus
2607 1034 2856 1089 Parisiis.

598 1143 694 1198 λθ’.
730 1143 867 1214 Περὶ
889 1140 1206 1214 παρθενίας,
1248 1147 1426 1197 exstat
1468 1138 1521 1192 in
1564 1134 1892 1193 bibliotheca
1941 1129 2093 1184 Vati-

2261 1126 2440 1182 Codex
2471 1126 2774 1181 orationum
2800 1122 2858 1179 S.
2881 1123 3042 1196 Greg.
3082 1121 3337 1195 Nysseni,
3364 1122 3498 1178 satis
3527 1135 3753 1192 magnus

531 1250 690 1299 cana,
720 1249 1014 1289 conversus
1040 1248 1072 1287 a
1103 1231 1260 1288 Joan.
1290 1229 1561 1294 Livineio,
1601 1227 1670 1282 (ἓ.
2191 1221 2244 1276 in
2275 1222 2600 1277 bibliotheca
2626 1220 2826 1277 nobilis
2849 1226 2904 1276 et
2924 1219 2996 1274 el.
3030 1235 3082 1273 v.
3107 1217 3170 1272 D.
3211 1217 3482 1274 Theodori
3511 1216 3754 1273 Cameri.

551 1451 3746 1498 Μ

548 1481 618 1498 ius

686 1682 1726 1832 PROLEGOMENA
1804 1691 2537 1814 EDITIONIS
2615 1686 3622 1810 MORELLIAN/E.

1555 2122 2021 2170 ιιιυετὶιῐεεωο
2081 2122 2161 2166 ET
2206 2117 2747 2166 REVERENDISSIMO

1778 2267 2119 2326 FEDEBICO
2155 2266 2558 2325 ΒΟΒΒΟΜᾸΞΟ

1843 2443 1897 2486 8.
1931 2443 1996 2486 ιι.
2037 2441 2096 2484 Ε.
2130 2440 2470 2485 CARDINALI

1602 2606 2171 2656 MEDIOLANENSIUM
2201 2605 2718 2661 ARCHIEPISCOPO,

1336 2754 1649 2809 CLAUDIUS
1704 2753 2042 2806 MORELLUS
2082 2753 2347 2803 XAIPEIN
2388 2753 2503 2801 ΚΑΙ
2543 2705 2956 2803 ΕΥΟΔΟΥΣΘΪΑΙ.

621 3149 776 3219 Quod
814 3149 1046 3205 Basilius
1084 3145 1336 3220 Magnus,
1365 3146 1673 3204 Cardinalis
1699 3147 2055 3217 amplissime,
2087 3145 2155 3202 ad
2177 3146 2394 3203 beatum
2423 3146 2773 3203 Ambrosium
2804 3145 3160 3203 Mediolanen.
3185 3147 3480 3204 antistitem
3510 3141 3780 3211 scribens.

550 3255 676 3318 post
709 3247 1042 3301 luculentam
1097 3243 1466 3299 maximorum
1503 3239 1716 3294 Domini
1746 3238 1952 3310 Deique
1999 3242 2178 3298 naslri
2216 3241 2604 3297 beneﬁciorum
2655 3243 2710 3296 in
2755 3259 2926 3313 genus
2965 3244 3260 3299 humanum
3291 3247 3779 3311 enumerationem,

553 3346 629 3398 ait
663 3356 722 3397 se
751 3352 1018 3396 summam
1052 3334 1148 3392 Dei
1168 3333 1294 3407 Opt.
1328 3332 1468 3387 Max.
1502 3332 1728 3404 gloriam
1762 3333 2110 3402 praedicando
2139 3334 2422 3400 extollere,
2463 3336 2554 3405 qui
2588 3351 2684 3404 per
2711 3336 2922 3405 singula
2953 3320 3180 3407 quaeque
3222 3339 3416 3392 sacula
3449 3339 3656 3392 numini
3683 3355 3783 3394 suo

555 3438 832 3508 placentes
864 3430 1071 3501 deligit,
1105 3426 1462 3497 ὶκλεγόμενος
1492 3425 1619 3489 τοὺς
1649 3425 1798 3496 αὐτῷ
1825 3426 2156 3495 εὐαρεστοῦνι

2181 3442 2272 3491 ηας,
2295 3440 2421 3480 cum
2461 3426 2758 3496 praesertim
2790 3443 2904 3481 aevo
2929 3442 3029 3482 suo
3063 3443 3094 3482 e
3121 3427 3340 3482 civitate
3373 3430 3574 3500 regali,
3605 3431 3782 3484 virum

555 3541 880 3604 spectatum,
908 3527 1068 3596 cujus
1101 3522 1222 3578 ﬁdei
1246 3522 1416 3576 totius
1441 3521 1618 3592 gentis
1648 3519 1972 3591 praefectura
2002 3521 2294 3577 commissa
2319 3521 2516 3588 fuerat,
2541 3538 2806 3595 generosa
2835 3532 3034 3589 mente,
3073 3526 3270 3581 illustri
3296 3536 3472 3581 ortum
3503 3529 3781 3599 prosapia,

554 3631 676 3680 vitae
712 3622 1033 3694 splendore,
1085 3615 1304 3672 dicendi
1361 3615 1563 3668 virtute
1593 3612 1800 3667 clarum
1823 3656 1838 3678 ,
1869 3614 2103 3683 negotiis
2137 3614 2420 3669 civilibus
2447 3617 2746 3672 tractandis
2782 3618 3135 3688 conspicuum
3159 3657 3175 3683 ,
3227 3620 3292 3674 ad
3333 3620 3575 3676 sedulam
3628 3624 3786 3678 ovilis

553 3717 760 3775 Christi
787 3727 975 3770 curam
1002 3711 1292 3772 traxisset,
1343 3714 1506 3776 atque
1541 3721 1574 3760 a
1601 3705 1884 3774 judicibus
1923 3713 2084 3760 terra:
2136 3707 2200 3760 ad
2252 3707 2653 3776 praesidentiam
2703 3713 3055 3780 apostolicam
3102 3713 3497 3776 transtulisset,
3528 3714 3694 3786 ἄνδρα
3722 3717 3785 3770 ὲκ

556 3785 940 3883 βοῖσιλευούσης
969 3803 1174 3866 πόλεως
1216 3799 1389 3873 ἀρχὴν
1423 3799 1543 3853 ὅλου
1582 3797 1766 3862 ἔθνους
1796 3798 2223 3870 πεπιστευμένον
2247 3839 2261 3863 ,
2293 3799 2494 3870 ὑψηλὸν
2529 3799 2607 3872 τῷ
2635 3805 2935 3873 φρονήματι
2954 3843 2970 3867 ,
3012 3804 3201 3873 γένους
3228 3805 3602 3877 λαμπρότητι,
3628 3785 3788 3877 περι-

554 3902 757 3972 φανείᾳ
791 3900 926 3970 βίου,
953 3897 1126 3965 λόγων
1163 3895 1384 3966 δυνάμει
1408 3935 1422 3959 ,
1458 3893 1746 3966 πράγμασι
1773 3896 1884 3956 τοῖς
1913 3892 2054 3946 κατὰ
2074 3893 2165 3947 τὸν
2187 3893 2299 3964 βίον
2333 3894 2692 3965 περίϐλεπτον
2714 3935 2729 3959 ,
2763 3897 3003 3952 εἵλκυσεν
3043 3901 3124 3962 εἰς
3148 3899 3241 3970 τὴν
3267 3899 3374 3952 τῶν
3407 3902 3666 3971 ποιμνίων
3693 3899 3786 3955 τοῦ

553 3992 789 4066 Χριστοῦ
820 3989 1161 4054 ἐπιμέλειαν,
1197 3987 1290 4040 καὶ¹
1319 3984 1426 4039 ἀπὸ
1457 3985 1564 4038 τῶν
1603 3985 1805 4057 κριτῶν
1837 3985 1933 4055 τῆς
1961 3985 2067 4054 γῆς
2087 4024 2102 4050 ,
2135 3985 2230 4039 ἐπὶ
2258 3983 2354 4055 τὴν
2387 3985 2677 4056 προεδρίαν
2706 3987 2813 4043 τῶν
2876 3989 3185 4043 ἀποστόλων
3219 3991 3534 4062 μετέθηκεν.
3565 3991 3694 4058 Quae
3719 3993 3786 4048 ab

553 4087 704 4145 omni
737 4083 1107 4139 assentatione
1155 4080 1526 4134 remotissima
1566 4080 1742 4150 elogia
1789 4093 1819 4132 a
1853 4077 2006 4131 tanto
2045 4075 2458 4146 archiepiscopo
2491 4076 2845 4145 Caesariensi,
2883 4081 3228 4136 sanctissimo
3269 4082 3487 4152 praesuli
3537 4083 3788 4138 Mediola-

556 4182 711 4238 nensi
746 4181 870 4249 jure
927 4176 1170 4241 tributa,
1213 4189 1394 4228 nonne
1450 4172 1804 4229 meritissimo
1856 4171 1923 4226 ad
1956 4171 2332 4228 beatissimum
2369 4170 2626 4226 Carolum
2662 4173 2995 4228 cardinalem
3045 4173 3440 4240 Borromazum,
3488 4176 3786 4246 patruelem

557 4286 742 4334 tuum,
777 4269 955 4340 patria
987 4283 1264 4338 regnoque
1304 4267 1514 4321 cmlesti
1541 4267 1652 4335 jam
1689 4265 2060 4336 perfruenlem
2088 4307 2103 4331 ,
2146 4275 2200 4321 et
2228 4265 2296 4320 ad
2341 4276 2392 4321 te
2421 4266 2539 4336 pari
2573 4281 2835 4337 purpura,
2877 4267 3043 4321 animi
3079 4267 3334 4330 candore,
3365 4267 3624 4322 doctrina:
3653 4283 3789 4337 prae-

557 4361 778 4422 stantia,
814 4361 937 4412 vitae
983 4371 1306 4426 morumque
1335 4355 1605 4410 modestia
1637 4370 1700 4409 ac
1731 4357 2093 4410 sanctimonia
2127 4364 2484 4420 exornatum,
2518 4357 2774 4411 videntur
2804 4355 3222 4412 transferenda?
3248 4356 3368 4412 Jam
3409 4373 3535 4412 vero
3562 4373 3685 4412 cum
3727 4357 3786 4412 S.

558 4457 805 4527 Gregorii
832 4455 1062 4527 Nysseni
1093 4453 1359 4524 episcopi,
1396 4452 1582 4508 Basilii
1632 4453 1779 4507 illius
1819 4455 2064 4523 germani
2113 4453 2298 4510 fratris
2323 4494 2337 4518 ,
2384 4453 2620 4525 Operum
2667 4454 2985 4525 fetuumque
3019 4456 3232 4526 augusti
3273 4455 3471 4525 ingenii
3523 4454 3791 4525 legitimo-

558 4568 680 4607 rum
714 4549 935 4606 editioni
967 4545 1240 4617 διγλώττῳ
1281 4546 1375 4599 καὶ
1424 4547 1703 4616 συμφερτῇ
1728 4585 1742 4610 ,
1776 4554 2062 4615 patronum
2103 4560 2159 4615 οι

2188 4547 2365 4600 timum
2416 4554 2470 4601 et
2515 4547 2890 4618 προασπιστὴν
2929 4550 3278 4619 πανάριστον,
3310 4563 3674 4618 quaereremus
3723 4546 3789 4602 ad

557 4640 824 4695 virulenta
848 4637 1123 4692 Zoilorum
1159 4635 1465 4702 κακοδόξων
1492 4636 1598 4690 tela
1644 4637 2017 4704 retundenda;
2053 4637 2109 4691 in
2149 4652 2307 4707 quem
2337 4638 2519 4708 potius
2546 4638 2732 4694 oculos
2770 4640 3040 4708 conjicere
3066 4640 3371 4704 debuimus,
3397 4655 3556 4708 quam
3593 4641 3647 4693 in
3667 4655 3790 4694 eum

561 4737 718 4805 cujus
747 4733 1057 4803 reSpublica
1088 4733 1398 4788 Christiana
1421 4774 1435 4799 ,
1483 4742 1780 4802 sanctaque
1811 4732 2055 4788 Ecclesia
2089 4733 2331 4788 Romana
2367 4735 2588 4791 nomine
2619 4734 2737 4806 ipso
2767 4735 3087 4790 recreatur?
3113 4734 3309 4804 quippe
3335 4735 3388 4788 in
3417 4749 3524 4802 quo
3573 4731 3793 4804 Ῥώμης

560 4845 718 4883 omen
748 4827 1148 4882 faustissimum
1178 4827 1514 4888 continetur;
1555 4825 1843 4897 ἐπώνυμον
1871 4829 1984 4888 τοῖς
2015 4827 2161 4881 καλοῖ

2190 4845 2200 4889 :
2231 4828 2420 4898 ὄνομα,
2457 4828 2724 4897 siquidem
2747 4868 2760 4891 ,
2795 4825 2982 4897 Igneus
3022 4836 3099 4881 est
3137 4829 3277 4897 vigor
3307 4836 3356 4881 et
3391 4826 3612 4880 caelestis
3648 4827 3791 4896 origo

562 4920 908 4984 Borromwis,
951 4919 1094 4989 quod
1125 4919 1252 4974 olim
1283 4934 1370 4974 me
1393 4919 1460 4974 de
1487 4926 1679 4974 sancto
1703 4919 1917 4984 Carolo,
1945 4935 2104 4989 quem
2142 4928 2198 4974 tu
2234 4920 2479 4989 sequeris
2519 4935 2685 4990 prope
2715 4921 2966 4991 passibus
2998 4919 3188 4990 aequis,
3230 4918 3626 4990 depraedicasse
3655 4933 3795 4971 nun-

563 5028 726 5085 quam
759 5014 1066 5084 paanitebit.
1107 5011 1378 5078 Quocirca
1408 5013 1716 5084 Nyssenum
1745 5013 2059 5083 pervigilem
2095 5028 2161 5068 an

2192 5013 2389 5069 istitem
2418 5052 2433 5078 ,
2463 5016 2794 5084 γρηγορήσει
2825 5011 3160 5084 φερώνυμον,
3201 5012 3268 5066 ad
3298 5022 3348 5067 te
3383 5011 3789 5082 ἐρρωμενέστα-

564 5123 654 5158 τον
683 5105 776 5157 καὶ
808 5104 1260 5174 ὀξυδερκέστατον
1289 5104 1570 5176 ἀρχιερέα,
1606 5105 1749 5158 ultro
1791 5118 1915 5158 cum
1955 5103 2165 5160 chariss

2195 5104 2296 5159 mis
2331 5106 2529 5158 mentis
2563 5105 2880 5175 pignoribus
2917 5104 3108 5177 perdiu
3137 5102 3336 5159 abditis
3360 5144 3375 5170 ,
3426 5103 3791 5166 accedentem,

566 5214 628 5254 ea
661 5197 1046 5269 φιλοφροσύνῃ,
1084 5197 1436 5268 benignitate,
1468 5197 1802 5252 humanitate
1835 5205 1889 5252 ct
1923 5197 2220 5263 alacritate,
2257 5212 2365 5267 qua
2394 5209 2637 5253 veterum
2677 5207 2989 5253 sanctorum
3027 5197 3367 5268 potissimum
3398 5195 3620 5250 Patrum
3647 5195 3797 5251 Grae-

564 5307 753 5346 corum
783 5300 838 5347 et
861 5291 1178 5347 Latinorum
1206 5302 1558 5348 monumenta
1594 5293 1849 5363 prosequi
1889 5292 2054 5358 soles,
2081 5292 2346 5362 accipito;
2379 5308 2442 5346 ac
2474 5293 2672 5363 pietate
2699 5309 2914 5364 gravem
2946 5301 3000 5349 et
3030 5293 3239 5348 meritis
3267 5294 3322 5347 in
3353 5293 3796 5362 locupletissima

567 5386 911 5443 bibliothecae
944 5395 1068 5452 tuae,
1103 5402 1208 5456 qua
1264 5387 1622 5459 φιλομούσους
1649 5403 1838 5442 omnes
1869 5387 2142 5442 exhilaras
2164 5426 2178 5450 ,
2210 5389 2444 5456 potiori,
2481 5405 2696 5458 quaeso,
2728 5398 2882 5459 parte
2909 5390 3192 5445 collocato.
3227 5388 3316 5444 Sic
3344 5390 3531 5460 utique
3558 5431 3573 5454 ,
3601 5405 3797 5459 magno

567 5478 822 5538 Federice
850 5523 864 5544 ,
899 5477 1078 5538 fmdus
1120 5467 1398 5539 Musarum
1438 5493 1710 5540 castarum
1747 5483 2057 5538 inviolabile
2091 5499 2348 5549 servans,
2390 5486 2668 5554 φιλοθέους
2701 5487 2796 5539 Tui
2829 5505 3078 5543 memores
3113 5488 3294 5558 fecisse
3323 5487 3565 5541 merendo
3586 5528 3600 5551 ,
3638 5487 3796 5559 χάρις

568 5577 723 5647 χάριν
752 5580 858 5650 γάρ
897 5579 1042 5631 ἐστιν
1078 5580 1112 5648 ἡ
1145 5578 1383 5632 τίκτουσ’
1411 5580 1526 5644 ἀεί,
1555 5595 1716 5634 omne
1750 5594 1922 5634 tevum
1949 5578 2149 5632 diceris

2216 5589 2268 5633 et
2295 5579 2355 5631 τὸ
2382 5580 2474 5632 τοῦ
2504 5580 2637 5634 Θεοῦ
2682 5582 2907 5653 εὐμενές
2953 5583 3049 5638 tibi
3083 5598 3205 5637 cum
3237 5582 3472 5637 nominis
3517 5582 3796 5635 immorta-

567 5670 719 5729 litate
743 5670 1107 5742 comparabis.
1142 5668 1284 5726 Benc
1318 5670 1540 5742 diuque,
1581 5670 2011 5727 Borromteorum
2043 5668 2201 5733 Θὰλος
2232 5670 2512 5741 ῥωμαλέον
2532 5711 2545 5735 ,
2577 5672 2778 5728 valeas.
2810 5673 3032 5730 Lutetiae
3066 5673 3325 5730 Parisior.
3357 5674 3421 5727 A.
3450 5671 3690 5729 5.1615.
