4110 6500
369 381 443 439 ιε
1698 386 1916 443 PROLE

2018 386 2212 442 MENA
2230 430 2233 437 .
3522 387 3591 447 46

370 535 3596 564 mw

978 685 1160 761 QUJE
1193 686 1299 747 AD
1331 687 1589 749 VITAM
1621 687 1916 749 LAUDEI‘

2018 688 2114 749 UE
2144 689 2204 749 s.
2236 688 2617 750 GREGORII
2644 690 2981 766 NYSSENI

1800 876 2160 921 PEBTINENT

1390 1018 1485 1076 EX
1503 1018 1812 1079 ALIORUM
1845 1020 2156 1078 SCRIPTIS
2188 1022 2461 1080 ELOGIA.

1235 1171 1307 1228 D.
1374 1172 1725 1245 Hieronymus
1773 1178 1829 1227 in
1882 1174 2141 1245 Catalogo
2195 1176 2385 1245 script.
2419 1176 2614 1233 eccles.

1538 1481 1862 1554 Sophronias
1904 1484 2115 1541 Graecus
2148 1482 2421 1554 interpres.

432 1593 758 1667 Γρητόριος
796 1596 1016 1668 Νύσσης
1046 1597 1360 1661 ἐπίσκοπος,
1392 1596 1616 1667 ἀδελφὸς
1648 1598 1916 1652 Βασιλείου

2102 1600 2380 1668 Gregorius
2408 1599 2689 1671 Nyssenus
2723 1600 3032 1671 episcopus,
3064 1600 3229 1655 frater
3255 1599 3440 1657 Basilii
3470 1601 3591 1656 Cat;

364 1687 459 1742 τοῦ
494 1690 845 1759 Καισαρείας,
878 1690 982 1760 πρὸ
1006 1684 1201 1757 ὀλίγων
1227 1688 1484 1742 ἐνιαυτῶν
1508 1689 1631 1759 ἐμοὶ
1664 1690 1755 1742 καὶ
1786 1691 1916 1760 Γρηί

2031 1692 2310 1756 sariensis,
2351 1699 2476 1747 ante
2499 1707 2704 1762 paucos
2743 1706 2917 1746 annos
2947 1691 3077 1744 mihi
3108 1700 3161 1745 et
3197 1690 3458 1760 Gregorio
3487 1689 3594 1747 Naa-

364 1778 534 1848 γορίῳ
576 1777 653 1848 τῷ
688 1775 1040 1848 Ναζιανζηνῷ
1080 1776 1229 1831 κατὰ
1274 1776 1571 1845 Εὑνομίου
1606 1778 1810 1846 ἀνέγνω
1839 1780 1916 1831 λό-

2032 1784 2291 1839 zianzeno
2341 1798 2472 1839 suos
2504 1792 2690 1837 contra
2730 1782 3048 1837 Eunomium
3090 1782 3218 1853 legit
3266 1784 3458 1843 libros.
3499 1785 3591 1853 qui

365 1885 515 1936 γους,
544 1869 690 1933 ὅστις
725 1869 818 1922 καὶ
845 1868 979 1923 ἄλλα
1008 1867 1180 1921 πολλὰ
1207 1868 1540 1939 γεγραφέναι
1578 1870 1670 1921 καὶ
1701 1871 1916 1940 γράφεις.

2033 1886 2087 1930 et
2112 1877 2281 1930 multa
2308 1876 2413 1929 alia
2434 1885 2488 1930 et
2516 1876 2806 1947 scripsisse
2837 1884 2893 1931 et
2921 1875 3161 1931 scribere
3191 1876 3412 1932 dicitur.

369 1958 602 2027 λέγεται.

1065 2047 1394 2118 Nicephorus
1428 2046 1686 2104 Callistus
1719 2050 2118 2110 Ecclesiasticae
2145 2054 2388 2110 historiae
2418 2054 2512 2108 lib.
2546 2069 2623 2117 χι,
2653 2070 2774 2125 cap.
2809 2055 2900 2110 29.

442 2139 645 2195 Habuit
672 2136 909 2197 Basilius
937 2138 1159 2208 fratres,
1184 2154 1417 2211 quorum
1455 2158 1597 2198 unus
1633 2141 1927 2211 Gregorius
1970 2144 2089 2211 fuit,
2139 2146 2395 2202 Ecclesiae
2426 2145 2686 2216 Nyssenae
2718 2148 2812 2201 lux
2844 2155 2899 2201 et
2946 2152 3325 2201 ornamentum
3356 2164 3368 2201 :
3398 2146 3480 2200 vir
3513 2159 3593 2201 se-

368 2234 603 2288 cundum
638 2235 857 2290 fratrem
891 2233 1163 2299 doctrina,
1194 2234 1464 2299 muribus,
1492 2242 1547 2290 et
1583 2235 1707 2288 vita:
1746 2237 2038 2293 sanctitate
2069 2247 2367 2309 spectatus.
2394 2238 2461 2291 Et
2498 2240 2749 2308 quamvis
2794 2238 3085 2309 conjugem
3125 2239 3397 2303 habuerit,
3428 2238 3593 2292 rebus

365 2336 547 2381 tamen
587 2327 709 2380 aliis
739 2325 896 2380 fratri
934 2325 1157 2379 minime
1182 2325 1369 2380 cessit.
1402 2324 1505 2391 Qui
1542 2323 1745 2380 Basilio
1777 2336 2014 2392 mortuo,
2050 2333 2413 2385 Hexaemeron
2455 2331 2570 2385 sive
2606 2342 2700 2385 sex
2732 2330 2944 2385 dierum
2977 2346 3114 2401 opus
3144 2330 3292 2384 illius
3338 2316 3593 2399 adimple-

362 2419 471 2483 vit;
513 2428 565 2473 et
587 2417 850 2472 Adversus
878 2414 1194 2470 Eunomium
1222 2424 1276 2472 et
1303 2416 1697 2486 Appottinarem
1726 2418 2127 2479 confutationes
2155 2424 2395 2494 scripsit.
2422 2421 2896 2493 ConstantinOpoli
2930 2438 3148 2493 quoque
3176 2424 3232 2477 in
3256 2424 3443 2478 divum
3486 2425 3592 2479 Me-

363 2512 553 2565 letium
589 2510 893 2565 orationem
942 2508 1227 2565 funebrem
1274 2511 1602 2580 composuit,
1646 2510 1861 2581 aliaque
1906 2512 2134 2585 insuper
2164 2520 2399 2587 plurima
2447 2515 2711 2586 opuscula
2743 2514 3011 2570 doctrinis
3043 2525 3097 2570 et
3154 2516 3592 2573 institutionibus

362 2696 644 2753 miraculis
672 2695 937 2750 celebrem
962 2694 1137 2749 oratio
1161 2694 1230 2749 ab
1264 2709 1329 2753 eo
1358 2696 1527 2750 edita.

442 2813 536 2863 Ἐκ
586 2811 691 2865 τοῦ
732 2805 1079 2877 Σωκράτους
1117 2809 1242 2867 ’ῐστ.
1299 2809 1525 2882 ἐκκλησ.
1570 2812 1735 2875 £1612.
1774 2818 1849 2879 A',

1008 2896 1141 2948 κεφ.
1180 2886 1277 2934 κε’.

443 2971 716 3039 Ἐγένοντο
742 2969 798 3023 δὲ
828 2969 1046 3037 ἀδελφοὶ
1078 2970 1379 3031 Βασιλείου,
1413 2971 1617 3043 Πέτρος
1654 2974 1747 3027 καὶ
1779 2975 1922 3047 Γρη-

358 3060 570 3130 γόριοςο
612 3058 746 3112 ἀλλὰ
776 3059 977 3129 Πέτρος
1009 3058 1109 3129 μὲν
1143 3059 1233 3112 τὸν
1263 3061 1468 3132 μονήρη
1499 3062 1611 3132 βίον
1641 3062 1921 3119 Βασιλείω

360 3150 600 3220 ἐζήλωσε
618 3168 629 3178 ·
664 3148 958 3220 Γρηγόριος
981 3147 1038 3200 δὲ
1067 3148 1126 3202 τὸ
1148 3147 1521 3205 διδασκαλικὸν
1545 3150 1639 3204 τοῦ
1661 3151 1840 3221 λόγου,
1864 3154 1924 3217 ὃς

361 3240 453 3292 καὶ
484 3240 580 3311 τὴν
607 3239 930 3308 πονηθείσαν
968 3237 1230 3308 Βασιλείῳ
1261 3238 1584 3311 ὲξαήμερον,
1617 3241 1710 3295 ἆτε
1741 3242 1805 3314 δὴ
1829 3261 1924 3297 κα-

357 3329 728 3398 ταλειφθεῖσαν
754 3368 769 3389 ,
825 3326 1319 3399 προσανεπλήρωσε
1373 3330 1509 3399 μετὰ
1556 3330 1782 3387 θάνατον
1823 3335 1918 3389 τοῦ

356 3419 609 3489 ἀδελφοῦ,
642 3420 734 3473 καὶ
761 3418 1046 3489 ἐπιτάφιον
1071 3419 1150 3481 είς
1175 3419 1434 3474 Μελέτιον
1460 3421 1550 3475 τὸν
1595 3424 1920 3497 Ἀντιοχείας

356 3515 649 3566 ἐπίσκοπον
692 3513 752 3565 ἐν
792 3514 859 3581 τῇ
906 3511 1465 3565 Κωνσταντινουπόλει
1508 3513 1771 3586 διεξῆλθε.
1818 3518 1920 3571 Φέ-

362 3622 537 3675 ρονται
566 3603 625 3656 δὲ
655 3601 817 3655 αὐτοῦ
851 3600 945 3654 καὶ
981 3600 1129 3653 ἄλλοι
1164 3600 1309 3669 λόγοι
1340 3602 1603 3674 διάφοροι.

656 3694 1043 3761 Θεοδώρητος,
1079 3692 1227 3746 Βιόλ.
1260 3696 1332 3756 A',
1369 3711 1493 3762 κεφ.
1525 3694 1623 3767 κη’.

424 3786 511 3839 Ἐν
534 3786 867 3850 ἐπισκόποις,
888 3782 1023 3836 ἀλλὰ
1049 3783 1142 3835 καὶ
1167 3782 1234 3835 τὰ
1263 3782 1401 3855 [τοῦ]
1424 3784 1625 3841 τούτων
1653 3791 1918 3860 νοήματα.

356 3879 412 3931 ὲν
440 3880 536 3950 μὲν
566 3876 659 3933 οὖν
688 3880 950 3949 ἀσκηταῖς
979 3877 1072 3930 καὶ
1105 3877 1201 3947 τῆς
1229 3877 1426 3949 ἀρετῆς
1456 3884 1796 3950 φροντισταῖς
1832 3877 1921 3936 οὗ·

356 3989 435 4024 τοι
481 3972 599 4024 κατ’
650 3972 856 4024 ἐκεῖνον
900 3968 1192 4038 διέλαμπον
1241 3970 1332 4027 τὸν
1370 3971 1578 4042 καιρόν.
1626 3972 1922 4045 Γρηγόριος

358 4062 687 4133 ἑκάτερος,δ
755 4078 812 4113 τε
856 4059 1179 4124 Ναζιανζοῦ,
1229 4062 1319 4114 καὶ
1368 4063 1397 4114 ὁ
1438 4062 1692 4133 Νύσσης·
1742 4064 1768 4116 ὁ
1821 4062 1919 4134 μὲν

265 2653 271 2657 .
362 2607 531 2677 plena
564 2602 821 2659 Ecclesiae
855 2602 951 2658 Dei
988 2602 1229 2673 reliquit.
1259 2601 1568 2660 Ostendunt
1595 2612 1775 2658 autem
1812 2606 1989 2662 virum
2028 2610 2190 2665 talem
2219 2626 2342 2665 cum
2387 2612 2515 2676 alia',
2544 2620 2660 2666 tum
2692 2612 2963 2681 praecipue
3001 2612 3056 2666 in
3087 2610 3408 2682 Gregorium
3445 2615 3595 2670 illum

2121 2816 2204 2871 Ea:
2234 2817 2471 2873 Socratis
2508 2817 2648 2873 Hist.
2676 2818 2981 2874 ecclesiast.
3013 2820 3103 2873 lib.
3136 2836 3208 2884 tv,
3236 2827 3354 2891 Cap.
3386 2822 3478 2877 Ωιι
3583 2856 3590 2867 ι

2093 2968 2327 3026 Basilius
2349 2970 2487 3025 duos
2507 2970 2667 3024 habet
2684 2969 2897 3033 fratres,
2921 2961 3136 3024 Petrum
3160 2978 3214 3025 et
3238 2978 3587 3042 Gregorium!

2022 3059 2217 3115 Petrus
2252 3059 2556 3116 solitarium
2596 3061 2719 3114 vitae
2764 3076 2935 3131 genus
2980 3060 3166 3115 Basilii
3212 3070 3437 3118 secutus
3464 3074 3590 3128 est;

2024 3149 2319 3221 Gregorius
2362 3159 2581 3215 autem,
2626 3148 2855 3204 docendi
2902 3150 3168 3204 rationem
3205 3168 3218 3203 :
3252 3151 3343 3220 qui
3390 3151 3588 3206 librum

2022 3253 2055 3291 a
2104 3237 2306 3293 Basilio
2352 3238 2409 3292 in
2443 3237 2803 3292 Hexaemeron
2839 3238 3066 3301 editum,
3101 3247 3288 3308 utpote
3341 3239 3593 3311 imper-fee

2022 3340 2189 3394 ctum,
2222 3337 2346 3400 post
2372 3339 2601 3384 mortem
2628 3328 2815 3384 fratris
2858 3330 3129 3386 cumulate
3156 3322 3413 3401 explevit.
3444 3335 3589 3390 ldem

2022 3421 2306 3477 funebrem
2337 3422 2638 3476 orationem
2678 3420 2733 3474 in
2768 3420 3041 3475 Meletium
3068 3422 3382 3493 episcopum
3404 3427 3590 3480 Antio;

2022 3515 2199 3578 chize,
2251 3514 2721 3583 Constantinopoli
2785 3514 3053 3568 recitavit.
3104 3511 3331 3570 Exstant
3375 3532 3591 3586 quoque

2021 3607 2139 3661 aliae
2169 3605 2397 3661 diversae
2422 3606 2696 3660 orationes
2729 3605 2799 3659 ab
2830 3620 2895 3659 eo
2928 3606 3273 3675 conscriptae.

2340 3696 2724 3760 Tlteodoretus,
2758 3695 2854 3751 lib.
2890 3713 2962 3762 IV,
2991 3712 3114 3765 cap.
3143 3696 3232 3752 ‘28.

2090 3788 2165 3842 Ex
2192 3804 2381 3843 eorum
2415 3803 2642 3843 numero
2665 3785 2757 3856 qui
2794 3778 2919 3840 vitae
2948 3787 3265 3842 monasticae
3303 3788 3354 3842 et
3387 3802 3588 3844 severas

2020 3880 2237 3935 vivendi
2278 3876 2598 3950 disciplinae,
2639 3877 2932 3947 studioque
2973 3878 3192 3933 virtutis
3230 3894 3450 3948 operam
3491 3897 3587 3934 na-

2020 3979 2238 4035 varunt,
2264 3970 2555 4039 Gregorius
2596 3978 2846 4039 uterque,
2890 3967 3266 4024 Nazianzenus
3298 3977 3353 4025 et
3392 3969 3585 4041 Nysse-

2020 4077 2124 4116 nus
2156 4061 2330 4114 tulere
2363 4058 2750 4128 principatum,
2788 4071 3019 4122 quorum
3062 4057 3150 4111 hic
3187 4057 3356 4112 frater
3398 4058 3584 4113 Basilii

357 4153 597 4223 ἀδελφὸς,
631 4155 659 4205 ὁ
686 4153 743 4206 δὲ
767 4152 1031 4222 σύσκηνός
1056 4168 1117 4204 τε
1141 4153 1235 4205 καὶ
1265 4154 1521 4225 συνεργὸς
1551 4154 1643 4208 τοῦ
1683 4155 1912 4226 μεγάλου

2019 4152 2201 4223 magni
2243 4147 2363 4215 fuit,
2408 4151 2495 4204 ille
2544 4150 2727 4205 socius
2758 4147 3067 4203 studiorum
3110 4148 3249 4219 ejus,
3280 4159 3335 4205 et
3370 4151 3584 4221 adjutor

358 4246 634 4299 Βασιλείου
672 4245 973 4316 τυγχάνων.
1013 4240 1171 4298 Οὗτοι
1208 4246 1305 4315 μὲν
1338 4242 1429 4299 οὖν
1463 4248 1520 4300 ὲν
1553 4248 1916 4320 Καππαδοκίᾳ

354 4339 449 4405 τῆς
492 4336 772 4401 εὐσεϐείας
822 4336 1265 4408 ὑπερμαχοῦντες
1312 4325 1596 4407 ἠρίστευον
1623 4356 1636 4369 ·
1697 4343 1915 4411 συνηρί-

357 4447 507 4482 στευε
531 4429 589 4481 δὲ
610 4430 792 4491 αὐτοῖς
821 4429 915 4480 καὶ
935 4429 1158 4499 Πέτρος,
1181 4428 1508 4499 γεννήτορας
1535 4430 1632 4500 μὲν
1655 4430 1916 4503 Βασιλείῳ

354 4525 446 4574 καὶ
490 4522 776 4593 Γρηγορίῳ
802 4521 927 4584 τοὺς
957 4521 1151 4584 αὐτοὺς
1181 4519 1447 4591 ἐσχηκὼς,
1487 4522 1586 4593 τῆς
1625 4523 1680 4577 δὲ
1716 4524 1915 4595 θύραθε

353 4615 600 4676 παιδείας
645 4614 706 4666 οὐ
767 4610 1096 4683 μετειληχὼς
1142 4612 1239 4665 σὺν
1281 4612 1540 4679 ἐκείνοις,
1580 4613 1679 4678 τὰς
1716 4615 1773 4667 δὲ
1819 4615 1913 4669 τοῦ

354 4707 466 4777 βίου
501 4704 866 4778 μαρμαρυγὰς
894 4706 1091 4774 ἀφιείς.

816 4797 916 4850 Ἐκ
935 4796 1053 4850 τῶν
1082 4796 1185 4853 τοῦ
1212 4799 1454 4855 Φωτιόυ.
1671 4868 1689 4878 ε

430 4888 768 4959 Ἀνεγνώσθη
791 4888 1086 4960 Γρηγορίου
1118 4889 1339 4962 Νύσσης
1364 4890 1562 4961 ὁμοίως
1586 4890 1723 4963 ὑπὲρ
1754 4892 1915 4946 Βασι-

348 4985 488 5039 λείου
536 4985 675 5039 Κατ’
708 4983 1029 5051 Εηῠνομίου,
1061 4982 1159 5055 τὴν
1190 4985 1286 5055 μὲν
1326 4986 1524 5057 φράσιν
1563 4986 1615 5038 εί
1649 5005 1730 5050 τις
1759 4987 1915 5050 ἄλλος

353 5078 616 5148 ρητόρων,
651 5073 920 5147 λαμπρὸς,
960 5074 1055 5128 καὶ
1083 5071 1276 5146 ἡδονῆς
1301 5075 1433 5129 ὠσὶν
1465 5077 1803 5141 ἀποστάξων.
1839 5078 1911 5130 Οὐ

352 5171 449 5234 μέν
487 5186 571 5222 τοι
602 5168 834 5237 καθεξῆς
900 5164 1005 5219 οὐδ’
1052 5166 1209 5230 αὐτὸς
1248 5167 1346 5238 τὴν
1388 5168 1652 5239 Εὐνομίου
1696 5170 1911 5242 γραφὴν

349 5261 651 5330 ὲπελέγχει.
720 5258 811 5311 Διὸ
859 5257 952 5309 καὶ
1001 5258 1402 5329 συντομώτερός
1443 5260 1557 5312 ἐστι
1599 5260 1907 5330 Θεοδώρου,

351 5352 653 5423 Σωφρονίου
684 5350 741 5405 δὲ
786 5351 1136 5421 πλατύτερος.
1186 5350 1472 5415 ΙΙλεονάζει
1517 5350 1613 5420 μὲν
1645 5353 1753 5423 γὰρ
1798 5356 1910 5417 τοῖς

351 5443 694 5513 ἐνθυμήμασι
720 5442 815 5495 καὶ
839 5440 950 5503 τοῖς
972 5437 1421 5509 παραδείγμασιν.
1449 5437 1604 5491 Ἐστι
1625 5438 1700 5503 δὲ,
1723 5441 1913 5495 ἀδεκά-

352 5550 489 5597 στως
520 5537 717 5599 εἰπεῖν,
749 5534 823 5597 ὡς
851 5532 973 5585 ὅσον
1000 5529 1327 5603 ὑπερϐάλλει
1361 5530 1543 5583 κάλλει
1568 5548 1627 5583 τε
1654 5534 1745 5586 καὶ
1772 5532 1911 5602 λαμ-

348 5626 573 5695 πρότητι
599 5625 693 5677 καὶ
716 5623 793 5692 τῷ
822 5624 1066 5694 ἡδυτάτῳ
1092 5621 1363 5693 Θεόδωρον
1384 5639 1397 5651 ·
1433 5622 1681 5675 τοσοῦτον
1706 5623 1765 5676 τὸ
1788 5624 1914 5694 πλῆ-

351 5714 439 5777 Θος
471 5715 580 5767 τῶν
612 5713 1054 5785 ἐπιχειρημάτων
1100 5712 1193 5765 καὶ
1234 5712 1293 5765 τὸ
1329 5711 1549 5783 γόνιμον
1576 5716 1655 5776 εἰς
1692 5715 1753 5767 τὸ
1784 5722 1912 5785 προ-

350 5808 491 5877 έχειν
524 5805 856 5870 ἐκϐιάζεται.
1838 5816 1847 5823 ‘

2017 4244 2140 4299 fuit.
2192 4243 2285 4299 Isti
2349 4243 2404 4295 in
2466 4240 2810 4311 Cappadocia
2859 4255 2959 4310 pro
3013 4240 3214 4310 pietate
3262 4236 3583 4298 dimicantes

2018 4334 2178 4390 facile
2225 4335 2429 4403 primas
2475 4334 2854 4387 obtinuerunt.
2900 4329 2959 4384 ln
3004 4331 3251 4400 ejusdem
3293 4346 3418 4386 cum
3474 4334 3583 4389 illis

2018 4428 2194 4483 laudis
2237 4427 2551 4482 societatem
2585 4425 2734 4477 venit
2765 4421 2983 4485 Petrus,
3017 4422 3110 4491 qui
3143 4421 3327 4477 Basilii
3355 4432 3411 4479 et
3448 4417 3582 4480 (ἔνο-ι

2018 4518 2156 4589 gorii
2201 4517 2370 4572 frater
2409 4528 2702 4585 germanus
2733 4513 2833 4566 fuit
2861 4532 2874 4566 :
2903 4512 3103 4583 quique
3142 4515 3359 4570 tametsi
3389 4518 3582 4571 humaa

2020 4615 2174 4668 niore
2212 4612 2518 4667 litteratura
2570 4625 2679 4663 non
2736 4608 2980 4678 perinde,
3033 4618 3094 4662 ut
3137 4609 3238 4677 illi,
3282 4611 3582 4670 instructus

2020 4712 2158 4769 erat,
2182 4702 2270 4774 pio
2300 4709 2483 4757 tamen
2517 4699 2733 4754 vivendi
2762 4714 2959 4768 genere
2989 4696 3279 4755 admodum
3301 4706 3579 4761 excelluit.

2633 4790 2718 4846 Ea:
2748 4788 2963 4847 Photio.

2082 4882 2276 4943 Lectus
2305 4893 2388 4941 est
2416 4880 2663 4955 Gregorii
2694 4882 2882 4955 Nyssa:
2919 4876 3163 4954 episcopi
3208 4884 3458 4941 similiter
3480 4900 3582 4958 pro

2012 4977 2211 5031 Basilio
2260 4974 2523 5028 Adversus
2579 4972 2898 5025 Eunomium
2945 4972 3100 5027 liber.
3150 4971 3335 5044 Stylus
3382 4974 3482 5039 illi,
3530 4976 3580 5030 si

2013 5068 2100 5122 cui
2142 5068 2445 5129 rhetorum,
2502 5062 2750 5129 illustris,
2810 5073 2863 5120 et
2910 5056 3309 5133 iucunditatem
3354 5068 3578 5121 auribus

2017 5160 2307 5213 instillans.
2357 5155 2461 5213 Sed
2510 5174 2609 5212 nec
2662 5159 2776 5227 ipse
2830 5158 3047 5227 quidem
3097 5157 3289 5213 ordine
3323 5157 3576 5216 Eunomii

2016 5252 2278 5320 scriptum
2347 5248 2712 5319 reprehendit.
2763 5249 3124 5315 Quamobrem
3176 5258 3230 5305 et
3294 5244 3577 5307 Theodoro

2016 5344 2288 5397 concisior
2338 5353 2443 5407 est,
2492 5347 2546 5396 e't
2587 5341 2892 5410 Sophronia
2927 5342 3102 5405 latior,
3148 5343 3385 5397 abundat
3428 5343 3574 5397 enim

2015 5429 2453 5505 enthymematis,
2510 5440 2672 5501 atque
2716 5433 2999 5501 exemplis.
3040 5422 3176 5486 ιιιυά
3229 5442 3408 5487 autem
3448 5448 3575 5488 vero

2014 5524 2520 5595 pronuntiaverim,
2573 5534 2836 5592 quantum
2906 5522 3198 5591 Gregorius
3245 5530 3571 5588 venustate,

2013 5617 2325 5685 splendore,
2354 5618 2407 5669 et
2455 5612 2679 5668 mirifica
2701 5613 3044 5682 jucunditate
3084 5612 3356 5667 antecellit
3396 5608 3573 5671 Theo-

2013 5706 2168 5772 dOro,
2197 5712 2407 5761 tantum
2438 5706 2600 5762 etiam
2641 5714 3078 5776 argumentorum
3119 5702 3274 5772 copia
3312 5711 3367 5759 et
3403 5706 3571 5763 ubera

2013 5809 2123 5855 tate
2161 5802 2407 5857 eumdem
2432 5799 2653 5854 vincere
2678 5798 2990 5853 counititur.
