4110 6482
554 468 620 522 37
1125 517 1128 520 .
1709 462 1764 513 S.
1805 457 2196 514 GREGOBIUS
2236 455 2536 511 NYSSENU
2549 454 2604 509 S.
3703 447 3771 502 48

627 573 845 639 Léctum
891 591 975 638 est
1019 583 1244 636 alterum
1298 581 1540 650 ejusdem
1588 579 1834 651 Gregorii
1881 578 2107 650 Nysseni
2140 591 2185 646 Α

555 691 712 746 opus,
758 673 825 728 de
866 673 1052 728 eadem
1107 672 1220 740 ipsa
1262 687 1320 726 re
1355 690 1368 724 :
1403 671 1458 724 in
1483 686 1590 739 quo
1633 671 1936 724 rationibus
1979 669 2113 724 vali-

553 766 803 822 dioribus
845 778 968 818 cum
1007 761 1274 815 Eunomio
1313 776 1507 815 manus
1543 775 1859 824 conserens,
1905 775 2027 814 eum
2064 758 2115 812 vi

553 862 862 924 expugnat,
915 849 1095 902 omnia
1157 849 1452 918 impietatis
1507 847 1845 902 ﬁrmamenta
1913 847 2116 901 labefa-

555 950 729 994 ctans.
768 937 1032 992 Venustas
1065 952 1192 990 vero
1227 936 1511 998 orationis,
1543 945 1596 990 et
1627 936 1883 1005 splendor
1916 936 2116 1004 jucun-

554 1032 721 1086 ditate
779 1030 998 1094 mistus,
1055 1029 1217 1084 etiam
1277 1030 1330 1082 in
1382 1029 1483 1082 hoc
1530 1043 1694 1098 opere
1751 1028 2004 1084 decenter
2058 1043 2116 1083 se

555 1121 809 1178 ostendit.

1185 1228 1269 1282 Ea:
1298 1230 1484 1283 Suida.

625 1321 919 1393 Gregorius
937 1319 1217 1392 Nyssenus
1255 1323 1566 1390 episcopus,
1601 1319 1784 1375 Basilii
1818 1318 2119 1374 Casarien-

559 1417 636 1470 sis
671 1414 860 1479 frater,
911 1414 995 1468 vir
1038 1421 1092 1468 et
1143 1415 1260 1482 ipse
1301 1414 1552 1482 insignis,
1585 1413 1841 1481 omnique
1870 1413 2119 1466 doctrina

558 1505 883 1566 exuberans,
917 1503 1182 1556 addictior
1209 1512 1387 1558 tamen
1424 1503 1724 1557 rhetorices
1751 1501 1968 1564 studiis,
2007 1509 2117 1555 tam

559 1595 769 1651 celeber
800 1596 1202 1664 prmclarusque
1233 1595 1288 1648 in
1325 1609 1390 1649 ea
1415 1595 1604 1660 evasit,
1638 1609 1799 1662 quam
1831 1594 2117 1663 quisquam

559 1701 822 1742 veterum.
868 1687 918 1740 ls
944 1685 1268 1756 conscripsit
1303 1686 1579 1756 egregium
1627 1685 1824 1739 librum
1862 1683 2119 1738 Adversus

563 1778 904 1844 Eunomium,
963 1786 1075 1832 tum
1118 1793 1256 1850 opus
1312 1777 1688 1831 admirandum
1744 1775 1820 1830 De
1858 1776 2121 1829 creatione

560 1870 822 1934 hominis;
869 1870 1177 1939 complures
1234 1877 1493 1938 praeterea
1543 1867 1856 1932 conciones,
1905 1874 2018 1920 tum
2067 1867 2120 1919 in

561 1960 783 2014 Cantica
815 1961 1162 2021 canticorum,
1188 1967 1350 2028 atque
1390 1959 1443 2012 in
1470 1956 1821 2011 Ecclesiasten
1853 1973 1871 2010 :
1907 1963 2022 2010 tum
2052 1955 2120 2009 ad

561 2069 789 2106 sororem
830 2050 1130 2105 Macrinam
1167 2064 1421 2120 magnum
1465 2057 1520 2104 et
1563 2049 1950 2120 perpulchrum
1992 2048 2122 2104 Ser-

562 2158 773 2198 monem
817 2141 893 2197 De
940 2144 1117 2198 anima
1146 2141 1472 2210 composuit,
1504 2142 1784 2212 multaque
1824 2140 1930 2195 alia
1976 2157 2126 2195 com-

563 2244 776 2290 mentus
827 2244 912 2290 est
971 2251 1088 2292 εει
1162 2235 1362 2304 quibus
1418 2234 1630 2289 celebre
1671 2232 1803 2288 illud
1868 2232 2125 2302 Stephani

565 2327 979 2398 protomartyris
1011 2328 1341 2393 encomium,
1373 2323 1702 2398 et‘Gregorii
1737 2325 2127 2380 miraculorum

562 2417 772 2487 opiﬁcis
810 2419 918 2472 vita
946 2417 1233 2474 habentur.

2295 575 2629 646 Ἀνεγνώσθη
2666 574 2828 646 ἑτέρα
2873 571 3219 644 πραγματεία
3251 571 3346 625 τοῦ
3374 569 3538 624 αὑτοῦ
3564 570 3774 641 Γρηγοο

2215 668 2329 739 ρίου
2358 667 2598 737 Νύσσης,
2631 666 2761 736 περὶ
2796 665 2895 736 τῆς
2932 664 3103 734 αὐτῆς
3149 661 3453 726 ὑποθέσεως
3478 678 3491 691 °
3541 663 3599 714 ἐν
3687 660 3774 713 λοι

2213 760 2508 830 γικώτερον
2542 758 2788 828 Εύνομίῳ
2823 756 3179 827 συμπλακεὶς,
3205 755 3346 808 κατὰ
3378 754 3576 826 κράτος
3607 753 3773 822 αἱρεῖ,

2216 853 2388 905 πάντα
2436 849 2718 920 σαθρώσας
2766 850 2862 919 τῆς
2901 845 3211 908 δυσσεϐείας
3247 844 3411 898 αὑτοῦ
3459 845 3528 896 τὰ
3570 841 3777 914 ὀχυρώ-

2219 959 2379 1012 ματα.
2435 941 2509 993 Τὸ
2555 941 2611 993 δὲ
2659 939 2854 1002 κάλλος
2894 938 2986 992 τοῦ
3034 938 3215 1006 λόγου,
3261 936 3353 990 καὶ
3393 937 3425 1007 ἡ
3473 935 3776 1006 σύγκρατος

2215 1030 2565 1101 λαμπρότης,
2618 1028 2914 1098 γλυκύτητι
2961 1025 3238 1081 κάνταῦθα
3291 1023 3608 1096 διαπρεπῶς
3657 1026 3777 1079 ὲπι-

2215 1121 2506 1175 δείκνυται.

2749 1233 2849 1287 Ἐκ
2878 1233 2996 1287 τῶν
3023 1231 3261 1285 Σουίδα.
3688 1294 3696 1304 .

2289 1329 2584 1400 Γρηγὸριος
2623 1324 2844 1396 Νύσσης
2887 1324 3199 1388 ἐπίσκοπος,
3244 1322 3470 1392 ἀδελφὸς
3502 1320 3777 1376 Βασιλείου

2216 1421 2310 1474 τοῦ
2341 1418 2660 1488 Καισαρέως
2689 1433 2703 1447 ·
2751 1416 2888 1486 ἀνὴρ
2917 1417 3010 1468 καὶ
3044 1415 3202 1478 αὐτὸς
3236 1413 3658 1484 ἐλλογιμώτατος
3687 1413 3782 1466 καὶ

2221 1513 2398 1582 πάσης
2437 1511 2694 1581 ὑπάρχων
2742 1509 2984 1571 παιδείας
3025 1506 3307 1569 ἀνάπλεως
3332 1523 3343 1536 ·
3390 1506 3782 1576 προσκείμενος

2219 1604 2274 1657 δὲ
2306 1603 2502 1674 μᾶλλον
2530 1603 2642 1664 τοῖς
2683 1602 2748 1669 τῇ
2789 1600 3048 1670 ῥητορικῇ
3088 1598 3355 1668 χαίρουσι.
3396 1597 3504 1650 Καὶ
3536 1595 3665 1664 γοῦν
3695 1597 3784 1649 εύο

2219 1694 2438 1764 δόκιμος
2469 1693 2525 1745 ὲν
2553 1690 2723 1764 ταύτῃ
2751 1689 3057 1761 γεγένηται,
3092 1689 3186 1742 καὶ
3214 1689 3478 1760 λαμπρὸς,
3497 1689 3550 1740 εἴ
3574 1706 3657 1751 τις
3689 1688 3782 1742 ἄλ-

2219 1783 2311 1848 λος
2338 1784 2445 1836 τῶν
2471 1782 2638 1837 πάλαι
2663 1780 2833 1854 ταύτῃ
2870 1779 3245 1850 γεγενημένων
3275 1797 3288 1810 ο
3337 1775 3486 1842 οὗτος
3531 1777 3782 1842 συνέταξε

2223 1875 2347 1929 κατ’
2365 1874 2661 1942 Εὐνομίου
2688 1872 2843 1940 λόγον
2875 1871 3172 1942 ἐξαίρετον,
3203 1872 3296 1924 καὶ
3339 1869 3528 1940 τεῦχος
3572 1869 3785 1941 θαυμά-

2222 1982 2334 2018 σιον
2354 1967 2440 2031 εὶς
2463 1963 2576 2031 τὴν
2598 1963 2702 2018 τοῦ
2727 1962 3038 2030 ἀνθρώπου
3068 1960 3449 2030 κατασκευήν
3467 1978 3480 1991 ο
3523 1961 3696 2024 ἄλλως
3725 1978 3783 2014 τε

2219 2056 2428 2120 πυκνὰς
2456 2057 2550 2110 καὶ
2577 2058 2815 2126 συνεχεῖς
2839 2054 3076 2124 ὁμιλίας,
3104 2056 3192 2120 εἷς
3220 2071 3283 2107 τε
3311 2055 3382 2108 τὰ
3408 2053 3644 2123 ᾅσματα
3669 2052 3788 2107 τῶν

2220 2147 2528 2216 ᾀσμάτων,
2572 2147 2667 2200 καὶ
2709 2149 2795 2212 είς
2824 2145 2932 2201 τὸν
2979 2143 3490 2211 Ἐκκλησιαστήν·
3522 2145 3790 2212 καὶπρὸς

2223 2237 2336 2306 τὴν
2354 2237 2626 2306 ἀδελφὴν
2653 2238 2981 2305 Μακριναν,
3019 2233 3230 2306 μακρόν
3247 2251 3366 2287 τινα
3385 2234 3479 2288 καὶ
3499 2235 3794 2308 περικαλλῆ

2226 2328 2358 2396 περὶ
2390 2327 2594 2398 ψυχῆς
2623 2329 2883 2398 συνέθηκε
2915 2328 3070 2397 λόγον
3089 2345 3101 2357 ο
3138 2325 3274 2380 ἄλλα
3297 2343 3356 2378 τε
3384 2324 3552 2378 πολλὰ
3587 2341 3791 2395 γεγρα-

2231 2422 2391 2492 φήκει
2412 2441 2424 2454 ο
2477 2424 2568 2475 καὶ
2600 2420 3042 2492 πολυθαύμαστον
3067 2419 3283 2473 ἔπαινον
3315 2416 3408 2470 τοῦ
3442 2416 3655 2488 πρώτου
3683 2415 3791 2467 τῶν

2233 2513 2523 2585 μαρτύρων
2569 2513 2861 2583 Στεφάνου,
2897 2513 2990 2566 καὶ
3040 2510 3152 2581 βίον
3192 2510 3249 2564 δὲ
3292 2508 3543 2573 συνέταξε
3585 2508 3793 2579 Γρηγο-

2235 2605 2348 2676 ρίου
2377 2604 2470 2658 τοῦ
2503 2607 2559 2658 ὲν
2591 2603 2831 2675 θαύμασι
2854 2603 3266 2675 διαλάμψαντος.

637 2719 770 2786 Quis
815 2728 1154 2790 quantusque
1203 2717 1286 2772 vir
1326 2717 1486 2773 l'uerit
1525 2717 1821 2787 Gregorius
1866 2716 2163 2788 Nyssenus,
2213 2721 2372 2777 docet
2427 2721 2868 2793 Martyrologium
2916 2720 3210 2775 Romanum
3261 2719 3332 2774 1X
3365 2718 3564 2773 Martii.
3603 2714 3795 2785 Nyssa:

568 2811 822 2882 depositio
865 2809 922 2864 S.
967 2807 1201 2880 Gregorii
1243 2810 1489 2878 episcopi,
1539 2809 1729 2878 fratris
1766 2808 1960 2862 Basilii
1998 2808 2202 2881 Magni,
2236 2813 2342 2867 vita
2377 2822 2427 2867 et
2468 2813 2758 2868 eruditione
2805 2813 3110 2876 clarissimi,
3154 2813 3242 2882 qui
3271 2811 3331 2865 ob
3363 2811 3486 2880 fidei
3523 2807 3796 2863 catholica:

569 2906 916 2976 defensionem
939 2903 1032 2959 sub
1066 2903 1274 2958 Valente
1321 2907 1633 2972 imperatore
1671 2905 1872 2958 Ariano
1910 2906 2119 2960 civitate
2145 2925 2244 2962 sua
2262 2909 2445 2976 pulsus
2469 2922 2566 2964 est.

1687 2989 1946 3046 Menwum
1979 2991 2278 3049 Crwcorum
2309 2995 2354 3050 Χ
2389 2997 2662 3054 Januarii.

643 3083 740 3138 Hic
769 3093 888 3138 erat
918 3082 1087 3138 frater
1114 3083 1295 3138 Basilii
1330 3081 1528 3154 Magni,
1560 3083 1872 3154 eloquentia
1904 3086 2130 3156 prazcla-

570 3193 666 3232 rus
702 3184 756 3232 et
807 3174 1120 3230 orthodoxa:
1154 3174 1273 3229 lidei
1299 3175 1600 3240 aamulator,
1645 3186 1930 3247 prepterea
1968 3179 2131 3232 etiam

2308 3084 2474 3155 Οὗτος
2500 3088 2567 3163 ἦν
2592 3091 2816 3162 ἁδελφὸς
2850 3091 2942 3144 τοῦ
2976 3089 3210 3162 μεγάλου
3245 3087 3521 3142 Βασιλείου
3547 3086 3798 3159 λαμπρὸς

2238 3181 2294 3234 ὲν
2341 3181 2516 3250 λόγοις
2558 3185 2650 3236 καὶ
2690 3183 2790 3253 τῆς
2816 3183 3093 3254 ὀρθοδόξου
3122 3181 3354 3242 πίστεως
3392 3179 3654 3250 ζηλωτής.
3701 3179 3801 3231 Διά

572 3269 829 3325 Ecclesia:
855 3267 945 3323 Dei
988 3269 1235 3339 praefuit;
1276 3275 1328 3322 et
1359 3284 1481 3322 cum
1510 3268 1638 3333 illis,
1698 3271 1791 3340 qui
1822 3270 2133 3326 Constanti-

2238 3290 2319 3330 τοι
2351 3273 2507 3327 τοῦτο
2537 3275 2754 3344 καὶτῆς
2797 3273 3120 3344 Ἐκκλησίας
3149 3271 3383 3344 Χριστοῦ
3416 3273 3670 3343 προέστη,
3703 3271 3799 3322 καὶ

574 3362 756 3431 nopoli
790 3360 1083 3415 secundam
1117 3360 1382 3428 synodum
1429 3361 1774 3416 celebrarunt
1804 3371 1994 3418 contra
2032 3364 2134 3418 im-

576 3455 693 3523 pias
722 3452 956 3506 haereses
1004 3459 1136 3505 tunc
1163 3459 1537 3522 exsurgentes,
1588 3452 1850 3508 invictum
1901 3455 2134 3524 pugilem

577 3560 698 3600 sese
725 3543 972 3613 praebuit,
1012 3542 1340 3598 adversariis
1368 3543 1584 3598 dicendi
1631 3545 1873 3614 potentia
1905 3556 1957 3600 et
1988 3543 2138 3600 Scri-

577 3644 858 3705 pturarum
913 3633 1468 3688 demonstrationibus
1522 3633 1839 3704 proﬂigatis.
1892 3634 1948 3689 In
1992 3637 2139 3691 omni

577 3726 722 3780 enim
751 3724 1012 3780 orationis
1041 3738 1239 3795 genere
1263 3726 1616 3788 exercitatus,
1645 3733 1698 3780 et
1719 3727 1938 3781 virtutis
1969 3726 2142 3797 gloria

582 3818 833 3881 illustris,
870 3817 974 3870 vim
1010 3823 1063 3872 et
1099 3817 1266 3871 robur
1295 3817 1549 3882 obtinuit,
1587 3825 1641 3872 et
1670 3818 1735 3872 ad
1759 3818 1962 3888 justam
1990 3834 2145 3874 sene-

578 3918 778 3964 ctutem
804 3914 1112 3978 provectus.
1139 3905 1486 3970 obdormivit,
1511 3917 1564 3961 et
1584 3907 1651 3962 ad
1681 3908 1964 3961 Dominum
1989 3908 2139 3962 abiit.

582 4001 712 4054 Erat
745 4010 921 4053 autem
966 3999 1210 4068 corporis
1237 3998 1626 4053 constitutione
1663 4006 1716 4052 et
1744 3998 1913 4069 ﬁgura
1946 4000 2142 4055 similis

583 4107 679 4162 per
715 4092 895 4146 omnia
943 4091 1098 4144 fratri
1152 4105 1252 4143 suo
1299 4087 1520 4155 Basilio,
1575 4098 1798 4161 excepta
1840 4091 2041 4146 canitie
2089 4099 2142 4146 et

582 4185 763 4241 minus
785 4185 1022 4256 gratioso
1059 4191 1302 4253 aspectu.

2240 3364 2378 3434 μετὰ
2407 3366 2513 3417 τῶν
2541 3365 2980 3434 συγκροτούντων
3004 3366 3102 3436 τὴν
3147 3365 3205 3417 ὲν
3234 3362 3798 3417 Κωνσταντινουπόλει

2234 3453 2490 3524 δευτέραν
2537 3453 2750 3508 σύνοδον
2799 3455 2940 3508 κατὰ
2967 3453 3074 3507 τῶν
3112 3453 3385 3507 δυσσεσῶν
3413 3453 3670 3524 αἱρέσεων
3711 3455 3800 3504 ὲν-

2239 3545 2539 3615 ισταμένων
2589 3544 2755 3598 ἐλθὼν
2794 3545 3107 3617 ὑπὲρμαχος
3149 3545 3347 3615 εὑρέθη
3373 3544 3495 3608 τοὺς
3527 3543 3801 3605 ἐναντίους

2237 3637 2407 3706 λόγων
2433 3638 2656 3708 δυνάμει
2701 3639 2794 3692 καὶ
2839 3641 3137 3710 γραφικαῖς
3177 3635 3479 3700 ἀποδείξεσι
3519 3634 3803 3705 τροπωσά-

2243 3743 2419 3797 μενος.
2449 3727 2545 3780 Διὰ
2577 3728 2684 3798 γὰρ
2711 3728 2889 3798 πάσης
2919 3727 3088 3780 ἐλθὼν
3120 3726 3260 3790 ἰδέας
3282 3726 3455 3794 λόγων
3483 3724 3577 3778 καὶ
3603 3725 3803 3794 ἀρετῆς

2239 3816 2584 3888 εὐδοκιμήσει
2609 3818 2668 3870 τὸ
2690 3817 2886 3888 κράτος
2918 3816 3149 3881 ἐδέξατο.
3181 3816 3288 3869 Καὶ
3320 3815 3528 3884 φθάσας
3565 3816 3620 3865 ὲν
3642 3817 3802 3882 γήρει

2239 3907 2389 3978 καλῷ
2430 3907 2693 3979 ἐκοιμήθη
2715 3948 2730 3971 ,
2775 3908 2868 3962 καὶ
2900 3907 3036 3978 πρὸς
3065 3906 3269 3978 Κύριον
3298 3906 3647 3976 ὲξεδήμησεν.
3693 3895 3803 3955 Ἦν

2239 3999 2296 4052 δὲ
2350 4001 2488 4053 κατὰ
2535 4000 2625 4053 τὸν
2675 3999 2766 4052 τοῦ
2820 3998 3068 4070 σώματος
3114 3999 3281 4052 τύπον
3327 3996 3467 4051 κατὰ
3509 3996 3686 4050 πάντα.
3724 3995 3804 4066 τῷ

2241 4089 2453 4160 ἀδελφῷ
2478 4089 2738 4160 Βασιλείῳ
2763 4088 3114 4160 προσεοικὼς,
3142 4088 3280 4158 πλὴν
3303 4089 3395 4142 τοῦ
3418 4086 3600 4140 πολιοῦ
3623 4103 3680 4138 τε
3711 4086 3805 4138 καὶ

2249 4183 2605 4254 χαριεστάτου
2635 4183 2727 4235 ἐπὶ
2755 4182 2946 4254 βραχύ.

1597 4278 1655 4334 S.
1686 4278 2034 4349 Hieronymus
2059 4278 2150 4332 lib.
2183 4277 2258 4332 De
2285 4280 2418 4333 viris
2454 4280 2776 4334 illustribus.

655 4369 932 4439 Gregorius
974 4368 1242 4438 Nyssenus
1275 4371 1544 4439 episcopus
1571 4371 1738 4438 frater
1766 4369 1956 4423 Basilii
1985 4370 2351 4434 Caesariensis,
2383 4380 2504 4424 ante
2534 4386 2726 4437 paucos
2758 4385 2920 4422 annos
2955 4369 3083 4422 mihi
3105 4379 3154 4422 et
3187 4367 3432 4440 Gregorio
3460 4368 3804 4424 Nazianzene

584 4471 773 4517 contra
801 4460 1120 4514 Eunomium
1143 4459 1264 4530 legit
1288 4460 1484 4515 libros:
1511 4462 1600 4531 qui
1621 4474 1670 4514 et
1693 4461 1858 4514 multa
1892 4462 2002 4514 alia
2035 4463 2320 4529 scripsisse,
2347 4471 2396 4515 et
2426 4463 2648 4516 scribere
2667 4462 2879 4514 dicitur.

657 4547 726 4605 Ut
773 4565 900 4604 vero
955 4559 1068 4603 tota
1114 4550 1228 4604 haec
1275 4565 1397 4604 cum
1452 4550 1718 4606 Eunomio
1771 4556 2142 4609 controversia
2175 4563 2218 4616 ι)
2247 4553 2566 4618 contudisse,
2623 4569 2684 4606 ac
2707 4553 2878 4622 putidi
2920 4553 3191 4607 cadaveris
3228 4555 3416 4618 instar,
3451 4557 3559 4607 risu
3588 4555 3805 4625 dignum

587 4641 779 4696 melius
844 4640 1191 4711 intelligatur,
1269 4641 1549 4696 sciendum
1614 4651 1718 4710 est,
1792 4645 2140 4712 Eunomium,

587 4732 801 4784 Arianae
847 4737 1010 4786 sectae
1039 4731 1450 4801 antesignanum
1493 4737 1549 4786 et
1576 4731 1754 4802 Cyzici
1802 4736 2141 4805 episcopum,

588 4821 1086 4891 pestilentissimum
1142 4822 1336 4874 librum
1401 4818 2030 4877 adversusortltodoxam
2065 4826 2134 4881 de

585 4911 850 4966 Trinitate
866 4912 1184 4965 sententiam
1200 4911 1460 4969 edidisse:
1491 4910 1558 4968 de
1585 4928 1693 4982 quo
1717 4913 1897 4969 libello
1919 4911 2145 4971 Pltotius

586 5000 640 5050 in
672 5013 769 5052 sua
801 4998 1122 5053 Bibliotheca
1155 4999 1266 5070 (a):
1290 4999 1414 5072 Legi
1459 5003 1694 5059 libellum
1731 5005 1995 5070 Eunomii,
2043 5025 2144 5076 quo

586 5106 737 5143 suam
777 5091 885 5157 ipse
923 5090 1096 5157 prodit
1140 5092 1479 5161 impietatem,
1521 5098 1671 5165 cujus
1703 5097 1784 5150 ltic
1827 5110 1903 5152 est
1937 5101 2144 5157 titulus.

585 5174 845 5230 Libellum
865 5177 1018 5243 hunc,
1036 5180 1172 5249 quod
1194 5180 1536 5238 Eunomianis
1550 5187 1601 5238 in
1621 5188 1972 5243 admiratione
1986 5201 2143 5253 esset,

586 5266 649 5319 de
671 5267 954 5334 industria,
998 5287 1059 5324 ne
1092 5271 1160 5325 ad
1186 5275 1318 5328 alios
1347 5279 1654 5345 perveniret,
1689 5281 2030 5347 occultatum,
2063 5285 2152 5337 via:

588 5357 796 5412 tandem
848 5369 1032 5414 nactus
1080 5361 1311 5418 Basilius
1358 5364 1606 5436 Magnus,
1666 5370 1876 5436 fortiter
1926 5388 2042 5424 eum
2090 5389 2151 5425 ac

589 5449 874 5517 splendide,
898 5467 1201 5523 omnemque
1226 5455 1354 5509 adeo
1386 5458 1594 5512 dicendi
1624 5461 1725 5513 vim
1748 5477 1809 5513 ac
1840 5461 2150 5529 facultatem

585 5541 890 5607 pervadens,
925 5545 1104 5598 evertit
1150 5562 1210 5598 ac
1232 5545 1526 5618 jugulavit:
1555 5550 1750 5605 diceres
1775 5569 1890 5606 eum
1914 5553 2147 5624 Babylo-

587 5631 758 5684 nicum
803 5635 1057 5701 infantem
1102 5637 1170 5690 ad
1203 5639 1411 5708 ﬁrmam
1461 5643 1586 5710 fidei
1628 5654 1829 5712 petram
1878 5645 2146 5701 allidendo

662 5819 734 5872 (al
777 5820 980 5874 volunt.
1017 5821 1141 5874 137·

2253 4644 2557 4712 ostendisse,
2583 4644 2720 4714 quod
2755 4654 2953 4698 tantam
2984 4654 3104 4698 ante
3131 4645 3214 4698 sui
3242 4645 3642 4700 admirationem
3681 4648 3806 4700 aliis

2253 4736 2566 4789 concitarat.

2273 4809 2284 4824 “
2326 4829 2548 4884 Exstant
2579 4829 2756 4882 adhuc
2790 4829 3029 4898 quinque
3073 4829 3196 4884 libri
3232 4829 3289 4884 S.
3321 4829 3503 4885 Basilii
3557 4831 3803 4886 adversus

2255 4917 2594 4980 Eunomium,
2627 4926 2678 4972 et
2709 4919 2822 4987 ipse
2847 4918 3010 4972 etiam
3034 4918 3233 4989 impius
3257 4920 3502 4974 Eunomii
3531 4935 3806 4974 commen-

2252 5011 2480 5066 tariolus
2537 5011 2591 5064 in
2631 5009 2976 5066 Bibliothecis
3031 5011 3328 5081 reperitur:
3377 5012 3697 5066 nominatim
3750 5013 3804 5066 in

2255 5105 2531 5171 Bavarica,
2585 5113 2639 5159 et
2686 5105 2741 5160 in
2796 5103 2983 5159 codice
3027 5102 3274 5165 Livineii,
3328 5110 3449 5172 post
3477 5101 3704 5172 Nysseni
3752 5104 3806 5157 in

2261 5197 2574 5251 Eunomium
2596 5197 2764 5252 libros
2796 5195 3144 5266 subjungitur
3164 5192 3410 5248 Eunomii
3439 5194 3672 5256 libellus,
3705 5193 3806 5247 hac

2251 5289 2644 5357 inscriptione:
2703 5287 2769 5339 Ἢ
2813 5286 2904 5340 τοῦ
2954 5285 3216 5356 δόγματος
3259 5283 3519 5353 Εὐνομίου
3570 5282 3803 5345 ἔκθεσις,

2253 5378 2526 5447 Expositio
2549 5377 2809 5448 dogmatis
2835 5375 3102 5440 Eunomii,
3135 5373 3279 5429 unde
3310 5373 3560 5429 fortassis
3590 5374 3805 5439 explere

2247 5471 2431 5524 licebit
2479 5470 2728 5524 lacunam
2759 5467 3098 5522 Photianam.
3129 5468 3424 5536 Praaposuit
3471 5466 3595 5519 huic
3643 5466 3803 5518 titulo

2245 5559 2465 5630 quidam
2519 5559 2633 5614 haec
2663 5559 2870 5614 verba:
2933 5559 3098 5626 Σίγα,
3129 5557 3290 5629 μιαρὲ
3344 5558 3437 5611 καὶ
3483 5555 3658 5626 ψυχὴν
3709 5555 3802 5608 καὶ

2245 5649 2491 5722 καρδίαν.
2531 5649 2642 5706 Sile
2669 5660 2719 5704 et
2760 5650 2936 5704 animo
2978 5658 3026 5704 et
3059 5648 3213 5704 corde
3244 5649 3603 5703 exsecrabilis.
3641 5645 3799 5716 impii
