4110 6490
392 369 462 422 ιο
1727 391 2257 452 PROLEGOMENA.
3470 392 3478 400 '
3551 413 3618 461 50

394 486 554 588 huius
584 490 770 562 scripti
800 495 1122 567 principium
1152 510 1264 557 est:
1297 502 1402 558 Τοῦ
1427 505 1562 560 θεοῦ
1587 507 1680 561 καὶ
1710 511 1948 583 σωτῆρος
1978 519 2026 574 Α
2052 514 2316 584 multoque
2343 515 2506 586 magis
2533 527 2728 572 nostra:
2755 516 3024 588 theologica
3047 519 3284 587 pluribus
3320 528 3614 575 ostenaens.

389 579 546 672 ήμῷν
593 581 766 654 Ἰησοῦ
798 586 1032 657 Χριστοῦ
1061 591 1202 647 κατὰ
1231 595 1442 649 δικαίαν
1472 598 1652 667 κρίσιν
1681 579 1949 672 φήσανέεος

388 671 664 742 ὁμολογεῖν
691 675 997 748 ἔμπροσθεν
1022 681 1114 735 τοῦ
1144 683 1276 739 Θεοῦ
1301 687 1392 740 καὶ
1421 689 1646 760 πατρός.

461 762 531 816 De
579 767 767 820 eodem
803 767 1066 827 Eunomio
1101 771 1159 828 S.
1195 773 1556 849 Hieronymus
1591 779 1646 834 in
1693 780 1948 855 Catalogo

386 855 703 920 scriptorum
774 860 1249 920 ecclesiasticarum
1284 883 1303 922 :
1343 868 1672 938 Eunomius,
1731 875 1948 930 Ariona:

381 945 582 1010 partis,
636 949 908 1018 episcopus
947 954 1238 1025 Cyzicenus
1292 961 1347 1014 in
1405 974 1645 1031 apertam
1694 965 1948 1023 hazreseos

380 1052 724 1106 prorumpens
761 1041 1156 1115 blasphemiam,
1206 1060 1264 1105 ut
1305 1053 1442 1122 quod
1485 1055 1568 1109 illi
1602 1065 1800 1127 tegunt,
1846 1060 1944 1116 iste

380 1127 581 1193 publice
607 1131 884 1200 fateretur,
917 1152 1079 1208 usque
1107 1139 1260 1197 hodie
1286 1145 1449 1199 vivere
1486 1146 1686 1202 dicitur
1719 1149 1774 1203 in
1805 1148 1944 1219 Cap-

380 1221 626 1289 padocia,
656 1233 706 1278 et
736 1228 905 1282 multa
931 1240 1115 1286 contra
1139 1232 1434 1290 Ecclesiam
1458 1239 1700 1295 scribere.
1724 1240 1951 1311 Respon-

382 1311 571 1365 derunt
588 1315 637 1368 ei
657 1316 1039 1386 Apollinarias,
1075 1322 1358 1395 Didymus,
1393 1327 1630 1384 Basilius
1661 1331 1950 1390 Caesarien-

380 1403 478 1469 sis,
521 1401 802 1475 Gregorius
837 1408 1237 1482 Nazianzenus,
1269 1428 1318 1472 et
1346 1418 1627 1491 Gregorius
1652 1422 1945 1495 Nyssenus.

453 1495 559 1552 Sed
591 1499 704 1555 haec
745 1503 929 1560 minus
957 1505 1212 1565 distincte
1247 1511 1302 1566 S.
1337 1511 1721 1588 Hieronymus,
1767 1519 1948 1587 priora

379 1595 434 1642 et
455 1592 787 1658 prosteriora
818 1595 980 1650 simul
1005 1598 1263 1670 jungens.
1309 1601 1374 1658 Ut
1404 1621 1533 1677 ergo
1564 1608 1945 1666 confusionem

380 1679 540 1748 vites,
568 1683 648 1737 sic
672 1683 889 1750 habeto,
922 1689 1012 1743 ubi
1036 1702 1226 1748 contra
1248 1695 1484 1764 primum
1507 1697 1757 1756 Eunomii
1780 1701 1946 1757 letum

381 1769 777 1841 disputationes
838 1776 894 1830 S.
955 1778 1139 1836 Basilii
1197 1783 1252 1838 in
1313 1787 1592 1856 publitum
1639 1791 1943 1857 exiverunt,

380 1869 496 1916 tum
530 1865 619 1920 ille
644 1865 844 1936 furere,
875 1878 928 1925 et
951 1871 1124 1928 instar
1146 1877 1336 1930 calcati
1365 1880 1633 1950 serpentis
1657 1882 1794 1936 colla
1824 1898 1948 1939 con-

379 1955 509 2010 trita
550 1958 816 2026 attollere,
863 1974 1187 2037 arreptoque
1225 1971 1436 2025 calamo
1478 1973 1804 2030 virulentius
1835 1983 1944 2030 tam

380 2046 435 2102 in
464 2047 745 2120 Basilium,
786 2069 948 2124 quam
979 2058 1033 2112 in
1068 2060 1373 2118 doctrinam
1408 2066 1766 2122 orthodoxam
1812 2069 1944 2125 bac-

379 2139 530 2194 chari
573 2143 756 2212 ccepit,
785 2152 839 2199 et
868 2148 1084 2216 quidem
1115 2154 1315 2222 triplici
1344 2155 1632 2222 invectiva,
1658 2157 1716 2213 S.
1744 2160 1945 2216 Basilio

379 2231 596 2289 interim
642 2237 708 2291 ad
747 2241 1023 2296 caelestem
1060 2243 1452 2303 beatitudinem
1483 2252 1768 2308 translato.
1802 2254 1942 2308 Audi

377 2321 628 2379 Photium
669 2328 776 2398 (a):
827 2328 1044 2384 Lectum
1095 2333 1328 2402 ejusdem
1377 2338 1527 2405 impii
1561 2340 1789 2396 hominis
1840 2353 1942 2398 tres

377 2413 539 2470 libros
570 2421 837 2476 continens
884 2423 1143 2489 volumen,
1184 2427 1322 2496 quod
1371 2430 1506 2484 velut
1541 2433 1832 2503 confutatio
1865 2446 1942 2490 est

376 2507 591 2561 illarum
617 2510 952 2579 ineptiarum,
1001 2533 1131 2586 quas
1163 2518 1216 2571 in
1259 2519 1423 2588 ipsius
1455 2526 1673 2591 reperiri
1703 2525 1943 2594 blasphe-

376 2601 498 2655 miis
549 2601 607 2656 S.
650 2603 883 2660 Basilius
930 2606 1276 2666 demonstrat.
1327 2612 1444 2668 Hoc
1481 2616 1532 2668 in
1574 2634 1724 2682 opere
1752 2631 1941 2687 partu-

375 2693 576 2756 riendo,
605 2696 798 2751 multas
827 2714 942 2750 eum
969 2717 1229 2755 annorum
1249 2705 1581 2775 olympiadas
1610 2710 1846 2765 aedicula:
1867 2714 1944 2766 in-

375 2785 581 2838 clusum
612 2804 722 2840 sua:
751 2789 1104 2858 absumpsisse
1126 2794 1340 2864 ferunt;
1382 2815 1443 2852 ac
1475 2802 1560 2854 vix
1583 2803 1792 2857 tandem
1825 2817 1942 2872 post

375 2877 662 2932 multorum
691 2897 946 2936 annorum
970 2885 1301 2941 intervallum
1321 2890 1623 2946 abortiendo
1651 2896 1940 2964 improbum

374 2965 528 3019 illum
580 2986 641 3022 ac
681 2974 1059 3042 prodigiosum,
1115 2994 1266 3047 quem
1321 2979 1531 3048 furtivis
1580 2987 1940 3055 congressibus

375 3076 701 3130 conceperat,
733 3064 893 3133 [etum
923 3068 978 3120 in
1004 3069 1172 3122 lucem
1200 3073 1433 3141 ejecisse.
1477 3075 1618 3142 Quin
1645 3089 1767 3132 tunc
1783 3082 1942 3134 etiam

378 3153 627 3206 miserum
673 3155 784 3209 illic
824 3157 1043 3226 fovendo
1097 3171 1334 3227 partum,
1373 3164 1500 3232 ipsis
1541 3182 1742 3237 quoque
1787 3181 1941 3224 secta:

375 3245 593 3297 asseclis
651 3263 754 3299 non
805 3257 992 3302 temere
1041 3251 1358 3319 exhibuisse,
1419 3259 1639 3311 veritum
1691 3261 1940 3316 nimirum

375 3335 627 3402 maxime,
645 3354 705 3390 ne
725 3339 934 3408 quando
958 3350 1006 3394 et
1025 3341 1121 3395 hoc
1144 3359 1271 3411 opus
1297 3345 1349 3398 in
1370 3346 1562 3402 Basilii
1585 3367 1769 3405 manus
1791 3356 1938 3420 prius

375 3428 600 3490 veniens,
633 3447 791 3499 quam
820 3433 1148 3500 coalesceret,
1185 3437 1557 3508 dissiparetur,
1586 3454 1636 3496 et
1659 3457 1937 3517 antequam

371 3521 603 3588 ﬂoreret,
645 3536 962 3592 prrvmature
1005 3541 1306 3596 corruptum
1359 3546 1715 3591 marcesceret.
1772 3537 1943 3610 Igitur

373 3613 606 3668 studiose
636 3616 772 3669 velut
799 3619 933 3671 alter
965 3620 1017 3671 in
1044 3620 1238 3688 fabulis
1271 3622 1557 3692 Saturnus,
1584 3639 1768 3682 natum
1798 3631 1943 3686 det-oo

373 3703 541 3758 rando
577 3706 726 3768 texit,
776 3714 929 3775 atque
957 3708 1252 3778 abscondit,
1282 3713 1519 3784 quandiu
1543 3717 1752 3786 quidem
1786 3719 1943 3774 Basi-

375 3795 477 3848 lius
501 3798 552 3848 in
574 3797 723 3864 [laxa
747 3799 852 3852 ista
881 3801 989 3854 vita
1033 3801 1220 3872 degens
1255 3815 1448 3859 metum
1477 3809 1750 3866 incuteret.
1783 3811 1944 3866 Post-

372 3905 530 3955 quam
573 3905 689 3942 vero
734 3891 812 3943 vir
859 3891 948 3944 ille
996 3893 1224 3958 divinus,
1299 3899 1573 3967 peregrina
1619 3901 1943 3958 habitatione

373 3981 581 4040 relicta,
634 3983 689 4034 in
722 3999 896 4048 suam,
937 3985 1037 4039 hoc
1067 4000 1164 4049 est,
1213 3988 1265 4041 in
1298 3989 1554 4045 cmlestem
1583 3996 1943 4064 commigrpvit

371 4074 754 4138 ha'reditatem,
793 4087 844 4130 et
873 4076 1067 4147 ingenti
1104 4079 1196 4132 illo
1229 4091 1368 4134 metu
1403 4083 1664 4150 discusso,
1714 4089 1799 4140 vix
1823 4097 1935 4142 tan-

372 4167 490 4219 dem
538 4183 652 4221 sero
687 4168 874 4222 edendi
923 4171 1128 4225 advenit
1183 4176 1409 4238 occasio,
1451 4193 1513 4230 ne
1567 4188 1689 4232 tunc
1736 4182 1942 4251 quidem

372 4262 634 4326 omnibus,
675 4263 766 4316 sed
792 4264 978 4317 amicis
1032 4263 1317 4331 duntaxat,
1366 4270 1608 4340 evulgare
1652 4289 1812 4329 ausus
1841 4286 1939 4331 est.

375 4350 443 4404 In
475 4369 626 4422 quem
672 4354 956 4409 incidentes
995 4355 1300 4411 Theodorus
1331 4370 1380 4412 et
1422 4358 1707 4430 Gregorius
1741 4363 1942 4435 Nysse-

372 4457 493 4505 nus,
529 4452 682 4513 atque
705 4442 1031 4510 Sophronius
1056 4446 1298 4516 (quorum
1322 4464 1482 4516 supra
1505 4459 1582 4503 est
1605 4467 1637 4503 a
1660 4469 1738 4505 me
1761 4451 1941 4506 habita

2055 604 2157 658 Hic
2185 623 2303 662 vero
2328 606 2688 677 Mopsuestiaz,
2719 620 2778 664 ut
2800 621 2924 682 puto
2945 612 3212 682 episcopus
3233 614 3353 681 luit.

2123 695 2198 749 De
2225 694 2532 766 Sophronia
2571 699 2713 754 idem
2746 699 2975 758 Photius
2998 703 3098 772 (c):
3145 702 3331 758 Lectus
3371 707 3592 763 similite

2055 785 2338 855 Sophronii
2368 789 2498 844 liber
2515 808 2609 861 pro
2631 792 2832 847 Basilio
2854 803 3043 848 contra
3074 795 3422 863 Eunomium,
3446 799 3583 854 Theo

2051 877 2180 934 doro
2201 883 2431 948 apertior
2456 891 2506 936 et
2529 883 2694 937 multo
2724 883 2929 939 doctior
2958 895 3007 940 et
3035 889 3254 944 brevior.
3280 887 3462 961 Neque
3477 894 3614 947 enim

2050 986 2141 1040 per
2180 974 2354 1028 omnia
2385 972 2702 1029 Eunomium
2747 979 3102 1046 persequitur,
3148 980 3238 1033 sed
3270 981 3368 1034 illa
3394 984 3612 1049 potissi-

2051 1079 2194 1116 mum
2234 1064 2495 1133 exagitat,
2544 1077 2699 1138 atque
2745 1067 2960 1137 refellit.
3010 1085 3128 1139 qua
3176 1088 3385 1127 summa
3439 1078 3616 1144 capita

2050 1155 2265 1212 hteresis
2305 1155 2554 1216 Eunomii
2604 1161 2865 1216 continere
2917 1161 3241 1219 videbantur.
3298 1165 3614 1223 Charactere

2051 1264 2176 1302 usus
2211 1259 2289 1304 est
2329 1249 2677 1321 distinguente
2703 1269 2764 1306 ac
2801 1251 3092 1320 deﬁciente,
3143 1265 3192 1309 et
3231 1265 3287 1309 ut
3324 1259 3614 1326 plurimum

2049 1339 2256 1395 solutus
2297 1341 2401 1407 illi,
2435 1341 2746 1412 minimeque
2761 1342 2982 1412 junctus
3013 1361 3203 1409 sermo,
3241 1363 3342 1402 non
3373 1351 3612 1421 ingratus

2050 1440 2247 1497 tamen,
2301 1433 2406 1487 imo
2453 1442 2504 1488 et
2549 1433 2732 1506 logicis
2776 1438 3320 1506 argumentationibus
3363 1455 3612 1512 perquam

2047 1519 2270 1588 ﬂoridus
2293 1531 2392 1578 est.

2120 1611 2192 1667 De
2226 1613 2487 1684 Gregorio
2530 1615 2780 1689 Nysseno
2828 1619 2969 1675 idem
3013 1621 3238 1676 Pbotius
3278 1622 3386 1693 (d):
3421 1623 3610 1680 Lectus

2047 1712 2126 1758 est
2152 1703 2390 1774 Gregorii
2427 1705 2618 1778 Nyssaz
2640 1710 2868 1779 episcopi
2897 1712 3142 1767 similiter
3161 1731 3255 1782 pro
3281 1715 3485 1769 Basilio
3517 1717 3614 1770 ad-

2046 1810 2240 1853 versus
2280 1797 2604 1854 Eunomium
2643 1802 2791 1856 liber.
2829 1800 3009 1873 Stylus
3047 1805 3217 1870 illius,
3249 1809 3297 1862 si
3328 1810 3412 1862 cui
3441 1810 3614 1864 rhetoo

2048 1907 2187 1956 rum,
2240 1891 2490 1957 illustris,
2540 1901 2589 1946 et
2622 1892 3013 1961 jucunditatem
3059 1898 3276 1953 auribus
3315 1900 3608 1956 instillans.

2046 1980 2150 2038 Sed
2183 2000 2274 2037 nec
2298 1987 2406 2052 ipse
2434 1985 2642 2055 quidem
2672 1986 2854 2040 ordine
2879 1987 3127 2044 Eunomii
3163 1994 3415 2060 scriptum
3441 2009 3613 2060 repre-

2044 2075 2241 2130 hendit.
2305 2077 2656 2142 Quamobrem
2705 2088 2754 2132 et
2799 2079 3070 2137 Theodoro
3114 2085 3376 2138 concisior
3410 2096 3507 2150 est,
3561 2098 3612 2142 et

2046 2165 2337 2236 Sophronio
2360 2169 2556 2234 latior;
2591 2170 2826 2224 abundat
2845 2174 2984 2226 enim
3013 2173 3434 2243 enthymematis,
3461 2189 3613 2246 atque

2043 2260 2310 2327 exemplis.
2347 2259 2494 2316 Illud
2513 2272 2690 2315 autem
2720 2279 2833 2317 vere
2855 2266 3321 2332 pronuntiaverim,
3357 2281 3610 2339 quantum

2047 2350 2326 2420 Gregorius
2361 2361 2649 2419 venustate,
2697 2353 2990 2422 splendore,
3041 2366 3091 2408 et
3122 2357 3350 2426 miriﬁca
3368 2360 3614 2428 jucundi-

2047 2454 2151 2498 :ate
2176 2446 2438 2499 antecellit
2458 2445 2749 2510 Theodoro,
2777 2455 2980 2500 tantum
3005 2449 3164 2504 etiam
3185 2461 3610 2521 argumentorum

2043 2537 2192 2604 copia
2218 2547 2264 2590 et
2291 2536 2526 2591 ubertate
2554 2537 2789 2590 eumdem
2821 2539 3020 2594 vincere
3049 2541 3355 2597 connititur.
3395 2543 3609 2598 Lectum

2041 2638 2119 2682 est
2154 2629 2381 2682 alterum
2418 2628 2650 2696 ejusdem
2682 2627 2922 2698 Gregorii
2972 2630 3200 2700 Νεβεεηὶ
3235 2650 3386 2702 opus,
3421 2636 3485 2690 de
3529 2654 3613 2690 ea-

2041 2719 2156 2774 dem
2174 2722 2284 2790 ipsa
2305 2736 2396 2774 re:
2421 2722 2470 2774 in
2489 2738 2588 2791 quo
2610 2719 2904 2774 rationibus
2929 2721 3270 2778 validioribus
3295 2741 3412 2778 cum
3433 2724 3612 2780 Euno-

2041 2813 2146 2866 mio
2174 2829 2359 2866 manus
2396 2829 2700 2879 conserens,
2749 2829 2868 2888 eum
2902 2813 2949 2868 vi
2977 2825 3258 2883 expugnat,
3293 2818 3471 2870 omnia
3512 2821 3608 2871 im-

2041 2906 2251 2972 pietatis
2299 2907 2634 2974 ﬁrmamenta
2665 2893 3017 2972 labefactans.
3064 2903 3320 2960 Venustas
3348 2925 3462 2963 vere
3487 2927 3610 2963 ora-

2042 2996 2199 3048 tionis
2243 3005 2293 3049 et
2341 2995 2586 3064 splendor
2633 2993 2969 3064 iucunditate
3015 2995 3234 3062 mistus,
3291 3000 3451 3054 etiam
3514 3002 3610 3055 hoe

2043 3105 2194 3159 opere
2223 3088 2460 3143 decenter
2492 3104 2546 3143 se
2570 3086 2817 3143 ostendit.

1967 3201 2010 3259 ο
2113 3182 2380 3252 Loquitur
2431 3181 2658 3239 Pltotius
2709 3184 2776 3240 de
2823 3187 3146 3257 longissima
3192 3187 3284 3240 illa
3333 3186 3605 3248 oratione,

2043 3291 2164 3344 quae
2197 3275 2248 3327 in
2279 3289 2442 3342 opere
2480 3283 2666 3328 contra
2711 3274 3054 3341 Eunomium,
3101 3276 3397 3331 secundum
3439 3291 3609 3346 quoe-

2041 3367 2189 3428 dam,
2220 3364 2637 3431 duodecimum,
2679 3367 2977 3422 secundum
3009 3369 3167 3430 alios,
3202 3368 3474 3422 decimum
3501 3375 3610 3422 ter-

2042 3458 2177 3510 tium
2220 3458 2396 3510 locum
2438 3464 2606 3519 tenet,
2644 3457 2802 3526 cujus
2841 3458 2957 3513 haec
2997 3469 3080 3514 est
3111 3463 3164 3514 in
3212 3459 3474 3514 Bavarico
3513 3475 3610 3514 co-

2041 3548 2462 3618 diceinscriptio
2495 3568 2508 3603 :
2548 3548 2654 3602 Τοῦ
2683 3549 2848 3604 αὑτοῦ
2897 3551 3052 3619 ἁγίου
3083 3553 3382 3624 Γρηγορίου
3427 3555 3610 3625 ἀντιρη

2043 3641 2263 3712 ρητικὸς
2294 3640 2430 3712 πρὸς
2456 3642 2549 3696 τὸν
2591 3643 2855 3714 Εὑνομίου
2883 3642 2974 3696 τοῦ
3018 3644 3310 3708 δυσσεϐοῦς
3361 3643 3610 3715 δεύτερον

2072 3731 2224 3799 λόγον
2249 3749 2260 3760 ·
2294 3733 2451 3801 cujus
2476 3733 2801 3804 principium
2829 3743 2934 3800 est,
2963 3735 3043 3790 Τὰ
3071 3736 3170 3806 μὲν
3195 3735 3258 3807 δὴ
3289 3736 3478 3807 πρῶτα
3501 3736 3612 3790 τῶν

2044 3823 2177 3893 πρὸς
2209 3823 2468 3892 Εὐνόμιον
2501 3822 2746 3892 ἀγώνων.

2113 3912 2171 3965 In
2200 3912 2407 3980 judicio
2449 3914 2516 3968 de
2576 3914 2716 3985 stylo
2761 3913 3105 3969 Eunomiauo
3157 3917 3314 3985 plane
3371 3918 3617 3974 concinit

2043 4001 2272 4057 Pliotius
2303 4020 2425 4058 cum
2465 4004 2728 4075 Gregorio
2775 4004 3024 4076 Nyssbnu
3057 4024 3069 4061 :
3109 4007 3162 4062 id
3221 4008 3486 4079 intelliges
3539 4025 3607 4064 ex

2045 4096 2222 4164 primo
2270 4096 2410 4149 libro
2452 4093 2708 4164 Nysseni,
2743 4105 2798 4150 et
2831 4111 2896 4150 ex
2943 4097 3029 4151 his
3054 4095 3228 4150 l‘hotii
3270 4098 3488 4154 verbis:
3525 4099 3607 4152 Ad

2045 4185 2242 4254 stylum
2276 4184 2570 4256 (Eunomii)
2613 4184 2750 4254 quod
2781 4185 2991 4251 attinet,
3045 4195 3250 4238 tantum
3280 4187 3324 4238 is
3365 4186 3430 4239 ab
3469 4189 3612 4242 omni

2045 4278 2223 4350 gratia
2261 4289 2309 4331 et
2349 4277 2687 4347 jucunditate
2717 4287 2947 4332 remotus
2977 4289 3079 4341 est,
3120 4288 3178 4331 ut
3212 4295 3274 4332 ne
3311 4279 3612 4349 cognovisse

2043 4371 2273 4442 quidem,
2319 4387 2385 4423 an
2416 4370 2520 4424 tale
2543 4371 2667 4440 quid
2697 4379 2949 4433 exstaret,
2987 4371 3246 4425 videatur.
3279 4370 3609 4426 Jactantiam

2046 4461 2408 4517 tantummodo
2456 4461 2743 4532 quamdam
2773 4462 3068 4534 prodigiose
3109 4472 3357 4528 ostentat,
3390 4480 3608 4517 sonum~

373 4535 588 4605 mentio)
630 4537 809 4592 multis
858 4538 1134 4593 verborum
1181 4538 1375 4610 plagis;
1431 4556 1531 4595 non
1577 4559 1728 4598 secus
1779 4561 1936 4615 quam
1968 4567 2014 4625 ι)
2042 4568 2139 4621 que
2168 4552 2438 4605 dissonum
2464 4549 2732 4604 stridendo
2758 4550 2906 4604 edere
2925 4551 3285 4620 a/fectat,tum
3311 4565 3608 4605 consonan-

368 4631 599 4699 priorem
622 4630 795 4702 (illum
811 4632 1071 4703 ejusdem)
1086 4633 1342 4699 Basilius,
1358 4637 1709 4706 conﬁcientes,
1721 4637 1944 4710 jugula—

373 4722 635 4790 tumjam,
662 4735 710 4778 et
738 4741 848 4794 prae
871 4727 1174 4794 impuritate
1205 4727 1404 4781 alidum
1428 4729 1481 4781 in
1501 4737 1766 4783 auctorem
1788 4749 1941 4786 suum

370 4812 722 4881 conjecerunt.
761 4814 875 4869 Has
906 4817 1080 4886 itaque
1106 4827 1215 4871 tum
1250 4818 1535 4887 impietatis
1567 4837 1746 4889 poenas
1774 4821 1938 4877 dedit.

442 4903 518 4958 De
549 4905 776 4976 singulis
816 4907 966 4963 hisce
1009 4907 1259 4962 Eunomii
1303 4911 1770 4980 oppugnatoribus
1813 4929 1938 4982 spe-

367 4997 553 5050 ciatim
599 4996 845 5053 PhOtius.
895 4999 970 5054 De
1009 4999 1296 5054 Theodoro
1334 5001 1438 5056 ista
1463 5000 1568 5073 (b):
1618 5001 1766 5056 Lecti
1815 5013 1938 5058 sunt

371 5089 632 5143 Theodori
647 5092 960 5146 Antiocheni
979 5109 1072 5162 pro
1093 5094 1296 5149 Basilio
1332 5096 1594 5150 adversus
1615 5095 1939 5150 Ennumium

365 5181 492 5234 libri
526 5183 711 5253 viginti
750 5185 992 5255 quinque.
1021 5189 1121 5240 Est
1151 5187 1233 5240 illi
1271 5188 1479 5256 phrasis
1507 5204 1609 5241 non
1647 5203 1939 5256 usquequa-

363 5293 466 5345 que
498 5279 795 5344 perspicua,
823 5278 1058 5332 sensibus
1089 5290 1262 5334 tamen
1293 5291 1341 5334 et
1367 5281 1689 5351 argumentis
1718 5281 1939 5334 nimium

362 5378 622 5435 quantum
671 5368 886 5432 densus,
948 5357 1016 5425 εἴ
1052 5369 1338 5439 Scriptura:
1387 5373 1698 5426 testimoniis
1739 5373 1940 5442 egregie

365 5458 626 5514 abundat.
670 5461 751 5513 Ad
779 5468 988 5516 verbum
1018 5463 1124 5531 fere
1155 5462 1405 5517 Eunomii
1445 5465 1675 5518 rationes
1719 5465 1936 5532 refellit,

364 5551 670 5620 imperitum
738 5568 857 5604 eum
919 5553 1069 5608 valde
1124 5563 1457 5623 externarum
1531 5553 1938 5625 disciplinarum

439 5738 516 5799 la)
549 5735 763 5789 V’ultttn.
797 5738 915 5793 157.

438 5807 513 5873 to)
539 5806 652 5861 vui.
686 5807 769 5861 tv.

2045 4639 2176 4691 tium
2209 4637 2416 4691 alterna
2452 4638 2830 4702 vicissitudine,
2876 4646 2985 4690 tum
3017 4637 3225 4692 vocibus
3263 4639 3608 4708 pronuntiatu

2044 4729 2364 4798 difﬁcilibus,
2397 4739 2443 4782 et
2474 4745 2589 4798 qua:
2623 4729 2800 4782 multis
2846 4729 3116 4784 abundant
3164 4729 3608 4786 consonantibus:

2045 4822 2199 4892 idque
2221 4822 2420 4890 poetico
2448 4837 2610 4883 more,
2634 4821 2731 4885 vel,
2781 4830 2839 4876 ut
2863 4823 3032 4876 verius
3059 4823 3257 4887 dicam,
3307 4821 3606 4894 dithyram-

2047 4906 2158 4960 bico
2186 4909 2361 4976 potius
2394 4907 2519 4960 ritu.
2563 4905 2881 4977 Compositio
2911 4911 3076 4978 ipsius
3123 4921 3307 4963 coacta
3336 4920 3435 4978 est,
3480 4921 3530 4966 et
3561 4913 3615 4966 vi

2045 5016 2343 5068 compressa
2379 5007 2531 5070 atque
2556 5008 2762 5063 extusa,
2787 5011 2843 5052 ut
2867 5017 3072 5055 necesse
3084 5001 3271 5055 habeat
3295 5002 3441 5056 illius
3471 5004 3607 5058 scri-

2037 5103 2127 5162 pta
2176 5093 2366 5163 legens,
2422 5111 2594 5149 aerem
2643 5096 2965 5149 vehementer
3022 5094 3177 5150 labiis
3225 5097 3515 5162 verberare,
3557 5097 3606 5150 si

2038 5186 2190 5252 modo
2222 5195 2397 5256 aperte
2426 5187 2767 5255 pronuntiare
2801 5187 2944 5247 velit,
2980 5204 3097 5256 quw
3126 5187 3262 5256 forte
3298 5188 3604 5242 nanciscens

2037 5287 2192 5348 atque
2220 5285 2588 5347 contorquens,
2621 5287 2711 5330 aut
2735 5277 2987 5331 collidens
3017 5278 3198 5341 etiam,
3238 5295 3300 5331 ac
3325 5291 3510 5332 temere
3532 5277 3607 5329 in-

2042 5367 2325 5437 terjiciens,
2357 5367 2460 5420 imo
2495 5376 2543 5419 et
2577 5376 2850 5425 truncans.
2888 5369 2974 5420 vix
3015 5365 3224 5420 tandem
3259 5366 3347 5419 ille
3388 5365 3608 5432 conjun-

2044 5463 2144 5514 xit.
2182 5460 2389 5529 Longas
2423 5477 2623 5529 quoque
2647 5457 2925 5523 interdum,
2951 5467 3011 5513 et-
3025 5458 3301 5512 immodice
3319 5456 3603 5532 productas

2046 5552 2286 5624 periodos
2332 5551 2464 5619 facit
2498 5567 2516 5605 :
2549 5551 2921 5605 obscuritatem
2951 5552 3161 5619 insuper
3199 5560 3352 5618 atque
3393 5548 3604 5602 incertis-

2116 5737 2185 5807 tv)
2215 5733 2446 5807 ,νινε-,Υ-

2116 5805 2190 5877 (d)
2213 5805 2327 5858 \Cul.
2359 5805 2439 5859 Vl.
