4054 6484
493 377 556 441 δι
1649 401 1705 454 S.
1747 401 2148 460 GREGORIUS
2188 405 2564 472 NYSSENUS.
3656 430 3730 488 5!

496 503 729 560 tudinem
758 523 850 576 per
879 526 1029 567 omne
1055 530 1183 583 opus
1207 516 1506 584 oﬂ‘undens.
1543 519 1676 576 Cum
1713 534 1770 577 ut
1791 526 1944 596 vulgo
1987 527 2059 580 vi.
2087 531 2133 588 Δ
2166 541 2397 596 munitas
2425 552 2477 597 et
2509 544 2863 614 improbitatis
2889 549 3160 618 refutatio,
3200 560 3250 604 et
3283 567 3348 606 ex
3381 555 3728 610 antecedenti-

492 599 684 653 deatur
720 601 839 670 ipsa
865 619 977 659 sua:
1024 602 1330 674 eloquentiae
1361 610 1411 662 vi
1450 626 1630 666 eorum
1667 613 1818 686 longe
1851 626 2061 684 captum

491 692 770 757 excedere;
807 705 917 748 tum
945 706 1026 760 ut,
1061 696 1200 768 quod
1222 699 1276 752 in
1301 701 1413 766 eius
1437 704 1603 757 sensis
1632 715 1788 776 atque
1815 710 2061 778 cogitatis

493 781 814 837 imbecillum
833 795 911 839 est
929 786 1008 855 (ut
1033 797 1110 841 est
1130 805 1258 844 sane
1279 791 1611 864 plurimum),
1635 795 1733 851 hac
1748 798 1861 867 ipsa
1877 799 2064 854 obscu-

492 875 652 929 ritate
679 886 729 932 et
765 878 1093 950 intelligendi
1121 879 1429 951 difficultate
1469 887 1727 958 obtegere,
1758 894 2060 947 sententiae-

491 982 589 1035 que
625 968 796 1023 celare
819 971 1005 1026 vitium
1037 976 1226 1042 possit.
1264 974 1482 1031 Videtur
1508 997 1627 1035 vero
1670 993 1720 1036 et
1753 983 1934 1052 logicis
1975 987 2059 1039 in-

491 1059 590 1111 niti
610 1065 958 1131 argumentis,
1013 1065 1140 1120 dum
1168 1071 1362 1136 partim
1390 1072 1526 1127 alios
1549 1073 1646 1128 hoe
1684 1077 1893 1130 nomine
1931 1078 2062 1146 infe-

491 1159 688 1216 ctatur,
719 1155 918 1220 partim
955 1157 1065 1225 ipse
1118 1158 1461 1217 libentissime
1511 1165 1579 1220 iis
1625 1167 1818 1230 utitur,
1849 1170 2062 1223 tametsi

490 1242 786 1312 frequenter
811 1247 952 1317 (cum
986 1265 1104 1305 sero
1150 1253 1247 1307 hoc
1270 1253 1505 1309 studium
1555 1259 1864 1327 arripuerit,
1900 1277 2061 1331 neque

491 1335 563 1388 ad
593 1337 707 1405 ejus
733 1339 922 1394 intima
941 1345 1254 1414 penetrarit)
1289 1346 1346 1400 in
1380 1347 1562 1403 multis
1593 1366 1727 1418 swpe
1765 1353 1949 1406 merito
1977 1370 2062 1407 er-

491 1430 631 1484 roris
671 1440 908 1488 natatur.
942 1433 1068 1490 Haec
1099 1434 1327 1494 Photius
1353 1439 1421 1495 de
1459 1457 1658 1512 genere
1700 1443 1918 1500 dicendi
1957 1444 2062 1500 Eu-

491 1521 770 1578 nomiano.

562 1613 728 1671 Visus
761 1625 845 1672 est
871 1615 931 1675 S.
963 1617 1259 1692 Gregorius
1287 1620 1571 1695 Nyssenus
1600 1625 1786 1682 favere
1815 1628 2062 1698 opinioni

489 1703 741 1778 Origenis
760 1719 814 1764 et
835 1707 1265 1781 Origenistarum
1293 1715 1360 1772 de
1379 1722 1653 1774 communi
1683 1721 1925 1775 omnium
1951 1732 2061 1777 tam

489 1798 819 1865 daemonum,
856 1817 1020 1872 quam
1041 1805 1324 1862 hominum
1348 1808 1730 1866 damnatorum
1756 1828 1824 1867 ex
1847 1813 2060 1870 inferno

2168 628 2262 684 bus
2287 631 2413 688 locis
2434 634 2756 706 depravatis,
2809 651 2860 694 et
2886 656 2951 696 ex
2975 645 3408 714 consequentibus
3447 647 3725 716 conﬁcitur

2164 731 2214 774 et
2262 722 2687 796 demonstratur;
2725 739 2776 784 et
2813 747 2878 787 ex
2908 733 3030 786 aliis
3080 736 3334 789 sexcentis
3367 735 3438 788 Β.
3489 735 3725 808 Gregorii

2168 810 2400 883 Nysseni
2437 818 2606 886 libris,
2647 823 2737 892 qui
2783 825 3070 880 orthodoxe
3111 836 3160 880 et
3207 827 3430 898 legitime
3471 832 3722 898 sentiunt,

2163 913 2301 957 recte
2343 910 2629 975 excutiens,
2676 921 2733 964 ut
2767 929 2915 966 nemo
2949 915 3134 969 melius
3158 915 3212 968 in
3259 916 3522 972 salutares
3548 933 3722 987 preces

2162 1005 2212 1048 et
2249 995 2434 1052 laudes
2459 998 2555 1054 Dei
2573 1001 2804 1057 laborem
2832 1006 3048 1075 ﬁnierit.
3081 1004 3233 1059 Libri
3255 1018 3449 1072 autem,
3479 1025 3608 1079 quos
3642 1011 3724 1063 in-

2163 1088 2316 1142 sidiis
2359 1091 2593 1159 excipere
2643 1093 2875 1149 hazretici
2922 1097 3090 1150 moliti
3128 1108 3278 1164 sunt,
3328 1109 3378 1153 et
3419 1116 3547 1170 quos
3592 1098 3722 1154 Ger-

2164 1193 2352 1232 manus
2393 1182 2632 1236 veritatis
2671 1194 3027 1254 propugnator
3059 1187 3344 1255 primarius
3389 1204 3419 1240 a
3457 1189 3725 1241 latronum

2161 1267 2363 1323 insultu
2397 1271 2508 1326 sine
2531 1289 2669 1327 noxa
2694 1278 2937 1341 servavit,
2963 1284 3107 1342 sunt,
3142 1276 3400 1347 Dialogus
3434 1278 3502 1333 ad
3530 1277 3722 1332 Macri-

2163 1371 2288 1412 nam
2324 1375 2567 1416 sororem
2597 1364 2665 1419 de
2695 1366 2896 1430 anima,
2933 1377 2979 1420 et
3015 1365 3177 1421 Liber
3228 1368 3619 1432 catecheticus,
3673 1379 3722 1423 et

2163 1450 2254 1504 ille
2285 1454 2375 1520 qui
2404 1453 2478 1509 De
2502 1455 2746 1525 perfecta
2775 1458 2886 1514 vita
2912 1460 3276 1514 narrationem
3302 1464 3553 1515 continet.
3596 1459 3724 1516 Haec

2166 1555 2266 1610 pro
2298 1541 2548 1614 Nysseno
2585 1544 2912 1606 Germanus.
2959 1547 3037 1601 Ex
3068 1549 3266 1618 quibus
3323 1550 3601 1605 evanescit
3633 1564 3725 1605 ca-

2162 1631 2369 1688 lumnia
2423 1633 2757 1699 Casauboni,
2807 1639 2901 1708 qui
2945 1638 3011 1692 in,
3053 1638 3288 1694 Scholiis
3327 1641 3392 1694 ad
3436 1640 3724 1711 epistolam

2163 1721 2454 1790 quamdam
2501 1723 2752 1795 Nysseno
2795 1727 3110 1798 ascriptum,
3156 1737 3210 1784 et
3247 1728 3561 1797 Eustatbize,
3601 1731 3724 1788 Am-

2161 1814 2383 1880 brosias,
2437 1826 2492 1873 et
2535 1817 2810 1875 Basilissa:
2847 1820 3190 1894 inscriptam,
3235 1824 3553 1879 criminatur
3588 1824 3727 1896 Nys-

2369 1874 2380 1880 -
2626 1874 2632 1875 ,
2719 1874 2754 1875 η
3243 1874 3545 1879 --__--__-_-
3588 1874 3699 1896 η-

487 1888 834 1950 liberatione.
863 1893 973 1951 Sed
1017 1894 1297 1968 Nyssenus
1329 1901 1569 1957 validum
1624 1913 1678 1959 et
1715 1913 1827 1959 tam
1876 1907 2061 1962 erudi-
2087 1874 2133 1932 Β
2166 1922 2361 1963 senum
2391 1909 2445 1963 in
2465 1912 2798 1968 catechetica
2824 1914 3070 1970 oratione
3089 1930 3271 1972 naevos
3303 1917 3565 1987 quosdam
3583 1931 3720 1972 con-

485 1981 653 2049 tione,
700 1999 862 2054 quam
888 1989 1184 2045 sanctitate
1215 2000 1489 2061 potentem
1520 1994 1934 2067 hyperaspisten
1971 2014 2059 2054 re-

486 2074 629 2141 perit
662 2071 721 2129 S.
769 2075 1126 2146 Germanum,
1181 2083 1548 2154 patriarcham
1597 2087 2058 2160 Constantinopo-

487 2164 756 2234 litanum;
787 2182 855 2222 ex
882 2157 1042 2240 cujus
1083 2188 1184 2243 pro
1213 2173 1477 2246 Gregorio
1520 2179 1902 2238 lucubratione
1942 2184 2060 2239 haec

487 2267 746 2329 excerpta
790 2261 1021 2318 Photius
1071 2265 1231 2322 nobis
1277 2269 1500 2340 reliquit
1523 2270 1787 2343 (a)=Legi
1843 2273 2057 2340 librum,

486 2360 700 2406 auctore
721 2349 1004 2419 Germano,
1037 2359 1128 2426 qui
1164 2359 1395 2427 primum
1414 2361 1596 2432 Cyzict
1625 2363 1924 2433 ordinatus,
1942 2377 2060 2435 post

487 2439 1112 2510 Constantinopolitanus
1133 2450 1444 2517 patriarcha
1472 2452 1598 2520 fuit,
1611 2455 1700 2524 qui
1723 2455 1854 2509 liber
1869 2458 2059 2512 inscri-

487 2531 649 2597 bitur,
691 2532 1021 2593 Retribuens
1077 2547 1134 2594 et
1171 2541 1446 2608 legitimus
1492 2565 1506 2600 :
1551 2547 1690 2616 quod
1724 2550 1941 2617 perinde
1981 2559 2060 2605 est

487 2639 550 2677 ac
579 2625 627 2678 si
668 2625 869 2682 dixeris
898 2644 917 2682 :
943 2628 1020 2684 De
1053 2647 1176 2686 vera
1203 2642 1252 2687 et
1277 2634 1509 2705 legitima
1539 2639 2058 2712 retributione,quod

484 2717 805 2785 rependatur
827 2719 1316 2792 hominibus,prout
1340 2729 1592 2785 vixerint.
1628 2730 1699 2786 Et
1721 2733 1833 2788 haec
1846 2735 2058 2804 quidem

487 2807 635 2862 tituli
663 2809 960 2879 inscriptio.
1013 2813 1295 2870 Contendit
1333 2835 1451 2873 vero
1506 2817 1814 2892 Gregorium
1867 2822 2058 2896 Nysae:

485 2900 806 2968 episcopum,
831 2905 1048 2975 ejusque
1076 2908 1277 2978 scripta
1328 2909 1394 2963 ab
1434 2909 1677 2983 Origenis
1731 2932 1911 2972 errore
1947 2934 2060 2973 esse

483 2992 764 3048 immunia.
794 2993 1008 3050 Etenim
1041 2999 1229 3068 quibus
1256 3001 1505 3057 delirium
1540 3006 1680 3060 illud
1723 3009 1915 3078 placet,
1947 3011 2058 3065 dae-

485 3083 724 3138 monibus
749 3095 800 3140 et
825 3087 1126 3145 hominibus
1157 3093 1210 3146 in
1253 3104 1510 3150 cateruam
1549 3113 1758 3166 poenam
1795 3103 2054 3172 conjectis

486 3173 851 3231 liberationem
895 3180 1018 3234 inde
1063 3187 1469 3252 exspectandam
1506 3205 1525 3242 :
1557 3191 1642 3245 illi
1703 3195 1841 3263 quod
1892 3199 2059 3251 virum
2085 3227 2128 3284 ο

483 3264 731 3328 doctrina
792 3270 1139 3341 singularem,
1193 3286 1244 3330 et
1291 3278 1589 3348 eloquentia
1635 3285 1893 3355 insignem
1942 3305 2059 3341 eum

487 3371 848 3429 agnoscerent,
900 3365 1221 3437 claramque
1254 3373 1558 3426 sanctitatis
1615 3376 2061 3433 existimationem

481 3468 576 3520 per
604 3455 843 3508 omnium
880 3473 974 3511 ora
1001 3459 1342 3516 decantatam
1382 3464 1636 3534 viderent,
1678 3473 1909 3539 aggressi
1937 3485 2061 3528 sunt

484 3544 648 3600 claris
678 3557 727 3602 et
759 3548 1088 3607 salutaribus
1131 3555 1247 3624 ejus
1269 3557 1502 3625 scriptis,
1539 3560 1766 3616 obscura
1808 3574 1856 3617 et
1891 3569 2063 3633 perni-

484 3637 632 3692 ciosa
659 3637 971 3710 Origeniani
995 3648 1166 3700 somni
1200 3664 1393 3702 venena
1434 3651 1745 3717 admiscere,
1781 3657 2061 3727 virtutique

486 3727 733 3797 hominis,
759 3742 809 3787 et
835 3735 1090 3792 doctrina:
1117 3739 1308 3795 celebri
1336 3742 1639 3798 htereticam
1659 3749 1862 3802 occulte
1882 3766 2061 3806 amen-

488 3820 617 3874 tiam
669 3823 947 3892 subjicere.
986 3829 1166 3897 Quare
1209 3835 1408 3902 partim
1460 3837 1837 3896 additamentis
1882 3843 2059 3912 falsis,

482 3914 680 3982 partim
704 3919 856 3973 rectis
881 3925 1203 3990 argumentis
1241 3926 1492 3982 violenter
1525 3930 1766 3997 detortis,
1796 3935 1966 3988 multa
1998 3952 2062 3990 ex

485 4007 1029 4078 irreprehensibilibus
1059 4016 1174 4084 ejus
1209 4024 1562 4077 monumentis
1611 4024 1935 4081 calumniari
1973 4045 2062 4083 co-

485 4102 601 4162 nati
629 4113 772 4158 sunt.
820 4104 1019 4162 Contra
1067 4126 1197 4179 quos
1233 4111 1527 4171 Germanus
1545 4119 1760 4187 pietatis
1782 4132 2058 4189 patronus,

486 4199 700 4243 acutum
721 4194 958 4250 veritatis
985 4196 1224 4267 gladium
1265 4205 1549 4274 stringens,
1591 4217 1642 4262 et
1680 4210 1889 4266 vulnere
1936 4229 2061 4282 pro-

484 4289 683 4335 stratos
737 4283 910 4340 hostes
976 4289 1272 4360 relinquens
1334 4297 1582 4350 victorem
1643 4303 2063 4375 superioremque

484 4387 603 4428 eum
635 4377 931 4443 constituit,
964 4379 1020 4433 in
1049 4397 1200 4451 quem
1245 4387 1492 4442 haeretica
1539 4391 1790 4447 colluvies
1836 4399 2061 4452 insidias

495 4473 764 4523 struxerat
789 4478 840 4524 et
860 4485 1130 4538 posuerat.

2159 2000 2392 2055 traxisse
2424 2016 2491 2055 ex
2513 2001 2745 2058 lectione
2775 2003 3044 2075 Origenis.

2233 2089 2489 2147 Eamdem
2532 2095 2875 2167 Origenicam
2916 2098 3089 2153 labem
3139 2099 3208 2154 ab
3247 2099 3434 2154 eodem
3480 2098 3727 2172 Nysseno

2161 2180 2386 2252 depellit
2431 2194 2624 2242 auctor
2667 2202 2994 2260 anonymus,
3037 2190 3131 2261 qui
3175 2190 3341 2245 vitam
3371 2190 3613 2260 ejusdem
3667 2191 3726 2247 in

2159 2275 2367 2330 litteras
2395 2278 2603 2334 retulit.
3684 2348 3688 2352 ,

2233 2367 2370 2421 Illud
2411 2377 2590 2425 tamen
2628 2374 2955 2436 monuerim,
2994 2374 3153 2429 tinem
3185 2374 3445 2428 orationis
3476 2373 3726 2429 cateche-

2165 2460 2290 2516 ticze
2320 2477 2429 2516 non
2465 2478 2591 2519 esse
2622 2464 2869 2535 Gregorii
2903 2463 3154 2537 Nysseni.
3194 2464 3330 2519 Cum
3356 2466 3501 2520 enim
3537 2463 3726 2520 Severi

2163 2553 2495 2609 mentionem
2525 2554 2708 2621 faciat,
2737 2563 2948 2628 etopus
2991 2557 3060 2614 de
3103 2557 3452 2614 distinctione
3482 2557 3726 2612 vocabu-—

2163 2646 2338 2699 lorum
2368 2655 2562 2700 contra
2595 2647 2748 2702 illum
2802 2650 3107 2718 promittat,
3163 2651 3369 2705 clarum
3421 2659 3504 2704 est
3552 2655 3724 2702 totum

2162 2738 2294 2793 illud
2324 2739 2460 2793 nihil
2493 2741 2656 2801 aliud,
2687 2755 2849 2810 quam
2887 2740 3106 2798 aliunde
3139 2743 3407 2798 adscitum
3444 2756 3729 2796 assumen-

2161 2831 2288 2884 dum
2319 2847 2462 2896 esse,
2493 2847 2616 2887 cum
2651 2832 2886 2889 Severus
2906 2835 3306 2904 Acepbalorum
3336 2833 3728 2902 antesignanus

2161 2924 2350 2980 multis
2382 2925 2540 2981 annis
2558 2926 2774 2982 demum
2805 2937 2927 2998 post
2950 2925 3183 2998 Nysseni
3201 2927 3405 2981 obitum
3432 2925 3726 2990 exstiterit;

2161 3017 2306 3088 quod
2338 3027 2484 3072 recte
2513 3018 2679 3073 etiam
2726 3019 3038 3074 observavit
3064 3017 3268 3072 Fronto
3297 3015 3524 3070 Ducaeus
3543 3025 3730 3069 noster

2163 3111 2216 3164 in
2261 3111 2723 3167 Annotationibus
2762 3110 2830 3166 ad
2872 3125 3126 3180 magnam
3166 3107 3559 3164 catecbeticam
3605 3121 3729 3160 ora-

2162 3201 2380 3255 tionem,
2963 3225 2968 3231 ’
3192 3255 3198 3261 .

2230 3291 2404 3346 Porro
2439 3293 2564 3348 licet
2596 3299 2705 3346 tam
2737 3292 2892 3345 multi
2923 3299 3114 3346 contra
3143 3290 3366 3360 impium
3403 3289 3728 3343 Eunomium

2161 3383 2504 3455 scripserint,
2533 3398 2832 3454 paucorum
2870 3392 3052 3438 tamen
3083 3391 3437 3437 monumenta
3471 3382 3569 3436 aevi
3606 3382 3728 3435 lon-

2163 3492 2311 3547 gaeva
2346 3485 2591 3531 vetustas
2620 3477 2829 3546 reliqua
2878 3476 3038 3531 nobis
3085 3475 3248 3543 fecit;
3303 3475 3394 3530 ubi
3447 3474 3591 3530 enim
3630 3472 3732 3528 So-

2165 3571 2400 3640 phronii,
2429 3567 2722 3636 Theodori,
2756 3568 2991 3641 Didymi,
3031 3577 3088 3624 et
3117 3568 3440 3640 Apollinarii
3485 3567 3731 3669 disputa-

2161 3663 2380 3716 tiones?
2418 3663 2534 3731 lpse
2563 3663 2728 3716 etiam
2768 3661 3070 3733 Nyssenus,
3107 3661 3337 3716 nimium
3371 3668 3637 3730 quantum
3672 3661 3728 3713 in

2160 3755 2400 3810 tenebris
2433 3754 2646 3809 delituit
2678 3773 2692 3809 :
2730 3770 2890 3825 quem
2935 3755 3046 3824 jam
3082 3754 3210 3808 olim
3252 3754 3305 3808 in
3337 3754 3512 3808 lucem
3554 3749 3732 3807 vindi-

2161 3862 2289 3903 care
2325 3848 2568 3917 aggressi
2596 3863 2848 3914 eramus;
2892 3863 3078 3901 verum
3115 3847 3236 3902 aliis
3269 3856 3431 3916 atque
3463 3845 3586 3899 aliis
3632 3859 3729 3899 ne-

2160 3939 2323 4009 gotiis
2347 3955 2563 4008 semper
2607 3940 2996 4002 incidentibus,
3055 3937 3427 3993 desistendum
3460 3935 3581 3990 fuit.
3622 3934 3730 3990 Sed

2160 4032 2524 4088 cessationem
2559 4047 2730 4089 meam
2747 4031 3135 4101 suppleverunt
3165 4045 3336 4100 nuper
3365 4028 3728 4094 Parisienses,

2162 4126 2253 4198 qui
2285 4141 2447 4196 opera
2461 4124 2690 4195 Nysseni
2720 4123 2902 4178 Graece
2925 4130 2979 4178 et
3006 4123 3196 4178 Latine
3223 4121 3434 4176 duobus
3459 4120 3733 4176 tomisele-

2163 4226 2353 4289 ganter
2389 4217 2728 4287 evulgarunt,
2745 4214 2942 4270 additis
2968 4214 3130 4268 etiam
3169 4212 3324 4266 libris
3345 4221 3528 4265 contra
3550 4210 3732 4265 Euno-

2167 4310 2368 4372 mium;
2401 4309 2492 4364 sed
2523 4307 2725 4362 omisso
2751 4307 2949 4378 primo,
2975 4305 3134 4375 cujus
3161 4304 3456 4374 exemplari
3494 4303 3730 4359 editores

2165 4403 2427 4457 carebant
2453 4415 2647 4474 :quem
2675 4414 2820 4454 nunc
2853 4414 2918 4453 ex
2949 4396 3210 4451 Bavarico
3257 4395 3446 4490 codice
3483 4393 3732 4490 publica-

2168 4507 2312 4557 mus,
2344 4501 2404 4545 ut
2435 4499 2489 4546 et
2517 4491 2624 4543 alia
2652 4487 2938 4552 nonnulla,
2966 4485 3164 4556 quibus
3198 4483 3362 4539 editio
3404 4479 3728 4537 Parisiensis

553 4553 845 4616 Nonnullis
875 4560 1178 4632 interjectis
1224 4567 1368 4624 idem
1401 4569 1632 4628 Photius
1663 4587 1679 4626 :
1721 4572 1790 4627 Ut
1835 4576 2056 4632 breviter
2085 4570 2131 4626 D
2162 4553 2349 4649 caret,
2382 4592 2440 4637 ut
2472 4583 2630 4650 plene
2657 4579 2926 4634 conﬁdam
2961 4578 3065 4652 hoc
3094 4586 3344 4631 nostrum
3363 4573 3432 4628 ad
3455 4572 3729 4627 Parisien—

482 4646 678 4715 dicam,
715 4652 896 4708 omnia
936 4659 1106 4716 sancti
1153 4660 1310 4730 hujus
1347 4665 1518 4730 patris
1553 4667 1753 4726 scripta
1805 4667 1868 4722 ab
1918 4671 2059 4724 omni

487 4738 740 4803 hteretica
775 4747 1061 4816 pravitate,
1085 4761 1135 4806 et
1171 4770 1204 4806 a
1236 4755 1526 4822 calumnia,
1579 4775 1696 4830 qua:
1733 4762 1788 4816 in
1818 4763 2062 4831 impieta-

486 4841 588 4907 tem
623 4837 809 4908 vergit,
836 4838 1096 4898 immunia
1126 4861 1238 4919 esse
1279 4847 1540 4906 declarat.
1582 4849 1715 4907 Htec
1749 4869 1907 4924 porro
1955 4856 2060 4912 im-

555 5009 633 5083 (α)
665 5009 884 5069 Volunt.
911 5017 1035 5074 153.

2165 4691 2280 4731 sem
2313 4673 2604 4729 editionem
2631 4671 2935 4725 auctarium
2967 4685 3061 4725 seu
3100 4666 3520 4723 additamentum
3558 4664 3729 4719 lecto-

2166 4770 2317 4826 ribus
2348 4782 2456 4836 non
2487 4765 2603 4824 fore
2628 4766 2925 4838 ingratum.

499 5223 3704 5266 W

1436 5399 1946 5499 LECTORI
2053 5403 2778 5512 .ZEQUANIMO.

550 5739 707 5808 Quod
735 5743 1028 5814 aliquando
1049 5749 1278 5821 contigit
1307 5750 1375 5806 iis
1413 5750 1611 5820 quibus
1642 5769 1805 5808 aurea
1839 5755 2046 5810 medio-

426 5895 430 5900 .
487 5836 649 5908 eritis
689 5838 849 5907 etiam
885 5841 942 5898 in
989 5843 1130 5910 votis
1166 5843 1466 5915 placuerat,
1503 5845 1694 5904 Lector
1723 5848 2044 5919 aequanime,

2155 5763 2214 5807 ut
2261 5753 2406 5825 quod
2449 5755 2778 5826 exeptabant
2818 5755 3031 5809 auctius
3072 5761 3234 5824 atque
3279 5754 3472 5811 melius
3523 5755 3726 5812 lacera

2157 5846 2320 5912 Deus,
2337 5863 2445 5918 quo
2462 5848 2623 5903 modo
2646 5849 2751 5904 voti
2774 5848 3061 5920 plusquam
3085 5862 3305 5921 compos
3325 5847 3551 5905 Flaccus
3575 5847 3724 5903 ait-—
