4110 6484
307 417 377 476 i5
1658 422 2192 483 PROLEGOMENA.
3501 426 3571 485 54

316 542 440 597 bene
471 548 570 606 est,
589 539 721 594 nihil
742 538 968 610 amplius
992 555 1108 605 oro,
1138 538 1297 596 nobis
1320 540 1484 611 εὐχῆς
1504 540 1746 613 ἀμέτρου
1770 558 1893 597 cum
1924 554 1972 612 Α
2000 544 2121 612 fuit,
2150 544 2206 599 in
2224 541 2593 615 Polymorpho
2622 541 2844 613 Dialogo
2878 550 2930 610 1,
2968 541 3061 597 ubi
3092 540 3159 597 de
3191 540 3575 603 incarnatione

317 636 585 707 Gregorio
615 635 957 691 Nazianzeno
991 636 1360 691 metuentibus
1402 636 1673 691 usuvenit.
1710 634 1897 690 Enim-

318 744 445 784 vero
471 730 704 801 primum
730 738 912 783 votum
936 734 988 782 et
1010 727 1298 782 consilium
1325 735 1572 782 nostrum
1600 727 1776 783 fuerat
1799 728 1899 783 ini-

324 826 402 878 tio
439 823 610 877 libros
641 826 852 875 tantum
891 818 949 874 S.
986 819 1235 889 Gregorii
1278 828 1464 873 contra
1507 818 1825 873 Eunomium
1866 835 1897 873 a

325 916 644 972 doctissimo
672 914 789 971 viro
830 912 949 969 Nic.
994 913 1227 970 Gulonio
1269 911 1590 969 Professore
1618 913 1897 985 quondam

323 1009 474 1080 regio
498 1008 769 1063 latinitate
800 1006 1031 1063 donatos
1056 1006 1111 1061 in
1138 1007 1313 1062 lucem
1333 1007 1514 1072 edere,
1540 1022 1678 1077 quos
1696 1006 1899 1079 πατρὸς

324 1102 563 1173 ἀμείνων
592 1098 660 1154 R.
700 1100 761 1155 P.
792 1098 1029 1156 Joannes
1071 1115 1100 1152 a
1135 1098 1191 1153 S.
1227 1097 1525 1155 Francisco
1562 1098 1898 1155 Faliensium

324 1194 719 1250 monachorum
779 1193 926 1265 prior
978 1193 1313 1266 recognovit.
1381 1192 1485 1249 Sed
1544 1208 1668 1249 cum
1700 1193 1791 1248 ille
1843 1192 1901 1248 in

326 1286 577 1341 morbum
638 1286 944 1352 incidisset,
989 1302 1167 1357 neque
1235 1286 1401 1357 praelo
1472 1292 1656 1357 posset
1707 1299 1901 1355 prope-

326 1380 472 1433 ranti
495 1396 722 1450 pensum
749 1379 1029 1447 suﬂicere;
1056 1381 1232 1435 visum
1260 1390 1345 1436 est
1374 1380 1508 1433 alios
1537 1377 1595 1434 S.
1655 1375 1900 1446 Gregorii

326 1472 498 1527 libros
522 1472 635 1541 jam
668 1471 852 1529 Graece
878 1487 1109 1529 excusas
1141 1473 1206 1527 ad
1262 1472 1490 1527 alterum
1518 1477 1726 1524 tomum
1766 1482 1901 1521 con-

328 1564 619 1619 ficiendum
645 1565 900 1637 colligere
921 1584 934 1620 ;
959 1561 1084 1630 .jam
1114 1564 1257 1620 enim
1288 1562 1415 1618 olim
1439 1562 1579 1632 apud
1599 1559 1902 1631 Raphelen-

327 1654 475 1724 gium
511 1655 605 1710 lib.
650 1654 723 1709 De
767 1657 867 1709 vita
909 1653 1112 1718 Hosis;
1155 1654 1298 1724 apud
1338 1652 1664 1716 Plautinum,
1706 1651 1801 1705 lib.
1828 1647 1904 1701 De

330 1736 664 1815 uirginitate;
706 1748 851 1817 apud
912 1748 1237 1813 Sartorium,
1297 1755 1480 1800 contra
1519 1743 1901 1812 Apollinarem,

329 1842 386 1893 et
405 1839 512 1892 alia
537 1838 656 1908 ejus
682 1840 809 1895 alibi
829 1840 1093 1909 cpuscula
1117 1837 1551 1909 fuerantpublici
1575 1835 1717 1906 juris
1738 1834 1900 1888 facta.

1997 637 2208 692 Domini
2259 635 2531 704 loquitur,
2573 635 2688 690 haec
2742 636 3047 706 desumpsit
3103 635 3419 691 testimonia
3475 636 3573 694 fol.

1999 729 2122 793 124,
2140 727 2393 785 editionis
2416 726 2711 798 Tigurinaa,
2747 728 2841 791 τοῦ
2865 727 3035 782 αὐτοῦ
3052 730 3116 782 ὲκ
3137 727 3230 781 τοῦ
3251 730 3392 782 κατὰ
3415 729 3581 784 Εὐνο-

2003 822 2124 894 μίου
2157 821 2335 891 λόγου.
2361 820 2545 891 Φαμὲν
2569 821 2768 885 τοίνυν,
2795 821 2874 873 ὅτι
2906 823 2964 873 ὲν
3000 822 3098 891 μὲν
3119 824 3229 885 τοῖς
3260 821 3364 895 πρὸ
3389 822 3577 878 τούτου

1998 913 2172 982 λόγοις
2204 912 2372 971 εἰπὼν
2404 912 2500 984 τὴν
2540 913 2737 982 Σοφίαν
2769 911 3179 982 ᾠκοδομηκέναι
3207 915 3371 987 ἑαυτῇ
3407 910 3575 975 οἷκον,

1998 1007 2095 1078 τὴν
2121 1007 2218 1079 τῆς
2246 1007 2442 1079 σαρκὸς
2465 1005 2558 1060 τοῦ
2579 1006 2784 1077 Κυρίου
2805 1006 3143 1079 κατασκευὴν
3156 1005 3232 1077 τῷ
3251 1007 3394 1079 λόγῳ
3411 1006 3584 1061 αἰνίσ-

2003 1117 2174 1155 σεται.
2222 1100 2458 1154 Dicimus
2510 1117 2655 1171 ergo,
2702 1117 2823 1154 cum
2879 1101 2935 1153 in
2968 1100 3034 1153 iis
3091 1116 3210 1170 qua:
3246 1102 3395 1168 prius
3436 1099 3581 1153 dicta

2001 1201 2143 1257 sunt,
2179 1191 2316 1245 dixit
2350 1190 2678 1261 Sapientiam
2724 1191 3020 1261 wdiﬁcasse
3062 1191 3165 1245 sibi
3193 1191 3430 1255 domum,
3458 1208 3582 1245 car-

2002 1285 2083 1339 nis
2112 1284 2329 1340 Domini
2375 1286 2536 1340 Verbo
2566 1286 3011 1340 constructionem
3056 1286 3273 1353 mystice
3310 1283 3579 1352 intelligit.

2003 1373 2120 1430 Hoc
2148 1375 2524 1430 testimonium
2558 1376 2799 1445 reperies
2833 1390 2954 1444 pag.
2996 1374 3086 1437 77,
3120 1373 3286 1443 hujus
3325 1371 3582 1427 editionis

2002 1473 2137 1521 tom.
2174 1466 2239 1521 Il.
2278 1466 2421 1538 Ergo
2468 1466 2725 1531 dicimus,
2762 1466 2910 1537 quod
2940 1466 2997 1520 in
3029 1465 3137 1532 his,
3179 1481 3300 1535 quae
3331 1464 3477 1518 hunc
3503 1462 3584 1517 lo-

2002 1574 2124 1613 cum
2174 1559 2492 1629 praecedunt
2538 1558 2739 1626 verbis,
2786 1574 2909 1613 cum
2965 1558 3195 1614 dixisset
3246 1555 3584 1627 Sapientiam

2004 1650 2107 1705 sibi
2138 1649 2358 1705 domum
2392 1651 2715 1708 aedificasse.

2074 1740 2133 1795 In
2160 1741 2349 1797 eodem
2390 1741 2613 1814 Dialogo
2645 1751 2699 1798 et
2737 1741 2829 1796 fol.
2871 1742 2994 1807 124,
3048 1742 3142 1797 τοῦ
3184 1742 3350 1795 αὑτοῦ
3389 1743 3454 1796 ὲκ
3488 1743 3587 1813 τῆς

2004 1832 2170 1903 αὐτῆς
2195 1833 2575 1905 πραγματείας
2595 1850 2607 1863 ·
2641 1836 2669 1887 ὁ
2708 1833 2880 1902 Λόγος
2918 1834 3024 1905 πρὸ
3045 1833 3153 1887 τῶν
3186 1834 3395 1887 αἰώνων
3426 1830 3515 1905 ἦν,
3550 1837 3584 1905 ή

330 1927 489 1996 Quod
520 1945 642 1985 cum
691 1931 953 1987 audiisset
990 1932 1360 2003 amplissimus
1410 1944 1612 2001 praeses
1646 1928 1901 1983 dominus

2011 1925 2139 1997 σὰρξ
2166 1925 2222 1979 δὲ
2247 1928 2334 1979 ἐπ’
2362 1927 2606 1997 ἐσχάτων
2632 1927 2850 1996 ἐγένετο
2877 1928 2983 1980 τῶν
3013 1928 3242 1999 χρόνων,
3275 1927 3369 1981 καὶ
3396 1928 3495 1980 οὐκ
3520 1928 3586 1985 ἄν

331 2020 616 2089 'l'huanus,
655 2024 810 2095 Regii
871 2025 1199 2082 Gonsistorii
1267 2023 1641 2087 consiliarius,
1683 2020 1902 2075 codices

333 2126 466 2168 suos
488 2115 891 2185 manuscriptos
938 2115 1096 2171 nobis
1133 2115 1363 2185 benigne
1398 2112 1690 2175 concessit,
1722 2126 1752 2165 e
1784 2111 1904 2179 qui-

333 2204 439 2265 bus
475 2215 629 2261 eruta
658 2213 744 2262 est
795 2205 1110 2262 dissertatio
1141 2205 1218 2259 De
1259 2205 1441 2257 anima
1499 2203 1765 2257 hactenus
1795 2213 1903 2252 non

334 2295 501 2349 edita.

406 2383 554 2439 Misit
584 2384 750 2439 etiam
783 2384 850 2438 ad
897 2396 999 2438 nos
1032 2382 1308 2452 ingentem
1341 2379 1581 2435 codicem
1607 2378 1903 2446 Antuerpia

335 2476 404 2533 Β.
436 2478 499 2531 Ρ.
524 2478 766 2534 Andreas
824 2464 1100 2541 Schottus,
1142 2477 1234 2545 qui
1284 2473 1453 2528 libros
1507 2471 1620 2527 sive
1653 2470 1904 2524 homilias

333 2567 567 2641 Nysseni
626 2571 858 2640 amplius
905 2569 1127 2639 triginta
1162 2566 1557 2636 complectitur,
1600 2561 1905 2632 sumptibus

337 2661 473 2715 clar.
536 2661 635 2714 viri
662 2659 935 2715 Theodori
978 2658 1194 2714 Canteri
1248 2653 1661 2725 Ultrajectensis
1688 2660 1906 2706 senato-

336 2757 417 2811 ris
438 2758 567 2811 olim
604 2758 930 2827 exscriptas,
978 2757 1177 2827 quibus
1209 2754 1383 2809 additi
1414 2762 1542 2810 sunt
1584 2752 1673 2805 alii
1733 2768 1798 2806 ex
1833 2751 1907 2804 bi-

338 2846 611 2902 bliotheca
656 2846 909 2902 nobiliss.
948 2846 1053 2900 viri
1105 2843 1391 2899 Francisci
1472 2841 1713 2906 Olivarii,
1774 2838 1902 2894 Fed.

336 2938 570 3005 Morelli,
600 2938 839 2995 Profess.
864 2954 975 3009 reg.
1011 2937 1237 3002 Decani,
1264 2944 1316 2992 et
1339 2935 1570 2990 aliorum
1607 2934 1905 2987 amicorum

337 3042 653 3087 nostrorum
688 3032 1017 3101 deprompti,
1052 3045 1284 3101 quorum
1310 3028 1633 3084 beneﬁcium
1662 3026 1716 3079 in
1762 3024 1907 3079 notis

338 3124 409 3179 ad
444 3124 684 3195 singulos
706 3124 876 3179 libros
908 3123 1311 3194 praedicabitur.

410 3215 561 3272 Licet
601 3217 746 3271 enim
784 3215 1021 3270 editione
1055 3229 1278 3286 operum
1322 3210 1380 3266 S.
1413 3208 1640 3266 Joannis
1672 3208 1908 3280 Chryso-
1936 3247 1982 3310 ϐ

340 3311 504 3364 stomi
540 3309 716 3363 adhuc
753 3307 1090 3362 detineretur
1135 3307 1218 3359 vir
1257 3303 1627 3366 doctissimus,
1670 3300 1909 3369 θεοφιλέ-

341 3418 532 3464 στατος
564 3399 766 3454 Fronto
794 3396 1021 3453 Ducaaus
1066 3397 1121 3451 S.
1156 3396 1197 3449 l.
1238 3395 1567 3465 Theologus,
1599 3410 1698 3449 suo
1729 3402 1908 3446 tamen

340 3490 587 3546 subsidio
622 3504 722 3544 nos
742 3488 935 3557 juvarc
957 3503 1066 3541 non
1088 3486 1316 3550 destitit,
1378 3500 1502 3539 cum
1542 3494 1596 3538 et
1669 3484 1910 3537 delectus

340 3580 624 3637 habendus
668 3589 814 3635 esset
863 3579 1020 3633 codd.
1056 3595 1190 3634 mss.
1245 3585 1300 3632 et
1340 3578 1610 3631 variantes
1652 3576 1911 3630 lectiones

340 3689 467 3727 cum
494 3670 698 3742 judicio
735 3668 853 3723 alia:
885 3684 993 3738 prae
1013 3669 1133 3722 aliis
1173 3666 1580 3736 amplectenda,
1613 3675 1666 3719 et
1694 3673 1834 3719 notae
1858 3666 1912 3718 in

340 3766 524 3820 varios
557 3763 725 3818 libros
746 3761 875 3816 olim
912 3761 979 3815 ab
1008 3760 1126 3829 ipso
1164 3759 1482 3814 emendatos
1520 3772 1915 3827 recognoscen-

292 3856 299 3862 ’
342 3858 445 3921 dae,
477 3867 639 3927 atque
671 3856 798 3909 huic
826 3853 1049 3911 editioni
1078 3852 1397 3923 adaptandae
1420 3860 1629 3907 essent.

412 3947 801 4003 Verumtamen
853 3946 957 4000 hac
991 3944 1227 3998 adhibita
1279 3944 1561 4014 diligentia
1592 3958 1701 3997 non
1736 3944 1916 4013 potui-

344 4056 469 4099 mus
496 4037 836 4110 quarundam
859 4035 1204 4090 bomiliarum
1241 4033 1487 4090 Graecum
1533 4043 1741 4089 textum
1782 4051 1917 4090 nan-

344 4133 500 4194 cisci,
538 4147 676 4201 quas
724 4129 826 4186 sub
872 4128 1037 4183 finem
1069 4128 1295 4182 secundi
1328 4128 1458 4181 tomi
1485 4125 1678 4181 Latine
1703 4135 1914 4181 tantum

344 4218 657 4284 edidimus;
699 4217 791 4271 sed
841 4230 1019 4285 neque
1058 4223 1200 4269 totos
1243 4228 1425 4268 contra
1466 4214 1777 4269 Eunominm
1824 4216 1917 4269 ΧΙΙ

346 4311 517 4364 libros
562 4308 999 4378 suppeditamus,
1040 4319 1166 4359 cum
1215 4314 1275 4360 ut
1312 4322 1377 4360 ex
1416 4308 1623 4376 synodo
1655 4306 1720 4361 Vl
1768 4322 1919 4361 (ncu-

344 4402 558 4456 menica
592 4408 824 4465 constat,
862 4398 1139 4454 secundus
1162 4413 1424 4453 numerus
1451 4399 1606 4466 sitis,
1637 4401 1728 4469 qui
1758 4402 1917 4469 primi

284 4526 285 4531 η
345 4495 528 4548 locum
576 4494 813 4548 editione
864 4502 1056 4548 nostra
1093 4491 1323 4555 obtinet,
1359 4507 1649 4562 expressos
1681 4510 1747 4547 ex
1798 4510 1919 4563 apo-

2001 2035 2085 2081 τις
2109 2018 2449 2090 ἀναστρέψας
2468 2018 2611 2071 εἴποι
2644 2019 2676 2089 ἢ
2697 2018 2900 2091 ταύτην
2928 2018 3250 2092 προαιώνιον
3287 2013 3443 2084 εἶναι,
3471 2019 3505 2089 ἢ
3529 2021 3586 2071 ἐν

2002 2114 2114 2173 τοῖς
2166 2112 2414 2181 ἐσχάτοις
2459 2111 2785 2182 γεγενῆσθαι
2836 2112 2928 2165 τὸν
2956 2113 3148 2179 Λόγον.
3214 2111 3439 2165 Verbum
3471 2116 3590 2165 erat

2005 2211 2126 2254 ante
2154 2201 2371 2266 swcula,
2417 2218 2541 2256 caro
2572 2210 2748 2256 autem
2778 2205 3025 2256 extremis
3061 2203 3381 2271 temporibus
3440 2202 3589 2269 facta

2003 2301 2097 2353 est,
2124 2307 2214 2344 nec
2246 2302 2550 2345 convertens
2592 2301 2779 2346 contra
2818 2292 3081 2360 quispiam
3120 2293 3316 2345 dixerit
3346 2292 3426 2345 vel
3468 2309 3589 2347 eam

2003 2399 2114 2436 esse
2141 2392 2262 2436 ante
2299 2383 2521 2446 saecula,
2560 2383 2636 2439 vel
2676 2384 2731 2436 in
2774 2384 2980 2437 ultimis
3018 2384 3338 2453 temporibus
3383 2385 3587 2453 factum

2004 2488 2115 2526 esse
2151 2471 2395 2525 Verbum.
2428 2472 2541 2527 Hoc
2560 2473 2934 2528 testimonium
2963 2475 3132 2529 hahes
3166 2490 3219 2544 p.
3259 2476 3351 2529 161
3420 2476 3586 2544 hujus

2005 2564 2137 2619 edit.
2168 2564 2380 2618 Gitatur
2414 2565 2556 2619 idem
2586 2563 2739 2620 loeus
2782 2571 2837 2618 et
2882 2565 2937 2617 in
2982 2565 3190 2635 synodo
3224 2564 3290 2618 Vl
3321 2565 3590 2621 (Boume-

2007 2656 2150 2717 nica,
2177 2656 2390 2710 actione
2416 2657 2502 2722 10,
2528 2671 2647 2727 pag.
2673 2655 2796 2720 126,
2818 2655 3057 2711 editione
3084 2658 3345 2712 Romana.
3371 2658 3467 2708 Ἐκ
3491 2655 3586 2709 τοῦ

2007 2749 2147 2802 κατὰ
2178 2749 2443 2819 Εὑνομίου
2484 2750 2651 2819 τόμου
2688 2748 2970 2819 πέμπτου,
2999 2742 3059 2802 οὗ
3083 2751 3117 2820 ἡ
3163 2750 3327 2820 ἀρχὴ,
3368 2752 3503 2820 Περὶ
3530 2750 3590 2803 δὲ

2006 2841 2106 2911 τῆς
2137 2842 2343 2913 Πέτρου
2386 2841 2480 2893 τοῦ
2525 2842 2821 2895 ἀποστόλου
2858 2842 3061 2911 φωνῆς.
3113 2840 3197 2893 Ea:
3234 2842 3416 2911 quinto
3446 2850 3588 2895 tomo

2009 2944 2191 2985 contra
2246 2931 2588 2999 Eunomium,
2637 2934 2789 3001 cujus
2836 2934 3065 2998 initium,
3119 2931 3196 2986 De
3246 2949 3364 2986 voce
3410 2934 3591 3002 itaque

2011 3022 2070 3079 8.
2112 3027 2259 3082 Petri
2317 3024 2575 3092 Apostoli.
2640 3024 2794 3079 Unde
2856 3024 3164 3092 colligimus
3224 3024 3416 3081 deesse
3461 3025 3590 3078 huic

2010 3122 2210 3169 nostra:
2236 3114 2461 3167 editioni
2503 3113 2699 3166 librum
2738 3114 3072 3183 primum,et
3097 3115 3399 3169 orationem
3422 3129 3590 3184 quar-

2011 3210 2122 3255 tam
2154 3202 2272 3271 ejus
2313 3202 2366 3256 in
2402 3202 2613 3279 synodo
2665 3203 2770 3257 dici
2800 3212 2854 3258 et
2905 3219 3029 3259 vere
3058 3219 3181 3261 esse
3228 3206 3495 3274 quintam.
3530 3205 3588 3258 lu

2013 3291 2274 3364 Catologo
2302 3298 2462 3347 etiam
2506 3294 2769 3351 librorum
2816 3293 3155 3349 bibliothecae
3182 3293 3459 3349 Vaticana:
3488 3313 3590 3349 nu-

2010 3398 2161 3437 mero
2187 3382 2311 3450 424,
2345 3384 2558 3437 initium
2585 3385 2892 3456 assignatur
2912 3386 3053 3442 istud
3076 3388 3167 3442 lib.
3198 3403 3214 3441 ι
3268 3398 3449 3442 contra
3480 3389 3589 3441 lc‘u-

2011 3476 2265 3541 nomium,
2322 3477 2435 3529 Οὺκ
2486 3472 2553 3547 ἦν
2606 3476 2681 3538 ὡς
2742 3475 2885 3530 ἔοικε
2934 3476 3012 3546 τῷ
3066 3478 3244 3531 πάντα
3302 3494 3361 3529 σε
3415 3477 3589 3530 Θέλειν

2012 3569 2339 3639 εὐεργετεῖνο
2363 3568 2588 3623 secundi
2619 3577 2797 3623 autem
2832 3568 2998 3635 istud,
3033 3569 3095 3621 'H
3120 3568 3226 3621 τῶν
3251 3570 3589 3640 Χριστιανῶν

2013 3660 2194 3722 πίστις
2220 3661 2299 3722 είς
2348 3660 2525 3713 πάντα
2581 3659 2742 3730 ἔθνη·
2779 3660 2925 3735 quod
2977 3669 3061 3715 est
3104 3662 3369 3714 orationis
3399 3660 3590 3731 prima:

2013 3749 2177 3818 hujus
2207 3750 2465 3804 editionis
2515 3749 2751 3803 initium.
2788 3748 3035 3805 Tertium
3072 3751 3441 3805 testimonium
3464 3767 3588 3819 pro-

2015 3842 2119 3897 fert
2150 3841 2525 3897 Theodoretus
2554 3826 2608 3896 in
2638 3842 2828 3898 eodem
2862 3842 3088 3912 Dialogo
3116 3843 3167 3895 1.
3201 3842 3293 3897 I'ol.
3325 3843 3447 3904 4‘25,
3478 3844 3591 3895 υὺκ

2016 3935 2079 3987 ἐκ
2111 3934 2205 3987 τοῦ
2229 3936 2373 3987 Θεὶου
2402 3952 2460 3987 τε
2486 3936 2581 3988 καὶ
2613 3936 2890 4006 ἀκηράτου
2921 3935 3067 3987 ἐστὶν
3093 3937 3126 4005 ἡ
3156 3934 3251 3987 τοῦ
3284 3934 3464 3987 ἔκτισέ
3523 3952 3590 4004 με

2016 4026 2187 4096 φωνὴ,
2226 4025 2363 4078 ἀλλά
2393 4024 2573 4088 καθὼς
2605 4025 2817 4097 εἴρηται
2849 4028 2913 4078 ὲκ
2929 4024 3021 4078 τοῦ
3046 4024 3445 4095 ἀναληφθέντος
3470 4025 3591 4077 κατ’

2017 4118 2343 4188 οἰκονομίαν.
2372 4116 2495 4170 Νοη
2519 4119 2581 4170 de
2608 4116 2804 4181 divino,
2839 4128 2888 4171 et
2918 4116 2980 4169 ab
3014 4117 3156 4170 omni
3181 4118 3512 4183 corruptione
3543 4126 3593 4170 et

2018 4211 2234 4265 interitu
2256 4211 2428 4264 alieno
2456 4220 2533 4264 est
2556 4209 2665 4264 haec
2696 4226 2815 4273 nam,
2850 4229 2868 4259 ι
2903 4209 3113 4264 Creavit
3138 4225 3257 4263 me:
3290 4228 3306 4259 ο
3339 4209 3428 4262 sed
3457 4210 3593 4261 sicut

2019 4304 2218 4357 dictum
2252 4311 2349 4364 est,
2371 4302 2433 4355 de
2469 4318 2528 4355 eo
2553 4302 2690 4371 quod
2734 4317 2825 4369 per
2878 4302 3111 4355 divinum
3153 4301 3593 4368 dispensationem

2021 4405 2346 4464 assumptum
2367 4403 2465 4449 est.
2495 4393 2639 4450 Idem
2675 4395 2965 4449 exhibetur
2994 4393 3188 4447 iisdem
3222 4392 3382 4462 plano
3410 4391 3593 4455 verbis

2022 4505 2077 4560 p.
2107 4488 2173 4543 79
2216 4488 2380 4556 hujus
2422 4485 2708 4552 editionis,
2755 4486 2866 4540 nisi
2915 4485 3060 4555 quod
3100 4499 3199 4554 pro
3252 4483 3594 4554 ἀναληφθέν-

344 4586 555 4657 grapho
573 4584 638 4640 γ.
662 4584 724 4641 C.
764 4585 959 4641 Franc.
991 4586 1209 4652 Pithmi,
1244 4599 1354 4656 quo
1389 4594 1444 4641 et
1484 4586 1755 4654 interpres
1786 4585 1910 4640 dum

2020 4596 2111 4643 τος
2164 4580 2360 4648 legitur
2419 4580 2530 4634 illic
2586 4579 3002 4647 ἀνακραθέντος.
3063 4576 3330 4643 Quartum
3388 4576 3596 4647 profert

342 4680 553 4732 viveret
606 4693 810 4749 eosque
858 4678 1049 4734 Latine
1110 4686 1471 4743 converteret,
1528 4693 1663 4733 usus
1720 4676 1917 4731 fuerat.

342 4769 479 4823 Nam
510 4776 571 4823 ut
593 4784 660 4824 ex
684 4769 941 4840 Catalogo
971 4770 1240 4824 librorum
1271 4769 1620 4825 bibliothecae
1644 4768 1920 4826 Vaticanae

344 4868 585 4923 constat,
616 4874 647 4912 a
675 4859 899 4914 librario
929 4860 985 4914 in
1027 4859 1166 4914 duas
1205 4867 1388 4929 partes
1412 4859 1625 4914 divisus
1661 4858 1763 4913 fuit
1784 4860 1920 4914 liber

343 4970 446 5019 xu,
478 4953 635 5021 cujus
673 4952 825 5021 prior
870 4968 997 5022 pars
1054 4952 1401 5007 undecimum
1441 4951 1661 5007 conﬁcit
1716 4952 1917 5006 librum

343 5047 509 5115 hujus
533 5047 811 5113 editionis,
844 5046 947 5100 hoc
969 5046 1126 5100 initio
1160 5047 1495 5112 inchoatum,
1533 5046 1646 5098 ἀλλ’
1692 5046 1919 5116 εἴδωμεν

341 5140 437 5193 καὶ
466 5138 527 5192 τὸ
560 5141 623 5191 ὲκ
654 5138 747 5193 τοῦ
776 5139 1090 5203 ἀκολούθου,
1124 5141 1269 5210 quod
1334 5141 1550 5195 initium
1584 5140 1674 5194 ille
1709 5140 1919 5193 catalo-

342 5246 444 5301 gus
499 5230 641 5284 libro
684 5246 759 5284 xu
805 5231 1025 5305 tribuit._
1067 5230 1319 5300 Itemque
1363 5230 1604 5301 synodus
1657 5239 1809 5286 sexta
1838 5245 1921 5283 ac-

345 5324 494 5376 tione
524 5322 615 5384 10,
640 5338 766 5392 pag.
799 5322 903 5376 127
956 5323 1214 5379 editionis
1252 5322 1547 5380 Vaticanus.

416 5413 760 5468 Exhibentur
788 5414 970 5485 itaque
1000 5431 1147 5469 nunc
1193 5416 1293 5470 tibi
1325 5415 1381 5469 S.
1414 5415 1660 5486 Gregorii
1689 5414 1919 5487 Nysseni

346 5516 533 5559 contra
563 5504 904 5573 Eunomium,
945 5523 1085 5577 quos
1109 5509 1167 5561 S.
1199 5509 1557 5579 Hieronymus
1587 5508 1642 5562 in
1668 5509 1920 5579 Catalogo

348 5597 683 5667 Scriptorum
716 5600 1186 5653 ecclesiasticarum
1220 5601 1323 5655 sibi
1371 5608 1423 5654 et
1468 5599 1627 5670 Greg.
1661 5600 1915 5656 Nazianz.

348 5692 521 5745 lectos
548 5689 617 5743 ab
646 5699 867 5745 auctore
925 5692 1186 5758 allirmat;
1224 5701 1277 5747 et
1316 5708 1384 5746 ne
1418 5692 1636 5747 dubites
1699 5710 1828 5747 num
1865 5695 1918 5748 hi

346 5783 458 5838 sint
487 5781 565 5835 illi
592 5782 697 5849 ipsi
728 5797 866 5851 quos
896 5797 925 5836 a
952 5797 1011 5837 se
1040 5787 1274 5853 scriptos
1301 5785 1573 5854 evnlgavit
1606 5783 1891 5840 Theodore

349 5880 463 5937 tus,
496 5872 589 5943 qui
629 5873 838 5947 synodo
873 5874 1157 5944 Ephesinae
1199 5890 1342 5933 anno
1382 5875 1582 5933 Christi
1620 5876 1725 5930 450
1762 5878 1921 5933 inter-

2022 4672 2163 4725 idem
2215 4670 2589 4727 Theodoretus
2652 4671 2877 4741 Dialogo
2926 4672 2984 4738 2,
3049 4672 3143 4725 ubi
3210 4672 3278 4726 de
3336 4672 3596 4740 passione

2021 4762 2223 4818 Christi
2251 4762 2492 4831 disputat
2517 4779 2585 4820 ex
2616 4763 2806 4817 eodem
2832 4777 2997 4833 opere
3032 4770 3218 4816 contra
3270 4760 3593 4824 Eunomium

2026 4857 2117 4910 fol.
2146 4856 2269 4909 N7.
2310 4855 2373 4907 El
2394 4854 2451 4908 δὲ
2484 4856 2512 4907 ὁ
2542 4854 2639 4925 μὲν
2672 4856 2736 4907 ἐκ
2767 4856 2865 4925 τῆς
2888 4854 3106 4925 Μαρίας
3134 4854 3383 4922 ἀδελφοῖς
3411 4854 3595 4908 διαλέ-

2024 4965 2198 5018 γεται,
2232 4949 2260 5003 ὁ
2304 4947 2360 5000 δὲ
2394 4948 2683 5018 μονογενὴς
2733 4947 2991 5017 ἀδελφοὺς
3021 4948 3120 5000 οὐκ
3162 4946 3273 5018 ἔχει
3297 4962 3311 4976 ·
3346 4948 3462 5011 πῶς
3486 4948 3596 5019 γὰρ

2023 5043 2081 5093 ὲν
2128 5040 2374 5109 ἀδελφοῖς
2405 5040 2464 5093 τὸ
2512 5040 2797 5109 μονογενὲς
2846 5039 3170 5105 διεσώζετο;
3213 5042 3308 5094 καὶ
3347 5043 3376 5094 ὁ
3401 5039 3592 5094 εἰπών·

2027 5154 2045 5185 ‹
2073 5133 2295 5204 Πνεῦμα
2319 5136 2347 5186 ὁ
2380 5133 2530 5197 Θεὸς,
2568 5152 2588 5186 ι
2624 5135 2755 5204 φησὶ
2788 5134 2923 5204 πρὸς
2955 5135 3079 5197 τοὺς
3108 5134 3602 5207 μαθητὰςὰαὑτὸς.

2026 5245 2045 5277 ι
2076 5227 2444 5299 Ψηλαφήσατέ
2478 5245 2565 5298 με.
2606 5248 2623 5279 ι
2652 5226 2710 5281 Si
2759 5237 2933 5283 autem
2975 5228 3064 5294 qui
3095 5242 3159 5281 ea:
3206 5227 3388 5281 Maria
3438 5236 3595 5280 natus

2020 5328 2117 5385 est,
2150 5336 2266 5373 cum
2299 5320 2554 5388 fratribus
2580 5319 2825 5383 disserit;
2858 5319 3156 5387 unigenilus
3188 5328 3365 5381 autem
3400 5317 3595 5384 fratres

2022 5430 2124 5467 non
2151 5412 2301 5466 habet
2333 5427 2351 5464 :
2381 5410 2637 5482 quomodo
2678 5412 2815 5475 enim
2858 5412 2993 5466 inter
3022 5411 3217 5479 fratres
3257 5424 3584 5462 conservare.

2024 5517 2108 5560 tur
2148 5523 2258 5561 esse
2290 5507 2607 5575 unigenitum
2630 5507 2655 5559 ζ)
2696 5502 2762 5556 Et
2810 5505 2911 5573 qui,
2941 5504 3099 5567 dixit,
3138 5522 3157 5555 ι
3190 5503 3424 5570 Spiritus
3453 5501 3595 5556 Deus

2019 5611 2124 5664 est,
2162 5621 2180 5653 ι
2230 5601 2369 5653 idem
2413 5600 2541 5651 dicit
2586 5598 2859 5665 discipulis
2910 5616 2927 5647 ε
2985 5596 3212 5667 Palpate
3263 5611 3363 5649 me.
3409 5613 3429 5647 ι
3469 5592 3598 5650 Haec

2020 5705 2200 5748 autem
2245 5707 2445 5746 excusa
2498 5692 2736 5760 reperies
2788 5708 2908 5762 pag.
2954 5690 3053 5743 981
3103 5689 3267 5757 hujus
3315 5686 3592 5741 editionis.

2097 5786 2359 5852 Quintum
2406 5784 2463 5837 in
2510 5782 2725 5852 dialogo
2754 5783 2787 5837 5
2826 5782 3097 5852 reperitur
3149 5780 3245 5835 fol.
3290 5777 3413 5834 i29.
3472 5780 3595 5832 0'31-

2024 5878 2275 5944 ζωοποιεί
2336 5875 2425 5927 τὸν
2493 5872 2742 5949 Λάζαρον
2790 5876 2824 5944 ἡ
2857 5872 3170 5947 ἀνθρωπίνη
3234 5870 3415 5949 ιρύσις,
3467 5870 3597 5931 οΰτε
