  <div class='ocr_page' id='page_1' title='image "/cluster/home/n/w/nwhite01/storage/ocr_20150623/44/hvd.32044012542270/037.png"; bbox 0 0 4054 6474; ppageno 0'>
   <div class='ocr_carea' id='block_1_1' title="bbox 562 347 2116 422">
    <p class='ocr_par' dir='ltr' id='par_1_1' title="bbox 562 347 2116 418">
     <span class='ocr_line' id='line_1_1' title="bbox 562 347 2116 418; baseline 0.002 -5"><span class='ocrx_word' id='word_1_1' title='bbox 562 347 634 413; x_wconf 64' lang='grc'><strong><em>8⁸5</em></strong></span> <span class='ocrx_word' id='word_1_2' title='bbox 1721 359 1777 415; x_wconf 91' lang='lat' dir='ltr'><strong><em>S.</em></strong></span> <span class='ocrx_word' id='word_1_3' title='bbox 1817 354 2116 418; x_wconf 76' lang='lat' dir='ltr'><strong><em>GREGORI</em></strong></span> 
     </span>
    </p>
   </div>
   <div class='ocr_carea' id='block_1_2' title="bbox 2215 347 3791 422">
    <p class='ocr_par' dir='ltr' id='par_1_2' title="bbox 2248 355 3791 422">
     <span class='ocr_line' id='line_1_2' title="bbox 2248 355 3791 422; baseline 0.012 -6"><span class='ocrx_word' id='word_1_4' title='bbox 2248 355 2620 420; x_wconf 72' lang='lat' dir='ltr'><strong><em>uvsseuus.</em></strong></span> <span class='ocrx_word' id='word_1_5' title='bbox 3720 358 3791 422; x_wconf 71' lang='lat'><strong><em>56</em></strong></span> 
     </span>
    </p>
   </div>
   <div class='ocr_carea' id='block_1_3' title="bbox 555 464 2116 547">
    <p class='ocr_par' dir='ltr' id='par_1_3' title="bbox 555 464 2116 544">
     <span class='ocr_line' id='line_1_3' title="bbox 555 464 2116 544; baseline 0.002 -18"><span class='ocrx_word' id='word_1_6' title='bbox 555 473 776 544; x_wconf 69' lang='lat' dir='ltr'><strong><em>acup-Sat</em></strong></span> <span class='ocrx_word' id='word_1_7' title='bbox 835 472 926 525; x_wconf 80' lang='grc' dir='ltr'><strong><em>τὸν</em></strong></span> <span class='ocrx_word' id='word_1_8' title='bbox 955 464 1205 542; x_wconf 80' lang='grc' dir='ltr'>κείμενον</span> <span class='ocrx_word' id='word_1_9' title='bbox 1232 471 1266 542; x_wconf 82' lang='grc' dir='ltr'><strong>ἡ</strong></span> <span class='ocrx_word' id='word_1_10' title='bbox 1315 470 1548 540; x_wconf 81' lang='grc' dir='ltr'><strong><em>ἀπαθὴς·</em></strong></span> <span class='ocrx_word' id='word_1_11' title='bbox 1576 471 1819 537; x_wconf 74' lang='grc' dir='ltr'><strong><em>ἐξουσία⁹</em></strong></span> <span class='ocrx_word' id='word_1_12' title='bbox 1844 475 1955 528; x_wconf 81' lang='grc' dir='ltr'>ἀλλ’</span> <span class='ocrx_word' id='word_1_13' title='bbox 1987 476 2116 531; x_wconf 74' lang='grc' dir='ltr'>ἴδιον</span> 
     </span>
    </p>
   </div>
   <div class='ocr_carea' id='block_1_4' title="bbox 2215 464 3791 547">
    <p class='ocr_par' dir='ltr' id='par_1_4' title="bbox 2220 471 3791 547">
     <span class='ocr_line' id='line_1_4' title="bbox 2220 471 3791 547; baseline 0.004 -16"><span class='ocrx_word' id='word_1_14' title='bbox 2220 477 2515 532; x_wconf 79' lang='lat' dir='ltr'><strong><em>secundum</em></strong></span> <span class='ocrx_word' id='word_1_15' title='bbox 2543 490 2668 534; x_wconf 86' lang='lat' dir='ltr'><strong><em>esse</em></strong></span> <span class='ocrx_word' id='word_1_16' title='bbox 2699 473 3094 532; x_wconf 88' lang='lat' dir='ltr'><strong><em>numerandum</em></strong></span> <span class='ocrx_word' id='word_1_17' title='bbox 3122 491 3174 547; x_wconf 92' lang='lat' dir='ltr'><strong><em>p.</em></strong></span> <span class='ocrx_word' id='word_1_18' title='bbox 3205 471 3290 531; x_wconf 77' lang='lat'><strong><em>56.</em></strong></span> <span class='ocrx_word' id='word_1_19' title='bbox 3317 474 3590 544; x_wconf 82' lang='lat' dir='ltr'><strong><em>Quomodo</em></strong></span> <span class='ocrx_word' id='word_1_20' title='bbox 3609 481 3791 538; x_wconf 72' lang='lat' dir='ltr'><strong><em>Domi.-</em></strong></span> 
     </span>
    </p>
   </div>
   <div class='ocr_carea' id='block_1_5' title="bbox 555 560 2116 638">
    <p class='ocr_par' dir='ltr' id='par_1_5' title="bbox 555 560 2116 638">
     <span class='ocr_line' id='line_1_5' title="bbox 555 560 2116 638; baseline 0.003 -21"><span class='ocrx_word' id='word_1_21' title='bbox 555 562 650 618; x_wconf 78' lang='grc' dir='ltr'><strong><em>τοῦ</em></strong></span> <span class='ocrx_word' id='word_1_22' title='bbox 691 563 786 635; x_wconf 78' lang='grc' dir='ltr'>μὲν</span> <span class='ocrx_word' id='word_1_23' title='bbox 812 560 1100 634; x_wconf 80' lang='grc' dir='ltr'><strong><em>ἀνθρώπου</em></strong></span> <span class='ocrx_word' id='word_1_24' title='bbox 1131 560 1192 614; x_wconf 75' lang='grc' dir='ltr'><strong><em>τὸ</em></strong></span> <span class='ocrx_word' id='word_1_25' title='bbox 1219 561 1469 632; x_wconf 81' lang='grc' dir='ltr'>δάκρυον,</span> <span class='ocrx_word' id='word_1_26' title='bbox 1501 561 1597 632; x_wconf 83' lang='grc' dir='ltr'><strong><em>τῆς</em></strong></span> <span class='ocrx_word' id='word_1_27' title='bbox 1625 561 1680 616; x_wconf 83' lang='grc' dir='ltr'>δὲ</span> <span class='ocrx_word' id='word_1_28' title='bbox 1719 564 1862 636; x_wconf 80' lang='grc' dir='ltr'>ζωῆς</span> <span class='ocrx_word' id='word_1_29' title='bbox 1892 565 1960 620; x_wconf 81' lang='grc' dir='ltr'><strong><em>τὰ</em></strong></span> <span class='ocrx_word' id='word_1_30' title='bbox 2019 568 2116 638; x_wconf 83' lang='grc' dir='ltr'><strong><em>τῆς</em></strong></span> 
     </span>
    </p>
   </div>
   <div class='ocr_carea' id='block_1_6' title="bbox 553 650 2119 724">
    <p class='ocr_par' dir='ltr' id='par_1_6' title="bbox 553 650 2119 724">
     <span class='ocr_line' id='line_1_6' title="bbox 553 650 2119 724; baseline 0.001 -16"><span class='ocrx_word' id='word_1_31' title='bbox 553 653 720 717; x_wconf 70' lang='grc' dir='ltr'>ὅντως</span> <span class='ocrx_word' id='word_1_32' title='bbox 751 653 915 724; x_wconf 75' lang='grc' dir='ltr'>ζωῆς.</span> <span class='ocrx_word' id='word_1_33' title='bbox 952 650 1130 722; x_wconf 84' lang='lat' dir='ltr'><strong><em>Neque</em></strong></span> <span class='ocrx_word' id='word_1_34' title='bbox 1159 651 1392 706; x_wconf 80' lang='lat' dir='ltr'><strong><em>humana</em></strong></span> <span class='ocrx_word' id='word_1_35' title='bbox 1423 661 1619 707; x_wconf 89' lang='lat' dir='ltr'><strong><em>natura</em></strong></span> <span class='ocrx_word' id='word_1_36' title='bbox 1663 652 1930 708; x_wconf 80' lang='lat' dir='ltr'><strong><em>Lazarum</em></strong></span> <span class='ocrx_word' id='word_1_37' title='bbox 1988 657 2119 712; x_wconf 81' lang='lat' dir='ltr'><strong><em>vivi-</em></strong></span> 
     </span>
    </p>
   </div>
   <div class='ocr_carea' id='block_1_7' title="bbox 553 744 2116 815">
    <p class='ocr_par' dir='ltr' id='par_1_7' title="bbox 553 744 2116 815">
     <span class='ocr_line' id='line_1_7' title="bbox 553 744 2116 815; baseline 0.003 -17"><span class='ocrx_word' id='word_1_38' title='bbox 553 745 700 815; x_wconf 84' lang='lat' dir='ltr'><strong><em>ﬁcat,</em></strong></span> <span class='ocrx_word' id='word_1_39' title='bbox 746 760 836 800; x_wconf 84' lang='lat' dir='ltr'><strong><em>nec</em></strong></span> <span class='ocrx_word' id='word_1_40' title='bbox 868 744 1021 812; x_wconf 80' lang='lat' dir='ltr'><strong><em>deﬂet</em></strong></span> <span class='ocrx_word' id='word_1_41' title='bbox 1051 745 1314 812; x_wconf 84' lang='lat' dir='ltr'><strong><em>jacentem</em></strong></span> <span class='ocrx_word' id='word_1_42' title='bbox 1363 744 1671 812; x_wconf 74' lang='lat' dir='ltr'><strong><em>impetibili:</em></strong></span> <span class='ocrx_word' id='word_1_43' title='bbox 1698 748 1930 814; x_wconf 85' lang='lat' dir='ltr'><strong><em>potentia</em></strong></span> <span class='ocrx_word' id='word_1_44' title='bbox 1958 763 1978 803; x_wconf 90' lang='lat'><strong><em>:</em></strong></span> <span class='ocrx_word' id='word_1_45' title='bbox 2025 749 2116 804; x_wconf 77' lang='lat' dir='ltr'><strong><em>sed</em></strong></span> 
     </span>
    </p>
   </div>
   <div class='ocr_carea' id='block_1_8' title="bbox 555 833 2116 908">
    <p class='ocr_par' dir='ltr' id='par_1_8' title="bbox 555 833 2116 908">
     <span class='ocr_line' id='line_1_8' title="bbox 555 833 2116 908; baseline 0.003 -20"><span class='ocrx_word' id='word_1_46' title='bbox 555 836 793 905; x_wconf 82' lang='lat' dir='ltr'><strong><em>lacryma</em></strong></span> <span class='ocrx_word' id='word_1_47' title='bbox 823 843 900 888; x_wconf 88' lang='lat' dir='ltr'><strong><em>est</em></strong></span> <span class='ocrx_word' id='word_1_48' title='bbox 931 833 1154 888; x_wconf 80' lang='lat' dir='ltr'><strong><em>hominis</em></strong></span> <span class='ocrx_word' id='word_1_49' title='bbox 1176 834 1412 904; x_wconf 84' lang='lat' dir='ltr'><strong><em>propria,</em></strong></span> <span class='ocrx_word' id='word_1_50' title='bbox 1438 834 1556 889; x_wconf 75' lang='lat' dir='ltr'><strong><em>vita:</em></strong></span> <span class='ocrx_word' id='word_1_51' title='bbox 1577 845 1755 890; x_wconf 89' lang='lat' dir='ltr'><strong><em>autem</em></strong></span> <span class='ocrx_word' id='word_1_52' title='bbox 1777 853 1840 892; x_wconf 89' lang='lat' dir='ltr'><strong><em>ea</em></strong></span> <span class='ocrx_word' id='word_1_53' title='bbox 1865 853 1980 908; x_wconf 70' lang='lat' dir='ltr'><strong><em>quas</em></strong></span> <span class='ocrx_word' id='word_1_54' title='bbox 2003 854 2116 894; x_wconf 83' lang='lat' dir='ltr'><strong><em>vere</em></strong></span> 
     </span>
    </p>
   </div>
   <div class='ocr_carea' id='block_1_9' title="bbox 551 925 2117 988">
    <p class='ocr_par' dir='ltr' id='par_1_9' title="bbox 551 925 2117 988">
     <span class='ocr_line' id='line_1_9' title="bbox 551 925 2117 988; baseline 0.004 -8"><span class='ocrx_word' id='word_1_55' title='bbox 551 929 673 980; x_wconf 76' lang='lat' dir='ltr'><strong><em>vita:</em></strong></span> <span class='ocrx_word' id='word_1_56' title='bbox 706 925 969 982; x_wconf 85' lang='lat' dir='ltr'><strong><em>sunt.Sed</em></strong></span> <span class='ocrx_word' id='word_1_57' title='bbox 1001 927 1377 982; x_wconf 85' lang='lat' dir='ltr'><strong><em>emendandus</em></strong></span> <span class='ocrx_word' id='word_1_58' title='bbox 1407 934 1491 983; x_wconf 91' lang='lat' dir='ltr'><strong><em>est</em></strong></span> <span class='ocrx_word' id='word_1_59' title='bbox 1514 927 1602 982; x_wconf 91' lang='lat' dir='ltr'><strong><em>hic</em></strong></span> <span class='ocrx_word' id='word_1_60' title='bbox 1631 929 1786 984; x_wconf 85' lang='lat' dir='ltr'><strong><em>locus</em></strong></span> <span class='ocrx_word' id='word_1_61' title='bbox 1805 943 1872 985; x_wconf 78' lang='lat' dir='ltr'><strong><em>ex</em></strong></span> <span class='ocrx_word' id='word_1_62' title='bbox 1902 931 2117 988; x_wconf 79' lang='lat' dir='ltr'><strong><em>actione</em></strong></span> 
     </span>
    </p>
   </div>
   <div class='ocr_carea' id='block_1_10' title="bbox 548 1011 2114 1090">
    <p class='ocr_par' dir='ltr' id='par_1_10' title="bbox 548 1011 2114 1090">
     <span class='ocr_line' id='line_1_10' title="bbox 548 1011 2114 1090; baseline 0.004 -19"><span class='ocrx_word' id='word_1_63' title='bbox 548 1017 598 1071; x_wconf 81' lang='grc' dir='ltr'><strong>Χ</strong></span> <span class='ocrx_word' id='word_1_64' title='bbox 629 1017 832 1090; x_wconf 84' lang='lat' dir='ltr'><strong><em>Synodi</em></strong></span> <span class='ocrx_word' id='word_1_65' title='bbox 872 1026 1040 1074; x_wconf 65' lang='lat' dir='ltr'><strong><em>sexta:</em></strong></span> <span class='ocrx_word' id='word_1_66' title='bbox 1067 1011 1468 1084; x_wconf 68' lang='lat' dir='ltr'><strong><em>(Ecumenicae,</em></strong></span> <span class='ocrx_word' id='word_1_67' title='bbox 1505 1019 1598 1075; x_wconf 87' lang='lat' dir='ltr'><strong><em>ubi</em></strong></span> <span class='ocrx_word' id='word_1_68' title='bbox 1626 1021 1830 1076; x_wconf 90' lang='lat' dir='ltr'><strong><em>citatur</em></strong></span> <span class='ocrx_word' id='word_1_69' title='bbox 1859 1037 1926 1080; x_wconf 81' lang='lat' dir='ltr'><strong><em>ex</em></strong></span> <span class='ocrx_word' id='word_1_70' title='bbox 1963 1025 2056 1081; x_wconf 86' lang='lat' dir='ltr'><strong><em>lib.</em></strong></span> <span class='ocrx_word' id='word_1_71' title='bbox 2079 1037 2114 1077; x_wconf 88' lang='lat' dir='ltr'><strong><em>v</em></strong></span> 
     </span>
    </p>
   </div>
   <div class='ocr_carea' id='block_1_11' title="bbox 549 1109 2116 1184">
    <p class='ocr_par' dir='ltr' id='par_1_11' title="bbox 549 1109 2116 1184">
     <span class='ocr_line' id='line_1_11' title="bbox 549 1109 2116 1184; baseline 0.003 -21"><span class='ocrx_word' id='word_1_72' title='bbox 549 1119 735 1164; x_wconf 86' lang='lat' dir='ltr'><strong><em>contra</em></strong></span> <span class='ocrx_word' id='word_1_73' title='bbox 762 1109 1083 1164; x_wconf 81' lang='lat' dir='ltr'><strong><em>Eunomium</em></strong></span> <span class='ocrx_word' id='word_1_74' title='bbox 1113 1125 1235 1183; x_wconf 89' lang='lat' dir='ltr'><strong><em>pag.</em></strong></span> <span class='ocrx_word' id='word_1_75' title='bbox 1265 1110 1366 1166; x_wconf 75' lang='grc'><strong><em>127</em></strong></span> <span class='ocrx_word' id='word_1_76' title='bbox 1397 1111 1654 1168; x_wconf 89' lang='lat' dir='ltr'><strong><em>editionis</em></strong></span> <span class='ocrx_word' id='word_1_77' title='bbox 1667 1110 1968 1177; x_wconf 64' lang='lat' dir='ltr'><strong><em>Vaticana,</em></strong></span> <span class='ocrx_word' id='word_1_78' title='bbox 1992 1114 2026 1184; x_wconf 79' lang='grc' dir='ltr'><strong>ἡ</strong></span> <span class='ocrx_word' id='word_1_79' title='bbox 2058 1113 2116 1167; x_wconf 81' lang='grc' dir='ltr'><strong><em>δὲ</em></strong></span> 
     </span>
    </p>
   </div>
   <div class='ocr_carea' id='block_1_12' title="bbox 549 1199 2116 1274">
    <p class='ocr_par' dir='ltr' id='par_1_12' title="bbox 549 1199 2116 1274">
     <span class='ocr_line' id='line_1_12' title="bbox 549 1199 2116 1274; baseline 0.001 -19"><span class='ocrx_word' id='word_1_80' title='bbox 549 1201 661 1274; x_wconf 83' lang='grc' dir='ltr'><strong><em>ζωὴ</em></strong></span> <span class='ocrx_word' id='word_1_81' title='bbox 687 1201 786 1272; x_wconf 84' lang='grc' dir='ltr'><strong><em>τῆς</em></strong></span> <span class='ocrx_word' id='word_1_82' title='bbox 810 1201 976 1266; x_wconf 77' lang='grc' dir='ltr'>ὅντως</span> <span class='ocrx_word' id='word_1_83' title='bbox 999 1199 1163 1273; x_wconf 76' lang='grc' dir='ltr'>ζωῆς,</span> <span class='ocrx_word' id='word_1_84' title='bbox 1199 1203 1308 1259; x_wconf 74' lang='lat' dir='ltr'><strong><em>vita</em></strong></span> <span class='ocrx_word' id='word_1_85' title='bbox 1337 1219 1454 1258; x_wconf 82' lang='lat' dir='ltr'><strong><em>vero</em></strong></span> <span class='ocrx_word' id='word_1_86' title='bbox 1471 1202 1583 1272; x_wconf 85' lang='lat' dir='ltr'><strong><em>ejus</em></strong></span> <span class='ocrx_word' id='word_1_87' title='bbox 1609 1203 1700 1274; x_wconf 89' lang='lat' dir='ltr'><strong><em>qui</em></strong></span> <span class='ocrx_word' id='word_1_88' title='bbox 1729 1217 1844 1258; x_wconf 80' lang='lat' dir='ltr'><strong><em>vere</em></strong></span> <span class='ocrx_word' id='word_1_89' title='bbox 1867 1203 1972 1258; x_wconf 81' lang='lat' dir='ltr'><strong><em>vita</em></strong></span> <span class='ocrx_word' id='word_1_90' title='bbox 1999 1213 2116 1258; x_wconf 84' lang='lat' dir='ltr'><strong><em>est:</em></strong></span> 
     </span>
    </p>
   </div>
   <div class='ocr_carea' id='block_1_13' title="bbox 547 1295 2115 1352">
    <p class='ocr_par' dir='ltr' id='par_1_13' title="bbox 547 1295 2115 1352">
     <span class='ocr_line' id='line_1_13' title="bbox 547 1295 2115 1352; baseline 0.001 -4"><span class='ocrx_word' id='word_1_91' title='bbox 547 1309 675 1348; x_wconf 83' lang='lat' dir='ltr'><strong><em>nam</em></strong></span> <span class='ocrx_word' id='word_1_92' title='bbox 708 1302 764 1348; x_wconf 91' lang='lat' dir='ltr'><strong><em>et</em></strong></span> <span class='ocrx_word' id='word_1_93' title='bbox 789 1303 861 1349; x_wconf 79' lang='lat' dir='ltr'><strong><em>ita</em></strong></span> <span class='ocrx_word' id='word_1_94' title='bbox 894 1300 1069 1350; x_wconf 90' lang='lat' dir='ltr'><strong><em>totum</em></strong></span> <span class='ocrx_word' id='word_1_95' title='bbox 1101 1295 1319 1352; x_wconf 82' lang='lat' dir='ltr'><strong><em>exhibet</em></strong></span> <span class='ocrx_word' id='word_1_96' title='bbox 1382 1296 1562 1351; x_wconf 88' lang='lat' dir='ltr'><strong><em>locum</em></strong></span> <span class='ocrx_word' id='word_1_97' title='bbox 1614 1295 1730 1351; x_wconf 61' lang='lat' dir='ltr'><strong><em>haec</em></strong></span> <span class='ocrx_word' id='word_1_98' title='bbox 1758 1295 1930 1351; x_wconf 92' lang='lat' dir='ltr'><strong><em>editio</em></strong></span> <span class='ocrx_word' id='word_1_99' title='bbox 1972 1302 2115 1350; x_wconf 89' lang='lat' dir='ltr'><strong><em>orat.</em></strong></span> 
     </span>
    </p>
   </div>
   <div class='ocr_carea' id='block_1_14' title="bbox 547 1381 2116 1458">
    <p class='ocr_par' dir='ltr' id='par_1_14' title="bbox 547 1381 2116 1458">
     <span class='ocr_line' id='line_1_14' title="bbox 547 1381 2116 1458; baseline 0.002 -21"><span class='ocrx_word' id='word_1_100' title='bbox 547 1381 600 1448; x_wconf 84' lang='grc'>4,</span> <span class='ocrx_word' id='word_1_101' title='bbox 631 1399 683 1453; x_wconf 87' lang='lat' dir='ltr'><strong><em>p.</em></strong></span> <span class='ocrx_word' id='word_1_102' title='bbox 721 1383 842 1438; x_wconf 86' lang='grc'><strong>161.</strong></span> <span class='ocrx_word' id='word_1_103' title='bbox 873 1382 1096 1438; x_wconf 81' lang='lat' dir='ltr'><strong><em>Sextum</em></strong></span> <span class='ocrx_word' id='word_1_104' title='bbox 1121 1385 1348 1439; x_wconf 90' lang='lat' dir='ltr'><strong><em>citatum</em></strong></span> <span class='ocrx_word' id='word_1_105' title='bbox 1376 1385 1546 1442; x_wconf 86' lang='lat' dir='ltr'><strong><em>habes</em></strong></span> <span class='ocrx_word' id='word_1_106' title='bbox 1574 1399 1604 1441; x_wconf 91' lang='lat' dir='ltr'><strong><em>a</em></strong></span> <span class='ocrx_word' id='word_1_107' title='bbox 1628 1385 1836 1458; x_wconf 93' lang='lat' dir='ltr'><strong><em>synodo</em></strong></span> <span class='ocrx_word' id='word_1_108' title='bbox 1866 1401 1918 1441; x_wconf 85' lang='lat' dir='ltr'><strong><em>vt</em></strong></span> <span class='ocrx_word' id='word_1_109' title='bbox 1965 1399 2116 1442; x_wconf 77' lang='lat' dir='ltr'><strong><em>mcu-</em></strong></span> 
     </span>
    </p>
   </div>
   <div class='ocr_carea' id='block_1_15' title="bbox 547 1475 2117 1548">
    <p class='ocr_par' dir='ltr' id='par_1_15' title="bbox 547 1475 2117 1548">
     <span class='ocr_line' id='line_1_15' title="bbox 547 1475 2117 1548; baseline 0.003 -22"><span class='ocrx_word' id='word_1_110' title='bbox 547 1477 780 1540; x_wconf 85' lang='lat' dir='ltr'><strong><em>menica,</em></strong></span> <span class='ocrx_word' id='word_1_111' title='bbox 803 1475 1019 1531; x_wconf 84' lang='lat' dir='ltr'><strong><em>actione</em></strong></span> <span class='ocrx_word' id='word_1_112' title='bbox 1036 1476 1090 1540; x_wconf 67' lang='lat'><strong><em>4,</em></strong></span> <span class='ocrx_word' id='word_1_113' title='bbox 1115 1489 1238 1548; x_wconf 91' lang='lat' dir='ltr'><strong><em>pag.</em></strong></span> <span class='ocrx_word' id='word_1_114' title='bbox 1266 1475 1336 1532; x_wconf 78' lang='lat'><strong><em>39</em></strong></span> <span class='ocrx_word' id='word_1_115' title='bbox 1384 1478 1516 1534; x_wconf 86' lang='lat' dir='ltr'><strong><em>edit.</em></strong></span> <span class='ocrx_word' id='word_1_116' title='bbox 1536 1475 1712 1533; x_wconf 80' lang='lat' dir='ltr'><strong><em>Vatic.</em></strong></span> <span class='ocrx_word' id='word_1_117' title='bbox 1751 1477 1846 1532; x_wconf 86' lang='grc' dir='ltr'><strong><em>Ἕκ</em></strong></span> <span class='ocrx_word' id='word_1_118' title='bbox 1875 1477 1969 1532; x_wconf 81' lang='grc' dir='ltr'><strong><em>τοῦ</em></strong></span> <span class='ocrx_word' id='word_1_119' title='bbox 1996 1477 2117 1530; x_wconf 85' lang='grc' dir='ltr'><strong><em>δευ-</em></strong></span> 
     </span>
    </p>
   </div>
   <div class='ocr_carea' id='block_1_16' title="bbox 546 1566 2118 1642">
    <p class='ocr_par' dir='ltr' id='par_1_16' title="bbox 546 1566 2118 1642">
     <span class='ocr_line' id='line_1_16' title="bbox 546 1566 2118 1642; baseline 0.003 -24"><span class='ocrx_word' id='word_1_120' title='bbox 546 1567 703 1637; x_wconf 80' lang='grc' dir='ltr'>τέρου</span> <span class='ocrx_word' id='word_1_121' title='bbox 737 1566 940 1637; x_wconf 75' lang='grc' dir='ltr'>βιϐλίου</span> <span class='ocrx_word' id='word_1_122' title='bbox 969 1566 1062 1622; x_wconf 78' lang='grc' dir='ltr'><strong><em>τοῦ</em></strong></span> <span class='ocrx_word' id='word_1_123' title='bbox 1095 1569 1231 1622; x_wconf 76' lang='grc' dir='ltr'>κατὰ</span> <span class='ocrx_word' id='word_1_124' title='bbox 1263 1569 1546 1639; x_wconf 77' lang='grc' dir='ltr'>Εὑνομῑου.</span> <span class='ocrx_word' id='word_1_125' title='bbox 1582 1568 1706 1633; x_wconf 85' lang='grc' dir='ltr'><strong><em>Πῶς</em></strong></span> <span class='ocrx_word' id='word_1_126' title='bbox 1735 1570 1764 1623; x_wconf 79' lang='grc' dir='ltr'><strong>ὁ</strong></span> <span class='ocrx_word' id='word_1_127' title='bbox 1791 1568 1995 1642; x_wconf 73' lang='grc' dir='ltr'>Κύριος</span> <span class='ocrx_word' id='word_1_128' title='bbox 2027 1568 2118 1623; x_wconf 77' lang='grc' dir='ltr'><strong><em>τὸν</em></strong></span> 
     </span>
    </p>
   </div>
   <div class='ocr_carea' id='block_1_17' title="bbox 2215 567 3790 640">
    <p class='ocr_par' dir='ltr' id='par_1_17' title="bbox 2215 567 3790 640">
     <span class='ocr_line' id='line_1_17' title="bbox 2215 567 3790 640; baseline 0.003 -18"><span class='ocrx_word' id='word_1_129' title='bbox 2215 585 2312 622; x_wconf 88' lang='lat' dir='ltr'><strong><em>nus</em></strong></span> <span class='ocrx_word' id='word_1_130' title='bbox 2329 584 2421 637; x_wconf 89' lang='lat' dir='ltr'><strong><em>per</em></strong></span> <span class='ocrx_word' id='word_1_131' title='bbox 2445 567 2646 624; x_wconf 76' lang='lat' dir='ltr'><strong><em>Christi</em></strong></span> <span class='ocrx_word' id='word_1_132' title='bbox 2675 567 3052 622; x_wconf 74' lang='lat' dir='ltr'><strong><em>humanitatem</em></strong></span> <span class='ocrx_word' id='word_1_133' title='bbox 3105 568 3357 622; x_wconf 82' lang='lat' dir='ltr'><strong><em>mundum</em></strong></span> <span class='ocrx_word' id='word_1_134' title='bbox 3407 568 3510 623; x_wconf 83' lang='lat' dir='ltr'><strong><em>sibi</em></strong></span> <span class='ocrx_word' id='word_1_135' title='bbox 3563 572 3666 640; x_wconf 87' lang='lat' dir='ltr'><strong><em>ipsi</em></strong></span> <span class='ocrx_word' id='word_1_136' title='bbox 3705 591 3790 630; x_wconf 84' lang='lat' dir='ltr'><strong><em>re-</em></strong></span> 
     </span>
    </p>
   </div>
   <div class='ocr_carea' id='block_1_18' title="bbox 2215 659 3790 730">
    <p class='ocr_par' dir='ltr' id='par_1_18' title="bbox 2215 659 3790 730">
     <span class='ocr_line' id='line_1_18' title="bbox 2215 659 3790 730; baseline 0.005 -19"><span class='ocrx_word' id='word_1_137' title='bbox 2215 659 2522 720; x_wconf 86' lang='lat' dir='ltr'><strong><em>concilians,</em></strong></span> <span class='ocrx_word' id='word_1_138' title='bbox 2572 660 2762 712; x_wconf 72' lang='lat' dir='ltr'><strong><em>anima:</em></strong></span> <span class='ocrx_word' id='word_1_139' title='bbox 2790 669 2842 714; x_wconf 83' lang='lat' dir='ltr'><strong><em>et</em></strong></span> <span class='ocrx_word' id='word_1_140' title='bbox 2886 661 3092 728; x_wconf 78' lang='lat' dir='ltr'><strong><em>corpori</em></strong></span> <span class='ocrx_word' id='word_1_141' title='bbox 3142 659 3445 728; x_wconf 85' lang='lat' dir='ltr'><strong><em>bene/icium</em></strong></span> <span class='ocrx_word' id='word_1_142' title='bbox 3497 678 3559 717; x_wconf 80' lang='lat' dir='ltr'><strong><em>ea:</em></strong></span> <span class='ocrx_word' id='word_1_143' title='bbox 3579 680 3634 718; x_wconf 89' lang='lat' dir='ltr'><strong><em>se</em></strong></span> <span class='ocrx_word' id='word_1_144' title='bbox 3666 681 3790 730; x_wconf 85' lang='lat' dir='ltr'><strong><em>pro-</em></strong></span> 
     </span>
    </p>
   </div>
   <div class='ocr_carea' id='block_1_19' title="bbox 2215 749 3790 820">
    <p class='ocr_par' dir='ltr' id='par_1_19' title="bbox 2215 749 3790 820">
     <span class='ocr_line' id='line_1_19' title="bbox 2215 749 3790 820; baseline 0.004 -16"><span class='ocrx_word' id='word_1_145' title='bbox 2215 749 2409 818; x_wconf 76' lang='lat' dir='ltr'><strong><em>fectum</em></strong></span> <span class='ocrx_word' id='word_1_146' title='bbox 2497 750 2790 805; x_wconf 83' lang='lat' dir='ltr'><strong><em>hominibus</em></strong></span> <span class='ocrx_word' id='word_1_147' title='bbox 2860 749 3210 820; x_wconf 79' lang='lat' dir='ltr'><strong><em>dispertiende</em></strong></span> <span class='ocrx_word' id='word_1_148' title='bbox 3300 751 3526 817; x_wconf 81' lang='lat' dir='ltr'><strong><em>tribuit,</em></strong></span> <span class='ocrx_word' id='word_1_149' title='bbox 3613 755 3790 812; x_wconf 77' lang='lat' dir='ltr'><strong><em>uolens</em></strong></span> 
     </span>
    </p>
   </div>
   <div class='ocr_carea' id='block_1_20' title="bbox 2213 839 3792 915">
    <p class='ocr_par' dir='ltr' id='par_1_20' title="bbox 2213 839 3792 915">
     <span class='ocr_line' id='line_1_20' title="bbox 2213 839 3792 915; baseline 0.006 -22"><span class='ocrx_word' id='word_1_150' title='bbox 2213 839 2423 910; x_wconf 82' lang='lat' dir='ltr'><strong><em>quidem</em></strong></span> <span class='ocrx_word' id='word_1_151' title='bbox 2470 855 2561 909; x_wconf 81' lang='lat' dir='ltr'><strong><em>per</em></strong></span> <span class='ocrx_word' id='word_1_152' title='bbox 2607 842 2861 909; x_wconf 89' lang='lat' dir='ltr'><strong><em>animam,</em></strong></span> <span class='ocrx_word' id='word_1_153' title='bbox 2884 843 3144 914; x_wconf 86' lang='lat' dir='ltr'><strong><em>attingens</em></strong></span> <span class='ocrx_word' id='word_1_154' title='bbox 3179 858 3296 897; x_wconf 79' lang='lat' dir='ltr'><strong><em>vero</em></strong></span> <span class='ocrx_word' id='word_1_155' title='bbox 3329 858 3422 913; x_wconf 83' lang='lat' dir='ltr'><strong><em>per</em></strong></span> <span class='ocrx_word' id='word_1_156' title='bbox 3442 861 3655 915; x_wconf 84' lang='lat' dir='ltr'><strong><em>corpus.</em></strong></span> <span class='ocrx_word' id='word_1_157' title='bbox 3691 846 3792 902; x_wconf 78' lang='lat' dir='ltr'><strong><em>Se-</em></strong></span> 
     </span>
    </p>
   </div>
   <div class='ocr_carea' id='block_1_21' title="bbox 2215 935 3788 1008">
    <p class='ocr_par' dir='ltr' id='par_1_21' title="bbox 2215 935 3788 1008">
     <span class='ocr_line' id='line_1_21' title="bbox 2215 935 3788 1008; baseline 0.004 -19"><span class='ocrx_word' id='word_1_158' title='bbox 2215 935 2440 1006; x_wconf 87' lang='lat' dir='ltr'><strong><em>ptimum</em></strong></span> <span class='ocrx_word' id='word_1_159' title='bbox 2479 936 2711 1008; x_wconf 90' lang='lat' dir='ltr'><strong><em>denique</em></strong></span> <span class='ocrx_word' id='word_1_160' title='bbox 2747 936 2988 1008; x_wconf 88' lang='lat' dir='ltr'><strong><em>synodus</em></strong></span> <span class='ocrx_word' id='word_1_161' title='bbox 3034 936 3221 992; x_wconf 89' lang='lat' dir='ltr'><strong><em>eadem</em></strong></span> <span class='ocrx_word' id='word_1_162' title='bbox 3255 935 3324 991; x_wconf 76' lang='lat' dir='ltr'><strong><em>Vl</em></strong></span> <span class='ocrx_word' id='word_1_163' title='bbox 3377 939 3430 993; x_wconf 88' lang='lat' dir='ltr'><strong><em>in</em></strong></span> <span class='ocrx_word' id='word_1_164' title='bbox 3466 939 3656 996; x_wconf 89' lang='lat' dir='ltr'><strong><em>eadem</em></strong></span> <span class='ocrx_word' id='word_1_165' title='bbox 3691 953 3788 995; x_wconf 83' lang='lat' dir='ltr'><strong><em>ac-</em></strong></span> 
     </span>
    </p>
   </div>
   <div class='ocr_carea' id='block_1_22' title="bbox 2215 1025 3788 1102">
    <p class='ocr_par' dir='ltr' id='par_1_22' title="bbox 2215 1025 3788 1102">
     <span class='ocr_line' id='line_1_22' title="bbox 2215 1025 3788 1102; baseline 0.006 -24"><span class='ocrx_word' id='word_1_166' title='bbox 2215 1026 2362 1082; x_wconf 86' lang='lat' dir='ltr'><strong><em>tione</em></strong></span> <span class='ocrx_word' id='word_1_167' title='bbox 2409 1025 2495 1092; x_wconf 87' lang='lat' dir='ltr'><strong><em>lO,</em></strong></span> <span class='ocrx_word' id='word_1_168' title='bbox 2549 1043 2603 1097; x_wconf 93' lang='lat' dir='ltr'><strong><em>p.</em></strong></span> <span class='ocrx_word' id='word_1_169' title='bbox 2646 1025 2748 1080; x_wconf 73' lang='grc'><strong><em>127</em></strong></span> <span class='ocrx_word' id='word_1_170' title='bbox 2800 1025 3072 1083; x_wconf 76' lang='lat' dir='ltr'><strong><em>Vaticanze</em></strong></span> <span class='ocrx_word' id='word_1_171' title='bbox 3125 1027 3260 1082; x_wconf 87' lang='lat' dir='ltr'><strong><em>edit.</em></strong></span> <span class='ocrx_word' id='word_1_172' title='bbox 3307 1029 3446 1094; x_wconf 82' lang='grc' dir='ltr'>τέως</span> <span class='ocrx_word' id='word_1_173' title='bbox 3493 1031 3551 1084; x_wconf 79' lang='grc' dir='ltr'><strong><em>δὲ</em></strong></span> <span class='ocrx_word' id='word_1_174' title='bbox 3597 1029 3788 1102; x_wconf 72' lang='grc' dir='ltr'>μαθεῖν</span> 
     </span>
    </p>
   </div>
   <div class='ocr_carea' id='block_1_23' title="bbox 2216 1115 3790 1191">
    <p class='ocr_par' dir='ltr' id='par_1_23' title="bbox 2216 1115 3790 1191">
     <span class='ocr_line' id='line_1_23' title="bbox 2216 1115 3790 1191; baseline 0.006 -23"><span class='ocrx_word' id='word_1_175' title='bbox 2216 1115 2364 1181; x_wconf 75' lang='grc' dir='ltr'>ἄξιον</span> <span class='ocrx_word' id='word_1_176' title='bbox 2421 1117 2570 1188; x_wconf 77' lang='grc' dir='ltr'>παρὰ</span> <span class='ocrx_word' id='word_1_177' title='bbox 2619 1117 2726 1171; x_wconf 82' lang='grc' dir='ltr'>τῶν</span> <span class='ocrx_word' id='word_1_178' title='bbox 2770 1119 3148 1191; x_wconf 79' lang='grc' dir='ltr'><strong><em>προφερόντων</em></strong></span> <span class='ocrx_word' id='word_1_179' title='bbox 3191 1117 3321 1190; x_wconf 75' lang='grc' dir='ltr'>ἡμῖν</span> <span class='ocrx_word' id='word_1_180' title='bbox 3379 1121 3480 1184; x_wconf 79' lang='grc' dir='ltr'>τὰς</span> <span class='ocrx_word' id='word_1_181' title='bbox 3533 1123 3790 1188; x_wconf 74' lang='grc' dir='ltr'><strong><em>τοιαύτας</em></strong></span> 
     </span>
    </p>
   </div>
   <div class='ocr_carea' id='block_1_24' title="bbox 2216 1205 3790 1281">
    <p class='ocr_par' dir='ltr' id='par_1_24' title="bbox 2216 1205 3790 1281">
     <span class='ocr_line' id='line_1_24' title="bbox 2216 1205 3790 1281; baseline 0.006 -23"><span class='ocrx_word' id='word_1_182' title='bbox 2216 1207 2416 1276; x_wconf 81' lang='grc' dir='ltr'>φωνὰς,</span> <span class='ocrx_word' id='word_1_183' title='bbox 2450 1208 2530 1261; x_wconf 76' lang='grc' dir='ltr'><strong><em>ὅτι</em></strong></span> <span class='ocrx_word' id='word_1_184' title='bbox 2565 1205 2626 1261; x_wconf 80' lang='grc' dir='ltr'><strong><em>τὸ</em></strong></span> <span class='ocrx_word' id='word_1_185' title='bbox 2650 1207 2961 1262; x_wconf 77' lang='grc' dir='ltr'>ἀναϐαῖνον.</span> <span class='ocrx_word' id='word_1_186' title='bbox 2995 1205 3125 1274; x_wconf 68' lang='lat' dir='ltr'><strong><em>Quae</em></strong></span> <span class='ocrx_word' id='word_1_187' title='bbox 3152 1209 3320 1263; x_wconf 84' lang='lat' dir='ltr'><strong><em>verba</em></strong></span> <span class='ocrx_word' id='word_1_188' title='bbox 3353 1209 3432 1265; x_wconf 89' lang='lat' dir='ltr'><strong><em>sic</em></strong></span> <span class='ocrx_word' id='word_1_189' title='bbox 3464 1211 3790 1281; x_wconf 86' lang='lat' dir='ltr'><strong><em>interpreta-</em></strong></span> 
     </span>
    </p>
   </div>
   <div class='ocr_carea' id='block_1_25' title="bbox 2215 1294 3787 1371">
    <p class='ocr_par' dir='ltr' id='par_1_25' title="bbox 2215 1294 3787 1371">
     <span class='ocr_line' id='line_1_25' title="bbox 2215 1294 3787 1371; baseline 0.004 -19"><span class='ocrx_word' id='word_1_190' title='bbox 2215 1307 2306 1353; x_wconf 85' lang='lat' dir='ltr'><strong><em>tur</em></strong></span> <span class='ocrx_word' id='word_1_191' title='bbox 2336 1294 2600 1354; x_wconf 86' lang='lat' dir='ltr'><strong><em>Gulonius</em></strong></span> <span class='ocrx_word' id='word_1_192' title='bbox 2627 1313 2747 1370; x_wconf 88' lang='lat' dir='ltr'><strong><em>pag.</em></strong></span> <span class='ocrx_word' id='word_1_193' title='bbox 2770 1299 2897 1354; x_wconf 75' lang='lat'><strong><em>280:</em></strong></span> <span class='ocrx_word' id='word_1_194' title='bbox 2926 1297 3136 1354; x_wconf 81' lang='lat' dir='ltr'><strong><em>Interea</em></strong></span> <span class='ocrx_word' id='word_1_195' title='bbox 3164 1313 3336 1355; x_wconf 79' lang='lat' dir='ltr'><strong><em>autem</em></strong></span> <span class='ocrx_word' id='word_1_196' title='bbox 3371 1300 3435 1355; x_wconf 83' lang='lat' dir='ltr'><strong><em>ab</em></strong></span> <span class='ocrx_word' id='word_1_197' title='bbox 3457 1303 3521 1356; x_wconf 87' lang='lat' dir='ltr'><strong><em>iis</em></strong></span> <span class='ocrx_word' id='word_1_198' title='bbox 3545 1305 3632 1371; x_wconf 85' lang='lat' dir='ltr'><strong><em>qui</em></strong></span> <span class='ocrx_word' id='word_1_199' title='bbox 3655 1304 3787 1359; x_wconf 85' lang='lat' dir='ltr'><strong><em>tales</em></strong></span> 
     </span>
    </p>
   </div>
   <div class='ocr_carea' id='block_1_26' title="bbox 2215 1388 3787 1461">
    <p class='ocr_par' dir='ltr' id='par_1_26' title="bbox 2215 1388 3787 1461">
     <span class='ocr_line' id='line_1_26' title="bbox 2215 1388 3787 1461; baseline 0.003 -17"><span class='ocrx_word' id='word_1_200' title='bbox 2215 1405 2360 1445; x_wconf 80' lang='lat' dir='ltr'><strong><em>voces</em></strong></span> <span class='ocrx_word' id='word_1_201' title='bbox 2384 1388 2531 1445; x_wconf 82' lang='lat' dir='ltr'><strong><em>nobis</em></strong></span> <span class='ocrx_word' id='word_1_202' title='bbox 2553 1389 2844 1460; x_wconf 85' lang='lat' dir='ltr'><strong><em>proferunt,</em></strong></span> <span class='ocrx_word' id='word_1_203' title='bbox 2871 1407 3039 1461; x_wconf 77' lang='lat' dir='ltr'><strong><em>opera:</em></strong></span> <span class='ocrx_word' id='word_1_204' title='bbox 3055 1393 3280 1460; x_wconf 84' lang='lat' dir='ltr'><strong><em>pretium</em></strong></span> <span class='ocrx_word' id='word_1_205' title='bbox 3303 1403 3380 1447; x_wconf 81' lang='lat' dir='ltr'><strong><em>est</em></strong></span> <span class='ocrx_word' id='word_1_206' title='bbox 3397 1391 3616 1459; x_wconf 75' lang='lat' dir='ltr'><strong><em>discere,</em></strong></span> <span class='ocrx_word' id='word_1_207' title='bbox 3642 1412 3710 1449; x_wconf 83' lang='lat' dir='ltr'><strong><em>an</em></strong></span> <span class='ocrx_word' id='word_1_208' title='bbox 3732 1394 3787 1449; x_wconf 89' lang='lat' dir='ltr'><strong><em>id</em></strong></span> 
     </span>
    </p>
   </div>
   <div class='ocr_carea' id='block_1_27' title="bbox 2219 1480 2784 1552">
    <p class='ocr_par' dir='ltr' id='par_1_27' title="bbox 2219 1480 2784 1552">
     <span class='ocr_line' id='line_1_27' title="bbox 2219 1480 2784 1552; baseline 0.004 -18"><span class='ocrx_word' id='word_1_209' title='bbox 2219 1483 2360 1552; x_wconf 85' lang='lat' dir='ltr'><strong><em>quod</em></strong></span> <span class='ocrx_word' id='word_1_210' title='bbox 2390 1480 2648 1546; x_wconf 81' lang='lat' dir='ltr'><strong><em>ascendit,</em></strong></span> <span class='ocrx_word' id='word_1_211' title='bbox 2678 1490 2784 1537; x_wconf 90' lang='lat' dir='ltr'><strong><em>etc.</em></strong></span> 
     </span>
    </p>
   </div>
   <div class='ocr_carea' id='block_1_28' title="bbox 2285 1569 3786 1643">
    <p class='ocr_par' dir='ltr' id='par_1_28' title="bbox 2285 1569 3786 1643">
     <span class='ocr_line' id='line_1_28' title="bbox 2285 1569 3786 1643; baseline 0.004 -18"><span class='ocrx_word' id='word_1_212' title='bbox 2285 1569 2437 1638; x_wconf 85' lang='lat' dir='ltr'><strong><em>Quod</em></strong></span> <span class='ocrx_word' id='word_1_213' title='bbox 2468 1570 2534 1624; x_wconf 90' lang='lat' dir='ltr'><strong><em>ad</em></strong></span> <span class='ocrx_word' id='word_1_214' title='bbox 2565 1572 2883 1626; x_wconf 87' lang='lat' dir='ltr'><strong><em>lacunarum</em></strong></span> <span class='ocrx_word' id='word_1_215' title='bbox 2916 1571 3186 1643; x_wconf 87' lang='lat' dir='ltr'><strong><em>lacrymas</em></strong></span> <span class='ocrx_word' id='word_1_216' title='bbox 3215 1576 3428 1640; x_wconf 85' lang='lat' dir='ltr'><strong><em>attinet,</em></strong></span> <span class='ocrx_word' id='word_1_217' title='bbox 3489 1573 3652 1630; x_wconf 74' lang='lat' dir='ltr'><strong><em>facile</em></strong></span> <span class='ocrx_word' id='word_1_218' title='bbox 3673 1591 3702 1628; x_wconf 91' lang='lat' dir='ltr'><strong><em>a</em></strong></span> <span class='ocrx_word' id='word_1_219' title='bbox 3733 1588 3786 1631; x_wconf 86' lang='lat' dir='ltr'><strong><em>te</em></strong></span> 
     </span>
    </p>
   </div>
   <div class='ocr_carea' id='block_1_29' title="bbox 552 1659 2116 1738">
    <p class='ocr_par' dir='ltr' id='par_1_29' title="bbox 552 1659 2116 1734">
     <span class='ocr_line' id='line_1_29' title="bbox 552 1659 2116 1734; baseline 0.001 -22"><span class='ocrx_word' id='word_1_220' title='bbox 552 1659 754 1729; x_wconf 78' lang='grc' dir='ltr'><strong><em>κόσμον</em></strong></span> <span class='ocrx_word' id='word_1_221' title='bbox 783 1659 961 1731; x_wconf 79' lang='grc' dir='ltr'><strong><em>ἑαυτῷ</em></strong></span> <span class='ocrx_word' id='word_1_222' title='bbox 994 1659 1378 1716; x_wconf 81' lang='grc' dir='ltr'><strong><em>καταλλάσσων</em></strong></span> <span class='ocrx_word' id='word_1_223' title='bbox 1414 1661 1708 1734; x_wconf 73' lang='grc' dir='ltr'><strong><em>ἐπεμέριζε</em></strong></span> <span class='ocrx_word' id='word_1_224' title='bbox 1755 1664 1821 1734; x_wconf 80' lang='grc' dir='ltr'><strong><em>τῇ</em></strong></span> <span class='ocrx_word' id='word_1_225' title='bbox 1877 1660 2022 1734; x_wconf 76' lang='grc' dir='ltr'>ψυχῇ</span> <span class='ocrx_word' id='word_1_226' title='bbox 2057 1677 2116 1714; x_wconf 80' lang='grc' dir='ltr'>τε</span> 
     </span>
    </p>
   </div>
   <div class='ocr_carea' id='block_1_30' title="bbox 2215 1659 3786 1738">
    <p class='ocr_par' dir='ltr' id='par_1_30' title="bbox 2218 1663 3786 1738">
     <span class='ocr_line' id='line_1_30' title="bbox 2218 1663 3786 1738; baseline 0.002 -20"><span class='ocrx_word' id='word_1_227' title='bbox 2218 1663 2668 1718; x_wconf 77' lang='lat' dir='ltr'><strong><em>contionabamur</em></strong></span> <span class='ocrx_word' id='word_1_228' title='bbox 2697 1670 2757 1717; x_wconf 90' lang='lat' dir='ltr'><strong><em>ut</em></strong></span> <span class='ocrx_word' id='word_1_229' title='bbox 2787 1670 2842 1719; x_wconf 89' lang='lat' dir='ltr'><strong><em>et</em></strong></span> <span class='ocrx_word' id='word_1_230' title='bbox 2877 1663 3167 1735; x_wconf 82' lang='grc' dir='ltr'>σφάλματα</span> <span class='ocrx_word' id='word_1_231' title='bbox 3187 1665 3350 1720; x_wconf 87' lang='lat' dir='ltr'><strong><em>nimis</em></strong></span> <span class='ocrx_word' id='word_1_232' title='bbox 3371 1666 3562 1720; x_wconf 89' lang='lat' dir='ltr'><strong><em>crebra</em></strong></span> <span class='ocrx_word' id='word_1_233' title='bbox 3586 1682 3786 1738; x_wconf 81' lang='lat' dir='ltr'><strong><em>opera-</em></strong></span> 
     </span>
    </p>
   </div>
   <div class='ocr_carea' id='block_1_31' title="bbox 553 1749 2116 1829">
    <p class='ocr_par' dir='ltr' id='par_1_31' title="bbox 553 1749 2116 1825">
     <span class='ocr_line' id='line_1_31' title="bbox 553 1749 2116 1825; baseline 0.001 -21"><span class='ocrx_word' id='word_1_234' title='bbox 553 1752 648 1805; x_wconf 79' lang='grc' dir='ltr'><strong><em>καὶ</em></strong></span> <span class='ocrx_word' id='word_1_235' title='bbox 677 1749 754 1821; x_wconf 81' lang='grc' dir='ltr'><strong><em>τῷ</em></strong></span> <span class='ocrx_word' id='word_1_236' title='bbox 782 1749 991 1822; x_wconf 84' lang='grc' dir='ltr'>σώματι</span> <span class='ocrx_word' id='word_1_237' title='bbox 1024 1753 1121 1824; x_wconf 80' lang='grc' dir='ltr'><strong><em>τὴν</em></strong></span> <span class='ocrx_word' id='word_1_238' title='bbox 1148 1749 1278 1825; x_wconf 70' lang='grc' dir='ltr'>παρ’</span> <span class='ocrx_word' id='word_1_239' title='bbox 1319 1754 1482 1808; x_wconf 78' lang='grc' dir='ltr'>αὐτοῦ</span> <span class='ocrx_word' id='word_1_240' title='bbox 1537 1751 1825 1824; x_wconf 82' lang='grc' dir='ltr'>γινομένην</span> <span class='ocrx_word' id='word_1_241' title='bbox 1869 1754 1982 1816; x_wconf 82' lang='grc' dir='ltr'><strong><em>τοίς</em></strong></span> <span class='ocrx_word' id='word_1_242' title='bbox 2025 1752 2116 1806; x_wconf 81' lang='grc' dir='ltr'><strong><em>ἀν-</em></strong></span> 
     </span>
    </p>
   </div>
   <div class='ocr_carea' id='block_1_32' title="bbox 2215 1749 3783 1829">
    <p class='ocr_par' dir='ltr' id='par_1_32' title="bbox 2223 1755 3783 1829">
     <span class='ocr_line' id='line_1_32' title="bbox 2223 1755 3783 1829; baseline 0.003 -22"><span class='ocrx_word' id='word_1_243' title='bbox 2223 1769 2345 1808; x_wconf 89' lang='lat' dir='ltr'><strong><em>rum</em></strong></span> <span class='ocrx_word' id='word_1_244' title='bbox 2399 1755 2827 1824; x_wconf 83' lang='lat' dir='ltr'><strong><em>properantium,</em></strong></span> <span class='ocrx_word' id='word_1_245' title='bbox 2879 1771 3000 1826; x_wconf 60' lang='lat' dir='ltr'><strong><em>quae</em></strong></span> <span class='ocrx_word' id='word_1_246' title='bbox 3045 1755 3137 1809; x_wconf 80' lang='lat' dir='ltr'><strong><em>vix</em></strong></span> <span class='ocrx_word' id='word_1_247' title='bbox 3183 1755 3361 1826; x_wconf 80' lang='lat' dir='ltr'><strong><em>Argus</em></strong></span> <span class='ocrx_word' id='word_1_248' title='bbox 3407 1756 3783 1829; x_wconf 72' lang='grc' dir='ltr'>πολυόμματος</span> 
     </span>
    </p>
   </div>
   <div class='ocr_carea' id='block_1_33' title="bbox 547 1813 2116 1919">
    <p class='ocr_par' dir='ltr' id='par_1_33' title="bbox 547 1813 2116 1917">
     <span class='ocr_line' id='line_1_33' title="bbox 547 1813 2116 1917; baseline 0.003 -23"><span class='ocrx_word' id='word_1_249' title='bbox 547 1813 783 1912; x_wconf 77' lang='grc' dir='ltr'>ορὼποις</span> <span class='ocrx_word' id='word_1_250' title='bbox 803 1813 1140 1913; x_wconf 54' lang='grc' dir='ltr'>εὐέργεσίαν,</span> <span class='ocrx_word' id='word_1_251' title='bbox 1159 1813 1324 1900; x_wconf 80' lang='grc' dir='ltr'>θέλων</span> <span class='ocrx_word' id='word_1_252' title='bbox 1351 1846 1448 1916; x_wconf 79' lang='grc' dir='ltr'>μὲν</span> <span class='ocrx_word' id='word_1_253' title='bbox 1462 1813 1878 1917; x_wconf 45' lang='grc' dir='ltr'>διὰσῆςψυίῆς,</span> <span class='ocrx_word' id='word_1_254' title='bbox 1895 1813 2116 1914; x_wconf 68' lang='grc' dir='ltr'><strong><em>ἁτιτόμε-</em></strong></span> 
     </span>
    </p>
   </div>
   <div class='ocr_carea' id='block_1_34' title="bbox 2215 1813 3784 1919">
    <p class='ocr_par' dir='ltr' id='par_1_34' title="bbox 2227 1813 3784 1919">
     <span class='ocr_line' id='line_1_34' title="bbox 2227 1813 3784 1919; baseline 0.001 -17"><span class='ocrx_word' id='word_1_255' title='bbox 2227 1813 2426 1902; x_wconf 79' lang='lat' dir='ltr'><strong><em>cuncta</em></strong></span> <span class='ocrx_word' id='word_1_256' title='bbox 2483 1813 2954 1902; x_wconf 58' lang='lat' dir='ltr'><strong><em>animadverteret.</em></strong></span> <span class='ocrx_word' id='word_1_257' title='bbox 3020 1845 3177 1918; x_wconf 81' lang='grc' dir='ltr'>Παρὰ</span> <span class='ocrx_word' id='word_1_258' title='bbox 3209 1813 3438 1919; x_wconf 42' lang='grc' dir='ltr'>δύῖιαμιν</span> <span class='ocrx_word' id='word_1_259' title='bbox 3471 1847 3518 1901; x_wconf 80' lang='grc' dir='ltr'><strong><em>δ’</em></strong></span> <span class='ocrx_word' id='word_1_260' title='bbox 3541 1813 3640 1904; x_wconf 54' lang='lat' dir='ltr'><strong><em>oio;</em></strong></span> <span class='ocrx_word' id='word_1_261' title='bbox 3667 1813 3784 1904; x_wconf 57' lang='lat'><strong><em>€01:</em></strong></span> 
     </span>
    </p>
   </div>
   <div class='ocr_carea' id='block_1_35' title="bbox 544 1932 2116 2013">
    <p class='ocr_par' dir='ltr' id='par_1_35' title="bbox 544 1932 2116 2006">
     <span class='ocr_line' id='line_1_35' title="bbox 544 1932 2116 2006; baseline 0.004 -24"><span class='ocrx_word' id='word_1_262' title='bbox 544 1949 635 1995; x_wconf 75' lang='lat' dir='ltr'><strong><em>vo;</em></strong></span> <span class='ocrx_word' id='word_1_263' title='bbox 661 1932 716 1986; x_wconf 83' lang='grc' dir='ltr'><strong><em>δὲ</em></strong></span> <span class='ocrx_word' id='word_1_264' title='bbox 745 1932 832 1986; x_wconf 83' lang='grc' dir='ltr'><strong><em>διὰ</em></strong></span> <span class='ocrx_word' id='word_1_265' title='bbox 863 1933 956 1987; x_wconf 83' lang='grc' dir='ltr'><strong><em>τοῦ</em></strong></span> <span class='ocrx_word' id='word_1_266' title='bbox 997 1934 1269 2006; x_wconf 85' lang='grc' dir='ltr'>σώματος.</span> <span class='ocrx_word' id='word_1_267' title='bbox 1309 1934 1384 1988; x_wconf 84' lang='lat' dir='ltr'><strong><em>Ea</em></strong></span> <span class='ocrx_word' id='word_1_268' title='bbox 1418 1950 1550 1990; x_wconf 86' lang='lat' dir='ltr'><strong><em>vero</em></strong></span> <span class='ocrx_word' id='word_1_269' title='bbox 1606 1936 1708 1990; x_wconf 86' lang='lat' dir='ltr'><strong><em>tibi</em></strong></span> <span class='ocrx_word' id='word_1_270' title='bbox 1763 1943 2116 2006; x_wconf 74' lang='lat' dir='ltr'><strong><em>repraesentat</em></strong></span> 
     </span>
    </p>
   </div>
   <div class='ocr_carea' id='block_1_36' title="bbox 2215 1932 3786 2013">
    <p class='ocr_par' dir='ltr' id='par_1_36' title="bbox 2225 1936 3786 2013">
     <span class='ocr_line' id='line_1_36' title="bbox 2225 1936 3786 2013; baseline 0.003 -22"><span class='ocrx_word' id='word_1_271' title='bbox 2225 1938 2319 1992; x_wconf 76' lang='grc' dir='ltr'><strong><em>καὶ</em></strong></span> <span class='ocrx_word' id='word_1_272' title='bbox 2347 1937 2642 2008; x_wconf 77' lang='grc' dir='ltr'>ἐσσύμενον</span> <span class='ocrx_word' id='word_1_273' title='bbox 2667 1937 3021 2010; x_wconf 81' lang='grc' dir='ltr'>μαχέσασθαι.</span> <span class='ocrx_word' id='word_1_274' title='bbox 3058 1936 3204 1994; x_wconf 87' lang='lat' dir='ltr'><strong><em>Bene</em></strong></span> <span class='ocrx_word' id='word_1_275' title='bbox 3239 1939 3381 2004; x_wconf 83' lang='lat' dir='ltr'><strong><em>vale,</em></strong></span> <span class='ocrx_word' id='word_1_276' title='bbox 3421 1948 3475 1995; x_wconf 91' lang='lat' dir='ltr'><strong><em>et</em></strong></span> <span class='ocrx_word' id='word_1_277' title='bbox 3526 1955 3786 2013; x_wconf 74' lang='grc' dir='ltr'>κοινωφεο</span> 
     </span>
    </p>
   </div>
   <div class='ocr_carea' id='block_1_37' title="bbox 541 2025 3246 2098">
    <p class='ocr_par' dir='ltr' id='par_1_37' title="bbox 541 2025 3246 2098">
     <span class='ocr_line' id='line_1_37' title="bbox 541 2025 3246 2098; baseline 0.004 -22"><span class='ocrx_word' id='word_1_278' title='bbox 541 2027 749 2094; x_wconf 79' lang='lat' dir='ltr'><strong><em>primus</em></strong></span> <span class='ocrx_word' id='word_1_279' title='bbox 762 2025 900 2082; x_wconf 91' lang='lat' dir='ltr'><strong><em>liber</em></strong></span> <span class='ocrx_word' id='word_1_280' title='bbox 918 2025 1081 2098; x_wconf 88' lang='lat' dir='ltr'><strong><em>hujus</em></strong></span> <span class='ocrx_word' id='word_1_281' title='bbox 1099 2027 1380 2093; x_wconf 83' lang='lat' dir='ltr'><strong><em>editionis,</em></strong></span> <span class='ocrx_word' id='word_1_282' title='bbox 1400 2041 1560 2098; x_wconf 88' lang='lat' dir='ltr'><strong><em>quem</em></strong></span> <span class='ocrx_word' id='word_1_283' title='bbox 1573 2029 1735 2084; x_wconf 88' lang='lat' dir='ltr'><strong><em>etiam</em></strong></span> <span class='ocrx_word' id='word_1_284' title='bbox 1761 2028 1888 2084; x_wconf 75' lang='lat' dir='ltr'><strong><em>hinc</em></strong></span> <span class='ocrx_word' id='word_1_285' title='bbox 1909 2035 2124 2084; x_wconf 86' lang='lat' dir='ltr'><strong><em>constat</em></strong></span> <span class='ocrx_word' id='word_1_286' title='bbox 2229 2028 2378 2094; x_wconf 84' lang='grc' dir='ltr'>λείας</span> <span class='ocrx_word' id='word_1_287' title='bbox 2413 2028 2679 2086; x_wconf 88' lang='lat' dir='ltr'><strong><em>studiosis</em></strong></span> <span class='ocrx_word' id='word_1_288' title='bbox 2705 2029 2782 2085; x_wconf 91' lang='lat' dir='ltr'><strong><em>tui</em></strong></span> <span class='ocrx_word' id='word_1_289' title='bbox 2809 2030 3079 2088; x_wconf 86' lang='lat' dir='ltr'><strong><em>similibus</em></strong></span> <span class='ocrx_word' id='word_1_290' title='bbox 3108 2029 3246 2087; x_wconf 77' lang='lat' dir='ltr'><strong><em>fave.</em></strong></span> 
     </span>
    </p>
   </div>
   <div class='ocr_carea' id='block_1_38' title="bbox 549 2241 3731 2276">
    <p class='ocr_par' dir='ltr' id='par_1_38' title="bbox 549 2241 3731 2276">
     <span class='ocr_line' id='line_1_38' title="bbox 549 2241 3731 2276; baseline 0.003 -14"><span class='ocrx_word' id='word_1_291' title='bbox 549 2241 3731 2276; x_wconf 42' lang='lat' dir='ltr'><strong><em>w—W—w</em></strong></span> 
     </span>
    </p>
   </div>
   <div class='ocr_carea' id='block_1_39' title="bbox 1077 2407 3249 2487">
    <p class='ocr_par' dir='ltr' id='par_1_39' title="bbox 1077 2407 3249 2487">
     <span class='ocr_line' id='line_1_39' title="bbox 1077 2407 3249 2487; baseline 0.005 -16"><span class='ocrx_word' id='word_1_292' title='bbox 1077 2411 1186 2472; x_wconf 91' lang='lat' dir='ltr'><strong><em>DE</em></strong></span> <span class='ocrx_word' id='word_1_293' title='bbox 1215 2407 1631 2472; x_wconf 76' lang='lat' dir='ltr'><strong><em>GREGORIO</em></strong></span> <span class='ocrx_word' id='word_1_294' title='bbox 1668 2409 2048 2472; x_wconf 85' lang='lat' dir='ltr'><strong><em>EPISCOPO</em></strong></span> <span class='ocrx_word' id='word_1_295' title='bbox 2080 2411 2466 2487; x_wconf 80' lang='lat' dir='ltr'><strong><em>NYSSENO,</em></strong></span> <span class='ocrx_word' id='word_1_296' title='bbox 2514 2411 2615 2475; x_wconf 84' lang='lat' dir='ltr'><strong>ET</strong></span> <span class='ocrx_word' id='word_1_297' title='bbox 2649 2411 2831 2476; x_wconf 82' lang='lat' dir='ltr'><strong><em>EJUS</em></strong></span> <span class='ocrx_word' id='word_1_298' title='bbox 2860 2413 3249 2482; x_wconf 78' lang='lat' dir='ltr'><strong><em>OPERIBUS</em></strong></span> 
     </span>
    </p>
   </div>
   <div class='ocr_carea' id='block_1_40' title="bbox 1723 2612 2660 2748">
    <p class='ocr_par' dir='ltr' id='par_1_40' title="bbox 1723 2612 2660 2748">
     <span class='ocr_line' id='line_1_40' title="bbox 1723 2612 2660 2748; baseline 0 -2"><span class='ocrx_word' id='word_1_299' title='bbox 1723 2612 1802 2682; x_wconf 70' lang='grc'><strong><em>(³)</em></strong></span> <span class='ocrx_word' id='word_1_300' title='bbox 1861 2631 2660 2748; x_wconf 62' lang='grc' dir='ltr'><strong><em>ΡΒᾸΕΡΑΤΙΟ.</em></strong></span> 
     </span>
    </p>
   </div>
   <div class='ocr_carea' id='block_1_41' title="bbox 2130 2879 2197 2896">
    <p class='ocr_par' dir='ltr' id='par_1_41' title="bbox 2130 2879 2197 2896">
     <span class='ocr_line' id='line_1_41' title="bbox 2130 2879 2197 2896; baseline -0.015 0"><span class='ocrx_word' id='word_1_301' title='bbox 2130 2879 2197 2896; x_wconf 57' lang='lat' dir='ltr'><strong>h</strong></span> 
     </span>
    </p>
   </div>
   <div class='ocr_carea' id='block_1_42' title="bbox 605 3025 3774 3112">
    <p class='ocr_par' dir='ltr' id='par_1_42' title="bbox 605 3025 3774 3112">
     <span class='ocr_line' id='line_1_42' title="bbox 605 3025 3774 3112; baseline 0.003 -24"><span class='ocrx_word' id='word_1_302' title='bbox 605 3029 773 3090; x_wconf 82' lang='lat' dir='ltr'><strong><em>Divus</em></strong></span> <span class='ocrx_word' id='word_1_303' title='bbox 805 3025 1119 3104; x_wconf 81' lang='lat' dir='ltr'><strong><em>Gregorius,</em></strong></span> <span class='ocrx_word' id='word_1_304' title='bbox 1150 3031 1445 3106; x_wconf 78' lang='lat' dir='ltr'><strong><em>Nyssensis</em></strong></span> <span class='ocrx_word' id='word_1_305' title='bbox 1481 3034 1794 3104; x_wconf 87' lang='lat' dir='ltr'><strong><em>episcopus,</em></strong></span> <span class='ocrx_word' id='word_1_306' title='bbox 1827 3031 1997 3089; x_wconf 83' lang='lat' dir='ltr'><strong><em>frater</em></strong></span> <span class='ocrx_word' id='word_1_307' title='bbox 2026 3049 2320 3106; x_wconf 87' lang='lat' dir='ltr'><strong><em>germanus</em></strong></span> <span class='ocrx_word' id='word_1_308' title='bbox 2350 3033 2416 3092; x_wconf 80' lang='grc' dir='ltr'><strong><em>Β.</em></strong></span> <span class='ocrx_word' id='word_1_309' title='bbox 2446 3034 2652 3104; x_wconf 82' lang='lat' dir='ltr'><strong><em>Basilii,</em></strong></span> <span class='ocrx_word' id='word_1_310' title='bbox 2681 3051 2746 3092; x_wconf 89' lang='lat' dir='ltr'><strong><em>ac</em></strong></span> <span class='ocrx_word' id='word_1_311' title='bbox 2770 3044 2904 3092; x_wconf 89' lang='lat' dir='ltr'><strong><em>natu</em></strong></span> <span class='ocrx_word' id='word_1_312' title='bbox 2931 3036 3151 3107; x_wconf 87' lang='lat' dir='ltr'><strong><em>quidem</em></strong></span> <span class='ocrx_word' id='word_1_313' title='bbox 3180 3037 3426 3110; x_wconf 82' lang='lat' dir='ltr'><strong><em>majoris.</em></strong></span> <span class='ocrx_word' id='word_1_314' title='bbox 3463 3046 3524 3096; x_wconf 92' lang='lat' dir='ltr'><strong><em>ut</em></strong></span> <span class='ocrx_word' id='word_1_315' title='bbox 3551 3053 3616 3096; x_wconf 78' lang='lat' dir='ltr'><strong><em>ex</em></strong></span> <span class='ocrx_word' id='word_1_316' title='bbox 3653 3037 3774 3112; x_wconf 78' lang='lat' dir='ltr'><strong><em>ejus</em></strong></span> 
     </span>
    </p>
   </div>
   <div class='ocr_carea' id='block_1_43' title="bbox 535 3128 3773 3205">
    <p class='ocr_par' dir='ltr' id='par_1_43' title="bbox 535 3128 3773 3205">
     <span class='ocr_line' id='line_1_43' title="bbox 535 3128 3773 3205; baseline 0.001 -20"><span class='ocrx_word' id='word_1_317' title='bbox 535 3131 756 3201; x_wconf 85' lang='lat' dir='ltr'><strong><em>scriptis</em></strong></span> <span class='ocrx_word' id='word_1_318' title='bbox 794 3129 1064 3200; x_wconf 85' lang='lat' dir='ltr'><strong><em>conjicere</em></strong></span> <span class='ocrx_word' id='word_1_319' title='bbox 1096 3137 1200 3195; x_wconf 90' lang='lat' dir='ltr'><strong><em>est,</em></strong></span> <span class='ocrx_word' id='word_1_320' title='bbox 1231 3128 1579 3200; x_wconf 90' lang='lat' dir='ltr'><strong><em>potissimum</em></strong></span> <span class='ocrx_word' id='word_1_321' title='bbox 1611 3144 1678 3184; x_wconf 79' lang='lat' dir='ltr'><strong><em>ex</em></strong></span> <span class='ocrx_word' id='word_1_322' title='bbox 1718 3132 2070 3196; x_wconf 74' lang='lat' dir='ltr'><strong><em>Hexaemero,</em></strong></span> <span class='ocrx_word' id='word_1_323' title='bbox 2112 3131 2206 3186; x_wconf 93' lang='lat' dir='ltr'><strong><em>ubi</em></strong></span> <span class='ocrx_word' id='word_1_324' title='bbox 2231 3131 2298 3186; x_wconf 91' lang='lat' dir='ltr'><strong><em>de</em></strong></span> <span class='ocrx_word' id='word_1_325' title='bbox 2341 3130 2542 3188; x_wconf 87' lang='lat' dir='ltr'><strong><em>Basilio</em></strong></span> <span class='ocrx_word' id='word_1_326' title='bbox 2587 3131 2817 3202; x_wconf 89' lang='lat' dir='ltr'><strong><em>loquens</em></strong></span> <span class='ocrx_word' id='word_1_327' title='bbox 2858 3141 3497 3205; x_wconf 66' lang='lat' dir='ltr'><strong><em>praeceptoremsemper</em></strong></span> <span class='ocrx_word' id='word_1_328' title='bbox 3521 3134 3773 3205; x_wconf 88' lang='lat' dir='ltr'><strong><em>appellat,</em></strong></span> 
     </span>
    </p>
   </div>
   <div class='ocr_carea' id='block_1_44' title="bbox 533 3223 3906 3298">
    <p class='ocr_par' dir='ltr' id='par_1_44' title="bbox 533 3223 3906 3298">
     <span class='ocr_line' id='line_1_44' title="bbox 533 3223 3906 3298; baseline -0 -16"><span class='ocrx_word' id='word_1_329' title='bbox 533 3226 638 3282; x_wconf 79' lang='lat' dir='ltr'><strong><em>fuit</em></strong></span> <span class='ocrx_word' id='word_1_330' title='bbox 667 3225 1176 3298; x_wconf 87' lang='lat' dir='ltr'><strong><em>eloquentissimus,</em></strong></span> <span class='ocrx_word' id='word_1_331' title='bbox 1214 3233 1273 3280; x_wconf 92' lang='lat' dir='ltr'><strong><em>ut</em></strong></span> <span class='ocrx_word' id='word_1_332' title='bbox 1305 3223 1504 3281; x_wconf 88' lang='lat' dir='ltr'><strong><em>Suidas</em></strong></span> <span class='ocrx_word' id='word_1_333' title='bbox 1535 3233 1589 3280; x_wconf 90' lang='lat' dir='ltr'><strong><em>et</em></strong></span> <span class='ocrx_word' id='word_1_334' title='bbox 1623 3225 1872 3296; x_wconf 83' lang='lat' dir='ltr'><strong><em>plerique</em></strong></span> <span class='ocrx_word' id='word_1_335' title='bbox 1903 3233 2117 3281; x_wconf 81' lang='lat' dir='ltr'><strong><em>veteres</em></strong></span> <span class='ocrx_word' id='word_1_336' title='bbox 2157 3225 2399 3286; x_wconf 87' lang='lat' dir='ltr'><strong><em>tradunt.</em></strong></span> <span class='ocrx_word' id='word_1_337' title='bbox 2433 3225 2579 3293; x_wconf 87' lang='lat' dir='ltr'><strong><em>quod</em></strong></span> <span class='ocrx_word' id='word_1_338' title='bbox 2604 3235 2658 3280; x_wconf 91' lang='lat' dir='ltr'><strong><em>et</em></strong></span> <span class='ocrx_word' id='word_1_339' title='bbox 2685 3225 2833 3281; x_wconf 89' lang='lat' dir='ltr'><strong><em>illius</em></strong></span> <span class='ocrx_word' id='word_1_340' title='bbox 2877 3225 3077 3296; x_wconf 87' lang='lat' dir='ltr'><strong><em>scripta</em></strong></span> <span class='ocrx_word' id='word_1_341' title='bbox 3109 3227 3409 3292; x_wconf 87' lang='lat' dir='ltr'><strong><em>declarant,</em></strong></span> <span class='ocrx_word' id='word_1_342' title='bbox 3457 3227 3778 3298; x_wconf 86' lang='lat' dir='ltr'><strong><em>abundeque</em></strong></span> <span class='ocrx_word' id='word_1_343' title='bbox 3883 3249 3906 3274; x_wconf 67' lang='grc' dir='ltr'><strong><em>ι</em></strong></span> 
     </span>
    </p>
   </div>
   <div class='ocr_carea' id='block_1_45' title="bbox 533 3320 3776 3391">
    <p class='ocr_par' dir='ltr' id='par_1_45' title="bbox 533 3320 3776 3391">
     <span class='ocr_line' id='line_1_45' title="bbox 533 3320 3776 3391; baseline -0.002 -10"><span class='ocrx_word' id='word_1_344' title='bbox 533 3339 708 3381; x_wconf 65' lang='grc' dir='ltr'>δίδοι-ω</span> <span class='ocrx_word' id='word_1_345' title='bbox 727 3331 1000 3381; x_wconf 86' lang='lat' dir='ltr'><strong><em>testantur</em></strong></span> <span class='ocrx_word' id='word_1_346' title='bbox 1024 3323 1288 3378; x_wconf 59' lang='lat' dir='ltr'><strong><em>historiae.</em></strong></span> <span class='ocrx_word' id='word_1_347' title='bbox 1328 3321 1572 3376; x_wconf 87' lang='lat' dir='ltr'><strong><em>Primum</em></strong></span> <span class='ocrx_word' id='word_1_348' title='bbox 1606 3328 1753 3376; x_wconf 87' lang='lat' dir='ltr'><strong><em>artes</em></strong></span> <span class='ocrx_word' id='word_1_349' title='bbox 1783 3320 2002 3375; x_wconf 82' lang='lat' dir='ltr'><strong><em>dicendi</em></strong></span> <span class='ocrx_word' id='word_1_350' title='bbox 2041 3323 2308 3383; x_wconf 78' lang='lat' dir='ltr'><strong><em>exercuit,</em></strong></span> <span class='ocrx_word' id='word_1_351' title='bbox 2358 3329 2678 3391; x_wconf 90' lang='lat' dir='ltr'><strong><em>tantumque</em></strong></span> <span class='ocrx_word' id='word_1_352' title='bbox 2723 3321 2778 3375; x_wconf 94' lang='lat' dir='ltr'><strong><em>in</em></strong></span> <span class='ocrx_word' id='word_1_353' title='bbox 2826 3321 2910 3376; x_wconf 88' lang='lat' dir='ltr'><strong><em>bis</em></strong></span> <span class='ocrx_word' id='word_1_354' title='bbox 2938 3320 3189 3390; x_wconf 84' lang='lat' dir='ltr'><strong><em>profecit,</em></strong></span> <span class='ocrx_word' id='word_1_355' title='bbox 3231 3329 3292 3374; x_wconf 92' lang='lat' dir='ltr'><strong><em>ut</em></strong></span> <span class='ocrx_word' id='word_1_356' title='bbox 3323 3322 3540 3376; x_wconf 88' lang='lat' dir='ltr'><strong><em>tandem</em></strong></span> <span class='ocrx_word' id='word_1_357' title='bbox 3591 3323 3776 3379; x_wconf 88' lang='lat' dir='ltr'><strong><em>rhetor</em></strong></span> 
     </span>
    </p>
   </div>
   <div class='ocr_carea' id='block_1_46' title="bbox 535 3412 3778 3488">
    <p class='ocr_par' dir='ltr' id='par_1_46' title="bbox 535 3412 3778 3488">
     <span class='ocr_line' id='line_1_46' title="bbox 535 3412 3778 3488; baseline -0.002 -13"><span class='ocrx_word' id='word_1_358' title='bbox 535 3419 768 3476; x_wconf 88' lang='lat' dir='ltr'><strong><em>illustris</em></strong></span> <span class='ocrx_word' id='word_1_359' title='bbox 795 3421 1055 3482; x_wconf 80' lang='lat' dir='ltr'><strong><em>evaserit,</em></strong></span> <span class='ocrx_word' id='word_1_360' title='bbox 1083 3418 1433 3488; x_wconf 87' lang='lat' dir='ltr'><strong><em>laudatisque</em></strong></span> <span class='ocrx_word' id='word_1_361' title='bbox 1455 3417 1770 3472; x_wconf 90' lang='lat' dir='ltr'><strong><em>oratoribus</em></strong></span> <span class='ocrx_word' id='word_1_362' title='bbox 1801 3416 2041 3486; x_wconf 83' lang='lat' dir='ltr'><strong><em>antiquis</em></strong></span> <span class='ocrx_word' id='word_1_363' title='bbox 2075 3430 2184 3470; x_wconf 92' lang='lat' dir='ltr'><strong><em>non</em></strong></span> <span class='ocrx_word' id='word_1_364' title='bbox 2217 3414 2442 3469; x_wconf 82' lang='lat' dir='ltr'><strong><em>inferior</em></strong></span> <span class='ocrx_word' id='word_1_365' title='bbox 2470 3415 2756 3470; x_wconf 78' lang='lat' dir='ltr'><strong><em>exstiterit.</em></strong></span> <span class='ocrx_word' id='word_1_366' title='bbox 2799 3412 2904 3469; x_wconf 91' lang='lat' dir='ltr'><strong><em>Sed</em></strong></span> <span class='ocrx_word' id='word_1_367' title='bbox 2935 3414 3056 3470; x_wconf 89' lang='lat' dir='ltr'><strong><em>istis</em></strong></span> <span class='ocrx_word' id='word_1_368' title='bbox 3093 3415 3418 3485; x_wconf 69' lang='lat' dir='ltr'><strong><em>eloquentia:</em></strong></span> <span class='ocrx_word' id='word_1_369' title='bbox 3462 3413 3660 3470; x_wconf 80' lang='lat' dir='ltr'><strong><em>studiis</em></strong></span> <span class='ocrx_word' id='word_1_370' title='bbox 3690 3431 3778 3470; x_wconf 78' lang='lat' dir='ltr'><strong><em>re-</em></strong></span> 
     </span>
    </p>
   </div>
   <div class='ocr_carea' id='block_1_47' title="bbox 532 3507 3774 3582">
    <p class='ocr_par' dir='ltr' id='par_1_47' title="bbox 532 3507 3774 3582">
     <span class='ocr_line' id='line_1_47' title="bbox 532 3507 3774 3582; baseline -0.002 -12"><span class='ocrx_word' id='word_1_371' title='bbox 532 3510 678 3571; x_wconf 87' lang='lat' dir='ltr'><strong><em>lictis</em></strong></span> <span class='ocrx_word' id='word_1_372' title='bbox 700 3516 1056 3570; x_wconf 87' lang='lat' dir='ltr'><strong><em>monasticam</em></strong></span> <span class='ocrx_word' id='word_1_373' title='bbox 1085 3512 1430 3582; x_wconf 88' lang='lat' dir='ltr'><strong><em>disciplinam</em></strong></span> <span class='ocrx_word' id='word_1_374' title='bbox 1457 3519 1703 3573; x_wconf 85' lang='lat' dir='ltr'><strong><em>secutus,</em></strong></span> <span class='ocrx_word' id='word_1_375' title='bbox 1741 3518 1798 3563; x_wconf 91' lang='lat' dir='ltr'><strong><em>ut</em></strong></span> <span class='ocrx_word' id='word_1_376' title='bbox 1825 3511 2017 3566; x_wconf 90' lang='lat' dir='ltr'><strong><em>scribit</em></strong></span> <span class='ocrx_word' id='word_1_377' title='bbox 2044 3509 2418 3566; x_wconf 86' lang='lat' dir='ltr'><strong><em>Theodoretus</em></strong></span> <span class='ocrx_word' id='word_1_378' title='bbox 2443 3510 2537 3564; x_wconf 90' lang='lat' dir='ltr'><strong><em>lib.</em></strong></span> <span class='ocrx_word' id='word_1_379' title='bbox 2570 3525 2645 3574; x_wconf 83' lang='lat' dir='ltr'><strong><em>tv,</em></strong></span> <span class='ocrx_word' id='word_1_380' title='bbox 2673 3525 2796 3580; x_wconf 88' lang='lat' dir='ltr'><strong><em>cap.</em></strong></span> <span class='ocrx_word' id='word_1_381' title='bbox 2828 3507 2897 3564; x_wconf 71' lang='lat'><strong><em>28</em></strong></span> <span class='ocrx_word' id='word_1_382' title='bbox 2920 3551 2936 3577; x_wconf 91' lang='lat'><strong><em>,</em></strong></span> <span class='ocrx_word' id='word_1_383' title='bbox 2985 3509 3052 3564; x_wconf 89' lang='lat' dir='ltr'><strong><em>ad</em></strong></span> <span class='ocrx_word' id='word_1_384' title='bbox 3083 3509 3406 3582; x_wconf 78' lang='lat' dir='ltr'><strong><em>theologiam</em></strong></span> <span class='ocrx_word' id='word_1_385' title='bbox 3438 3524 3497 3565; x_wconf 89' lang='lat' dir='ltr'><strong><em>se</em></strong></span> <span class='ocrx_word' id='word_1_386' title='bbox 3522 3509 3774 3573; x_wconf 89' lang='lat' dir='ltr'><strong><em>contulit,</em></strong></span> 
     </span>
    </p>
   </div>
   <div class='ocr_carea' id='block_1_48' title="bbox 532 3605 3773 3681">
    <p class='ocr_par' dir='ltr' id='par_1_48' title="bbox 532 3605 3773 3681">
     <span class='ocr_line' id='line_1_48' title="bbox 532 3605 3773 3681; baseline -0.001 -17"><span class='ocrx_word' id='word_1_387' title='bbox 532 3611 956 3681; x_wconf 76' lang='lat' dir='ltr'><strong><em>diligentemque</em></strong></span> <span class='ocrx_word' id='word_1_388' title='bbox 995 3608 1178 3664; x_wconf 85' lang='lat' dir='ltr'><strong><em>studio</em></strong></span> <span class='ocrx_word' id='word_1_389' title='bbox 1224 3623 1508 3664; x_wconf 87' lang='lat' dir='ltr'><strong><em>sacrarum</em></strong></span> <span class='ocrx_word' id='word_1_390' title='bbox 1549 3606 1880 3660; x_wconf 89' lang='lat' dir='ltr'><strong><em>Litterarum</em></strong></span> <span class='ocrx_word' id='word_1_391' title='bbox 1931 3621 2151 3676; x_wconf 89' lang='lat' dir='ltr'><strong><em>operam</em></strong></span> <span class='ocrx_word' id='word_1_392' title='bbox 2201 3605 2440 3661; x_wconf 88' lang='lat' dir='ltr'><strong><em>navavit.</em></strong></span> <span class='ocrx_word' id='word_1_393' title='bbox 2489 3605 2684 3660; x_wconf 85' lang='lat' dir='ltr'><strong><em>Postea</em></strong></span> <span class='ocrx_word' id='word_1_394' title='bbox 2736 3615 2918 3660; x_wconf 90' lang='lat' dir='ltr'><strong><em>tamen</em></strong></span> <span class='ocrx_word' id='word_1_395' title='bbox 2957 3621 3081 3660; x_wconf 88' lang='lat' dir='ltr'><strong><em>cum</em></strong></span> <span class='ocrx_word' id='word_1_396' title='bbox 3125 3605 3241 3675; x_wconf 87' lang='lat' dir='ltr'><strong><em>jam</em></strong></span> <span class='ocrx_word' id='word_1_397' title='bbox 3289 3605 3354 3661; x_wconf 91' lang='lat' dir='ltr'><strong><em>ad</em></strong></span> <span class='ocrx_word' id='word_1_398' title='bbox 3409 3605 3773 3676; x_wconf 72' lang='lat' dir='ltr'><strong><em>episc0patum</em></strong></span> 
     </span>
    </p>
   </div>
   <div class='ocr_carea' id='block_1_49' title="bbox 530 3700 3772 3776">
    <p class='ocr_par' dir='ltr' id='par_1_49' title="bbox 530 3700 3772 3776">
     <span class='ocr_line' id='line_1_49' title="bbox 530 3700 3772 3776; baseline -0.001 -18"><span class='ocrx_word' id='word_1_399' title='bbox 530 3705 718 3776; x_wconf 67' lang='lat' dir='ltr'><strong><em>Nyssaa</em></strong></span> <span class='ocrx_word' id='word_1_400' title='bbox 759 3705 1020 3768; x_wconf 87' lang='lat' dir='ltr'><strong><em>civitatis,</em></strong></span> <span class='ocrx_word' id='word_1_401' title='bbox 1050 3719 1082 3759; x_wconf 89' lang='lat' dir='ltr'><strong><em>a</em></strong></span> <span class='ocrx_word' id='word_1_402' title='bbox 1107 3718 1217 3774; x_wconf 89' lang='lat' dir='ltr'><strong><em>qua</em></strong></span> <span class='ocrx_word' id='word_1_403' title='bbox 1249 3702 1482 3774; x_wconf 78' lang='lat' dir='ltr'><strong><em>Nysseni</em></strong></span> <span class='ocrx_word' id='word_1_404' title='bbox 1524 3716 1725 3757; x_wconf 91' lang='lat' dir='ltr'><strong><em>nomen</em></strong></span> <span class='ocrx_word' id='word_1_405' title='bbox 1768 3703 1999 3772; x_wconf 90' lang='lat' dir='ltr'><strong><em>accepit,</em></strong></span> <span class='ocrx_word' id='word_1_406' title='bbox 2031 3701 2353 3773; x_wconf 87' lang='lat' dir='ltr'><strong><em>designatus</em></strong></span> <span class='ocrx_word' id='word_1_407' title='bbox 2383 3711 2488 3767; x_wconf 89' lang='lat' dir='ltr'><strong><em>est,</em></strong></span> <span class='ocrx_word' id='word_1_408' title='bbox 2521 3702 2728 3758; x_wconf 85' lang='lat' dir='ltr'><strong><em>sanctis</em></strong></span> <span class='ocrx_word' id='word_1_409' title='bbox 2757 3701 3054 3758; x_wconf 85' lang='lat' dir='ltr'><strong><em>Bibliorum</em></strong></span> <span class='ocrx_word' id='word_1_410' title='bbox 3082 3702 3259 3767; x_wconf 89' lang='lat' dir='ltr'><strong><em>libris,</em></strong></span> <span class='ocrx_word' id='word_1_411' title='bbox 3295 3715 3433 3773; x_wconf 88' lang='lat' dir='ltr'><strong><em>quos</em></strong></span> <span class='ocrx_word' id='word_1_412' title='bbox 3463 3702 3517 3756; x_wconf 92' lang='lat' dir='ltr'><strong><em>in</em></strong></span> <span class='ocrx_word' id='word_1_413' title='bbox 3542 3700 3772 3756; x_wconf 87' lang='lat' dir='ltr'><strong><em>ecclesia</em></strong></span> 
     </span>
    </p>
   </div>
   <div class='ocr_carea' id='block_1_50' title="bbox 533 3793 3772 3871">
    <p class='ocr_par' dir='ltr' id='par_1_50' title="bbox 533 3793 3772 3871">
     <span class='ocr_line' id='line_1_50' title="bbox 533 3793 3772 3871; baseline -0.002 -16"><span class='ocrx_word' id='word_1_414' title='bbox 533 3801 775 3855; x_wconf 89' lang='lat' dir='ltr'><strong><em>lectitare</em></strong></span> <span class='ocrx_word' id='word_1_415' title='bbox 805 3809 861 3856; x_wconf 91' lang='lat' dir='ltr'><strong><em>et</em></strong></span> <span class='ocrx_word' id='word_1_416' title='bbox 905 3799 1254 3871; x_wconf 86' lang='lat' dir='ltr'><strong><em>interpretari</em></strong></span> <span class='ocrx_word' id='word_1_417' title='bbox 1285 3799 1518 3866; x_wconf 87' lang='lat' dir='ltr'><strong><em>solebat,</em></strong></span> <span class='ocrx_word' id='word_1_418' title='bbox 1554 3797 1838 3869; x_wconf 76' lang='lat' dir='ltr'><strong><em>neglectis,</em></strong></span> <span class='ocrx_word' id='word_1_419' title='bbox 1870 3796 1939 3851; x_wconf 90' lang='lat' dir='ltr'><strong><em>ad</em></strong></span> <span class='ocrx_word' id='word_1_420' title='bbox 1984 3796 2312 3852; x_wconf 91' lang='lat' dir='ltr'><strong><em>rhetoricam</em></strong></span> <span class='ocrx_word' id='word_1_421' title='bbox 2344 3797 2541 3852; x_wconf 88' lang='lat' dir='ltr'><strong><em>iterum</em></strong></span> <span class='ocrx_word' id='word_1_422' title='bbox 2586 3795 2942 3867; x_wconf 86' lang='lat' dir='ltr'><strong><em>proﬁtendam</em></strong></span> <span class='ocrx_word' id='word_1_423' title='bbox 2978 3797 3220 3850; x_wconf 91' lang='lat' dir='ltr'><strong><em>animum</em></strong></span> <span class='ocrx_word' id='word_1_424' title='bbox 3264 3796 3550 3850; x_wconf 87' lang='lat' dir='ltr'><strong><em>convertit.</em></strong></span> <span class='ocrx_word' id='word_1_425' title='bbox 3598 3793 3772 3859; x_wconf 87' lang='lat' dir='ltr'><strong><em>Quam</em></strong></span> 
     </span>
    </p>
   </div>
   <div class='ocr_carea' id='block_1_51' title="bbox 529 3889 3771 3967">
    <p class='ocr_par' dir='ltr' id='par_1_51' title="bbox 529 3889 3771 3967">
     <span class='ocr_line' id='line_1_51' title="bbox 529 3889 3771 3967; baseline -0.004 -13"><span class='ocrx_word' id='word_1_426' title='bbox 529 3896 804 3954; x_wconf 89' lang='lat' dir='ltr'><strong><em>levitatem</em></strong></span> <span class='ocrx_word' id='word_1_427' title='bbox 831 3898 1359 3967; x_wconf 84' lang='lat' dir='ltr'><strong><em>mutabilitatomque</em></strong></span> <span class='ocrx_word' id='word_1_428' title='bbox 1389 3895 1607 3951; x_wconf 90' lang='lat' dir='ltr'><strong><em>consilii</em></strong></span> <span class='ocrx_word' id='word_1_429' title='bbox 1639 3893 1703 3951; x_wconf 92' lang='lat' dir='ltr'><strong><em>D.</em></strong></span> <span class='ocrx_word' id='word_1_430' title='bbox 1727 3893 2026 3966; x_wconf 77' lang='lat' dir='ltr'><strong><em>Gregorius</em></strong></span> <span class='ocrx_word' id='word_1_431' title='bbox 2054 3891 2432 3949; x_wconf 84' lang='lat' dir='ltr'><strong><em>Nazianzenus</em></strong></span> <span class='ocrx_word' id='word_1_432' title='bbox 2458 3893 2688 3963; x_wconf 88' lang='lat' dir='ltr'><strong><em>epistola</em></strong></span> <span class='ocrx_word' id='word_1_433' title='bbox 2718 3893 2786 3949; x_wconf 70' lang='lat'><strong>54</strong></span> <span class='ocrx_word' id='word_1_434' title='bbox 2810 3892 2876 3946; x_wconf 87' lang='lat' dir='ltr'><strong><em>ad</em></strong></span> <span class='ocrx_word' id='word_1_435' title='bbox 2899 3893 3048 3946; x_wconf 90' lang='lat' dir='ltr'><strong><em>illum</em></strong></span> <span class='ocrx_word' id='word_1_436' title='bbox 3075 3889 3324 3964; x_wconf 88' lang='lat' dir='ltr'><strong><em>pluribus</em></strong></span> <span class='ocrx_word' id='word_1_437' title='bbox 3352 3891 3555 3960; x_wconf 89' lang='lat' dir='ltr'><strong><em>scripta</em></strong></span> <span class='ocrx_word' id='word_1_438' title='bbox 3591 3903 3771 3958; x_wconf 85' lang='lat' dir='ltr'><strong><em>repre-</em></strong></span> 
     </span>
    </p>
   </div>
   <div class='ocr_carea' id='block_1_52' title="bbox 528 3984 3772 4062">
    <p class='ocr_par' dir='ltr' id='par_1_52' title="bbox 528 3984 3772 4062">
     <span class='ocr_line' id='line_1_52' title="bbox 528 3984 3772 4062; baseline -0.004 -14"><span class='ocrx_word' id='word_1_439' title='bbox 528 3993 738 4048; x_wconf 89' lang='lat' dir='ltr'><strong><em>hendit.</em></strong></span> <span class='ocrx_word' id='word_1_440' title='bbox 773 3993 894 4059; x_wconf 84' lang='lat' dir='ltr'><strong><em>Quo</em></strong></span> <span class='ocrx_word' id='word_1_441' title='bbox 919 4009 1046 4049; x_wconf 88' lang='lat' dir='ltr'><strong><em>vero</em></strong></span> <span class='ocrx_word' id='word_1_442' title='bbox 1084 4007 1230 4048; x_wconf 90' lang='lat' dir='ltr'><strong><em>anno</em></strong></span> <span class='ocrx_word' id='word_1_443' title='bbox 1273 3993 1343 4048; x_wconf 88' lang='lat' dir='ltr'><strong><em>ad</em></strong></span> <span class='ocrx_word' id='word_1_444' title='bbox 1371 4007 1498 4049; x_wconf 90' lang='lat' dir='ltr'><strong><em>eum</em></strong></span> <span class='ocrx_word' id='word_1_445' title='bbox 1526 3991 1903 4062; x_wconf 85' lang='lat' dir='ltr'><strong><em>episcopatum</em></strong></span> <span class='ocrx_word' id='word_1_446' title='bbox 1951 3989 2284 4059; x_wconf 89' lang='lat' dir='ltr'><strong><em>pervenerit,</em></strong></span> <span class='ocrx_word' id='word_1_447' title='bbox 2327 3997 2597 4043; x_wconf 73' lang='lat' dir='ltr'><strong><em>incertum</em></strong></span> <span class='ocrx_word' id='word_1_448' title='bbox 2635 3996 2757 4056; x_wconf 86' lang='lat' dir='ltr'><strong><em>est;</em></strong></span> <span class='ocrx_word' id='word_1_449' title='bbox 2802 3986 2898 4044; x_wconf 90' lang='lat' dir='ltr'><strong><em>sed</em></strong></span> <span class='ocrx_word' id='word_1_450' title='bbox 2941 4001 3058 4042; x_wconf 86' lang='lat' dir='ltr'><strong><em>eam</em></strong></span> <span class='ocrx_word' id='word_1_451' title='bbox 3109 3984 3488 4056; x_wconf 69' lang='lat' dir='ltr'><strong><em>praefecturam</em></strong></span> <span class='ocrx_word' id='word_1_452' title='bbox 3530 3992 3772 4053; x_wconf 82' lang='lat' dir='ltr'><strong><em>tempore</em></strong></span> 
     </span>
    </p>
   </div>
   <div class='ocr_carea' id='block_1_53' title="bbox 526 4079 3768 4158">
    <p class='ocr_par' dir='ltr' id='par_1_53' title="bbox 526 4079 3768 4158">
     <span class='ocr_line' id='line_1_53' title="bbox 526 4079 3768 4158; baseline -0.003 -18"><span class='ocrx_word' id='word_1_453' title='bbox 526 4085 772 4143; x_wconf 78' lang='lat' dir='ltr'><strong><em>Valentis</em></strong></span> <span class='ocrx_word' id='word_1_454' title='bbox 804 4087 1152 4158; x_wconf 87' lang='lat' dir='ltr'><strong><em>imperatoris</em></strong></span> <span class='ocrx_word' id='word_1_455' title='bbox 1173 4087 1286 4156; x_wconf 73' lang='lat' dir='ltr'><strong><em>iam</em></strong></span> <span class='ocrx_word' id='word_1_456' title='bbox 1315 4098 1428 4142; x_wconf 90' lang='lat' dir='ltr'><strong><em>tum</em></strong></span> <span class='ocrx_word' id='word_1_457' title='bbox 1461 4087 1706 4158; x_wconf 87' lang='lat' dir='ltr'><strong><em>gerebat,</em></strong></span> <span class='ocrx_word' id='word_1_458' title='bbox 1737 4101 1862 4141; x_wconf 90' lang='lat' dir='ltr'><strong><em>cum</em></strong></span> <span class='ocrx_word' id='word_1_459' title='bbox 1891 4099 1924 4141; x_wconf 87' lang='lat' dir='ltr'><strong><em>a</em></strong></span> <span class='ocrx_word' id='word_1_460' title='bbox 1951 4083 2012 4138; x_wconf 82' lang='grc' dir='ltr'><strong><em>Ι).</em></strong></span> <span class='ocrx_word' id='word_1_461' title='bbox 2038 4083 2240 4140; x_wconf 87' lang='lat' dir='ltr'><strong><em>Basilio</em></strong></span> <span class='ocrx_word' id='word_1_462' title='bbox 2267 4083 2617 4155; x_wconf 83' lang='lat' dir='ltr'><strong><em>episcopatus</em></strong></span> <span class='ocrx_word' id='word_1_463' title='bbox 2645 4083 2982 4140; x_wconf 87' lang='lat' dir='ltr'><strong><em>Sasimorum</em></strong></span> <span class='ocrx_word' id='word_1_464' title='bbox 3011 4081 3359 4136; x_wconf 80' lang='lat' dir='ltr'><strong><em>Nazianzeno</em></strong></span> <span class='ocrx_word' id='word_1_465' title='bbox 3383 4079 3636 4134; x_wconf 88' lang='lat' dir='ltr'><strong><em>decretus</em></strong></span> <span class='ocrx_word' id='word_1_466' title='bbox 3663 4087 3768 4133; x_wconf 86' lang='lat' dir='ltr'><strong><em>est.</em></strong></span> 
     </span>
    </p>
   </div>
   <div class='ocr_carea' id='block_1_54' title="bbox 526 4174 3773 4252">
    <p class='ocr_par' dir='ltr' id='par_1_54' title="bbox 526 4174 3773 4252">
     <span class='ocr_line' id='line_1_54' title="bbox 526 4174 3773 4252; baseline -0.002 -18"><span class='ocrx_word' id='word_1_467' title='bbox 526 4176 580 4234; x_wconf 86' lang='lat' dir='ltr'><strong><em>ls</em></strong></span> <span class='ocrx_word' id='word_1_468' title='bbox 607 4180 752 4235; x_wconf 88' lang='lat' dir='ltr'><strong><em>enim</em></strong></span> <span class='ocrx_word' id='word_1_469' title='bbox 779 4181 1044 4248; x_wconf 86' lang='lat' dir='ltr'><strong><em>postridie</em></strong></span> <span class='ocrx_word' id='word_1_470' title='bbox 1083 4182 1230 4237; x_wconf 88' lang='lat' dir='ltr'><strong><em>illius</em></strong></span> <span class='ocrx_word' id='word_1_471' title='bbox 1260 4181 1390 4248; x_wconf 92' lang='lat' dir='ltr'><strong><em>diei,</em></strong></span> <span class='ocrx_word' id='word_1_472' title='bbox 1415 4197 1536 4252; x_wconf 84' lang='lat' dir='ltr'><strong><em>quo</em></strong></span> <span class='ocrx_word' id='word_1_473' title='bbox 1575 4182 1862 4252; x_wconf 82' lang='lat' dir='ltr'><strong><em>episcopus</em></strong></span> <span class='ocrx_word' id='word_1_474' title='bbox 1891 4179 1994 4236; x_wconf 80' lang='lat' dir='ltr'><strong><em>fuit</em></strong></span> <span class='ocrx_word' id='word_1_475' title='bbox 2029 4189 2270 4244; x_wconf 86' lang='lat' dir='ltr'><strong><em>creatus,</em></strong></span> <span class='ocrx_word' id='word_1_476' title='bbox 2298 4179 2365 4234; x_wconf 89' lang='lat' dir='ltr'><strong><em>ad</em></strong></span> <span class='ocrx_word' id='word_1_477' title='bbox 2395 4178 2699 4252; x_wconf 85' lang='lat' dir='ltr'><strong><em>Nyssenum</em></strong></span> <span class='ocrx_word' id='word_1_478' title='bbox 2731 4178 2916 4234; x_wconf 88' lang='lat' dir='ltr'><strong><em>habita</em></strong></span> <span class='ocrx_word' id='word_1_479' title='bbox 2946 4179 3214 4242; x_wconf 89' lang='lat' dir='ltr'><strong><em>oratione,</em></strong></span> <span class='ocrx_word' id='word_1_480' title='bbox 3254 4175 3550 4230; x_wconf 82' lang='lat' dir='ltr'><strong><em>antistitem</em></strong></span> <span class='ocrx_word' id='word_1_481' title='bbox 3588 4174 3773 4244; x_wconf 88' lang='lat' dir='ltr'><strong><em>appel-</em></strong></span> 
     </span>
    </p>
   </div>
   <div class='ocr_carea' id='block_1_55' title="bbox 524 4270 3770 4345">
    <p class='ocr_par' dir='ltr' id='par_1_55' title="bbox 524 4270 3770 4345">
     <span class='ocr_line' id='line_1_55' title="bbox 524 4270 3770 4345; baseline 0.001 -21"><span class='ocrx_word' id='word_1_482' title='bbox 524 4271 602 4326; x_wconf 84' lang='lat' dir='ltr'><strong><em>lat</em></strong></span> <span class='ocrx_word' id='word_1_483' title='bbox 640 4275 916 4345; x_wconf 88' lang='lat' dir='ltr'><strong><em>tantisque</em></strong></span> <span class='ocrx_word' id='word_1_484' title='bbox 958 4274 1211 4330; x_wconf 88' lang='lat' dir='ltr'><strong><em>laudibus</em></strong></span> <span class='ocrx_word' id='word_1_485' title='bbox 1248 4275 1410 4339; x_wconf 86' lang='lat' dir='ltr'><strong><em>tollit,</em></strong></span> <span class='ocrx_word' id='word_1_486' title='bbox 1443 4284 1502 4330; x_wconf 95' lang='lat' dir='ltr'><strong><em>ut</em></strong></span> <span class='ocrx_word' id='word_1_487' title='bbox 1531 4275 1706 4345; x_wconf 85' lang='lat' dir='ltr'><strong><em>ipsius</em></strong></span> <span class='ocrx_word' id='word_1_488' title='bbox 1733 4275 2153 4341; x_wconf 83' lang='lat' dir='ltr'><strong><em>commendatio,</em></strong></span> <span class='ocrx_word' id='word_1_489' title='bbox 2215 4277 2318 4332; x_wconf 82' lang='lat' dir='ltr'><strong><em>etsi</em></strong></span> <span class='ocrx_word' id='word_1_490' title='bbox 2353 4283 2570 4330; x_wconf 84' lang='lat' dir='ltr'><strong><em>taceant</em></strong></span> <span class='ocrx_word' id='word_1_491' title='bbox 2597 4275 2801 4339; x_wconf 60' lang='lat' dir='ltr'><strong><em>caeteri,</em></strong></span> <span class='ocrx_word' id='word_1_492' title='bbox 2833 4273 3142 4329; x_wconf 69' lang='lat' dir='ltr'><strong><em>Graecorum</em></strong></span> <span class='ocrx_word' id='word_1_493' title='bbox 3178 4273 3419 4327; x_wconf 88' lang='lat' dir='ltr'><strong><em>omnium</em></strong></span> <span class='ocrx_word' id='word_1_494' title='bbox 3447 4270 3617 4325; x_wconf 90' lang='lat' dir='ltr'><strong><em>instar</em></strong></span> <span class='ocrx_word' id='word_1_495' title='bbox 3647 4285 3770 4326; x_wconf 87' lang='lat' dir='ltr'><strong><em>esse</em></strong></span> 
     </span>
    </p>
   </div>
   <div class='ocr_carea' id='block_1_56' title="bbox 424 4367 3769 4442">
    <p class='ocr_par' dir='ltr' id='par_1_56' title="bbox 424 4367 3769 4442">
     <span class='ocr_line' id='line_1_56' title="bbox 424 4367 3769 4442; baseline -0 -22"><span class='ocrx_word' id='word_1_496' title='bbox 424 4414 434 4429; x_wconf 87' lang='lat'><strong><em>_.</em></strong></span> <span class='ocrx_word' id='word_1_497' title='bbox 523 4370 718 4437; x_wconf 85' lang='lat' dir='ltr'><strong><em>possit.</em></strong></span> <span class='ocrx_word' id='word_1_498' title='bbox 751 4369 884 4424; x_wconf 87' lang='lat' dir='ltr'><strong><em>Cum</em></strong></span> <span class='ocrx_word' id='word_1_499' title='bbox 917 4379 1098 4425; x_wconf 87' lang='lat' dir='ltr'><strong><em>autem</em></strong></span> <span class='ocrx_word' id='word_1_500' title='bbox 1129 4385 1274 4426; x_wconf 85' lang='lat' dir='ltr'><strong><em>anno</em></strong></span> <span class='ocrx_word' id='word_1_501' title='bbox 1307 4369 1410 4425; x_wconf 75' lang='grc'><strong><em>584</em></strong></span> <span class='ocrx_word' id='word_1_502' title='bbox 1437 4371 1707 4441; x_wconf 88' lang='lat' dir='ltr'><strong><em>synodum</em></strong></span> <span class='ocrx_word' id='word_1_503' title='bbox 1741 4372 2124 4442; x_wconf 84' lang='lat' dir='ltr'><strong><em>episcOporum</em></strong></span> <span class='ocrx_word' id='word_1_504' title='bbox 2151 4378 2342 4426; x_wconf 83' lang='lat' dir='ltr'><strong><em>contra</em></strong></span> <span class='ocrx_word' id='word_1_505' title='bbox 2377 4369 2799 4426; x_wconf 72' lang='lat' dir='ltr'><strong><em>Macedonianos</em></strong></span> <span class='ocrx_word' id='word_1_506' title='bbox 2835 4367 3367 4437; x_wconf 84' lang='lat' dir='ltr'><strong><em>Constantinopolim</em></strong></span> <span class='ocrx_word' id='word_1_507' title='bbox 3409 4371 3769 4421; x_wconf 83' lang='lat' dir='ltr'><strong><em>convocasset</em></strong></span> 
     </span>
    </p>
   </div>
   <div class='ocr_carea' id='block_1_57' title="bbox 522 4457 3762 4536">
    <p class='ocr_par' dir='ltr' id='par_1_57' title="bbox 522 4457 3762 4536">
     <span class='ocr_line' id='line_1_57' title="bbox 522 4457 3762 4536; baseline -0.001 -20"><span class='ocrx_word' id='word_1_508' title='bbox 522 4457 864 4518; x_wconf 81' lang='lat' dir='ltr'><strong><em>Theodosius</em></strong></span> <span class='ocrx_word' id='word_1_509' title='bbox 894 4465 1208 4534; x_wconf 87' lang='lat' dir='ltr'><strong><em>imperator,</em></strong></span> <span class='ocrx_word' id='word_1_510' title='bbox 1244 4465 1635 4534; x_wconf 79' lang='lat' dir='ltr'><strong><em>decretumque</em></strong></span> <span class='ocrx_word' id='word_1_511' title='bbox 1667 4474 1812 4522; x_wconf 87' lang='lat' dir='ltr'><strong><em>esset</em></strong></span> <span class='ocrx_word' id='word_1_512' title='bbox 1841 4473 1902 4521; x_wconf 88' lang='lat' dir='ltr'><strong><em>ut</em></strong></span> <span class='ocrx_word' id='word_1_513' title='bbox 1927 4467 2112 4521; x_wconf 88' lang='lat' dir='ltr'><strong><em>nullus</em></strong></span> <span class='ocrx_word' id='word_1_514' title='bbox 2145 4467 2435 4536; x_wconf 88' lang='lat' dir='ltr'><strong><em>episcopus</em></strong></span> <span class='ocrx_word' id='word_1_515' title='bbox 2473 4466 2663 4521; x_wconf 87' lang='lat' dir='ltr'><strong><em>relicta</em></strong></span> <span class='ocrx_word' id='word_1_516' title='bbox 2691 4481 2791 4522; x_wconf 88' lang='lat' dir='ltr'><strong><em>sua</em></strong></span> <span class='ocrx_word' id='word_1_517' title='bbox 2822 4465 3048 4522; x_wconf 69' lang='lat' dir='ltr'><strong><em>diuacesi</em></strong></span> <span class='ocrx_word' id='word_1_518' title='bbox 3073 4463 3140 4518; x_wconf 91' lang='lat' dir='ltr'><strong><em>ad</em></strong></span> <span class='ocrx_word' id='word_1_519' title='bbox 3171 4464 3378 4518; x_wconf 86' lang='lat' dir='ltr'><strong><em>alienas</em></strong></span> <span class='ocrx_word' id='word_1_520' title='bbox 3413 4461 3762 4532; x_wconf 76' lang='lat' dir='ltr'><strong><em>demigrarat,</em></strong></span> 
     </span>
    </p>
   </div>
   <div class='ocr_carea' id='block_1_58' title="bbox 523 4555 3762 4631">
    <p class='ocr_par' dir='ltr' id='par_1_58' title="bbox 523 4555 3762 4631">
     <span class='ocr_line' id='line_1_58' title="bbox 523 4555 3762 4631; baseline 0 -22"><span class='ocrx_word' id='word_1_521' title='bbox 523 4563 654 4611; x_wconf 90' lang='lat' dir='ltr'><strong><em>tunc</em></strong></span> <span class='ocrx_word' id='word_1_522' title='bbox 691 4556 995 4627; x_wconf 88' lang='lat' dir='ltr'><strong><em>dispertitis</em></strong></span> <span class='ocrx_word' id='word_1_523' title='bbox 1041 4573 1136 4628; x_wconf 90' lang='lat' dir='ltr'><strong><em>per</em></strong></span> <span class='ocrx_word' id='word_1_524' title='bbox 1178 4559 1490 4630; x_wconf 86' lang='lat' dir='ltr'><strong><em>provincias</em></strong></span> <span class='ocrx_word' id='word_1_525' title='bbox 1535 4558 1816 4628; x_wconf 86' lang='lat' dir='ltr'><strong><em>Ecclesiis,</em></strong></span> <span class='ocrx_word' id='word_1_526' title='bbox 1865 4561 2115 4616; x_wconf 63' lang='lat' dir='ltr'><strong><em>Caesarea</em></strong></span> <span class='ocrx_word' id='word_1_527' title='bbox 2161 4568 2286 4631; x_wconf 89' lang='lat' dir='ltr'><strong><em>post</em></strong></span> <span class='ocrx_word' id='word_1_528' title='bbox 2319 4559 2638 4616; x_wconf 80' lang='lat' dir='ltr'><strong><em>defunctum</em></strong></span> <span class='ocrx_word' id='word_1_529' title='bbox 2685 4561 2970 4626; x_wconf 89' lang='lat' dir='ltr'><strong><em>Basilium,</em></strong></span> <span class='ocrx_word' id='word_1_530' title='bbox 3018 4559 3239 4616; x_wconf 79' lang='lat' dir='ltr'><strong><em>obvenit</em></strong></span> <span class='ocrx_word' id='word_1_531' title='bbox 3282 4557 3438 4613; x_wconf 78' lang='lat' dir='ltr'><strong><em>fratri</em></strong></span> <span class='ocrx_word' id='word_1_532' title='bbox 3479 4555 3762 4627; x_wconf 76' lang='lat' dir='ltr'><strong><em>Gregorio,</em></strong></span> 
     </span>
    </p>
   </div>
   <div class='ocr_carea' id='block_1_59' title="bbox 519 4647 3764 4728">
    <p class='ocr_par' dir='ltr' id='par_1_59' title="bbox 519 4647 3764 4728">
     <span class='ocr_line' id='line_1_59' title="bbox 519 4647 3764 4728; baseline 0 -23"><span class='ocrx_word' id='word_1_533' title='bbox 519 4647 708 4724; x_wconf 70' lang='lat' dir='ltr'><strong><em>Nyssa:</em></strong></span> <span class='ocrx_word' id='word_1_534' title='bbox 731 4654 884 4723; x_wconf 89' lang='lat' dir='ltr'><strong><em>prius</em></strong></span> <span class='ocrx_word' id='word_1_535' title='bbox 907 4655 1186 4726; x_wconf 79' lang='lat' dir='ltr'><strong><em>episcopo,</em></strong></span> <span class='ocrx_word' id='word_1_536' title='bbox 1223 4665 1283 4711; x_wconf 92' lang='lat' dir='ltr'><strong><em>ut</em></strong></span> <span class='ocrx_word' id='word_1_537' title='bbox 1307 4657 1500 4711; x_wconf 89' lang='lat' dir='ltr'><strong><em>scribit</em></strong></span> <span class='ocrx_word' id='word_1_538' title='bbox 1535 4655 1792 4712; x_wconf 89' lang='lat' dir='ltr'><strong><em>Socrates</em></strong></span> <span class='ocrx_word' id='word_1_539' title='bbox 1820 4656 1945 4712; x_wconf 92' lang='lat' dir='ltr'><strong><em>libr.</em></strong></span> <span class='ocrx_word' id='word_1_540' title='bbox 1975 4673 2029 4722; x_wconf 76' lang='grc' dir='ltr'><strong><em>ν,</em></strong></span> <span class='ocrx_word' id='word_1_541' title='bbox 2066 4671 2188 4728; x_wconf 89' lang='lat' dir='ltr'><strong><em>cap.</em></strong></span> <span class='ocrx_word' id='word_1_542' title='bbox 2218 4656 2273 4712; x_wconf 88' lang='lat'><strong><em>8.</em></strong></span> <span class='ocrx_word' id='word_1_543' title='bbox 2307 4655 2406 4712; x_wconf 87' lang='lat' dir='ltr'><strong><em>llic</em></strong></span> <span class='ocrx_word' id='word_1_544' title='bbox 2440 4657 2631 4712; x_wconf 88' lang='lat' dir='ltr'><strong><em>habuit</em></strong></span> <span class='ocrx_word' id='word_1_545' title='bbox 2661 4673 2910 4722; x_wconf 71' lang='lat' dir='ltr'><strong><em>uxorem,</em></strong></span> <span class='ocrx_word' id='word_1_546' title='bbox 2945 4664 3003 4710; x_wconf 91' lang='lat' dir='ltr'><strong><em>ut</em></strong></span> <span class='ocrx_word' id='word_1_547' title='bbox 3031 4655 3273 4711; x_wconf 64' lang='lat' dir='ltr'><strong><em>historiae</em></strong></span> <span class='ocrx_word' id='word_1_548' title='bbox 3303 4653 3578 4708; x_wconf 73' lang='lat' dir='ltr'><strong><em>mandavnt</em></strong></span> <span class='ocrx_word' id='word_1_549' title='bbox 3601 4649 3764 4706; x_wconf 83' lang='lat' dir='ltr'><strong><em>Nice-</em></strong></span> 
     </span>
    </p>
   </div>
   <div class='ocr_carea' id='block_1_60' title="bbox 519 4744 3765 4821">
    <p class='ocr_par' dir='ltr' id='par_1_60' title="bbox 519 4744 3765 4821">
     <span class='ocr_line' id='line_1_60' title="bbox 519 4744 3765 4821; baseline 0.001 -23"><span class='ocrx_word' id='word_1_550' title='bbox 519 4744 728 4816; x_wconf 91' lang='lat' dir='ltr'><strong><em>phorus</em></strong></span> <span class='ocrx_word' id='word_1_551' title='bbox 755 4746 850 4800; x_wconf 91' lang='lat' dir='ltr'><strong><em>lib.</em></strong></span> <span class='ocrx_word' id='word_1_552' title='bbox 890 4761 965 4812; x_wconf 74' lang='grc' dir='ltr'>ιι,</span> <span class='ocrx_word' id='word_1_553' title='bbox 1001 4761 1122 4818; x_wconf 89' lang='lat' dir='ltr'><strong><em>cap.</em></strong></span> <span class='ocrx_word' id='word_1_554' title='bbox 1158 4747 1246 4803; x_wconf 78' lang='lat' dir='ltr'><strong><em>i9.</em></strong></span> <span class='ocrx_word' id='word_1_555' title='bbox 1293 4748 1448 4814; x_wconf 84' lang='lat' dir='ltr'><strong><em>Quod</em></strong></span> <span class='ocrx_word' id='word_1_556' title='bbox 1475 4760 1657 4805; x_wconf 84' lang='lat' dir='ltr'><strong><em>tamen</em></strong></span> <span class='ocrx_word' id='word_1_557' title='bbox 1705 4749 1798 4804; x_wconf 76' lang='lat' dir='ltr'><strong><em>vix</em></strong></span> <span class='ocrx_word' id='word_1_558' title='bbox 1837 4749 2058 4820; x_wconf 89' lang='lat' dir='ltr'><strong><em>probari</em></strong></span> <span class='ocrx_word' id='word_1_559' title='bbox 2096 4749 2290 4820; x_wconf 85' lang='lat' dir='ltr'><strong><em>possit,</em></strong></span> <span class='ocrx_word' id='word_1_560' title='bbox 2325 4756 2386 4804; x_wconf 91' lang='lat' dir='ltr'><strong><em>ut</em></strong></span> <span class='ocrx_word' id='word_1_561' title='bbox 2422 4750 2590 4821; x_wconf 88' lang='lat' dir='ltr'><strong><em>aliqui</em></strong></span> <span class='ocrx_word' id='word_1_562' title='bbox 2623 4757 2871 4815; x_wconf 89' lang='lat' dir='ltr'><strong><em>censent,</em></strong></span> <span class='ocrx_word' id='word_1_563' title='bbox 2915 4764 2983 4804; x_wconf 78' lang='lat' dir='ltr'><strong><em>ex</em></strong></span> <span class='ocrx_word' id='word_1_564' title='bbox 3031 4746 3362 4802; x_wconf 82' lang='lat' dir='ltr'><strong><em>Nazianzeni</em></strong></span> <span class='ocrx_word' id='word_1_565' title='bbox 3409 4744 3657 4800; x_wconf 90' lang='lat' dir='ltr'><strong><em>oratione</em></strong></span> <span class='ocrx_word' id='word_1_566' title='bbox 3693 4744 3765 4802; x_wconf 87' lang='lat' dir='ltr'><strong><em>de</em></strong></span> 
     </span>
    </p>
   </div>
   <div class='ocr_carea' id='block_1_61' title="bbox 515 4839 3761 4917">
    <p class='ocr_par' dir='ltr' id='par_1_61' title="bbox 515 4839 3761 4917">
     <span class='ocr_line' id='line_1_61' title="bbox 515 4839 3761 4917; baseline 0 -21"><span class='ocrx_word' id='word_1_567' title='bbox 515 4840 773 4898; x_wconf 89' lang='lat' dir='ltr'><strong><em>laudibus</em></strong></span> <span class='ocrx_word' id='word_1_568' title='bbox 796 4840 1004 4909; x_wconf 87' lang='lat' dir='ltr'><strong><em>Basilii;</em></strong></span> <span class='ocrx_word' id='word_1_569' title='bbox 1030 4859 1157 4897; x_wconf 90' lang='lat' dir='ltr'><strong><em>nam</em></strong></span> <span class='ocrx_word' id='word_1_570' title='bbox 1181 4858 1305 4899; x_wconf 91' lang='lat' dir='ltr'><strong><em>cum</em></strong></span> <span class='ocrx_word' id='word_1_571' title='bbox 1333 4852 1586 4914; x_wconf 89' lang='lat' dir='ltr'><strong><em>parentes</em></strong></span> <span class='ocrx_word' id='word_1_572' title='bbox 1629 4855 1738 4899; x_wconf 91' lang='lat' dir='ltr'><strong><em>tam</em></strong></span> <span class='ocrx_word' id='word_1_573' title='bbox 1771 4846 2002 4916; x_wconf 74' lang='lat' dir='ltr'><strong><em>egregiae</em></strong></span> <span class='ocrx_word' id='word_1_574' title='bbox 2038 4844 2244 4902; x_wconf 86' lang='lat' dir='ltr'><strong><em>sobolis</em></strong></span> <span class='ocrx_word' id='word_1_575' title='bbox 2286 4847 2665 4917; x_wconf 88' lang='lat' dir='ltr'><strong><em>procreatione</em></strong></span> <span class='ocrx_word' id='word_1_576' title='bbox 2695 4846 2910 4902; x_wconf 86' lang='lat' dir='ltr'><strong><em>nobiles</em></strong></span> <span class='ocrx_word' id='word_1_577' title='bbox 2942 4843 3113 4900; x_wconf 79' lang='lat' dir='ltr'><strong><em>fuisse</em></strong></span> <span class='ocrx_word' id='word_1_578' title='bbox 3145 4842 3401 4907; x_wconf 90' lang='lat' dir='ltr'><strong><em>ostendit,</em></strong></span> <span class='ocrx_word' id='word_1_579' title='bbox 3435 4839 3516 4909; x_wconf 86' lang='lat' dir='ltr'><strong><em>ld,</em></strong></span> <span class='ocrx_word' id='word_1_580' title='bbox 3564 4841 3761 4912; x_wconf 85' lang='lat' dir='ltr'><strong><em>inquit,</em></strong></span> 
     </span>
    </p>
   </div>
   <div class='ocr_carea' id='block_1_62' title="bbox 517 4938 3760 5014">
    <p class='ocr_par' dir='ltr' id='par_1_62' title="bbox 517 4938 3760 5014">
     <span class='ocr_line' id='line_1_62' title="bbox 517 4938 3760 5014; baseline -0.001 -19"><span class='ocrx_word' id='word_1_581' title='bbox 517 4940 860 4998; x_wconf 88' lang='lat' dir='ltr'><strong><em>demonstrat</em></strong></span> <span class='ocrx_word' id='word_1_582' title='bbox 887 4943 1084 4998; x_wconf 88' lang='lat' dir='ltr'><strong><em>beatus</em></strong></span> <span class='ocrx_word' id='word_1_583' title='bbox 1117 4943 1465 4999; x_wconf 89' lang='lat' dir='ltr'><strong><em>sacerdotum</em></strong></span> <span class='ocrx_word' id='word_1_584' title='bbox 1509 4953 1564 4999; x_wconf 92' lang='lat' dir='ltr'><strong><em>et</em></strong></span> <span class='ocrx_word' id='word_1_585' title='bbox 1587 4943 1860 5014; x_wconf 89' lang='lat' dir='ltr'><strong><em>virginum</em></strong></span> <span class='ocrx_word' id='word_1_586' title='bbox 1893 4957 2177 5012; x_wconf 87' lang='lat' dir='ltr'><strong><em>numerus,</em></strong></span> <span class='ocrx_word' id='word_1_587' title='bbox 2215 4951 2270 5000; x_wconf 92' lang='lat' dir='ltr'><strong><em>et</em></strong></span> <span class='ocrx_word' id='word_1_588' title='bbox 2301 4957 2492 4998; x_wconf 89' lang='lat' dir='ltr'><strong><em>eorum</em></strong></span> <span class='ocrx_word' id='word_1_589' title='bbox 2524 4943 2618 5013; x_wconf 91' lang='lat' dir='ltr'><strong><em>qui</em></strong></span> <span class='ocrx_word' id='word_1_590' title='bbox 2649 4942 2705 4998; x_wconf 92' lang='lat' dir='ltr'><strong><em>in</em></strong></span> <span class='ocrx_word' id='word_1_591' title='bbox 2742 4943 2854 4997; x_wconf 86' lang='lat' dir='ltr'><strong><em>vita</em></strong></span> <span class='ocrx_word' id='word_1_592' title='bbox 2888 4939 3178 5012; x_wconf 75' lang='lat' dir='ltr'><strong><em>coniugata</em></strong></span> <span class='ocrx_word' id='word_1_593' title='bbox 3208 4941 3484 5002; x_wconf 80' lang='lat' dir='ltr'><strong><em>vixerunt,</em></strong></span> <span class='ocrx_word' id='word_1_594' title='bbox 3517 4945 3626 4994; x_wconf 88' lang='lat' dir='ltr'><strong><em>etc.</em></strong></span> <span class='ocrx_word' id='word_1_595' title='bbox 3658 4938 3760 4992; x_wconf 77' lang='lat' dir='ltr'><strong><em>Sa-</em></strong></span> 
     </span>
    </p>
   </div>
   <div class='ocr_carea' id='block_1_63' title="bbox 515 5035 3761 5114">
    <p class='ocr_par' dir='ltr' id='par_1_63' title="bbox 515 5035 3761 5114">
     <span class='ocr_line' id='line_1_63' title="bbox 515 5035 3761 5114; baseline -0.002 -19"><span class='ocrx_word' id='word_1_596' title='bbox 515 5039 766 5096; x_wconf 84' lang='lat' dir='ltr'><strong><em>cerdotes</em></strong></span> <span class='ocrx_word' id='word_1_597' title='bbox 789 5041 981 5111; x_wconf 89' lang='lat' dir='ltr'><strong><em>procul</em></strong></span> <span class='ocrx_word' id='word_1_598' title='bbox 1012 5040 1180 5096; x_wconf 92' lang='lat' dir='ltr'><strong><em>dubio</em></strong></span> <span class='ocrx_word' id='word_1_599' title='bbox 1221 5040 1437 5096; x_wconf 80' lang='lat' dir='ltr'><strong><em>fuerunt</em></strong></span> <span class='ocrx_word' id='word_1_600' title='bbox 1462 5039 1719 5105; x_wconf 89' lang='lat' dir='ltr'><strong><em>Basilius,</em></strong></span> <span class='ocrx_word' id='word_1_601' title='bbox 1750 5040 2066 5114; x_wconf 88' lang='lat' dir='ltr'><strong><em>Gregorius,</em></strong></span> <span class='ocrx_word' id='word_1_602' title='bbox 2095 5049 2150 5099; x_wconf 90' lang='lat' dir='ltr'><strong><em>et</em></strong></span> <span class='ocrx_word' id='word_1_603' title='bbox 2185 5039 2382 5096; x_wconf 87' lang='lat' dir='ltr'><strong><em>Petrus</em></strong></span> <span class='ocrx_word' id='word_1_604' title='bbox 2421 5038 2664 5096; x_wconf 71' lang='lat' dir='ltr'><strong><em>Sebasta:</em></strong></span> <span class='ocrx_word' id='word_1_605' title='bbox 2701 5039 3014 5111; x_wconf 80' lang='lat' dir='ltr'><strong><em>episcopus,</em></strong></span> <span class='ocrx_word' id='word_1_606' title='bbox 3049 5050 3211 5109; x_wconf 88' lang='lat' dir='ltr'><strong><em>quem</em></strong></span> <span class='ocrx_word' id='word_1_607' title='bbox 3250 5035 3484 5092; x_wconf 86' lang='lat' dir='ltr'><strong><em>Basilius</em></strong></span> <span class='ocrx_word' id='word_1_608' title='bbox 3515 5035 3631 5106; x_wconf 86' lang='lat' dir='ltr'><strong><em>ipse</em></strong></span> <span class='ocrx_word' id='word_1_609' title='bbox 3665 5046 3761 5089; x_wconf 83' lang='lat' dir='ltr'><strong><em>sa-</em></strong></span> 
     </span>
    </p>
   </div>
   <div class='ocr_carea' id='block_1_64' title="bbox 515 5132 3754 5210">
    <p class='ocr_par' dir='ltr' id='par_1_64' title="bbox 515 5132 3754 5210">
     <span class='ocr_line' id='line_1_64' title="bbox 515 5132 3754 5210; baseline -0.001 -22"><span class='ocrx_word' id='word_1_610' title='bbox 515 5134 627 5188; x_wconf 87' lang='lat' dir='ltr'><strong><em>cris</em></strong></span> <span class='ocrx_word' id='word_1_611' title='bbox 657 5133 914 5202; x_wconf 86' lang='lat' dir='ltr'><strong><em>initiavit,</em></strong></span> <span class='ocrx_word' id='word_1_612' title='bbox 947 5143 1002 5190; x_wconf 90' lang='lat' dir='ltr'><strong><em>et</em></strong></span> <span class='ocrx_word' id='word_1_613' title='bbox 1025 5134 1093 5189; x_wconf 92' lang='lat' dir='ltr'><strong><em>ad</em></strong></span> <span class='ocrx_word' id='word_1_614' title='bbox 1124 5136 1444 5207; x_wconf 85' lang='lat' dir='ltr'><strong><em>presbyterii</em></strong></span> <span class='ocrx_word' id='word_1_615' title='bbox 1479 5135 1798 5206; x_wconf 81' lang='lat' dir='ltr'><strong><em>dignitatem</em></strong></span> <span class='ocrx_word' id='word_1_616' title='bbox 1832 5138 2112 5210; x_wconf 80' lang='lat' dir='ltr'><strong><em>provexit;</em></strong></span> <span class='ocrx_word' id='word_1_617' title='bbox 2150 5153 2309 5194; x_wconf 89' lang='lat' dir='ltr'><strong><em>soror</em></strong></span> <span class='ocrx_word' id='word_1_618' title='bbox 2342 5147 2519 5194; x_wconf 88' lang='lat' dir='ltr'><strong><em>autem</em></strong></span> <span class='ocrx_word' id='word_1_619' title='bbox 2553 5136 2793 5191; x_wconf 78' lang='lat' dir='ltr'><strong><em>Macrina</em></strong></span> <span class='ocrx_word' id='word_1_620' title='bbox 2825 5145 2878 5192; x_wconf 95' lang='lat' dir='ltr'><strong><em>et</em></strong></span> <span class='ocrx_word' id='word_1_621' title='bbox 2915 5133 3242 5190; x_wconf 77' lang='lat' dir='ltr'><strong><em>Naucratius</em></strong></span> <span class='ocrx_word' id='word_1_622' title='bbox 3271 5133 3438 5188; x_wconf 71' lang='lat' dir='ltr'><strong><em>inter</em></strong></span> <span class='ocrx_word' id='word_1_623' title='bbox 3463 5132 3630 5186; x_wconf 87' lang='lat' dir='ltr'><strong><em>vitam</em></strong></span> <span class='ocrx_word' id='word_1_624' title='bbox 3661 5143 3754 5184; x_wconf 79' lang='lat' dir='ltr'><strong><em>so-</em></strong></span> 
     </span>
    </p>
   </div>
   <div class='ocr_carea' id='block_1_65' title="bbox 512 5223 3755 5298">
    <p class='ocr_par' dir='ltr' id='par_1_65' title="bbox 512 5223 3755 5298">
     <span class='ocr_line' id='line_1_65' title="bbox 512 5223 3755 5298; baseline -0.002 -18"><span class='ocrx_word' id='word_1_625' title='bbox 512 5225 751 5280; x_wconf 70' lang='lat' dir='ltr'><strong><em>litariam</em></strong></span> <span class='ocrx_word' id='word_1_626' title='bbox 805 5235 860 5282; x_wconf 88' lang='lat' dir='ltr'><strong><em>et</em></strong></span> <span class='ocrx_word' id='word_1_627' title='bbox 903 5227 1119 5298; x_wconf 90' lang='lat' dir='ltr'><strong><em>inopem</em></strong></span> <span class='ocrx_word' id='word_1_628' title='bbox 1159 5237 1288 5284; x_wconf 90' lang='lat' dir='ltr'><strong><em>sunt</em></strong></span> <span class='ocrx_word' id='word_1_629' title='bbox 1337 5230 1626 5297; x_wconf 73' lang='lat' dir='ltr'><strong><em>complexi,</em></strong></span> <span class='ocrx_word' id='word_1_630' title='bbox 1671 5237 1729 5282; x_wconf 91' lang='lat' dir='ltr'><strong><em>ut</em></strong></span> <span class='ocrx_word' id='word_1_631' title='bbox 1776 5228 1844 5284; x_wconf 89' lang='lat' dir='ltr'><strong><em>de</em></strong></span> <span class='ocrx_word' id='word_1_632' title='bbox 1885 5229 1993 5282; x_wconf 89' lang='lat' dir='ltr'><strong><em>vita</em></strong></span> <span class='ocrx_word' id='word_1_633' title='bbox 2033 5230 2284 5285; x_wconf 74' lang='lat' dir='ltr'><strong><em>Macrinaa</em></strong></span> <span class='ocrx_word' id='word_1_634' title='bbox 2317 5231 2561 5285; x_wconf 86' lang='lat' dir='ltr'><strong><em>continet</em></strong></span> <span class='ocrx_word' id='word_1_635' title='bbox 2589 5229 2840 5298; x_wconf 86' lang='lat' dir='ltr'><strong><em>epistola,</em></strong></span> <span class='ocrx_word' id='word_1_636' title='bbox 2879 5242 3000 5298; x_wconf 68' lang='lat' dir='ltr'><strong><em>qum</em></strong></span> <span class='ocrx_word' id='word_1_637' title='bbox 3045 5225 3291 5298; x_wconf 82' lang='lat' dir='ltr'><strong><em>Nysseno</em></strong></span> <span class='ocrx_word' id='word_1_638' title='bbox 3333 5224 3573 5294; x_wconf 85' lang='lat' dir='ltr'><strong><em>ascripta</em></strong></span> <span class='ocrx_word' id='word_1_639' title='bbox 3612 5223 3755 5277; x_wconf 87' lang='lat' dir='ltr'><strong><em>inter</em></strong></span> 
     </span>
    </p>
   </div>
   <div class='ocr_carea' id='block_1_66' title="bbox 512 5319 3751 5397">
    <p class='ocr_par' dir='ltr' id='par_1_66' title="bbox 512 5319 3751 5397">
     <span class='ocr_line' id='line_1_66' title="bbox 512 5319 3751 5397; baseline -0.002 -17"><span class='ocrx_word' id='word_1_640' title='bbox 512 5332 830 5381; x_wconf 89' lang='lat' dir='ltr'><strong><em>sanctorum</em></strong></span> <span class='ocrx_word' id='word_1_641' title='bbox 867 5325 1128 5382; x_wconf 88' lang='lat' dir='ltr'><strong><em>historias</em></strong></span> <span class='ocrx_word' id='word_1_642' title='bbox 1167 5339 1263 5396; x_wconf 89' lang='lat' dir='ltr'><strong><em>per</em></strong></span> <span class='ocrx_word' id='word_1_643' title='bbox 1296 5325 1514 5380; x_wconf 87' lang='lat' dir='ltr'><strong><em>Surium</em></strong></span> <span class='ocrx_word' id='word_1_644' title='bbox 1558 5337 1848 5397; x_wconf 88' lang='lat' dir='ltr'><strong><em>congestas</em></strong></span> <span class='ocrx_word' id='word_1_645' title='bbox 1895 5327 1960 5380; x_wconf 87' lang='lat' dir='ltr'><strong><em>ad</em></strong></span> <span class='ocrx_word' id='word_1_646' title='bbox 1996 5327 2137 5382; x_wconf 91' lang='lat' dir='ltr'><strong><em>diem</em></strong></span> <span class='ocrx_word' id='word_1_647' title='bbox 2196 5328 2262 5382; x_wconf 85' lang='lat' dir='ltr'><strong><em>l9</em></strong></span> <span class='ocrx_word' id='word_1_648' title='bbox 2303 5326 2432 5382; x_wconf 84' lang='lat' dir='ltr'><strong><em>Julii</em></strong></span> <span class='ocrx_word' id='word_1_649' title='bbox 2476 5327 2672 5396; x_wconf 87' lang='lat' dir='ltr'><strong><em>legitur</em></strong></span> <span class='ocrx_word' id='word_1_650' title='bbox 2719 5338 2942 5390; x_wconf 80' lang='lat' dir='ltr'><strong><em>excusa,</em></strong></span> <span class='ocrx_word' id='word_1_651' title='bbox 2992 5339 3059 5380; x_wconf 77' lang='lat' dir='ltr'><strong><em>ex</em></strong></span> <span class='ocrx_word' id='word_1_652' title='bbox 3116 5322 3564 5394; x_wconf 89' lang='lat' dir='ltr'><strong><em>interpretatione</em></strong></span> <span class='ocrx_word' id='word_1_653' title='bbox 3602 5319 3751 5374; x_wconf 88' lang='lat' dir='ltr'><strong><em>Petri</em></strong></span> 
     </span>
    </p>
   </div>
   <div class='ocr_carea' id='block_1_67' title="bbox 510 5416 3752 5492">
    <p class='ocr_par' dir='ltr' id='par_1_67' title="bbox 510 5416 3752 5492">
     <span class='ocr_line' id='line_1_67' title="bbox 510 5416 3752 5492; baseline -0.002 -16"><span class='ocrx_word' id='word_1_654' title='bbox 510 5417 792 5478; x_wconf 82' lang='lat' dir='ltr'><strong><em>Francisci</em></strong></span> <span class='ocrx_word' id='word_1_655' title='bbox 823 5419 972 5489; x_wconf 78' lang='lat' dir='ltr'><strong><em>Zini;</em></strong></span> <span class='ocrx_word' id='word_1_656' title='bbox 1002 5421 1097 5477; x_wconf 89' lang='lat' dir='ltr'><strong><em>sed</em></strong></span> <span class='ocrx_word' id='word_1_657' title='bbox 1129 5423 1270 5477; x_wconf 87' lang='lat' dir='ltr'><strong><em>inter</em></strong></span> <span class='ocrx_word' id='word_1_658' title='bbox 1298 5422 1420 5476; x_wconf 91' lang='lat' dir='ltr'><strong><em>illos</em></strong></span> <span class='ocrx_word' id='word_1_659' title='bbox 1452 5422 1544 5489; x_wconf 86' lang='lat' dir='ltr'><strong><em>qui</em></strong></span> <span class='ocrx_word' id='word_1_660' title='bbox 1574 5423 1812 5492; x_wconf 85' lang='lat' dir='ltr'><strong><em>virgines</em></strong></span> <span class='ocrx_word' id='word_1_661' title='bbox 1840 5430 1894 5476; x_wconf 90' lang='lat' dir='ltr'><strong><em>et</em></strong></span> <span class='ocrx_word' id='word_1_662' title='bbox 1922 5431 2170 5478; x_wconf 82' lang='lat' dir='ltr'><strong><em>exsortes</em></strong></span> <span class='ocrx_word' id='word_1_663' title='bbox 2197 5422 2436 5492; x_wconf 88' lang='lat' dir='ltr'><strong><em>conjugii</em></strong></span> <span class='ocrx_word' id='word_1_664' title='bbox 2461 5421 2842 5484; x_wconf 81' lang='lat' dir='ltr'><strong><em>remanserint,</em></strong></span> <span class='ocrx_word' id='word_1_665' title='bbox 2866 5428 2960 5476; x_wconf 91' lang='lat' dir='ltr'><strong><em>aut</em></strong></span> <span class='ocrx_word' id='word_1_666' title='bbox 2980 5435 3044 5476; x_wconf 79' lang='lat' dir='ltr'><strong><em>ex</em></strong></span> <span class='ocrx_word' id='word_1_667' title='bbox 3080 5421 3292 5476; x_wconf 70' lang='lat' dir='ltr'><strong><em>caeteris</em></strong></span> <span class='ocrx_word' id='word_1_668' title='bbox 3315 5418 3520 5489; x_wconf 90' lang='lat' dir='ltr'><strong><em>(decem</em></strong></span> <span class='ocrx_word' id='word_1_669' title='bbox 3552 5416 3752 5486; x_wconf 83' lang='lat' dir='ltr'><strong><em>quippe</em></strong></span> 
     </span>
    </p>
   </div>
   <div class='ocr_carea' id='block_1_68' title="bbox 511 5508 3750 5587">
    <p class='ocr_par' dir='ltr' id='par_1_68' title="bbox 511 5508 3750 5587">
     <span class='ocr_line' id='line_1_68' title="bbox 511 5508 3750 5587; baseline 0 -24"><span class='ocrx_word' id='word_1_670' title='bbox 511 5508 690 5578; x_wconf 89' lang='lat' dir='ltr'><strong><em>liberi,</em></strong></span> <span class='ocrx_word' id='word_1_671' title='bbox 723 5515 768 5569; x_wconf 92' lang='lat' dir='ltr'><strong><em>si</em></strong></span> <span class='ocrx_word' id='word_1_672' title='bbox 801 5513 934 5568; x_wconf 80' lang='lat' dir='ltr'><strong><em>ﬁdes</em></strong></span> <span class='ocrx_word' id='word_1_673' title='bbox 964 5514 1041 5568; x_wconf 89' lang='lat' dir='ltr'><strong><em>illi</em></strong></span> <span class='ocrx_word' id='word_1_674' title='bbox 1071 5514 1348 5568; x_wconf 79' lang='lat' dir='ltr'><strong><em>tribuatur</em></strong></span> <span class='ocrx_word' id='word_1_675' title='bbox 1375 5515 1642 5585; x_wconf 77' lang='lat' dir='ltr'><strong><em>epistolae,</em></strong></span> <span class='ocrx_word' id='word_1_676' title='bbox 1680 5515 1873 5570; x_wconf 87' lang='lat' dir='ltr'><strong><em>iisdem</em></strong></span> <span class='ocrx_word' id='word_1_677' title='bbox 1907 5516 2226 5583; x_wconf 86' lang='lat' dir='ltr'><strong><em>parentibus</em></strong></span> <span class='ocrx_word' id='word_1_678' title='bbox 2253 5515 2367 5570; x_wconf 82' lang='lat' dir='ltr'><strong><em>nati</em></strong></span> <span class='ocrx_word' id='word_1_679' title='bbox 2405 5515 2552 5587; x_wconf 88' lang='lat' dir='ltr'><strong><em>sunt)</em></strong></span> <span class='ocrx_word' id='word_1_680' title='bbox 2580 5516 2670 5585; x_wconf 90' lang='lat' dir='ltr'><strong><em>qui</em></strong></span> <span class='ocrx_word' id='word_1_681' title='bbox 2705 5515 3111 5570; x_wconf 88' lang='lat' dir='ltr'><strong><em>matrimonium</em></strong></span> <span class='ocrx_word' id='word_1_682' title='bbox 3145 5513 3429 5575; x_wconf 86' lang='lat' dir='ltr'><strong><em>coluerint,</em></strong></span> <span class='ocrx_word' id='word_1_683' title='bbox 3472 5525 3581 5564; x_wconf 89' lang='lat' dir='ltr'><strong><em>non</em></strong></span> <span class='ocrx_word' id='word_1_684' title='bbox 3616 5508 3750 5564; x_wconf 87' lang='lat' dir='ltr'><strong><em>satis</em></strong></span> 
     </span>
    </p>
   </div>
   <div class='ocr_carea' id='block_1_69' title="bbox 509 5602 3748 5683">
    <p class='ocr_par' dir='ltr' id='par_1_69' title="bbox 509 5602 3748 5683">
     <span class='ocr_line' id='line_1_69' title="bbox 509 5602 3748 5683; baseline -0.001 -21"><span class='ocrx_word' id='word_1_685' title='bbox 509 5602 640 5663; x_wconf 82' lang='lat' dir='ltr'><strong><em>hinc</em></strong></span> <span class='ocrx_word' id='word_1_686' title='bbox 669 5609 876 5679; x_wconf 89' lang='lat' dir='ltr'><strong><em>liquido</em></strong></span> <span class='ocrx_word' id='word_1_687' title='bbox 907 5617 1139 5666; x_wconf 87' lang='lat' dir='ltr'><strong><em>constat:</em></strong></span> <span class='ocrx_word' id='word_1_688' title='bbox 1173 5610 1292 5680; x_wconf 88' lang='lat' dir='ltr'><strong><em>Ipse</em></strong></span> <span class='ocrx_word' id='word_1_689' title='bbox 1320 5625 1452 5665; x_wconf 86' lang='lat' dir='ltr'><strong><em>vero</em></strong></span> <span class='ocrx_word' id='word_1_690' title='bbox 1482 5609 1782 5681; x_wconf 82' lang='lat' dir='ltr'><strong><em>Gregorius</em></strong></span> <span class='ocrx_word' id='word_1_691' title='bbox 1810 5611 1863 5664; x_wconf 92' lang='lat' dir='ltr'><strong><em>in</em></strong></span> <span class='ocrx_word' id='word_1_692' title='bbox 1893 5612 2032 5665; x_wconf 77' lang='lat' dir='ltr'><strong><em>libro</em></strong></span> <span class='ocrx_word' id='word_1_693' title='bbox 2063 5625 2222 5680; x_wconf 89' lang='lat' dir='ltr'><strong><em>quem</em></strong></span> <span class='ocrx_word' id='word_1_694' title='bbox 2254 5609 2332 5664; x_wconf 89' lang='lat' dir='ltr'><strong><em>De</em></strong></span> <span class='ocrx_word' id='word_1_695' title='bbox 2361 5610 2658 5681; x_wconf 79' lang='lat' dir='ltr'><strong><em>virginitate</em></strong></span> <span class='ocrx_word' id='word_1_696' title='bbox 2701 5610 2966 5683; x_wconf 89' lang='lat' dir='ltr'><strong><em>scriptum</em></strong></span> <span class='ocrx_word' id='word_1_697' title='bbox 3000 5608 3240 5681; x_wconf 86' lang='lat' dir='ltr'><strong><em>reliquit,</em></strong></span> <span class='ocrx_word' id='word_1_698' title='bbox 3267 5605 3482 5664; x_wconf 89' lang='lat' dir='ltr'><strong><em>videtur</em></strong></span> <span class='ocrx_word' id='word_1_699' title='bbox 3509 5603 3748 5676; x_wconf 72' lang='lat' dir='ltr'><strong><em>apertius</em></strong></span> 
     </span>
    </p>
   </div>
   <div class='ocr_carea' id='block_1_70' title="bbox 580 5761 2594 5843">
    <p class='ocr_par' dir='ltr' id='par_1_70' title="bbox 580 5761 2594 5843">
     <span class='ocr_line' id='line_1_70' title="bbox 580 5761 2594 5843; baseline 0.003 -24"><span class='ocrx_word' id='word_1_700' title='bbox 580 5766 654 5834; x_wconf 72' lang='grc' dir='ltr'><strong><em>(α)</em></strong></span> <span class='ocrx_word' id='word_1_701' title='bbox 684 5761 803 5823; x_wconf 67' lang='lat' dir='ltr'><strong><em>Haec</em></strong></span> <span class='ocrx_word' id='word_1_702' title='bbox 827 5769 1071 5839; x_wconf 69' lang='lat' dir='ltr'><strong><em>praefatio</em></strong></span> <span class='ocrx_word' id='word_1_703' title='bbox 1095 5763 1302 5829; x_wconf 70' lang='lat' dir='ltr'><strong><em>Latinis</em></strong></span> <span class='ocrx_word' id='word_1_704' title='bbox 1328 5769 1660 5831; x_wconf 80' lang='lat' dir='ltr'><strong><em>editionibus</em></strong></span> <span class='ocrx_word' id='word_1_705' title='bbox 1690 5768 1916 5843; x_wconf 81' lang='lat' dir='ltr'><strong><em>Nysscni</em></strong></span> <span class='ocrx_word' id='word_1_706' title='bbox 1955 5771 2216 5828; x_wconf 83' lang='lat' dir='ltr'><strong><em>hactenus</em></strong></span> <span class='ocrx_word' id='word_1_707' title='bbox 2250 5780 2331 5828; x_wconf 89' lang='lat' dir='ltr'><strong><em>est</em></strong></span> <span class='ocrx_word' id='word_1_708' title='bbox 2356 5771 2594 5842; x_wconf 68' lang='lat' dir='ltr'><strong><em>praeﬁxa.</em></strong></span> 
     </span>
    </p>
   </div>
  </div>
