4110 6522
420 376 486 429 57
894 392 897 393 '
1838 378 2043 435 MFA

2025 379 2180 437 lTlO.
3578 371 3648 427 53

420 501 646 553 innuere
693 506 753 550 se
782 492 1087 565 conjugem,
1118 506 1225 547 non
1260 494 1501 551 caelibem
1534 495 1724 561 fuisse,
1771 512 1895 552 cum
1930 497 2006 550 ait
2034 513 2154 568 cap.
2187 498 2221 552 5
2252 515 2267 553 :
2298 491 2452 552 Nunc
2484 495 2610 549 mihi
2646 495 2983 567 virgmalium
3009 494 3224 549 landum
3254 494 3480 566 cognitio
3509 512 3641 567 qua-

417 589 697 642 dammodo
735 586 908 639 inanis
945 594 1022 639 est
1060 601 1122 637 ac
1159 586 1371 640 minime
1412 586 1709 656 fructuosa,
1749 598 1857 643 etc.
1898 586 2005 642 Sed
2033 597 2151 643 esto
2188 589 2566 643 connubialem
2602 589 2767 641 vitam
2804 588 2875 641 sit
2899 587 3197 657 amplexus,
3236 588 3339 658 ipsi
3370 596 3550 643 tamen
3577 604 3641 643 ea

415 677 629 735 vivendi
662 676 801 730 ratio
830 676 966 730 nihil
998 675 1367 746 impedimenti
1408 678 1605 744 attulit,
1639 679 1933 749 quominus
1960 688 2181 734 strenue
2211 695 2309 750 pro
2338 679 2607 733 catholica
2641 677 2744 733 lide
2770 677 3073 741 decertans,
3110 678 3176 733 ad
3211 694 3393 749 parem
3426 680 3643 735 virtutis

416 772 641 846 gloriam
672 771 947 840 aspirarit.
990 768 1124 825 Nam
1150 781 1210 826 ut
1241 788 1339 842 per
1370 771 1644 829 Ecclesias
1671 774 1938 829 haeretica:
1964 775 2247 843 pravitatis
2276 775 2526 828 tenebras
2555 774 2669 828 suis
2691 773 3050 827 concionibus
3078 772 3394 837 discuteret,
3427 772 3643 828 lumen-

415 880 520 935 que
555 863 800 919 veritatis
844 863 1155 919 hominibus
1201 866 1357 933 quasi
1397 867 1735 936 praeluceret,
1768 866 1990 921 crebras
2029 867 2495 937 peregrinationes
2542 866 2803 932 suscepit,
2846 864 3074 932 viasque
3105 863 3351 918 diﬂiciles
3382 865 3637 919 confecit.

414 954 562 1022 Quas
590 972 713 1011 cum
748 971 889 1026 aagre
917 954 1099 1020 ferret,
1130 964 1183 1012 et
1216 971 1369 1011 suam
1396 957 1541 1012 velut
1570 956 1992 1011 inconstantiam
2033 963 2370 1025 quereretur,
2402 955 2778 1008 Nazianzenus
2812 954 3042 1021 epistola
3084 953 3153 1008 54
3187 954 3501 1009 consolatus
3532 961 3637 1015 est,

413 1056 465 1102 et
492 1046 561 1100 ad
587 1047 723 1101 bene
751 1047 819 1101 de
850 1048 1034 1103 multis
1066 1049 1399 1112 merendum,
1432 1060 1594 1119 atque
1621 1048 1846 1118 gratiam
1874 1062 1903 1101 a
1946 1047 2056 1102 Deo
2086 1047 2411 1117 sperandam
2448 1047 2640 1101 erexit.
2673 1045 2794 1111 Quo
2826 1048 3059 1115 denique
3105 1060 3250 1099 anno
3277 1045 3573 1101 decesserit
3608 1059 3640 1099 e

416 1141 553 1196 vivis
587 1150 640 1195 et
674 1142 942 1211 posterior
975 1143 1173 1198 Basilio
1206 1144 1285 1215 (ut
1317 1152 1547 1199 testatur
1588 1142 1841 1200 Socrates
1874 1144 1967 1198 lib.
2016 1160 2098 1207 Ill,
2140 1159 2256 1214 cap.
2304 1144 2356 1207 8,
2400 1144 2561 1213 idque
2607 1143 2956 1197 manifestum
3006 1141 3181 1197 reddit
3215 1141 3536 1197 Nazianzeni
3570 1141 3639 1195 ad
3724 1132 3731 1145 ’

419 1233 723 1307 Nyssenum
755 1237 823 1291 57
850 1238 1076 1308 epistola
1119 1240 1479 1295 consolatoria
1512 1238 1578 1294 de
1618 1246 1793 1293 morte
1826 1238 2034 1309 fratris)
2075 1255 2183 1293 non
2217 1246 2432 1294 constat
2471 1254 2537 1293 ex
2576 1237 2853 1302 historiis;
2904 1237 2999 1292 sed
3044 1237 3160 1306 ipse
3186 1238 3369 1291 multis
3399 1237 3456 1291 in
3504 1235 3638 1291 locis

412 1326 658 1379 meminit
688 1341 745 1381 se
768 1328 878 1397 jam
905 1330 1159 1400 grandem
1194 1340 1323 1386 natu
1356 1340 1409 1387 et
1455 1347 1639 1386 senem
1671 1331 1931 1396 scribere,
1962 1331 2195 1385 maxime
2230 1332 2285 1384 in
2332 1331 2560 1400 epistola
2592 1328 2665 1383 De
2699 1330 3022 1398 professione
3061 1327 3386 1393 Christiana,
3423 1329 3480 1381 in
3508 1328 3635 1381 libr.

409 1422 488 1476 De
512 1423 806 1492 virginitate
833 1440 952 1497 cap.
987 1427 1204 1493 ultimo;
1240 1436 1293 1483 et
1320 1444 1373 1482 tn
1400 1434 1643 1483 oratione
1671 1441 1833 1497 quam
1871 1426 1945 1480 De
1973 1426 2290 1495 infantibus,
2327 1427 2415 1495 qui
2441 1441 2505 1480 ex
2532 1434 2680 1479 utero
2711 1433 3030 1495 pramature
3061 1424 3415 1490 abripiuntur,
3445 1421 3635 1487 edidit,

410 1519 654 1587 aliasque
689 1534 828 1590 Stepe
857 1534 1192 1577 senecwtem
1225 1540 1378 1578 suam
1410 1533 1656 1579 excusat.
1689 1522 1805 1577 Hoc
1835 1522 2177 1577 solummodo
2208 1522 2274 1577 de
2305 1521 2425 1590 ejus
2458 1522 2678 1575 interitu
2714 1522 2793 1576 sic
2819 1528 3040 1574 notatur
3070 1519 3123 1571 in
3170 1516 3402 1572 Usuardi
3432 1514 3637 1586 Marty-

408 1613 618 1682 rologio
651 1613 718 1668 ad
747 1615 888 1670 diem
931 1632 987 1669 Ix
1016 1617 1189 1672 Martii
1222 1635 1235 1673 :
1270 1618 1423 1686 Apud
1470 1617 1728 1672 Nicenarn
1775 1619 2035 1672 civitatem
2085 1617 2338 1681 depositio
2369 1617 2427 1671 S.
2461 1616 2699 1687 Gregorii
2739 1617 2984 1684 episcopi,
3034 1616 3217 1682 fratris
3267 1612 3403 1666 beati
3446 1612 3637 1667 Basilii

409 1706 769 1774 Cwsariensis,
810 1719 918 1764 tam
953 1713 1058 1766 vita
1093 1729 1249 1783 quam
1293 1714 1587 1784 eloquentia
1634 1713 1933 1767 clarissimi.
1991 1715 2167 1781 Atque
2207 1712 2319 1766 haec
2361 1711 2579 1781 quidem
2614 1710 2762 1766 brevi
2803 1711 2947 1765 dicta
2987 1707 3252 1764 sulliciant
3282 1706 3348 1761 de
3374 1703 3637 1776 Gregorio

406 1798 672 1872 Nysseno,
706 1804 774 1860 de
805 1804 962 1874 cujus
991 1806 1242 1863 laudibus
1267 1808 1440 1878 elogia
1472 1819 1712 1862 veterum
1746 1819 1929 1877 postea
1962 1806 2138 1864 fusius
2171 1806 2546 1876 subjiciemus.

474 1916 592 1972 Jam
628 1934 755 1974 vero
786 1920 1037 1990 quoniam
1068 1922 1366 1976 naturalem
1396 1930 1447 1977 et
1472 1922 1763 1991 legitimum
1796 1921 2040 1978 ordinem
2072 1937 2181 1991 quo
2207 1921 2436 1990 quisque
2462 1919 2721 1973 librorum
2754 1918 2988 1988 scriptus
3013 1924 3114 1983 est,
3144 1931 3251 1970 non
3285 1914 3557 1985 potuimus
3579 1913 3635 1969 in

405 2006 509 2062 hac
530 2009 764 2065 editione
790 2016 963 2083 sequi,
1003 2013 1338 2068 artiﬁcialem
1378 2014 1711 2070 instituimus
1737 2032 1749 2067 :
1771 2029 1963 2085 nempe
1991 2022 2048 2069 ut
2084 2014 2320 2084 priorem
2354 2013 2534 2067 locum
2571 2011 2897 2077 sortirentur
2920 2025 2982 2064 ea
3014 2026 3133 2079 qua:
3157 2011 3223 2063 ad
3246 2008 3414 2065 Vetus
3438 2007 3633 2063 Testa-

409 2113 649 2160 mentum
685 2106 874 2162 relerri
903 2123 1061 2179 posse
1090 2109 1447 2171 videbantur;
1475 2110 1669 2166 deinde
1696 2124 1815 2180 quae
1847 2108 1914 2164 ad
1945 2109 2226 2180 religionis
2260 2107 2584 2164 Christianae
2607 2106 3028 2169 institutionem,
3061 2104 3315 2165 formant,
3344 2111 3396 2156 et
3425 2099 3635 2172 profes-

407 2202 611 2257 sionem
635 2212 900 2273 spectant,
930 2211 982 2260 et
1012 2205 1068 2259 in
1092 2205 1292 2277 quibus
1316 2207 1521 2276 aliquot
1567 2207 1894 2277 evangelicae
1921 2206 2186 2260 doctrina:
2223 2204 2535 2260 testimonia
2571 2210 2897 2265 tractantur,
2939 2200 3238 2256 secundum
3274 2199 3453 2253 locum
3489 2195 3633 2250 obti-

404 2306 617 2361 nerent,
644 2309 831 2368 postea
858 2301 1216 2357 concionibus
1244 2302 1522 2356 nonnullis
1556 2302 1623 2355 ad
1654 2302 1908 2357 Ecclesia:
1935 2300 2388 2355 consuetudinem
2416 2315 2515 2370 pro
2554 2299 2764 2353 ratione
2795 2308 2849 2353 et
2877 2298 3019 2354 serie
3055 2295 3315 2350 festorum
3352 2292 3633 2363 dispositis

406 2392 682 2448 orationes
716 2391 971 2449 funebres
995 2394 1062 2449 de
1087 2393 1337 2451 laudibus
1364 2395 1724 2465 quorumdam
1761 2402 2074 2450 sanctorum
2105 2393 2425 2463 adiecimus.
2452 2392 2517 2446 Et
2546 2392 2648 2447 hoc
2687 2391 2754 2449 de
2785 2390 3054 2446 universis
3077 2388 3195 2457 eius
3223 2387 3461 2442 doctoris
3498 2400 3630 2456 ope-

406 2486 559 2542 ribus
583 2488 921 2558 praemissum
953 2489 1044 2545 sit.
1076 2489 1151 2547 De
1175 2490 1405 2561 singulis
1431 2499 1610 2546 autem
1647 2490 1895 2560 pluribus
1931 2497 2165 2544 tractare
2198 2503 2304 2545 non
2337 2488 2612 2556 convenit,
2654 2488 2750 2545 sed
2786 2486 3049 2559 quidquid
3093 2485 3161 2541 de
3200 2483 3472 2553 aliquibus
3512 2496 3631 2537 mo.

403 2579 644 2633 nendum
676 2574 834 2635 nobis
864 2588 1137 2648 occurret,
1177 2583 1366 2654 paucis
1404 2582 1491 2637 hic
1520 2582 1800 2639 addemus.

478 2696 647 2766 Igitur
674 2706 901 2769 rogante
934 2698 1099 2755 fratre
1135 2715 1235 2756 suo
1264 2699 1427 2757 Petro
1457 2700 1700 2756 Sebastte
1725 2702 1981 2773 episcopo
2010 2696 2247 2755 confecit
2275 2698 2478 2753 librum
2507 2699 2562 2752 in
2594 2699 2960 2763 hexaemeron,
2987 2710 3147 2767 quem
3179 2695 3408 2750 allirmat
3436 2693 3631 2749 Socra-

403 2801 487 2848 tes
512 2794 633 2848 libr.
660 2811 732 2858 tv,
754 2810 875 2865 cap.
906 2796 997 2862 2|,
1023 2811 1053 2849 a
1085 2796 1284 2851 Basilio
1304 2805 1477 2852 morte
1502 2796 1864 2868 praeveniente
1882 2793 2264 2866 imperfectum
2293 2809 2414 2850 esse
2443 2794 2715 2849 relictum.
2739 2793 2873 2849 Eum
2895 2806 2993 2846 nos
3018 2790 3192 2860 primo
3216 2790 3336 2846 loco
3360 2804 3422 2845 ex
3450 2800 3630 2844 trans-

402 2888 603 2943 latione
635 2888 754 2944 Zini
797 2890 1101 2960 praecedere
1144 2893 1419 2949 voluimus
1450 2912 1463 2948 :
1513 2895 1655 2963 quod
1701 2908 1765 2948 eo
1812 2893 1953 2946 libro
1979 2891 2054 2946 De
2079 2907 2229 2962 opere
2264 2906 2355 2947 sem
2392 2892 2596 2944 dierum
2628 2891 2682 2944 in
2711 2889 2956 2943 ordinem
3004 2902 3068 2942 ac
3111 2886 3458 2943 concordiam
3509 2900 3629 2955 quae

402 2983 470 3036 de
500 2984 687 3037 mundi
718 2986 1093 3053 procreatione
1120 2987 1297 3057 primo
1335 2988 1554 3058 quidem
1585 2997 1806 3059 aspectu
1834 2987 2030 3042 diiiusa
2059 2996 2113 3042 et
2145 2988 2288 3041 inter
2314 3002 2374 3043 se
2404 2985 2679 3040 contraria
2712 2983 2985 3047 videntur,
3018 2982 3419 3037 accommodate
3444 2981 3627 3050 dispo-

401 3081 517 3139 nat,
548 3076 832 3148 ipsumque
860 3077 1098 3151 Moysem
1128 3081 1341 3151 sibiipsi
1374 3083 1804 3139 consentientem
1836 3092 1891 3137 et
1927 3092 2268 3138 constantem
2300 3083 2577 3152 eleganter
2618 3080 2889 3135 ostendat.
2921 3078 3124 3133 Verum
3152 3079 3279 3148 quia
3308 3079 3362 3132 in
3392 3093 3457 3133 eo
3480 3093 3631 3132 com-

403 3172 728 3227 mentariolo
760 3174 947 3229 mundi
978 3173 1250 3230 fabricam
1276 3178 1349 3231 ita
1381 3180 1805 3249 contemplatur,
1834 3188 1893 3233 ut
1916 3180 2225 3234 naturalem
2252 3175 2636 3231 tantummodo
2657 3182 2712 3229 et
2742 3174 2990 3229 historia:
3022 3179 3419 3244 congruentem
3453 3172 3513 3225 in
3541 3185 3630 3225 re-

401 3263 507 3317 bus
534 3265 733 3321 creatis
782 3266 1029 3321 ordinem
1065 3269 1327 3339 explicet,
1384 3271 1515 3325 huic
1549 3272 1815 3326 continuo
1850 3270 1988 3327 duas
2025 3270 2414 3340 subjunximus
2461 3268 2745 3323 orationes
2793 3267 2848 3321 in
2890 3265 3131 3320 hominis
3182 3263 3625 3335 procreationem

401 3357 693 3412 admodum
739 3361 858 3429 pias
902 3369 958 3416 et
999 3362 1296 3434 elegantes,
1348 3381 1481 3435 quat,
1532 3366 1708 3435 inquit
1762 3364 1930 3420 Zinus
1972 3367 2068 3436 qui
2114 3366 2312 3420 latinas
2352 3363 2502 3425 fecit,
2546 3363 2663 3416 licet
2694 3361 2759 3415 ab
2791 3359 3022 3430 ejusdem
3056 3360 3312 3424 auctoris,
3367 3366 3416 3410 et
3459 3354 3627 3408 multo

398 3453 558 3506 etiam
587 3454 753 3525 magis
800 3474 833 3509 a
881 3456 1073 3512 Basilii
1101 3460 1299 3529 magni,
1331 3460 1418 3513 cui
1467 3476 1500 3513 a
1541 3461 1853 3531 quibusdam
1898 3460 2038 3531 falso
2070 3459 2355 3515 attributas
2402 3458 2582 3522 audio,
2641 3456 2943 3526 (intelligit
2996 3454 3232 3509 fortasse
3271 3450 3625 3506 Godel‘ridum

400 3548 771 3615 Tilmannum,
800 3551 896 3621 qui
930 3567 1023 3608 eas
1071 3554 1214 3608 inter
1254 3554 1501 3623 ejusdem
1538 3554 1726 3610 Basilii
1770 3570 1937 3626 opera
1968 3555 2275 3618 transtulit,
2330 3561 2385 3608 et
2416 3568 2515 3624 pro
2546 3553 2668 3608 loco
2716 3550 3039 3622 paraphrasi
3086 3547 3321 3618 diﬂ‘udit)
3368 3545 3627 3600 scribendi

400 3640 771 3693 consuetudine
814 3641 989 3695 abesse
1031 3644 1325 3712 videantur,
1358 3646 1735 3714 antiquissima:
1768 3655 1942 3701 tamen
1985 3655 2124 3713 sunt,
2177 3654 2268 3699 aut
2318 3647 2382 3699 ab
2429 3646 2540 3714 ipso
2575 3642 2820 3713 Gregorio
2868 3641 3039 3695 adhuc
3080 3640 3267 3709 juvene
3312 3637 3444 3707 forte
3478 3652 3624 3689 com-

397 3737 602 3801 positw,
655 3746 932 3804 antequam
976 3736 1424 3793 absolutissimum
1480 3740 1673 3794 librum
1718 3740 1795 3798 De
1821 3740 2055 3796 hominis
2086 3740 2301 3811 opilicio
2347 3739 2744 3807 prwscripsisset
2767 3755 2785 3792 :
2812 3746 2905 3790 aut
2939 3736 3004 3790 ab
3035 3735 3209 3804 aliquo
3237 3734 3465 3803 ejusdem
3494 3742 3624 3786 aeta-

399 3832 465 3884 tis
510 3834 617 3884 viro
663 3841 771 3885 tum
820 3833 907 3900 pio
954 3842 1060 3885 tum
1107 3834 1320 3888 minime
1362 3835 1594 3891 indocto.
1639 3834 1750 3892 Nos
1787 3846 1967 3892 tamen
2011 3836 2341 3906 conjicimus
2377 3850 2442 3890 ex
2487 3835 2680 3905 primae
2713 3833 2979 3888 orationis
3014 3833 3193 3895 initio,
3246 3831 3334 3884 ubi
3363 3831 3625 3899 scriptum

399 3929 598 3997 legitur
636 3946 649 3982 :
683 3926 933 3997 Iniquum
964 3938 1099 3982 esset
1137 3945 1251 3982 cunt
1280 3946 1340 3983 ea
1372 3947 1488 4001 quia
1518 3932 1587 3985 ad
1619 3932 1761 4001 feras
1786 3942 1897 3986 tum
1932 3941 2196 3997 natantes,
2247 3941 2358 3984 tum
2390 3929 2708 4000 gradientes,
2744 3937 2855 3981 tum
2895 3928 3150 3989 volantes,
3180 3942 3392 3996 quaeque
3417 3926 3484 3977 ad
3523 3939 3625 3976 eteo

399 4026 507 4077 lum
544 4022 611 4075 ad
641 4038 802 4092 caque
822 4039 939 4081 aute
965 4024 1019 4076 in
1048 4025 1175 4078 caelo
1205 4036 1347 4089 sunt,
1376 4042 1591 4097 quicque
1630 4026 1697 4080 ad
1728 4036 1925 4082 terram
1966 4036 2014 4082 et
2047 4028 2115 4081 ad
2145 4044 2209 4082 ea
2239 4042 2354 4098 qua:
2382 4037 2501 4079 sunt
2551 4027 2604 4077 in
2636 4034 2778 4078 terra
2819 4025 3098 4092 pertinent,
3131 4023 3491 4085 didicerimus,
3513 4032 3620 4075 etc.

394 4115 613 4168 easdem
641 4127 752 4166 non
776 4126 899 4167 esse
926 4112 1174 4185 Gregorii
1200 4117 1377 4170 nostri
1409 4136 1423 4171 :
1459 4133 1637 4187 neque
1677 4119 1823 4172 enim
1854 4119 1922 4174 de
1950 4119 2103 4175 hisce
2124 4119 2402 4181 tractavit,
2428 4117 2525 4172 sed
2553 4115 2788 4171 Basilius
2826 4117 2881 4169 in
2921 4114 3267 4170 Hexaemero.
3297 4112 3482 4166 Ambae
3526 4130 3627 4167 au-

397 4222 503 4269 tem
534 4213 579 4267 si
604 4228 711 4267 non
738 4213 933 4267 habita:
963 4213 1027 4267 ad
1060 4213 1346 4283 populum,
1375 4221 1554 4267 tamen
1585 4214 1804 4284 scripta:
1833 4214 1984 4269 domi
2013 4222 2068 4269 et
2095 4229 2284 4269 coram
2315 4213 2559 4268 recitatae
2586 4211 2862 4267 videntur.
3033 4210 3100 4265 de
3129 4210 3216 4266 his
3251 4211 3477 4265 aliorum
3504 4224 3623 4265 esto

393 4306 682 4375 judicium.
713 4303 879 4360 Liber
906 4306 998 4359 ille
1026 4305 1101 4360 De
1131 4306 1354 4360 hominis
1400 4308 1611 4377 opiﬁcio
1684 4323 1843 4378 quem
1869 4306 2082 4363 Latinis
2112 4307 2342 4362 auribus
2383 4305 2536 4361 dedit
2562 4304 2799 4360 Joannes
2826 4303 3212 4369 Leunclavius,
3242 4304 3618 4358 admirandum

394 4412 531 4467 Opus
562 4411 591 4450 a
624 4395 790 4450 Suida
819 4406 1067 4452 vocatur.
1102 4399 1199 4453 Hic
1225 4401 1270 4455 si
1311 4402 1520 4457 ordinis
1553 4402 1714 4460 ratio.
1762 4418 1871 4474 quo
1914 4403 2156 4474 scriptus
2186 4409 2293 4466 est,
2344 4408 2631 4470 sequatur,
2664 4400 2824 4454 debet
2874 4398 3203 4468 praecedere.
3250 4397 3407 4462 Nam,
3444 4398 3622 4468 inquit

395 4484 674 4555 Nyssenus
703 4486 758 4541 in
788 4485 1133 4551 Hexaemero,
1167 4490 1363 4545 librum
1396 4492 1472 4546 De
1505 4494 1728 4548 heminis
1763 4495 1973 4564 opiﬁcio
2003 4502 2130 4551 ante
2164 4494 2310 4548 hunc
2344 4492 2614 4547 misimus.
2646 4488 2744 4544 Hic
2774 4489 3011 4559 primum
3056 4490 3251 4546 damus
3283 4505 3349 4543 ex
3382 4491 3617 4545 transla-

393 4580 545 4634 tione
569 4578 820 4635 Gentiani
857 4579 1072 4635 Herveti
1119 4584 1413 4638 conciones
1462 4591 1587 4639 octo
1636 4586 1690 4639 in
1738 4585 2117 4648 Ecclesiasten,
2166 4585 2221 4638 in
2267 4597 2497 4654 quarum
2532 4581 2714 4651 priore
2750 4579 2936 4633 statim
2983 4581 3037 4633 in
3070 4580 3258 4635 limine
3301 4588 3532 4635 testatur
3559 4596 3617 4636 se

396 4674 560 4725 etiam
590 4674 643 4723 ln
698 4670 990 4725 Proverbia
1024 4672 1335 4741 scripsisse,
1391 4674 1519 4728 dum
1550 4677 1629 4731 sic
1653 4677 1730 4730 ait
1778 4695 1789 4730 :
1843 4676 1976 4732 Cum
2025 4693 2179 4731 sensa
2213 4674 2618 4729 Proverbiorum
2671 4669 2788 4739 jam
2823 4681 3043 4726 mentem
3083 4675 3228 4740 prius
3275 4676 3614 4736 exercuerim,

395 4781 615 4836 quorum
648 4767 881 4819 obscura:
896 4774 1015 4818 sunt
1037 4765 1369 4832 rationes,ad
1390 4767 1524 4821 hanc
1552 4766 1903 4836 Scripturam,
1926 4785 2042 4840 qua:
2075 4783 2189 4822 vere
2240 4777 2317 4821 est
2342 4768 2573 4831 excelsa,
2621 4767 2833 4821 exsistit
2870 4781 3143 4819 ascensus.
3188 4765 3294 4819 Sed
3328 4766 3441 4820 haec
3468 4782 3617 4820 com-

384 4856 657 4912 mentatio
679 4857 919 4911 nondum
948 4857 1169 4911 venitin
1202 4859 1498 4927 publicum.
1531 4859 1790 4916 Homilias
1822 4869 1999 4916 autem
2037 4861 2344 4931 quindecim
2395 4861 2449 4914 in
2492 4859 2712 4915 Cantica
2739 4860 3069 4912 canticorum
3116 4860 3287 4913 meris
3313 4861 3613 4929 aenigmati-

392 4949 498 5004 bus
526 4949 736 5018 plenas,
764 4948 960 5016 partim
983 4963 1049 5001 ex
1073 4947 1260 5002 eadem
1293 4948 1507 5004 Herveti
1540 4953 1919 5016 translatione,
1964 4968 2085 5023 quae
2109 4953 2239 5007 viris
2272 4952 2448 5006 doctis
2476 4951 2665 5021 purior
2693 4958 2747 5005 et
2784 4950 2997 5003 facilior
3044 4950 3161 5002 visa
3192 4957 3298 5011 est,
3350 4950 3615 5018 appressi-

392 5056 550 5106 mus;
584 5042 719 5096 alias
755 5056 946 5110 nempe
982 5050 1219 5111 quatuor
1257 5050 1563 5113 postremas
1591 5061 1877 5116 quousque
1908 5045 2126 5102 Herveti
2158 5046 2488 5116 procedebat
2526 5044 2823 5113 exemplar,
2854 5058 2921 5098 ex
2948 5042 3399 5110 interpretatione
3437 5042 3614 5096 Lenn-

392 5131 557 5185 clavii
604 5131 1017 5200 complevimus.
1064 5131 1121 5185 In
1155 5132 1264 5188 ﬁne
1318 5133 1674 5203 praefationis,
1716 5152 1879 5207 quam
1916 5138 2108 5193 iisdem
2143 5138 2383 5192 homiliis
2423 5137 2545 5205 ipse
2596 5135 2893 5205 Gregorius
2925 5132 3187 5203 praefecit,
3236 5135 3412 5188 reddit
3446 5136 3614 5187 ratio-

390 5240 516 5279 nem
544 5225 806 5278 instituta:
837 5226 1339 5293 commentationis,
1373 5229 1463 5282 ubi
1510 5230 1582 5283 ita
1613 5230 1887 5300 loquitur:
1917 5230 2040 5284 Non
2078 5242 2155 5284 est
2194 5230 2279 5282 hic
2317 5229 2448 5283 liber
2481 5246 2513 5282 a
2561 5244 2640 5281 me
2679 5229 2903 5294 scriptus
2950 5225 3018 5278 ad
3060 5226 3495 5289 ostentationem,-
3523 5226 3613 5277 sed

387 5315 640 5384 quoniam
670 5316 837 5367 multa
877 5330 941 5368 ex
971 5317 1036 5368 iis
1080 5332 1197 5385 qua:
1228 5319 1284 5372 in
1318 5316 1569 5374 Ecclesiis
1596 5321 1740 5375 dicta
1769 5332 1912 5386 sunt,
1942 5322 2156 5391 quidam
2183 5337 2247 5375 ea:
2280 5324 2344 5375 iis
2368 5322 2457 5391 qui
2479 5320 2747 5374 nobiscum
2774 5326 3069 5379 versantur,
3096 5317 3438 5378 adnotarunt,
3470 5332 3531 5368 ea
3558 5318 3611 5369 in

390 5406 621 5474 formam
653 5405 992 5459 homiliarum
1009 5409 1252 5461 enarravi
1286 5410 1341 5461 in
1370 5409 1549 5464 diebus
1565 5411 1930 5480 jejuniorum:
1960 5412 2015 5465 in
2041 5411 2120 5465 his
2136 5414 2275 5464 enim
2303 5411 2387 5465 hic
2418 5412 2547 5464 liber
2585 5409 2653 5462 ad
2680 5425 2832 5463 aures
2858 5407 3037 5475 populi
3066 5424 3097 5459 a
3127 5407 3277 5460 nobis
3306 5407 3407 5473 fuit
3432 5407 3612 5461 elabo-

389 5508 564 5553 ratus.
600 5496 843 5569 Singulis
882 5508 1061 5555 autem
1092 5502 1288 5557 diebus
1318 5504 1561 5574 singulas
1608 5506 1886 5561 orationes
1924 5508 2359 5561 recitavitmam
2414 5506 2635 5561 tertiam
2673 5504 2805 5561 dicit
2846 5518 2969 5558 esse
3010 5502 3114 5556 diei
3148 5501 3317 5565 tertii,
3352 5509 3405 5554 et
3431 5501 3512 5555 sic
3542 5501 3609 5556 de

391 5589 642 5656 reliquis.
673 5587 936 5659 Sequitur
956 5591 1359 5662 elegantissima
1398 5596 1594 5657 oratio,
1646 5612 1752 5665 qua
1782 5596 2076 5651 Christiani
2110 5598 2346 5651 hominis
2376 5596 2611 5651 formula
2656 5594 2891 5648 traditur
2922 5611 2935 5647 :
2963 5593 3199 5662 idipsum
3232 5605 3449 5660 quoque
3476 5607 3607 5661 pro-

389 5679 567 5734 fertur
591 5680 646 5733 in
679 5681 818 5735 libro
851 5682 924 5735 De
957 5684 1064 5735 vita
1100 5683 1289 5747 Hosis,
1339 5702 1498 5755 quem
1524 5687 1820 5743 Latinitate
1842 5689 2062 5744 donavit
2100 5689 2518 5760 Trapezuntius.
2581 5685 2731 5739 illam
2763 5701 2890 5741 vero
2915 5700 2978 5740 ex
3020 5698 3265 5740 seorsum
3314 5684 3545 5753 vulgatis
3569 5697 3603 5738 a

404 5765 701 5828 Francisco
732 5770 866 5827 Zino
890 5773 976 5828 hic
1000 5776 1375 5846 apposuimus,
1413 5779 1554 5835 sient
1575 5789 1629 5835 et
1656 5780 2059 5837 Catecheticatn
2087 5782 2409 5845 orationem,
2438 5778 2725 5834 maximam
2757 5776 3097 5845 appellatam,
3146 5790 3213 5828 ex
3243 5774 3600 5831 translationi
