4054 6508
493 410 562 465 59
1677 416 1734 476 S.
1776 415 1864 473 GR
1874 417 2128 477 EGORIO
2172 418 2480 476 NYSSENI.
3667 418 3735 468 bo

494 531 712 588 Herveti
739 549 753 598 ;
786 545 913 586 nam
954 547 1078 588 cum
1104 533 1219 604 jam
1246 535 1517 606 legeretur
1549 539 1761 595 reddita
1781 539 1977 598 Latine
2000 559 2097 614 per
2128 541 2354 597 Petrum
2383 540 2690 604 Morellum,
2718 536 2924 609 placuit
2953 543 3008 592 et
3033 535 3126 592 hic
3145 534 3454 590 versionem
3491 533 3736 591 nondum

495 628 767 682 hactenus
798 627 1127 699 impressam
1159 642 1486 702 proponere.
1516 637 1596 692 lbi
1625 639 2088 705 autem,maxime
2121 655 2240 711 cap.
2277 639 2344 695 37
2378 638 2547 694 multa
2587 636 2653 692 de
2682 634 3145 694 transmutatione
3186 629 3300 684 sive
3324 632 3736 688 transsubstanc

493 720 729 776 tiutione
758 719 1030 777 Dominici
1069 730 1320 794 corporis
1345 735 1400 783 et
1434 732 1716 802 sanguinis
1747 734 2114 800 adducuntur,
2144 743 2198 790 et
2224 750 2344 806 cap.
2376 735 2466 799 58,
2501 749 2560 788 se
2587 732 2708 788 aliis
2735 732 2792 786 in
2828 731 2964 786 locis
2994 730 3150 800 plura
3179 727 3246 783 de
3279 725 3622 782 Eucharistia
3645 741 3740 780 ex-

492 818 747 879 posuisse
769 828 977 884 narrat,
1003 823 1148 891 quod
1186 833 1364 881 tamen
1394 843 1504 883 non
1536 829 1611 885 ita
1643 830 1902 901 frequens
1929 839 2014 886 est
2041 833 2097 886 in
2140 831 2546 903 exemplaribus
2581 845 2701 900 quae
2732 829 2896 898 vulgo
2931 827 3203 883 feruntur.
3236 823 3375 880 Huic
3405 825 3534 880 item
3575 823 3739 878 Cate-

493 911 705 966 cnetico
732 911 874 966 libro
903 912 1007 984 (sic
1033 917 1179 971 enim
1205 917 1502 990 Gregorius
1536 924 1652 992 ipse
1686 925 1920 993 appellat
1949 927 2278 995 saepissime)
2320 925 2464 980 sicut
2496 931 2551 978 et
2574 923 2653 977 illi
2676 923 2743 978 de
2771 921 2955 976 anima
2985 927 3038 974 et
3063 917 3471 974 resurrectione
3499 915 3740 985 disputa-

497 1002 630 1058 tioni
662 1017 786 1056 cum
811 1018 1004 1060 sorore
1037 1005 1301 1072 Macrina,
1335 1010 1555 1078 quidam
1587 1011 1852 1077 haeretici,
1880 1022 1940 1068 ut
1964 1013 2020 1067 in
2049 1014 2326 1084 plerisque
2351 1020 2596 1068 veterum
2634 1009 3134 1072 lucubrationibus,
3165 1007 3422 1078 dogmata
3451 1005 3738 1072 nonnulla,

493 1097 769 1167 praecipue
790 1114 920 1155 vero
949 1099 1202 1173 Origenis
1225 1103 1552 1174 injecerunt,
1577 1104 1880 1178 Nicephoro
1906 1117 2046 1164 teste
2071 1110 2262 1173 lib.'tt,
2293 1122 2414 1178 cap.
2447 1105 2536 1162 19.
2572 1104 2676 1160 Sed
2705 1115 2758 1160 et
2785 1104 3056 1159 immistas
3076 1101 3393 1172 huiusmodi
3420 1098 3590 1154 falsas
3622 1100 3741 1168 epi-

495 1193 688 1250 niones
716 1194 1096 1255 demonstrare
1124 1197 1303 1270 possis
1327 1213 1395 1253 ex
1425 1213 1490 1254 eo
1527 1199 1672 1268 quod
1705 1199 1760 1253 in
1787 1197 2134 1255 Gatechetico
2165 1214 2287 1269 cap.
2321 1199 2413 1263 55,
2455 1199 2603 1252 circa
2633 1197 2794 1251 linem
2832 1210 2899 1250 ex
2926 1193 3199 1251 sententia
3238 1191 3491 1263 Origenis
3534 1192 3740 1262 reperi-

498 1295 608 1354 tur,
634 1288 811 1360 longis
839 1297 962 1360 post
992 1293 1210 1348 saeculis
1237 1290 1346 1348 Deo
1376 1307 1572 1361 puram
1599 1292 2032 1350 conservandam
2075 1299 2333 1346 naturam
2359 1309 2372 1344 :
2395 1301 2451 1346 et
2479 1288 2627 1360 quod
2667 1289 2798 1344 huic
2829 1287 3004 1343 errori
3037 1286 3377 1342 contrarium
3420 1285 3654 1340 habetur
3684 1285 3740 1338 in

496 1383 748 1439 oratione
776 1384 855 1439 De
877 1385 962 1440 die
990 1384 1310 1441 Nativitatis
1333 1387 1564 1451 Domini,
1584 1404 1707 1444 cum
1743 1387 2008 1444 scribitur
2035 1405 2050 1442 :
2084 1387 2238 1455 Quod
2270 1403 2363 1456 per
2389 1386 2838 1456 gresurrectionem
2869 1385 2959 1454 qui
2984 1384 3121 1453 justi
3148 1392 3322 1448 erunt,
3359 1382 3427 1437 ad
3477 1382 3738 1437 caelestem

494 1473 721 1542 quietem
752 1478 996 1535 accedent
1021 1482 1150 1552 ;qui
1179 1491 1357 1536 autem
1385 1485 1611 1550 peccatis
1644 1482 1882 1548 obnoxii,
1907 1484 1961 1537 in
1989 1483 2240 1554 gehenna:
2259 1483 2426 1554 ignem
2446 1481 2814 1546 detrudentur,
2850 1489 2958 1536 etc.
2991 1479 3106 1535 Nec
3127 1480 3274 1535 enim
3294 1482 3592 1550 pugnantia
3618 1486 3741 1532 tan.

498 1572 588 1621 tus
618 1565 704 1620 vir
730 1577 822 1622 aut
849 1571 1019 1625 sensit
1044 1572 1355 1627 autdocuit.
1391 1573 1458 1629 Et
1479 1584 1538 1629 ut
1561 1585 1755 1631 caetera
1783 1575 1974 1646 paucis
1994 1577 2442 1646 complectamur,
2472 1575 2577 1628 alia
2599 1573 2846 1644 quaedam
2868 1572 3129 1643 opuscula
3159 1572 3216 1626 in
3256 1573 3358 1627 hac
3385 1572 3621 1628 editione
3650 1585 3743 1625 ac-

495 1667 801 1724 cesserunt,
835 1660 1094 1718 nimirum
1125 1665 1404 1722 orationes
1436 1666 1510 1721 De
1539 1667 1786 1738 fugienda
1817 1667 2211 1739 fornicatione;
2262 1664 2329 1719 In
2379 1682 2466 1720 eos
2520 1666 2611 1736 qui
2651 1665 2906 1734 differunt
2949 1664 3236 1734 baptisma,
3283 1675 3332 1719 et
3369 1667 3458 1736 qui
3488 1681 3623 1735 wgre
3663 1664 3742 1733 fo-

496 1757 623 1802 runt
643 1749 1088 1820 reprehensiones,
1126 1755 1194 1810 ab
1222 1754 1458 1812 lierveto
1483 1759 1718 1826 primum
1756 1772 2056 1814 conversae.
2094 1755 2173 1811 De
2191 1755 2510 1811 Ascensione
2548 1769 2702 1819 vero,
2750 1763 2806 1810 et
2835 1754 2887 1808 in
2912 1752 3257 1810 Pentecosten
3308 1769 3589 1810 sermones
3625 1754 3739 1823 jam

496 1837 625 1893 editi
660 1839 1191 1898 circumferebantur
1223 1863 1235 1898 :
1275 1847 1424 1916 prior
1459 1849 1679 1918 quidem
1713 1863 1784 1902 ex
1815 1846 1990 1902 Silani
2020 1845 2296 1912 versione,
2340 1847 2484 1902 sicut
2525 1857 2581 1902 et
2613 1846 2874 1916 pleraque
2916 1844 3148 1916 Nysseni
3183 1846 3420 1916 scripta;
3472 1846 3568 1901 sed
3613 1845 3741 1915 quia

497 1926 636 1982 feria
671 1945 724 1983 iv
757 1939 882 2000 post
901 1932 1296 1991 Ascensionem
1328 1937 1396 1992 de
1425 1938 1616 1992 eodem
1647 1952 1898 1993 sermone
1926 1952 1993 1993 ex
2021 1936 2384 1992 translatione
2413 1937 2534 1992 Zini
2562 1937 2761 2008 legitur
2793 1937 2851 1991 in
2882 1936 3157 1993 breviario
3187 1937 3432 1995 Romano
3474 1955 3649 2010 nuper
3673 1955 3743 1996 ex

496 2019 716 2076 decreto
735 2023 956 2078 concilii
986 2023 1295 2081 Tridentini
1317 2028 1610 2084 restituto:
1635 2035 1924 2099 propterea
1954 2035 2008 2084 et
2037 2027 2186 2083 hunc
2205 2036 2260 2082 et
2289 2043 2649 2099 quoscunque
2675 2029 2917 2086 nancisci
2947 2031 3224 2100 potuimus
3256 2045 3322 2086 ex
3351 2030 3542 2087 eodem
3575 2032 3744 2088 inter-

497 2121 668 2183 prete,
691 2114 784 2185 qui
812 2115 880 2170 ab
911 2117 1157 2175 Ecclesia
1180 2121 1441 2190 probatus
1463 2136 1587 2177 esse
1616 2120 1912 2186 videretur,
1943 2120 2174 2175 selectos
2192 2119 2537 2187 excudimus,
2557 2128 2616 2174 ut
2646 2119 2723 2175 De
2741 2121 3054 2189 pauperibus
3087 2121 3353 2188 ornandis,
3372 2120 3440 2176 In
3469 2124 3743 2178 mulierem

497 2208 862 2273 peccatricem,
886 2207 962 2263 De
988 2210 1396 2276 dormientibus,
1443 2221 1496 2268 et
1535 2213 1600 2267 de
1646 2213 1845 2268 Christi
1883 2212 2184 2278 nativitate,
2224 2211 2561 2283 ejusdemque
2608 2215 3011 2270 resurrectione.
3051 2213 3324 2270 Nonnulla
3366 2224 3626 2286 praeterea
3672 2233 3743 2274 ex

500 2297 732 2352 aliorum
771 2300 1027 2357 versione
1063 2317 1313 2358 seorsum
1355 2305 1570 2375 vulgata
1602 2306 1957 2372 inseruimus,
1995 2313 2056 2358 ut
2089 2305 2287 2359 librum
2308 2303 2388 2359 De
2433 2303 2745 2374 Virginitate
2769 2321 2799 2358 a
2827 2304 2988 2361 Petro
3016 2305 3293 2362 Galesinio
3325 2319 3744 2374 conversum,et

501 2386 686 2444 Romae
707 2391 848 2461 typis
879 2408 1178 2449 excusum:
1200 2395 1255 2450 in
1281 2411 1393 2463 quo
1423 2398 1492 2453 de
1522 2397 1777 2468 virginali
1801 2397 2026 2463 virtute,
2056 2411 2164 2466 qua
2191 2411 2300 2450 una
2326 2395 2549 2465 reliquae
2587 2411 2780 2452 omnes
2795 2397 3168 2462 continentur,
3199 2400 3277 2452 ita
3302 2399 3546 2470 disputat
3577 2414 3744 2454 evan-

501 2481 686 2550 gelicae
715 2483 1356 2558 doctrinamajestatem
1391 2494 1785 2562 complectens,
1818 2500 1878 2547 ut
1909 2507 2019 2546 non
2049 2493 2224 2547 solum
2264 2507 2389 2546 cum
2420 2491 2622 2547 Stoicis
2653 2492 2720 2548 de
2744 2493 2996 2559 ltonesto,
3042 2509 3230 2549 verum
3267 2495 3430 2550 etiam
3460 2509 3587 2550 cum
3614 2495 3743 2550 reli-

500 2575 626 2644 quis
659 2577 902 2637 honestis
937 2582 1390 2655 philos0phorum
1435 2587 1744 2658 disciplinis
1785 2587 2043 2652 disserat,
2087 2586 2565 2658 patrociniumque
2613 2599 2802 2640 earum
2832 2587 3130 2652 actionum,
3191 2588 3247 2642 in
3275 2588 3476 2658 quibus
3523 2588 3744 2644 virtutis

501 2670 759 2737 splendor
797 2673 999 2741 elucet,
1032 2679 1324 2749 suscipiat.
1371 2678 1458 2741 Et,
1502 2695 1570 2735 ne
1607 2680 1740 2749 quid
1772 2679 1992 2734 silentio
2023 2679 2444 2749 praetermittere
2475 2685 2569 2732 aut
2601 2677 2955 2734 dissimulare
2985 2680 3288 2744 videamur,
3339 2679 3488 2750 quod
3528 2680 3617 2733 hic
3644 2680 3744 2733 ha-

502 2760 661 2815 betur
686 2763 1012 2834 impressum
1043 2770 1267 2825 nomine
1297 2768 1545 2842 Gregorii
1581 2769 1810 2842 Nysseni
1843 2770 1912 2825 ad
1940 2769 2162 2826 Petrum
2189 2771 2409 2839 fratrem
2453 2787 2631 2834 suum,
2682 2769 2760 2824 De
2789 2769 3089 2839 di/fercntia
3119 2771 3431 2826 substantiae
3479 2781 3529 2825 et
3582 2771 3746 2841 hypo-

501 2863 726 2921 staseos,
776 2857 920 2914 idem
949 2861 1145 2932 legitur
1174 2862 1315 2931 apud
1351 2861 1414 2916 D.
1453 2863 1716 2919 Basiliam
1741 2864 1973 2933 epistola
2008 2864 2078 2919 43
2133 2866 2202 2917 ad
2234 2861 2543 2936 Gregorium
2599 2865 2826 2933 fratrem
2857 2861 3162 2933 Nyssenum
3198 2865 3522 2938 episcopum.
3579 2863 3745 2922 Vide-

501 2945 610 3001 rint
644 2947 917 3006 doctiores
941 2953 1160 3014 cuinam
1194 2955 1414 3009 illorum
1450 2955 1592 3010 hanc
1623 2954 2056 3024 disputationem
2089 2956 2394 3026 assignent.

572 3037 839 3094 Caeterum
868 3041 1012 3098 inter
1039 3053 1356 3099 sanctorum
1396 3043 1551 3100 Vitas
1600 3045 1668 3101 ab
1702 3046 1928 3118 Aloysio
1957 3045 2150 3103 Latine
2178 3062 2290 3102 non
2323 3047 2400 3101 ita
2452 3045 2663 3117 pridem
2699 3061 2766 3101 ex
2795 3045 3034 3124 diversis
3077 3044 3401 3104 auctoribus
3451 3045 3650 3109 editas,
3681 3053 3736 3101 et

502 3132 665 3188 modo
697 3149 795 3205 per
823 3136 1068 3208 singulos
1102 3138 1219 3195 dies
1249 3140 1518 3212 cujusque
1551 3143 1757 3197 mensis
1794 3157 1824 3196 a
1867 3141 2028 3197 Surio
2067 3142 2333 3213 digestas,
2388 3141 2564 3196 oratio
2610 3140 2883 3212 quaedam,
2925 3139 3015 3210 pia
3046 3151 3181 3196 sane
3203 3140 3363 3211 juxta
3403 3148 3458 3197 et
3499 3143 3740 3214 elegans,

502 3228 580 3282 De
621 3245 842 3285 occursu
881 3231 1098 3287 Domini
1124 3243 1180 3290 et
1206 3235 1283 3290 De
1308 3235 1406 3291 Dei
1432 3247 1671 3308 parente,
1702 3247 1858 3308 atque
1902 3237 1966 3291 de
2005 3237 2156 3304 justo
2184 3235 2450 3299 Simeone,
2501 3235 2750 3305 Gregorii
2795 3233 3029 3306 Nysseni
3060 3234 3279 3288 titulum
3333 3250 3445 3304 pra:
3478 3251 3537 3292 se
3589 3236 3696 3292 fert

501 3325 594 3380 sed
621 3329 878 3397 quoniam
909 3327 1131 3386 Simeon
1160 3330 1580 3401 Metaphrastes,
1619 3333 1715 3402 qui
1749 3333 1987 3402 primum
2023 3331 2306 3402 dispersas
2334 3330 2522 3386 Graece
2551 3330 2868 3400 collegerat,
2893 3329 3108 3384 videtur
3140 3329 3197 3383 in
3247 3329 3351 3383 hac
3379 3332 3628 3387 nonnihil
3654 3348 3725 3387 au

502 3419 842 3487 immutasse,
883 3422 1160 3478 autetiam
1191 3424 1402 3493 aliquid
1437 3425 1741 3491 addidisse,
1787 3426 1918 3481 dum
1949 3440 2052 3496 pro
2077 3440 2181 3480 suo
2215 3439 2369 3480 more
2402 3421 2684 3492 copiosius
2730 3421 3048 3490 explicavit,
3077 3435 3144 3475 ac
3177 3421 3536 3491 amplioribus
3564 3426 3746 3481 verbis

501 3515 778 3569 enarravit
808 3533 821 3568 :
850 3514 973 3570 ideo
1011 3518 1169 3586 quasi
1208 3517 1352 3574 fetus
1390 3527 1538 3576 esset
1583 3519 1922 3590 illegitimus,
1976 3520 2118 3574 hanc
2166 3534 2291 3575 cum
2317 3533 2445 3574 vere
2481 3516 2680 3572 nativis
2737 3524 2886 3571 stare
2925 3514 3221 3570 noluimus.
3265 3512 3649 3573 Verumtamen
3700 3519 3746 3574 si

502 3605 628 3674 quis
659 3605 799 3662 forte
827 3621 988 3664 secus
1017 3608 1247 3678 judicet,
1287 3611 1450 3667 habet
1471 3611 1714 3678 interim,
1752 3618 1904 3668 utne
1932 3611 2023 3665 hic
2057 3618 2360 3682 repetatur,
2421 3609 2554 3664 inibi
2581 3608 2726 3680 typis
2773 3607 3122 3676 impressam,
3177 3605 3324 3660 sicut
3361 3614 3413 3661 et
3456 3609 3744 3677 epistolam

501 3697 650 3754 illam
687 3699 755 3752 ad
791 3698 1094 3771 Olympium
1119 3703 1457 3771 monachum,
1488 3702 1566 3758 De
1590 3703 1700 3758 vita
1741 3703 2020 3760 Macrinte.
2062 3704 2222 3772 Quod
2257 3719 2390 3762 vero
2414 3704 2651 3774 pertinet
2679 3701 2748 3757 ad
2787 3701 3041 3758 diversas
3074 3701 3438 3772 quorumdam
3469 3701 3745 3757 librorum

501 3794 915 3865 inscriptiones,
949 3813 1054 3855 nos
1085 3807 1144 3854 ut
1173 3800 1470 3871 plurimum
1500 3801 1558 3857 in
1588 3801 1839 3872 margine
1870 3801 2209 3869 notavimus,
2249 3808 2346 3856 aut
2372 3801 2430 3858 in
2459 3813 2690 3872 operum
2712 3797 2999 3868 Catatogo,
3046 3813 3212 3869 quem
3249 3797 3630 3868 subjiciemus,
3656 3799 3742 3854 in-

499 3885 830 3947 dicabimus.

567 3984 962 4044 Desiderantur
993 4001 1174 4047 autem
1203 3999 1400 4063 praeter
1431 3991 1546 4047 haec
1579 3990 1686 4046 alia
1723 3989 1844 4061 ejus
1879 3989 1980 4045 viri
2014 3987 2350 4044 monimenta
2380 3992 2719 4056 temporum,
2757 3986 2846 4044 vel
2890 3987 3174 4043 hominum
3204 3987 3406 4058 injuria
3427 3987 3705 4059 deperdita
3724 4027 3743 4053 ,

499 4088 594 4133 aut
616 4078 878 4136 hactenus
904 4082 957 4135 in
985 4083 1162 4138 lucem
1208 4082 1448 4138 nondum
1477 4082 1764 4154 evulgata;
1797 4095 1976 4151 neque
2004 4079 2150 4134 enim
2182 4077 2453 4149 reperitur
2485 4077 2646 4146 liber,
2678 4095 2838 4150 quem
2875 4080 3163 4150 scripsisse
3195 4090 3526 4137 memoratur
3557 4093 3744 4136 contra

497 4169 804 4235 Ablabium,
839 4171 918 4248 De
945 4172 1154 4238 Patris,
1185 4172 1338 4242 Filii,
1373 4184 1423 4229 et
1452 4173 1686 4243 Spiritus
1719 4173 1891 4227 sancti
1919 4169 2216 4236 divinitate,
2252 4169 2359 4226 nisi
2387 4169 2512 4241 quis
2544 4170 2696 4225 illum
2728 4187 2848 4228 esse
2881 4170 3022 4227 forte
3054 4173 3361 4243 suspicetur
3389 4190 3452 4230 ex
3488 4174 3743 4231 allinitate

498 4267 825 4336 argumenti,
847 4283 1008 4338 quem
1037 4260 1108 4322 ad
1127 4269 1407 4323 Ablabium
1434 4269 1606 4332 misit,
1626 4267 1778 4333 Quod
1805 4276 1908 4322 tres
1935 4266 2106 4321 dicere
2133 4265 2270 4320 Deos
2295 4281 2399 4320 non
2425 4274 2683 4334 oporteat,
2705 4281 2829 4337 pag.
2848 4266 2954 4321 447
2999 4268 3128 4322 torni
3175 4266 3239 4331 ll,
3265 4269 3360 4324 sed
3384 4270 3535 4325 locus
3561 4278 3742 4326 tamen

499 4361 570 4416 ab
601 4361 888 4432 Euthymio
920 4365 1160 4434 prolatus
1193 4373 1346 4434 parte
1443 4363 1529 4418 tit.
1558 4362 1595 4416 2
1649 4361 1877 4430 Panopl.
1906 4360 1961 4416 in
1992 4375 2059 4417 eo
2078 4361 2303 4415 minime
2331 4359 2618 4426 reperitur.

567 4450 806 4508 Necdum
839 4455 1158 4526 prodierunt
1182 4455 1238 4509 in
1268 4455 1443 4510 lucem
1480 4453 1860 4510 Gommentarii
1890 4452 1946 4505 in
1971 4451 2267 4520 Epistolam
2287 4449 2359 4502 D.
2391 4448 2554 4503 Pauli
2577 4449 2647 4502 ad
2674 4449 3054 4519 Philippenses,
3081 4468 3240 4522 quos,
3273 4461 3333 4507 ut
3352 4452 3536 4508 docuit
3560 4453 3743 4510 Sixtus

501 4542 782 4614 Senensis,
817 4556 1008 4603 auctor
1038 4546 1374 4602 Bibliotheca:
1412 4554 1643 4612 sanctae,
1675 4544 1912 4617 Cyrillus
1944 4542 2077 4600 citat
2108 4543 2166 4597 in
2195 4540 2335 4596 libro
2371 4539 2439 4594 ad
2472 4539 2749 4609 Evoptium
2781 4542 3002 4611 fratrem
3037 4555 3222 4599 contra
3253 4544 3652 4602 Theodoretum.
3683 4545 3743 4602 In

499 4638 658 4706 cujus
691 4639 814 4695 libri
861 4640 965 4696 line
996 4641 1078 4697 sic
1103 4641 1341 4711 legitur:
1374 4639 1444 4695 D.
1473 4638 1712 4710 Gregorii
1745 4638 1972 4708 episcopi
1997 4637 2054 4691 in
2081 4635 2379 4706 Epistulam
2413 4634 2481 4687 ad
2512 4632 2871 4703 Philippenses
2894 4651 2915 4690 :
2953 4636 3112 4705 cujus
3165 4636 3563 4708 fragmentum:
3603 4637 3744 4702 Hoc,

501 4734 698 4805 inquit,
726 4735 966 4802 sapiatur
985 4734 1123 4804 quod
1152 4742 1229 4788 est
1255 4734 1312 4787 in
1341 4731 1552 4788 Christo
1583 4731 1734 4800 Jesu,
1813 4731 1903 4801 qui
1933 4745 2052 4784 cum
2083 4729 2141 4782 in
2169 4728 2344 4798 forma
2382 4725 2477 4781 Dei
2496 4735 2650 4790 esset,
2691 4743 2794 4781 non
2826 4727 3068 4796 rapinam
3099 4728 3389 4784 arbitratus
3418 4739 3493 4784 est
3528 4748 3638 4786 esse
3689 4750 3744 4788 se

500 4828 754 4897 tequalem
782 4827 912 4907 Deo,
933 4830 1025 4884 sed
1046 4830 1376 4899 semetipsum
1396 4830 1703 4894 exinanivit,
1728 4828 1955 4898 formam
1979 4824 2115 4882 servi
2132 4823 2442 4894 suscipiens.
2509 4824 2648 4890 Quid
2668 4824 2944 4893 pauperius
2971 4827 3024 4878 in
3050 4824 3177 4890 Deo,
3194 4843 3350 4897 quam
3375 4828 3548 4896 forma
3571 4830 3705 4883 serui
3720 4833 3746 4885 ?

502 4920 646 4986 Quid
677 4917 926 4976 humilius
953 4923 1006 4975 in
1032 4938 1147 4992 rege
1174 4930 1500 4986 cunctorum,
1527 4937 1684 4992 quam
1706 4919 1774 4973 ad
1797 4919 2211 4973 communionem
2232 4917 2478 4986 pauperis
2506 4925 2700 4973 nostra:
2718 4926 2924 4969 natura:
2947 4929 3128 4985 sponte
3155 4920 3371 4976 uenire?
3409 4921 3520 4976 Rea:
3566 4939 3743 4992 regum

501 5023 550 5067 et
585 5013 840 5068 Dominus
871 5015 1259 5068 dominantium
1287 5013 1527 5068 induitur
1560 5013 1735 5084 forma
1765 5013 1932 5076 servi;
1960 5011 2130 5081 judea:
2163 5011 2398 5065 omnium
2430 5011 2494 5080 t
2521 5008 2762 5064 subditus
2794 5009 3138 5077 potestatibus
3168 5021 3447 5076 creaturae,
3486 5013 3743 5073 Dominus

504 5118 557 5169 in
590 5108 850 5178 spelunca
865 5108 1112 5178 ponitur:
1153 5106 1247 5175 qui
1274 5105 1451 5160 omnia
1478 5105 1730 5169 continet,
1755 5104 1812 5156 in
1833 5101 2124 5158 diversorio
2146 5117 2251 5155 non
2273 5101 2466 5155 invenit
2495 5101 2688 5163 locum,
2719 5099 2809 5153 sed
2840 5101 2896 5153 in
2921 5115 3150 5171 prwsepe
3175 5104 3459 5173 projicitur
3479 5106 3747 5175 jumento-

503 5224 658 5270 rum;
685 5204 911 5258 mundus
940 5212 990 5258 et
1021 5202 1395 5257 immaculatus
1419 5200 1597 5256 sordes
1623 5199 1851 5270 suscepit
1877 5199 2121 5258 humana:
2149 5206 2374 5262 natura,
2405 5203 2454 5249 et
2481 5209 2572 5263 per
2598 5196 2776 5249 omnia
2800 5203 3162 5266 paupertatem
3195 5207 3433 5252 nostram
3465 5201 3744 5263 transiens,

504 5319 664 5372 usque
690 5300 964 5368 admortis
989 5301 1121 5354 venit
1139 5299 1568 5370 experimentum.
1596 5293 1938 5352 Considerate
1960 5294 2287 5364 paupertatis
2311 5300 2612 5362 spontanee?
2634 5307 2954 5354 mensuram,
2978 5292 3085 5345 vita
3113 5302 3331 5346 mortem
3357 5296 3556 5362 gustat,
3580 5291 3748 5360 judea:

503 5397 779 5449 deducitur
807 5394 878 5447 ad
890 5394 1174 5462 judicium,
1204 5394 1324 5447 vita:
1357 5393 1591 5446 omnium
1624 5390 1989 5446 exsistentium
2013 5389 2272 5443 Dominus
2301 5385 2544 5440 subditur
2561 5387 2828 5440 sententia
2851 5383 3168 5454 judicantis,
3197 5399 3291 5438 rex
3319 5382 3551 5438 omnium
3582 5377 3748 5435 -

507 5506 639 5552 tum.
674 5507 790 5562 qua:
817 5494 961 5544 ultra
992 5488 1244 5543 mundum
1268 5497 1408 5554 sunt,
1437 5487 1818 5556 spiculatorum
1847 5502 1951 5540 non
1971 5485 2170 5554 respuit
2195 5499 2403 5538 manus.
2438 5479 2715 5535 Hactenus
2741 5477 3036 5550 Gregorius
3057 5478 3380 5547 episcopus:
3411 5473 3504 5545 qui
3525 5473 3747 5544 quidem

506 5580 720 5634 videtur
751 5596 873 5636 esse
897 5578 1176 5651 Nyssenus
1211 5587 1416 5643 noster,
1449 5593 1573 5633 cum
1606 5577 1979 5634 Nazianzenus
2008 5591 2109 5633 nec
2141 5577 2200 5631 in
2233 5575 2377 5629 hanc
2406 5573 2716 5644 epistolam,
2748 5588 2850 5628 nec
2882 5572 2936 5625 in
2972 5572 3205 5640 aliquem
3236 5567 3448 5622 Veteris
3487 5576 3582 5620 aut
3611 5565 3748 5620 Novi

507 5669 841 5726 Testamenti
859 5671 1055 5726 librum
1074 5686 1140 5726 ex
1163 5669 1408 5739 professo
1437 5669 1726 5740 scripsisse
1747 5677 2096 5724 memoretur.
2127 5670 2186 5722 In
2215 5666 2486 5738 principio
2512 5666 2777 5720 orationis
2812 5665 3000 5735 primm
3030 5662 3108 5716 De
3136 5659 3449 5730 pauperibus
3479 5661 3746 5726 amandis,

507 5759 600 5814 ubi
632 5760 920 5816 scribitur:
941 5760 1202 5827 Quoniam
1222 5759 1422 5815 duobus
1453 5759 1809 5829 superioribus
1833 5759 2014 5814 diebus
2031 5758 2371 5830 cupiditatem
2393 5758 2542 5812 illam
2562 5775 2678 5829 qua:
2699 5757 2837 5828 gula:
2857 5758 3151 5826 ventrisque
3178 5755 3491 5821 voluptatem
3519 5760 3749 5806 sectatur

508 5851 900 5923 castigavimus,
930 5853 993 5908 de
1026 5854 1249 5924 ipsisque
1283 5855 1448 5908 multa
1480 5853 1737 5924 diximus,
1773 5861 1897 5917 ete.,
1921 5853 2129 5910 clarum
2154 5865 2237 5914 est
2270 5853 2446 5928 ipsum
2480 5851 2800 5925 Gregorium
2834 5849 2902 5905 dc
2941 5849 3041 5903 hac
3084 5864 3142 5906 re
3173 5849 3448 5904 orationes
3492 5846 3748 5900 habuisse
