4110 6488
347 374 412 428 σι
1508 391 1575 446 ΙΝ
1613 392 2090 452 HEXAEMERON
2132 399 2359 454 LIBER.
2838 476 2845 485 '
3527 409 3600 467 63

340 480 413 597 (ξά
439 486 708 560 Populum.
742 508 864 562 (tute
890 509 1002 565 jam
1035 513 1144 554 non
1176 504 1542 571 reperiuntur,
1578 510 1721 564 sicut
1753 529 1851 566 nec
1882 515 1986 568 alia
2018 516 2195 585 plura,
2229 534 2351 588 qua:
2381 518 2601 590 scripsit
2631 522 2867 579 maxime
2928 525 3177 581 adversus
3213 526 3595 597 Eunomianos,

2020 578 2033 585 .
2183 578 2191 581 ν
2247 578 2260 588 .
2493 578 2511 590 .
2850 578 2859 579 κ
3213 578 3595 597 -------.--π.-,-,

342 578 574 636 Arianos
604 591 657 638 et
684 587 926 657 reliquos
956 590 1103 646 illius
1133 600 1473 665 tempestatis
1508 601 1811 670 haereticos,
1837 622 1959 663 cum
1993 610 2194 676 quibus
2227 612 2410 666 animo
2445 613 2678 668 infracto
2709 632 2807 684 pro
2844 618 3069 673 veritate
3098 621 3367 676 catholica
3396 639 3600 693 propu-

342 672 529 697 nnn..:‘_
578 680 635 697 ..ο
674 674 872 697 2...,.12--Α
902 677 975 697 πει
1000 695 1007 697 ξ
1030 695 1041 697 ,
1074 682 1085 697 ι
1194 693 1202 697 .
1302 687 1355 697 ..-
1687 691 1739 697 Α-
3515 692 3521 697 .

340 672 550 786 gna'vit,
578 680 636 725 ut
672 674 875 730 indicat
902 677 1278 739 Theodoretus
1301 687 1396 742 lib.
1432 705 1504 753 ιν,
1532 705 1653 761 cap.
1681 691 1774 757 28,
1796 702 1849 747 et
1871 709 1899 746 a
1924 672 2123 764 quibus
2152 709 2374 770 prepter
2395 702 2551 756 [idem
2584 672 2757 773 patria
2782 710 2973 777 pulsus
3006 710 3061 764 in
3092 714 3366 779 exsilium,
3396 672 3600 786 ubique

342 764 511 817 multa
542 769 824 876 sustinuit,
861 781 918 825 ut
964 775 1189 843 ipsemet
1218 780 1273 833 in
1309 780 1431 835 Vita
1462 783 1721 840 Macrinw
1759 787 1941 842 refert.
1976 789 2078 844 Sed
2116 793 2231 847 haec
2264 810 2384 864 quae
2421 797 2507 849 hic
2538 796 2685 850 brevi
2720 764 2945 868 repetita
2977 811 3122 867 sunt,
3154 805 3306 859 licuit
3331 822 3394 861 ex
3428 764 3600 876 ipsius

2281 855 2297 864 .
2780 855 2794 868 .
2985 855 2996 857 -
3111 855 3122 867 ,
3336 855 3394 861 π
3429 855 3599 876 -.τ-η-

344 855 569 925 scriptis
589 855 922 932 Patrumque
944 863 1187 923 historiis
1226 872 1453 927 collecta
1485 876 1537 929 in
1573 878 1809 931 medium
1843 894 2167 949 proponere,
2192 893 2249 936 ut
2278 886 2322 939 si
2346 888 2470 957 quis
2497 891 2920 961 pervestiganda:
2952 895 3292 965 antiquitatis
3321 898 3599 955 studiosul

346 950 662 1020 hujusmodi
693 953 957 1014 librorum
980 959 1271 1020 thesauros
1304 969 1557 1037 reperiat,
1590 986 1685 1025 eos
1721 973 1933 1026 tandem
1966 975 2237 1041 extrahat,
2270 987 2322 1032 et
2355 950 2419 1033 ad
2457 950 3045 1050 publicamvutilitatem
3078 950 3132 1042 in
3152 1000 3390 1058 apertam
3423 991 3599 1048 lucem

344 1045 581 1100 emittat.

373 1260 3569 1341 Mm

1077 1438 1305 1524 ΤΟΥ
1381 1442 1524 1528 ΕΝ
1581 1445 1722 1527 ΑΓ
1726 1447 1943 1530 ΙΟΙΣ
2045 1449 2476 1534 ΠΑΤΡΟΣ
2554 1454 2878 1539 ΗΜΩΝ

1392 1639 2547 1782 ΓΡΗΓΟΡΙΟΥ

1607 1872 2009 1931 ΕΠΙΣΚΟΠΟΥ
2047 1879 2336 1945 ΝΥΣΣΗΣ,

453 2028 1333 2124 ΑΠΟΛΟΓΗΤΙΚΟΣ
1407 2042 1695 2129 ΠΡΟΣ
1734 2047 2181 2136 ΠΕΤΡΟΝ
2218 2054 2443 2140 ΤΟΝ
2482 2052 3008 2147 ΛΔΕΛΦΟΝ
3081 2062 3485 2163 ΑΥΤΟΥ,

1088 2236 1445 2350 ΠΕΡΙ
1517 2244 1816 2356 ΤΗΣ
1873 2234 2847 2366 ΕΞΑΗΜΕΡΟΥ.

1094 2628 1253 2784 S.
1376 2638 1547 2785 P.
1658 2638 1842 2789 Ν.
1945 2637 2871 2797 GREGORII

1679 2900 1989 2959 EPISCOPI
2015 2905 2311 2962 NYSSENI

479 3066 1214 3164 EXPLICATIO
1265 3072 2099 3170 APOLOGETICA
2138 3080 2287 3170 AD
2342 3084 2831 3177 PETRUM
2878 3088 3478 3200 FRATREM,

1353 3290 1501 3401 ΙΝ
1583 3294 2599 3413 ΗΕΧΑΕΜΕΒΟΝ.

1292 3510 1510 3560 PETRO
1557 3513 1935 3566 FRANCISCO
1992 3517 2161 3567 ZINO
2206 3519 2661 3573 INTERPRETE.

942 3870 1344 3926 ΠΡΟΟΙΜΙΟΝ.
1953 3886 2004 3940 Α

1953 3886 2004 3940 A
2612 3883 3028 3942 PROOEMIUM.

425 3984 612 4040 Ταῦτα
635 3986 828 4050 ποιεῖς,
872 3978 918 4038 ὦ
956 3984 1207 4058 ἄνθρωπε
1238 3985 1331 4039 τοῦ
1366 3986 1532 4051 Θεοῦ;
1586 3988 1931 4058 κατατολμᾷν

2104 3992 2243 4060 Quid
2291 3996 2428 4066 agis,
2479 3996 2643 4053 homo
2666 3999 2799 4055 Dei?
2825 4016 2924 4055 cur
2951 4017 3015 4057 ea
3044 4017 3145 4057 nos
3173 4018 3293 4073 qua:
3324 4004 3473 4063 vires
3501 4007 3606 4063 hu-

352 4080 503 4150 ήμᾶς
532 4076 642 4131 τῶν
674 4078 989 4148 ἀτολμήτων
1013 4078 1448 4150 ἐγκελευόμενος,
1491 4082 1584 4134 καὶ
1614 4083 1933 4153 πράγμασιν

2033 4101 2222 4141 manas
2252 4097 2514 4159 superant
2544 4092 2800 4162 aggredi,
2841 4101 2896 4148 et
2942 4110 3083 4150 onus
3125 4097 3268 4165 quod
3298 4112 3406 4153 non
3445 4101 3608 4157 modo

355 4171 626 4241 ἐγχειρεῖν
657 4170 950 4233 τοιούτοις,
1003 4161 1077 4225 ὧν
1129 4171 1191 4223 οὐ
1240 4170 1301 4223 τὸ
1351 4175 1531 4241 τυχεῖν
1582 4173 1739 4243 μόνον
1786 4174 1933 4227 ἐστὶν

2037 4179 2325 4240 sustineri,
2371 4181 2465 4235 sed
2516 4161 2594 4236 ne
2625 4161 2836 4254 rsuscipi
2883 4185 3125 4255 quidem,
3176 4195 3236 4241 ut
3264 4204 3366 4257 ego
3402 4191 3605 4256 sentio,

353 4263 670 4333 ἀμήχανον,
717 4261 852 4315 ἀλλὰ
887 4261 1007 4314 οὐδὲ
1052 4260 1113 4315 τὸ
1161 4264 1500 4333 ἐγχειρῆσαι,
1547 4264 1689 4317 κατά
1734 4282 1797 4333 γε
1843 4266 1934 4319 τὸν

2040 4267 2160 4322 sine
2186 4271 2610 4340 reprehensione
2638 4280 2838 4341 potest,
2872 4275 3060 4331 subire
3091 4277 3292 4345 juhes?
3336 4279 3433 4335 Vis
3461 4283 3608 4338 enim

355 4354 489 4423 ἐμὸν
531 4353 709 4421 λόγον,
752 4353 1118 4423 ἁνέγκλητον;
1169 4354 1289 4406 Τῶν
1326 4355 1434 4424 γὰρ
1466 4355 1605 4409 κατὰ
1636 4356 1784 4409 θείαν
1811 4358 1933 4409 ἐπί-

2034 4371 2094 4413 ut
2130 4376 2249 4430 quae
2278 4363 2483 4417 caelesti
2511 4364 2733 4419 numine
2781 4364 2994 4420 amatus
3026 4367 3092 4422 de
3123 4369 3313 4423 mundi
3348 4386 3610 4440 procrea-

355 4465 549 4501 πνοιαν
573 4449 632 4500 ὲν
659 4449 725 4517 τῇ
755 4447 1086 4516 κοσμογονίᾳ
1112 4446 1577 4518 φιλοσοφηθέντων
1603 4448 1680 4520 τῷ
1712 4450 1932 4521 μεγάλῳ

2035 4449 2184 4504 tione
2215 4466 2444 4520 magnus
2484 4451 2662 4508 Moses
2722 4455 2964 4523 prodidit
2998 4460 3368 4514 monumentis
3399 4460 3608 4516 littera-

352 4539 552 4610 Μωσῇ,
605 4538 673 4592 τὰ
726 4539 984 4592 δοκοῦντα
1034 4538 1173 4591 κατὰ
1234 4540 1334 4609 τὴν
1365 4539 1651 4610 πρόχειρον
1690 4540 1798 4593 τῶν
1843 4559 1936 4610 γε-

2034 4554 2177 4601 rum,
2204 4557 2325 4613 quae
2349 4557 2522 4611 primo
2540 4542 2757 4612 quidem
2790 4556 3014 4612 aspectu
3058 4547 3201 4602 inter
3226 4565 3285 4604 se
3329 4552 3610 4608 contraria

354 4631 694 4703 γραμμένων
742 4630 1048 4703 σημασίαν,
1096 4631 1424 4694 ὑπεναντίως
1469 4632 1632 4702 ἔχειν,
1668 4632 1936 4698 ἐπέταξας

2032 4629 2309 4695 videntur,
2359 4631 2849 4703 ordine.quodam
2899 4635 3187 4705 disponam
3248 4650 3609 4713 sanctamque

353 4723 489 4792 ἡμῖν
523 4721 613 4774 διά
642 4738 785 4783 τινος
819 4720 1111 4773 ἀκολούθου
1158 4720 1395 4785 διανοίας
1437 4723 1517 4784 εἰς
1561 4721 1751 4791 εἱρμὸν
1795 4722 1934 4790 ἁγα-

2039 4720 2376 4791 Scripturam
2408 4724 2513 4778 sibi
2532 4725 2635 4793 ipsi
2668 4728 3099 4782 consentientem
3149 4745 3214 4785 ac
3256 4742 3608 4789 constantem

351 4813 475 4880 γεῖν
502 4850 517 4875 ,
563 4812 660 4864 καὶ
711 4809 1103 4881 συμφωνοῦσαν
1133 4810 1267 4881 πρὸς
1298 4809 1496 4882 ἑαυτὴν
1524 4811 1804 4878 ἀποδεῖξαι
1834 4812 1934 4883 τὴν

2035 4828 2158 4868 esse
2194 4813 2562 4869 demonstrem
2586 4833 2600 4873 :
2627 4816 2790 4885 idque
2825 4826 2947 4887 post
2977 4819 3220 4874 divinam
3254 4823 3403 4877 illam
3433 4825 3607 4894 patris

354 4903 519 4970 ἁγίαν
567 4902 827 4973 Γραφήνο
886 4902 981 4955 καὶ
1024 4900 1193 4954 ταῦτα
1246 4902 1384 4972 μετὰ
1427 4902 1525 4971 τὴν
1577 4902 1935 4956 θεόπνευστον

2035 4906 2207 4973 nostri
2238 4906 2293 4959 in
2328 4906 2869 4978 idem-argumentum
2892 4914 3406 4968 commentationem
3441 4931 3606 4987 quam

350 4994 571 5062 ἐκείνην
618 4990 712 5045 τοῦ
759 4991 963 5061 πατρὸς
996 4991 1152 5061 ἡμῶν
1193 4994 1274 5054 εἰς
1317 4992 1376 5044 τὸ
1408 4991 1767 5063 προκείμενον
1803 4992 1935 5046 θεω-

2035 4998 2127 5067 qui
2158 4999 2424 5068 legerunt,
2448 5015 2558 5054 non
2594 5000 2776 5055 minus
2802 5017 2965 5071 quam
2995 5018 3057 5056 ea
3089 5020 3211 5074 qua:
3241 5006 3309 5060 ab
3346 5007 3464 5075 ipso
3487 5006 3603 5059 Mo-

352 5086 479 5156 ρίαν
500 5125 515 5149 ,
551 5084 619 5155 ἣν
664 5084 714 5136 οἱ
748 5085 1043 5151 ἐγνωκότες
1076 5084 1277 5145 πάντες
1298 5125 1313 5149 ,
1362 5083 1511 5136 οὐδὲν
1555 5083 1774 5138 ἔλαττον
1825 5084 1933 5139 τῶν

2037 5106 2095 5144 se
2120 5091 2423 5160 perscripta
2454 5098 2602 5158 sunt,
2637 5107 2827 5147 omnes
2869 5094 3247 5149 admirantur:
3288 5104 3342 5151 et
3390 5097 3602 5161 merito,

351 5178 508 5248 αὑτῷ
533 5178 743 5247 Μωῦσῇ
774 5177 1107 5247 πεφιλοσοφη
1117 5180 1293 5246 μένων
1322 5175 1690 5248 θαυμάζουσιν
1709 5193 1725 5208 ·
1759 5173 1817 5231 εὖ
1841 5179 1934 5231 καὶ
1966 5245 1974 5256 1

1985 5245 2005 5256 ι
2038 5197 2155 5237 mea
2185 5183 2406 5251 quidem
2445 5186 2738 5243 sententia.
2772 5183 2906 5239 Nam
2928 5203 3091 5256 quam
3122 5187 3390 5241 rationem
3441 5187 3608 5240 habet

324 5244 603 5348 βίκὸέως,
638 5244 813 5339 οἶμαι,
841 5244 999 5323 ἐοὖτο
1029 5244 1327 5333 ποιοῦντες.
1366 5244 1463 5323 Ὃν
1492 5270 1601 5341 γὰρ
1631 5270 1743 5340 ἔχει
1776 5270 1934 5339 λόγον

1980 5244 2007 5298 Β
2038 5288 2161 5327 cum
2205 5244 2376 5343 grano
2430 5275 2579 5345 spica
2608 5292 2728 5346 quae
2748 5286 2802 5331 et
2837 5294 2901 5332 ex
2932 5278 3024 5333 illo
3047 5280 3315 5348 provenit,
3370 5286 3422 5332 et
3470 5277 3603 5332 illud

323 5328 493 5431 1πρὸς
689 5328 887 5415 item
932 5362 960 5412 ὁ
1008 5360 1245 5431 ἄσταχυς
1272 5328 1303 5426 ,⁷
1336 5363 1426 5414 καὶ
1468 5328 1526 5427 ἐξ
1569 5328 1785 5415 ’ἐκεῖνου
1836 5328 1930 5426 ὧν,

2207 5328 2235 5343 υ
2440 5328 2479 5345 ν.
2614 5328 2723 5346 ,η
2754 5328 2798 5331 ρ
3047 5328 3315 5348 παπ---η
3376 5328 3417 5332 --

2040 5382 2149 5419 non
2205 5374 2326 5431 est;
2381 5367 2465 5421 vel
2514 5369 2695 5437 potius
2741 5386 2880 5438 qum,
2923 5385 3046 5423 cum
3092 5370 3225 5424 illud
3276 5371 3452 5437 ipsum
3483 5383 3606 5423 esse

354 5454 582 5505 κάκεῖνο
611 5452 685 5523 μὴ
706 5453 803 5521 ὢν,
842 5452 1041 5521 μᾶλλον
1071 5451 1128 5504 δὲ
1154 5454 1330 5505 ἐκεῖνο
1364 5452 1462 5522 μὲν
1490 5453 1563 5505 ὢν
1586 5455 1652 5523 τῇ
1679 5452 1929 5523 δυνάμει,

2036 5457 2233 5525 possit,
2270 5456 2644 5527 magnitudine
2668 5466 2850 5513 tamen
2878 5461 3047 5525 abeo,
3087 5471 3140 5515 et
3169 5458 3602 5530 pulchritudine,

353 5542 816 5614 παρηλλαγμένος
849 5545 905 5596 δὲ
938 5543 1181 5615 μεγέθει,
1217 5545 1311 5598 καὶ
1345 5544 1531 5599 κάλλει
1567 5546 1657 5598 καὶ
1691 5546 1933 5615 ποικιλίᾳ

2037 5555 2090 5600 et
2121 5548 2306 5602 formae
2348 5547 2840 5615 dilfertvarietatc,
2889 5552 3132 5606 eamdem
3187 5550 3456 5603 rationem
3501 5549 3600 5603 ha-

352 5636 449 5687 καὶ
486 5635 729 5705 σχήματι
752 5650 764 5664 ’
810 5636 901 5688 τὸν
936 5636 1100 5689 αὐτὸν
1132 5636 1275 5690 εἴποι
1306 5654 1391 5700 τις
1416 5637 1482 5689 ἂν
1511 5637 1727 5708 ἐπέχειν
1753 5636 1928 5706 λόγον,

2041 5636 2168 5691 bere
2207 5638 2359 5693 dicas
2424 5655 2549 5693 cum
2594 5642 2841 5696 oratione
2876 5642 3053 5710 magni
3094 5638 3282 5701 Mosis,
3316 5654 3379 5693 ea
3415 5655 3537 5709 qua;
3572 5655 3605 5695 a

353 5722 495 5795 προς
527 5724 627 5793 τὴν
647 5724 740 5777 τοῦ
771 5725 1005 5793 μεγάλου
1035 5726 1312 5789 Μωῦσέως
1340 5726 1541 5797 φωνὴν,
1570 5727 1639 5780 τὰ
1666 5725 1815 5795 παρὰ
1836 5725 1930 5779 τοῦ

2042 5742 2240 5797 magno
2267 5726 2468 5782 Basilio
2502 5731 2847 5783 accuratiore
2875 5730 3059 5784 Studio
3109 5736 3238 5783 sunt
3286 5728 3602 5783 elaborata:

360 5815 607 5904 μεγάλου
655 5817 934 5871 Βασιλεξου
978 5818 1065 5873 διὰ
1107 5818 1540 5889 φιλοπονωτέρας
1582 5817 1811 5890 θεωρίας
1852 5818 1937 5888 ἐξ·

2041 5820 2241 5876 etenim
2297 5835 2416 5890 qua:
2464 5820 2655 5890 paucis
2704 5820 2794 5876 ille
2841 5820 3023 5875 verbis
3079 5820 3399 5891 complexus
3431 5824 3516 5877 est
3550 5825 3611 5877 ct
