4054 6482
552 359 622 416 εδ
1783 357 1842 412 b'.
1883 356 2212 415 GREGOlili

2275 355 2565 416 NYSSENI
3729 353 3795 412 64

551 467 868 540 explicavit,
894 482 960 524 ea
1009 466 1204 524 doctor
1241 464 1430 524 noster
1483 466 1709 524 sublimi
1768 469 2117 541 philosophia

2219 473 2553 542 εργασθέντα
2571 474 2663 546 νοη
2672 489 2834 544 ματαο
2861 472 2897 526 ἃ
2920 471 3027 542 γὰρ
3043 470 3247 532 ἐκεῖνος
3264 461 3416 521 εἶπεν
3434 465 3493 520 ἐν
3511 463 3711 533 ὀλίγοις
3738 482 3796 518 τε

552 560 634 615 sic
653 559 876 615 adauxit
907 569 963 616 et
991 559 1311 623 cumulavit,
1345 570 1404 614 ut
1434 576 1541 614 non
1573 561 1802 631 spicam,
1832 563 1928 618 sed
1954 562 2118 618 arbo-

553 667 667 706 rem
687 649 949 715 effecerit,
986 653 1052 705 ad
1075 651 1492 706 similitudinem
1528 651 1686 722 grani
1723 650 1950 722 sinapis,
1970 651 2119 722 quod

555 757 722 813 regno
773 744 1035 797 cwlorum
1095 754 1466 814 comparatum
1525 751 1629 799 est.
1686 743 1744 798 In
1798 743 2119 814 accipientis

551 835 695 887 enim
733 834 916 887 animo
943 835 1218 889 excultum
1272 835 1440 890 arbor
1477 835 1555 900 ιιι,
1613 836 2121 907 cogitationumque

554 923 924 994 magnitudine
973 925 1210 994 undique
1271 927 1548 990 dilatatur,
1583 934 1638 981 et
1683 942 1960 983 ramorum
1996 929 2120 983 loco

553 1017 838 1086 praeceptis
905 1026 959 1072 et
1019 1019 1286 1074 institutis
1332 1018 1681 1088 expanditur,
1732 1019 2121 1090 propositoque

552 1104 768 1175 pietatis
823 1105 929 1160 line
984 1107 1066 1162 sic
1115 1106 1335 1163 ell‘ertur
1373 1109 1428 1162 in
1477 1109 1733 1173 sublime,
1782 1117 1842 1163 ut
1891 1110 2121 1166 excelsae

551 1196 718 1250 etiam
744 1198 974 1267 alteque
1005 1207 1238 1264 mentes,
1279 1214 1399 1268 qua!
1433 1200 1686 1254 volucres
1741 1201 1868 1255 οωιί
1912 1216 2117 1256 vocan-

549 1294 641 1340 tur
665 1287 721 1340 in
781 1287 1094 1360 Evangelio,
1143 1291 1246 1345 sub
1293 1291 1482 1346 talium
1527 1307 1806 1346 ramorum
1840 1294 2119 1364 magnitu-

552 1377 678 1432 dine
701 1389 901 1452 queant
930 1379 1088 1434 nidos
1127 1387 1450 1437 construere
1485 1382 1525 1436 ⁸.
1573 1381 1948 1448 Quaastionum
1971 1383 2120 1439 enim

551 1470 859 1538 explanatio
889 1478 973 1525 est
999 1471 1165 1524 animi
1203 1471 1424 1541 quidam
1463 1473 1627 1528 veluti
1679 1472 1860 1540 nidus,
1907 1474 1965 1529 in
2008 1488 2120 1545 quo

552 1577 707 1617 mens
730 1562 972 1616 instabili
1002 1562 1373 1619 sollicitudine
1397 1565 1718 1636 sciendique
1749 1566 1953 1632 studio,
1997 1577 2120 1622 tan-

551 1667 714 1722 quam
760 1655 1048 1724 multiplici
1089 1656 1300 1712 volatus
1340 1673 1548 1723 errore,
1578 1658 1722 1714 fessa
1755 1659 2115 1730 conquiescit.

551 1745 798 1810 Quonam
832 1746 996 1816 igitur
1025 1754 1185 1816 pacto
1231 1748 1322 1802 tali
1351 1756 1622 1820 tantaeque
1670 1766 1986 1807 sermonum
2024 1766 2118 1806 ar-

2224 565 2317 616 καὶ
2336 565 2796 637 εύπεριγράπτοις
2823 566 2935 627 τοῖς
2958 564 3023 634 ei;
3031 579 3182 633 μασι,
3199 560 3367 614 ταῦτα
3377 557 3467 612 διὰ
3480 557 3576 628 τῆς
3589 555 3796 628 ὑψηλῆς

2225 655 2541 724 φιλοσοφίας
2591 657 2618 708 ό
2655 653 2970 718 διδάσκαλος
2999 653 3158 724 ήμῶν
3190 650 3451 720 αὐξήσας,
3482 647 3605 719 οὐχὶ
3629 646 3795 701 ἄστα-

2224 765 2341 817 χυν.
2375 747 2512 800 ἀλλὰ
2559 746 2774 819 δένδρον
2817 746 3039 816 ἐποίησε
3069 743 3208 798 κατὰ
3237 743 3332 795 τὸν
3363 739 3700 812 ὁμοιωθέντα
3728 739 3794 810 τῇ

2226 838 2470 909 βασιλείᾳ
2495 837 2590 891 τοῦ
2622 837 2894 897 σινάπεως
2923 835 3142 898 κόκκον,
3174 833 3266 886 τὸν
3293 835 3350 886 ὲν
3378 835 3444 903 τῇ
3476 831 3674 902 καρδία
3700 831 3794 884 τοῦ

2224 926 2593 998 γεωργοῦντος
2617 924 3130 998 άποδενδρούμενον,
3155 923 3294 976 ὥστε
3315 923 3569 992 γενέσθαι
3593 939 3796 976 παντα-

2225 1019 2380 1090 χόθεν
2399 1019 2559 1072 αὑτὸν
2579 1017 2866 1089 ἀμφιλαφῆ
2895 1021 3006 1080 τοῖς
3029 1017 3285 1086 νοήμασι,
3303 1015 3396 1068 καὶ
3421 1013 3795 1085 διηπλωμένον

2225 1093 2346 1163 άντὶ
2389 1109 2600 1163 κλάδων
2628 1111 2742 1172 τοῖς
2773 1108 3025 1178 δόγμασι,
3057 1105 3151 1160 καὶ
3176 1103 3254 1174 τῷ
3297 1102 3484 1173 σκοπῷ
3514 1104 3613 1174 τῆς
3644 1102 3796 1155 εύσε-

2225 1201 2379 1265 ϐείας
2406 1202 2486 1264 είς
2524 1199 2657 1270 ὕψος
2687 1199 3118 1269 ἀνατεινόμενον,
3151 1197 3226 1260 ὠς
3251 1195 3345 1248 καὶ
3371 1195 3468 1257 τὰς
3493 1193 3704 1266 ὑψηλάς
3734 1210 3796 1247 τε

2225 1293 2319 1346 καὶ
2349 1290 2791 1362 μετεωροπόρους
2833 1289 3032 1359 ψυχάς,
3071 1287 3136 1351 ἃς
3179 1285 3402 1340 πετεινά
3441 1284 3536 1338 τοῦ
3567 1281 3794 1356 ούρανοῦ

2223 1383 2285 1437 τὸ
2331 1381 2662 1452 Εὐαγγέλιον
2708 1379 2985 1452 ὀνομάζει,
3033 1378 3292 1432 δύνασθαι
3336 1377 3414 1448 τῷ
3445 1375 3664 1449 μεγέθει
3689 1375 3795 1428 τῶν

2223 1475 2480 1531 τοιούτων
2531 1475 2740 1530 κλάδων
2785 1472 3141 1528 ὲννοσσεύειν.
3201 1471 3380 1526 Καλιά
3420 1469 3529 1541 γάρ
3568 1486 3651 1534 τις
3686 1464 3796 1522 οἷόν

2224 1568 2342 1621 ἐστι
2369 1566 2567 1638 ψυχῆς,
2595 1566 2629 1638 ή
2654 1565 2784 1637 περὶ
2805 1565 2868 1619 τὸ
2900 1564 3228 1635 ζητούμενον
3257 1560 3670 1632 συγκατάθεσις,
3696 1560 3795 1630 τὴν

2223 1662 2458 1718 ἄστατον
2504 1659 2597 1715 τοῦ
2649 1658 2742 1714 νοῦ
2792 1655 3360 1729 πολυπραγμοσύνην,
3396 1654 3645 1723 καθάπερ
3674 1651 3794 1706 τινά

2225 1753 2538 1825 πολυπλανῆ
2567 1752 2786 1823 πτῆσιν,
2817 1751 2900 1820 ἐφ’
2928 1751 3128 1820 ἑαυτῆς
3157 1747 3528 1802 άναπαύουσα.
3560 1743 3684 1806 Πῶς
3702 1738 3794 1825 οὖν

551 1835 669 1889 bori
704 1837 866 1891 liceat
901 1838 1150 1908 exiguam
1186 1849 1387 1894 nostra:
1415 1840 1767 1910 cogitationis
1813 1842 2118 1912 plantulam

2221 1845 2336 1900 ἔστι
2370 1845 2449 1917 τῷ
2478 1824 2706 1916 τοιούτῳ
2752 1843 2849 1898 καὶ
2875 1842 3179 1914 τηλικούτῳ
3206 1839 3406 1910 δένδρῳ
3447 1837 3555 1891 τῶν
3596 1824 3788 1904 λόγων,

550 1926 903 1995 comparare?
928 1926 1012 1980 An
1039 1943 1168 1983 vero
1200 1945 1378 1998 neque
1407 1938 1466 1984 tu
1498 1931 1755 2000 imperas,
1796 1947 1974 2003 neque
2015 1947 2121 1989 nos

549 2033 790 2087 unquam
820 2033 1171 2086 conaremur,
1203 2022 1374 2092 patris
1405 2022 1764 2094 magistrique
1794 2024 1972 2081 nostri
2007 2033 2122 2080 stu-

549 2111 638 2164 dio
677 2111 915 2168 laborem
952 2121 1203 2169 nostrum
1241 2116 1561 2185 opponere?
1613 2113 1804 2186 Itaque
1848 2116 2120 2188 agricolas

549 2203 730 2272 potius
759 2203 1115 2269 imitabimur,
1144 2206 1239 2276 qui
1270 2207 1508 2262 mirabili
1543 2208 1780 2276 quadam
1816 2208 2032 2264 ratione
2047 2224 2117 2265 ex

549 2311 656 2349 una
687 2295 984 2368 eademque
1010 2301 1196 2369 planta
1228 2302 1412 2358 varios
1439 2300 1653 2358 fructus
1681 2302 2031 2374 percipiunt;
2066 2305 2120 2358 id

550 2399 730 2443 autem
762 2398 1134 2460 assequuntur
1168 2391 1444 2448 inserendi
1474 2393 1728 2457 artiﬁcio,
1776 2396 1921 2465 quod
1974 2396 2122 2466 ejus-

550 2480 693 2535 modi
757 2489 887 2536 est:
948 2482 1207 2553 pusillum
1257 2484 1478 2552 aliquod
1531 2501 1597 2540 ex
1643 2487 1840 2542 arbore
1864 2489 2118 2559 quapiam

549 2584 790 2638 germen,
820 2587 928 2626 una
958 2588 1080 2627 cum
1108 2574 1314 2629 cortice
1351 2575 1473 2630 basi
1527 2575 1674 2632 illius
1725 2577 1976 2648 subjecto
2024 2577 2121 2633 de.

547 2668 816 2731 cerptum,
861 2662 916 2716 in
939 2663 1167 2718 alterius
1197 2663 1412 2719 arboris
1444 2664 1672 2735 majoris
1723 2666 1906 2737 aliqua
1961 2675 2120 2738 parte

548 2753 630 2808 sic
662 2754 859 2819 incisa,
892 2762 951 2809 ut
976 2755 1026 2810 ei
1071 2763 1263 2810 cortex
1292 2755 1544 2826 quadret,
1578 2757 1888 2824 includunt,
1929 2765 1989 2813 ut
2020 2773 2117 2813 na-

550 2845 709 2899 turali
738 2845 965 2916 majoris
997 2847 1211 2903 arboris
1252 2847 1480 2903 humore
1503 2863 1722 2919 germen
1758 2851 1887 2905 illud
1911 2851 2118 2906 enutri-

549 2945 662 2989 tum
689 2936 962 2992 coalescat
992 2953 1289 3009 ramusque
1322 2938 1434 2993 ﬁat.
1464 2939 1636 2994 Meam
1666 2941 1851 2997 itidem
1881 2958 1982 3013 ego
2021 2959 2118 2999 co-

546 3026 884 3097 gitationem,
914 3029 1071 3099 quasi
1096 3044 1316 3099 germen
1365 3037 1460 3083 aut
1507 3031 1791 3085 surculum
1834 3033 2113 3104 exiguum,

548 3133 757 3189 magna
789 3119 995 3184 arbori,
1029 3135 1224 3190 nempe
1247 3123 1599 3192 prmeeptoris
1626 3123 1801 3178 nestri
1835 3125 2112 3194 sapientiae

548 3209 804 3280 inseram,
833 3212 1228 3284 occasioneque
1253 3213 1387 3267 mihi
1423 3213 1547 3268 inde
1598 3215 1960 3284 suppeditata,
1996 3224 2117 3271 tan-

547 3319 709 3374 quam
736 3305 962 3362 liumore
994 3307 1230 3377 quodam
1258 3305 1541 3376 irrigatus,
1570 3321 1670 3376 pro
1688 3307 1899 3363 viribus
1928 3323 2115 3366 ramus

546 3395 667 3466 ejus
717 3395 944 3452 el'llciar.
991 3398 1240 3452 Arbitror
1271 3396 1417 3452 enim
1471 3398 1740 3467 quosdam
1785 3399 1930 3452 haud
1971 3412 2116 3455 recte

548 3487 858 3556 percepisse
893 3487 1025 3558 quid
1062 3488 1150 3542 ille
1182 3487 1286 3543 sibi
1332 3487 1389 3542 in
1435 3486 1503 3542 iis
1529 3504 1650 3558 qua:
1683 3490 1738 3544 in
1774 3506 1868 3546 sex
1900 3491 2112 3546 dierum

547 3577 822 3648 opiﬁcium
860 3579 1207 3648 conscripsit,
1239 3581 1615 3650 proposuerit:
1639 3580 1870 3651 ideoque
1903 3581 2114 3636 calum-

549 3667 710 3734 niari,
748 3667 894 3738 quod
933 3668 1173 3726 dilucide
1210 3685 1319 3725 non
1349 3671 1637 3740 explicarit
1663 3686 1726 3727 ea
1761 3689 1884 3743 qua:
1919 3671 1987 3726 ad
2027 3687 2116 3727 so-

547 3759 650 3815 lem
678 3762 978 3829 pertinent,
1031 3764 1308 3832 quomodo
1354 3771 1479 3832 post
1513 3771 1626 3819 tres
1666 3763 1802 3830 dies,
1848 3779 1956 3818 non
1988 3779 2113 3817 cum

548 3854 775 3924 reliquis
799 3855 971 3910 stellis
1003 3853 1260 3910 conditus
1291 3853 1494 3922 fuerit;
1524 3855 1682 3926 quasi
1714 3855 1828 3910 ﬁeri
1858 3863 2110 3925 nequeat,

546 3953 605 4000 ut
634 3961 793 4014 mane
829 3953 883 4001 et
920 3961 1145 4017 vespera
1171 3945 1426 4002 diurnum
1460 3947 1698 4017 spatium
1718 3947 2110 4008 constituatur,

547 4039 652 4092 nisi
681 4038 906 4092 omnino
955 4040 1038 4094 sol
1077 4045 1132 4094 et
1168 4039 1424 4095 occidens
1459 4053 1764 4109 vesperam,
1825 4045 1879 4093 et
1930 4037 2115 4094 oriens

546 4141 706 4193 mane
742 4125 1018 4182 conﬁciat.

616 4301 854 4356 Duorum
887 4316 1104 4372 quoque
1131 4301 1394 4357 caelorum
1420 4303 1852 4372 procreationem
1886 4319 1995 4360 non
2022 4318 2116 4358 ca-

546 4397 774 4466 pientes,
809 4411 933 4450 cum
956 4395 1022 4450 de
1055 4394 1216 4449 tertio
1244 4396 1384 4450 cmlo
1412 4396 1740 4449 mentionem
1773 4394 1938 4450 faciat
1970 4395 2116 4468 Apo-

2219 1935 2605 2008 άντιφυτεῦσαι
2633 1937 2731 2010 τὴν
2762 1937 3027 2010 βραχεῖαν
3067 1934 3169 2005 τῆς
3213 1931 3452 1996 διανοίας
3479 1929 3634 2002 ἡμῶν
3661 1930 3792 1983 ὁποι

2222 2031 2429 2096 σπάδα;
2481 2031 2554 2085 Ἦ
2581 2030 2742 2085 τοῦτο
2773 2030 2872 2101 μὲν
2913 2028 3036 2083 οὔτε
3063 2028 3129 2082 σὺ
3153 2025 3418 2089 κελεύεις,
3456 2023 3568 2078 οὒτ’
3593 2022 3657 2078 ἃν
3683 2020 3793 2090 ἐγὼ

2218 2123 2480 2195 δεξαίμην
2510 2122 2661 2189 ποτὲ,
2693 2122 2756 2176 τὸ
2795 2123 2853 2188 ἐξ
2894 2119 3138 2174 ἐναντίου
3165 2120 3232 2189 τῇ
3261 2117 3356 2170 τοῦ
3405 2115 3610 2188 πατρὸς
3636 2112 3792 2185 ἡμῶν

2219 2215 2312 2268 καὶ
2350 2213 2672 2269 διδασκάλου
2715 2211 3003 2284 φιλοπονίᾳ
3035 2209 3125 2264 τδν
3153 2207 3424 2280 ἡμέτερον
3451 2205 3792 2275 ἀντιτεθῆναι

2219 2307 2414 2371 πόνον;
2475 2306 2614 2360 Ἀλλ’
2662 2305 2851 2376 ὥσπερ
2903 2306 2953 2358 οἱ
2993 2302 3231 2374 γεωργοὶ
3277 2295 3790 2369 θαυματοποιοιὴιν,

2219 2397 2447 2468 καρπῶν
2473 2397 2735 2467 διαφοράν
2766 2397 2824 2448 ἐν
2853 2395 2932 2447 ἐνὶ
2958 2392 3109 2464 φυτῷ
3144 2388 3512 2460 σοφιζόμενοι·
3535 2389 3563 2440 ό
3591 2386 3646 2440 δὲ
3670 2384 3793 2457 τρό-

2219 2506 2318 2552 πος
2341 2487 2442 2557 τῆς
2469 2487 2803 2558 φυτοκομίας
2827 2480 2978 2549 οὗτός
3012 2487 3160 2537 ἐστιν
3177 2492 3193 2508 ⁹
3211 2480 3394 2554 Βραχύ
3422 2497 3476 2532 τι
3508 2477 3702 2546 φύλλον
3734 2475 3792 2542 ἐξ

2218 2579 2404 2650 ἑτέρου
2424 2578 2638 2651 δένδρου
2669 2578 2805 2650 μετά
2825 2576 2918 2630 τοῦ
2945 2574 3305 2645 ὑποκειμένου
3331 2574 3398 2641 τῇ
3432 2571 3584 2641 βάσει
3609 2565 3792 2638 φλοιοῦ

2217 2672 2612 2744 ἀποσύραντες,
2646 2670 2791 2742 ἄλλῳ
2826 2669 2978 2740 φυτῷ
3009 2667 3236 2740 μείζονι,
3271 2666 3413 2720 κατά
3441 2681 3494 2718 τι
3523 2663 3686 2734 μέρος
3711 2659 3791 2724 ἓν,

2217 2764 2389 2835 τομῆς
2427 2763 2520 2818 τὸν
2555 2762 2736 2833 φλοιὸν
2779 2760 3190 2833 ὲναρμόζουσιν,
3231 2757 3318 2811 ἵνα
3355 2758 3421 2827 τῇ
3465 2755 3664 2825 φυσικῇ
3697 2750 3792 2806 τοῦ

2219 2855 2465 2927 μείζονος
2507 2854 2694 2926 ίκμάδι
2759 2853 2820 2906 τὸ
2853 2851 3066 2906 ὲντεθὲν
3099 2852 3276 2904 έκεῖνο
3311 2847 3679 2917 πιαινόμενον,
3712 2843 3794 2906 είς

2216 2949 2408 3004 κλάδον
2437 2945 2766 3015 άναφυῆται.
2813 2942 2970 2996 Οὕτω
3016 2943 3112 2996 καὶ
3161 2941 3324 3005 αὐτὸς
3365 2938 3464 3010 τὴν
3510 2935 3648 3008 ἐμὴν
3677 2935 3792 2989 διά-

2215 3057 2386 3104 νοιαν,
2405 3031 2516 3092 οἷόν
2538 3054 2661 3091 τινα
2689 3034 2892 3108 βραχὺν
2921 3033 3118 3105 μόσχον
3134 3035 3200 3104 τῇ
3232 3029 3418 3102 ἰκμάδι
3437 3028 3530 3083 τοῦ
3558 3027 3789 3100 μεγάλου

2215 3131 2432 3202 δένδρου
2457 3131 2524 3200 τῇ
2555 3126 2648 3182 τοῦ
2676 3125 2996 3180 διδασκάλου
3026 3122 3182 3194 ἡμῶν
3211 3121 3371 3192 σοφίᾳ
3401 3118 3631 3190 ὲνείρας,
3661 3114 3794 3170 κλάο

2218 3221 2307 3283 δος
2351 3219 2560 3272 ἐκείνου
2605 3214 2858 3286 γενέσθαι
2909 3211 3275 3284 πειράσομαι,
3327 3209 3670 3280 ἐμφυόμενος
3714 3202 3792 3269 ὠς

2219 3314 2334 3366 ἔστι
2364 3328 2452 3381 μοι
2492 3308 2716 3363 δυνατὸν
2763 3307 2874 3368 τοῖς
2906 3305 3161 3374 νοήμασι,
3202 3300 3295 3353 καὶ
3336 3301 3402 3370 τῇ
3431 3297 3665 3368 χορηγίᾳ
3689 3294 3794 3366 τῆς

2219 3398 2428 3456 ἐκεῖθεν
2485 3394 2828 3466 ἐνδιδομένης
2897 3393 3030 3462 ἡμῖν
3095 3387 3351 3459 ἀφορμῆς
3404 3385 3790 3456 ὲπαρδόμενος.

2219 3488 2382 3563 Οἶμαι
2408 3488 2516 3560 γάρ
2549 3486 2658 3555 ἐγὼ
2690 3484 2764 3556 μὴ
2809 3483 2989 3546 καλῶς
3029 3498 3182 3544 τινας
3218 3480 3308 3533 τὸν
3338 3479 3536 3532 σκοπὸν
3568 3478 3678 3531 τῶν
3712 3479 3794 3563 εἰς

2349 3583 2683 3653 Ἐξαήμερον
2715 3575 2863 3646 αὐτῷ
2892 3572 3281 3644 πεπονημένων
3307 3569 3694 3640 ἐπεγνωκέναι,
3727 3560 3792 3622 οὗ

2217 3677 2377 3748 χάριν
2407 3671 2685 3748 αἰτιῶνται
2718 3669 2780 3722 τὸ
2805 3665 3114 3742 ’μήτε-περὶ
3138 3663 3230 3731 τοῦ
3265 3664 3418 3735 ήλίου
3449 3663 3594 3732 σαφῆ
3616 3677 3807 3737 παρατ

2215 3764 2458 3823 δεδόσθαι
2488 3765 2584 3838 τὴν
2607 3761 2809 3832 γνῶσιν
2843 3761 3045 3822 αὐτοῖς,
3083 3756 3202 3820 πῶς
3234 3755 3370 3826 μετὰ
3398 3755 3547 3826 τρεῖς
3576 3751 3793 3826 ἡμέρας

2215 3838 2526 3930 όφωστὴρύ,
2572 3854 2683 3909 οὔτ’
2718 3853 2782 3908 ἂν
2815 3851 2954 3925 μετὰ
2994 3849 3102 3904 τῶν
3141 3849 3316 3902 ἄλλων
3345 3847 3591 3917 ἀστέρων
3620 3862 3792 3912 κατα-

2219 3944 2577 4008 σκευάζεται,
2621 3942 2726 4016 ὡς,
2738 3939 3000 3996 ἀδύνατον
3028 3937 3087 3992 ὃν
3117 3937 3298 4010 ὄρθρῳ
3327 3937 3421 3990 καὶ
3455 3935 3662 4007 ἑσπέρᾳ
3687 3935 3794 4009 διο-

2220 4017 2469 4106 ρισθῆναι
2498 4035 2556 4087 τὸ
2587 4033 2888 4106 ἡμερήσιον
2923 4030 3139 4104 μέτρον,
3175 4030 3222 4080 εί
3252 4026 3325 4102 μὴ
3355 4025 3568 4089 πάντως
3593 4027 3620 4078 ό
3640 4025 3792 4096 ἥλιος

2218 4126 2456 4194 ἑσπέραν
2498 4124 2597 4197 μὲν
2627 4123 2920 4200 δυόμενος,
2961 4121 3156 4194 ὄρθρον
3201 4119 3258 4172 δὲ
3300 4117 3602 4173 ἀνατέλλων
3636 4118 3794 4190 ποιή-

2219 4233 2382 4270 σειεν.

2299 4305 2573 4374 Ὡσαύτως
2610 4303 2667 4357 δὲ
2703 4304 2797 4374 κα).
2827 4302 2926 4374 τὴν
2963 4301 3073 4357 τῶν
3110 4300 3202 4356 δύο
3241 4299 3486 4374 οὐρανῶν
3517 4299 3794 4372 δημιουρ-

2216 4398 2343 4470 γίαν
2374 4398 2436 4450 οὐ
2482 4395 2875 4468 παραδέχονται
2920 4394 3189 4464 λέγοντες,
3245 4394 3294 4446 εἰ
3343 4392 3438 4446 καὶ
3478 4390 3658 4462 τρίτου
3692 4389 3792 4470 μέ-

545 4481 719 4535 stolus
741 4484 784 4545 ',
814 4481 1207 4536 dubitationem
1239 4481 1293 4536 in
1318 4481 1420 4535 hac
1449 4489 1603 4552 parte
1634 4498 1850 4540 manere
1880 4494 2111 4541 conten-

2220 4506 2420 4562 μνηται
2463 4487 2695 4560 ούρανοῦ
2742 4489 2770 4540 ὁ
2809 4485 3129 4549 Ἀπόστολος
3156 4527 3169 4550 ,
3212 4483 3364 4537 οὐδὲν
3406 4477 3568 4554 ἦττον
3610 4479 3805 4552 μένειν⁹

545 4573 698 4627 dunt.
733 4573 976 4638 Etenim,
1020 4589 1144 4628 cum
1178 4574 1232 4628 in
1278 4574 1548 4645 principio
1602 4573 1802 4630 factum
1836 4576 1908 4632 sit
1942 4593 2111 4633 unum

2219 4580 2273 4632 ἐν
2299 4577 2376 4650 τῷ
2412 4577 2568 4650 μέρει
2592 4576 2765 4649 τούτῳ
2792 4577 2852 4630 τὸ
2877 4577 3080 4648 ἄπορον
3105 4591 3118 4606 ·
3151 4574 3284 4628 διότι
3310 4576 3367 4626 ὲν
3395 4575 3536 4644 ἀρχῇ
3567 4572 3791 4642 γεγονό-

546 4667 741 4720 caelum
765 4667 804 4729 ³,
840 4675 1022 4736 postea
1062 4681 1190 4720 vero
1223 4665 1703 4734 ﬁrmamentum‘;
1739 4683 1840 4724 nec
1889 4668 1966 4723 illi
2011 4686 2114 4724 nu-

548 4774 695 4812 mero
724 4759 986 4814 cmlorum
1027 4758 1173 4814 aliud
1213 4761 1514 4831 ascriptum
1550 4761 1621 4816 sit
1654 4761 1874 4817 tertium
1913 4761 2112 4818 cmlum

548 4863 742 4922 praeter
777 4853 876 4909 hos
904 4854 1072 4920 duos,
1115 4863 1313 4926 negant
1354 4871 1517 4928 posse
1548 4855 1950 4921 demonstrari,
1987 4869 2114 4910 eum

549 4960 721 5012 neque
750 4953 870 5013 post
904 4948 1305 5001 ﬁrmamentum
1338 4947 1486 5002 aliud
1511 4946 1757 5003 effectum
1789 4947 1861 5004 sit
1889 4947 2111 5011 caelum,

548 5051 646 5092 nec
674 5037 924 5107 principii
956 5039 1094 5094 ratio
1125 5040 1394 5110 patiatur,
1427 5047 1484 5096 ut
1507 5026 1808 5110 [quidquam
1837 5039 2116 5110 antiquius

547 5126 869 5194 cogitemus.
902 5125 1037 5180 Nam
1071 5129 1117 5183 si
1147 5129 1202 5183 in
1242 5128 1510 5199 principio
1538 5128 1744 5182 factum
1779 5136 1864 5185 est
1891 5128 2111 5195 coelum,

548 5219 671 5273 inde
705 5218 959 5273 nimirum
1001 5236 1090 5276 res
1124 5231 1423 5291 procreatae
1457 5227 1809 5291 sumpserunt
1842 5221 2060 5276 initium
2095 5239 2110 5276 :

549 5311 789 5380 alioquin
825 5319 972 5366 recte
1003 5312 1332 5383 principium
1372 5329 1480 5368 non
1515 5312 1705 5369 fuisset
1740 5314 2067 5385 appellatum
2093 5353 2109 5379 ,

550 5401 592 5456 si
622 5402 944 5473 principium
969 5402 1139 5473 ipsius
1169 5404 1400 5459 alterum
1422 5404 1721 5462 exstitisset
1746 5424 1760 5460 :
1793 5404 1938 5476 quod
1966 5407 2110 5462 enim

549 5489 738 5546 ordine
771 5491 1066 5546 secundum
1092 5501 1208 5554 est,
1238 5493 1567 5564 principium
1599 5508 1703 5548 nec
1739 5501 1858 5560 est,
1892 5509 1992 5550 nec
2023 5495 2110 5550 di-

552 5581 711 5636 citur.
739 5582 987 5638 Attamen
1018 5582 1218 5639 Paulus
1239 5586 1458 5640 tertium
1482 5586 1680 5642 ctelum
1701 5595 2111 5654 commemorat,

2210 4690 2301 4736 τος
2330 4671 2451 4734 ἑνὸς
2482 4669 2736 4742 ούρανοῦ,
2787 4669 2925 4742 μετὰ
2953 4667 3127 4722 ταῦτα
3171 4668 3230 4720 δὲ
3259 4666 3354 4719 τοῦ
3397 4665 3789 4748 στερεώματος,

2209 4764 2368 4820 ἄλλου
2403 4763 2460 4815 δὲ
2489 4759 2740 4836 ούρανοῦ,
2783 4761 2928 4814 τοῦτ’
2977 4759 3090 4813 ἔστι
3118 4759 3375 4830 δευτέρας
3406 4758 3791 4830 δημιουργίας,

2214 4853 2291 4925 μὴ
2325 4853 2776 4925 προσγραφείσης
2801 4852 2877 4923 τῷ
2907 4853 3138 4922 Μωῦσῇ,
3171 4849 3558 4904 ἀναπόδεικτόν
3587 4849 3701 4900 ἐστι
3730 4847 3793 4900 τὸ

2211 4944 2307 4999 καὶ
2350 4944 2530 5016 τρίτον
2571 4943 2798 5016 οὐρανὸν
2848 4941 2940 4995 ἐπὶ
2983 4943 3095 5005 τοῖς
3139 4938 3231 4993 δύο
3273 4938 3482 5001 τούτοις
3522 4939 3678 4999 νοεῖν,
3712 4935 3793 5006 τῷ

2215 5037 2352 5108 μήτε
2385 5035 2524 5106 μετὰ
2550 5033 2612 5088 τὸ
2650 5034 2936 5105 στερέωμα
2963 5031 3292 5104 γεγενῆσθαι
3323 5031 3501 5094 ἄλλον,
3532 5029 3666 5100 μήτε
3701 5029 3793 5081 τὸν

2211 5127 2309 5199 τῆς
2339 5127 2511 5199 ἀρχῆς
2544 5126 2700 5196 λόγον
2743 5127 3044 5197 συγχωρεῖν
3097 5125 3441 5194 προεπινοεϊν
3472 5140 3523 5176 τι
3555 5119 3794 5192 πρεσόύο

2210 5236 2388 5292 τερον.
2442 5218 2507 5272 Et
2538 5217 2644 5290 γὰρ
2682 5219 2739 5272 ἐν
2769 5218 2911 5289 ἀρχῇ
2942 5216 3163 5286 γέγονεν
3197 5214 3424 5288 οὐρανὸς
3447 5256 3461 5281 ,
3510 5214 3667 5284 δῆλον
3713 5212 3794 5264 ὅτι

2211 5311 2320 5366 ἀπὸ
2345 5310 2466 5365 τότε
2493 5312 2527 5381 ή
2557 5310 2734 5375 κτίσις
2758 5311 2960 5384 ἤρξατο
2983 5326 2998 5340 ·
3050 5310 3112 5363 οὐ
3146 5309 3256 5380 γὰρ
3282 5307 3347 5362 ἂν
3380 5306 3522 5378 ἀρχὴ
3549 5321 3790 5358 κατωνο-

2222 5402 2400 5477 μάσθη
2431 5402 2536 5456 ὑπὸ
2560 5401 2651 5455 τοῦ
2685 5401 2865 5470 λόγου,
2915 5403 2962 5454 εί
2993 5401 3157 5473 ἄλλην
3193 5395 3335 5470 εἶχεν
3374 5395 3546 5468 ἀρχὴν
3591 5395 3792 5463 ἑαυτῆς

2218 5478 2617 5568 ὑπερκειμένην
2641 5511 2656 5525 ·
2712 5493 2774 5547 τὸ
2811 5494 2919 5566 γὰρ
2958 5492 3270 5566 δευτερεῦον
3321 5489 3459 5542 κατά
3505 5486 3601 5557 τὴν
3639 5487 3794 5550 τάξιν

2221 5587 2332 5643 οὔτ’
2365 5587 2512 5640 ἐστιν
2535 5585 2700 5658 ἀρχὴ,
2733 5585 2854 5642 οὔτε
2880 5587 3114 5658 λέγεται.
3157 5581 3316 5638 Ἀλλὰ
3351 5583 3456 5653 μὴν
3490 5580 3586 5634 καὶ
3608 5580 3792 5652 τρίτου

623 5763 640 5796 ι
675 5761 858 5818 ιιςιιιιι.
901 5782 1018 5833 χιιι,
1058 5766 1146 5836 3|,
1188 5767 1276 5824 se.
1353 5768 1373 5799 ι
1405 5763 1446 5821 ιι
1471 5767 1598 5826 Cor.
1633 5784 1727 5835 xu,
1768 5768 1816 5822 ε.
1887 5751 1918 5801 ’³
1951 5768 2082 5825 Gen.

2219 5768 2256 5820 Ι.
2335 5769 2353 5798 ⁸
2391 5767 2520 5822 ibid.
2561 5765 2612 5834 6,
2658 5767 2707 5822 7.
