4110 6498
377 441 450 497 65
1579 442 1644 496 ΙΝ
1686 442 1936 496 ΗΕΧΑΕΞ

2035 445 2156 499 llUiV
2198 445 2420 500 LIBER.
3534 454 3592 502 δ’

374 550 606 623 οὐρανοῦ
648 551 865 622 μνήμην
911 550 1198 622 πεποίηται
1243 553 1274 604 ὁ
1324 551 1558 618 Παῦλος,
1606 554 1665 607 ὃν
1709 556 1742 626 ἡ
1788 555 1936 627 δημι-

2047 557 2193 627 quod
2236 559 2423 613 mundi
2453 557 2659 613 fabrica
2691 573 2801 615 non
2836 559 2996 616 habet
3017 600 3031 626 ,
3065 561 3517 631 quemadmodum
3550 579 3595 620 et

375 641 574 714 ουργία
617 643 716 694 οὐκ
746 640 879 710 ἔχει.
919 641 1061 711 Ἀρα
1089 641 1184 694 καὶ
1211 636 1443 696 ἐνταῦθα
1491 645 1525 714 ἡ
1567 643 1660 698 τοῦ
1691 645 1942 717 δευτέρου

382 732 568 803 μνήμη
604 730 710 783 τῶν
753 729 1098 800 ζητουμένων
1139 729 1301 784 ἐστίν.
1332 733 1394 784 Ol
1435 732 1606 786 ταῦτα
1643 732 1822 786 τοίνυν
1851 733 1944 787 καὶ

376 821 448 875 τὰ
473 820 696 874 τοιαῦτα
722 823 1100 892 προφέροντες.
1124 821 1184 874 οὗ
1218 840 1307 891 μοι
1335 824 1578 879 δοκοῦσιν
1611 825 1942 896 ἐπεσκέφθαι

378 914 468 968 τὸν
498 914 701 967 σκοπὸν
744 914 844 983 τῆς
887 915 982 968 τοῦ
1027 916 1232 986 πατρὸς
1273 919 1305 988 ἠ
1317 915 1430 987 μῶν
1466 916 1942 992 διδασκαλίαςηὸς

376 1009 560 1089 539:2-
581 1007 1668 1089 ".2....“51‘91E35ﬂﬁ5YPSWELEHM9‘?
1713 991 1960 1064 πολυᾶἶιῖ

375 1077 1942 1184 sate

380 1190 560 1261 μένοις
591 1190 682 1242 τὸν
729 1177 918 1256 λόγονί
948 1178 1482 1262 ⁴Εν“’γάῥ“έέσάοῦτοές
1520 1194 1632 1255 τοῖς
1659 1175 1954 1257 ἀκούουσι,⁴

376 1279 560 1334 πολλοὶ
593 1270 855 1351 μὲνῆσαν
887 1268 988 1334 καὶ
1039 1283 1088 1335 οἱ
1135 1282 1244 1336 τῶν
1289 1277 1633 1354 ὑψηλοτέρων
1663 1284 1941 1348 ἐπαῖόντες

373 1369 548 1440 λόγων
571 1387 584 1399 ’
632 1371 1084 1452 “ollas-236096.,
1095 1373 1732 1452 ξὲμρίξῆςέξτῖῑοτέρας
1757 1375 1942 1439 ἐξετά-

377 1481 516 1538 σεως
529 1463 648 1541 ¹τῶν
665 1447 762 1542 ’νοη
977 1447 1034 1541 εδδ
1041 1447 1084 1517 ’ἶ
1394 1449 1498 1546 ἦν,
1515 1449 1938 1550 ὧδε

371 1557 471 1608 καὶ
511 1556 918 1633 βάναυσριταῖς,
954 1557 1273 1638 ἐπιδιφρίοις
1299 1543 1940 1641 ,ἐ,ρῗίαέίτὲιςέτὲρἑέςιέἰιόλ

372 1646 766 1731 Mamerci
790 1649 818 1699 ὁ
851 1650 930 1728 ..έν
935 1648 1306 1732 3339955299:
1333 1649 1445 1732 ,τεῶν
1471 1650 1937 1732 τιξιιὲῖφιιέειρῃπ

377 1727 1498 1816 μάτωνβιγξεῑςξξτάξῖςςξιςῄῒρξέῑαιῖεῶι
1519 1727 1742 1806 aegram,
1767 1743 1858 1794 ml
1888 1742 1936 1794 οί

370 1813 1010 1900 παρηλικέστερᾶι”’”κα’τὰ’
1040 1829 1130 1882 τὸν
1175 1817 1384 1900 χρόνδν,
1405 1821 1798 1896 ’πάντεςοῦτοί
1829 1818 1944 1888 τῶν

369 1909 626 1974 τοιούτων
677 1917 883 1972 ἐδέοντο
925 1913 1282 1988 λόγω’ν,’”τῶν’
1311 1911 1450 1992 μετά
1484 1941 1626 1987 τινος
1666 1926 1932 1996 εὐλήπτου

369 2009 721 2080 ψυχαγωγίας
748 2010 835 2063 διὰ
863 2011 961 2081 τῆς
991 2011 1318 2083 φαινομένης
1343 2014 1589 2080 κτίσεως,
1620 2016 1713 2069 καὶ
1747 2018 1852 2070 τῶν
1878 2021 1936 2071 ὲν

369 2101 544 2175 ταύτῃ
583 2101 762 2156 καλῶν
807 2101 942 2172 πρὸς
989 2102 1088 2173 τὴν
1119 2102 1212 2156 τοῦ
1258 2106 1616 2174 πεποιηκότος
1653 2107 1720 2159 τὰ
1762 2110 1935 2161 πάντα

369 2194 573 2264 γνῶσιν
602 2192 1099 2264 χειραγωγούντων.
1134 2194 1293 2246 Ὥστε
1328 2198 1374 2247 εί
1406 2197 1502 2266 μὲν
1532 2197 1665 2266 πρὸς
1693 2197 1784 2251 τὸν
1815 2217 1937 2252 σκο-

371 2283 474 2338 πδν
495 2285 596 2354 τῆς
629 2283 722 2336 τοῦ
755 2284 988 2355 μεγάλου
1014 2283 1329 2338 διδασκάλου
1358 2287 1528 2356 κρίνει
1563 2306 1647 2351 τις
1678 2291 1744 2342 τὰ
1786 2289 1936 2358 λεγό-

373 2391 532 2447 μενα,
574 2374 746 2427 λείπει
775 2377 886 2438 τοῖς
916 2375 1222 2446 εἰρημένοις
1269 2376 1440 2430 οὐδέν.
1483 2379 1558 2430 Οὐ
1599 2379 1706 2450 γὰρ
1738 2381 1936 2448 ἀγωνι-

372 2466 696 2537 στικώτερον
734 2466 1058 2536 ὲνεστήσατο
1104 2466 1258 2536 λόγον
1290 2468 1425 2538 πρὸς
1463 2472 1582 2533 ταῖς
1627 2457 1734 2524 τῶν
1774 2472 1937 2543 ζητη-

373 2559 560 2629 μάτων
615 2557 891 2621 ἐνστάσεις
935 2557 1184 2628 ἐκθύμως
1214 2559 1652 2631 διαπλεκόμενος,
1680 2562 1814 2615 ἀλλὰ
1837 2567 1936 2635 τῆς

367 2651 738 2721 ἁπλουστέρας
767 2651 873 2703 τῶν
912 2651 1170 2722 ῥημάτων
1199 2653 1506 2724 ἐξηγήσεως
1533 2656 1651 2718 ὅλος
1683 2652 1768 2724 ἧν,
1795 2656 1935 2711 ὥστε

368 2741 674 2814 πρόσφορον
707 2744 774 2812 τῇ
806 2740 1064 2810 ἁπλότητι
1107 2740 1214 2794 τῶν
1259 2743 1560 2796 ἀκουόντων
1591 2744 1935 2814 παραθέσθαι

368 2834 460 2887 τὸν
483 2834 658 2902 λόγον,
687 2832 825 2904 μετὰ
851 2833 944 2886 τοῦ
965 2832 1058 2887 καὶ
1080 2836 1193 2897 τοῖς
1213 2834 1320 2886 τῶν
1354 2836 1610 2903 μειζόνων
1642 2839 1934 2908 ἀκροαταῖς

369 2925 776 2978 συναναϐαίνειν
809 2942 924 2986 πως
967 2923 1130 2976 αὑτοῦ
1164 2925 1261 2995 τὴν
1303 2924 1581 2996 ἐξήγησιν,
1609 2928 1678 2980 τὰ
1716 2929 1936 2983 ποικίλα

369 3013 672 3083 μαθήματα
733 3013 830 3082 τῆς
887 3011 992 3077 ἔξω
1055 3013 1372 3081 φιλοσοφίας
1419 3015 1930 3085 παραδεικνύουσαν.

370 3105 533 3158 Ὥστε
562 3103 714 3174 παρὰ
749 3104 844 3174 μὲν
876 3104 984 3156 τῶν
1013 3104 1222 3157 πολλῶν
1248 3106 1500 3173 νοεῖσθαι,
1548 3109 1699 3177 παρὰ
1728 3109 1784 3162 δὲ
1829 3109 1934 3161 τῶν

366 3197 738 3267 ὑπερεχόντων
771 3195 1164 3266 θαυμάζεσθαι.
1219 3197 1280 3248 El
1310 3197 1364 3248 δὲ
1403 3199 1466 3250 σὺ
1490 3239 1504 3262 ,
1547 3198 1794 3269 καθάπερ
1841 3199 1934 3252 ἐπὶ

671 1438 864 1450 ——~._

2044 647 2132 702 hic
2161 649 2388 704 secundi
2420 650 2622 705 mentio
2648 652 2928 721 qumritur.
2959 650 3059 718 Qui
3090 652 3203 708 hac
3235 661 3288 708 et
3322 653 3424 709 alia
3456 655 3592 723 ejus-

2045 740 2187 794 modi
2225 742 2553 812 quuuntur,
2584 744 2638 797 hi
2669 745 2800 798 mihi
2831 759 2939 798 non
2972 745 3226 800 videntur
3261 750 3576 817 preposittn.

2043 831 2213 899 patris
2255 833 2427 886 nostri
2474 832 2737 888 doctrinae
2779 833 2939 889 linem
2979 835 3209 902 intueri,
3249 839 3340 907 qui
3389 842 3440 892 in
3486 858 3594 892 am-

2044 922 2287 990 plissima
2335 922 2566 981 ecclesia
2621 927 2881 997 pepulum
2923 927 3421 998 frequentissimmn
3467 935 3583 987 allo

2041 1029 2235 1083 quens,
2273 1031 2371 1085 pro
2398 1019 2734 1073 audientium
2762 1019 3118 1089 intelligentia
3149 1037 3451 1078 sermonem
3485 1043 3584 1078 mo-

2041 1110 2352 1165 derabatur.
2389 1109 2448 1166 In
2477 1120 2624 1165 tanta
2663 1113 2807 1166 enim
2839 1111 3186 1167 multitudine
3211 1151 3224 1176 ,
3263 1113 3387 1169 licet
3415 1125 3594 1171 essent

2040 1201 2291 1258 nonnulli
2334 1204 2428 1274 qui
2479 1205 2699 1258 altiores
2745 1205 2905 1258 etiam
2955 1203 3353 1272 disputationes
3395 1208 3594 1262 intelli-

2040 1301 2252 1362 gerent.
2297 1293 2518 1364 plurimi
2566 1300 2747 1347 tamen
2787 1293 3048 1348 doctrina:
3086 1295 3439 1350 subtilitatem
3488 1315 3593 1353 non

2040 1384 2343 1454 capiebant,
2379 1392 2563 1451 utpote
2589 1383 2838 1438 homines
2865 1384 3119 1453 imperiti,
3156 1394 3319 1454 atque
3351 1387 3592 1456 opifices,

2039 1481 2092 1526 et
2133 1473 2365 1542 negotiis
2403 1473 2600 1526 vilibus
2647 1472 2932 1542 occupati,
2966 1481 3020 1526 et
3061 1475 3315 1530 mulieres
3359 1475 3412 1528 in
3449 1477 3592 1543 ejus-

2039 1563 2186 1616 modi
2233 1564 2535 1633 disciplinis
2567 1564 2790 1618 minime
2823 1566 3166 1632 exercitata};
3203 1573 3256 1620 et
3305 1581 3593 1634 puerorum

2040 1655 2218 1719 turba,
2247 1663 2510 1726 aetateque
2531 1655 2774 1723 provecti
2804 1669 2982 1718 senes,
3013 1657 3110 1725 qui
3129 1671 3318 1711 omnes
3349 1661 3594 1710 oratione

2040 1744 2181 1798 facili
2230 1747 2547 1799 instituendi
2592 1746 2982 1815 recreandique
3031 1754 3216 1812 erant,
3265 1756 3317 1801 et
3371 1765 3466 1817 per
3510 1763 3594 1804 res

2041 1848 2348 1904 procreatas
2380 1847 2859 1906 quae-cernuntur,
2892 1851 3186 1905 earumque
3224 1838 3592 1906 pulchritudi-

2037 1945 2180 1992 nem,
2215 1929 2280 1980 ad
2307 1943 2484 1981 rerum
2513 1928 2751 1981 omnium
2779 1937 3051 1981 auctorem
3083 1938 3594 1999 procreatoremque

2035 2017 2384 2086 perducendi.
2423 2021 2602 2082 Quare
2642 2017 2689 2072 si
2723 2018 2846 2086 quis
2878 2031 2943 2070 ex
2982 2021 3328 2087 praeceptoris
3361 2021 3592 2075 consilio

2035 2110 2178 2164 dicta
2213 2110 2383 2178 ipsius
2413 2108 2749 2179 expenderit,
2774 2109 2908 2162 nihil
2933 2110 3289 2166 dubitationis
3322 2113 3593 2181 relinque-

2036 2214 2142 2256 tur.
2185 2201 2370 2270 Neque
2416 2202 2559 2256 enim
2594 2202 2883 2256 verborum
2930 2203 3307 2256 contentiones
3356 2217 3593 2271 aucupa-

2034 2295 2216 2355 batur,
2245 2307 2345 2347 nec
2375 2291 2534 2346 facile
2557 2307 2677 2346 sese
2705 2291 3097 2360 quaestionibus
3127 2293 3460 2362 implieahat,
3499 2295 3594 2349 sed

2034 2382 2266 2451 simplici
2306 2382 2592 2436 verborum
2628 2383 2966 2451 expositione
3007 2383 3341 2438 audientium
3387 2387 3595 2456 simpli-

2033 2473 2183 2525 citati
2215 2473 2294 2527 sic
2346 2472 2650 2527 orationem
2694 2489 2848 2528 suam
2892 2469 3369 2545 accommodabat,
3403 2489 3462 2533 ut
3496 2496 3589 2534 va-

2034 2560 2169 2612 riam
2215 2569 2396 2614 tamen
2434 2567 2676 2615 externa:
2711 2563 3068 2632 philosophiae
3103 2565 3408 2622 doctrinam
3443 2569 3595 2624 redoo

2035 2648 2182 2712 lens,
2223 2648 2574 2716 peritioribus
2607 2651 2768 2704 etiam
2813 2653 3173 2708 satisfaceret.
3228 2656 3591 2722 Quamobrem

2033 2752 2150 2790 eam
2180 2745 2232 2790 et
2255 2738 2489 2806 imperiti
2517 2739 2909 2810 intelligebant,
2936 2750 2989 2796 et
3015 2745 3211 2798 eruditi
3245 2749 3593 2804 admiraban-

2033 2836 2142 2882 tur.
2189 2829 2269 2880 Tu
2304 2843 2453 2893 vero,
2485 2830 2552 2892 si,
2582 2839 2640 2884 ut
2675 2832 2728 2884 in
2764 2842 2947 2888 monte
2987 2832 3196 2900 Sinai‘,
3229 2840 3420 2894 relicto
3451 2842 3592 2896 infra

2033 2915 2233 2986 populo
2281 2917 2442 2970 simul
2485 2932 2608 2971 eum
2645 2934 2841 2990 magno
2882 2922 3030 2978 Mose
3078 2927 3277 2994 quaeris
3322 2929 3374 2981 in
3411 2943 3591 2984 rerum

2033 3021 2356 3061 arcanarum
2390 3011 2864 3078 contemplationis
2903 3015 3153 3069 nebulam
3196 3017 3426 3073 introire
3450 3061 3465 3086 ,
3499 3021 3592 3074 ubi

2034 3095 2144 3159 ille,
2181 3111 2304 3150 cum
2338 3105 2516 3162 esset,
2545 3100 2678 3153 vidit
2712 3117 2773 3156 ea
2809 3119 2928 3171 quae
2971 3108 3150 3162 verbis
3194 3111 3454 3178 explicari
3483 3123 3591 3167 non

2033 3199 2294 3256 possunt.
2337 3194 2815 3263 necessariumque
2848 3198 3000 3264 cupis
3044 3213 3224 3253 rerum
3251 3203 3589 3256 conditarum

365 3286 462 3341 τοῦ
491 3287 703 3339 Σιναῖου
741 3286 897 3357 ὅρους
927 3283 1241 3339 καταλιπὼν
1283 3285 1432 3338 κάτω
1463 3286 1552 3338 τὸν
1585 3285 1749 3339 πολὺν
1785 3285 1929 3349 λαὸν,

2036 3281 2280 3336 ordinem
2317 3297 2667 3353 cognoscere,
2699 3289 2989 3355 quomodo,
3024 3290 3162 3344 cmlo
3185 3299 3436 3363 terraque
3463 3310 3594 3347 con-

366 3378 464 3433 καὶ
506 3377 644 3447 ὑπὲρ
687 3377 813 3439 τοὺς
846 3376 1036 3438 ἄλλους
1080 3375 1314 3444 ὑψωθεὶς
1355 3374 1452 3446 τὴν
1497 3375 1755 3438 διάνοιαν,
1808 3393 1930 3431 συν-

365 3469 624 3522 εισελθεῖν
666 3469 986 3538 φιλονεικείς
1026 3466 1104 3536 τῷ
1154 3466 1372 3536 μεγάλῳ
1419 3467 1624 3537 Μωῦσῇ
1652 3507 1667 3531 ,
1719 3467 1797 3530 είς
1839 3467 1930 3520 τὸν

364 3562 563 3631 γνόφον
605 3559 708 3630 τῆς
749 3559 856 3612 τῶν
901 3559 1224 3628 ἀπορρήτων
1274 3556 1522 3628 θεωρίας,
1568 3557 1625 3610 ὲν
1653 3551 1698 3624 ᾧ
1726 3559 1930 3620 ἐκεῖνος

2039 3369 2226 3436 fectis,
2259 3371 2350 3426 lux
2384 3371 2601 3442 quidem
2651 3382 2708 3427 ut
2740 3384 2923 3440 esset,
2979 3378 3220 3433 divinum
3277 3381 3590 3436 mandatum

2033 3465 2396 3532 exspectarit,
2433 3466 2670 3521 tenebrae
2699 3477 2879 3522 autem
2921 3470 3230 3526 exstiterint
3271 3472 3434 3526 etiam
3473 3476 3592 3528 sine

2034 3557 2310 3612 mandato.

365 3653 672 3724 γενόμενος,
721 3647 826 3704 εἶδέ
875 3665 936 3702 τε
977 3647 1048 3700 τὰ
1077 3647 1281 3701 ἀθέατα
1317 3650 1410 3701 καὶ
1436 3648 1544 3700 τῶν
1569 3647 1850 3718 ἁλαλήτων
1894 3647 1996 3718 ἔπη
2031 3648 2338 3719 ἠκροάσατο
2364 3687 2379 3712 ,
2425 3649 2518 3703 καὶ
2555 3650 2736 3722 ζητεῖς
2778 3651 2983 3719 ’γνῶναι
3013 3652 3110 3723 τὴν
3150 3653 3448 3722 ἀναγκαίαν
3494 3654 3594 3722 τῆς

365 3743 594 3804 κτίσεως
615 3739 788 3805 τάξιν,
813 3738 931 3800 πῶς
975 3737 1069 3791 τοῦ
1098 3736 1346 3808 οὐρανοῦ,
1390 3736 1484 3789 καὶ
1528 3739 1626 3808 τῆς
1663 3738 1764 3808 γῆς
1808 3736 2137 3805 γεγονότων,
2180 3737 2239 3790 τὸ
2269 3739 2366 3808 μὲν
2394 3738 2509 3808 φῶς
2533 3739 2791 3809 ἀναμένει
2820 3741 2880 3793 τὸ
2909 3741 3048 3795 θεῖον
3087 3741 3431 3812 πρόσταγμα,
3459 3746 3593 3814 πρὸς

365 3832 430 3886 τὸ
449 3829 697 3901 γενέσθαι
723 3828 837 3897 φῶς
856 3845 871 3859 ο
896 3827 956 3880 τὸ
984 3827 1040 3880 δὲ
1070 3827 1256 3889 σκότος
1281 3827 1374 3879 καὶ
1397 3826 1522 3880 ἄνευ
1558 3827 1976 3898 προστάγματος
2008 3821 2096 3897 ἧν.

435 3926 546 3980 Καὶ
599 3926 647 3977 εί
699 3923 863 3994 μηδὲν
908 3922 1014 3976 ἔδει
1067 3919 1144 3988 τῷ
1192 3922 1330 3990 φωτὶ
1365 3921 1501 3991 πρὸς
1539 3921 1600 3975 τὸ
1651 3922 1930 3992 καταλαμ-

367 4016 592 4089 πρύνειν
620 4015 709 4068 τὸν
740 4013 1092 4081 ὑποκείμενον
1136 4011 1304 4082 ἀέρα,
1342 4011 1437 4065 καὶ
1480 4013 1635 4066 νυκτὶ
1681 4013 1774 4066 καὶ
1806 4011 1940 4083 ὴμέ-

2102 3919 2401 3987 Praeterea,
2447 3923 2494 3978 si
2537 3923 2602 3977 ad
2636 3924 2940 3992 subjectum
2970 3937 3148 3980 aerem
3187 3927 3589 3992 illustrandum,

2035 4021 2089 4068 et
2127 4022 2341 4082 tempus
2385 4023 2546 4069 nocte
2594 4015 2792 4085 dieque
2840 4015 3311 4087 distinguendum,
3349 4019 3492 4070 nulla
3534 4035 3590 4070 re

371 4125 442 4178 ρᾳ
487 4106 736 4176 διορίζειν
793 4104 883 4156 τὸν
939 4103 1162 4176 χρόνον,
1207 4103 1288 4166 τίς
1344 4098 1412 4174 ἦν
1468 4103 1628 4174 χρεία
1687 4103 1787 4170 τῆς
1842 4102 1936 4157 τοῦ

2035 4102 2124 4156 lux
2157 4103 2405 4173 indiguit,
2433 4103 2562 4173 quid
2591 4105 2639 4158 ei
2673 4105 2837 4160 fuerit
2862 4121 3019 4175 opus,
3042 4116 3104 4160 ut
3128 4109 3207 4162 sol
3239 4109 3592 4162 conderetur?

367 4197 522 4268 ἡλίου
579 4194 956 4265 κατασκευῆς;
1003 4193 1098 4246 καὶ
1141 4194 1188 4244 εί
1232 4193 1508 4264 καταρχὰς
1556 4192 1691 4263 μετὰ
1724 4191 1818 4245 τοῦ
1849 4194 1936 4245 οὐ·

2035 4193 2112 4246 Ad
2151 4194 2298 4256 hazc,
2335 4198 2378 4250 si
2417 4195 2572 4249 initio
2607 4196 2769 4250 simul
2810 4213 2933 4252 cum
2967 4200 3104 4252 cmlo
3137 4208 3277 4252 terra
3329 4201 3425 4252 fuit
3465 4215 3592 4269 pro-

372 4286 535 4358 ρανοῦ
561 4287 780 4355 γέγονεν
806 4287 839 4356 ἡ
867 4285 959 4355 γῆ,
983 4283 1100 4346 πῶς
1125 4283 1598 4337 ἀκατασκεύαστον
1624 4283 1686 4336 τὸ
1714 4300 1936 4354 γεγενη-

2035 4295 2234 4348 creata,
2267 4301 2373 4354 quo
2398 4294 2552 4356 pacto
2581 4284 3147 4355 fueritincomposita?
3177 4289 3309 4342 Nam
3342 4290 3386 4344 si
3415 4290 3592 4346 facere

371 4378 536 4451 μένον
565 4377 708 4442 ὲστί;
760 4375 834 4430 Τὸ
857 4376 964 4446 γὰρ
999 4375 1426 4439 κατασκευάσαι,
1468 4376 1646 4429 καὶτὸ
1689 4377 1928 4446 ποιῆσαι,

2035 4385 2086 4431 et
2116 4391 2442 4446 componere
2472 4377 2606 4432 nihil
2639 4379 2780 4433 inter
2817 4395 2875 4435 se
2907 4380 3156 4434 videntur
3188 4380 3422 4447 differre,
3456 4398 3592 4450 quo-

367 4470 520 4524 οὐδὲν
549 4467 695 4522 δοκεῖ
718 4467 988 4536 διαφέρειν
1016 4466 1158 4518 κατὰ
1179 4465 1275 4536 τὴν
1304 4466 1528 4521 ἔννοιαν.
1562 4466 1624 4520 El
1651 4463 1743 4521 οὖν
1765 4468 1930 4521 ταύτό

2038 4468 2230 4551 modo,
2261 4469 2403 4538 quod
2439 4465 2638 4523 factum
2669 4480 2772 4534 est,
2806 4471 3219 4540 incompositum
3261 4472 3394 4525 fuit?
3428 4471 3586 4534 Tum,

367 4561 486 4614 ἐστι
511 4560 572 4613 τὸ
604 4558 825 4628 ποιῆσαι
851 4557 926 4628 τῷ
951 4559 1376 4623 κατασκευάσαι,
1407 4558 1520 4621 πῶς
1547 4557 1607 4612 τὸ
1636 4560 1932 4630 πεποιημέ-

366 4668 458 4706 νον
485 4650 633 4703 έστὶν
675 4648 1178 4715 ἀκατασκεύαστον;
1227 4651 1322 4704 καὶ
1361 4648 1430 4702 τὰ
1463 4651 1589 4720 περὶ
1631 4650 1729 4722 τῆς
1759 4651 1928 4722 ὑγρᾶς

366 4742 555 4806 οὐσίας
581 4740 1019 4812 ὲπαπορούμενα,
1047 4743 1122 4806 ὡς
1155 4743 1214 4795 οὐ
1243 4742 1462 4796 δυνατὸν
1490 4743 1548 4798 ὃν
1576 4742 1687 4796 ἄνω
1715 4743 1813 4814 τῆς
1842 4744 1929 4796 οὐ·

371 4834 556 4907 ρανίου
591 4834 777 4903 ἁψίδος
802 4836 859 4888 ὲν
891 4833 970 4902 τῷ
1003 4833 1327 4902 σφαιροειδεῖ
1353 4834 1589 4904 σχήματι
1617 4833 1677 4886 τὸ
1705 4834 1927 4903 ρευστὺν

365 4921 647 4992 ὲφιζῆσαι.
695 4921 819 4984 Πῶς
855 4923 962 4994 γὰρ
1007 4921 1348 4992 ὲφιδρυνθείη
1393 4922 1472 4992 τῷ
1502 4923 1682 4995 κυρτῷ
1712 4925 1744 4994 ἡ
1775 4923 1936 4993 ὑγρόν

365 5030 491 5084 της,
523 5014 666 5066 κατὰ
698 5015 875 5067 πᾶσαν
899 5014 1142 5084 ἀνάγκην
1168 5013 1275 5067 ἀπὸ
1305 5012 1398 5066 τοῦ
1423 5014 1509 5066 ἀεὶ
1532 5014 1933 5085 κορυφουμένου

366 5104 470 5174 τῆς
514 5103 776 5174 σφαίρας,
820 5104 954 5176 πρὸς
995 5103 1064 5157 τὰ
1105 5103 1355 5174 ἐπικλινῆ
1389 5102 1482 5157 τοῦ
1526 5105 1799 5174 σχήματος
1840 5104 1956 5158 τοῦ.

369 5192 541 5265 ὑγροῦ
567 5193 994 5265 μεταρρεξοντοςς
1024 5193 1148 5256 Πῶς
1185 5193 1242 5246 δὲ
1281 5193 1372 5248 τοῦ
1403 5194 1758 5264 ὑποκειμένου
1780 5195 1936 5249 άστα·

368 5284 612 5351 τοῦντος,
632 5287 690 5338 ὲν
711 5287 873 5358 ἑαυτῇ
899 5285 1008 5352 ἔξει
1035 5286 1094 5339 τὸ
1121 5287 1398 5356 στάσιμον,
1428 5285 1513 5346 ἀεὶ
1539 5285 1636 5355 τῆς
1658 5285 1790 5348 ιδίας
1807 5287 1935 5339 ἀπο·

368 5373 717 5429 λισθαίνουσα
755 5375 990 5445 βάσεως;
1034 5375 1157 5440 Πῶς
1194 5376 1250 5429 δὲ
1288 5376 1348 5428 οὐ
1385 5375 1804 5446 σκεδασθήσεται
1837 5376 1934 5445 τῆς

368 5466 636 5539 ὀξυτάτης
681 5468 776 5521 τοῦ
810 5468 972 5522 πόλου
1018 5471 1313 5540 περιφορᾶς
1343 5468 1402 5521 τὸ
1437 5467 1682 5536 ἐφιζάνον
1721 5467 1934 5531 πάντως

369 5557 978 5632 ἁποκρουούσης;’Δλλὰ
994 5559 1098 5630 μὴν
1113 5549 1206 5612 κᾶὶ
1223 5559 1282 5611 τὺ
1302 5558 1634 5613 δαπανᾶσθαι
1649 5558 1743 5630 τὴν
1762 5557 1933 5628 ὑγρὰν

369 5649 532 5720 φύσιν
550 5649 813 5706 ἀπίθανον
835 5653 946 5714 τοῖς
963 5650 1296 5719 ἀντιλέγουσι
1322 5650 1585 5720 φαίνεται.
1604 5649 1702 5704 Διὰ
1715 5650 1775 5704 τὸ
1797 5651 1929 5704 πάνο

443 5807 468 5838 ⁸
506 5803 680 5860 Exod.
724 5821 839 5872 xu,
876 5805 943 5860 16
1004 5823 1126 5876 sqq.

2035 4547 2154 4628 qua”:
2192 4559 2257 4613 ad
2304 4574 2498 4629 aquam
2551 4562 2823 4630 pertinent
2869 4563 3229 4630 quaestiones,
3270 4564 3434 4632 quasi
3473 4564 3587 4616 fieri

2034 4664 2143 4703 non
2187 4652 2378 4719 possit,
2410 4660 2468 4704 ut
2501 4667 2663 4720 super
2694 4653 2880 4722 apside
2921 4655 3126 4709 ctelesti
3160 4656 3434 4724 ﬁguraque
3483 4657 3590 4724 glo-

2035 4741 2166 4796 bosa
2222 4750 2276 4796 et
2305 4742 2537 4796 rotunda
2585 4745 2884 4799 consistant
2931 4761 3048 4814 quae
3077 4745 3216 4800 fluxa
3264 4757 3411 4800 sunt.
3445 4747 3590 4812 Quo-

2035 4833 2195 4888 modo
2218 4833 2360 4887 enim
2389 4842 2582 4887 natura
2618 4834 2834 4888 humida
2869 4837 2920 4890 in
2951 4853 3119 4890 curvo
3145 4837 3443 4897 consideat,
3469 4851 3592 4905 quae

2031 4923 2098 4978 de
2127 4924 2352 4994 sphaerae
2391 4924 2605 4994 fastigio
2641 4926 2694 4979 in
2729 4943 2927 4995 pronas
2969 4928 3149 4998 ﬁgura!
3185 4938 3364 4997 partes
3404 4944 3592 4982 net-es-

2033 5015 2180 5070 sario
2219 5015 2444 5070 defluit?
2482 5025 2575 5070 aut
2613 5019 2918 5086 quomodo,
2959 5035 3080 5072 cum
3120 5020 3169 5070 id
3210 5033 3317 5088 quo
3350 5021 3589 5074 sustine-

2030 5111 2121 5156 tur
2151 5103 2400 5158 instabile
2427 5105 2762 5176 sit,cumque
2799 5122 2828 5160 a
2857 5123 2953 5162 sua
2985 5108 3097 5162 basi
3131 5123 3341 5177 semper
3370 5107 3591 5162 delaba-

2033 5201 2142 5259 tur,
2173 5194 2225 5248 in
2269 5210 2328 5250 se
2380 5196 2494 5264 ipsa
2541 5197 2760 5253 habebit
2790 5199 3136 5252 ﬁrmitatem?
3175 5208 3268 5252 aut
3316 5199 3589 5268 qttomodo

2031 5301 2138 5339 non
2175 5286 2550 5355 dissipabitur,
2584 5304 2706 5341 cum
2737 5289 3114 5344 incitatissima
3150 5290 3256 5359 poli
3303 5288 3588 5344 conversio

2031 5377 2164 5430 nihil
2212 5393 2438 5447 prorsus
2481 5379 2726 5434 insidens
2754 5381 3134 5450 initas-reusque
3163 5381 3266 5434 sibi
3299 5393 3406 5432 non
3453 5376 3590 5446 abji-

2031 5471 2173 5536 ciat,
2205 5485 2268 5524 ac
2292 5472 2555 5539 repellat?
2581 5473 2886 5536 Quinetiam
2932 5474 3054 5528 istis
3093 5469 3592 5527 contradicentibus

2041 5577 2149 5616 non
2186 5562 2401 5616 videtur
2440 5579 2560 5618 esse
2595 5564 2921 5629 verisimile,
2951 5577 3011 5619 ut
3049 5581 3169 5633 qua:
3198 5562 3414 5616 humida
3461 5567 3593 5618 sunt

2038 5663 2446 5719 consumantur,
2482 5668 2605 5709 cum
2635 5663 2688 5711 et
2715 5654 2964 5724 fontium,
2991 5663 3044 5712 et
3067 5653 3374 5724 ﬂuminum,
3401 5661 3454 5709 et
3475 5664 3596 5710 ma-
