  <div class='ocr_page' id='page_1' title='image "/cluster/home/n/w/nwhite01/storage/ocr_20150623/44/hvd.32044012542270/043.png"; bbox 0 0 4054 6516; ppageno 0'>
   <div class='ocr_carea' id='block_1_1' title="bbox 485 402 3734 486">
    <p class='ocr_par' dir='ltr' id='par_1_1' title="bbox 485 402 3734 486">
     <span class='ocr_line' id='line_1_1' title="bbox 485 402 3734 486; baseline -0.01 0"><span class='ocrx_word' id='word_1_1' title='bbox 485 431 550 486; x_wconf 73' lang='grc' dir='ltr'><strong>σἹ</strong></span> <span class='ocrx_word' id='word_1_2' title='bbox 1719 418 1780 474; x_wconf 89' lang='lat' dir='ltr'><strong>S.</strong></span> <span class='ocrx_word' id='word_1_3' title='bbox 1819 412 2000 471; x_wconf 71' lang='grc' dir='ltr'><strong>ΕΒΕο</strong></span> <span class='ocrx_word' id='word_1_4' title='bbox 2009 411 2148 467; x_wconf 79' lang='lat' dir='ltr'><strong>()Rll</strong></span> <span class='ocrx_word' id='word_1_5' title='bbox 2191 409 2480 467; x_wconf 69' lang='lat' dir='ltr'><strong>NYSSENI</strong></span> <span class='ocrx_word' id='word_1_6' title='bbox 3663 402 3734 453; x_wconf 76' lang='lat'><strong>68</strong></span> 
     </span>
    </p>
   </div>
   <div class='ocr_carea' id='block_1_2' title="bbox 488 527 2063 618">
    <p class='ocr_par' dir='ltr' id='par_1_2' title="bbox 488 545 2055 618">
     <span class='ocr_line' id='line_1_2' title="bbox 488 545 2055 618; baseline -0.011 -11"><span class='ocrx_word' id='word_1_7' title='bbox 488 554 584 617; x_wconf 81' lang='lat' dir='ltr'><strong>ris,</strong></span> <span class='ocrx_word' id='word_1_8' title='bbox 621 558 676 606; x_wconf 90' lang='lat' dir='ltr'><strong>et</strong></span> <span class='ocrx_word' id='word_1_9' title='bbox 717 549 936 605; x_wconf 84' lang='lat' dir='ltr'><strong>lacu&#39;um</strong></span> <span class='ocrx_word' id='word_1_10' title='bbox 975 562 1146 618; x_wconf 84' lang='lat' dir='ltr'><strong>aquas</strong></span> <span class='ocrx_word' id='word_1_11' title='bbox 1197 548 1252 602; x_wconf 90' lang='lat' dir='ltr'><strong>in</strong></span> <span class='ocrx_word' id='word_1_12' title='bbox 1309 545 1497 602; x_wconf 85' lang='lat' dir='ltr'><strong>eadem</strong></span> <span class='ocrx_word' id='word_1_13' title='bbox 1553 557 1766 613; x_wconf 83' lang='lat' dir='ltr'><strong>semper</strong></span> <span class='ocrx_word' id='word_1_14' title='bbox 1799 552 2055 595; x_wconf 80' lang='lat' dir='ltr'><strong>mensura</strong></span> 
     </span>
    </p>
   </div>
   <div class='ocr_carea' id='block_1_3' title="bbox 2163 527 3738 618">
    <p class='ocr_par' dir='ltr' id='par_1_3' title="bbox 2163 527 3738 606">
     <span class='ocr_line' id='line_1_3' title="bbox 2163 527 3738 606; baseline -0.006 -18"><span class='ocrx_word' id='word_1_15' title='bbox 2163 552 2278 588; x_wconf 87' lang='grc' dir='ltr'>τοτε</span> <span class='ocrx_word' id='word_1_16' title='bbox 2299 536 2357 587; x_wconf 87' lang='grc' dir='ltr'><strong>ἐν</strong></span> <span class='ocrx_word' id='word_1_17' title='bbox 2381 536 2482 604; x_wconf 83' lang='grc' dir='ltr'>ἴσῳ</span> <span class='ocrx_word' id='word_1_18' title='bbox 2515 532 2590 606; x_wconf 78' lang='grc' dir='ltr'><strong>τῷ</strong></span> <span class='ocrx_word' id='word_1_19' title='bbox 2618 534 2800 604; x_wconf 83' lang='grc' dir='ltr'>μέτρῳ</span> <span class='ocrx_word' id='word_1_20' title='bbox 2826 530 2893 585; x_wconf 84' lang='grc' dir='ltr'><strong>τὰ</strong></span> <span class='ocrx_word' id='word_1_21' title='bbox 2916 530 3024 585; x_wconf 84' lang='grc' dir='ltr'><strong>τῶν</strong></span> <span class='ocrx_word' id='word_1_22' title='bbox 3051 530 3257 584; x_wconf 84' lang='grc' dir='ltr'>ὑδάτων</span> <span class='ocrx_word' id='word_1_23' title='bbox 3285 527 3515 600; x_wconf 81' lang='grc' dir='ltr'>ὁρᾶσθαι</span> <span class='ocrx_word' id='word_1_24' title='bbox 3547 529 3738 597; x_wconf 78' lang='grc' dir='ltr'>συστήο</span> 
     </span>
    </p>
   </div>
   <div class='ocr_carea' id='block_1_4' title="bbox 485 632 2053 709">
    <p class='ocr_par' dir='ltr' id='par_1_4' title="bbox 485 632 2053 709">
     <span class='ocr_line' id='line_1_4' title="bbox 485 632 2053 709; baseline -0.011 -8"><span class='ocrx_word' id='word_1_25' title='bbox 485 645 788 702; x_wconf 77' lang='lat' dir='ltr'><strong>consistere</strong></span> <span class='ocrx_word' id='word_1_26' title='bbox 827 642 1075 704; x_wconf 75' lang='lat' dir='ltr'><strong>videant,</strong></span> <span class='ocrx_word' id='word_1_27' title='bbox 1128 640 1368 709; x_wconf 87' lang='lat' dir='ltr'><strong>exceptis</strong></span> <span class='ocrx_word' id='word_1_28' title='bbox 1418 635 1745 708; x_wconf 87' lang='lat' dir='ltr'><strong>quibusdam</strong></span> <span class='ocrx_word' id='word_1_29' title='bbox 1789 632 2053 695; x_wconf 82' lang='lat' dir='ltr'><strong>fontibus,</strong></span> 
     </span>
    </p>
   </div>
   <div class='ocr_carea' id='block_1_5' title="bbox 2161 621 3739 701">
    <p class='ocr_par' dir='ltr' id='par_1_5' title="bbox 2161 621 3739 701">
     <span class='ocr_line' id='line_1_5' title="bbox 2161 621 3739 701; baseline -0.006 -18"><span class='ocrx_word' id='word_1_30' title='bbox 2161 647 2326 701; x_wconf 82' lang='grc' dir='ltr'><strong>ματα,</strong></span> <span class='ocrx_word' id='word_1_31' title='bbox 2349 631 2406 682; x_wconf 89' lang='grc' dir='ltr'><strong>ἐν</strong></span> <span class='ocrx_word' id='word_1_32' title='bbox 2427 630 2630 699; x_wconf 82' lang='grc' dir='ltr'>πηγαῖς</span> <span class='ocrx_word' id='word_1_33' title='bbox 2649 645 2707 679; x_wconf 87' lang='grc' dir='ltr'><strong>τε</strong></span> <span class='ocrx_word' id='word_1_34' title='bbox 2733 629 2827 680; x_wconf 70' lang='grc' dir='ltr'><strong>καὶ</strong></span> <span class='ocrx_word' id='word_1_35' title='bbox 2849 628 3133 696; x_wconf 80' lang='grc' dir='ltr'><strong>ποταμοῖς,</strong></span> <span class='ocrx_word' id='word_1_36' title='bbox 3150 624 3244 677; x_wconf 78' lang='grc' dir='ltr'>καὶ</span> <span class='ocrx_word' id='word_1_37' title='bbox 3273 623 3509 693; x_wconf 80' lang='grc' dir='ltr'><strong>λίμναις,</strong></span> <span class='ocrx_word' id='word_1_38' title='bbox 3531 621 3668 692; x_wconf 75' lang='grc' dir='ltr'>πλὴν</span> <span class='ocrx_word' id='word_1_39' title='bbox 3689 621 3739 674; x_wconf 82' lang='grc' dir='ltr'><strong>εί</strong></span> 
     </span>
    </p>
   </div>
   <div class='ocr_carea' id='block_1_6' title="bbox 487 714 2063 808">
    <p class='ocr_par' dir='ltr' id='par_1_6' title="bbox 487 726 2058 808">
     <span class='ocr_line' id='line_1_6' title="bbox 487 726 2058 808; baseline -0.01 -15"><span class='ocrx_word' id='word_1_40' title='bbox 487 738 580 808; x_wconf 87' lang='lat' dir='ltr'><strong>qui</strong></span> <span class='ocrx_word' id='word_1_41' title='bbox 626 752 691 792; x_wconf 83' lang='lat' dir='ltr'><strong>ex</strong></span> <span class='ocrx_word' id='word_1_42' title='bbox 727 735 982 791; x_wconf 88' lang='lat' dir='ltr'><strong>imbrium</strong></span> <span class='ocrx_word' id='word_1_43' title='bbox 1013 733 1332 802; x_wconf 88' lang='lat' dir='ltr'><strong>niviumqne</strong></span> <span class='ocrx_word' id='word_1_44' title='bbox 1369 731 1420 784; x_wconf 86' lang='lat' dir='ltr'><strong>vi</strong></span> <span class='ocrx_word' id='word_1_45' title='bbox 1452 729 1664 799; x_wconf 88' lang='lat' dir='ltr'><strong>copiam</strong></span> <span class='ocrx_word' id='word_1_46' title='bbox 1700 740 1966 796; x_wconf 88' lang='lat' dir='ltr'><strong>aquarum</strong></span> <span class='ocrx_word' id='word_1_47' title='bbox 2000 726 2058 778; x_wconf 91' lang='lat' dir='ltr'><strong>in</strong></span> 
     </span>
    </p>
   </div>
   <div class='ocr_carea' id='block_1_7' title="bbox 2163 714 3740 808">
    <p class='ocr_par' dir='ltr' id='par_1_7' title="bbox 2163 714 3740 791">
     <span class='ocr_line' id='line_1_7' title="bbox 2163 714 3740 791; baseline -0.006 -16"><span class='ocrx_word' id='word_1_48' title='bbox 2163 739 2301 785; x_wconf 84' lang='grc' dir='ltr'>τινες</span> <span class='ocrx_word' id='word_1_49' title='bbox 2313 721 2421 774; x_wconf 85' lang='grc' dir='ltr'>τῶν</span> <span class='ocrx_word' id='word_1_50' title='bbox 2444 719 2633 791; x_wconf 82' lang='grc' dir='ltr'>πηγῶν</span> <span class='ocrx_word' id='word_1_51' title='bbox 2648 718 2965 772; x_wconf 82' lang='grc' dir='ltr'>ἐπιπολαίαν</span> <span class='ocrx_word' id='word_1_52' title='bbox 2982 717 3198 788; x_wconf 74' lang='grc' dir='ltr'>ἔχουσαι</span> <span class='ocrx_word' id='word_1_53' title='bbox 3213 716 3310 787; x_wconf 82' lang='grc' dir='ltr'>τὴν</span> <span class='ocrx_word' id='word_1_54' title='bbox 3329 714 3422 768; x_wconf 77' lang='grc' dir='ltr'>τοῦ</span> <span class='ocrx_word' id='word_1_55' title='bbox 3443 714 3631 777; x_wconf 81' lang='grc' dir='ltr'>ὓδατος</span> <span class='ocrx_word' id='word_1_56' title='bbox 3646 731 3740 783; x_wconf 84' lang='grc' dir='ltr'>χο-</span> 
     </span>
    </p>
   </div>
   <div class='ocr_carea' id='block_1_8' title="bbox 487 819 2060 898">
    <p class='ocr_par' dir='ltr' id='par_1_8' title="bbox 487 819 2060 898">
     <span class='ocr_line' id='line_1_8' title="bbox 487 819 2060 898; baseline -0.01 -12"><span class='ocrx_word' id='word_1_57' title='bbox 487 827 775 898; x_wconf 78' lang='lat' dir='ltr'><strong>superticie</strong></span> <span class='ocrx_word' id='word_1_58' title='bbox 806 827 965 880; x_wconf 91' lang='lat' dir='ltr'><strong>sitam</strong></span> <span class='ocrx_word' id='word_1_59' title='bbox 1004 825 1321 895; x_wconf 80' lang='lat' dir='ltr'><strong>colligentes</strong></span> <span class='ocrx_word' id='word_1_60' title='bbox 1345 865 1360 887; x_wconf 93' lang='lat'><strong>,</strong></span> <span class='ocrx_word' id='word_1_61' title='bbox 1401 820 1728 876; x_wconf 83' lang='lat' dir='ltr'><strong>torrentium</strong></span> <span class='ocrx_word' id='word_1_62' title='bbox 1761 819 1935 872; x_wconf 88' lang='lat' dir='ltr'><strong>instar</strong></span> <span class='ocrx_word' id='word_1_63' title='bbox 1961 830 2060 886; x_wconf 90' lang='lat' dir='ltr'><strong>pro</strong></span> 
     </span>
    </p>
   </div>
   <div class='ocr_carea' id='block_1_9' title="bbox 489 910 2061 988">
    <p class='ocr_par' dir='ltr' id='par_1_9' title="bbox 489 910 2061 988">
     <span class='ocr_line' id='line_1_9' title="bbox 489 910 2061 988; baseline -0.006 -14"><span class='ocrx_word' id='word_1_64' title='bbox 489 921 746 975; x_wconf 80' lang='lat' dir='ltr'><strong>facultate</strong></span> <span class='ocrx_word' id='word_1_65' title='bbox 780 933 901 988; x_wconf 75' lang='lat' dir='ltr'><strong>quze</strong></span> <span class='ocrx_word' id='word_1_66' title='bbox 943 933 1164 973; x_wconf 90' lang='lat' dir='ltr'><strong>sursum</strong></span> <span class='ocrx_word' id='word_1_67' title='bbox 1208 916 1493 986; x_wconf 80' lang='lat' dir='ltr'><strong>provenit,</strong></span> <span class='ocrx_word' id='word_1_68' title='bbox 1525 914 1608 968; x_wconf 91' lang='lat' dir='ltr'><strong>vel</strong></span> <span class='ocrx_word' id='word_1_69' title='bbox 1649 919 1940 981; x_wconf 87' lang='lat' dir='ltr'><strong>augentur,</strong></span> <span class='ocrx_word' id='word_1_70' title='bbox 1974 910 2061 965; x_wconf 87' lang='lat' dir='ltr'><strong>vel</strong></span> 
     </span>
    </p>
   </div>
   <div class='ocr_carea' id='block_1_10' title="bbox 487 1005 2058 1078">
    <p class='ocr_par' dir='ltr' id='par_1_10' title="bbox 487 1005 2058 1078">
     <span class='ocr_line' id='line_1_10' title="bbox 487 1005 2058 1078; baseline -0.007 -12"><span class='ocrx_word' id='word_1_71' title='bbox 487 1011 765 1066; x_wconf 79' lang='lat' dir='ltr'><strong>deﬁciunt.</strong></span> <span class='ocrx_word' id='word_1_72' title='bbox 797 1008 930 1063; x_wconf 83' lang='lat' dir='ltr'><strong>Nam</strong></span> <span class='ocrx_word' id='word_1_73' title='bbox 961 1025 1024 1064; x_wconf 84' lang='lat' dir='ltr'><strong>ex</strong></span> <span class='ocrx_word' id='word_1_74' title='bbox 1058 1009 1258 1078; x_wconf 91' lang='lat' dir='ltr'><strong>quibus</strong></span> <span class='ocrx_word' id='word_1_75' title='bbox 1295 1007 1550 1077; x_wconf 88' lang='lat' dir='ltr'><strong>perennia</strong></span> <span class='ocrx_word' id='word_1_76' title='bbox 1574 1005 1773 1059; x_wconf 86' lang='lat' dir='ltr'><strong>ﬂuenta</strong></span> <span class='ocrx_word' id='word_1_77' title='bbox 1813 1009 2058 1068; x_wconf 87' lang='lat' dir='ltr'><strong>manant,</strong></span> 
     </span>
    </p>
   </div>
   <div class='ocr_carea' id='block_1_11' title="bbox 487 1095 2062 1163">
    <p class='ocr_par' dir='ltr' id='par_1_11' title="bbox 487 1095 2062 1163">
     <span class='ocr_line' id='line_1_11' title="bbox 487 1095 2062 1163; baseline -0.004 -8"><span class='ocrx_word' id='word_1_78' title='bbox 487 1116 590 1155; x_wconf 87' lang='lat' dir='ltr'><strong>nec</strong></span> <span class='ocrx_word' id='word_1_79' title='bbox 619 1100 786 1155; x_wconf 90' lang='lat' dir='ltr'><strong>ullum</strong></span> <span class='ocrx_word' id='word_1_80' title='bbox 821 1100 1230 1156; x_wconf 91' lang='lat' dir='ltr'><strong>decrementum</strong></span> <span class='ocrx_word' id='word_1_81' title='bbox 1275 1100 1355 1163; x_wconf 85' lang='lat' dir='ltr'><strong>tit,</strong></span> <span class='ocrx_word' id='word_1_82' title='bbox 1403 1105 1496 1151; x_wconf 88' lang='lat' dir='ltr'><strong>aut</strong></span> <span class='ocrx_word' id='word_1_83' title='bbox 1543 1098 1962 1158; x_wconf 89' lang='lat' dir='ltr'><strong>incrementum,</strong></span> <span class='ocrx_word' id='word_1_84' title='bbox 2005 1095 2062 1148; x_wconf 91' lang='lat' dir='ltr'><strong>in</strong></span> 
     </span>
    </p>
   </div>
   <div class='ocr_carea' id='block_1_12' title="bbox 489 1187 2064 1255">
    <p class='ocr_par' dir='ltr' id='par_1_12' title="bbox 489 1187 2064 1255">
     <span class='ocr_line' id='line_1_12' title="bbox 489 1187 2064 1255; baseline -0.003 -9"><span class='ocrx_word' id='word_1_85' title='bbox 489 1193 559 1247; x_wconf 90' lang='lat' dir='ltr'><strong>iis</strong></span> <span class='ocrx_word' id='word_1_86' title='bbox 585 1193 721 1246; x_wconf 90' lang='lat' dir='ltr'><strong>nihil</strong></span> <span class='ocrx_word' id='word_1_87' title='bbox 743 1193 992 1248; x_wconf 89' lang='lat' dir='ltr'><strong>humoris</strong></span> <span class='ocrx_word' id='word_1_88' title='bbox 1022 1191 1294 1255; x_wconf 90' lang='lat' dir='ltr'><strong>consumi,</strong></span> <span class='ocrx_word' id='word_1_89' title='bbox 1317 1190 1610 1246; x_wconf 80' lang='lat' dir='ltr'><strong>manifesto</strong></span> <span class='ocrx_word' id='word_1_90' title='bbox 1638 1195 1876 1244; x_wconf 87' lang='lat' dir='ltr'><strong>constat.</strong></span> <span class='ocrx_word' id='word_1_91' title='bbox 1905 1187 2064 1254; x_wconf 86' lang='lat' dir='ltr'><strong>Quod</strong></span> 
     </span>
    </p>
   </div>
   <div class='ocr_carea' id='block_1_13' title="bbox 489 1280 2065 1353">
    <p class='ocr_par' dir='ltr' id='par_1_13' title="bbox 489 1280 2065 1353">
     <span class='ocr_line' id='line_1_13' title="bbox 489 1280 2065 1353; baseline -0.004 -13"><span class='ocrx_word' id='word_1_92' title='bbox 489 1285 634 1340; x_wconf 88' lang='lat' dir='ltr'><strong>enim</strong></span> <span class='ocrx_word' id='word_1_93' title='bbox 660 1285 1028 1351; x_wconf 87' lang='lat' dir='ltr'><strong>consumitur,</strong></span> <span class='ocrx_word' id='word_1_94' title='bbox 1056 1284 1301 1340; x_wconf 89' lang='lat' dir='ltr'><strong>eamdem</strong></span> <span class='ocrx_word' id='word_1_95' title='bbox 1335 1289 1936 1353; x_wconf 75' lang='lat' dir='ltr'><strong>perpetuo&#39;mensuram</strong></span> <span class='ocrx_word' id='word_1_96' title='bbox 1967 1280 2065 1334; x_wconf 92' lang='lat' dir='ltr'><strong>ob-</strong></span> 
     </span>
    </p>
   </div>
   <div class='ocr_carea' id='block_1_14' title="bbox 490 1373 2064 1446">
    <p class='ocr_par' dir='ltr' id='par_1_14' title="bbox 490 1373 2064 1446">
     <span class='ocr_line' id='line_1_14' title="bbox 490 1373 2064 1446; baseline 0.001 -19"><span class='ocrx_word' id='word_1_97' title='bbox 490 1377 667 1430; x_wconf 91' lang='lat' dir='ltr'><strong>tinere</strong></span> <span class='ocrx_word' id='word_1_98' title='bbox 699 1390 807 1429; x_wconf 91' lang='lat' dir='ltr'><strong>non</strong></span> <span class='ocrx_word' id='word_1_99' title='bbox 837 1382 1034 1445; x_wconf 85' lang='lat' dir='ltr'><strong>potest.</strong></span> <span class='ocrx_word' id='word_1_100' title='bbox 1055 1375 1132 1430; x_wconf 83' lang='lat' dir='ltr'><strong>Ac</strong></span> <span class='ocrx_word' id='word_1_101' title='bbox 1156 1391 1224 1429; x_wconf 89' lang='lat' dir='ltr'><strong>ne</strong></span> <span class='ocrx_word' id='word_1_102' title='bbox 1247 1375 1389 1446; x_wconf 81' lang='lat' dir='ltr'><strong>ignis</strong></span> <span class='ocrx_word' id='word_1_103' title='bbox 1419 1374 1659 1445; x_wconf 88' lang='lat' dir='ltr'><strong>quidem,</strong></span> <span class='ocrx_word' id='word_1_104' title='bbox 1684 1374 1728 1429; x_wconf 90' lang='lat' dir='ltr'><strong>si</strong></span> <span class='ocrx_word' id='word_1_105' title='bbox 1755 1373 1914 1428; x_wconf 94' lang='lat' dir='ltr'><strong>modo</strong></span> <span class='ocrx_word' id='word_1_106' title='bbox 1943 1388 2064 1428; x_wconf 86' lang='lat' dir='ltr'><strong>eam</strong></span> 
     </span>
    </p>
   </div>
   <div class='ocr_carea' id='block_1_15' title="bbox 489 1466 2066 1537">
    <p class='ocr_par' dir='ltr' id='par_1_15' title="bbox 489 1466 2066 1537">
     <span class='ocr_line' id='line_1_15' title="bbox 489 1466 2066 1537; baseline 0.001 -20"><span class='ocrx_word' id='word_1_107' title='bbox 489 1481 619 1521; x_wconf 87' lang='lat' dir='ltr'><strong>vere</strong></span> <span class='ocrx_word' id='word_1_108' title='bbox 646 1472 898 1520; x_wconf 88' lang='lat' dir='ltr'><strong>naturam</strong></span> <span class='ocrx_word' id='word_1_109' title='bbox 938 1466 1120 1530; x_wconf 86' lang='lat' dir='ltr'><strong>habet,</strong></span> <span class='ocrx_word' id='word_1_110' title='bbox 1159 1473 1218 1520; x_wconf 89' lang='lat' dir='ltr'><strong>ut</strong></span> <span class='ocrx_word' id='word_1_111' title='bbox 1251 1481 1447 1537; x_wconf 88' lang='lat' dir='ltr'><strong>aquam</strong></span> <span class='ocrx_word' id='word_1_112' title='bbox 1488 1471 1803 1529; x_wconf 81' lang='lat' dir='ltr'><strong>consumat,</strong></span> <span class='ocrx_word' id='word_1_113' title='bbox 1844 1480 2066 1520; x_wconf 88' lang='lat' dir='ltr'><strong>mensu-</strong></span> 
     </span>
    </p>
   </div>
   <div class='ocr_carea' id='block_1_16' title="bbox 489 1558 2068 1627">
    <p class='ocr_par' dir='ltr' id='par_1_16' title="bbox 489 1558 2068 1627">
     <span class='ocr_line' id='line_1_16' title="bbox 489 1558 2068 1627; baseline -0.001 -15"><span class='ocrx_word' id='word_1_114' title='bbox 489 1572 608 1612; x_wconf 84' lang='lat' dir='ltr'><strong>ram</strong></span> <span class='ocrx_word' id='word_1_115' title='bbox 634 1559 909 1627; x_wconf 86' lang='lat' dir='ltr'><strong>prepriam</strong></span> <span class='ocrx_word' id='word_1_116' title='bbox 940 1565 1204 1623; x_wconf 85' lang='lat' dir='ltr'><strong>tueretur,</strong></span> <span class='ocrx_word' id='word_1_117' title='bbox 1233 1567 1326 1612; x_wconf 88' lang='lat' dir='ltr'><strong>aut</strong></span> <span class='ocrx_word' id='word_1_118' title='bbox 1353 1558 1561 1613; x_wconf 88' lang='lat' dir='ltr'><strong>nullum</strong></span> <span class='ocrx_word' id='word_1_119' title='bbox 1593 1566 1939 1626; x_wconf 81' lang='lat' dir='ltr'><strong>augmentum</strong></span> <span class='ocrx_word' id='word_1_120' title='bbox 1966 1573 2068 1610; x_wconf 93' lang='lat' dir='ltr'><strong>nu-</strong></span> 
     </span>
    </p>
   </div>
   <div class='ocr_carea' id='block_1_17' title="bbox 491 1647 2068 1718">
    <p class='ocr_par' dir='ltr' id='par_1_17' title="bbox 491 1647 2068 1718">
     <span class='ocr_line' id='line_1_17' title="bbox 491 1647 2068 1718; baseline -0.001 -17"><span class='ocrx_word' id='word_1_121' title='bbox 491 1648 876 1702; x_wconf 88' lang='lat' dir='ltr'><strong>trimentumve</strong></span> <span class='ocrx_word' id='word_1_122' title='bbox 904 1649 1228 1718; x_wconf 88' lang='lat' dir='ltr'><strong>susciperet.</strong></span> <span class='ocrx_word' id='word_1_123' title='bbox 1267 1647 1452 1718; x_wconf 87' lang='lat' dir='ltr'><strong>Neque</strong></span> <span class='ocrx_word' id='word_1_124' title='bbox 1475 1649 1621 1704; x_wconf 90' lang='lat' dir='ltr'><strong>enim</strong></span> <span class='ocrx_word' id='word_1_125' title='bbox 1659 1647 1772 1702; x_wconf 77' lang='lat' dir='ltr'><strong>fieri</strong></span> <span class='ocrx_word' id='word_1_126' title='bbox 1805 1655 1982 1717; x_wconf 90' lang='lat' dir='ltr'><strong>potest</strong></span> <span class='ocrx_word' id='word_1_127' title='bbox 2010 1654 2068 1701; x_wconf 92' lang='lat' dir='ltr'><strong>ut</strong></span> 
     </span>
    </p>
   </div>
   <div class='ocr_carea' id='block_1_18' title="bbox 489 1739 1992 1810">
    <p class='ocr_par' dir='ltr' id='par_1_18' title="bbox 489 1739 1992 1810">
     <span class='ocr_line' id='line_1_18' title="bbox 489 1739 1992 1810; baseline -0.001 -17"><span class='ocrx_word' id='word_1_128' title='bbox 489 1739 611 1809; x_wconf 86' lang='lat' dir='ltr'><strong>ejus</strong></span> <span class='ocrx_word' id='word_1_129' title='bbox 635 1751 827 1794; x_wconf 89' lang='lat' dir='ltr'><strong>natura</strong></span> <span class='ocrx_word' id='word_1_130' title='bbox 856 1755 922 1794; x_wconf 85' lang='lat' dir='ltr'><strong>ex</strong></span> <span class='ocrx_word' id='word_1_131' title='bbox 955 1740 1182 1795; x_wconf 86' lang='lat' dir='ltr'><strong>materia</strong></span> <span class='ocrx_word' id='word_1_132' title='bbox 1220 1749 1543 1810; x_wconf 88' lang='lat' dir='ltr'><strong>consumpta</strong></span> <span class='ocrx_word' id='word_1_133' title='bbox 1577 1756 1683 1794; x_wconf 92' lang='lat' dir='ltr'><strong>non</strong></span> <span class='ocrx_word' id='word_1_134' title='bbox 1712 1747 1992 1809; x_wconf 81' lang='lat' dir='ltr'><strong>augeatur.</strong></span> 
     </span>
    </p>
   </div>
   <div class='ocr_carea' id='block_1_19' title="bbox 562 1831 2064 1901">
    <p class='ocr_par' dir='ltr' id='par_1_19' title="bbox 562 1831 2064 1901">
     <span class='ocr_line' id='line_1_19' title="bbox 562 1831 2064 1901; baseline 0.001 -17"><span class='ocrx_word' id='word_1_135' title='bbox 562 1831 687 1886; x_wconf 63' lang='lat' dir='ltr'><strong>Haec</strong></span> <span class='ocrx_word' id='word_1_136' title='bbox 728 1841 781 1888; x_wconf 93' lang='lat' dir='ltr'><strong>et</strong></span> <span class='ocrx_word' id='word_1_137' title='bbox 810 1831 1008 1886; x_wconf 89' lang='lat' dir='ltr'><strong>similia</strong></span> <span class='ocrx_word' id='word_1_138' title='bbox 1041 1833 1168 1886; x_wconf 93' lang='lat' dir='ltr'><strong>situ</strong></span> <span class='ocrx_word' id='word_1_139' title='bbox 1199 1832 1490 1900; x_wconf 79' lang='lat' dir='ltr'><strong>diligenter</strong></span> <span class='ocrx_word' id='word_1_140' title='bbox 1528 1831 1792 1901; x_wconf 84' lang='lat' dir='ltr'><strong>indagans</strong></span> <span class='ocrx_word' id='word_1_141' title='bbox 1821 1838 1874 1885; x_wconf 84' lang='lat' dir='ltr'><strong>et</strong></span> <span class='ocrx_word' id='word_1_142' title='bbox 1899 1831 2064 1885; x_wconf 89' lang='lat' dir='ltr'><strong>rebus</strong></span> 
     </span>
    </p>
   </div>
   <div class='ocr_carea' id='block_1_20' title="bbox 492 1917 2064 1990">
    <p class='ocr_par' dir='ltr' id='par_1_20' title="bbox 492 1917 2064 1990">
     <span class='ocr_line' id='line_1_20' title="bbox 492 1917 2064 1990; baseline 0 -18"><span class='ocrx_word' id='word_1_143' title='bbox 492 1917 820 1972; x_wconf 88' lang='lat' dir='ltr'><strong>sublimibus</strong></span> <span class='ocrx_word' id='word_1_144' title='bbox 852 1918 1196 1981; x_wconf 87' lang='lat' dir='ltr'><strong>incumbens,</strong></span> <span class='ocrx_word' id='word_1_145' title='bbox 1224 1934 1288 1973; x_wconf 90' lang='lat' dir='ltr'><strong>ea</strong></span> <span class='ocrx_word' id='word_1_146' title='bbox 1321 1935 1441 1987; x_wconf 66' lang='lat' dir='ltr'><strong>qum</strong></span> <span class='ocrx_word' id='word_1_147' title='bbox 1474 1935 1504 1972; x_wconf 89' lang='lat' dir='ltr'><strong>a</strong></span> <span class='ocrx_word' id='word_1_148' title='bbox 1535 1918 1682 1974; x_wconf 82' lang='lat' dir='ltr'><strong>Mose</strong></span> <span class='ocrx_word' id='word_1_149' title='bbox 1726 1920 1779 1972; x_wconf 93' lang='lat' dir='ltr'><strong>in</strong></span> <span class='ocrx_word' id='word_1_150' title='bbox 1815 1919 2064 1990; x_wconf 90' lang='lat' dir='ltr'><strong>caliginis</strong></span> 
     </span>
    </p>
   </div>
   <div class='ocr_carea' id='block_1_21' title="bbox 493 2008 2063 2079">
    <p class='ocr_par' dir='ltr' id='par_1_21' title="bbox 493 2008 2063 2079">
     <span class='ocr_line' id='line_1_21' title="bbox 493 2008 2063 2079; baseline 0.001 -16"><span class='ocrx_word' id='word_1_151' title='bbox 493 2008 831 2064; x_wconf 87' lang='lat' dir='ltr'><strong>obscuritate</strong></span> <span class='ocrx_word' id='word_1_152' title='bbox 860 2016 1152 2079; x_wconf 89' lang='lat' dir='ltr'><strong>conspecta</strong></span> <span class='ocrx_word' id='word_1_153' title='bbox 1172 2017 1319 2076; x_wconf 90' lang='lat' dir='ltr'><strong>sunt,</strong></span> <span class='ocrx_word' id='word_1_154' title='bbox 1347 2017 1400 2064; x_wconf 89' lang='lat' dir='ltr'><strong>et</strong></span> <span class='ocrx_word' id='word_1_155' title='bbox 1428 2009 1540 2079; x_wconf 92' lang='lat' dir='ltr'><strong>ipse</strong></span> <span class='ocrx_word' id='word_1_156' title='bbox 1559 2009 1862 2079; x_wconf 81' lang='lat' dir='ltr'><strong>perspicere</strong></span> <span class='ocrx_word' id='word_1_157' title='bbox 1884 2010 2063 2078; x_wconf 91' lang='lat' dir='ltr'><strong>cupis,</strong></span> 
     </span>
    </p>
   </div>
   <div class='ocr_carea' id='block_1_22' title="bbox 493 2099 2068 2171">
    <p class='ocr_par' dir='ltr' id='par_1_22' title="bbox 493 2099 2068 2171">
     <span class='ocr_line' id='line_1_22' title="bbox 493 2099 2068 2171; baseline 0.002 -18"><span class='ocrx_word' id='word_1_158' title='bbox 493 2108 549 2154; x_wconf 88' lang='lat' dir='ltr'><strong>et</strong></span> <span class='ocrx_word' id='word_1_159' title='bbox 576 2099 908 2155; x_wconf 90' lang='lat' dir='ltr'><strong>multitudini</strong></span> <span class='ocrx_word' id='word_1_160' title='bbox 952 2099 1277 2170; x_wconf 82' lang='lat' dir='ltr'><strong>patefacere,</strong></span> <span class='ocrx_word' id='word_1_161' title='bbox 1316 2102 1616 2171; x_wconf 76' lang='lat' dir='ltr'><strong>prudentia:</strong></span> <span class='ocrx_word' id='word_1_162' title='bbox 1643 2110 1746 2155; x_wconf 85' lang='lat' dir='ltr'><strong>tuae</strong></span> <span class='ocrx_word' id='word_1_163' title='bbox 1775 2103 2068 2156; x_wconf 87' lang='lat' dir='ltr'><strong>consulue-</strong></span> 
     </span>
    </p>
   </div>
   <div class='ocr_carea' id='block_1_23' title="bbox 489 2191 2064 2262">
    <p class='ocr_par' dir='ltr' id='par_1_23' title="bbox 489 2191 2064 2262">
     <span class='ocr_line' id='line_1_23' title="bbox 489 2191 2064 2262; baseline 0.001 -18"><span class='ocrx_word' id='word_1_164' title='bbox 489 2191 616 2256; x_wconf 89' lang='lat' dir='ltr'><strong>rim,</strong></span> <span class='ocrx_word' id='word_1_165' title='bbox 648 2207 716 2245; x_wconf 85' lang='lat' dir='ltr'><strong>ne</strong></span> <span class='ocrx_word' id='word_1_166' title='bbox 745 2191 911 2244; x_wconf 93' lang='lat' dir='ltr'><strong>alium</strong></span> <span class='ocrx_word' id='word_1_167' title='bbox 941 2201 1241 2261; x_wconf 87' lang='lat' dir='ltr'><strong>spectares,</strong></span> <span class='ocrx_word' id='word_1_168' title='bbox 1277 2191 1370 2247; x_wconf 90' lang='lat' dir='ltr'><strong>sed</strong></span> <span class='ocrx_word' id='word_1_169' title='bbox 1405 2193 1469 2246; x_wconf 90' lang='lat' dir='ltr'><strong>ad</strong></span> <span class='ocrx_word' id='word_1_170' title='bbox 1501 2208 1617 2246; x_wconf 88' lang='lat' dir='ltr'><strong>eam</strong></span> <span class='ocrx_word' id='word_1_171' title='bbox 1660 2194 1887 2262; x_wconf 86' lang='lat' dir='ltr'><strong>gratiam</strong></span> <span class='ocrx_word' id='word_1_172' title='bbox 1928 2209 2064 2248; x_wconf 84' lang='lat' dir='ltr'><strong>con-</strong></span> 
     </span>
    </p>
   </div>
   <div class='ocr_carea' id='block_1_24' title="bbox 491 2280 2063 2352">
    <p class='ocr_par' dir='ltr' id='par_1_24' title="bbox 491 2280 2063 2352">
     <span class='ocr_line' id='line_1_24' title="bbox 491 2280 2063 2352; baseline 0.003 -18"><span class='ocrx_word' id='word_1_173' title='bbox 491 2280 729 2352; x_wconf 79' lang='lat' dir='ltr'><strong>fugeres,</strong></span> <span class='ocrx_word' id='word_1_174' title='bbox 761 2298 882 2352; x_wconf 85' lang='lat' dir='ltr'><strong>quae</strong></span> <span class='ocrx_word' id='word_1_175' title='bbox 919 2283 974 2335; x_wconf 93' lang='lat' dir='ltr'><strong>in</strong></span> <span class='ocrx_word' id='word_1_176' title='bbox 1007 2292 1056 2336; x_wconf 90' lang='lat' dir='ltr'><strong>te</strong></span> <span class='ocrx_word' id='word_1_177' title='bbox 1087 2290 1192 2346; x_wconf 89' lang='lat' dir='ltr'><strong>est,</strong></span> <span class='ocrx_word' id='word_1_178' title='bbox 1223 2292 1277 2336; x_wconf 90' lang='lat' dir='ltr'><strong>et</strong></span> <span class='ocrx_word' id='word_1_179' title='bbox 1305 2282 1372 2336; x_wconf 92' lang='lat' dir='ltr'><strong>ad</strong></span> <span class='ocrx_word' id='word_1_180' title='bbox 1405 2283 1664 2352; x_wconf 81' lang='lat' dir='ltr'><strong>Spiritum</strong></span> <span class='ocrx_word' id='word_1_181' title='bbox 1699 2285 2063 2346; x_wconf 87' lang='lat' dir='ltr'><strong>revelationis,</strong></span> 
     </span>
    </p>
   </div>
   <div class='ocr_carea' id='block_1_25' title="bbox 491 2372 2064 2441">
    <p class='ocr_par' dir='ltr' id='par_1_25' title="bbox 491 2372 2064 2441">
     <span class='ocr_line' id='line_1_25' title="bbox 491 2372 2064 2441; baseline 0.001 -15"><span class='ocrx_word' id='word_1_182' title='bbox 491 2373 584 2441; x_wconf 91' lang='lat' dir='ltr'><strong>qui</strong></span> <span class='ocrx_word' id='word_1_183' title='bbox 613 2372 868 2441; x_wconf 87' lang='lat' dir='ltr'><strong>precibus</strong></span> <span class='ocrx_word' id='word_1_184' title='bbox 897 2381 1160 2427; x_wconf 72' lang='lat' dir='ltr'><strong>exoratus</strong></span> <span class='ocrx_word' id='word_1_185' title='bbox 1196 2388 1380 2426; x_wconf 91' lang='lat' dir='ltr'><strong>rerum</strong></span> <span class='ocrx_word' id='word_1_186' title='bbox 1426 2373 1734 2426; x_wconf 88' lang='lat' dir='ltr'><strong>divinarum</strong></span> <span class='ocrx_word' id='word_1_187' title='bbox 1780 2381 1833 2427; x_wconf 90' lang='lat' dir='ltr'><strong>et</strong></span> <span class='ocrx_word' id='word_1_188' title='bbox 1860 2375 2064 2429; x_wconf 82' lang='lat' dir='ltr'><strong>altissi-</strong></span> 
     </span>
    </p>
   </div>
   <div class='ocr_carea' id='block_1_26' title="bbox 490 2461 2068 2534">
    <p class='ocr_par' dir='ltr' id='par_1_26' title="bbox 490 2461 2068 2534">
     <span class='ocr_line' id='line_1_26' title="bbox 490 2461 2068 2534; baseline 0.002 -20"><span class='ocrx_word' id='word_1_189' title='bbox 490 2475 704 2514; x_wconf 87' lang='lat' dir='ltr'><strong>marum</strong></span> <span class='ocrx_word' id='word_1_190' title='bbox 745 2476 946 2517; x_wconf 87' lang='lat' dir='ltr'><strong>arcana</strong></span> <span class='ocrx_word' id='word_1_191' title='bbox 985 2463 1270 2517; x_wconf 89' lang='lat' dir='ltr'><strong>reserabit.</strong></span> <span class='ocrx_word' id='word_1_192' title='bbox 1303 2461 1501 2517; x_wconf 77' lang='lat' dir='ltr'><strong>Verum</strong></span> <span class='ocrx_word' id='word_1_193' title='bbox 1535 2465 1790 2532; x_wconf 88' lang='lat' dir='ltr'><strong>quoniam</strong></span> <span class='ocrx_word' id='word_1_194' title='bbox 1822 2480 1888 2519; x_wconf 85' lang='lat' dir='ltr'><strong>ex</strong></span> <span class='ocrx_word' id='word_1_195' title='bbox 1926 2466 2068 2534; x_wconf 85' lang='lat' dir='ltr'><strong>Apo-</strong></span> 
     </span>
    </p>
   </div>
   <div class='ocr_carea' id='block_1_27' title="bbox 494 2553 2068 2625">
    <p class='ocr_par' dir='ltr' id='par_1_27' title="bbox 494 2553 2068 2625">
     <span class='ocr_line' id='line_1_27' title="bbox 494 2553 2068 2625; baseline 0.001 -17"><span class='ocrx_word' id='word_1_196' title='bbox 494 2553 691 2608; x_wconf 89' lang='lat' dir='ltr'><strong>stolica</strong></span> <span class='ocrx_word' id='word_1_197' title='bbox 719 2553 834 2624; x_wconf 86' lang='lat' dir='ltr'><strong>lege</strong></span> <span class='ocrx_word' id='word_1_198' title='bbox 861 2554 1121 2609; x_wconf 89' lang='lat' dir='ltr'><strong>debemus</strong></span> <span class='ocrx_word' id='word_1_199' title='bbox 1147 2563 1339 2608; x_wconf 91' lang='lat' dir='ltr'><strong>mutuo</strong></span> <span class='ocrx_word' id='word_1_200' title='bbox 1369 2555 1528 2610; x_wconf 89' lang='lat' dir='ltr'><strong>nobis</strong></span> <span class='ocrx_word' id='word_1_201' title='bbox 1559 2555 1660 2625; x_wconf 90' lang='lat' dir='ltr'><strong>ipsi</strong></span> <span class='ocrx_word' id='word_1_202' title='bbox 1690 2557 1913 2618; x_wconf 88' lang='lat' dir='ltr'><strong>servire,</strong></span> <span class='ocrx_word' id='word_1_203' title='bbox 1951 2557 2068 2609; x_wconf 82' lang='lat' dir='ltr'><strong>latt-</strong></span> 
     </span>
    </p>
   </div>
   <div class='ocr_carea' id='block_1_28' title="bbox 490 2643 2067 2717">
    <p class='ocr_par' dir='ltr' id='par_1_28' title="bbox 490 2643 2067 2717">
     <span class='ocr_line' id='line_1_28' title="bbox 490 2643 2067 2717; baseline 0.003 -19"><span class='ocrx_word' id='word_1_204' title='bbox 490 2643 798 2715; x_wconf 89' lang='lat' dir='ltr'><strong>dabilisque</strong></span> <span class='ocrx_word' id='word_1_205' title='bbox 847 2647 1130 2700; x_wconf 85' lang='lat' dir='ltr'><strong>servitutis</strong></span> <span class='ocrx_word' id='word_1_206' title='bbox 1177 2646 1454 2716; x_wconf 81' lang='lat' dir='ltr'><strong>proprium</strong></span> <span class='ocrx_word' id='word_1_207' title='bbox 1498 2656 1601 2709; x_wconf 87' lang='lat' dir='ltr'><strong>est,</strong></span> <span class='ocrx_word' id='word_1_208' title='bbox 1645 2646 1804 2702; x_wconf 82' lang='lat' dir='ltr'><strong>factis</strong></span> <span class='ocrx_word' id='word_1_209' title='bbox 1850 2663 1913 2701; x_wconf 88' lang='lat' dir='ltr'><strong>ea</strong></span> <span class='ocrx_word' id='word_1_210' title='bbox 1947 2665 2067 2717; x_wconf 67' lang='lat' dir='ltr'><strong>qure</strong></span> 
     </span>
    </p>
   </div>
   <div class='ocr_carea' id='block_1_29' title="bbox 492 2737 2067 2808">
    <p class='ocr_par' dir='ltr' id='par_1_29' title="bbox 492 2737 2067 2808">
     <span class='ocr_line' id='line_1_29' title="bbox 492 2737 2067 2808; baseline 0 -17"><span class='ocrx_word' id='word_1_211' title='bbox 492 2737 751 2792; x_wconf 90' lang='lat' dir='ltr'><strong>mandata</strong></span> <span class='ocrx_word' id='word_1_212' title='bbox 783 2746 912 2793; x_wconf 88' lang='lat' dir='ltr'><strong>sunt</strong></span> <span class='ocrx_word' id='word_1_213' title='bbox 942 2737 1197 2808; x_wconf 78' lang='lat' dir='ltr'><strong>exsequi;</strong></span> <span class='ocrx_word' id='word_1_214' title='bbox 1233 2737 1636 2806; x_wconf 84' lang='lat' dir='ltr'><strong>precationibus</strong></span> <span class='ocrx_word' id='word_1_215' title='bbox 1667 2738 1776 2791; x_wconf 91' lang='lat' dir='ltr'><strong>tuis</strong></span> <span class='ocrx_word' id='word_1_216' title='bbox 1805 2738 2067 2808; x_wconf 82' lang='lat' dir='ltr'><strong>adjuvan-</strong></span> 
     </span>
    </p>
   </div>
   <div class='ocr_carea' id='block_1_30' title="bbox 489 2828 2067 2900">
    <p class='ocr_par' dir='ltr' id='par_1_30' title="bbox 489 2828 2067 2900">
     <span class='ocr_line' id='line_1_30' title="bbox 489 2828 2067 2900; baseline 0.001 -18"><span class='ocrx_word' id='word_1_217' title='bbox 489 2829 638 2884; x_wconf 85' lang='lat' dir='ltr'><strong>tibus</strong></span> <span class='ocrx_word' id='word_1_218' title='bbox 665 2843 885 2899; x_wconf 89' lang='lat' dir='ltr'><strong>operam</strong></span> <span class='ocrx_word' id='word_1_219' title='bbox 922 2828 1084 2888; x_wconf 87' lang='lat' dir='ltr'><strong>dabo,</strong></span> <span class='ocrx_word' id='word_1_220' title='bbox 1131 2839 1190 2882; x_wconf 91' lang='lat' dir='ltr'><strong>ut</strong></span> <span class='ocrx_word' id='word_1_221' title='bbox 1224 2841 1488 2898; x_wconf 88' lang='lat' dir='ltr'><strong>quantum</strong></span> <span class='ocrx_word' id='word_1_222' title='bbox 1520 2829 1634 2882; x_wconf 81' lang='lat' dir='ltr'><strong>ﬁeri</strong></span> <span class='ocrx_word' id='word_1_223' title='bbox 1669 2830 1884 2898; x_wconf 89' lang='lat' dir='ltr'><strong>poterit,</strong></span> <span class='ocrx_word' id='word_1_224' title='bbox 1919 2845 2067 2900; x_wconf 70' lang='lat' dir='ltr'><strong>qna:-</strong></span> 
     </span>
    </p>
   </div>
   <div class='ocr_carea' id='block_1_31' title="bbox 491 2918 2065 2991">
    <p class='ocr_par' dir='ltr' id='par_1_31' title="bbox 491 2918 2065 2991">
     <span class='ocr_line' id='line_1_31' title="bbox 491 2918 2065 2991; baseline -0.001 -16"><span class='ocrx_word' id='word_1_225' title='bbox 491 2921 698 2975; x_wconf 87' lang='lat' dir='ltr'><strong>stiones</strong></span> <span class='ocrx_word' id='word_1_226' title='bbox 741 2919 840 2973; x_wconf 90' lang='lat' dir='ltr'><strong>has</strong></span> <span class='ocrx_word' id='word_1_227' title='bbox 883 2918 1119 2974; x_wconf 88' lang='lat' dir='ltr'><strong>breviter</strong></span> <span class='ocrx_word' id='word_1_228' title='bbox 1157 2921 1440 2990; x_wconf 77' lang='lat' dir='ltr'><strong>explicem.</strong></span> <span class='ocrx_word' id='word_1_229' title='bbox 1482 2919 1587 2974; x_wconf 87' lang='lat' dir='ltr'><strong>Sed</strong></span> <span class='ocrx_word' id='word_1_230' title='bbox 1633 2930 1921 2991; x_wconf 86' lang='lat' dir='ltr'><strong>antequam</strong></span> <span class='ocrx_word' id='word_1_231' title='bbox 1965 2937 2065 2976; x_wconf 84' lang='lat' dir='ltr'><strong>ex-</strong></span> 
     </span>
    </p>
   </div>
   <div class='ocr_carea' id='block_1_32' title="bbox 487 2999 2074 3078">
    <p class='ocr_par' dir='ltr' id='par_1_32' title="bbox 487 2999 2074 3078">
     <span class='ocr_line' id='line_1_32' title="bbox 487 2999 2074 3078; baseline 0.001 -11"><span class='ocrx_word' id='word_1_232' title='bbox 487 3011 696 3075; x_wconf 86' lang='lat' dir='ltr'><strong>ordiar,</strong></span> <span class='ocrx_word' id='word_1_233' title='bbox 743 3010 874 3065; x_wconf 92' lang='lat' dir='ltr'><strong>illud</strong></span> <span class='ocrx_word' id='word_1_234' title='bbox 908 3019 1159 3066; x_wconf 89' lang='lat' dir='ltr'><strong>testatum</strong></span> <span class='ocrx_word' id='word_1_235' title='bbox 1192 3014 1335 3078; x_wconf 85' lang='lat' dir='ltr'><strong>volo,</strong></span> <span class='ocrx_word' id='word_1_236' title='bbox 1367 3013 1499 3066; x_wconf 90' lang='lat' dir='ltr'><strong>mihi</strong></span> <span class='ocrx_word' id='word_1_237' title='bbox 1529 3021 1738 3067; x_wconf 91' lang='lat' dir='ltr'><strong>certum</strong></span> <span class='ocrx_word' id='word_1_238' title='bbox 1765 3029 1886 3068; x_wconf 88' lang='lat' dir='ltr'><strong>esse</strong></span> <span class='ocrx_word' id='word_1_239' title='bbox 1918 2999 2074 3068; x_wconf 43' lang='lat' dir='ltr'><strong>nulla‘</strong></span> 
     </span>
    </p>
   </div>
   <div class='ocr_carea' id='block_1_33' title="bbox 489 3102 2063 3173">
    <p class='ocr_par' dir='ltr' id='par_1_33' title="bbox 489 3102 2063 3173">
     <span class='ocr_line' id='line_1_33' title="bbox 489 3102 2063 3173; baseline 0.003 -17"><span class='ocrx_word' id='word_1_240' title='bbox 489 3102 548 3156; x_wconf 84' lang='lat' dir='ltr'><strong>in</strong></span> <span class='ocrx_word' id='word_1_241' title='bbox 577 3117 636 3157; x_wconf 90' lang='lat' dir='ltr'><strong>re</strong></span> <span class='ocrx_word' id='word_1_242' title='bbox 672 3103 1050 3157; x_wconf 88' lang='lat' dir='ltr'><strong>contradicere</strong></span> <span class='ocrx_word' id='word_1_243' title='bbox 1093 3103 1160 3157; x_wconf 90' lang='lat' dir='ltr'><strong>iis</strong></span> <span class='ocrx_word' id='word_1_244' title='bbox 1196 3119 1318 3173; x_wconf 63' lang='lat' dir='ltr'><strong>qua:</strong></span> <span class='ocrx_word' id='word_1_245' title='bbox 1351 3118 1382 3157; x_wconf 89' lang='lat' dir='ltr'><strong>a</strong></span> <span class='ocrx_word' id='word_1_246' title='bbox 1427 3102 1485 3157; x_wconf 92' lang='lat' dir='ltr'><strong>S.</strong></span> <span class='ocrx_word' id='word_1_247' title='bbox 1536 3103 1739 3159; x_wconf 85' lang='lat' dir='ltr'><strong>Basilio</strong></span> <span class='ocrx_word' id='word_1_248' title='bbox 1773 3105 1827 3159; x_wconf 92' lang='lat' dir='ltr'><strong>in</strong></span> <span class='ocrx_word' id='word_1_249' title='bbox 1875 3107 2063 3160; x_wconf 92' lang='lat' dir='ltr'><strong>mundi</strong></span> 
     </span>
    </p>
   </div>
   <div class='ocr_carea' id='block_1_34' title="bbox 2163 805 3740 886">
    <p class='ocr_par' dir='ltr' id='par_1_34' title="bbox 2163 805 3740 886">
     <span class='ocr_line' id='line_1_34' title="bbox 2163 805 3740 886; baseline -0.006 -19"><span class='ocrx_word' id='word_1_250' title='bbox 2163 815 2378 886; x_wconf 87' lang='grc' dir='ltr'>ρηγίαν,</span> <span class='ocrx_word' id='word_1_251' title='bbox 2410 813 2900 883; x_wconf 73' lang='grc' dir='ltr'>καὶδιαπηδήσεως</span> <span class='ocrx_word' id='word_1_252' title='bbox 2933 808 3208 882; x_wconf 71' lang='grc' dir='ltr'>ὄμϐρωνῆ</span> <span class='ocrx_word' id='word_1_253' title='bbox 3239 809 3432 878; x_wconf 87' lang='grc' dir='ltr'>χιόνων</span> <span class='ocrx_word' id='word_1_254' title='bbox 3459 805 3740 877; x_wconf 77' lang='grc' dir='ltr'>πηγάζου-</span> 
     </span>
    </p>
   </div>
   <div class='ocr_carea' id='block_1_35' title="bbox 2162 900 3740 977">
    <p class='ocr_par' dir='ltr' id='par_1_35' title="bbox 2162 900 3740 977">
     <span class='ocr_line' id='line_1_35' title="bbox 2162 900 3740 977; baseline -0.006 -18"><span class='ocrx_word' id='word_1_255' title='bbox 2162 923 2278 959; x_wconf 89' lang='grc' dir='ltr'>σιν·</span> <span class='ocrx_word' id='word_1_256' title='bbox 2314 907 2370 959; x_wconf 86' lang='grc' dir='ltr'>αἳ</span> <span class='ocrx_word' id='word_1_257' title='bbox 2403 906 2704 977; x_wconf 70' lang='grc' dir='ltr'><strong>χειμάρρου</strong></span> <span class='ocrx_word' id='word_1_258' title='bbox 2739 905 2938 976; x_wconf 85' lang='grc' dir='ltr'>τρόπον</span> <span class='ocrx_word' id='word_1_259' title='bbox 2977 906 3043 975; x_wconf 82' lang='grc' dir='ltr'><strong>τῇ</strong></span> <span class='ocrx_word' id='word_1_260' title='bbox 3090 901 3295 956; x_wconf 79' lang='grc' dir='ltr'>ἄνωθεν</span> <span class='ocrx_word' id='word_1_261' title='bbox 3337 900 3568 970; x_wconf 71' lang='grc' dir='ltr'>ἐπιρροῇ</span> <span class='ocrx_word' id='word_1_262' title='bbox 3613 913 3740 950; x_wconf 89' lang='grc' dir='ltr'>συν-</span> 
     </span>
    </p>
   </div>
   <div class='ocr_carea' id='block_1_36' title="bbox 2161 985 3742 1068">
    <p class='ocr_par' dir='ltr' id='par_1_36' title="bbox 2161 985 3742 1068">
     <span class='ocr_line' id='line_1_36' title="bbox 2161 985 3742 1068; baseline -0.006 -16"><span class='ocrx_word' id='word_1_263' title='bbox 2161 997 2494 1068; x_wconf 85' lang='grc' dir='ltr'>απολήγουσί</span> <span class='ocrx_word' id='word_1_264' title='bbox 2523 1015 2582 1050; x_wconf 90' lang='grc' dir='ltr'><strong>τε</strong></span> <span class='ocrx_word' id='word_1_265' title='bbox 2619 999 2711 1052; x_wconf 75' lang='grc' dir='ltr'>καὶ</span> <span class='ocrx_word' id='word_1_266' title='bbox 2742 997 3116 1062; x_wconf 83' lang='grc' dir='ltr'>συναύξονται.</span> <span class='ocrx_word' id='word_1_267' title='bbox 3157 994 3275 1063; x_wconf 81' lang='grc' dir='ltr'><strong>Ἐφ’</strong></span> <span class='ocrx_word' id='word_1_268' title='bbox 3311 985 3386 1047; x_wconf 80' lang='grc' dir='ltr'>ὧν</span> <span class='ocrx_word' id='word_1_269' title='bbox 3425 991 3482 1046; x_wconf 88' lang='grc' dir='ltr'><strong>δέ</strong></span> <span class='ocrx_word' id='word_1_270' title='bbox 3517 989 3742 1044; x_wconf 81' lang='grc' dir='ltr'>ἀένναον</span> 
     </span>
    </p>
   </div>
   <div class='ocr_carea' id='block_1_37' title="bbox 2163 1079 3740 1162">
    <p class='ocr_par' dir='ltr' id='par_1_37' title="bbox 2163 1079 3740 1162">
     <span class='ocr_line' id='line_1_37' title="bbox 2163 1079 3740 1162; baseline -0.004 -18"><span class='ocrx_word' id='word_1_271' title='bbox 2163 1093 2445 1162; x_wconf 88' lang='grc' dir='ltr'>προχεῖται</span> <span class='ocrx_word' id='word_1_272' title='bbox 2466 1079 2540 1143; x_wconf 82' lang='grc' dir='ltr'>τὸ</span> <span class='ocrx_word' id='word_1_273' title='bbox 2574 1091 2807 1162; x_wconf 81' lang='grc' dir='ltr'><strong>ῥεῖθρον,</strong></span> <span class='ocrx_word' id='word_1_274' title='bbox 2841 1090 3108 1162; x_wconf 83' lang='grc' dir='ltr'><strong>μηδεμιᾶς</strong></span> <span class='ocrx_word' id='word_1_275' title='bbox 3137 1085 3484 1148; x_wconf 76' lang='grc' dir='ltr'><strong>ἐλαττώσεως</strong></span> <span class='ocrx_word' id='word_1_276' title='bbox 3516 1082 3551 1154; x_wconf 79' lang='grc' dir='ltr'>ἢ</span> <span class='ocrx_word' id='word_1_277' title='bbox 3573 1082 3740 1154; x_wconf 76' lang='grc' dir='ltr'>αὐξή-</span> 
     </span>
    </p>
   </div>
   <div class='ocr_carea' id='block_1_38' title="bbox 2165 1171 3741 1254">
    <p class='ocr_par' dir='ltr' id='par_1_38' title="bbox 2165 1171 3741 1254">
     <span class='ocr_line' id='line_1_38' title="bbox 2165 1171 3741 1254; baseline -0.005 -18"><span class='ocrx_word' id='word_1_278' title='bbox 2165 1199 2303 1246; x_wconf 89' lang='grc' dir='ltr'>σεως</span> <span class='ocrx_word' id='word_1_279' title='bbox 2349 1183 2660 1254; x_wconf 79' lang='grc' dir='ltr'><strong>γενομένης,</strong></span> <span class='ocrx_word' id='word_1_280' title='bbox 2693 1181 3006 1250; x_wconf 79' lang='grc' dir='ltr'>ἀναγκαίως</span> <span class='ocrx_word' id='word_1_281' title='bbox 3036 1180 3097 1232; x_wconf 82' lang='grc' dir='ltr'>τὸ</span> <span class='ocrx_word' id='word_1_282' title='bbox 3150 1179 3316 1249; x_wconf 84' lang='grc' dir='ltr'>μηδὲν</span> <span class='ocrx_word' id='word_1_283' title='bbox 3353 1171 3741 1228; x_wconf 79' lang='grc' dir='ltr'>ἀναλίσκεσθαι</span> 
     </span>
    </p>
   </div>
   <div class='ocr_carea' id='block_1_39' title="bbox 2163 1266 3742 1347">
    <p class='ocr_par' dir='ltr' id='par_1_39' title="bbox 2163 1266 3742 1347">
     <span class='ocr_line' id='line_1_39' title="bbox 2163 1266 3742 1347; baseline -0.006 -18"><span class='ocrx_word' id='word_1_284' title='bbox 2163 1276 2262 1347; x_wconf 83' lang='grc' dir='ltr'>τῆς</span> <span class='ocrx_word' id='word_1_285' title='bbox 2302 1277 2474 1346; x_wconf 80' lang='grc' dir='ltr'>ὑγρᾶς</span> <span class='ocrx_word' id='word_1_286' title='bbox 2502 1275 2690 1338; x_wconf 80' lang='grc' dir='ltr'>οὐσίας</span> <span class='ocrx_word' id='word_1_287' title='bbox 2721 1273 3085 1345; x_wconf 85' lang='grc' dir='ltr'>ὁμολογεῖται.</span> <span class='ocrx_word' id='word_1_288' title='bbox 3133 1271 3208 1325; x_wconf 79' lang='grc' dir='ltr'><strong>Οὐ</strong></span> <span class='ocrx_word' id='word_1_289' title='bbox 3239 1269 3349 1340; x_wconf 84' lang='grc' dir='ltr'><strong>γὰρ</strong></span> <span class='ocrx_word' id='word_1_290' title='bbox 3377 1267 3654 1337; x_wconf 86' lang='grc' dir='ltr'>ἐνδέχεται</span> <span class='ocrx_word' id='word_1_291' title='bbox 3677 1266 3742 1320; x_wconf 79' lang='grc' dir='ltr'>τὸ</span> 
     </span>
    </p>
   </div>
   <div class='ocr_carea' id='block_1_40' title="bbox 2162 1358 3742 1436">
    <p class='ocr_par' dir='ltr' id='par_1_40' title="bbox 2162 1358 3742 1436">
     <span class='ocr_line' id='line_1_40' title="bbox 2162 1358 3742 1436; baseline -0.005 -17"><span class='ocrx_word' id='word_1_292' title='bbox 2162 1363 2548 1436; x_wconf 83' lang='grc' dir='ltr'>δαπανώμενον</span> <span class='ocrx_word' id='word_1_293' title='bbox 2590 1365 2649 1418; x_wconf 90' lang='grc' dir='ltr'><strong>ἐν</strong></span> <span class='ocrx_word' id='word_1_294' title='bbox 2696 1364 2774 1434; x_wconf 81' lang='grc' dir='ltr'>τῷ</span> <span class='ocrx_word' id='word_1_295' title='bbox 2807 1363 2906 1434; x_wconf 79' lang='grc' dir='ltr'><strong>ἴσῳ</strong></span> <span class='ocrx_word' id='word_1_296' title='bbox 2955 1362 3138 1433; x_wconf 85' lang='grc' dir='ltr'>μέτρῳ</span> <span class='ocrx_word' id='word_1_297' title='bbox 3214 1360 3350 1431; x_wconf 82' lang='grc' dir='ltr'>πρὸς</span> <span class='ocrx_word' id='word_1_298' title='bbox 3382 1359 3445 1413; x_wconf 82' lang='grc' dir='ltr'>τὸ</span> <span class='ocrx_word' id='word_1_299' title='bbox 3498 1358 3742 1428; x_wconf 81' lang='grc' dir='ltr'>διηνεκὲς</span> 
     </span>
    </p>
   </div>
   <div class='ocr_carea' id='block_1_41' title="bbox 2163 1449 3741 1526">
    <p class='ocr_par' dir='ltr' id='par_1_41' title="bbox 2163 1449 3741 1526">
     <span class='ocr_line' id='line_1_41' title="bbox 2163 1449 3741 1526; baseline -0.004 -18"><span class='ocrx_word' id='word_1_300' title='bbox 2163 1456 2464 1526; x_wconf 85' lang='grc' dir='ltr'>διαμένειν·</span> <span class='ocrx_word' id='word_1_301' title='bbox 2503 1455 2617 1508; x_wconf 86' lang='grc' dir='ltr'>ἀλλ’</span> <span class='ocrx_word' id='word_1_302' title='bbox 2646 1455 2766 1508; x_wconf 83' lang='grc' dir='ltr'>οὐδὲ</span> <span class='ocrx_word' id='word_1_303' title='bbox 2803 1453 2864 1507; x_wconf 78' lang='grc' dir='ltr'>τὸ</span> <span class='ocrx_word' id='word_1_304' title='bbox 2897 1452 3028 1526; x_wconf 82' lang='grc' dir='ltr'>πῦρ,</span> <span class='ocrx_word' id='word_1_305' title='bbox 3058 1453 3216 1524; x_wconf 80' lang='grc' dir='ltr'>εἴπερ</span> <span class='ocrx_word' id='word_1_306' title='bbox 3245 1451 3324 1522; x_wconf 80' lang='grc' dir='ltr'>τῷ</span> <span class='ocrx_word' id='word_1_307' title='bbox 3350 1450 3465 1504; x_wconf 79' lang='grc' dir='ltr'>ὄντι</span> <span class='ocrx_word' id='word_1_308' title='bbox 3493 1449 3741 1521; x_wconf 82' lang='grc' dir='ltr'>δαπανη-</span> 
     </span>
    </p>
   </div>
   <div class='ocr_carea' id='block_1_42' title="bbox 2165 1541 3739 1618">
    <p class='ocr_par' dir='ltr' id='par_1_42' title="bbox 2165 1541 3739 1618">
     <span class='ocr_line' id='line_1_42' title="bbox 2165 1541 3739 1618; baseline -0.004 -18"><span class='ocrx_word' id='word_1_309' title='bbox 2165 1546 2313 1600; x_wconf 81' lang='grc' dir='ltr'>τικὸν</span> <span class='ocrx_word' id='word_1_310' title='bbox 2342 1547 2435 1600; x_wconf 83' lang='grc' dir='ltr'><strong>τοῦ</strong></span> <span class='ocrx_word' id='word_1_311' title='bbox 2469 1546 2656 1610; x_wconf 79' lang='grc' dir='ltr'>ὓδατος</span> <span class='ocrx_word' id='word_1_312' title='bbox 2683 1542 2771 1618; x_wconf 82' lang='grc' dir='ltr'>ἦν,</span> <span class='ocrx_word' id='word_1_313' title='bbox 2805 1545 2995 1616; x_wconf 78' lang='grc' dir='ltr'>ἔμενεν</span> <span class='ocrx_word' id='word_1_314' title='bbox 3025 1544 3090 1598; x_wconf 84' lang='grc' dir='ltr'>ἂν</span> <span class='ocrx_word' id='word_1_315' title='bbox 3119 1544 3212 1597; x_wconf 73' lang='grc' dir='ltr'>ἐπὶ</span> <span class='ocrx_word' id='word_1_316' title='bbox 3245 1542 3338 1597; x_wconf 80' lang='grc' dir='ltr'>τοῦ</span> <span class='ocrx_word' id='word_1_317' title='bbox 3369 1543 3498 1596; x_wconf 78' lang='grc' dir='ltr'>ἰδίου</span> <span class='ocrx_word' id='word_1_318' title='bbox 3539 1541 3739 1614; x_wconf 81' lang='grc' dir='ltr'>μέτρου</span> 
     </span>
    </p>
   </div>
   <div class='ocr_carea' id='block_1_43' title="bbox 2166 1633 3739 1709">
    <p class='ocr_par' dir='ltr' id='par_1_43' title="bbox 2166 1633 3739 1709">
     <span class='ocr_line' id='line_1_43' title="bbox 2166 1633 3739 1709; baseline -0.005 -16"><span class='ocrx_word' id='word_1_319' title='bbox 2166 1638 2397 1704; x_wconf 78' lang='grc' dir='ltr'>άναυξὲς</span> <span class='ocrx_word' id='word_1_320' title='bbox 2441 1657 2501 1692; x_wconf 92' lang='grc' dir='ltr'><strong>τε</strong></span> <span class='ocrx_word' id='word_1_321' title='bbox 2547 1639 2640 1692; x_wconf 64' lang='grc' dir='ltr'><strong>κα)⁸</strong></span> <span class='ocrx_word' id='word_1_322' title='bbox 2688 1639 2938 1709; x_wconf 82' lang='grc' dir='ltr'>ἄτροφον.</span> <span class='ocrx_word' id='word_1_323' title='bbox 2975 1638 3050 1691; x_wconf 85' lang='grc' dir='ltr'><strong>Οὐ</strong></span> <span class='ocrx_word' id='word_1_324' title='bbox 3099 1636 3212 1707; x_wconf 84' lang='grc' dir='ltr'><strong>γάρ</strong></span> <span class='ocrx_word' id='word_1_325' title='bbox 3263 1636 3378 1688; x_wconf 89' lang='grc' dir='ltr'>ἐστι</span> <span class='ocrx_word' id='word_1_326' title='bbox 3423 1633 3739 1705; x_wconf 77' lang='grc' dir='ltr'>δυνατὺντῇ</span> 
     </span>
    </p>
   </div>
   <div class='ocr_carea' id='block_1_44' title="bbox 2167 1725 3738 1804">
    <p class='ocr_par' dir='ltr' id='par_1_44' title="bbox 2167 1725 3738 1804">
     <span class='ocr_line' id='line_1_44' title="bbox 2167 1725 3738 1804; baseline -0.006 -16"><span class='ocrx_word' id='word_1_327' title='bbox 2167 1734 2526 1803; x_wconf 84' lang='grc' dir='ltr'>δαπανωμένῃ</span> <span class='ocrx_word' id='word_1_328' title='bbox 2581 1732 2682 1804; x_wconf 78' lang='grc' dir='ltr'><strong>ὕλῃ</strong></span> <span class='ocrx_word' id='word_1_329' title='bbox 2713 1730 2806 1784; x_wconf 78' lang='grc' dir='ltr'><strong>τοῦ</strong></span> <span class='ocrx_word' id='word_1_330' title='bbox 2839 1731 3009 1802; x_wconf 82' lang='grc' dir='ltr'>πυρὸς</span> <span class='ocrx_word' id='word_1_331' title='bbox 3058 1732 3132 1801; x_wconf 83' lang='grc' dir='ltr'>μὴ</span> <span class='ocrx_word' id='word_1_332' title='bbox 3169 1727 3527 1794; x_wconf 81' lang='grc' dir='ltr'>συναύξεσθαι</span> <span class='ocrx_word' id='word_1_333' title='bbox 3554 1725 3738 1796; x_wconf 88' lang='grc' dir='ltr'>φύσιν.</span> 
     </span>
    </p>
   </div>
   <div class='ocr_carea' id='block_1_45' title="bbox 2241 1815 3741 1888">
    <p class='ocr_par' dir='ltr' id='par_1_45' title="bbox 2241 1815 3741 1888">
     <span class='ocr_line' id='line_1_45' title="bbox 2241 1815 3741 1888; baseline -0.005 -13"><span class='ocrx_word' id='word_1_334' title='bbox 2241 1821 2302 1875; x_wconf 83' lang='grc' dir='ltr'>Εἰ</span> <span class='ocrx_word' id='word_1_335' title='bbox 2328 1817 2419 1875; x_wconf 75' lang='grc' dir='ltr'>οὖν</span> <span class='ocrx_word' id='word_1_336' title='bbox 2448 1822 2621 1876; x_wconf 81' lang='grc' dir='ltr'>ταῦτα</span> <span class='ocrx_word' id='word_1_337' title='bbox 2651 1822 2714 1874; x_wconf 80' lang='grc' dir='ltr'>σὺ</span> <span class='ocrx_word' id='word_1_338' title='bbox 2739 1815 2832 1874; x_wconf 73' lang='grc' dir='ltr'>καὶ</span> <span class='ocrx_word' id='word_1_339' title='bbox 2855 1820 2924 1873; x_wconf 80' lang='grc' dir='ltr'>τὰ</span> <span class='ocrx_word' id='word_1_340' title='bbox 2944 1818 3169 1874; x_wconf 78' lang='grc' dir='ltr'>τοιαῦτα</span> <span class='ocrx_word' id='word_1_341' title='bbox 3197 1815 3682 1888; x_wconf 85' lang='grc' dir='ltr'>πολυπραγμονῶν,</span> <span class='ocrx_word' id='word_1_342' title='bbox 3709 1816 3741 1868; x_wconf 78' lang='grc' dir='ltr'><strong><em>ὁ</em></strong></span> 
     </span>
    </p>
   </div>
   <div class='ocr_carea' id='block_1_46' title="bbox 2167 1906 3740 1984">
    <p class='ocr_par' dir='ltr' id='par_1_46' title="bbox 2167 1906 3740 1984">
     <span class='ocr_line' id='line_1_46' title="bbox 2167 1906 3740 1984; baseline -0.004 -19"><span class='ocrx_word' id='word_1_343' title='bbox 2167 1916 2299 1967; x_wconf 82' lang='grc' dir='ltr'>πᾶσι</span> <span class='ocrx_word' id='word_1_344' title='bbox 2345 1918 2456 1977; x_wconf 87' lang='grc' dir='ltr'>τοῖς</span> <span class='ocrx_word' id='word_1_345' title='bbox 2508 1914 2731 1984; x_wconf 67' lang='grc' dir='ltr'>ὑψηλοῖς</span> <span class='ocrx_word' id='word_1_346' title='bbox 2777 1911 3255 1981; x_wconf 77' lang='grc' dir='ltr'>ἐπεκτεινόμενος,</span> <span class='ocrx_word' id='word_1_347' title='bbox 3307 1911 3402 1963; x_wconf 81' lang='grc' dir='ltr'>καὶ</span> <span class='ocrx_word' id='word_1_348' title='bbox 3445 1908 3514 1962; x_wconf 77' lang='grc' dir='ltr'><strong>τὰ</strong></span> <span class='ocrx_word' id='word_1_349' title='bbox 3565 1908 3623 1961; x_wconf 87' lang='grc' dir='ltr'><strong>ἐν</strong></span> <span class='ocrx_word' id='word_1_350' title='bbox 3659 1906 3740 1977; x_wconf 85' lang='grc' dir='ltr'><strong>τῷ</strong></span> 
     </span>
    </p>
   </div>
   <div class='ocr_carea' id='block_1_47' title="bbox 2168 1999 3736 2075">
    <p class='ocr_par' dir='ltr' id='par_1_47' title="bbox 2168 1999 3736 2075">
     <span class='ocr_line' id='line_1_47' title="bbox 2168 1999 3736 2075; baseline -0.003 -19"><span class='ocrx_word' id='word_1_351' title='bbox 2168 2005 2313 2075; x_wconf 81' lang='grc' dir='ltr'>ζόφῳ</span> <span class='ocrx_word' id='word_1_352' title='bbox 2344 2007 2443 2075; x_wconf 84' lang='grc' dir='ltr'>τῆς</span> <span class='ocrx_word' id='word_1_353' title='bbox 2479 2004 2572 2058; x_wconf 82' lang='grc' dir='ltr'><strong>τοῦ</strong></span> <span class='ocrx_word' id='word_1_354' title='bbox 2604 2004 2880 2067; x_wconf 84' lang='grc' dir='ltr'>Μωῦσέως</span> <span class='ocrx_word' id='word_1_355' title='bbox 2909 2001 3173 2065; x_wconf 80' lang='grc' dir='ltr'>ὀπτασίας</span> <span class='ocrx_word' id='word_1_356' title='bbox 3205 2001 3456 2072; x_wconf 85' lang='grc' dir='ltr'>κείμενα,</span> <span class='ocrx_word' id='word_1_357' title='bbox 3491 1999 3651 2062; x_wconf 83' lang='grc' dir='ltr'>αὐτός</span> <span class='ocrx_word' id='word_1_358' title='bbox 3679 2016 3736 2052; x_wconf 81' lang='grc' dir='ltr'><strong>τε</strong></span> 
     </span>
    </p>
   </div>
   <div class='ocr_carea' id='block_1_48' title="bbox 2169 2090 3740 2170">
    <p class='ocr_par' dir='ltr' id='par_1_48' title="bbox 2169 2090 3740 2170">
     <span class='ocr_line' id='line_1_48' title="bbox 2169 2090 3740 2170; baseline -0.003 -19"><span class='ocrx_word' id='word_1_359' title='bbox 2169 2099 2294 2152; x_wconf 85' lang='grc' dir='ltr'>ίδεῖν</span> <span class='ocrx_word' id='word_1_360' title='bbox 2328 2102 2394 2170; x_wconf 81' lang='grc' dir='ltr'><strong>τῇ</strong></span> <span class='ocrx_word' id='word_1_361' title='bbox 2430 2099 2683 2169; x_wconf 82' lang='grc' dir='ltr'>φρονήσει</span> <span class='ocrx_word' id='word_1_362' title='bbox 2719 2113 2832 2161; x_wconf 90' lang='grc' dir='ltr'>σου,</span> <span class='ocrx_word' id='word_1_363' title='bbox 2871 2095 2946 2167; x_wconf 82' lang='grc' dir='ltr'>μὴ</span> <span class='ocrx_word' id='word_1_364' title='bbox 2987 2095 3121 2167; x_wconf 79' lang='grc' dir='ltr'>πρὸς</span> <span class='ocrx_word' id='word_1_365' title='bbox 3158 2093 3312 2146; x_wconf 81' lang='grc' dir='ltr'>ἄλλον</span> <span class='ocrx_word' id='word_1_366' title='bbox 3343 2092 3578 2163; x_wconf 83' lang='grc' dir='ltr'>βλέπειν,</span> <span class='ocrx_word' id='word_1_367' title='bbox 3603 2090 3740 2146; x_wconf 78' lang='grc' dir='ltr'>ἀλλὰ</span> 
     </span>
    </p>
   </div>
   <div class='ocr_carea' id='block_1_49' title="bbox 2167 2187 3738 2264">
    <p class='ocr_par' dir='ltr' id='par_1_49' title="bbox 2167 2187 3738 2264">
     <span class='ocr_line' id='line_1_49' title="bbox 2167 2187 3738 2264; baseline -0.003 -20"><span class='ocrx_word' id='word_1_368' title='bbox 2167 2193 2302 2264; x_wconf 81' lang='grc' dir='ltr'>πρὸς</span> <span class='ocrx_word' id='word_1_369' title='bbox 2326 2193 2424 2263; x_wconf 80' lang='grc' dir='ltr'>τὴν</span> <span class='ocrx_word' id='word_1_370' title='bbox 2453 2193 2510 2245; x_wconf 89' lang='grc' dir='ltr'><strong>ἐν</strong></span> <span class='ocrx_word' id='word_1_371' title='bbox 2545 2192 2627 2244; x_wconf 77' lang='lat' dir='ltr'><strong>col.</strong></span> <span class='ocrx_word' id='word_1_372' title='bbox 2657 2191 2835 2262; x_wconf 88' lang='grc' dir='ltr'>χάριν,</span> <span class='ocrx_word' id='word_1_373' title='bbox 2876 2190 2969 2243; x_wconf 68' lang='grc' dir='ltr'>καὶ</span> <span class='ocrx_word' id='word_1_374' title='bbox 2997 2188 3072 2259; x_wconf 83' lang='grc' dir='ltr'><strong>τῷ</strong></span> <span class='ocrx_word' id='word_1_375' title='bbox 3107 2187 3372 2258; x_wconf 87' lang='grc' dir='ltr'>πνεύματι</span> <span class='ocrx_word' id='word_1_376' title='bbox 3409 2187 3506 2258; x_wconf 83' lang='grc' dir='ltr'><strong>τῆς</strong></span> <span class='ocrx_word' id='word_1_377' title='bbox 3530 2187 3738 2240; x_wconf 85' lang='grc' dir='ltr'>ἀποκα-</span> 
     </span>
    </p>
   </div>
   <div class='ocr_carea' id='block_1_50' title="bbox 2165 2277 3738 2353">
    <p class='ocr_par' dir='ltr' id='par_1_50' title="bbox 2165 2277 3738 2353">
     <span class='ocr_line' id='line_1_50' title="bbox 2165 2277 3738 2353; baseline -0.002 -18"><span class='ocrx_word' id='word_1_378' title='bbox 2165 2283 2377 2353; x_wconf 77' lang='grc' dir='ltr'>λύψεως</span> <span class='ocrx_word' id='word_1_379' title='bbox 2407 2283 2484 2352; x_wconf 82' lang='grc' dir='ltr'>τῷ</span> <span class='ocrx_word' id='word_1_380' title='bbox 2508 2282 2596 2335; x_wconf 83' lang='grc' dir='ltr'>διὰ</span> <span class='ocrx_word' id='word_1_381' title='bbox 2623 2281 2732 2334; x_wconf 85' lang='grc' dir='ltr'><strong>τῶν</strong></span> <span class='ocrx_word' id='word_1_382' title='bbox 2767 2280 3082 2351; x_wconf 85' lang='grc' dir='ltr'>προσευχῶν</span> <span class='ocrx_word' id='word_1_383' title='bbox 3111 2296 3192 2333; x_wconf 89' lang='grc' dir='ltr'><strong>σοι</strong></span> <span class='ocrx_word' id='word_1_384' title='bbox 3232 2279 3638 2351; x_wconf 84' lang='grc' dir='ltr'>φανερουμένῳ,</span> <span class='ocrx_word' id='word_1_385' title='bbox 3668 2277 3738 2332; x_wconf 73' lang='grc' dir='ltr'>τὰ</span> 
     </span>
    </p>
   </div>
   <div class='ocr_carea' id='block_1_51' title="bbox 2167 2369 3736 2444">
    <p class='ocr_par' dir='ltr' id='par_1_51' title="bbox 2167 2369 3736 2444">
     <span class='ocr_line' id='line_1_51' title="bbox 2167 2369 3736 2444; baseline -0.002 -18"><span class='ocrx_word' id='word_1_386' title='bbox 2167 2375 2285 2426; x_wconf 91' lang='grc' dir='ltr'>θεῖα</span> <span class='ocrx_word' id='word_1_387' title='bbox 2335 2373 2469 2444; x_wconf 83' lang='grc' dir='ltr'><strong>βάθη</strong></span> <span class='ocrx_word' id='word_1_388' title='bbox 2525 2372 2919 2442; x_wconf 85' lang='grc' dir='ltr'>διερευνᾶσθαι.</span> <span class='ocrx_word' id='word_1_389' title='bbox 2979 2370 3134 2424; x_wconf 72' lang='grc' dir='ltr'>Ἐπεὶ</span> <span class='ocrx_word' id='word_1_390' title='bbox 3186 2371 3244 2424; x_wconf 84' lang='grc' dir='ltr'>δὲ</span> <span class='ocrx_word' id='word_1_391' title='bbox 3299 2371 3404 2443; x_wconf 77' lang='grc' dir='ltr'>χρὴ</span> <span class='ocrx_word' id='word_1_392' title='bbox 3456 2370 3596 2424; x_wconf 81' lang='grc' dir='ltr'>κατὰ.</span> <span class='ocrx_word' id='word_1_393' title='bbox 3645 2369 3736 2424; x_wconf 83' lang='grc' dir='ltr'>τὸν</span> 
     </span>
    </p>
   </div>
   <div class='ocr_carea' id='block_1_52' title="bbox 2165 2467 3733 2540">
    <p class='ocr_par' dir='ltr' id='par_1_52' title="bbox 2165 2467 3733 2540">
     <span class='ocr_line' id='line_1_52' title="bbox 2165 2467 3733 2540; baseline 0.006 -19"><span class='ocrx_word' id='word_1_394' title='bbox 2165 2470 2516 2523; x_wconf 82' lang='grc' dir='ltr'>ἀποστολικδν</span> <span class='ocrx_word' id='word_1_395' title='bbox 2548 2471 2708 2540; x_wconf 90' lang='grc' dir='ltr'>νόμον</span> <span class='ocrx_word' id='word_1_396' title='bbox 2737 2468 2906 2522; x_wconf 78' lang='grc' dir='ltr'>εἴκειν</span> <span class='ocrx_word' id='word_1_397' title='bbox 2934 2468 3181 2540; x_wconf 86' lang='grc' dir='ltr'>ἀλλήλοις</span> <span class='ocrx_word' id='word_1_398' title='bbox 3211 2468 3279 2522; x_wconf 86' lang='grc' dir='ltr'><strong>δι’</strong></span> <span class='ocrx_word' id='word_1_399' title='bbox 3304 2468 3524 2537; x_wconf 80' lang='grc' dir='ltr'>ἀγάπης</span> <span class='ocrx_word' id='word_1_400' title='bbox 3554 2467 3699 2537; x_wconf 78' lang='grc' dir='ltr'>ἡμᾶς</span> <span class='ocrx_word' id='word_1_401' title='bbox 3718 2485 3733 2500; x_wconf 81' lang='grc'><strong><em>⁸</em></strong></span> 
     </span>
    </p>
   </div>
   <div class='ocr_carea' id='block_1_53' title="bbox 2167 2558 3736 2631">
    <p class='ocr_par' dir='ltr' id='par_1_53' title="bbox 2167 2558 3736 2631">
     <span class='ocr_line' id='line_1_53' title="bbox 2167 2558 3736 2631; baseline -0.001 -18"><span class='ocrx_word' id='word_1_402' title='bbox 2167 2560 2296 2613; x_wconf 84' lang='grc' dir='ltr'>ῐδιον</span> <span class='ocrx_word' id='word_1_403' title='bbox 2327 2560 2384 2612; x_wconf 83' lang='grc' dir='ltr'>δὲ</span> <span class='ocrx_word' id='word_1_404' title='bbox 2433 2561 2529 2630; x_wconf 80' lang='grc' dir='ltr'>τῆς</span> <span class='ocrx_word' id='word_1_405' title='bbox 2559 2559 2849 2630; x_wconf 84' lang='grc' dir='ltr'>ἐπαινετῆς</span> <span class='ocrx_word' id='word_1_406' title='bbox 2891 2559 3133 2622; x_wconf 89' lang='grc' dir='ltr'>δουλείας</span> <span class='ocrx_word' id='word_1_407' title='bbox 3176 2559 3312 2623; x_wconf 70' lang='grc' dir='ltr'>ἐστὶ,</span> <span class='ocrx_word' id='word_1_408' title='bbox 3350 2559 3411 2612; x_wconf 79' lang='grc' dir='ltr'>τὸ</span> <span class='ocrx_word' id='word_1_409' title='bbox 3455 2560 3534 2622; x_wconf 87' lang='grc' dir='ltr'><strong>είς</strong></span> <span class='ocrx_word' id='word_1_410' title='bbox 3577 2558 3736 2631; x_wconf 74' lang='grc' dir='ltr'>ἔργον</span> 
     </span>
    </p>
   </div>
   <div class='ocr_carea' id='block_1_54' title="bbox 2166 2648 3737 2722">
    <p class='ocr_par' dir='ltr' id='par_1_54' title="bbox 2166 2648 3737 2722">
     <span class='ocr_line' id='line_1_54' title="bbox 2166 2648 3737 2722; baseline -0.001 -19"><span class='ocrx_word' id='word_1_411' title='bbox 2166 2651 2392 2719; x_wconf 88' lang='grc' dir='ltr'>ἀγαγεῖν</span> <span class='ocrx_word' id='word_1_412' title='bbox 2423 2654 2489 2704; x_wconf 82' lang='grc' dir='ltr'>τὰ</span> <span class='ocrx_word' id='word_1_413' title='bbox 2517 2651 2881 2720; x_wconf 83' lang='grc' dir='ltr'>ἐπιτάγματα,</span> <span class='ocrx_word' id='word_1_414' title='bbox 2919 2649 3008 2703; x_wconf 84' lang='grc' dir='ltr'>διὰ</span> <span class='ocrx_word' id='word_1_415' title='bbox 3038 2649 3283 2722; x_wconf 86' lang='grc' dir='ltr'>βραχέων</span> <span class='ocrx_word' id='word_1_416' title='bbox 3315 2650 3391 2713; x_wconf 85' lang='grc' dir='ltr'><strong>ὡς</strong></span> <span class='ocrx_word' id='word_1_417' title='bbox 3429 2649 3544 2703; x_wconf 82' lang='grc' dir='ltr'>ἐστι</span> <span class='ocrx_word' id='word_1_418' title='bbox 3580 2648 3737 2702; x_wconf 86' lang='grc' dir='ltr'>δυνα-</span> 
     </span>
    </p>
   </div>
   <div class='ocr_carea' id='block_1_55' title="bbox 2165 2739 3735 2815">
    <p class='ocr_par' dir='ltr' id='par_1_55' title="bbox 2165 2739 3735 2815">
     <span class='ocr_line' id='line_1_55' title="bbox 2165 2739 3735 2815; baseline -0.001 -19"><span class='ocrx_word' id='word_1_419' title='bbox 2165 2745 2276 2810; x_wconf 83' lang='grc' dir='ltr'>τὸν,</span> <span class='ocrx_word' id='word_1_420' title='bbox 2317 2744 2416 2815; x_wconf 81' lang='grc' dir='ltr'>τὴν</span> <span class='ocrx_word' id='word_1_421' title='bbox 2447 2744 2572 2814; x_wconf 77' lang='grc' dir='ltr'>περὶ</span> <span class='ocrx_word' id='word_1_422' title='bbox 2599 2743 2802 2796; x_wconf 85' lang='grc' dir='ltr'>τούτων</span> <span class='ocrx_word' id='word_1_423' title='bbox 2845 2741 3111 2813; x_wconf 77' lang='grc' dir='ltr'>ὑπόληψιν</span> <span class='ocrx_word' id='word_1_424' title='bbox 3145 2739 3446 2810; x_wconf 78' lang='grc' dir='ltr'>ἐκκαλύψαι</span> <span class='ocrx_word' id='word_1_425' title='bbox 3478 2740 3735 2812; x_wconf 82' lang='grc' dir='ltr'>πειράσο-</span> 
     </span>
    </p>
   </div>
   <div class='ocr_carea' id='block_1_56' title="bbox 2169 2829 3738 2908">
    <p class='ocr_par' dir='ltr' id='par_1_56' title="bbox 2169 2829 3738 2908">
     <span class='ocr_line' id='line_1_56' title="bbox 2169 2829 3738 2908; baseline -0.003 -20"><span class='ocrx_word' id='word_1_426' title='bbox 2169 2853 2285 2908; x_wconf 90' lang='grc' dir='ltr'>μαι,</span> <span class='ocrx_word' id='word_1_427' title='bbox 2312 2838 2377 2906; x_wconf 79' lang='grc' dir='ltr'>τῇ</span> <span class='ocrx_word' id='word_1_428' title='bbox 2407 2839 2477 2906; x_wconf 82' lang='grc' dir='ltr'><strong>σῇ</strong></span> <span class='ocrx_word' id='word_1_429' title='bbox 2508 2837 2781 2905; x_wconf 83' lang='grc' dir='ltr'>προσευχῇ</span> <span class='ocrx_word' id='word_1_430' title='bbox 2809 2833 3082 2904; x_wconf 83' lang='grc' dir='ltr'>συμμάχῳ</span> <span class='ocrx_word' id='word_1_431' title='bbox 3138 2832 3274 2903; x_wconf 82' lang='grc' dir='ltr'>πρὸς</span> <span class='ocrx_word' id='word_1_432' title='bbox 3299 2831 3389 2885; x_wconf 85' lang='grc' dir='ltr'>τὸν</span> <span class='ocrx_word' id='word_1_433' title='bbox 3413 2829 3568 2900; x_wconf 88' lang='grc' dir='ltr'>λόγον</span> <span class='ocrx_word' id='word_1_434' title='bbox 3595 2829 3738 2902; x_wconf 81' lang='grc' dir='ltr'>χρώ-</span> 
     </span>
    </p>
   </div>
   <div class='ocr_carea' id='block_1_57' title="bbox 2170 2922 3737 2997">
    <p class='ocr_par' dir='ltr' id='par_1_57' title="bbox 2170 2922 3737 2997">
     <span class='ocr_line' id='line_1_57' title="bbox 2170 2922 3737 2997; baseline -0.004 -17"><span class='ocrx_word' id='word_1_435' title='bbox 2170 2945 2348 2997; x_wconf 87' lang='grc' dir='ltr'>μενος.</span> <span class='ocrx_word' id='word_1_436' title='bbox 2382 2926 2548 2979; x_wconf 83' lang='grc' dir='ltr'>Τοῦτο</span> <span class='ocrx_word' id='word_1_437' title='bbox 2573 2926 2630 2979; x_wconf 90' lang='grc' dir='ltr'><strong>δέ</strong></span> <span class='ocrx_word' id='word_1_438' title='bbox 2667 2943 2756 2996; x_wconf 91' lang='grc' dir='ltr'><strong>μοι</strong></span> <span class='ocrx_word' id='word_1_439' title='bbox 2781 2924 2885 2994; x_wconf 79' lang='grc' dir='ltr'>πρὸ</span> <span class='ocrx_word' id='word_1_440' title='bbox 2913 2926 3013 2994; x_wconf 84' lang='grc' dir='ltr'>τῆς</span> <span class='ocrx_word' id='word_1_441' title='bbox 3041 2924 3404 2995; x_wconf 78' lang='grc' dir='ltr'>ἐγχειρήσεως</span> <span class='ocrx_word' id='word_1_442' title='bbox 3431 2922 3737 2993; x_wconf 86' lang='grc' dir='ltr'>διαμεμαρ-</span> 
     </span>
    </p>
   </div>
   <div class='ocr_carea' id='block_1_58' title="bbox 2165 3010 3735 3088">
    <p class='ocr_par' dir='ltr' id='par_1_58' title="bbox 2165 3010 3735 3088">
     <span class='ocr_line' id='line_1_58' title="bbox 2165 3010 3735 3088; baseline -0.003 -20"><span class='ocrx_word' id='word_1_443' title='bbox 2165 3016 2432 3088; x_wconf 86' lang='grc' dir='ltr'>τυρήσθω,</span> <span class='ocrx_word' id='word_1_444' title='bbox 2481 3015 2540 3069; x_wconf 83' lang='grc' dir='ltr'>τὸ</span> <span class='ocrx_word' id='word_1_445' title='bbox 2588 3014 2754 3086; x_wconf 85' lang='grc' dir='ltr'>μηδὲν</span> <span class='ocrx_word' id='word_1_446' title='bbox 2792 3016 2942 3085; x_wconf 79' lang='grc' dir='ltr'>ἡμᾶς</span> <span class='ocrx_word' id='word_1_447' title='bbox 2991 3011 3455 3083; x_wconf 78' lang='grc' dir='ltr'>ἀντιδογματίζειν</span> <span class='ocrx_word' id='word_1_448' title='bbox 3484 3010 3560 3081; x_wconf 83' lang='grc' dir='ltr'>τῷ</span> <span class='ocrx_word' id='word_1_449' title='bbox 3594 3011 3735 3082; x_wconf 84' lang='grc' dir='ltr'>ἁγίῳ</span> 
     </span>
    </p>
   </div>
   <div class='ocr_carea' id='block_1_59' title="bbox 2166 3101 3736 3177">
    <p class='ocr_par' dir='ltr' id='par_1_59' title="bbox 2166 3101 3736 3177">
     <span class='ocr_line' id='line_1_59' title="bbox 2166 3101 3736 3177; baseline -0.003 -18"><span class='ocrx_word' id='word_1_450' title='bbox 2166 3105 2448 3175; x_wconf 86' lang='grc' dir='ltr'>Βασιλείῳ,</span> <span class='ocrx_word' id='word_1_451' title='bbox 2481 3106 2610 3177; x_wconf 80' lang='grc' dir='ltr'>περὶ</span> <span class='ocrx_word' id='word_1_452' title='bbox 2639 3104 2747 3158; x_wconf 82' lang='grc' dir='ltr'><strong>τῶν</strong></span> <span class='ocrx_word' id='word_1_453' title='bbox 2777 3104 2919 3159; x_wconf 80' lang='grc' dir='ltr'>κατὰ</span> <span class='ocrx_word' id='word_1_454' title='bbox 2945 3103 3044 3174; x_wconf 74' lang='grc' dir='ltr'>τὴν</span> <span class='ocrx_word' id='word_1_455' title='bbox 3070 3102 3427 3174; x_wconf 88' lang='grc' dir='ltr'>κοσμογονίαν</span> <span class='ocrx_word' id='word_1_456' title='bbox 3459 3101 3608 3172; x_wconf 85' lang='grc' dir='ltr'><strong>αύτῷ</strong></span> <span class='ocrx_word' id='word_1_457' title='bbox 3641 3119 3736 3171; x_wconf 87' lang='grc' dir='ltr'>φι-</span> 
     </span>
    </p>
   </div>
   <div class='ocr_carea' id='block_1_60' title="bbox 489 3193 2063 3282">
    <p class='ocr_par' dir='ltr' id='par_1_60' title="bbox 489 3193 2059 3263">
     <span class='ocr_line' id='line_1_60' title="bbox 489 3193 2059 3263; baseline 0.004 -17"><span class='ocrx_word' id='word_1_458' title='bbox 489 3193 926 3262; x_wconf 87' lang='lat' dir='ltr'><strong>procreationem</strong></span> <span class='ocrx_word' id='word_1_459' title='bbox 957 3195 1271 3263; x_wconf 90' lang='lat' dir='ltr'><strong>conscripta</strong></span> <span class='ocrx_word' id='word_1_460' title='bbox 1299 3201 1449 3260; x_wconf 90' lang='lat' dir='ltr'><strong>sunt,</strong></span> <span class='ocrx_word' id='word_1_461' title='bbox 1479 3196 1688 3250; x_wconf 87' lang='lat' dir='ltr'><strong>etiamsi</strong></span> <span class='ocrx_word' id='word_1_462' title='bbox 1726 3212 1814 3250; x_wconf 89' lang='lat' dir='ltr'><strong>me</strong></span> <span class='ocrx_word' id='word_1_463' title='bbox 1846 3197 2059 3252; x_wconf 87' lang='lat' dir='ltr'><strong>dicendi</strong></span> 
     </span>
    </p>
   </div>
   <div class='ocr_carea' id='block_1_61' title="bbox 2163 3193 3739 3282">
    <p class='ocr_par' dir='ltr' id='par_1_61' title="bbox 2165 3193 3739 3268">
     <span class='ocr_line' id='line_1_61' title="bbox 2165 3193 3739 3268; baseline -0.001 -19"><span class='ocrx_word' id='word_1_464' title='bbox 2165 3197 2590 3267; x_wconf 86' lang='grc' dir='ltr'>λοσοφηθέντων,</span> <span class='ocrx_word' id='word_1_465' title='bbox 2645 3197 2765 3268; x_wconf 83' lang='grc' dir='ltr'>μηδ’</span> <span class='ocrx_word' id='word_1_466' title='bbox 2820 3196 2886 3249; x_wconf 84' lang='grc' dir='ltr'>ἂν</span> <span class='ocrx_word' id='word_1_467' title='bbox 2938 3196 3074 3266; x_wconf 83' lang='grc' dir='ltr'>πρὸς</span> <span class='ocrx_word' id='word_1_468' title='bbox 3121 3195 3313 3266; x_wconf 78' lang='grc' dir='ltr'>ἑτέραν</span> <span class='ocrx_word' id='word_1_469' title='bbox 3364 3194 3620 3265; x_wconf 79' lang='grc' dir='ltr'>ἐξήγησιν</span> <span class='ocrx_word' id='word_1_470' title='bbox 3670 3193 3739 3247; x_wconf 80' lang='grc' dir='ltr'><strong>ἐκ</strong></span> 
     </span>
    </p>
   </div>
   <div class='ocr_carea' id='block_1_62' title="bbox 489 3283 2062 3360">
    <p class='ocr_par' dir='ltr' id='par_1_62' title="bbox 489 3283 2062 3360">
     <span class='ocr_line' id='line_1_62' title="bbox 489 3283 2062 3360; baseline 0.003 -23"><span class='ocrx_word' id='word_1_471' title='bbox 489 3283 625 3337; x_wconf 87' lang='lat' dir='ltr'><strong>ordo</strong></span> <span class='ocrx_word' id='word_1_472' title='bbox 657 3283 724 3338; x_wconf 90' lang='lat' dir='ltr'><strong>ad</strong></span> <span class='ocrx_word' id='word_1_473' title='bbox 755 3283 916 3336; x_wconf 89' lang='lat' dir='ltr'><strong>aliam</strong></span> <span class='ocrx_word' id='word_1_474' title='bbox 949 3285 1346 3354; x_wconf 80' lang='lat' dir='ltr'><strong>expositionem</strong></span> <span class='ocrx_word' id='word_1_475' title='bbox 1379 3285 1687 3342; x_wconf 83' lang='lat' dir='ltr'><strong>adduxerit.</strong></span> <span class='ocrx_word' id='word_1_476' title='bbox 1721 3286 1857 3341; x_wconf 79' lang='lat' dir='ltr'><strong>Rata</strong></span> <span class='ocrx_word' id='word_1_477' title='bbox 1898 3290 2062 3360; x_wconf 83' lang='lat' dir='ltr'><strong>igitur</strong></span> 
     </span>
    </p>
   </div>
   <div class='ocr_carea' id='block_1_63' title="bbox 488 3376 2063 3448">
    <p class='ocr_par' dir='ltr' id='par_1_63' title="bbox 488 3376 2063 3448">
     <span class='ocr_line' id='line_1_63' title="bbox 488 3376 2063 3448; baseline 0.003 -17"><span class='ocrx_word' id='word_1_478' title='bbox 488 3376 601 3432; x_wconf 64' lang='lat' dir='ltr'><strong>sint</strong></span> <span class='ocrx_word' id='word_1_479' title='bbox 631 3376 777 3430; x_wconf 89' lang='lat' dir='ltr'><strong>illius</strong></span> <span class='ocrx_word' id='word_1_480' title='bbox 816 3376 1042 3445; x_wconf 91' lang='lat' dir='ltr'><strong>scripta,</strong></span> <span class='ocrx_word' id='word_1_481' title='bbox 1082 3385 1466 3448; x_wconf 68' lang='lat' dir='ltr'><strong>praestemque,</strong></span> <span class='ocrx_word' id='word_1_482' title='bbox 1495 3394 1594 3433; x_wconf 91' lang='lat' dir='ltr'><strong>nec</strong></span> <span class='ocrx_word' id='word_1_483' title='bbox 1629 3380 1776 3444; x_wconf 92' lang='lat' dir='ltr'><strong>ullis,</strong></span> <span class='ocrx_word' id='word_1_484' title='bbox 1826 3382 1926 3435; x_wconf 91' lang='lat' dir='ltr'><strong>nisi</strong></span> <span class='ocrx_word' id='word_1_485' title='bbox 1959 3381 2063 3437; x_wconf 89' lang='lat' dir='ltr'><strong>Te-</strong></span> 
     </span>
    </p>
   </div>
   <div class='ocr_carea' id='block_1_64' title="bbox 489 3467 2062 3539">
    <p class='ocr_par' dir='ltr' id='par_1_64' title="bbox 489 3467 2062 3539">
     <span class='ocr_line' id='line_1_64' title="bbox 489 3467 2062 3539; baseline 0.005 -18"><span class='ocrx_word' id='word_1_486' title='bbox 489 3469 746 3522; x_wconf 86' lang='lat' dir='ltr'><strong>stamenti</strong></span> <span class='ocrx_word' id='word_1_487' title='bbox 765 3468 948 3523; x_wconf 79' lang='lat' dir='ltr'><strong>divino</strong></span> <span class='ocrx_word' id='word_1_488' title='bbox 981 3467 1189 3539; x_wconf 88' lang='lat' dir='ltr'><strong>Spiritu</strong></span> <span class='ocrx_word' id='word_1_489' title='bbox 1216 3471 1459 3524; x_wconf 89' lang='lat' dir='ltr'><strong>dictante</strong></span> <span class='ocrx_word' id='word_1_490' title='bbox 1487 3473 1716 3534; x_wconf 85' lang='lat' dir='ltr'><strong>exarati,</strong></span> <span class='ocrx_word' id='word_1_491' title='bbox 1741 3488 2062 3529; x_wconf 88' lang='lat' dir='ltr'><strong>monumen-</strong></span> 
     </span>
    </p>
   </div>
   <div class='ocr_carea' id='block_1_65' title="bbox 487 3556 2064 3630">
    <p class='ocr_par' dir='ltr' id='par_1_65' title="bbox 487 3556 2064 3630">
     <span class='ocr_line' id='line_1_65' title="bbox 487 3556 2064 3630; baseline 0.004 -20"><span class='ocrx_word' id='word_1_492' title='bbox 487 3558 560 3612; x_wconf 89' lang='lat' dir='ltr'><strong>tis</strong></span> <span class='ocrx_word' id='word_1_493' title='bbox 591 3557 804 3612; x_wconf 89' lang='lat' dir='ltr'><strong>cedant.</strong></span> <span class='ocrx_word' id='word_1_494' title='bbox 842 3556 1040 3612; x_wconf 89' lang='lat' dir='ltr'><strong>Nostra</strong></span> <span class='ocrx_word' id='word_1_495' title='bbox 1070 3574 1198 3612; x_wconf 90' lang='lat' dir='ltr'><strong>vero</strong></span> <span class='ocrx_word' id='word_1_496' title='bbox 1233 3561 1540 3630; x_wconf 87' lang='lat' dir='ltr'><strong>quicunque</strong></span> <span class='ocrx_word' id='word_1_497' title='bbox 1573 3561 1831 3629; x_wconf 82' lang='lat' dir='ltr'><strong>legerint,</strong></span> <span class='ocrx_word' id='word_1_498' title='bbox 1873 3571 1928 3615; x_wconf 90' lang='lat' dir='ltr'><strong>et</strong></span> <span class='ocrx_word' id='word_1_499' title='bbox 1965 3564 2064 3616; x_wconf 85' lang='lat' dir='ltr'><strong>ali-</strong></span> 
     </span>
    </p>
   </div>
   <div class='ocr_carea' id='block_1_66' title="bbox 489 3649 2062 3721">
    <p class='ocr_par' dir='ltr' id='par_1_66' title="bbox 489 3649 2062 3721">
     <span class='ocr_line' id='line_1_66' title="bbox 489 3649 2062 3721; baseline 0.004 -18"><span class='ocrx_word' id='word_1_500' title='bbox 489 3649 620 3719; x_wconf 88' lang='lat' dir='ltr'><strong>quid</strong></span> <span class='ocrx_word' id='word_1_501' title='bbox 651 3657 846 3718; x_wconf 73' lang='lat' dir='ltr'><strong>praeter</strong></span> <span class='ocrx_word' id='word_1_502' title='bbox 876 3665 1218 3704; x_wconf 89' lang='lat' dir='ltr'><strong>communem</strong></span> <span class='ocrx_word' id='word_1_503' title='bbox 1261 3651 1574 3721; x_wconf 89' lang='lat' dir='ltr'><strong>opinionem</strong></span> <span class='ocrx_word' id='word_1_504' title='bbox 1610 3653 1934 3714; x_wconf 85' lang='lat' dir='ltr'><strong>invenerint,</strong></span> <span class='ocrx_word' id='word_1_505' title='bbox 1982 3655 2062 3710; x_wconf 88' lang='lat' dir='ltr'><strong>sic</strong></span> 
     </span>
    </p>
   </div>
   <div class='ocr_carea' id='block_1_67' title="bbox 490 3742 2062 3811">
    <p class='ocr_par' dir='ltr' id='par_1_67' title="bbox 490 3742 2062 3811">
     <span class='ocr_line' id='line_1_67' title="bbox 490 3742 2062 3811; baseline 0.003 -15"><span class='ocrx_word' id='word_1_506' title='bbox 490 3743 783 3811; x_wconf 83' lang='lat' dir='ltr'><strong>accipiant,</strong></span> <span class='ocrx_word' id='word_1_507' title='bbox 832 3748 891 3794; x_wconf 90' lang='lat' dir='ltr'><strong>ut</strong></span> <span class='ocrx_word' id='word_1_508' title='bbox 919 3742 1039 3797; x_wconf 87' lang='lat' dir='ltr'><strong>sine</strong></span> <span class='ocrx_word' id='word_1_509' title='bbox 1070 3743 1235 3797; x_wconf 91' lang='lat' dir='ltr'><strong>ullius</strong></span> <span class='ocrx_word' id='word_1_510' title='bbox 1279 3743 1478 3810; x_wconf 80' lang='lat' dir='ltr'><strong>iniuria</strong></span> <span class='ocrx_word' id='word_1_511' title='bbox 1513 3744 1568 3797; x_wconf 90' lang='lat' dir='ltr'><strong>in</strong></span> <span class='ocrx_word' id='word_1_512' title='bbox 1597 3744 1811 3799; x_wconf 88' lang='lat' dir='ltr'><strong>dicendi</strong></span> <span class='ocrx_word' id='word_1_513' title='bbox 1853 3748 2062 3801; x_wconf 83' lang='lat' dir='ltr'><strong>exerci-</strong></span> 
     </span>
    </p>
   </div>
   <div class='ocr_carea' id='block_1_68' title="bbox 491 3832 2061 3908">
    <p class='ocr_par' dir='ltr' id='par_1_68' title="bbox 491 3832 2061 3908">
     <span class='ocr_line' id='line_1_68' title="bbox 491 3832 2061 3908; baseline 0.004 -22"><span class='ocrx_word' id='word_1_514' title='bbox 491 3833 698 3887; x_wconf 87' lang='lat' dir='ltr'><strong>tatione</strong></span> <span class='ocrx_word' id='word_1_515' title='bbox 725 3832 1079 3902; x_wconf 84' lang='lat' dir='ltr'><strong>probabiliter</strong></span> <span class='ocrx_word' id='word_1_516' title='bbox 1105 3833 1401 3904; x_wconf 87' lang='lat' dir='ltr'><strong>disputata.</strong></span> <span class='ocrx_word' id='word_1_517' title='bbox 1446 3833 1631 3906; x_wconf 90' lang='lat' dir='ltr'><strong>Neque</strong></span> <span class='ocrx_word' id='word_1_518' title='bbox 1676 3838 1818 3892; x_wconf 88' lang='lat' dir='ltr'><strong>enim</strong></span> <span class='ocrx_word' id='word_1_519' title='bbox 1859 3853 2061 3908; x_wconf 89' lang='lat' dir='ltr'><strong>propo-</strong></span> 
     </span>
    </p>
   </div>
   <div class='ocr_carea' id='block_1_69' title="bbox 489 3923 2057 3997">
    <p class='ocr_par' dir='ltr' id='par_1_69' title="bbox 489 3923 2057 3997">
     <span class='ocr_line' id='line_1_69' title="bbox 489 3923 2057 3997; baseline 0.003 -18"><span class='ocrx_word' id='word_1_520' title='bbox 489 3925 658 3979; x_wconf 90' lang='lat' dir='ltr'><strong>situm</strong></span> <span class='ocrx_word' id='word_1_521' title='bbox 685 3923 998 3987; x_wconf 80' lang='lat' dir='ltr'><strong>defendere,</strong></span> <span class='ocrx_word' id='word_1_522' title='bbox 1025 3933 1118 3980; x_wconf 92' lang='lat' dir='ltr'><strong>aut</strong></span> <span class='ocrx_word' id='word_1_523' title='bbox 1141 3926 1336 3997; x_wconf 86' lang='lat' dir='ltr'><strong>dogma</strong></span> <span class='ocrx_word' id='word_1_524' title='bbox 1365 3929 1699 3983; x_wconf 89' lang='lat' dir='ltr'><strong>constituere</strong></span> <span class='ocrx_word' id='word_1_525' title='bbox 1724 3930 2057 3996; x_wconf 81' lang='lat' dir='ltr'><strong>proﬁtemur,</strong></span> 
     </span>
    </p>
   </div>
   <div class='ocr_carea' id='block_1_70' title="bbox 491 4015 2062 4088">
    <p class='ocr_par' dir='ltr' id='par_1_70' title="bbox 491 4015 2062 4088">
     <span class='ocr_line' id='line_1_70' title="bbox 491 4015 2062 4088; baseline 0.006 -23"><span class='ocrx_word' id='word_1_526' title='bbox 491 4023 551 4068; x_wconf 90' lang='lat' dir='ltr'><strong>nt</strong></span> <span class='ocrx_word' id='word_1_527' title='bbox 606 4015 1069 4069; x_wconf 88' lang='lat' dir='ltr'><strong>calumniantibus</strong></span> <span class='ocrx_word' id='word_1_528' title='bbox 1117 4018 1462 4072; x_wconf 88' lang='lat' dir='ltr'><strong>occasionem</strong></span> <span class='ocrx_word' id='word_1_529' title='bbox 1516 4019 1887 4088; x_wconf 70' lang='lat' dir='ltr'><strong>prazbeamus,</strong></span> <span class='ocrx_word' id='word_1_530' title='bbox 1960 4035 2062 4075; x_wconf 89' lang='lat' dir='ltr'><strong>nec</strong></span> 
     </span>
    </p>
   </div>
   <div class='ocr_carea' id='block_1_71' title="bbox 489 4106 2058 4176">
    <p class='ocr_par' dir='ltr' id='par_1_71' title="bbox 489 4106 2058 4176">
     <span class='ocr_line' id='line_1_71' title="bbox 489 4106 2058 4176; baseline 0.006 -19"><span class='ocrx_word' id='word_1_531' title='bbox 489 4106 644 4160; x_wconf 86' lang='lat' dir='ltr'><strong>hisee</strong></span> <span class='ocrx_word' id='word_1_532' title='bbox 695 4107 915 4173; x_wconf 85' lang='lat' dir='ltr'><strong>scriptis</strong></span> <span class='ocrx_word' id='word_1_533' title='bbox 956 4107 1422 4176; x_wconf 89' lang='lat' dir='ltr'><strong>interpretationis</strong></span> <span class='ocrx_word' id='word_1_534' title='bbox 1471 4109 1772 4162; x_wconf 83' lang='lat' dir='ltr'><strong>doctrinam</strong></span> <span class='ocrx_word' id='word_1_535' title='bbox 1824 4110 2058 4176; x_wconf 89' lang='lat' dir='ltr'><strong>tradere,</strong></span> 
     </span>
    </p>
   </div>
   <div class='ocr_carea' id='block_1_72' title="bbox 490 4195 2060 4273">
    <p class='ocr_par' dir='ltr' id='par_1_72' title="bbox 490 4195 2060 4273">
     <span class='ocr_line' id='line_1_72' title="bbox 490 4195 2060 4273; baseline 0.004 -23"><span class='ocrx_word' id='word_1_536' title='bbox 490 4195 586 4250; x_wconf 82' lang='lat' dir='ltr'><strong>sed</strong></span> <span class='ocrx_word' id='word_1_537' title='bbox 613 4196 855 4250; x_wconf 89' lang='lat' dir='ltr'><strong>animum</strong></span> <span class='ocrx_word' id='word_1_538' title='bbox 891 4205 944 4251; x_wconf 88' lang='lat' dir='ltr'><strong>et</strong></span> <span class='ocrx_word' id='word_1_539' title='bbox 971 4199 1351 4268; x_wconf 83' lang='lat' dir='ltr'><strong>cogitationem</strong></span> <span class='ocrx_word' id='word_1_540' title='bbox 1392 4208 1636 4254; x_wconf 90' lang='lat' dir='ltr'><strong>nostram</strong></span> <span class='ocrx_word' id='word_1_541' title='bbox 1674 4201 1727 4254; x_wconf 94' lang='lat' dir='ltr'><strong>in</strong></span> <span class='ocrx_word' id='word_1_542' title='bbox 1763 4202 1866 4256; x_wconf 90' lang='lat' dir='ltr'><strong>hoc</strong></span> <span class='ocrx_word' id='word_1_543' title='bbox 1893 4217 2060 4273; x_wconf 83' lang='lat' dir='ltr'><strong>argu-~</strong></span> 
     </span>
    </p>
   </div>
   <div class='ocr_carea' id='block_1_73' title="bbox 491 4290 2059 4364">
    <p class='ocr_par' dir='ltr' id='par_1_73' title="bbox 491 4290 2059 4364">
     <span class='ocr_line' id='line_1_73' title="bbox 491 4290 2059 4364; baseline 0.004 -21"><span class='ocrx_word' id='word_1_544' title='bbox 491 4297 677 4344; x_wconf 86' lang='lat' dir='ltr'><strong>mento</strong></span> <span class='ocrx_word' id='word_1_545' title='bbox 722 4290 985 4344; x_wconf 69' lang='lat' dir='ltr'><strong>duntaxat</strong></span> <span class='ocrx_word' id='word_1_546' title='bbox 1023 4306 1295 4346; x_wconf 72' lang='lat' dir='ltr'><strong>exercere.</strong></span> <span class='ocrx_word' id='word_1_547' title='bbox 1332 4291 1498 4347; x_wconf 85' lang='lat' dir='ltr'><strong>Nemo</strong></span> <span class='ocrx_word' id='word_1_548' title='bbox 1532 4295 1695 4363; x_wconf 84' lang='lat' dir='ltr'><strong>igitur</strong></span> <span class='ocrx_word' id='word_1_549' title='bbox 1725 4303 1999 4364; x_wconf 80' lang='lat' dir='ltr'><strong>exspectet</strong></span> <span class='ocrx_word' id='word_1_550' title='bbox 2030 4311 2059 4350; x_wconf 91' lang='lat' dir='ltr'><strong>a</strong></span> 
     </span>
    </p>
   </div>
   <div class='ocr_carea' id='block_1_74' title="bbox 493 4381 2060 4455">
    <p class='ocr_par' dir='ltr' id='par_1_74' title="bbox 493 4381 2060 4455">
     <span class='ocr_line' id='line_1_74' title="bbox 493 4381 2060 4455; baseline 0.003 -20"><span class='ocrx_word' id='word_1_551' title='bbox 493 4381 670 4444; x_wconf 85' lang='lat' dir='ltr'><strong>nobis,</strong></span> <span class='ocrx_word' id='word_1_552' title='bbox 703 4389 762 4435; x_wconf 94' lang='lat' dir='ltr'><strong>nt</strong></span> <span class='ocrx_word' id='word_1_553' title='bbox 787 4381 1202 4450; x_wconf 59' lang='lat' dir='ltr'><strong>qua&#39;stionibns,</strong></span> <span class='ocrx_word' id='word_1_554' title='bbox 1230 4398 1350 4452; x_wconf 73' lang='lat' dir='ltr'><strong>qua:</strong></span> <span class='ocrx_word' id='word_1_555' title='bbox 1387 4385 1471 4438; x_wconf 89' lang='lat' dir='ltr'><strong>vel</strong></span> <span class='ocrx_word' id='word_1_556' title='bbox 1493 4401 1558 4439; x_wconf 81' lang='lat' dir='ltr'><strong>ex</strong></span> <span class='ocrx_word' id='word_1_557' title='bbox 1590 4395 1778 4439; x_wconf 89' lang='lat' dir='ltr'><strong>sancta</strong></span> <span class='ocrx_word' id='word_1_558' title='bbox 1812 4385 2060 4455; x_wconf 86' lang='lat' dir='ltr'><strong>Scriptu-</strong></span> 
     </span>
    </p>
   </div>
   <div class='ocr_carea' id='block_1_75' title="bbox 493 4472 2061 4544">
    <p class='ocr_par' dir='ltr' id='par_1_75' title="bbox 493 4472 2061 4544">
     <span class='ocr_line' id='line_1_75' title="bbox 493 4472 2061 4544; baseline 0.006 -20"><span class='ocrx_word' id='word_1_559' title='bbox 493 4485 574 4536; x_wconf 87' lang='lat' dir='ltr'><strong>ra,</strong></span> <span class='ocrx_word' id='word_1_560' title='bbox 611 4472 692 4526; x_wconf 87' lang='lat' dir='ltr'><strong>vel</strong></span> <span class='ocrx_word' id='word_1_561' title='bbox 726 4487 794 4527; x_wconf 89' lang='lat' dir='ltr'><strong>ex</strong></span> <span class='ocrx_word' id='word_1_562' title='bbox 833 4473 900 4527; x_wconf 94' lang='lat' dir='ltr'><strong>iis</strong></span> <span class='ocrx_word' id='word_1_563' title='bbox 931 4488 1052 4542; x_wconf 72' lang='lat' dir='ltr'><strong>qua:</strong></span> <span class='ocrx_word' id='word_1_564' title='bbox 1090 4487 1120 4526; x_wconf 93' lang='lat' dir='ltr'><strong>a</strong></span> <span class='ocrx_word' id='word_1_565' title='bbox 1155 4482 1484 4544; x_wconf 69' lang='lat' dir='ltr'><strong>praeceptore</strong></span> <span class='ocrx_word' id='word_1_566' title='bbox 1521 4484 1710 4532; x_wconf 88' lang='lat' dir='ltr'><strong>nostro</strong></span> <span class='ocrx_word' id='word_1_567' title='bbox 1742 4479 1922 4534; x_wconf 88' lang='lat' dir='ltr'><strong>statim</strong></span> <span class='ocrx_word' id='word_1_568' title='bbox 1951 4479 2061 4534; x_wconf 82' lang='lat' dir='ltr'><strong>dc-</strong></span> 
     </span>
    </p>
   </div>
   <div class='ocr_carea' id='block_1_76' title="bbox 492 4561 2134 4653">
    <p class='ocr_par' dir='ltr' id='par_1_76' title="bbox 492 4561 2134 4653">
     <span class='ocr_line' id='line_1_76' title="bbox 492 4561 2134 4653; baseline 0.005 -38"><span class='ocrx_word' id='word_1_569' title='bbox 492 4561 696 4615; x_wconf 83' lang='lat' dir='ltr'><strong>clarata</strong></span> <span class='ocrx_word' id='word_1_570' title='bbox 726 4570 874 4625; x_wconf 90' lang='lat' dir='ltr'><strong>sunt,</strong></span> <span class='ocrx_word' id='word_1_571' title='bbox 907 4579 1133 4633; x_wconf 71' lang='lat' dir='ltr'><strong>quaeque</strong></span> <span class='ocrx_word' id='word_1_572' title='bbox 1161 4566 1216 4618; x_wconf 92' lang='lat' dir='ltr'><strong>in</strong></span> <span class='ocrx_word' id='word_1_573' title='bbox 1248 4579 1591 4622; x_wconf 87' lang='lat' dir='ltr'><strong>communem</strong></span> <span class='ocrx_word' id='word_1_574' title='bbox 1627 4569 1935 4638; x_wconf 90' lang='lat' dir='ltr'><strong>opinionem</strong></span> <span class='ocrx_word' id='word_1_575' title='bbox 1967 4584 2059 4623; x_wconf 88' lang='lat' dir='ltr'><strong>ea-</strong></span> <span class='ocrx_word' id='word_1_576' title='bbox 2087 4597 2134 4653; x_wconf 70' lang='grc' dir='ltr'><strong>ι)</strong></span> 
     </span>
    </p>
   </div>
   <div class='ocr_carea' id='block_1_77' title="bbox 492 4652 2058 4730">
    <p class='ocr_par' dir='ltr' id='par_1_77' title="bbox 492 4652 2058 4730">
     <span class='ocr_line' id='line_1_77' title="bbox 492 4652 2058 4730; baseline 0.006 -25"><span class='ocrx_word' id='word_1_577' title='bbox 492 4652 622 4706; x_wconf 82' lang='lat' dir='ltr'><strong>dere</strong></span> <span class='ocrx_word' id='word_1_578' title='bbox 651 4653 918 4717; x_wconf 85' lang='lat' dir='ltr'><strong>videntur,</strong></span> <span class='ocrx_word' id='word_1_579' title='bbox 949 4657 1303 4727; x_wconf 90' lang='lat' dir='ltr'><strong>implicemur.</strong></span> <span class='ocrx_word' id='word_1_580' title='bbox 1320 4657 1618 4715; x_wconf 85' lang='lat' dir='ltr'><strong>Nobisenin</strong></span> <span class='ocrx_word' id='word_1_581' title='bbox 1636 4676 1739 4714; x_wconf 91' lang='lat' dir='ltr'><strong>non</strong></span> <span class='ocrx_word' id='word_1_582' title='bbox 1754 4671 1838 4716; x_wconf 87' lang='lat' dir='ltr'><strong>est</strong></span> <span class='ocrx_word' id='word_1_583' title='bbox 1861 4675 2058 4730; x_wconf 86' lang='lat' dir='ltr'><strong>propo-</strong></span> 
     </span>
    </p>
   </div>
   <div class='ocr_carea' id='block_1_78' title="bbox 495 4743 2064 4818">
    <p class='ocr_par' dir='ltr' id='par_1_78' title="bbox 495 4743 2064 4818">
     <span class='ocr_line' id='line_1_78' title="bbox 495 4743 2064 4818; baseline 0.004 -18"><span class='ocrx_word' id='word_1_584' title='bbox 495 4743 660 4800; x_wconf 86' lang='lat' dir='ltr'><strong>situm</strong></span> <span class='ocrx_word' id='word_1_585' title='bbox 693 4753 751 4797; x_wconf 91' lang='lat' dir='ltr'><strong>ut</strong></span> <span class='ocrx_word' id='word_1_586' title='bbox 784 4759 846 4798; x_wconf 88' lang='lat' dir='ltr'><strong>ea</strong></span> <span class='ocrx_word' id='word_1_587' title='bbox 879 4745 1234 4800; x_wconf 88' lang='lat' dir='ltr'><strong>conciliemus</strong></span> <span class='ocrx_word' id='word_1_588' title='bbox 1259 4762 1378 4816; x_wconf 58' lang='lat' dir='ltr'><strong>qua;</strong></span> <span class='ocrx_word' id='word_1_589' title='bbox 1407 4749 1654 4816; x_wconf 91' lang='lat' dir='ltr'><strong>protinus</strong></span> <span class='ocrx_word' id='word_1_590' title='bbox 1691 4758 1953 4818; x_wconf 82' lang='lat' dir='ltr'><strong>apparent</strong></span> <span class='ocrx_word' id='word_1_591' title='bbox 1978 4753 2064 4805; x_wconf 86' lang='lat' dir='ltr'><strong>in-</strong></span> 
     </span>
    </p>
   </div>
   <div class='ocr_carea' id='block_1_79' title="bbox 495 4835 2064 4902">
    <p class='ocr_par' dir='ltr' id='par_1_79' title="bbox 495 4835 2064 4902">
     <span class='ocr_line' id='line_1_79' title="bbox 495 4835 2064 4902; baseline 0.006 -14"><span class='ocrx_word' id='word_1_592' title='bbox 495 4846 576 4889; x_wconf 86' lang='lat' dir='ltr'><strong>ter</strong></span> <span class='ocrx_word' id='word_1_593' title='bbox 603 4850 661 4889; x_wconf 90' lang='lat' dir='ltr'><strong>se</strong></span> <span class='ocrx_word' id='word_1_594' title='bbox 696 4835 992 4890; x_wconf 89' lang='lat' dir='ltr'><strong>contraria.</strong></span> <span class='ocrx_word' id='word_1_595' title='bbox 1025 4836 1387 4902; x_wconf 76' lang='lat' dir='ltr'><strong>Quamobrem</strong></span> <span class='ocrx_word' id='word_1_596' title='bbox 1417 4839 1574 4893; x_wconf 83' lang='lat' dir='ltr'><strong>liceat</strong></span> <span class='ocrx_word' id='word_1_597' title='bbox 1613 4840 1771 4895; x_wconf 90' lang='lat' dir='ltr'><strong>nobis</strong></span> <span class='ocrx_word' id='word_1_598' title='bbox 1807 4857 1870 4896; x_wconf 83' lang='lat' dir='ltr'><strong>ex</strong></span> <span class='ocrx_word' id='word_1_599' title='bbox 1906 4843 2064 4899; x_wconf 89' lang='lat' dir='ltr'><strong>insti-</strong></span> 
     </span>
    </p>
   </div>
   <div class='ocr_carea' id='block_1_80' title="bbox 496 4930 2059 4999">
    <p class='ocr_par' dir='ltr' id='par_1_80' title="bbox 496 4930 2059 4999">
     <span class='ocr_line' id='line_1_80' title="bbox 496 4930 2059 4999; baseline 0.004 -19"><span class='ocrx_word' id='word_1_600' title='bbox 496 4936 614 4981; x_wconf 84' lang='lat' dir='ltr'><strong>tuto</strong></span> <span class='ocrx_word' id='word_1_601' title='bbox 644 4937 832 4981; x_wconf 92' lang='lat' dir='ltr'><strong>nostro</strong></span> <span class='ocrx_word' id='word_1_602' title='bbox 860 4930 1150 4981; x_wconf 84' lang='lat' dir='ltr'><strong>verborum</strong></span> <span class='ocrx_word' id='word_1_603' title='bbox 1182 4945 1403 4984; x_wconf 90' lang='lat' dir='ltr'><strong>sensum</strong></span> <span class='ocrx_word' id='word_1_604' title='bbox 1438 4931 1744 4999; x_wconf 79' lang='lat' dir='ltr'><strong>explorare,</strong></span> <span class='ocrx_word' id='word_1_605' title='bbox 1780 4941 1833 4987; x_wconf 91' lang='lat' dir='ltr'><strong>et</strong></span> <span class='ocrx_word' id='word_1_606' title='bbox 1859 4934 1914 4988; x_wconf 91' lang='lat' dir='ltr'><strong>in</strong></span> <span class='ocrx_word' id='word_1_607' title='bbox 1941 4949 2059 4989; x_wconf 86' lang='lat' dir='ltr'><strong>eam</strong></span> 
     </span>
    </p>
   </div>
   <div class='ocr_carea' id='block_1_81' title="bbox 495 5017 2058 5095">
    <p class='ocr_par' dir='ltr' id='par_1_81' title="bbox 495 5017 2058 5095">
     <span class='ocr_line' id='line_1_81' title="bbox 495 5017 2058 5095; baseline 0.006 -25"><span class='ocrx_word' id='word_1_608' title='bbox 495 5031 680 5070; x_wconf 88' lang='lat' dir='ltr'><strong>curam</strong></span> <span class='ocrx_word' id='word_1_609' title='bbox 710 5017 1045 5084; x_wconf 87' lang='lat' dir='ltr'><strong>incumbere,</strong></span> <span class='ocrx_word' id='word_1_610' title='bbox 1079 5029 1138 5072; x_wconf 93' lang='lat' dir='ltr'><strong>ut</strong></span> <span class='ocrx_word' id='word_1_611' title='bbox 1161 5019 1387 5073; x_wconf 87' lang='lat' dir='ltr'><strong>vocibus</strong></span> <span class='ocrx_word' id='word_1_612' title='bbox 1418 5020 1473 5073; x_wconf 93' lang='lat' dir='ltr'><strong>in</strong></span> <span class='ocrx_word' id='word_1_613' title='bbox 1504 5021 1903 5090; x_wconf 78' lang='lat' dir='ltr'><strong>signiﬁcatione</strong></span> <span class='ocrx_word' id='word_1_614' title='bbox 1928 5040 2058 5095; x_wconf 86' lang='lat' dir='ltr'><strong>pro-</strong></span> 
     </span>
    </p>
   </div>
   <div class='ocr_carea' id='block_1_82' title="bbox 495 5108 2055 5184">
    <p class='ocr_par' dir='ltr' id='par_1_82' title="bbox 495 5108 2055 5184">
     <span class='ocr_line' id='line_1_82' title="bbox 495 5108 2055 5184; baseline 0.008 -24"><span class='ocrx_word' id='word_1_615' title='bbox 495 5108 613 5177; x_wconf 87' lang='lat' dir='ltr'><strong>pria</strong></span> <span class='ocrx_word' id='word_1_616' title='bbox 639 5111 1080 5176; x_wconf 91' lang='lat' dir='ltr'><strong>permanentibus</strong></span> <span class='ocrx_word' id='word_1_617' title='bbox 1105 5121 1314 5165; x_wconf 87' lang='lat' dir='ltr'><strong>certum</strong></span> <span class='ocrx_word' id='word_1_618' title='bbox 1344 5127 1524 5166; x_wconf 86' lang='lat' dir='ltr'><strong>rerum</strong></span> <span class='ocrx_word' id='word_1_619' title='bbox 1545 5118 1938 5184; x_wconf 88' lang='lat' dir='ltr'><strong>procreationis</strong></span> <span class='ocrx_word' id='word_1_620' title='bbox 1965 5133 2055 5171; x_wconf 90' lang='lat' dir='ltr'><strong>or-</strong></span> 
     </span>
    </p>
   </div>
   <div class='ocr_carea' id='block_1_83' title="bbox 496 5197 2068 5277">
    <p class='ocr_par' dir='ltr' id='par_1_83' title="bbox 496 5197 2068 5277">
     <span class='ocr_line' id='line_1_83' title="bbox 496 5197 2068 5277; baseline 0.009 -27"><span class='ocrx_word' id='word_1_621' title='bbox 496 5197 699 5261; x_wconf 89' lang='lat' dir='ltr'><strong>dinem,</strong></span> <span class='ocrx_word' id='word_1_622' title='bbox 736 5212 800 5251; x_wconf 90' lang='lat' dir='ltr'><strong>ac</strong></span> <span class='ocrx_word' id='word_1_623' title='bbox 849 5201 1043 5253; x_wconf 86' lang='lat' dir='ltr'><strong>seriem</strong></span> <span class='ocrx_word' id='word_1_624' title='bbox 1097 5202 1548 5271; x_wconf 90' lang='lat' dir='ltr'><strong>contemplemur.</strong></span> <span class='ocrx_word' id='word_1_625' title='bbox 1589 5221 1608 5254; x_wconf 82' lang='lat'><strong>(</strong></span> <span class='ocrx_word' id='word_1_626' title='bbox 1690 5206 1744 5259; x_wconf 92' lang='lat' dir='ltr'><strong>In</strong></span> <span class='ocrx_word' id='word_1_627' title='bbox 1804 5209 2068 5277; x_wconf 79' lang='lat' dir='ltr'><strong>prinCIpto</strong></span> 
     </span>
    </p>
   </div>
   <div class='ocr_carea' id='block_1_84' title="bbox 495 5288 2060 5362">
    <p class='ocr_par' dir='ltr' id='par_1_84' title="bbox 495 5288 2060 5362">
     <span class='ocr_line' id='line_1_84' title="bbox 495 5288 2060 5362; baseline 0.007 -21"><span class='ocrx_word' id='word_1_628' title='bbox 495 5288 776 5359; x_wconf 81' lang='lat' dir='ltr'><strong>(inquit),</strong></span> <span class='ocrx_word' id='word_1_629' title='bbox 814 5289 941 5344; x_wconf 83' lang='lat' dir='ltr'><strong>fecit</strong></span> <span class='ocrx_word' id='word_1_630' title='bbox 985 5292 1124 5346; x_wconf 83' lang='lat' dir='ltr'><strong>Dens</strong></span> <span class='ocrx_word' id='word_1_631' title='bbox 1159 5294 1356 5348; x_wconf 70' lang='lat' dir='ltr'><strong>caelum</strong></span> <span class='ocrx_word' id='word_1_632' title='bbox 1391 5304 1446 5348; x_wconf 88' lang='lat' dir='ltr'><strong>et</strong></span> <span class='ocrx_word' id='word_1_633' title='bbox 1481 5303 1681 5352; x_wconf 90' lang='lat' dir='ltr'><strong>terram</strong></span> <span class='ocrx_word' id='word_1_634' title='bbox 1705 5298 1744 5362; x_wconf 78' lang='grc'>⁸,</span> <span class='ocrx_word' id='word_1_635' title='bbox 1794 5315 1811 5347; x_wconf 74' lang='grc' dir='ltr'><strong>ι</strong></span> <span class='ocrx_word' id='word_1_636' title='bbox 1853 5305 1902 5352; x_wconf 81' lang='lat' dir='ltr'><strong>et</strong></span> <span class='ocrx_word' id='word_1_637' title='bbox 1930 5300 2060 5352; x_wconf 90' lang='lat' dir='ltr'><strong>reli-</strong></span> 
     </span>
    </p>
   </div>
   <div class='ocr_carea' id='block_1_85' title="bbox 495 5382 2060 5459">
    <p class='ocr_par' dir='ltr' id='par_1_85' title="bbox 495 5382 2060 5459">
     <span class='ocr_line' id='line_1_85' title="bbox 495 5382 2060 5459; baseline 0.008 -26"><span class='ocrx_word' id='word_1_638' title='bbox 495 5397 624 5449; x_wconf 90' lang='lat' dir='ltr'><strong>qua,</strong></span> <span class='ocrx_word' id='word_1_639' title='bbox 659 5397 778 5450; x_wconf 71' lang='lat' dir='ltr'><strong>quae</strong></span> <span class='ocrx_word' id='word_1_640' title='bbox 807 5382 1064 5452; x_wconf 78' lang='lat' dir='ltr'><strong>deinceps</strong></span> <span class='ocrx_word' id='word_1_641' title='bbox 1103 5387 1288 5440; x_wconf 92' lang='lat' dir='ltr'><strong>mundi</strong></span> <span class='ocrx_word' id='word_1_642' title='bbox 1335 5386 1592 5443; x_wconf 84' lang='lat' dir='ltr'><strong>fabricam</strong></span> <span class='ocrx_word' id='word_1_643' title='bbox 1619 5398 1673 5444; x_wconf 90' lang='lat' dir='ltr'><strong>et</strong></span> <span class='ocrx_word' id='word_1_644' title='bbox 1710 5405 1774 5444; x_wconf 87' lang='lat' dir='ltr'><strong>ea</strong></span> <span class='ocrx_word' id='word_1_645' title='bbox 1805 5406 1924 5459; x_wconf 84' lang='lat' dir='ltr'><strong>qua:</strong></span> <span class='ocrx_word' id='word_1_646' title='bbox 1965 5406 2060 5445; x_wconf 83' lang='lat' dir='ltr'><strong>sex</strong></span> 
     </span>
    </p>
   </div>
   <div class='ocr_carea' id='block_1_86' title="bbox 496 5471 2054 5550">
    <p class='ocr_par' dir='ltr' id='par_1_86' title="bbox 496 5471 2054 5550">
     <span class='ocr_line' id='line_1_86' title="bbox 496 5471 2054 5550; baseline 0.006 -24"><span class='ocrx_word' id='word_1_647' title='bbox 496 5471 705 5527; x_wconf 87' lang='lat' dir='ltr'><strong>dierum</strong></span> <span class='ocrx_word' id='word_1_648' title='bbox 736 5475 913 5543; x_wconf 87' lang='lat' dir='ltr'><strong>spatio</strong></span> <span class='ocrx_word' id='word_1_649' title='bbox 943 5474 1082 5528; x_wconf 81' lang='lat' dir='ltr'><strong>facta</strong></span> <span class='ocrx_word' id='word_1_650' title='bbox 1119 5485 1248 5530; x_wconf 88' lang='lat' dir='ltr'><strong>sunt</strong></span> <span class='ocrx_word' id='word_1_651' title='bbox 1279 5480 1731 5549; x_wconf 89' lang='lat' dir='ltr'><strong>complectuntur.</strong></span> <span class='ocrx_word' id='word_1_652' title='bbox 1767 5479 2054 5550; x_wconf 65' lang='lat' dir='ltr'><strong>Creterum,</strong></span> 
     </span>
    </p>
   </div>
   <div class='ocr_carea' id='block_1_87' title="bbox 495 5568 2058 5640">
    <p class='ocr_par' dir='ltr' id='par_1_87' title="bbox 495 5568 2058 5640">
     <span class='ocr_line' id='line_1_87' title="bbox 495 5568 2058 5640; baseline 0.008 -24"><span class='ocrx_word' id='word_1_653' title='bbox 495 5568 812 5634; x_wconf 87' lang='lat' dir='ltr'><strong>priusquam</strong></span> <span class='ocrx_word' id='word_1_654' title='bbox 850 5583 1036 5622; x_wconf 88' lang='lat' dir='ltr'><strong>eorum</strong></span> <span class='ocrx_word' id='word_1_655' title='bbox 1071 5584 1190 5638; x_wconf 67' lang='lat' dir='ltr'><strong>quae</strong></span> <span class='ocrx_word' id='word_1_656' title='bbox 1221 5571 1421 5639; x_wconf 89' lang='lat' dir='ltr'><strong>scripta</strong></span> <span class='ocrx_word' id='word_1_657' title='bbox 1469 5580 1619 5638; x_wconf 89' lang='lat' dir='ltr'><strong>sunt,</strong></span> <span class='ocrx_word' id='word_1_658' title='bbox 1667 5573 2058 5640; x_wconf 84' lang='lat' dir='ltr'><strong>expositionem</strong></span> 
     </span>
    </p>
   </div>
   <div class='ocr_carea' id='block_1_88' title="bbox 497 5658 2058 5735">
    <p class='ocr_par' dir='ltr' id='par_1_88' title="bbox 497 5658 2058 5735">
     <span class='ocr_line' id='line_1_88' title="bbox 497 5658 2058 5735; baseline 0.008 -28"><span class='ocrx_word' id='word_1_659' title='bbox 497 5658 892 5724; x_wconf 70' lang='lat' dir='ltr'><strong>aggrediamur,</strong></span> <span class='ocrx_word' id='word_1_660' title='bbox 942 5658 1070 5716; x_wconf 88' lang='lat' dir='ltr'><strong>illud</strong></span> <span class='ocrx_word' id='word_1_661' title='bbox 1114 5661 1274 5716; x_wconf 91' lang='lat' dir='ltr'><strong>nobis</strong></span> <span class='ocrx_word' id='word_1_662' title='bbox 1314 5663 1551 5731; x_wconf 90' lang='lat' dir='ltr'><strong>positum</strong></span> <span class='ocrx_word' id='word_1_663' title='bbox 1590 5664 2058 5735; x_wconf 87' lang='lat' dir='ltr'><strong>constitutumque</strong></span> 
     </span>
    </p>
   </div>
   <div class='ocr_carea' id='block_1_89' title="bbox 495 5748 2054 5831">
    <p class='ocr_par' dir='ltr' id='par_1_89' title="bbox 495 5748 2054 5831">
     <span class='ocr_line' id='line_1_89' title="bbox 495 5748 2054 5831; baseline 0.007 -27"><span class='ocrx_word' id='word_1_664' title='bbox 495 5748 636 5804; x_wconf 83' lang='lat' dir='ltr'><strong>sitin</strong></span> <span class='ocrx_word' id='word_1_665' title='bbox 653 5754 1034 5808; x_wconf 81' lang='lat' dir='ltr'><strong>naturadiviua</strong></span> <span class='ocrx_word' id='word_1_666' title='bbox 1054 5771 1177 5810; x_wconf 91' lang='lat' dir='ltr'><strong>eum</strong></span> <span class='ocrx_word' id='word_1_667' title='bbox 1197 5755 1478 5813; x_wconf 83' lang='lat' dir='ltr'><strong>voluntate</strong></span> <span class='ocrx_word' id='word_1_668' title='bbox 1505 5757 1578 5813; x_wconf 87' lang='lat' dir='ltr'><strong>ita</strong></span> <span class='ocrx_word' id='word_1_669' title='bbox 1603 5773 1930 5816; x_wconf 86' lang='lat' dir='ltr'><strong>concurrere</strong></span> <span class='ocrx_word' id='word_1_670' title='bbox 1956 5775 2054 5831; x_wconf 89' lang='lat' dir='ltr'><strong>po-</strong></span> 
     </span>
    </p>
   </div>
   <div class='ocr_carea' id='block_1_90' title="bbox 599 5860 938 5930">
    <p class='ocr_par' dir='ltr' id='par_1_90' title="bbox 599 5860 938 5930">
     <span class='ocr_line' id='line_1_90' title="bbox 599 5860 938 5930; baseline 0.006 -15"><span class='ocrx_word' id='word_1_671' title='bbox 599 5864 620 5895; x_wconf 89' lang='grc'><strong><em>⁶</em></strong></span> <span class='ocrx_word' id='word_1_672' title='bbox 651 5860 784 5916; x_wconf 81' lang='lat' dir='ltr'><strong>Gen.</strong></span> <span class='ocrx_word' id='word_1_673' title='bbox 812 5878 851 5930; x_wconf 84' lang='grc' dir='ltr'><strong>ι,</strong></span> <span class='ocrx_word' id='word_1_674' title='bbox 891 5865 938 5918; x_wconf 75' lang='grc'>1,</span> 
     </span>
    </p>
   </div>
   <div class='ocr_carea' id='block_1_91' title="bbox 2163 3285 3737 3356">
    <p class='ocr_par' dir='ltr' id='par_1_91' title="bbox 2163 3285 3737 3356">
     <span class='ocr_line' id='line_1_91' title="bbox 2163 3285 3737 3356; baseline -0.003 -15"><span class='ocrx_word' id='word_1_675' title='bbox 2163 3306 2307 3352; x_wconf 87' lang='grc' dir='ltr'>τινος</span> <span class='ocrx_word' id='word_1_676' title='bbox 2344 3287 2661 3351; x_wconf 80' lang='grc' dir='ltr'>ἀκολουθίας</span> <span class='ocrx_word' id='word_1_677' title='bbox 2690 3289 2719 3340; x_wconf 87' lang='grc' dir='ltr'>ὁ</span> <span class='ocrx_word' id='word_1_678' title='bbox 2746 3287 2901 3355; x_wconf 89' lang='grc' dir='ltr'>λόγος</span> <span class='ocrx_word' id='word_1_679' title='bbox 2948 3286 3074 3356; x_wconf 78' lang='grc' dir='ltr'>ἔλθῃ</span> <span class='ocrx_word' id='word_1_680' title='bbox 3095 3302 3109 3316; x_wconf 88' lang='grc'><strong>·</strong></span> <span class='ocrx_word' id='word_1_681' title='bbox 3157 3286 3269 3338; x_wconf 85' lang='grc' dir='ltr'>ἀλλ’</span> <span class='ocrx_word' id='word_1_682' title='bbox 3302 3287 3484 3338; x_wconf 85' lang='grc' dir='ltr'>ἐκεῖνα</span> <span class='ocrx_word' id='word_1_683' title='bbox 3521 3285 3619 3355; x_wconf 84' lang='grc' dir='ltr'>μὲν</span> <span class='ocrx_word' id='word_1_684' title='bbox 3643 3301 3737 3337; x_wconf 67' lang='grc' dir='ltr'>κεεο</span> 
     </span>
    </p>
   </div>
   <div class='ocr_carea' id='block_1_92' title="bbox 2161 3371 3735 3451">
    <p class='ocr_par' dir='ltr' id='par_1_92' title="bbox 2161 3371 3735 3451">
     <span class='ocr_line' id='line_1_92' title="bbox 2161 3371 3735 3451; baseline -0.003 -18"><span class='ocrx_word' id='word_1_685' title='bbox 2161 3379 2474 3451; x_wconf 86' lang='grc' dir='ltr'>κρατήσθω,</span> <span class='ocrx_word' id='word_1_686' title='bbox 2516 3381 2610 3432; x_wconf 78' lang='grc' dir='ltr'>καὶ</span> <span class='ocrx_word' id='word_1_687' title='bbox 2643 3379 2808 3449; x_wconf 90' lang='grc' dir='ltr'>μόνης</span> <span class='ocrx_word' id='word_1_688' title='bbox 2836 3379 2936 3448; x_wconf 83' lang='grc' dir='ltr'>τῆς</span> <span class='ocrx_word' id='word_1_689' title='bbox 2992 3371 3343 3430; x_wconf 82' lang='grc' dir='ltr'>Θεοπνεύστου</span> <span class='ocrx_word' id='word_1_690' title='bbox 3369 3376 3638 3447; x_wconf 84' lang='grc' dir='ltr'>Διαθήκης</span> <span class='ocrx_word' id='word_1_691' title='bbox 3663 3375 3735 3429; x_wconf 82' lang='grc' dir='ltr'>τὰ</span> 
     </span>
    </p>
   </div>
   <div class='ocr_carea' id='block_1_93' title="bbox 2160 3467 3734 3542">
    <p class='ocr_par' dir='ltr' id='par_1_93' title="bbox 2160 3467 3734 3542">
     <span class='ocr_line' id='line_1_93' title="bbox 2160 3467 3734 3542; baseline -0.003 -17"><span class='ocrx_word' id='word_1_692' title='bbox 2160 3473 2438 3542; x_wconf 85' lang='grc' dir='ltr'>δευτερεῖα</span> <span class='ocrx_word' id='word_1_693' title='bbox 2469 3470 2716 3541; x_wconf 81' lang='grc' dir='ltr'>φερέσθω</span> <span class='ocrx_word' id='word_1_694' title='bbox 2738 3487 2753 3503; x_wconf 77' lang='grc' dir='ltr'><strong><em>ο</em></strong></span> <span class='ocrx_word' id='word_1_695' title='bbox 2794 3469 2863 3523; x_wconf 85' lang='grc' dir='ltr'>τὰ</span> <span class='ocrx_word' id='word_1_696' title='bbox 2891 3469 2947 3522; x_wconf 89' lang='grc' dir='ltr'>δὲ</span> <span class='ocrx_word' id='word_1_697' title='bbox 2975 3469 3220 3540; x_wconf 79' lang='grc' dir='ltr'>ἡμέτερα</span> <span class='ocrx_word' id='word_1_698' title='bbox 3250 3467 3324 3531; x_wconf 87' lang='grc' dir='ltr'><strong>ὡς</strong></span> <span class='ocrx_word' id='word_1_699' title='bbox 3359 3468 3417 3520; x_wconf 92' lang='grc' dir='ltr'><strong>ἐν</strong></span> <span class='ocrx_word' id='word_1_700' title='bbox 3446 3468 3734 3538; x_wconf 86' lang='grc' dir='ltr'>γυμνασίῳ</span> 
     </span>
    </p>
   </div>
   <div class='ocr_carea' id='block_1_94' title="bbox 2161 3558 3733 3633">
    <p class='ocr_par' dir='ltr' id='par_1_94' title="bbox 2161 3558 3733 3633">
     <span class='ocr_line' id='line_1_94' title="bbox 2161 3558 3733 3633; baseline -0.003 -16"><span class='ocrx_word' id='word_1_701' title='bbox 2161 3564 2266 3617; x_wconf 79' lang='grc' dir='ltr'>τινὶ</span> <span class='ocrx_word' id='word_1_702' title='bbox 2312 3561 2678 3633; x_wconf 83' lang='grc' dir='ltr'>σχολαστικῶς</span> <span class='ocrx_word' id='word_1_703' title='bbox 2729 3560 3148 3631; x_wconf 76' lang='grc' dir='ltr'>ἐπιχειρούμενα</span> <span class='ocrx_word' id='word_1_704' title='bbox 3195 3561 3306 3622; x_wconf 88' lang='grc' dir='ltr'>τοῖς</span> <span class='ocrx_word' id='word_1_705' title='bbox 3349 3558 3733 3628; x_wconf 84' lang='grc' dir='ltr'>ἐντυγχάνουσι</span> 
     </span>
    </p>
   </div>
   <div class='ocr_carea' id='block_1_95' title="bbox 2163 3648 3733 3727">
    <p class='ocr_par' dir='ltr' id='par_1_95' title="bbox 2163 3648 3733 3727">
     <span class='ocr_line' id='line_1_95' title="bbox 2163 3648 3733 3727; baseline -0.005 -19"><span class='ocrx_word' id='word_1_706' title='bbox 2163 3654 2504 3727; x_wconf 84' lang='grc' dir='ltr'>προκείσθω,</span> <span class='ocrx_word' id='word_1_707' title='bbox 2561 3653 2829 3725; x_wconf 82' lang='grc' dir='ltr'>μηδεμιᾶς</span> <span class='ocrx_word' id='word_1_708' title='bbox 2884 3651 3072 3722; x_wconf 74' lang='grc' dir='ltr'>μηδενὶ</span> <span class='ocrx_word' id='word_1_709' title='bbox 3125 3649 3213 3704; x_wconf 87' lang='grc' dir='ltr'><strong>διὰ</strong></span> <span class='ocrx_word' id='word_1_710' title='bbox 3265 3648 3469 3702; x_wconf 88' lang='grc' dir='ltr'>τούτων</span> <span class='ocrx_word' id='word_1_711' title='bbox 3528 3648 3733 3720; x_wconf 82' lang='grc' dir='ltr'>βλάϐης</span> 
     </span>
    </p>
   </div>
   <div class='ocr_carea' id='block_1_96' title="bbox 2161 3739 3733 3815">
    <p class='ocr_par' dir='ltr' id='par_1_96' title="bbox 2161 3739 3733 3815">
     <span class='ocr_line' id='line_1_96' title="bbox 2161 3739 3733 3815; baseline -0.004 -18"><span class='ocrx_word' id='word_1_712' title='bbox 2161 3745 2615 3815; x_wconf 85' lang='grc' dir='ltr'>προσγινομένης,</span> <span class='ocrx_word' id='word_1_713' title='bbox 2661 3743 2715 3794; x_wconf 75' lang='grc' dir='ltr'>εἴ</span> <span class='ocrx_word' id='word_1_714' title='bbox 2739 3760 2791 3795; x_wconf 86' lang='grc' dir='ltr'><strong>τι</strong></span> <span class='ocrx_word' id='word_1_715' title='bbox 2821 3742 2971 3811; x_wconf 84' lang='grc' dir='ltr'>παρὰ</span> <span class='ocrx_word' id='word_1_716' title='bbox 2997 3741 3096 3812; x_wconf 82' lang='grc' dir='ltr'>τὴν</span> <span class='ocrx_word' id='word_1_717' title='bbox 3144 3739 3326 3812; x_wconf 82' lang='grc' dir='ltr'>κοινὴν</span> <span class='ocrx_word' id='word_1_718' title='bbox 3361 3740 3626 3808; x_wconf 77' lang='grc' dir='ltr'>ὑπόληψιν</span> <span class='ocrx_word' id='word_1_719' title='bbox 3672 3741 3733 3792; x_wconf 86' lang='grc' dir='ltr'><strong>ἐν</strong></span> 
     </span>
    </p>
   </div>
   <div class='ocr_carea' id='block_1_97' title="bbox 2160 3830 3732 3913">
    <p class='ocr_par' dir='ltr' id='par_1_97' title="bbox 2160 3830 3732 3913">
     <span class='ocr_line' id='line_1_97' title="bbox 2160 3830 3732 3913; baseline -0.004 -24"><span class='ocrx_word' id='word_1_720' title='bbox 2160 3840 2268 3900; x_wconf 89' lang='grc' dir='ltr'>τοῖς</span> <span class='ocrx_word' id='word_1_721' title='bbox 2294 3835 2608 3907; x_wconf 88' lang='grc' dir='ltr'>λεγομένοις</span> <span class='ocrx_word' id='word_1_722' title='bbox 2634 3835 2958 3913; x_wconf 67' lang='grc' dir='ltr'>εὑρίσκοιτο.</span> <span class='ocrx_word' id='word_1_723' title='bbox 2991 3833 3066 3887; x_wconf 84' lang='grc' dir='ltr'><strong>Οὐ</strong></span> <span class='ocrx_word' id='word_1_724' title='bbox 3093 3833 3200 3904; x_wconf 82' lang='grc' dir='ltr'>γὰρ</span> <span class='ocrx_word' id='word_1_725' title='bbox 3231 3833 3405 3904; x_wconf 85' lang='grc' dir='ltr'>δόγμα</span> <span class='ocrx_word' id='word_1_726' title='bbox 3443 3831 3534 3884; x_wconf 79' lang='grc' dir='ltr'>τὸν</span> <span class='ocrx_word' id='word_1_727' title='bbox 3573 3830 3732 3897; x_wconf 86' lang='grc' dir='ltr'>λόγον</span> 
     </span>
    </p>
   </div>
   <div class='ocr_carea' id='block_1_98' title="bbox 2161 3922 3726 3998">
    <p class='ocr_par' dir='ltr' id='par_1_98' title="bbox 2161 3922 3726 3998">
     <span class='ocr_line' id='line_1_98' title="bbox 2161 3922 3726 3998; baseline -0.006 -16"><span class='ocrx_word' id='word_1_728' title='bbox 2161 3927 2482 3998; x_wconf 86' lang='grc' dir='ltr'>ποιούμεθα,</span> <span class='ocrx_word' id='word_1_729' title='bbox 2515 3927 2656 3980; x_wconf 83' lang='grc' dir='ltr'>ὥστε</span> <span class='ocrx_word' id='word_1_730' title='bbox 2684 3925 2935 3997; x_wconf 76' lang='grc' dir='ltr'>ἀφορμὴν</span> <span class='ocrx_word' id='word_1_731' title='bbox 2974 3925 3157 3978; x_wconf 83' lang='grc' dir='ltr'>δοῦναι</span> <span class='ocrx_word' id='word_1_732' title='bbox 3180 3926 3294 3986; x_wconf 82' lang='grc' dir='ltr'>τοῖς</span> <span class='ocrx_word' id='word_1_733' title='bbox 3322 3922 3692 3976; x_wconf 88' lang='grc' dir='ltr'>διαϐάλλουσιν</span> <span class='ocrx_word' id='word_1_734' title='bbox 3710 3936 3726 3950; x_wconf 88' lang='grc'><strong>·</strong></span> 
     </span>
    </p>
   </div>
   <div class='ocr_carea' id='block_1_99' title="bbox 2160 4011 3730 4090">
    <p class='ocr_par' dir='ltr' id='par_1_99' title="bbox 2160 4011 3730 4090">
     <span class='ocr_line' id='line_1_99' title="bbox 2160 4011 3730 4090; baseline -0.005 -17"><span class='ocrx_word' id='word_1_735' title='bbox 2160 4020 2273 4073; x_wconf 87' lang='grc' dir='ltr'>ἀλλ’</span> <span class='ocrx_word' id='word_1_736' title='bbox 2324 4017 2695 4090; x_wconf 79' lang='grc' dir='ltr'>ὁμολογοῦμεν</span> <span class='ocrx_word' id='word_1_737' title='bbox 2739 4017 3102 4088; x_wconf 80' lang='grc' dir='ltr'>ἐγγυμνάζειν</span> <span class='ocrx_word' id='word_1_738' title='bbox 3155 4015 3314 4086; x_wconf 88' lang='grc' dir='ltr'>μόνον</span> <span class='ocrx_word' id='word_1_739' title='bbox 3377 4013 3581 4066; x_wconf 85' lang='grc' dir='ltr'>ἐαυτῶν</span> <span class='ocrx_word' id='word_1_740' title='bbox 3628 4011 3730 4084; x_wconf 76' lang='grc' dir='ltr'>τὴν</span> 
     </span>
    </p>
   </div>
   <div class='ocr_carea' id='block_1_100' title="bbox 2160 4103 3730 4181">
    <p class='ocr_par' dir='ltr' id='par_1_100' title="bbox 2160 4103 3730 4181">
     <span class='ocr_line' id='line_1_100' title="bbox 2160 4103 3730 4181; baseline -0.004 -16"><span class='ocrx_word' id='word_1_741' title='bbox 2160 4112 2420 4175; x_wconf 88' lang='grc' dir='ltr'>διάνοιαν,</span> <span class='ocrx_word' id='word_1_742' title='bbox 2445 4113 2558 4174; x_wconf 87' lang='grc' dir='ltr'>τοῖς</span> <span class='ocrx_word' id='word_1_743' title='bbox 2589 4110 2969 4181; x_wconf 83' lang='grc' dir='ltr'>προκειμένοις</span> <span class='ocrx_word' id='word_1_744' title='bbox 2989 4110 3275 4178; x_wconf 80' lang='grc' dir='ltr'>νοήμασιν,</span> <span class='ocrx_word' id='word_1_745' title='bbox 3303 4105 3362 4158; x_wconf 85' lang='grc' dir='ltr'><strong>ού</strong></span> <span class='ocrx_word' id='word_1_746' title='bbox 3385 4103 3730 4159; x_wconf 83' lang='grc' dir='ltr'>διδασκαλίαν</span> 
     </span>
    </p>
   </div>
   <div class='ocr_carea' id='block_1_101' title="bbox 2161 4189 3731 4272">
    <p class='ocr_par' dir='ltr' id='par_1_101' title="bbox 2161 4189 3731 4272">
     <span class='ocr_line' id='line_1_101' title="bbox 2161 4189 3731 4272; baseline -0.003 -19"><span class='ocrx_word' id='word_1_747' title='bbox 2161 4201 2490 4272; x_wconf 82' lang='grc' dir='ltr'>ἐξηγητικὴν</span> <span class='ocrx_word' id='word_1_748' title='bbox 2542 4203 2654 4263; x_wconf 89' lang='grc' dir='ltr'>τοῖς</span> <span class='ocrx_word' id='word_1_749' title='bbox 2703 4198 2900 4268; x_wconf 81' lang='grc' dir='ltr'>ἐφεξῆς</span> <span class='ocrx_word' id='word_1_750' title='bbox 2951 4196 3323 4251; x_wconf 84' lang='grc' dir='ltr'>ἀποτίθεσθαι.</span> <span class='ocrx_word' id='word_1_751' title='bbox 3374 4195 3448 4248; x_wconf 84' lang='grc' dir='ltr'>Τὸ</span> <span class='ocrx_word' id='word_1_752' title='bbox 3495 4195 3593 4266; x_wconf 83' lang='grc' dir='ltr'>μὲν</span> <span class='ocrx_word' id='word_1_753' title='bbox 3636 4189 3731 4248; x_wconf 81' lang='grc' dir='ltr'>οὖν</span> 
     </span>
    </p>
   </div>
   <div class='ocr_carea' id='block_1_102' title="bbox 2161 4286 3732 4362">
    <p class='ocr_par' dir='ltr' id='par_1_102' title="bbox 2161 4286 3732 4362">
     <span class='ocr_line' id='line_1_102' title="bbox 2161 4286 3732 4362; baseline -0.001 -17"><span class='ocrx_word' id='word_1_754' title='bbox 2161 4292 2566 4362; x_wconf 85' lang='grc' dir='ltr'>συμπλέκεσθαι</span> <span class='ocrx_word' id='word_1_755' title='bbox 2608 4289 2740 4362; x_wconf 78' lang='grc' dir='ltr'>πρὸς</span> <span class='ocrx_word' id='word_1_756' title='bbox 2771 4290 2868 4353; x_wconf 78' lang='grc' dir='ltr'><strong>τὰς</strong></span> <span class='ocrx_word' id='word_1_757' title='bbox 2896 4289 3173 4351; x_wconf 85' lang='grc' dir='ltr'>ἐνστάσεις</span> <span class='ocrx_word' id='word_1_758' title='bbox 3199 4288 3296 4352; x_wconf 80' lang='grc' dir='ltr'>τὰς</span> <span class='ocrx_word' id='word_1_759' title='bbox 3315 4286 3422 4340; x_wconf 78' lang='grc' dir='ltr'><strong>ἀπὸ</strong></span> <span class='ocrx_word' id='word_1_760' title='bbox 3444 4287 3542 4356; x_wconf 84' lang='grc' dir='ltr'>τῆς</span> <span class='ocrx_word' id='word_1_761' title='bbox 3568 4286 3732 4355; x_wconf 75' lang='grc' dir='ltr'>ἁγίας</span> 
     </span>
    </p>
   </div>
   <div class='ocr_carea' id='block_1_103' title="bbox 2159 4378 3723 4458">
    <p class='ocr_par' dir='ltr' id='par_1_103' title="bbox 2159 4378 3723 4458">
     <span class='ocr_line' id='line_1_103' title="bbox 2159 4378 3723 4458; baseline -0.002 -20"><span class='ocrx_word' id='word_1_762' title='bbox 2159 4386 2380 4458; x_wconf 81' lang='grc' dir='ltr'>Γραφῆς</span> <span class='ocrx_word' id='word_1_763' title='bbox 2438 4387 2568 4455; x_wconf 78' lang='grc' dir='ltr'>ἡμῖν</span> <span class='ocrx_word' id='word_1_764' title='bbox 2645 4382 3097 4453; x_wconf 84' lang='grc' dir='ltr'>προτεινομένας,</span> <span class='ocrx_word' id='word_1_765' title='bbox 3150 4379 3244 4434; x_wconf 73' lang='grc' dir='ltr'>καὶ</span> <span class='ocrx_word' id='word_1_766' title='bbox 3305 4381 3368 4432; x_wconf 85' lang='grc' dir='ltr'><strong>ἐκ</strong></span> <span class='ocrx_word' id='word_1_767' title='bbox 3422 4378 3530 4433; x_wconf 84' lang='grc' dir='ltr'><strong>τῶν</strong></span> <span class='ocrx_word' id='word_1_768' title='bbox 3594 4382 3723 4447; x_wconf 74' lang='grc' dir='ltr'>περὶ</span> 
     </span>
    </p>
   </div>
   <div class='ocr_carea' id='block_1_104' title="bbox 2160 4469 3726 4542">
    <p class='ocr_par' dir='ltr' id='par_1_104' title="bbox 2160 4469 3726 4542">
     <span class='ocr_line' id='line_1_104' title="bbox 2160 4469 3726 4542; baseline -0.003 -16"><span class='ocrx_word' id='word_1_769' title='bbox 2160 4474 2298 4526; x_wconf 88' lang='grc' dir='ltr'>πόδα</span> <span class='ocrx_word' id='word_1_770' title='bbox 2326 4473 2476 4542; x_wconf 78' lang='grc' dir='ltr'>παρὰ</span> <span class='ocrx_word' id='word_1_771' title='bbox 2528 4472 2634 4524; x_wconf 76' lang='grc' dir='ltr'>τοῦ</span> <span class='ocrx_word' id='word_1_772' title='bbox 2675 4472 2990 4524; x_wconf 80' lang='grc' dir='ltr'>διδασκάλου</span> <span class='ocrx_word' id='word_1_773' title='bbox 3042 4471 3196 4541; x_wconf 85' lang='grc' dir='ltr'>ἡμῶν</span> <span class='ocrx_word' id='word_1_774' title='bbox 3247 4469 3726 4541; x_wconf 72' lang='grc' dir='ltr'>ἐρμηνευθέντων,</span> 
     </span>
    </p>
   </div>
   <div class='ocr_carea' id='block_1_105' title="bbox 2160 4561 3730 4634">
    <p class='ocr_par' dir='ltr' id='par_1_105' title="bbox 2160 4561 3730 4634">
     <span class='ocr_line' id='line_1_105' title="bbox 2160 4561 3730 4634; baseline -0.003 -15"><span class='ocrx_word' id='word_1_775' title='bbox 2160 4567 2260 4619; x_wconf 83' lang='grc' dir='ltr'>ὅσα</span> <span class='ocrx_word' id='word_1_776' title='bbox 2321 4565 2470 4618; x_wconf 87' lang='grc' dir='ltr'>δοκεῖ</span> <span class='ocrx_word' id='word_1_777' title='bbox 2502 4564 2576 4634; x_wconf 81' lang='grc' dir='ltr'>μὴ</span> <span class='ocrx_word' id='word_1_778' title='bbox 2627 4563 2944 4634; x_wconf 78' lang='grc' dir='ltr'>συμϐαίνειν</span> <span class='ocrx_word' id='word_1_779' title='bbox 2987 4565 3105 4626; x_wconf 87' lang='grc' dir='ltr'>ταῖς</span> <span class='ocrx_word' id='word_1_780' title='bbox 3148 4564 3352 4626; x_wconf 86' lang='grc' dir='ltr'>κοιναῖς</span> <span class='ocrx_word' id='word_1_781' title='bbox 3397 4561 3730 4633; x_wconf 81' lang='grc' dir='ltr'>ὑπολήψεοι,</span> 
     </span>
    </p>
   </div>
   <div class='ocr_carea' id='block_1_106' title="bbox 2167 4654 3731 4729">
    <p class='ocr_par' dir='ltr' id='par_1_106' title="bbox 2167 4654 3731 4729">
     <span class='ocr_line' id='line_1_106' title="bbox 2167 4654 3731 4729; baseline -0.003 -18"><span class='ocrx_word' id='word_1_782' title='bbox 2167 4658 2354 4729; x_wconf 70' lang='grc' dir='ltr'>μηδεὶς</span> <span class='ocrx_word' id='word_1_783' title='bbox 2410 4657 2703 4710; x_wconf 82' lang='grc' dir='ltr'>ἀπαιτείτω</span> <span class='ocrx_word' id='word_1_784' title='bbox 2750 4655 2841 4708; x_wconf 82' lang='grc' dir='ltr'>τὸν</span> <span class='ocrx_word' id='word_1_785' title='bbox 2887 4655 3018 4724; x_wconf 79' lang='grc' dir='ltr'>ἐμὸν</span> <span class='ocrx_word' id='word_1_786' title='bbox 3062 4655 3238 4723; x_wconf 86' lang='grc' dir='ltr'>λόγον.</span> <span class='ocrx_word' id='word_1_787' title='bbox 3288 4655 3364 4709; x_wconf 81' lang='grc' dir='ltr'><strong>Οὐ</strong></span> <span class='ocrx_word' id='word_1_788' title='bbox 3417 4655 3524 4726; x_wconf 87' lang='grc' dir='ltr'>γὰρ</span> <span class='ocrx_word' id='word_1_789' title='bbox 3573 4654 3731 4708; x_wconf 85' lang='grc' dir='ltr'><strong>τοῦτό</strong></span> 
     </span>
    </p>
   </div>
   <div class='ocr_carea' id='block_1_107' title="bbox 2162 4743 3729 4821">
    <p class='ocr_par' dir='ltr' id='par_1_107' title="bbox 2162 4743 3729 4821">
     <span class='ocr_line' id='line_1_107' title="bbox 2162 4743 3729 4821; baseline -0.003 -18"><span class='ocrx_word' id='word_1_790' title='bbox 2162 4767 2251 4821; x_wconf 93' lang='grc' dir='ltr'><strong>μοι</strong></span> <span class='ocrx_word' id='word_1_791' title='bbox 2313 4748 2615 4819; x_wconf 87' lang='grc' dir='ltr'>πρόκειται,</span> <span class='ocrx_word' id='word_1_792' title='bbox 2668 4747 2747 4809; x_wconf 82' lang='grc' dir='ltr'>τὸ,</span> <span class='ocrx_word' id='word_1_793' title='bbox 2801 4746 3126 4817; x_wconf 82' lang='grc' dir='ltr'>συνηγορίαν</span> <span class='ocrx_word' id='word_1_794' title='bbox 3175 4745 3298 4800; x_wconf 78' lang='grc' dir='ltr'>τινὰ</span> <span class='ocrx_word' id='word_1_795' title='bbox 3343 4748 3463 4809; x_wconf 83' lang='grc' dir='ltr'>τοῖς</span> <span class='ocrx_word' id='word_1_796' title='bbox 3500 4746 3566 4800; x_wconf 87' lang='grc' dir='ltr'><strong>ἐκ</strong></span> <span class='ocrx_word' id='word_1_797' title='bbox 3634 4743 3729 4799; x_wconf 81' lang='grc' dir='ltr'><strong>τοῦ</strong></span> 
     </span>
    </p>
   </div>
   <div class='ocr_carea' id='block_1_108' title="bbox 2160 4837 3728 4911">
    <p class='ocr_par' dir='ltr' id='par_1_108' title="bbox 2160 4837 3728 4911">
     <span class='ocr_line' id='line_1_108' title="bbox 2160 4837 3728 4911; baseline -0.003 -17"><span class='ocrx_word' id='word_1_798' title='bbox 2160 4839 2446 4911; x_wconf 88' lang='grc' dir='ltr'>προχείρου</span> <span class='ocrx_word' id='word_1_799' title='bbox 2525 4838 2865 4909; x_wconf 81' lang='grc' dir='ltr'>φαινομένοις</span> <span class='ocrx_word' id='word_1_800' title='bbox 2942 4837 3338 4908; x_wconf 84' lang='grc' dir='ltr'>ἐναντιώμασιν</span> <span class='ocrx_word' id='word_1_801' title='bbox 3408 4837 3728 4906; x_wconf 76' lang='grc' dir='ltr'>ἐπινοῆσαιο</span> 
     </span>
    </p>
   </div>
   <div class='ocr_carea' id='block_1_109' title="bbox 2158 4927 3731 5001">
    <p class='ocr_par' dir='ltr' id='par_1_109' title="bbox 2158 4927 3731 5001">
     <span class='ocr_line' id='line_1_109' title="bbox 2158 4927 3731 5001; baseline -0.003 -15"><span class='ocrx_word' id='word_1_802' title='bbox 2158 4931 2296 4986; x_wconf 84' lang='grc' dir='ltr'>ἀλλά</span> <span class='ocrx_word' id='word_1_803' title='bbox 2329 4948 2417 5000; x_wconf 89' lang='grc' dir='ltr'><strong>μοι</strong></span> <span class='ocrx_word' id='word_1_804' title='bbox 2449 4930 2854 5001; x_wconf 84' lang='grc' dir='ltr'>συγχωρηθήτω</span> <span class='ocrx_word' id='word_1_805' title='bbox 2889 4929 3010 4983; x_wconf 83' lang='grc' dir='ltr'>κατ’</span> <span class='ocrx_word' id='word_1_806' title='bbox 3040 4929 3284 4995; x_wconf 81' lang='grc' dir='ltr'>ἐξουσίαν</span> <span class='ocrx_word' id='word_1_807' title='bbox 3318 4927 3454 5001; x_wconf 82' lang='grc' dir='ltr'>πρὸς</span> <span class='ocrx_word' id='word_1_808' title='bbox 3486 4929 3577 4982; x_wconf 74' lang='grc' dir='ltr'>τὸν</span> <span class='ocrx_word' id='word_1_809' title='bbox 3599 4929 3731 4982; x_wconf 82' lang='grc' dir='ltr'>ι’διον</span> 
     </span>
    </p>
   </div>
   <div class='ocr_carea' id='block_1_110' title="bbox 2161 5017 3732 5091">
    <p class='ocr_par' dir='ltr' id='par_1_110' title="bbox 2161 5017 3732 5091">
     <span class='ocr_line' id='line_1_110' title="bbox 2161 5017 3732 5091; baseline -0.003 -16"><span class='ocrx_word' id='word_1_810' title='bbox 2161 5021 2361 5075; x_wconf 83' lang='grc' dir='ltr'>σκοπὸν</span> <span class='ocrx_word' id='word_1_811' title='bbox 2403 5019 2500 5090; x_wconf 88' lang='grc' dir='ltr'>τὴν</span> <span class='ocrx_word' id='word_1_812' title='bbox 2547 5019 2656 5074; x_wconf 85' lang='grc' dir='ltr'><strong>τῶν</strong></span> <span class='ocrx_word' id='word_1_813' title='bbox 2707 5019 2885 5091; x_wconf 78' lang='grc' dir='ltr'>ῥητῶν</span> <span class='ocrx_word' id='word_1_814' title='bbox 2931 5019 3182 5085; x_wconf 79' lang='grc' dir='ltr'>ἐξετάσαι</span> <span class='ocrx_word' id='word_1_815' title='bbox 3238 5019 3510 5073; x_wconf 76' lang='grc' dir='ltr'>διάνοιανο</span> <span class='ocrx_word' id='word_1_816' title='bbox 3563 5017 3732 5082; x_wconf 84' lang='grc' dir='ltr'>είπως</span> 
     </span>
    </p>
   </div>
   <div class='ocr_carea' id='block_1_111' title="bbox 2159 5106 3731 5186">
    <p class='ocr_par' dir='ltr' id='par_1_111' title="bbox 2159 5106 3731 5186">
     <span class='ocr_line' id='line_1_111' title="bbox 2159 5106 3731 5186; baseline -0.003 -20"><span class='ocrx_word' id='word_1_817' title='bbox 2159 5117 2290 5186; x_wconf 81' lang='grc' dir='ltr'>ἡμῖν</span> <span class='ocrx_word' id='word_1_818' title='bbox 2321 5113 2530 5181; x_wconf 88' lang='grc' dir='ltr'>γένοιτο</span> <span class='ocrx_word' id='word_1_819' title='bbox 2555 5111 2799 5176; x_wconf 81' lang='grc' dir='ltr'>δυνατὸν,</span> <span class='ocrx_word' id='word_1_820' title='bbox 2829 5111 3113 5182; x_wconf 73' lang='grc' dir='ltr'>συμμαχίᾳ</span> <span class='ocrx_word' id='word_1_821' title='bbox 3151 5110 3307 5172; x_wconf 81' lang='grc' dir='ltr'>Θεοῦ,</span> <span class='ocrx_word' id='word_1_822' title='bbox 3339 5109 3604 5180; x_wconf 82' lang='grc' dir='ltr'>μενούσης</span> <span class='ocrx_word' id='word_1_823' title='bbox 3630 5106 3731 5178; x_wconf 85' lang='grc' dir='ltr'>τῆς</span> 
     </span>
    </p>
   </div>
   <div class='ocr_carea' id='block_1_112' title="bbox 2158 5197 3732 5280">
    <p class='ocr_par' dir='ltr' id='par_1_112' title="bbox 2158 5197 3732 5280">
     <span class='ocr_line' id='line_1_112' title="bbox 2158 5197 3732 5280; baseline -0.006 -19"><span class='ocrx_word' id='word_1_824' title='bbox 2158 5207 2356 5272; x_wconf 82' lang='grc' dir='ltr'>λέξεως</span> <span class='ocrx_word' id='word_1_825' title='bbox 2386 5207 2479 5280; x_wconf 61' lang='grc' dir='ltr'>ἐπξι</span> <span class='ocrx_word' id='word_1_826' title='bbox 2510 5204 2610 5274; x_wconf 78' lang='grc' dir='ltr'>τῆς</span> <span class='ocrx_word' id='word_1_827' title='bbox 2652 5203 2783 5266; x_wconf 87' lang='grc' dir='ltr'>ἰδίας</span> <span class='ocrx_word' id='word_1_828' title='bbox 2815 5203 3122 5273; x_wconf 82' lang='grc' dir='ltr'>ἐμφάσεως,</span> <span class='ocrx_word' id='word_1_829' title='bbox 3155 5200 3567 5272; x_wconf 85' lang='grc' dir='ltr'>συνηρτημένην</span> <span class='ocrx_word' id='word_1_830' title='bbox 3611 5197 3732 5252; x_wconf 80' lang='grc' dir='ltr'>τινὰ</span> 
     </span>
    </p>
   </div>
   <div class='ocr_carea' id='block_1_113' title="bbox 2160 5290 3732 5366">
    <p class='ocr_par' dir='ltr' id='par_1_113' title="bbox 2160 5290 3732 5366">
     <span class='ocr_line' id='line_1_113' title="bbox 2160 5290 3732 5366; baseline -0.007 -12"><span class='ocrx_word' id='word_1_831' title='bbox 2160 5301 2252 5354; x_wconf 76' lang='grc' dir='ltr'>καὶ</span> <span class='ocrx_word' id='word_1_832' title='bbox 2280 5298 2566 5353; x_wconf 86' lang='grc' dir='ltr'>ἀκόλουθον</span> <span class='ocrx_word' id='word_1_833' title='bbox 2605 5299 2662 5350; x_wconf 85' lang='grc' dir='ltr'><strong>ἐν</strong></span> <span class='ocrx_word' id='word_1_834' title='bbox 2686 5298 2751 5366; x_wconf 82' lang='grc' dir='ltr'><strong>τῇ</strong></span> <span class='ocrx_word' id='word_1_835' title='bbox 2782 5294 2954 5348; x_wconf 83' lang='grc' dir='ltr'>κτίσει</span> <span class='ocrx_word' id='word_1_836' title='bbox 2984 5295 3092 5347; x_wconf 84' lang='grc' dir='ltr'><strong>τῶν</strong></span> <span class='ocrx_word' id='word_1_837' title='bbox 3130 5293 3428 5362; x_wconf 89' lang='grc' dir='ltr'>γεγονότων</span> <span class='ocrx_word' id='word_1_838' title='bbox 3452 5290 3732 5362; x_wconf 81' lang='grc' dir='ltr'>ἐπινοῆσαι</span> 
     </span>
    </p>
   </div>
   <div class='ocr_carea' id='block_1_114' title="bbox 2165 5381 3733 5462">
    <p class='ocr_par' dir='ltr' id='par_1_114' title="bbox 2165 5381 3733 5462">
     <span class='ocr_line' id='line_1_114' title="bbox 2165 5381 3733 5462; baseline -0.006 -18"><span class='ocrx_word' id='word_1_839' title='bbox 2165 5393 2265 5462; x_wconf 78' lang='grc' dir='ltr'>τὴν</span> <span class='ocrx_word' id='word_1_840' title='bbox 2313 5389 2564 5459; x_wconf 88' lang='grc' dir='ltr'>θεωρίαν.</span> <span class='ocrx_word' id='word_1_841' title='bbox 2621 5407 2639 5440; x_wconf 86' lang='grc' dir='ltr'><strong>ι</strong></span> <span class='ocrx_word' id='word_1_842' title='bbox 2691 5388 2780 5442; x_wconf 83' lang='grc' dir='ltr'>Ἐν</span> <span class='ocrx_word' id='word_1_843' title='bbox 2804 5389 2947 5457; x_wconf 81' lang='grc' dir='ltr'>ἀρχῃ</span> <span class='ocrx_word' id='word_1_844' title='bbox 3005 5385 3249 5455; x_wconf 84' lang='grc' dir='ltr'>ἐποίησε,</span> <span class='ocrx_word' id='word_1_845' title='bbox 3303 5385 3486 5453; x_wconf 82' lang='grc' dir='ltr'>φησὶν,</span> <span class='ocrx_word' id='word_1_846' title='bbox 3539 5385 3567 5434; x_wconf 87' lang='grc' dir='ltr'>ὀ</span> <span class='ocrx_word' id='word_1_847' title='bbox 3599 5381 3733 5445; x_wconf 76' lang='grc' dir='ltr'>Θεὸς</span> 
     </span>
    </p>
   </div>
   <div class='ocr_carea' id='block_1_115' title="bbox 2163 5473 3732 5552">
    <p class='ocr_par' dir='ltr' id='par_1_115' title="bbox 2163 5473 3732 5552">
     <span class='ocr_line' id='line_1_115' title="bbox 2163 5473 3732 5552; baseline -0.008 -16"><span class='ocrx_word' id='word_1_848' title='bbox 2163 5483 2254 5537; x_wconf 83' lang='grc' dir='ltr'>τὸν</span> <span class='ocrx_word' id='word_1_849' title='bbox 2285 5481 2512 5552; x_wconf 65' lang='grc' dir='ltr'>οὐρανὸς</span> <span class='ocrx_word' id='word_1_850' title='bbox 2541 5481 2634 5532; x_wconf 81' lang='grc' dir='ltr'>καὶ</span> <span class='ocrx_word' id='word_1_851' title='bbox 2661 5479 2759 5550; x_wconf 81' lang='grc' dir='ltr'>τὴν</span> <span class='ocrx_word' id='word_1_852' title='bbox 2787 5477 2912 5548; x_wconf 81' lang='grc' dir='ltr'>γῆν,</span> <span class='ocrx_word' id='word_1_853' title='bbox 2952 5496 2970 5526; x_wconf 81' lang='grc'><strong>›</strong></span> <span class='ocrx_word' id='word_1_854' title='bbox 2998 5475 3093 5530; x_wconf 69' lang='grc' dir='ltr'><strong>καὶ</strong></span> <span class='ocrx_word' id='word_1_855' title='bbox 3121 5476 3191 5529; x_wconf 79' lang='grc' dir='ltr'>τὰ</span> <span class='ocrx_word' id='word_1_856' title='bbox 3226 5474 3423 5544; x_wconf 79' lang='grc' dir='ltr'>ἐφεξῆς</span> <span class='ocrx_word' id='word_1_857' title='bbox 3451 5473 3551 5525; x_wconf 82' lang='grc' dir='ltr'>ὅσα</span> <span class='ocrx_word' id='word_1_858' title='bbox 3575 5485 3732 5544; x_wconf 79' lang='grc' dir='ltr'>περι·</span> 
     </span>
    </p>
   </div>
   <div class='ocr_carea' id='block_1_116' title="bbox 2166 5558 3730 5643">
    <p class='ocr_par' dir='ltr' id='par_1_116' title="bbox 2166 5558 3730 5643">
     <span class='ocr_line' id='line_1_116' title="bbox 2166 5558 3730 5643; baseline -0.011 -17"><span class='ocrx_word' id='word_1_859' title='bbox 2166 5574 2278 5643; x_wconf 85' lang='grc' dir='ltr'>έχει</span> <span class='ocrx_word' id='word_1_860' title='bbox 2304 5573 2402 5640; x_wconf 80' lang='grc' dir='ltr'>τῆς</span> <span class='ocrx_word' id='word_1_861' title='bbox 2427 5567 2783 5638; x_wconf 88' lang='grc' dir='ltr'>κοσμογονίας</span> <span class='ocrx_word' id='word_1_862' title='bbox 2807 5567 2836 5619; x_wconf 85' lang='grc' dir='ltr'>ὁ</span> <span class='ocrx_word' id='word_1_863' title='bbox 2865 5566 3039 5634; x_wconf 86' lang='grc' dir='ltr'>λόγος,</span> <span class='ocrx_word' id='word_1_864' title='bbox 3069 5563 3138 5616; x_wconf 83' lang='grc' dir='ltr'><strong>τὰ</strong></span> <span class='ocrx_word' id='word_1_865' title='bbox 3169 5564 3266 5634; x_wconf 81' lang='grc' dir='ltr'>μὲν</span> <span class='ocrx_word' id='word_1_866' title='bbox 3294 5561 3358 5633; x_wconf 87' lang='grc' dir='ltr'>δὴ</span> <span class='ocrx_word' id='word_1_867' title='bbox 3392 5558 3730 5629; x_wconf 85' lang='grc' dir='ltr'>γεγενημένα</span> 
     </span>
    </p>
   </div>
   <div class='ocr_carea' id='block_1_117' title="bbox 2164 5648 3732 5734">
    <p class='ocr_par' dir='ltr' id='par_1_117' title="bbox 2164 5648 3732 5734">
     <span class='ocr_line' id='line_1_117' title="bbox 2164 5648 3732 5734; baseline -0.01 -16"><span class='ocrx_word' id='word_1_868' title='bbox 2164 5665 2302 5718; x_wconf 83' lang='grc' dir='ltr'>κατὰ</span> <span class='ocrx_word' id='word_1_869' title='bbox 2343 5664 2440 5734; x_wconf 85' lang='grc' dir='ltr'>τὴν</span> <span class='ocrx_word' id='word_1_870' title='bbox 2495 5659 2827 5733; x_wconf 82' lang='grc' dir='ltr'>Ἐξαήμερον</span> <span class='ocrx_word' id='word_1_871' title='bbox 2874 5657 3066 5710; x_wconf 81' lang='grc' dir='ltr'>ταῦτα.</span> <span class='ocrx_word' id='word_1_872' title='bbox 3114 5656 3233 5726; x_wconf 83' lang='grc' dir='ltr'><strong>Χρὴ</strong></span> <span class='ocrx_word' id='word_1_873' title='bbox 3280 5654 3359 5716; x_wconf 85' lang='grc' dir='ltr'>δὲ,</span> <span class='ocrx_word' id='word_1_874' title='bbox 3403 5649 3575 5722; x_wconf 74' lang='grc' dir='ltr'>οἶμαι,</span> <span class='ocrx_word' id='word_1_875' title='bbox 3624 5648 3732 5718; x_wconf 80' lang='grc' dir='ltr'><strong>πρὸ</strong></span> 
     </span>
    </p>
   </div>
   <div class='ocr_carea' id='block_1_118' title="bbox 2162 5744 3729 5828">
    <p class='ocr_par' dir='ltr' id='par_1_118' title="bbox 2162 5744 3729 5828">
     <span class='ocr_line' id='line_1_118' title="bbox 2162 5744 3729 5828; baseline -0.009 -18"><span class='ocrx_word' id='word_1_876' title='bbox 2162 5757 2262 5828; x_wconf 83' lang='grc' dir='ltr'>τῆς</span> <span class='ocrx_word' id='word_1_877' title='bbox 2296 5755 2592 5820; x_wconf 77' lang='grc' dir='ltr'>ἐξετάσεως</span> <span class='ocrx_word' id='word_1_878' title='bbox 2621 5752 2728 5807; x_wconf 85' lang='grc' dir='ltr'><strong>τῶν</strong></span> <span class='ocrx_word' id='word_1_879' title='bbox 2753 5749 3173 5824; x_wconf 86' lang='grc' dir='ltr'>γεγραμμένων,</span> <span class='ocrx_word' id='word_1_880' title='bbox 3211 5749 3386 5802; x_wconf 87' lang='grc' dir='ltr'>ἐκεῖνο</span> <span class='ocrx_word' id='word_1_881' title='bbox 3415 5744 3729 5816; x_wconf 77' lang='grc' dir='ltr'>διομολογη-</span> 
     </span>
    </p>
   </div>
  </div>
