4110 6508
337 394 405 448 69
1521 385 1589 442 IN
1623 384 2095 444 HEXAEMERON
2134 385 2353 440 LIBER.
3501 384 3570 448 7a

339 509 497 574 θῆναι
526 505 604 577 τῷ
627 505 788 576 λόγῳ,
822 505 903 559 ὅτι
936 504 1030 559 ἐπὶ
1057 505 1157 577 τῆς
1185 504 1336 569 θείας
1367 504 1578 575 φύσεως
1611 506 1904 578 σύνδρομός

2031 513 2277 570 estatem,
2299 514 2355 559 ut
2372 504 2466 560 Dei
2491 506 2776 577 potestatis
2799 518 3054 561 mensura
3079 505 3151 560 sit
3167 505 3283 576 ipsa
3299 507 3572 577 voluntas;

340 603 454 654 ἐστι
482 602 547 669 τῇ
599 599 849 670 βουλήσει
881 600 914 670 ή
963 598 1209 671 δύναμις,
1245 600 1339 653 καὶ
1376 600 1571 673 μέτρον
1605 600 1704 669 τῆς
1742 600 1902 653 δυνά-

346 706 489 759 μεως
520 686 615 741 τοῦ
666 687 798 741 Θεοῦ
844 688 904 742 τὸ
936 687 1144 758 θέλημα
1170 686 1431 757 ’γίνεται·
1479 688 1539 742 τὸ
1592 688 1649 741 δὲ
1700 688 1908 758 θέλημα

344 781 502 852 σοφία
537 782 704 835 ἐστίν.
736 781 934 850 Σοφίας
976 780 1032 833 δὲ
1062 780 1209 842 ίδιον,
1238 779 1300 833 τὸ
1332 779 1493 851 μηδὲν
1523 779 1733 846 ἀγνοεῖν
1762 779 1907 843 ὅπως

346 876 411 930 ἂν
433 874 501 929 τά
526 872 647 927 καθ’
669 873 894 927 ἕκαστον
917 872 1142 941 γένοιτο.
1171 873 1249 943 Τῇ
1277 872 1333 926 δὲ
1358 871 1554 939 γνώσει
1586 871 1909 941 συμπέφυκε

346 967 441 1021 καὶ
478 968 511 1037 ή
544 965 801 1036 δύναμις’
842 965 980 1018 ὥστε
1014 963 1147 1035 ὁμοῦ
1193 964 1333 1033 ἔγνω
1367 964 1427 1016 τὸ
1477 963 1592 1016 δέον
1639 962 1908 1030 γενέσθαι,

348 1058 678 1130 συνέδραμεν
708 1058 740 1127 ή
788 1056 1146 1127 ἐξεργαστικὴ
1177 1054 1285 1108 τῶν
1318 1054 1485 1108 ὄντων
1531 1056 1701 1124 ἰσχὺς,
1736 1053 1797 1106 τὸ
1824 1070 1912 1106 νο-

348 1150 477 1223 ηθέν
526 1151 605 1213 εἰς
654 1150 933 1221 ἐνέργειαν
981 1148 1220 1217 ἄγουσα,
1272 1148 1365 1199 καὶ
1421 1146 1571 1199 οὐδὲν
1632 1145 1789 1216 μετὰ·
1818 1145 1913 1216 τὴν

350 1241 548 1311 γνῶσιν
590 1239 1042 1312 ὑφεστερίζουσα,
1078 1236 1213 1292 ἀλλά
1256 1237 1612 1308 συνημμένως
1641 1236 1733 1290 καὶ
1762 1238 1914 1291 ἀδια-

352 1331 561 1394 στάτως
617 1329 1083 1385 συναναδείκνυται
1139 1330 1205 1399 τῇ
1265 1326 1425 1398 βουλῇ
1474 1327 1567 1379 καὶ
1619 1326 1678 1379 τὸ
1734 1326 1911 1396 ἔργον.

349 1423 589 1493 Δύναμις
614 1422 723 1493 γάρ
757 1424 901 1475 ἐστιν
926 1422 960 1491 ή
991 1419 1154 1490 βουλὴ
1199 1419 1340 1473 κατὰ
1367 1418 1557 1472 ταυτὸν
1579 1458 1592 1481 ,
1646 1420 1739 1471 καὶ
1771 1419 1917 1481 ὅπως

349 1514 417 1568 ἂν
446 1515 515 1568 τὰ
544 1514 669 1567 ὅντα
701 1513 908 1582 γένοιτο
938 1510 1389 1583 προϐουλεύουσα,
1420 1509 1513 1563 καὶ
1541 1510 1638 1573 τὰς
1666 1510 1917 1582 ἀφορμὰς

353 1606 491 1679 πρὸς
528 1607 624 1679 τὴν
655 1606 763 1659 τῶν
794 1600 1093 1677 νοηθέντων
1136 1604 1366 1674 ὕπαρξιν
1405 1604 1786 1676 ἐκπορίζουσα.
1833 1606 1919 1669 Ὠς

351 1698 489 1769 ὁμοῦ
519 1699 587 1753 τὰ
620 1700 795 1754 πάντα
818 1698 911 1753 τοῦ
941 1699 1071 1753 Θεοῦ
1100 1699 1224 1769 περὶ
1250 1698 1347 1767 τὴν
1379 1699 1556 1751 κτίσιν
1578 1698 1832 1766 νοεῖσθαι,
1859 1699 1921 1753 τὸ

355 1791 586 1863 θέλημα,
624 1790 723 1863 τὴν
771 1791 983 1859 σοφίαν,
1030 1792 1128 1862 τὴν
1173 1790 1419 1862 δύναμιν,
1465 1791 1562 1862 τὴν
1594 1791 1779 1845 οὑσίαν
1810 1791 1919 1845 τῶν

2006 596 2258 652 voluntas
2297 604 2479 652 autem
2521 604 2603 653 est
2642 598 2928 667 sapientia.
2978 595 3266 668 Sapientize
3302 615 3430 654 vero
3474 616 3573 671 po-

2008 690 2182 760 prium
2197 700 2301 759 est,
2318 706 2424 745 non
2450 690 2698 761 ignorare
2717 690 2989 760 quomodo
3012 690 3434 761 unumquodque
3461 691 3573 746 ﬁat".

2007 780 2177 836 Porro
2225 782 2590 855 cognitionem
2637 790 2878 852 potestas
2928 782 3192 851 sequitur.
3237 781 3573 852 Quapropter

2010 875 2171 929 simul
2197 882 2250 930 et
2282 874 2527 929 facienda
2559 876 2836 945 cognovit,
2860 881 2914 929 et
2943 874 3090 927 nulla
3124 874 3441 944 interposita
3471 891 3571 928 rno-

2010 980 2068 1019 ra
2101 968 2377 1021 concurrit
2412 983 2591 1022 rerum
2631 967 2870 1021 effectrix
2912 968 3016 1027 vis,
3050 984 3167 1036 quae
3199 969 3411 1038 cognita
3451 985 3577 1038 per-

2014 1058 2221 1121 liceret,
2266 1067 2319 1113 et
2359 1060 2475 1113 sine
2510 1060 2620 1113 ullo
2655 1059 2939 1113 intervallo
2973 1075 3094 1113 cum
3125 1062 3404 1114 voluntate
3443 1077 3576 1114 con-

2007 1149 2254 1219 junctum
2293 1166 2430 1220 opus
2471 1152 2814 1204 continenter
2859 1160 3141 1204 ostensum
3173 1158 3293 1205 est:
3330 1153 3579 1221 quando-

2014 1240 2228 1309 quidem
2266 1242 2503 1310 potentia
2549 1242 2799 1295 voluntas
2835 1250 2938 1305 est,
2974 1241 3272 1310 eodemque
3307 1249 3579 1296 momento

2015 1333 2281 1403 prospicit
2314 1333 2588 1402 quomodo
2618 1348 2705 1387 res
2741 1332 2891 1395 ﬁant,
2926 1342 2981 1387 et
3009 1333 3325 1389 occasiones
3356 1334 3579 1403 praebet,

2016 1436 2074 1478 ut
2116 1425 2351 1494 cogitata
2387 1426 2495 1480 sint
2538 1424 2700 1479 facta.
2744 1424 3106 1491 Quamobrem
3149 1428 3329 1481 omnia
3359 1442 3478 1497 quae
3525 1428 3579 1481 in

2017 1516 2125 1571 Deo
2161 1526 2309 1580 sunt,
2344 1518 2408 1571 ad
2446 1533 2626 1573 rerum
2659 1519 3093 1588 procreationem
3131 1520 3453 1589 pertinentia
3500 1522 3580 1576 si-

2018 1609 2129 1662 mul
2159 1610 2486 1679 cogitantur,
2520 1610 2793 1673 voluntas,
2828 1610 3116 1679 sapientia,
3148 1619 3388 1679 potestas
3416 1619 3470 1665 et
3493 1626 3582 1665 re-

2017 1714 2137 1751 rum
2168 1699 2410 1768 ipsarum
2443 1706 2659 1754 natura.
2695 1698 2825 1765 Quae
2850 1715 2973 1755 cum
3010 1700 3085 1753 ita
3127 1702 3256 1767 sint,
3292 1717 3452 1757 nemo
3476 1718 3584 1757 am-

2019 1790 2182 1859 plius,
2228 1788 2499 1859 quomodo
2534 1797 2628 1844 aut
2667 1792 2829 1859 unde,
2875 1793 3268 1863 perscrutando
3303 1793 3583 1865 inquiren-

352 1884 540 1937 ὄντων.
577 1883 778 1937 Τούτου
808 1883 864 1937 δὲ
892 1882 1062 1947 οὕτως
1109 1884 1342 1954 ἔχοντος,
1386 1884 1560 1938 οὐκέτ’
1592 1884 1656 1938 ἂν
1680 1903 1764 1948 τις
1802 1903 1921 1939 στε-

2031 1884 2197 1953 doque
2247 1892 2594 1951 torqueatur;
2649 1884 2825 1939 solent
2861 1884 3004 1938 enirn
3059 1884 3280 1955 quidam
3323 1887 3389 1941 ad
3438 1888 3586 1947 hunc

354 1980 642 2050 νοχωροῖτο
674 1976 801 2047 περὶ
825 1976 924 2046 τῆς
952 1975 1084 2047 ὕλης
1118 1976 1555 2049 διερευνώμενος,
1585 1970 1653 2031 τὸ
1685 1978 1801 2043 πῶς
1830 1980 1922 2032 καὶ

355 2067 417 2119 τὸ
445 2067 606 2120 πόθεν
636 2065 906 2137 ἐπιζητῶν
931 2084 945 2099 ο
980 2061 1068 2119 οἷα
1104 2067 1167 2140 δὴ
1200 2068 1463 2137 λεγόντων
1498 2070 1641 2121 ἔστιν
1684 2071 1919 2135 ἀκούειν,

357 2160 422 2212 Ei
451 2158 610 2221 ᾰὺλός
643 2160 787 2211 ἐστιν
823 2160 851 2211 6
891 2158 1040 2224 Θεὸς,
1091 2159 1252 2214 πόθεν
1295 2162 1327 2232 ή
1371 2160 1491 2233 ὕλη,
1525 2161 1642 2225 πῶς
1670 2162 1730 2215 τὸ
1760 2163 1923 2216 ποσὸν

358 2255 423 2305 ἐκ
445 2250 539 2305 τοῦ
566 2252 792 2316 ἀπόσου,
826 2254 919 2305 καὶ
948 2252 1013 2305 ἐκ
1041 2252 1133 2305 τοῦ
1168 2253 1368 2306 ἀόπτου
1397 2254 1457 2307 τὸ
1484 2254 1695 2324 ὁρατὸν,
1727 2256 1819 2307 καὶ
1863 2257 1925 2308 ἐκ

358 2345 454 2398 τοῦ
482 2344 783 2415 ἀμεγέθους
811 2362 870 2397 τε
890 2345 983 2398 καὶ
1019 2344 1290 2414 ἀορίστου,
1312 2345 1371 2399 τὸ
1400 2346 1614 2410 πάντως
1642 2346 1790 2416 ὄγκῳ
1818 2346 1926 2399 τινὶ

360 2431 456 2490 καὶ
500 2437 815 2507 πηλικότητι
851 2436 1161 2508 ὁριζόμενον
1188 2454 1201 2502 ;
1236 2439 1330 2491 καὶ
1362 2438 1429 2491 τὰ
1460 2438 1591 2493 ἄλλα
1625 2438 1800 2491 πάντα
1829 2440 1927 2492 ὅσα

361 2531 492 2602 περὶ
534 2531 630 2601 τὴν
678 2530 809 2600 ὕλην
855 2530 1066 2601 ὁρᾶται,
1116 2531 1296 2603 πῶςῆ
1335 2531 1497 2586 πόθεν
1529 2534 1847 2604 παρήγαγεν
1899 2536 1928 2588 6

364 2623 533 2693 μηδὲν
564 2623 620 2674 ἐν
659 2624 725 2693 τῇ
774 2622 967 2676 ἐαυτοῦ
998 2623 1155 2692 φύσει
1184 2623 1418 2678 τοιοῦτον
1446 2624 1619 2694 ἔχων;
1669 2626 1782 2679 Μία
1816 2627 1928 2697 γὰρ

362 2711 593 2764 ἑκάστου
637 2710 747 2764 τῶν
782 2714 910 2782 περὶ⁸
948 2715 1046 2783 τῆς
1080 2712 1211 2779 ὕλης
1260 2715 1677 2786 προφερομένων
1725 2719 1855 2787 ἡμῖν
1894 2719 1929 2788 ή

362 2803 534 2870 λύσις,
573 2804 634 2858 τὸ
666 2806 802 2875 μήτε
831 2806 1087 2860 ἀδύνατον
1112 2807 1209 2880 τὴν
1254 2808 1442 2878 σοφίαν
1467 2808 1559 2862 τοῦ
1581 2809 1713 2863 Θεοῦ
1741 2809 1929 2864 ὑποτί-

364 2895 573 2961 θεσθαι,
624 2898 760 2968 μήτε
802 2898 898 2970 τὴν
931 2898 1156 2970 δύναμιν
1187 2900 1387 2971 ἄσοφον
1407 2919 1421 2933 °
1454 2902 1588 2956 ἀλλὰ
1620 2903 1738 2973 μετ’
1770 2902 1932 2973 ἀλλή-

363 2991 471 3042 λων
521 2985 657 3042 εἷναι
704 2990 896 3053 ταῦτα,
946 2992 1041 3045 καὶ
1068 2991 1126 3045 ἒν
1171 2993 1454 3066 ἀμφότερα
1484 2995 1815 3066 δείκνυσθαι,
1854 2996 1930 3059 ώς

365 3081 486 3150 ἅμα
519 3081 611 3134 καὶ
645 3080 787 3134 κατὰ
827 3082 1022 3135 ταὺτὸν
1067 3081 1145 3153 τῷ
1192 3084 1361 3154 ἑτέρῳ
1396 3085 1829 3157 συγκατορᾶσθαι
1870 3086 1932 3138 τὸ

364 3172 570 3242 ἕτερον.
604 3173 676 3225 Τό
716 3190 775 3225 τε
820 3172 928 3244 γὰρ
962 3174 1122 3243 σοφὸν
1150 3174 1313 3228 αὑτοῦ
1350 3175 1558 3247 θέλημα
1589 3181 1654 3249 τῇ
1706 3178 1929 3249 δυνάμει

365 3264 475 3317 τῶν
522 3266 925 3337 ἐνεργουμένων
977 3266 1331 3337 ἐφανερώθη,
1385 3269 1536 3339 καὶή
1604 3270 1929 3342 ἐνεργητικὴ

366 3355 531 3411 αὑτοῦ
560 3356 785 3427 δύναμις
846 3358 904 3411 ἐν
946 3356 1022 3428 τῷ
1052 3357 1197 3429 σοφῷ
1231 3358 1493 3429 θελήματι
1524 3359 1832 3431 ἐτελειώθη.
1868 3362 1931 3414 Εἰ

366 3443 462 3500 οὖν
488 3449 544 3500 ἐν
580 3448 655 3519 τῷ
677 3448 823 3519 αὐτῷ
852 3448 944 3502 καὶ
974 3449 1111 3502 κατά
1136 3450 1326 3505 ταύτόν
1355 3454 1499 3504 ἐστιν
1526 3453 1559 3523 ἡ
1599 3451 1757 3521 σοφία
1782 3451 1874 3505 καὶ
1898 3452 1931 3523 ὴ

367 3536 593 3608 δύναμις
646 3537 769 3591 οὕτε
814 3540 997 3607 ἀγνοεῖ
1026 3541 1171 3603 ὅπως
1202 3540 1268 3595 ἃν
1317 3542 1416 3612 ὕλη
1462 3542 1594 3614 πρὸς
1623 3544 1722 3615 τὴν
1762 3561 1933 3597 κατα-

370 3628 568 3699 σκευὴν
598 3630 844 3701 εὑρεθείη
879 3629 984 3683 τῶν
1013 3632 1199 3699 ὄντων,
1236 3631 1346 3687 οὒτ’
1382 3635 1628 3691 ἀδυνατεῖ
1657 3635 1717 3689 τὸ
1744 3635 1934 3707 νοηθὲν

370 3726 706 3795 προαγαγεῖν
740 3725 819 3786 εἰς
853 3723 1151 3793 ἐνέργειαν.

441 3813 627 3867 Πάντα
641 3814 694 3866 δέ
711 3814 1021 3885 δυνάμενος,
1041 3815 1174 3886 ὁμοῦ
1192 3815 1259 3870 τὰ
1278 3816 1455 3871 πάντα
1469 3817 1535 3870 δι’
1554 3810 1674 3889 ὧνὴ
1696 3819 1791 3888 ὕλη
1812 3837 1935 3874 συν-

376 3905 590 3959 ίσταται
611 3904 687 3975 τῷ
712 3904 858 3975 σοφῷ
876 3922 934 3957 τε
958 3906 1049 3958 καὶ
1065 3905 1272 3977 δυνατῷ
1301 3906 1562 3977 θελήματι
1612 3906 1937 3962 κατεϐάλετο

373 3998 511 4069 πρὸς
532 3997 629 4068 τὴν
645 3996 984 4067 ἀπεργασίαν
997 3996 1102 4051 τῶν
1116 3998 1303 4062 ὄντων,
1318 3998 1376 4051 τὸ
1390 3998 1608 4068 κοῦφον,
1625 3998 1686 4051 τὸ
1704 3997 1864 4070 βαρὺ,
1879 3998 1939 4051 τὸ

372 4090 585 4152 ναστὸν,
604 4090 664 4143 τὸ
683 4090 895 4159 ἀραιὸν,
914 4090 975 4143 τὸ
996 4091 1251 4160 μαλακὸν,
1273 4090 1333 4144 τὸ
1349 4092 1655 4158 ἀντίτυπον,
1674 4093 1731 4144 τὸ
1753 4092 1937 4163 ὑγρὸν,
1954 4140 1986 4173 ,κ

372 4183 434 4236 τὸ
456 4181 638 4252 ξηρὸν,
666 4181 724 4234 τὸ
755 4180 977 4253 ψυχρὸν,
1007 4182 1066 4235 τὸ
1085 4181 1380 4253 θερμὸν,τὸ
1398 4180 1615 4253 χρῶμα,
1645 4182 1705 4234 τὸ
1734 4184 1940 4252 σχῆμα,

374 4276 473 4348 τὴν
489 4274 855 4345 περιγραφὴν,
875 4274 936 4326 τὸ
951 4273 1137 4342 διάστη
1147 4291 1240 4343 μα·
1263 4273 1298 4327 ἃ
1324 4274 1497 4326 πάντα
1521 4274 1618 4343 μὲν
1638 4274 1757 4327 καθ’
1775 4275 1943 4328 ἐαυτά

377 4366 575 4419 ἔννοιαί
598 4367 710 4418 ἐστι
736 4366 829 4418 καὶ⁵
847 4364 976 4435 ψιλὰ
998 4366 1261 4435 νοήματα.
1296 4364 1370 4417 Ού
1402 4364 1509 4434 γάρ
1542 4382 1592 4416 τι
1624 4366 1828 4419 τούτων
1857 4367 1941 4434 ἐφ’

377 4456 569 4511 ἐαυτοῦ
588 4456 685 4526 ὕλη
707 4457 872 4521 ἐστὶν,
902 4456 1037 4510 ἀλλά
1056 4457 1425 4527 συνδραμόντα
1446 4457 1580 4528 πρὸς
1597 4458 1818 4530 ἄλληλα,
1843 4458 1940 4530 ὕλη

2024 1973 2240 2027 modum
2277 1974 2585 2043 percontari
2611 1995 2623 2029 ε
2645 1976 2702 2031 Si
2735 1975 2982 2040 materia,
3016 1976 3287 2047 inquiunt,
3327 1977 3470 2034 Deus
3492 1995 3584 2034 va-

2023 2074 2129 2131 cat,
2168 2067 2309 2122 unde
2325 2068 2586 2121 materia?
2616 2069 2888 2138 quomodo
2911 2078 3090 2123 autem
3118 2079 3383 2139 quantum
3407 2086 3473 2125 ex
3497 2087 3584 2136 eo,

2023 2158 2113 2228 qui
2148 2160 2630 2228 caretquantitale,
2655 2167 2746 2213 aut
2765 2160 3092 2230 aspectabile
3112 2178 3178 2217 ex
3196 2163 3307 2227 illo,
3325 2163 3416 2232 qui
3436 2167 3587 2218 cerni

2024 2264 2131 2302 non
2153 2249 2366 2317 potest?
2382 2260 2472 2303 aut
2491 2266 2558 2305 ex
2580 2265 2665 2313 eo,
2695 2250 2785 2319 qui
2810 2252 2956 2305 nulla
2985 2253 3125 2307 mole
3142 2252 3589 2323 circumscriptus

2023 2348 2127 2402 est,
2154 2339 2204 2393 id
2223 2340 2363 2408 quod
2388 2340 2566 2409 aliqua
2585 2341 2807 2394 omnino
2828 2343 3197 2412 magnitudine
3213 2345 3591 2413 amplitudine-

2026 2446 2132 2500 que
2151 2432 2526 2485 concluditur?
2544 2432 2669 2487 ﬂare
2691 2441 2743 2488 et
2760 2434 2863 2486 alia
2886 2434 3064 2487 omnia
3090 2435 3329 2504 ejusdem
3351 2440 3589 2507 generis,

2027 2540 2145 2589 qua:
2176 2526 2229 2579 in
2275 2526 2390 2595 ipsa
2413 2525 2641 2581 materia
2680 2526 2951 2602 videntur,
2996 2543 3231 2596 quonam
3275 2538 3451 2599 pacto,
3498 2541 3592 2585 aut

2027 2617 2173 2673 unde
2195 2619 2446 2687 produxit
2467 2618 2577 2681 ille,
2597 2617 2689 2688 qui
2710 2619 2762 2672 in
2786 2627 2979 2673 natura
3006 2634 3104 2673 sua
3122 2620 3254 2673 nihil
3271 2620 3433 2676 habet
3455 2622 3594 2691 ejus-

2032 2708 2209 2760 modi?
2237 2707 2318 2761 Ad
2348 2708 2591 2777 singulas
2622 2708 2787 2774 enim,
2820 2724 2940 2776 quae
2967 2707 3033 2763 de
3058 2710 3281 2763 materia
3313 2710 3595 2779 proferun-

2027 2809 2118 2854 tur
2145 2800 2493 2870 quaestiones,
2533 2816 2639 2854 una
2670 2801 2758 2854 illa
2795 2802 2951 2855 nobis
2977 2801 3173 2855 solutio
3210 2810 3293 2856 est
3331 2821 3343 2856 :
3372 2819 3469 2858 nec
3497 2802 3604 2858 Dei

2029 2892 2371 2961 sapientiam,
2393 2892 2739 2961 impotentem
2761 2910 2775 2958 ;
2794 2907 2893 2946 nec
2910 2894 3227 2961 potentiam,
3249 2893 3593 2964 insipientem

2028 2985 2277 3053 proponi,
2305 2984 2395 3038 sed
2428 2983 2569 3037 inter
2590 2999 2648 3037 se
2678 2992 2865 3037 mutuo
2882 2984 3175 3053 conjuncta
3207 3001 3349 3050 esse,
3370 2994 3423 3041 et
3447 2999 3596 3041 utra-

2029 3090 2135 3146 que
2153 3090 2318 3128 unum
2342 3075 2577 3136 ostendi,
2602 3075 2835 3129 utsimul
2860 3076 3173 3145 pariterque
3198 3077 3251 3130 in
3274 3088 3503 3147 utroque
3523 3080 3597 3133 al-

2031 3175 2207 3223 terum
2232 3176 2509 3221 cernatur.
2539 3166 2817 3237 Siquidem
2839 3176 2892 3223 et
2916 3170 3133 3237 sapiens
3154 3171 3323 3240 ipsius
3344 3173 3596 3228 voluntas

2030 3266 2298 3332 potestate
2334 3258 2599 3313 factorum
2637 3266 2722 3313 est
2758 3260 3030 3314 declarata
3054 3300 3069 3326 ,
3112 3269 3166 3316 et
3196 3262 3437 3317 eﬂeetrix
3476 3266 3598 3334 ejus

2032 3360 2276 3423 potestas
2316 3353 2370 3404 in
2408 3352 2583 3422 ipsius
2624 3352 2870 3422 sapiente
2901 3358 3181 3409 voluntate
3216 3356 3454 3424 perfecta
3492 3366 3594 3411 est.

2031 3442 2291 3508 Proinde,
2311 3444 2355 3497 si
2379 3452 2432 3497 et
2456 3444 2509 3496 in
2528 3443 2715 3497 eodem
2741 3452 2795 3498 et
2822 3445 2985 3498 simul
3014 3446 3279 3515 sapientia
3305 3457 3409 3512 est,
3435 3459 3599 3519 atque

2031 3535 2429 3605 potentia;nec
2451 3535 2685 3605 ignorat,
2708 3539 2978 3605 quomodo
3014 3538 3078 3590 ad
3104 3554 3285 3593 rerum
3326 3542 3602 3611 composi-

2032 3626 2237 3680 tionem
2288 3626 2599 3680 inveniatur
2643 3628 2894 3688 materia.
2946 3644 3047 3684 nee
3090 3631 3369 3687 invalidus
3414 3644 3497 3687 est
3532 3635 3600 3689 ad

2034 3718 2167 3773 illud
2196 3717 2559 3781 eﬂiciendum,
2592 3718 2739 3787 quod
2770 3721 2938 3774 novit.

2104 3812 2290 3880 Itaque
2318 3826 2441 3865 cum
2476 3813 2657 3865 omnia
2676 3814 2867 3879 possit,
2886 3814 2949 3866 ad
2972 3829 3150 3867 rerum
3177 3825 3602 3883 procreationem

2036 3900 2265 3970 sapienti
2300 3902 2612 3971 potentique
2632 3902 2909 3955 voluntate
2943 3905 3105 3957 simul
3136 3907 3318 3957 omnia
3345 3908 3599 3971 contulit,

2035 3992 2331 4056 levitatem,
2369 3994 2707 4062 gravitatem,
2744 3993 3088 4058 densitatem,
3131 3996 3429 4060 raritatem,
3467 3998 3604 4051 mol-

2038 4083 2342 4148 litudinem,
2384 4085 2659 4148 duritiam,
2701 4085 3102 4150 humiditatem,
3147 4088 3468 4151 siccitatem,
3511 4088 3604 4145 fri-

2040 4177 2340 4249 giditatem,
2381 4177 2731 4244 caliditatem,
2771 4180 3028 4245 colorem,
3068 4180 3317 4251 ﬁguram,
3357 4185 3605 4237 circum-

2043 4269 2414 4336 scriptionem,
2444 4270 2819 4323 intervallum:
2852 4286 2972 4340 qua:
2995 4272 3210 4340 quidem
3243 4274 3454 4342 singula
3480 4283 3607 4330 sunt

2044 4371 2233 4414 tenues
2266 4360 2509 4430 quaedam
2541 4362 2806 4432 nudaeque
2841 4365 3125 4432 notiones;
3162 4366 3298 4420 nihil
3332 4368 3475 4421 enim
3508 4369 3608 4423 ho—

2044 4468 2162 4505 rum
2200 4469 2364 4505 lllllllll
2402 4469 2497 4521 per
2529 4470 2586 4509 se
2615 4456 2840 4510 materia
2871 4466 2975 4522 est,
3010 4459 3101 4512 sed
3138 4460 3349 4513 cunctis
3379 4460 3517 4514 inter
3550 4476 3610 4516 se

374 4550 602 4618 γίνεται.
630 4549 693 4600 Ei
722 4543 814 4601 οὖν
836 4546 910 4618 τῷ
937 4546 1254 4619 ὑπερέχοντι
1281 4548 1376 4619 τῆς
1400 4548 1589 4617 σοφίας
1615 4549 1707 4602 καὶ
1731 4549 1830 4618 τῆς
1850 4550 1931 4602 δυ-

2045 4546 2505 4602 concurrentibus
2534 4548 2756 4601 materia
2804 4550 2881 4602 lit.
2920 4548 2973 4602 Si
3008 4550 3171 4619 igitur
3195 4553 3475 4620 sapientia:
3511 4568 3610 4621 po-

375 4641 611 4711 νάμεως,
636 4639 728 4692 καὶ
748 4638 924 4691 πάντα
942 4635 1049 4691 οἶδε
1075 4638 1167 4690 καὶ
1192 4638 1364 4690 πάντα
1393 4638 1632 4704 δύναται,
1660 4640 1798 4708 τάχα
1829 4658 1942 4702 πως

380 4731 812 4805 προσεγγίζομεν
832 4734 895 4803 τῇ
911 4730 1084 4801 ὑψηλῇ
1103 4729 1195 4782 τοῦ
1212 4731 1342 4783 Μωὺ
1352 4731 1483 4793 σέως
1498 4734 1669 4802 φωνῇ,
1682 4732 1741 4793 ὅς
1759 4748 1941 4800 φησιν·

390 4827 493 4879 Ἐν
523 4822 822 4891 κεφαλαίῳ
855 4820 1032 4891 (τοῦτο
1059 4820 1164 4890 γὰρ
1194 4820 1313 4873 ἀντὶ
1350 4820 1449 4889 τῆς
1482 4816 1674 4887 ἀρχῆς
1719 4819 1945 4882 Ἀκύλας

378 4909 665 4975 ἐκδέδωκε)
700 4907 1027 4977 πεποιῆσθαι
1066 4906 1218 4978 παρὰ
1263 4906 1356 4960 τοῦ
1404 4907 1539 4959 Θεοῦ
1582 4908 1675 4961 τὸν
1719 4908 1946 4978 οὑρανὸν

375 5001 471 5055 καὶ⁸
495 5000 595 5070 τὴν
616 5001 739 5068 γῆν.
778 4998 995 5067 Ἐπειδὴ
1019 4997 1126 5068 γὰρ
1154 4997 1514 5065 είσαγωγικὸν
1548 4999 1683 5071 πρὸς
1713 4999 1946 5067 θεογνω-

377 5091 498 5144 σίαν
531 5089 591 5143 τὸ
621 5089 723 5159 τῆς
743 5089 1010 5157 γενέσεως
1042 5088 1239 5158 βιϐλίον
1271 5091 1298 5141 6
1323 5090 1605 5160 προφήτης
1636 5089 1945 5159 πεποίηται,

375 5182 471 5235 καὶ
507 5181 707 5243 σκοπός
734 5180 849 5232 ἐστι
883 5179 959 5250 τῷ
988 5182 1215 5251 Μωὺσῇ,
1250 5182 1373 5243 τοὺς
1400 5184 1464 5250 τῇ
1498 5179 1744 5252 αἰσθήσει
1774 5181 1950 5233 δεδουι⁹

375 5274 657 5344 λωμένους
680 5272 1085 5344 χειραγωγῆσαι
1111 5271 1196 5325 διὰ
1222 5272 1329 5324 τῶν
1356 5273 1690 5343 φαινομένων
1718 5273 1852 5343 πρὸς
1883 5271 1951 5326 τά

380 5361 752 5431 ὑπερκείμενα
798 5361 896 5429 τῆς
940 5360 1259 5431 αίσθητικῆς
1300 5362 1683 5433 καταλήψεωςο
1737 5362 1949 5434 οὐρανῷ

380 5453 436 5505 δὲ
461 5452 559 5506 καὶ
584 5455 653 5522 τῇ
686 5457 754 5523 γῇ
779 5452 1019 5521 ὁρίζεται
1052 5454 1181 5523 ἡμῖν
1208 5454 1240 5524 ή
1284 5453 1370 5507 διὰ
1391 5457 1488 5524 τῆς
1508 5455 1683 5525 ὂψεως
1710 5455 1908 5524 γνῶσις
1932 5473 1943 5486 ³

382 5546 469 5600 διὰ
492 5544 650 5598 τοῦτο
669 5544 743 5608 ὡς
766 5545 1088 5616 περιεκτικὰ
1110 5545 1218 5598 τῶν
1236 5546 1402 5599 ὄντων
1423 5548 1487 5600 τὰ
1509 5547 1710 5618 ἔσχατα
1732 5548 1840 5603 τῶν
1865 5548 1952 5602 διά

384 5637 480 5707 τῆς
513 5637 818 5706 αἰσθήσεως
836 5638 968 5708 ἡμῖν
987 5638 1401 5708 γινωσκομένων
1430 5641 1456 5691 ὁ
1472 5639 1626 5709 λόγος
1648 5641 1946 5711 ὠνόμασεν,

384 5728 470 5781 ἵνα
497 5727 588 5781 διὰ
632 5726 728 5780 τοῦ
749 5727 815 5779 τὰ
849 5727 1166 5799 περιέχοντα
1186 5731 1357 5781 εἰπεῖν
1382 5730 1531 5801 παρὰ
1569 5730 1700 5783 Θεοῦ
1721 5733 1949 5802 γεγενῆ-

385 5818 527 5885 σθαι,
554 5817 930 5890 συμπεριλόιϐῃ
962 5820 1068 5873 πᾶν
1096 5819 1153 5872 τὸ
1180 5820 1325 5885 ἐντὸς
1354 5821 1460 5875 τῶν
1490 5821 1671 5892 ἄκρων
1700 5823 1946 5893 περιεχό-

2042 4635 2330 4704 ιειιιίεειμιε
2362 4636 2671 4705 praestantia
2704 4646 2756 4691 et
2783 4638 2966 4691 omnia
2999 4641 3171 4703 novit,
3202 4649 3255 4694 et
3288 4649 3462 4709 potest
3493 4657 3613 4695 om-

2041 4727 2153 4787 nia,
2182 4726 2363 4795 aliquo
2386 4727 2545 4780 modo
2578 4727 2810 4783 fortasse
2843 4728 2906 4781 ad
2931 4732 3196 4785 excelsam
3232 4732 3397 4788 Mosis
3424 4749 3610 4789 vocem

2043 4818 2376 4884 accepimus,
2413 4818 2540 4886 qui,
2593 4836 2610 4867 ι
2643 4818 2697 4871 in
2742 4834 2983 4881 summa,
3024 4839 3042 4870 ι
3092 4822 3268 4890 inquit
3318 4823 3420 4889 (sic
3466 4825 3612 4876 enim

2044 4910 2268 4977 Aquilas
2297 4925 2416 4978 pro,
2457 4928 2472 4957 ι
2502 4911 2552 4962 in
2586 4911 2874 4979 principio,
2898 4931 2915 4962 ι
2952 4912 3132 4981 vertit)
3172 4914 3300 4967 fecit
3332 4914 3474 4970 Deus
3496 4930 3611 4970 εω-

2056 5003 2162 5053 lum
2203 5010 2256 5055 et
2288 5011 2505 5058 terram.
2538 5002 2802 5067 Quoniam
2830 5006 2971 5058 enim
3002 5008 3397 5076 procreationis
3418 5009 3615 5062 librum

2054 5092 2358 5160 composuit
2398 5094 2694 5163 propheta,
2738 5103 2796 5149 ut
2840 5097 2906 5149 ad
2958 5097 3050 5152 Dei
3096 5101 3457 5167 cognitionem
3505 5101 3616 5153 dux

2053 5194 2214 5246 esset,
2246 5183 2406 5252 idque
2438 5183 2569 5238 Mosi
2600 5186 2937 5255 propositum
2964 5187 3082 5250 fuit,
3119 5198 3175 5242 ut
3196 5205 3291 5243 eos
3317 5190 3407 5257 qui
3442 5188 3617 5242 sensi-

2055 5275 2154 5329 bus
2178 5276 2394 5329 obnoxii
2423 5276 2766 5347 devinctique
2792 5287 2939 5345 sunt,
2960 5296 3053 5348 per
3075 5295 3137 5334 ea
3160 5297 3279 5349 qum
3299 5288 3617 5341 cernuntur,

2054 5364 2118 5418 ad
2157 5365 2243 5417 illa
2286 5365 2602 5433 perduceret
2635 5383 2755 5436 quae
2796 5369 3049 5422 sensibus
3085 5368 3469 5438 comprehendi
3510 5382 3618 5421 non

2054 5466 2316 5525 possunt;
2342 5458 2480 5511 caelo
2511 5468 2689 5513 autem
2717 5466 2769 5513 et
2798 5466 2945 5513 terra
2974 5468 3159 5514 nostra
3195 5476 3289 5530 per
3317 5460 3503 5513 oculos
3532 5475 3619 5513 co-

2054 5549 2224 5615 gnitio
2276 5550 2643 5616 terminatur;
2697 5550 2901 5605 ideirco
2960 5562 3197 5606 extrema
3252 5566 3439 5605 eorum
3496 5566 3618 5620 quae

2054 5655 2217 5694 sensu
2263 5656 2293 5694 a
2337 5642 2493 5697 nobis
2540 5643 2941 5712 percipiuntur,
2990 5651 3244 5713 tanquam
3290 5658 3379 5697 res
3424 5658 3616 5700 omnes

2058 5731 2469 5800 complcctentia
2498 5733 2816 5799 nominavit,
2844 5742 2901 5788 ut
2925 5749 2988 5789 ea
3012 5749 3130 5804 quae
3156 5734 3617 5805 complectuntur,

2056 5842 2085 5880 a
2127 5826 2232 5881 Deo
2275 5824 2413 5881 facta
2459 5842 2579 5883 esse
2628 5841 3093 5895 commemorans,
3140 5827 3623 5898 comprehenderet
