4110 6540
487 440 550 495 71
1724 424 1786 479 S.
1813 419 2136 478 GliEGURll
2166 413 2457 473 NYSSENI
3646 408 3710 463 7‘3

451 539 471 550 ’
491 551 755 626 quidquid
783 551 851 605 ab
877 550 984 604 illis
1014 545 1347 609 continetur,
1381 551 1437 599 et
1471 558 1566 615 pro
1595 557 1690 604 eo,
1733 551 1792 596 ut
1819 542 2054 602 diceret,

2168 553 2342 606 μενον,
2369 536 2464 591 καὶ
2482 536 2601 590 ἀντὶ
2616 533 2709 590 τοῦ
2731 535 2900 588 εἰπεῖν
2919 533 3000 586 δτι
3018 529 3228 603 ἀθρόως
3251 528 3428 581 πάντα
3455 525 3519 579 τὰ
3542 524 3667 578 ὅντα
3686 525 3715 577 ὁ

493 643 657 700 simul
682 645 863 697 omnia
898 642 1062 695 Deum
1110 638 1336 702 fecisse,
1373 655 1391 687 ι
1415 636 1469 690 in
1505 650 1718 689 summa
1741 653 1759 684 ι
1805 633 1920 688 sive
1965 632 2058 684 «in

491 712 818 806 principio,»
863 733 1018 792 dixit,
1061 729 1227 784 Deum
1263 727 1460 783 fecisse
1503 725 1700 780 coelum
1733 733 1788 779 et
1833 733 2055 778 terram.

493 825 784 896 Utriusque
812 835 988 878 autem
1022 821 1172 875 vocis
1202 835 1308 873 una
1339 816 1667 890 signiﬁcatio
1693 823 1778 871 est
1806 835 1820 871 :
1860 816 2060 885 princi-

494 919 638 988 pium
669 917 808 972 enim
828 956 840 980 ,
868 923 922 968 et
950 927 1162 968 summa
1188 926 1341 981 aeque
1368 909 1642 965 declarant
1673 906 1854 963 simul.
1884 905 2060 972 Quare

494 1022 588 1077 per
604 1019 898 1060 «summam
912 1023 929 1054 ι
949 1002 1185 1058 ostendit
1202 1001 1380 1056 omnia
1399 1000 1560 1056 simul
1576 998 1742 1054 fuisse
1757 1005 2056 1069 procreata,

489 1105 544 1152 et
574 1111 667 1166 per
695 1112 713 1145 ι
741 1095 1066 1165 principium
1092 1111 1111 1146 ι
1144 1099 1362 1155 cuncta,
1398 1097 1693 1154 momento,
1721 1098 1774 1144 et
1805 1090 1922 1144 sine
1951 1089 2061 1142 ullo

493 1189 752 1258 temporis
795 1186 971 1257 spatio
1017 1184 1161 1238 facta
1205 1183 1373 1236 fuisse
1407 1180 1695 1253 signiﬁcat.
1729 1180 2057 1250 Principium

488 1281 634 1334 enim
665 1294 774 1333 non
810 1278 1036 1348 patitur,
1072 1285 1132 1331 ut
1159 1277 1326 1330 ullum
1363 1273 1707 1329 intervallum
1737 1273 2057 1343 cogitemus.

490 1371 625 1425 Nam
654 1379 714 1426 ut
745 1377 1007 1441 punctum
1043 1375 1126 1424 est
1156 1367 1481 1438 principium
1532 1367 1707 1429 lineae,
1751 1373 1804 1420 et
1853 1365 2061 1419 indivi-

491 1463 658 1517 duum
693 1461 962 1532 corporis,
993 1462 1070 1516 sic
1098 1469 1428 1514 momentum
1460 1457 1632 1528 ipsius
1660 1457 1936 1526 temporis.
1967 1454 2062 1510 Be-

489 1569 611 1610 rum
634 1554 802 1624 igitur
829 1553 990 1608 simul
1020 1552 1259 1604 omnium
1284 1550 1622 1605 constructio
1649 1549 1716 1603 ab
1759 1547 2062 1604 incredibili

490 1644 734 1716 potentia
764 1641 856 1698 Dei
889 1640 1150 1713 proiecta,
1182 1642 1511 1711 principium
1540 1657 1568 1694 a
1593 1639 1762 1704 Mose,
1795 1654 1892 1694 seu
1915 1655 2064 1695 sum-

491 1749 581 1788 ma
617 1734 674 1787 in
716 1748 821 1803 qua
873 1732 1122 1786 consistit
1170 1730 1519 1796 universitas,
1566 1729 1897 1784 nominatur.
1951 1729 2059 1796 Ille,

490 1824 620 1879 dum
653 1840 832 1879 rerum
862 1832 1102 1879 extrema
1132 1822 1499 1893 prosequitur,
1532 1823 1695 1876 tacite
1724 1823 1886 1876 etiam
1915 1821 2060 1876 indi-

490 1925 582 1970 cat
611 1931 731 1986 quaa
759 1917 894 1986 ipsis
927 1914 1467 1986 comprehenduntur
1497 1915 1778 1970 extremis.
1809 1913 2060 1970 Extrema
2091 1894 2132 1948 Β

488 2007 633 2072 dico,
687 2007 868 2060 habita
910 2007 1120 2060 ratione
1167 2020 1359 2060 sensus
1400 2005 1645 2068 humani,
1700 2005 1790 2073 qui
1828 2020 1926 2059 nec
1959 2005 2062 2060 sub

489 2107 690 2154 terram
726 2105 970 2167 penetrat
1009 2112 1108 2151 nec
1141 2097 1338 2151 ccelum
1373 2095 1736 2152 transcendit.
1769 2095 1824 2149 lu
1856 2095 2063 2166 princi-

490 2191 581 2259 pio
612 2191 776 2260 igitur
807 2189 1066 2242 mundum
1096 2203 1219 2243 esse
1246 2186 1521 2242 conditum
1556 2186 1765 2252 dicens,
1798 2187 2065 2257 signiﬁcat

490 2296 674 2335 rerum
715 2280 955 2333 omnium
985 2281 1304 2334 occasiones
1334 2287 1387 2333 et
1426 2293 1640 2342 causas,
1675 2287 1729 2333 et
1770 2287 2063 2348 potestates

494 2388 525 2424 a
543 2372 648 2426 Deo
668 2370 840 2425 fuisse
865 2369 1165 2436 coniectas,
1188 2381 1240 2424 et
1258 2370 1322 2423 ad
1350 2369 1584 2439 primum
1609 2368 2065 2423 voluntatisillius

491 2471 700 2519 motum
728 2479 816 2518 res
845 2463 1091 2533 singulas
1117 2462 1415 2528 exstitisse,
1438 2462 1659 2524 caalum,
1687 2460 1906 2524 aztliera,
1937 2462 2064 2513 stel-

492 2559 598 2621 las,
628 2557 824 2626 ignem,
859 2572 1007 2620 aera,
1041 2571 1190 2610 mare
1225 2565 1470 2622 ,terram,
1506 2553 1781 2618 animalia,
1816 2553 2060 2623 plantas:

494 2664 614 2719 quae
638 2648 854 2718 quidem
889 2648 1070 2702 omnia
1102 2647 1193 2701 Dei
1225 2649 1386 2701 oculo
1416 2647 1798 2706 cernebantur,
1830 2655 2068 2715 potesta-

492 2740 566 2794 tis
617 2740 827 2793 ratione
863 2739 1192 2808 conspicua,
1240 2747 1300 2791 ut
1347 2738 1521 2808 inquit
1569 2737 1874 2807 propheta:
1918 2735 2066 2802 «Qui

495 2832 644 2886 videt
666 2833 850 2886 omnia
880 2831 1231 2900 prius,quam
1259 2829 1444 2884 ﬁant'.
1473 2849 1490 2883 ι
1527 2827 1633 2885 Sed
1664 2839 1950 2900 potestate,
1981 2843 2068 2883 sa-

493 2923 806 2992 pientiaque
831 2922 898 2977 ad
932 2921 1264 2992 singularum
1302 2921 1488 2975 mundi
1519 2921 1752 2990 partium
1784 2919 2066 2990 perfectio-

495 3029 618 3068 nem
651 3014 868 3076 collata,
900 3013 1209 3067 necessaria
1238 3011 1484 3081 quzedam
1513 3013 1681 3067 series
1711 3012 1900 3066 ordine
1927 3027 2066 3082 quo-

492 3104 617 3159 dam
649 3112 941 3160 consecuta
975 3111 1078 3167 est,
1115 3115 1174 3156 ut
1203 3117 1370 3158 unum
1397 3103 1614 3174 aliquod
1644 3119 1710 3157 ex
1742 3111 1853 3156 tota
1886 3117 2064 3158 rerum

2160 627 2291 692 Θεὸς
2311 629 2583 698 ἐποίησεν,
2613 625 2760 682 εἶπεν
2784 627 2852 680 ἐν
2870 623 3191 694 κεφαλαίῳ,
3209 621 3326 690 ἤτοι
3351 619 3420 672 ἐν
3446 615 3599 686 ἀρχῇ
3623 633 3717 669 πε-

2160 717 2440 789 ποιηκέναι
2485 717 2576 770 τὸν
2621 717 2750 770 Θεὸν
2792 716 2881 769 τὸν
2923 712 3148 785 οὐρανὸν
3186 711 3279 764 καὶ
3313 709 3411 779 τὴν
3445 711 3566 777 γῆν.
3604 706 3718 760 Μία

2157 807 2214 861 δὲ
2233 808 2340 862 τῶν
2365 808 2456 862 δύο
2485 807 2675 880 φωνῶν
2709 809 2742 879 ὴ
2778 805 3037 879 σημασία,
3073 804 3171 875 τῆς
3202 819 3259 856 τε
3294 799 3486 870 ἀρχῆς
3512 799 3603 850 καὶ
3622 797 3716 851 τοῦ

2158 899 2506 967 κεφαλαίου.
2557 897 2817 969 Δηλοῦται
2865 896 2974 967 γὰρ
3022 893 3215 963 ὲπίσης
3255 889 3320 945 δι’
3347 888 3618 957 ἑκατέρων
3659 885 3719 940 τὸ

2158 990 2383 1063 ἀθρόον·
2428 981 2498 1036 ἐν
2534 988 2629 1061 μὲν
2677 988 2783 1061 γάρ
2827 987 2905 1053 τῷ
2946 983 3268 1047 κεφαλαίῳ,
3312 980 3374 1034 τὸ
3423 977 3720 1048 συλλήϐδην

2158 1085 2224 1137 τὰ
2251 1083 2428 1138 πάντα
2455 1080 2780 1151 γεγενῆσθαι
2819 1079 3147 1150 περιίστησι.
3171 1075 3260 1128 διὰ
3299 1074 3356 1128 δὲ
3386 1073 3483 1143 τῆς
3523 1069 3720 1140 ἀρχῆς

2157 1175 2409 1247 δηλοῦται
2463 1174 2525 1228 τὸ
2571 1172 2773 1243 ἀκαρές
2829 1187 2890 1223 τε
2945 1169 3039 1223 καὶ
3091 1165 3430 1222 ἀδιάστατον.
3488 1162 3560 1216 Ἡ
3613 1158 3720 1231 γὰρ

2158 1267 2315 1337 ἀρχὴ
2375 1266 2574 1329 παντὸς
2633 1258 3056 1334 διαστηματικοῦ
3103 1261 3372 1330 νοήματος
3428 1253 3720 1325 ἀλλοτρίως

2159 1359 2290 1431 ἔχει.
2333 1359 2420 1423 Ὠς
2465 1357 2523 1411 τὸ
2571 1357 2790 1427 σημεῖον
2834 1353 2978 1425 ἀρχὴ
3027 1353 3125 1421 τῆς
3174 1347 3456 1424 γραμμῆς,
3494 1345 3587 1399 καὶ
3628 1342 3719 1398 τοῦ

2159 1452 2321 1521 ὄγκου
2363 1451 2423 1503 τὸ
2449 1451 2668 1519 ἄτομον,
2694 1445 2863 1510 οὕτως
2887 1444 2982 1500 καὶ
3007 1444 3069 1498 τὸ
3106 1441 3309 1513 ἀκαρὲς
3342 1437 3438 1494 τοῦ
3468 1433 3719 1510 χρονικοῦ

2158 1544 2543 1614 διαστήματος.
2605 1541 2665 1593 Ἢ
2717 1535 2808 1594 οῦν
2852 1537 3022 1608 ἀθρόα
3064 1535 3172 1589 τῶν
3218 1534 3384 1588 ὄντων
3427 1529 3578 1601 παρὰ
3621 1528 3721 1597 τῆς

2161 1636 2436 1707 ἀφράστου
2465 1631 2746 1703 δυνάμεως
2773 1627 2866 1683 τοῦ
2900 1627 3034 1683 Θεοῦ
3068 1625 3362 1696 καταϐολὴ,
3392 1623 3547 1692 ἀρχὴ
3573 1619 3723 1707 παρά

2159 1705 2253 1780 τοῦ
2280 1724 2574 1787 Μωῦσέως,
2604 1723 2764 1794 ἧτουν
2793 1717 3121 1789 κεφάλαιον
3159 1714 3570 1785 κατωνομάσθη.
3599 1713 3654 1764 ὲν

2160 1819 2220 1872 τὸ
2259 1819 2367 1871 πᾶν
2401 1815 2661 1884 συστῆναι
2693 1814 2930 1882 λέγεται.
2971 1812 3052 1867 Τὰ
3101 1808 3197 1881 μὲν
3230 1809 3373 1879 ἄκρα
3412 1806 3518 1860 τῶν
3559 1807 3723 1860 όντων

2161 1909 2329 1964 εῖπὼν
2349 1927 2362 1940 ’
2398 1907 2467 1962 τὰ
2494 1907 2548 1963 δὲ
2581 1907 2719 1978 μέσα
2751 1905 2887 1960 κατά
2918 1904 2978 1958 τὸ
3011 1900 3358 1972 σιωπώμενον
3395 1900 3506 1961 τοῖς
3538 1897 3725 1968 ἄκροις

2164 2000 2652 2071 συνενδειξάμενος.
2706 1998 2886 2069 Ἄκρα
2913 1995 2970 2050 δέ
3004 2012 3166 2066 φημι,
3205 1993 3294 2047 διά
3328 1991 3428 2062 τὴν
3453 1987 3725 2061 ἀνθρωπί-

2160 2114 2257 2166 νην
2287 2093 2559 2164 αἴσθησιν,
2592 2092 2626 2162 ἢ
2655 2088 2780 2144 οῦτε
2817 2091 2895 2153 εἰς
2921 2089 2991 2141 τὰ
3027 2086 3131 2140 ὑπὸ
3157 2086 3260 2156 γῆν
3291 2083 3576 2147 διαδύεται,
3604 2082 3727 2140 οὔτε

2159 2189 2250 2242 τὸν
2295 2187 2521 2260 οὐρανὸν
2553 2184 2834 2240 διαϐαίνει.
2873 2182 3080 2237 οὐκοῦν
3125 2181 3282 2236 τοῦτο
3314 2183 3472 2244 νοεῖν,
3516 2181 3549 2249 ὴ
3586 2177 3726 2250 ἀρχὴ

2161 2282 2260 2353 τῆς
2302 2278 2656 2351 κοσμογονίας
2688 2276 3016 2342 ὑποτίθεται,
3045 2277 3127 2329 ὅτι
3158 2275 3374 2329 πάντων
3410 2273 3516 2327 τῶν
3561 2272 3727 2325 ὄντων

2161 2376 2259 2440 τὰς
2290 2373 2546 2447 ἀφορμὰς
2577 2373 2672 2428 καὶ
2698 2372 2796 2435 τάς
2825 2371 3022 2434 αἰτίας,
3052 2369 3146 2424 καὶ⁸
3175 2369 3274 2432 τὰς
3295 2367 3571 2437 δυνάμεις,
3603 2363 3727 2418 συλε-

2164 2467 2361 2538 λήϐδην
2407 2466 2436 2518 ό
2486 2463 2617 2527 Θεδς
2664 2466 2721 2517 ὲν
2768 2464 2964 2534 ἀκαρεῖ
3016 2458 3394 2523 κατεϐάλλετο,
3439 2456 3533 2510 καὶ
3572 2458 3629 2508 ὲν
3659 2457 3727 2527 τῇ

2165 2556 2354 2629 πρώτῃ
2383 2555 2476 2611 τοῦ
2524 2555 2828 2626 θελήματος
2860 2555 3027 2624 ὁρμῇ,
3068 2553 3101 2622 ἡ
3143 2551 3373 2604 ἑκάστου
3416 2547 3522 2601 τῶν
3560 2548 3727 2600 όντων

2163 2650 2318 2704 οὐσία
2367 2649 2716 2719 συνέδραμεν,
2759 2647 3004 2718 οὐρανὸς,
3052 2642 3246 2715 αἰθὴρ,
3299 2641 3544 2712 ἀστέρες,
3595 2638 3726 2710 πῦρ,

2165 2742 2292 2813 ἀὴρ.
2329 2739 2589 2805 θάλασσα,
2623 2738 2717 2808 γῆ.
2751 2736 2911 2802 ζῶον.
2945 2735 3119 2805 φυτά·
3167 2734 3203 2788 ὃ.
3229 2732 3308 2803 τῷ
3341 2733 3440 2803 μὲν
3474 2731 3600 2800 θείῳ
3628 2730 3730 2798 ὀφ-

2166 2829 2355 2902 θαλμῷ
2409 2831 2584 2886 πάντα
2630 2829 2967 2899 καθεωρᾶτο,
3012 2826 3091 2897 τῷ
3139 2814 3552 2897 τῆςδυνάμεως
3589 2823 3732 2893 λόγῳ

2164 2923 2507 2993 δεικνύμενα,
2557 2922 2656 2993 τῷ,
2680 2919 2857 2983 καθώς
2887 2937 3052 2991 φησιν
3081 2921 3114 2989 ὴ
3151 2917 3484 2990 προφητεία,
3521 2934 3540 2967 ι
3569 2914 3732 2969 εἰδότι

2167 3017 2348 3072 πάντα
2378 3016 2484 3086 πρὸ
2519 3015 2618 3086 τῆς
2652 3013 2916 3086 γενέσεως
2966 3009 3166 3066 αὐτῶν.
3205 3030 3223 3063 ι
3260 3012 3337 3082 Τῇ
3368 3009 3426 3065 δὲ
3463 3001 3750 3076 συγκατασ’

2167 3107 2425 3182 ϐληθείσῃ
2467 3107 2691 3178 δυνάμει
2721 3123 2780 3160 τε
2824 3104 2918 3160 καὶ
2964 3105 3126 3176 σοφίᾳ
3161 3104 3295 3177 πρὸς
3336 3103 3432 3174 τὴν
3457 3101 3732 3154 τελείωσιν

492 3197 852 3252 universitate
873 3195 1104 3265 primum
1129 3195 1424 3258 exstiterit,
1443 3203 1496 3248 et
1513 3195 1845 3263 apparuerit.
1865 3193 2068 3249 Deinde

2168 3200 2395 3254 ἑκάστου
2413 3197 2521 3252 τῶν
2545 3198 2746 3269 μορίων
2765 3195 2857 3250 τοῦ
2877 3194 3101 3267 κόσμου,
3127 3193 3315 3266 είρμός
3337 3210 3420 3256 τις
3440 3193 3733 3260 ἀναγκαῖος

492 3296 617 3356 post
642 3285 771 3340 illud
805 3286 1118 3340 necessario
1144 3285 1370 3339 alterum
1402 3291 1673 3341 secutum.
1704 3282 1862 3350 Tum,
1893 3292 1951 3338 ut
1979 3299 2066 3338 ar-

493 3376 624 3431 tifex
663 3384 855 3429 natura
894 3374 1140 3444 cogebat,
1180 3375 1402 3428 tertium
1431 3381 1485 3427 et
1512 3380 1789 3443 quartum,
1826 3383 1879 3427 et
1907 3373 2068 3442 quin-

490 3479 629 3534 tum,
662 3477 716 3522 et
745 3467 952 3536 reliqua
986 3466 1265 3536 deinceps,
1292 3479 1402 3520 non
1425 3479 1555 3519 casu
1583 3475 1636 3519 et
1662 3463 1902 3529 fortuna,
1927 3465 2071 3519 inor-

492 3559 682 3614 dinato
702 3566 756 3612 et
775 3559 937 3613 celeri
958 3557 1194 3627 quodam
1223 3566 1392 3621 motu,
1415 3556 1509 3612 sed
1537 3565 1596 3610 ut
1613 3555 1956 3611 necessarius
1972 3570 2072 3609 na-

492 3659 636 3706 turae
662 3652 798 3706 ordo
827 3652 882 3705 in
916 3651 1082 3705 rebus
1108 3648 1463 3718 disponendis
1491 3648 1824 3718 requirebat,
1852 3647 1925 3701 ita
1957 3648 2069 3701 sin-

493 3744 622 3814 gula
648 3743 790 3798 facta
820 3743 989 3798 fuisse
1023 3750 1231 3804 narrat,
1260 3749 1314 3796 et
1345 3741 1413 3797 de
1439 3740 1779 3796 naturalibus
1807 3740 2070 3794 institutis

491 3837 926 3908 philosophatur.
946 3833 1218 3901 Quasdam
1241 3833 1403 3888 etiam
1425 3847 1588 3889 voces
1610 3831 1926 3903 imperantis
1952 3831 2065 3893 Dei,

495 3929 725 3997 singulis
751 3928 914 3983 rebus
933 3942 1052 3997 quae
1075 3933 1423 3997 generantur,
1455 3925 1718 3995 assignat,
1754 3924 1918 3994 idque
1946 3939 2067 3978 rec-

491 4029 570 4084 te,
601 4029 656 4076 et
682 4024 1069 4075 convenienter
1099 4018 1248 4074 facit.
1277 4016 1554 4088 Quidquid
1585 4016 1730 4071 enim
1757 4015 1949 4072 ordine
1981 4030 2070 4071 sa-

2172 3292 2312 3347 κατὰ
2336 3309 2458 3345 τινα
2491 3290 2642 3356 τάξιν
2661 3286 3115 3360 ἐπηκολούθησεν,
3151 3287 3289 3340 ὥστε
3318 3285 3378 3338 τὸ
3404 3283 3513 3354 πῦρ
3536 3281 3734 3355 προλα-

2173 3383 2284 3436 ϐεῖν
2327 3383 2423 3454 μὲν
2467 3382 2560 3435 καὶ
2595 3381 3002 3452 προεκφανῆναι
3037 3377 3146 3431 τῶν
3199 3376 3376 3432 ἄλλων
3410 3376 3518 3428 τῶν
3559 3376 3617 3427 ὲν
3657 3373 3734 3445 τῷ

2174 3472 2338 3527 παντὶ
2364 3471 2772 3545 θεωρουμένων,
2803 3472 2898 3526 καὶ
2928 3469 3070 3524 οὕτω
3103 3469 3220 3540 μετ’
3248 3470 3440 3533 ὲκεῖνο,
3483 3469 3544 3521 τὸ
3567 3469 3736 3536 ἀναγ-

2175 3564 2341 3627 καίως
2369 3563 2446 3634 τῷ
2485 3563 2806 3638 προλαϐόντι
2839 3562 3124 3638 ἑπόμενον,
3167 3561 3260 3615 καὶ
3301 3560 3392 3614 ἐπὶ
3418 3559 3595 3630 τούτῳ
3621 3560 3737 3628 τρία

2171 3675 2282 3722 τον,
2307 3655 2382 3719 ὼς
2418 3659 2453 3726 ἡ
2483 3655 2704 3726 τεχνικὴ
2744 3652 3116 3726 συνηνάγκαζε
3159 3651 3351 3722 φύσις·
3391 3651 3648 3723 τέταρτόν
3675 3668 3735 3708 τε

2173 3748 2266 3801 καὶ
2295 3747 2564 3819 πέμπτον,
2593 3746 2688 3800 καὶ
2715 3745 2784 3799 τὰ
2815 3745 2978 3800 λοιπά
3002 3746 3098 3817 τῆς
3125 3744 3263 3800 κατά
3285 3743 3348 3798 τὸ
3378 3743 3572 3814 ἑφεξῆς
3603 3743 3735 3796 ἀκο-

2173 3839 2411 3904 λουθίας,
2461 3839 2561 3893 οὐκ
2602 3839 2895 3911 αὐτομάτῳ
2937 3839 3047 3894 τινὶ
3094 3837 3388 3908 συντυχίᾳ,
3427 3835 3570 3890 κατὰ
3613 3834 3738 3890 τινὰ

2174 3931 2405 3985 ἄτακτον
2454 3931 2547 3986 καὶ
2583 3931 2809 4002 τυχαίαν
2858 3929 3048 4003 φορὰν.
3075 3929 3269 3993 ὀὕτως
3314 3928 3733 3999 ἀναφαινόμενα.

2188 4019 2324 4073 Ἀλλ’
2353 4017 2428 4083 ὡς
2453 4020 2486 4090 ἡ
2512 4019 2783 4088 ἀναγκαία
2811 4023 2909 4091 τῆς
2939 4019 3153 4089 φύσεως
3171 4019 3322 4084 τάξις
3341 4016 3586 4087 ἐπιζητεῖ
3600 4017 3661 4070 τὸ
3679 4019 3738 4072 ὲν

494 4111 814 4181 pienterque
857 4111 1058 4166 factum
1095 4120 1198 4174 est,
1237 4108 1527 4180 quamdam
1560 4107 1727 4164 veluti
1756 4123 1944 4163 vocem
1975 4107 2069 4163 Dei

2171 4112 2284 4173 τοῖς
2315 4110 2618 4180 γινομένοις
2655 4109 2965 4178 ἀκόλουθον,
2995 4110 3164 4174 οὕτως
3191 4111 3395 4164 ἕκαστα
3415 4106 3738 4180 γεγενῆσθαί

498 4201 740 4256 vicissim
772 4199 960 4256 refert.

2177 4219 2342 4272 φησιν
2362 4203 2421 4256 ἐν
2441 4202 2745 4274 διηγήσεως
2763 4203 2890 4256 εῖδει
2915 4203 3043 4275 περὶ
3068 4201 3174 4256 τῶν
3197 4201 3438 4273 φυσικῶν
3457 4200 3738 4270 δογμάτων

495 4298 881 4368 φιλοσοφήσας.
914 4298 1025 4350 Καὶ
1047 4297 1229 4366 φωνάς
1257 4313 1409 4359 τινας
1447 4295 1543 4348 τοῦ
1585 4295 1719 4348 Θεοῦ
1762 4295 2135 4366 προσακτικάς
2166 4298 2392 4351 ἑκάστου
2419 4299 2529 4352 τῶν
2556 4299 2854 4370 γινομένων
2884 4299 3270 4370 προσγράφων,
3300 4298 3479 4364 καλῶς
3502 4299 3594 4354 καὶ
3623 4298 3740 4352 θεο-

498 4393 727 4464 πρεπῶς
745 4392 1011 4445 καὶτοῦτο
1031 4390 1216 4445 ποιῶν.
1235 4391 1350 4444 Πᾶν
1370 4390 1478 4460 γὰρ
1504 4389 1564 4442 τὸ
1593 4389 1714 4444 καθ’
1741 4391 1929 4461 εἱρμόν
1949 4408 2070 4443 τινα
2097 4391 2191 4445 καὶ
2220 4391 2410 4460 σοφίαν
2439 4392 2719 4464 γινόμενον
2746 4392 2837 4447 τοῦ
2863 4393 3016 4458 Θεοῦ,
3047 4393 3127 4456 τῖς
3148 4391 3404 4464 ἄντικρύς
3428 4393 3542 4445 ἐστι
3563 4393 3736 4465 φωνή.

569 4484 756 4553 Itaque
777 4499 900 4537 cum
927 4483 1017 4538 Dei
1043 4493 1287 4537 naturam
1315 4483 1650 4550 ignoremus,
1678 4481 1853 4550 ipsam
1882 4489 2069 4552 poten-

2241 4484 2386 4537 Διότι
2407 4484 2540 4538 Θεοῦ
2561 4486 2659 4556 μὲν
2677 4483 2862 4540 οὐσίαν
2877 4485 2996 4556 ἥτις
3015 4487 3184 4545 ἐστὶν,
3197 4485 3256 4538 οὐ
3274 4483 3628 4554 γινώσκομεν·
3641 4487 3740 4559 τὴν

497 4579 628 4631 tiam
655 4577 936 4646 ipsamque
951 4576 1273 4645 sapientiam
1291 4575 1473 4628 animo
1493 4574 1884 4644 concipientes,
1906 4573 2069 4629 Deum

2176 4573 2231 4627 δὲ
2251 4575 2483 4643 αύτοσοφ
2493 4574 2574 4628 ίαν
2594 4575 2687 4628 καὶ
2701 4575 2799 4646 τὴν
2821 4574 3078 4628 αὐτοδύνα
3086 4592 3175 4644 μιν
3196 4577 3252 4627 ὲν
3273 4575 3346 4646 νῷ
3363 4575 3634 4642 λαϐόντες,
3649 4577 3740 4631 τὸν

501 4677 680 4720 mente
703 4679 805 4720 nos
835 4664 1107 4719 credimus
1119 4662 1618 4734 comprehendisse.
1634 4661 1844 4716 Idcirco
1857 4660 2069 4730 quando

2179 4666 2308 4718 Θεὸν
2328 4665 2672 4736 ἀνειληφέναι
2688 4668 2751 4737 τῇ
2778 4665 2984 4736 διανοίᾳ
3003 4667 3346 4737 πιστεύομεν.
3366 4667 3566 4720 Τούτου
3586 4668 3742 4739 χάριν

501 4757 755 4811 conditus
775 4764 858 4811 est
883 4756 1035 4810 orbis
1062 4755 1369 4816 universus.
1394 4760 1680 4823 antequam
1703 4753 1927 4823 singulae
1954 4767 2078 4821 par-

500 4859 583 4903 tes
605 4846 775 4915 ipsius
792 4852 1135 4914 apparerent,
1150 4843 1388 4898 tenebris
1401 4841 1933 4910 totusobtegebatur,
1951 4841 2076 4909 quia

503 4937 760 5009 splendor
781 4937 939 5006 ignis,
975 4951 1096 5007 qua:
1119 4936 1220 4991 sub
1242 4935 1481 4990 materiai
1505 4935 1788 5006 particulis
1804 4935 2071 4998 latitabat,

503 5030 744 5084 nondum
785 5029 1084 5084 eﬁ'ulserat.
1125 5026 1360 5090 Etenim,
1403 5025 1856 5096 quemadmodum
1899 5026 2082 5081 silices

503 5119 559 5174 in
585 5119 825 5174 tenebris
852 5119 1098 5174 obscurae
1123 5117 1327 5187 jacent,
1361 5115 1489 5171 licet
1522 5116 1629 5169 vim
1659 5115 1892 5169 lucidam
1923 5125 2084 5184 atque

504 5213 872 5266 illustrantem
915 5209 1240 5264 naturaliter
1273 5209 1332 5276 in
1383 5222 1444 5262 se
1485 5207 1836 5269 contineant,
1882 5205 2085 5275 quippe

504 5319 626 5374 qua:
659 5305 877 5375 pariant
905 5303 1107 5373 ignem,
1132 5303 1179 5357 si
1210 5302 1355 5356 inter
1383 5317 1444 5357 se
1473 5299 1823 5376 collidantur,
1849 5297 2084 5353 scintilla

505 5409 638 5449 vero
668 5395 738 5448 ab
767 5393 906 5464 ipsis
937 5394 1169 5462 prolata,
1202 5393 1494 5464 splendore
1529 5392 1675 5447 illius
1709 5393 1840 5462 ipsa:
1865 5405 2083 5460 quoque

506 5495 811 5540 cernuntur
843 5503 856 5538 :
886 5487 971 5540 sic
999 5487 1235 5540 obscura
1256 5499 1512 5554 czecaque
1544 5492 1700 5538 erant
1722 5483 1903 5537 omnia
1930 5482 2083 5552 prius

506 5592 671 5646 quam
708 5577 982 5647 pellucida
1015 5589 1179 5647 atque
1215 5577 1502 5631 illustrans
1536 5587 1730 5630 natura
1758 5575 1812 5628 in
1831 5582 2081 5644 apertum

511 5667 870 5736 proferretur.
904 5668 1040 5722 Nam
1073 5684 1197 5723 cum
1249 5682 1357 5723 uno
1385 5667 1581 5723 divinae
1602 5667 1901 5722 voluntatis
1929 5675 2082 5720 motu

512 5771 687 5826 nuper
720 5759 1038 5814 indistincta
1073 5775 1256 5817 rerum
1288 5760 1620 5816 universitas
1649 5757 1814 5816 simul
1839 5759 2081 5814 exstitis-

581 5851 605 5885 '
635 5852 769 5906 Dan.
803 5868 920 5920 ιιι»,
960 5854 1050 5909 42.

2179 4759 2267 4811 ὅτε
2289 4758 2348 4811 τὸ
2361 4758 2481 4811 ὅλον
2497 4757 2731 4827 ἐγένετο,
2759 4759 2888 4829 πρὶν
2907 4757 3132 4812 ἕκαστον
3157 4757 3264 4812 τῶν
3283 4776 3346 4812 συ
3354 4758 3500 4830 μπλη
3508 4759 3742 4829 ρούντων

2180 4849 2241 4901 τὸ
2259 4849 2376 4902 ὅλον
2399 4849 2481 4918 ἐφ’
2503 4848 2693 4903 ἑαυτοῦ
2727 4848 3021 4919 δειχθῆναι,
3063 4846 3221 4918 ζόφος
3259 4849 3336 4918 τῷ
3365 4851 3525 4903 παντὶ
3553 4850 3744 4902 ἐπεκέ-

2181 4950 2330 5003 χυτοο
2359 4932 2510 4986 οῦπω
2540 4933 2648 5004 γὰρ
2677 4933 2908 5006 ἐξεφάνη
2941 4935 3034 4988 τοῦ
3073 4937 3242 5008 πυρὸς
3279 4939 3312 5008 ή
3361 4937 3502 5008 αὐγὴ
3542 4940 3742 4992 ὑποκε-

2181 5025 2470 5097 κρυμμένη
2539 5029 2649 5090 τοῖς
2726 5015 2933 5098 μορίοις
3002 5027 3103 5099 τῆς
3157 5028 3289 5100 ὕλης
3355 5031 3604 5102 καθάπερ
3652 5030 3746 5086 καὶ

2181 5117 2238 5170 αι
2319 5116 2546 5187 ψηφῖδες
2617 5119 2841 5186 ἀφανεῖς
2913 5120 2972 5172 ὲν
3063 5119 3138 5190 τῷ
3217 5121 3396 5175 σκότει
3459 5123 3744 5192 μένουσιν,

2181 5207 2230 5260 ει
2269 5206 2363 5261 καὶ
2402 5205 2645 5276 φυσικῶς
2688 5209 2747 5261 ὲν
2793 5209 3010 5274 ἑαυταῖς
3055 5211 3152 5282 τὴν
3184 5212 3516 5283 φωτιστικὴν
3563 5213 3745 5282 έχουσι

2181 5299 2426 5370 δύναμιν,
2462 5298 2551 5352 διὰ
2583 5299 2683 5369 τῆς
2711 5300 2848 5371 πρὸς
2881 5301 3115 5372 ἀλλήλας
3147 5303 3517 5374 συμπτώσεως
3546 5305 3606 5357 τὸ
3636 5304 3748 5376 πῦρ

2182 5391 2589 5456 ἀποτίκτουσαι,
2617 5391 2710 5446 τοῦ
2744 5392 2801 5446 δὲ
2831 5393 3124 5466 σπινθῆρος
3155 5395 3214 5461 ἐξ
3243 5397 3420 5452 αὐτῶν
3445 5397 3746 5466 ἀναφανέν-

2183 5499 2291 5546 τος,
2325 5483 2571 5537 κάκεῖναι
2598 5486 2663 5554 τῇ
2699 5483 2999 5557 λαμπηδόνι
3031 5487 3220 5542 τούτου
3265 5491 3745 5560 συνανεφάνησανο

2183 5570 2354 5635 οὕτως
2385 5571 2592 5642 ἀόρατά
2620 5589 2680 5625 τε
2715 5575 2808 5628 καὶ
2836 5576 3016 5646 ἀφανῆ
3045 5577 3114 5631 τὰ
3147 5578 3324 5633 πάντα
3355 5575 3444 5650 ἦν,
3483 5580 3612 5650 πρὶν
3647 5579 3748 5650 τὴν

2183 5668 2514 5738 φωτιστικὴν
2543 5668 2731 5724 οὐσίαν
2771 5671 2851 5734 εῖς
2891 5672 2953 5726 τὸ
2980 5675 3211 5743 ἐκφανὲς
3241 5675 3540 5746 προελθεῖν.
3586 5676 3746 5747 Ἀρτι

2182 5758 2292 5832 γὰρ
2336 5759 2546 5832 ἀθρόως
2586 5764 2644 5818 ὲν
2683 5766 2753 5835 τῇ
2796 5767 2895 5836 μιᾷ
2942 5767 3082 5838 ῥοπῇ
3122 5767 3215 5821 τοῦ
3259 5765 3401 5822 θείου
3448 5767 3752 5839 θελήματος
