4110 6474
338 426 413 484 73
1358 460 1359 463 η
1534 426 1601 507 IN
1640 424 2113 483 HEXAEMERON
2145 425 2350 481 LIBER
2364 463 2377 478 .
3507 419 3583 478 ’τὸ

344 548 674 621 ἀδιακρίτως
715 546 810 601 τοῦ
846 546 1047 610 παντὸς
1085 545 1435 607 ὑποστάντος,
1475 546 1569 599 καὶ
1609 545 1719 601 τῶν
1769 564 1909 601 στοι-

2024 554 2115 611 set,
2158 545 2455 614 omniaque
2487 543 2756 597 elementa
2808 541 2949 595 inter
2994 554 3051 594 se
3080 545 3337 594 concreta
3388 540 3583 609 permi-

347 643 506 715 χείων
538 640 756 694 πάντων
785 641 844 691 ἐν
867 638 1115 709 ἀλλήλοις
1142 638 1525 709 πεφυρμένων,
1554 638 1616 691 τὸ
1640 638 1916 709 πανταχοῦ

346 731 795 803 κατεσπαρμένον
825 728 938 801 πῦρ
966 730 1336 793 ἐπεσκοτεῖτο,
1361 727 1439 797 τῷ
1458 727 1798 793 πλεονάζοντι
1817 733 1917 801 τῆς

348 825 479 893 ’ύλης
532 819 1050 891 ἐπιπροσθούμενον.
1094 819 1245 873 Ἐπεὶ
1288 819 1346 872 δέ
1384 818 1534 883 ὀξεῖα
1572 818 1656 882 τίς
1695 820 1841 873 ἐστιν
1881 820 1916 892 ἡ

346 916 580 985 δύναμις
631 907 799 966 αὐτοῦ
846 911 941 966 καὶ
989 910 1299 982 εὐκίνητος,
1328 909 1464 979 ὁμοῦ
1498 908 1559 963 τδ
1602 909 1817 981 δοθῆναι
1856 913 1921 981 τῇ

347 1005 510 1076 φύσει
534 1002 643 1057 τῶν
672 997 845 1055 ιντων
873 1000 1009 1073 πρὸς
1039 1000 1138 1072 τὴν
1168 1000 1261 1053 τοῦ
1300 999 1506 1070 κόσμου
1534 1000 1749 1069 γένεσιν
1774 1002 1924 1072 παρὰ

344 1096 441 1151 τοῦ
472 1094 608 1149 Θεοῦ
636 1093 701 1148 τὸ
722 1093 1018 1163 ἐνδόσιμον,
1049 1093 1230 1161 πάσης
1252 1092 1351 1161 τῆς
1382 1092 1685 1163 βαρυτέρας
1715 1092 1926 1160 φύσεως

348 1188 697 1261 προεξέθορε,
732 1188 828 1240 καὶ
863 1186 1026 1249 εὐθὺς
1053 1184 1133 1257 τῷ
1159 1185 1299 1254 φωτὶ
1325 1185 1393 1239 τὰ
1422 1186 1603 1239 πάντα
1632 1186 1927 1257 περιηυγά-

351 1279 492 1345 ζετο.
530 1282 596 1332 Ὃ
634 1278 693 1331 δέ
732 1277 885 1330 κατὰλ
912 1277 1004 1330 τὸν
1044 1276 1144 1346 τῆς
1175 1275 1369 1345 σοφίας
1398 1276 1578 1345 λόγον,
1604 1278 1672 1347 τῇ
1700 1275 1924 1346 δυνάμει

348 1370 445 1426 τοῦ
478 1370 841 1437 πεποιηκότος
870 1369 1106 1436 ἐγένετο,
1140 1367 1215 1431 ὡς
1243 1367 1402 1435 λόγος
1430 1368 1562 1421 Θεοῦ
1593 1386 1925 1440 προστακτι-

350 1461 462 1524 κὸς,
474 1454 726 1528 παρὰτοῦ
733 1452 1016 1518 Μωῦσέως
1025 1456 1156 1523 ἐμνη
1165 1450 1500 1524 μονεύθη,τὺ,
1509 1470 1528 1503 ι
1539 1448 1708 1509 Εἶπεν
1719 1452 1749 1504 ὁ
1769 1456 1924 1521 Θεὸς,

351 1547 639 1622 Γενηθήτω
675 1552 803 1619 φῶς¹
848 1580 864 1605 ,
897 1539 989 1595 καὶ
1019 1540 1235 1609 ἐγένετο
1262 1542 1396 1611 φῶς.
1436 1561 1455 1594 ι
1513 1544 1631 1597 Ἐπὶ
1674 1545 1782 1618 γὰρ
1830 1546 1924 1600 τοῦ

347 1632 505 1696 Θεοῦ,
538 1634 679 1687 κατά
708 1648 771 1699 γε
802 1632 903 1703 τὴν
935 1632 1210 1703 ἡμετέραν
1236 1633 1523 1704 ὑπόληψιν,
1555 1635 1618 1689 τὸ
1644 1628 1808 1707 ἔργον
1833 1637 1923 1691 λό-

346 1741 443 1791 γος
472 1725 607 1778 ἐστί.
638 1724 781 1777 Διότι
810 1725 920 1778 πᾶν
955 1724 1018 1777 τὸ
1044 1724 1348 1796 γινόμενον,
1378 1724 1522 1797 λόγῳ
1562 1727 1797 1796 γίνεται)
1832 1730 1925 1784 καὶ

347 1816 539 1885 ἄλογόν
581 1833 635 1868 τι
682 1817 777 1869 καὶ
830 1816 1148 1887 συντυχικὺν
1196 1818 1291 1871 καὶ
1341 1817 1648 1889 αὐτόματον
1701 1822 1760 1874 ἐν
1812 1826 1925 1886 τοῖς

350 1911 531 1967 θεόθεν
578 1911 851 1981 ὑφεστῶσι
891 1915 1093 1967 νοεῖται
1143 1914 1316 1968 οὐδέν.
1370 1913 1531 1968 Ἀλλὰ
1575 1915 1679 1987 χρὴ
1711 1915 1925 1987 ἑκάστῳ

347 2002 459 2056 τῶν
503 2003 670 2057 ὄντων
720 2004 814 2058 καὶ
858 2004 1014 2073 λόγον
1059 2004 1181 2059 τινὰ
1228 2006 1391 2076 σοφόν
1433 2024 1494 2061 τε
1540 2007 1635 2060 καὶ
1681 2008 1925 2079 τεχνικὸν

348 2094 626 2162 ἐγκεῖσθαι
669 2096 974 2159 πιστεύειν,
1028 2097 1131 2151 κᾶν
1161 2100 1405 2170 κρεῖττον
1508 2102 1607 2170 τῆς
1651 2100 1925 2170 ἡμετέρας

346 2186 541 2254 ὅψεως.
560 2186 625 2239 Τί
646 2181 738 2240 οὖν
758 2184 908 2240 εἶπεν
928 2190 956 2239 ό
976 2188 1126 2253 Θεὸς,
1152 2190 1338 2261 ἐπειδὴ
1360 2190 1518 2258 λόγου
1538 2193 1920 2263 παραστατική

346 2277 494 2329 ἐστιν
520 2279 554 2348 ὴ
582 2277 804 2349 τοιαύτη
842 2280 1015 2350 φωνὴ,
1056 2278 1396 2350 θεοπρεπῶς,
1434 2282 1511 2345 ὡς
1534 2278 1703 2352 οἴμαι,
1731 2285 1920 2353 νοήσο-

350 2385 453 2439 μεν
478 2370 557 2427 είς
588 2369 679 2422 τὸν
704 2369 1022 2441 ἐγκείμενον
1063 2372 1161 2441 τῆς
1199 2372 1430 2437 κτίσεως
1457 2373 1616 2442 λόγον
1652 2374 1714 2426 τὸ
1760 2374 1922 2446 ῥητὸν

348 2460 729 2530 ἀναφέροντες.
787 2462 944 2515 Οὕτω
983 2462 1089 2534 γὰρ
1148 2463 1243 2515 καὶ⁹
1296 2465 1325 2516 ὁ
1385 2462 1559 2534 μέγας
1612 2464 1774 2519 Δαδὶδ
1826 2466 1923 2530 τὰς

346 2552 602 2617 τοιαύτας
630 2554 815 2621 φωνὰς
857 2555 990 2625 ἡμῖν
1023 2554 1329 2626 ἐξηγήσατο
1359 2554 1526 2610 εἰπών
1545 2570 1561 2586 ·
1592 2576 1612 2609 ‹
1650 2557 1835 2612 Πάντα
1865 2560 1922 2611 ἐν

350 2644 513 2714 σοφία
540 2643 831 2715 ἐποίησας.
852 2665 870 2698 ι
914 2646 996 2699 Τὰ
1023 2646 1132 2716 γὰρ
1164 2645 1539 2716 προστακτικά
1571 2648 1669 2718 τῆς
1692 2647 1801 2701 τῶν
1834 2647 1921 2700 δν-

348 2750 458 2787 των
486 2733 715 2798 κτίσεως
762 2735 1004 2805 ῥήματα,
1033 2733 1069 2787 a
1109 2734 1259 2803 παρὰ
1284 2733 1381 2786 τοῦ
1411 2735 1689 2800 Μωῦσέως
1730 2737 1794 2789 ἐκ
1824 2736 1923 2806 τῆς

349 2824 500 2889 θείας
538 2825 723 2895 φωνῆς
753 2825 1183 2895 ἀναγέγραπται,
1226 2825 1400 2879 ταῦτα
1433 2827 1462 2878 ό
1501 2825 1665 2881 Δαὸὶδ
1707 2827 1805 2899 τὴν
1838 2829 1923 2880 ἐν-

349 2914 732 2986 θεωρουμένην
760 2919 874 2979 τοῖς
908 2918 1155 2985 γεγονόσι
1198 2917 1392 2985 σοφίαν
1420 2917 1726 2989 ὠνόμασεν.
1762 2920 1923 2973 Ὅθεν

348 3003 446 3054 καὶ
486 3002 784 3071 διηγεῖσθαι
819 3004 965 3072 λέγει
991 3006 1118 3067 τοὺς
1146 3006 1409 3075 οὐρανοὺς
1439 3006 1600 3071 δόξαν
1630 3007 1765 3061 Θεοῦ
1784 3047 1799 3071 ,
1828 3008 1925 3078 δη-

351 3089 483 3159 λαδὴ
526 3092 626 3162 τῆς
656 3093 1059 3165 ἐμφαινομένης
1083 3096 1266 3159 αὐτοῖς
1292 3099 1547 3169 τεχνικῆς
1576 3098 1806 3172 θεωρίας
1836 3099 1927 3154 διὰ

349 3183 450 3251 τῆς
478 3184 793 3254 ἐναρμονίου
819 3187 1140 3255 περιφορᾶς,
1166 3186 1288 3239 ἀντὶ
1310 3186 1467 3255 λόγου
1497 3189 1788 3260 γινομένης
1813 3190 1925 3254 τοίς

352 3272 733 3341 ἐπιστήμοσιν.
773 3271 954 3327 Εἰπὼν
986 3273 1093 3343 γὰρ
1136 3273 1439 3342 διηγεῖσθαι
1467 3276 1595 3339 τοὺς
1637 3277 1921 3347 οὐρανοὺς.

354 3364 449 3417 καὶ
475 3364 820 3433 ἀναγγέλλειν
848 3366 909 3419 τὸ
935 3366 1239 3437 στερέωμα,
1263 3367 1568 3439 διορθοῦται
1594 3371 1717 3434 τοὺς
1752 3371 1925 3441 παχύ-

2021 646 2214 707 staque
2234 642 2441 699 essent,
2471 623 2621 706 ignis
2656 634 2746 703 qui
2780 632 2982 703 ubique
3018 631 3407 690 disseminatus
3443 640 3581 696 erat,

2019 730 2287 786 obscurus
2330 726 2565 794 iacebat,
2615 725 2959 794 materiaeque
3010 724 3328 795 impotentia
3374 718 3586 792 suppri-

2022 817 2274 874 mebatur
2328 832 2563 873 :verum
2617 816 2875 887 quoniam
2943 816 3027 873 vis
3077 815 3389 885 ejus'velox
3425 825 3587 885 atque

2022 908 2181 979 agilis
2201 917 2306 972 est,
2328 908 2491 964 simul
2513 917 2673 978 atque
2705 922 2887 961 rerum
2921 914 3131 961 naturae
3158 906 3222 960 ad
3259 906 3445 959 mundi
3464 921 3588 959 con-

1980 1016 1983 1017 '
2024 1000 2363 1055 stitutioncm
2390 1014 2420 1053 a
2447 998 2554 1054 Deo
2588 1005 2769 1053 motus
2794 998 3125 1068 principium
3150 1008 3309 1068 atque
3340 997 3588 1052 incitatio

2024 1092 2265 1148 adhibita
2298 1101 2403 1158 est,
2457 1101 2585 1148 ante
2635 1092 2725 1146 illa
2758 1092 2943 1145 omnia
2979 1106 3099 1160 qua
3148 1092 3397 1162 graviora
3435 1098 3586 1153 sunt,

2023 1183 2306 1249 exsiliens,
2334 1183 2542 1237 lumine
2568 1188 2768 1236 cuncta
2800 1181 2982 1235 statim
3018 1179 3328 1235 illustravit.
3356 1178 3470 1233 Hoc
3496 1194 3591 1231 au-

2024 1282 2132 1331 tem
2187 1275 2463 1347 sapientiae
2504 1274 2715 1329 ratione
2780 1272 2906 1327 fecit
2954 1271 3191 1342 potentia
3256 1272 3590 1335 conditoris,

2024 1369 2138 1438 qui.
2173 1376 2235 1423 ut
2291 1368 2413 1439 ejus
2459 1367 2701 1438 iubentis
2759 1366 2935 1421 oratio
2982 1382 3009 1416 ιι
3062 1363 3206 1419 Μοεε
3239 1363 3591 1430 describitur,

2030 1477 2049 1510 ι
2080 1452 2426 1527 Fiat,inquit
2453 1493 2469 1519 ,
2528 1456 2619 1510 lux
2652 1494 2669 1522 ,
2709 1464 2763 1512 et
2819 1455 2963 1510 facta
3020 1463 3106 1509 est
3150 1455 3243 1508 lux
3268 1455 3328 1507 ἐ
3366 1473 3384 1506 ι
3421 1454 3594 1507 oratio
3678 1484 3685 1489 -

2024 1550 2165 1604 enim
2219 1558 2273 1604 et
2312 1550 2451 1604 ratio
2496 1549 2551 1603 in
2588 1548 2718 1612 Deo,
2749 1556 2809 1603 ut
2863 1562 2961 1619 ego
3012 1548 3207 1614 sentio,
3242 1556 3325 1602 est
3375 1562 3513 1617 opus
3540 1552 3597 1601 et

2026 1639 2247 1694 factum.
2279 1639 2551 1710 Quidquid
2587 1640 2729 1693 enim
2776 1639 2843 1693 ab
2871 1654 2935 1694 eo
2963 1638 3043 1703 iit,
3077 1640 3287 1693 ratione
3343 1638 3420 1691 llt.
3457 1636 3595 1693 Etin

2024 1731 2092 1788 iis
2112 1748 2231 1801 quae
2255 1746 2285 1784 a
2306 1731 2414 1787 Deo
2435 1731 2878 1802 proﬁciscuntur,
2903 1731 3037 1785 nihil
3062 1746 3091 1783 a
3114 1730 3322 1787 ratione
3334 1730 3593 1795 alienum,

2024 1825 2159 1879 nihil
2215 1823 2579 1880 inordinatum
2642 1833 2735 1879 aut
2787 1822 3069 1879 fortuitum
3122 1824 3591 1879 animadvertitur.

2024 1916 2204 1983 Quare
2226 1916 2559 1973 credendum
2589 1925 2694 1981 est,
2729 1918 2784 1971 in
2825 1918 2988 1973 rebus
3032 1916 3265 1987 singulis
3293 1918 3593 1989 sapientem

2024 2008 2311 2079 quamdam
2342 2023 2405 2062 ac
2427 2008 2679 2065 solertem
2704 2008 2882 2062 inesse
2906 2008 3191 2071 rationein,
3228 2008 3384 2078 longe
3409 2014 3593 2061 tamen

2025 2099 2478 2169 prazstantiorem,
2507 2115 2669 2169 quam
2697 2108 2754 2153 ut
2783 2107 3005 2169 aspectu
3029 2106 3217 2153 nostro
3239 2098 3595 2168 comprehen-

2024 2189 2205 2243 datur.
2242 2190 2398 2256 Quod
2422 2191 2587 2260 igitur
2616 2190 2754 2244 dixit
2796 2192 2955 2255 Deus,
2982 2188 3198 2260 quando
3232 2189 3464 2244 rationis
3491 2189 3595 2243 im-

2023 2283 2265 2349 perantis
2286 2296 2349 2335 ea
2381 2296 2481 2335 vox
2510 2290 2614 2345 est.
2644 2295 2752 2335 non
2783 2280 3085 2351 indignam,
3117 2280 3333 2351 opinor,
3370 2278 3481 2336 Deo
3507 2296 3597 2335 co-

2023 2372 2338 2442 gitationem
2372 2373 2755 2443 suscipiemus,
2805 2374 2850 2429 si
2894 2372 2961 2426 ad
3014 2372 3281 2428 rationem
3344 2373 3423 2430 rei
3464 2388 3594 2442 pro.-

2022 2472 2220 2519 creatze
2252 2465 2470 2519 insitam
2524 2465 2728 2520 dictum
2774 2464 3140 2522 retulerimus.
3182 2465 3274 2520 Sic
3314 2465 3458 2520 enim
3493 2465 3596 2521 bas

2022 2571 2185 2611 voces
2228 2572 2457 2626 magnus
2481 2558 2643 2612 etiam
2676 2556 2846 2611 David
2872 2555 3031 2612 nobis
3053 2557 3305 2633 exposuit
3333 2575 3345 2610 :
3391 2574 3411 2608 ι
3464 2556 3596 2613 Om-

2019 2648 2135 2713 nia,
2169 2666 2188 2700 ι
2226 2648 2499 2718 inquiens,
2527 2667 2547 2702 ι
2584 2649 2636 2702 in
2663 2648 2927 2719 sapientia
2960 2646 3197 2703 fecisti’.
3224 2667 3242 2699 ι
3262 2646 3397 2702 Nam
3425 2648 3596 2718 impe-

2023 2740 2196 2794 rantia
2229 2755 2410 2795 rerum
2445 2740 2785 2795 conditarum
2826 2741 3008 2802 verba,
3041 2755 3161 2810 qua:
3198 2739 3393 2796 aMose
3413 2754 3477 2795 ex
3514 2740 3598 2794 di-

2022 2832 2147 2885 viua
2186 2845 2315 2885 voce
2355 2830 2629 2900 descripta
2658 2839 2807 2893 sunt,
2868 2832 3036 2886 David
3090 2832 3208 2902 ipse
3246 2842 3597 2904 conspectam

2024 2922 2078 2978 in
2105 2923 2266 2977 rebus
2300 2922 2571 2990 generatis
2612 2924 2934 2993 sapientiam
2979 2924 3288 2995 appellavit.
3329 2925 3599 2991 Quocirca

2024 3013 2196 3067 caelos
2216 3013 2376 3067 etiam
2407 3013 2481 3064 ait
2501 3026 2722 3067 narrare
2751 3013 2977 3083 gloriam
3001 3012 3096 3068 Dei
3131 3014 3193 3066 ¹⁰.
3226 3012 3597 3069 Artiﬁciosum

2025 3104 2301 3167 nimirum,
2352 3104 2497 3175 quod
2529 3104 2584 3158 in
2637 3104 2772 3175 ipsis
2804 3120 2867 3158 ex
2913 3105 3291 3161 conversionis
3327 3114 3595 3161 concentu

2031 3196 2401 3265 spectaculum
2449 3197 2670 3264 visitur,
2702 3200 2845 3271 apud
2876 3200 3081 3269 peritos
3105 3215 3329 3255 munere
3352 3199 3597 3271 fungitur

2026 3289 2312 3345 orationis.
2351 3289 2532 3346 leos
2579 3300 2759 3345 autem
2789 3306 3067 3354 enarrare,
3114 3299 3168 3346 et
3198 3290 3595 3366 ﬁrmamentum

2026 3380 2350 3433 annuntiare
2396 3381 2603 3443 dicens,
2657 3379 2837 3434 erudit
2866 3396 2982 3441 eos,
3020 3381 3109 3449 qui
3131 3380 3401 3449 ejusmodi
3431 3381 3599 3436 verba

350 3472 505 3525 τερον
530 3456 637 3509 τῶν
665 3456 969 3527 λεγομένων
1004 3457 1299 3522 ἀκούοντας
1318 3476 1332 3490 ο
1360 3460 1456 3513 καί⁸
1478 3461 1606 3524 ίσως
1630 3462 1721 3514 καὶ
1742 3464 1924 3532 φωνῆς

2026 3470 2268 3525 crassius
2302 3471 2683 3540 intelligerent,
2719 3478 2773 3524 et
2829 3470 3061 3527 fortasse
3090 3472 3237 3527 vocis
3283 3472 3443 3527 etiam
3503 3488 3597 3528 so-

348 3541 485 3616 ῆχον
500 3547 592 3599 καὶ
608 3545 762 3615 λόγον
773 3547 1030 3619 ἔναρθρον
1042 3549 1107 3601 ἐκ
1121 3548 1221 3619 τῆς
1235 3549 1344 3603 τῶν
1360 3550 1603 3621 οὐρανῶν
1621 3553 1924 3625 διηγήσεως

350 3638 842 3709 προσδεχομένους,
889 3641 947 3692 ἐν
990 3636 1071 3702 οἷς
1099 3659 1284 3712 φησιν,
1312 3643 1391 3697 δτι
1435 3644 1551 3697 Οὐκ
1584 3645 1691 3697 sici.
1721 3644 1921 3709 λαλιαὶ,

352 3730 474 3785 οὑδὲ
532 3730 679 3799 λόγοι
729 3723 805 3786 ὧν
858 3732 976 3802 οὐχὶ
1038 3730 1327 3788 ἀκούονται
1381 3736 1437 3788 αἱ
1494 3737 1671 3805 φωναὶ
1720 3737 1922 3802 αὐτῶν,

352 3822 439 3874 ἵνα
483 3822 630 3893 δείξῃ
691 3824 772 3877 ὃτι
816 3827 849 3893 ὴ
901 3826 960 3877 ἐν
1008 3829 1073 3895 τῇ
1124 3827 1296 3880 κτίσει
1345 3827 1690 3899 θεωρουμένη
1742 3830 1924 3897 σοφία,

350 3912 508 3981 λόγος
537 3914 676 3977 ἐστὶ,
701 3914 804 3967 κᾶν
836 3914 909 3985 μὴ
944 3916 1200 3989 ἔναρθρος
1316 3919 1427 3972 Καὶ
1458 3918 1617 3973 πάλιν
1649 3917 1741 3972 τοῦ
1770 3921 1928 3974 Μωῦ-

353 4001 491 4066 σέως
528 4004 827 4070 διεξοδικὰς
857 4024 1009 4069 τινας
1054 4007 1147 4060 τοῦ
1187 4008 1320 4061 Θεοῦ
1363 4008 1545 4076 φωνὰς
1592 4009 1728 4080 πρὸς
1766 4010 1927 4065 αὑτὸν

351 4093 676 4163 γεγενῆσθαι
713 4097 957 4159 είπόντος
986 4099 1042 4149 ἐν
1083 4102 1149 4168 τῇ
1190 4098 1590 4171 θαυματοποιία
1616 4100 1724 4153 τῶν
1752 4101 1810 4153 ἐν
1841 4103 1931 4154 Ai-

353 4185 545 4253 γύπτῳ
576 4188 837 4256 σημείων,
873 4189 1199 4259 ὑψηλότερον
1233 4190 1266 4260 ἦ
1298 4191 1437 4245 κατὰ
1462 4190 1560 4261 τὴν
1585 4192 1691 4243 τῶν
1717 4191 1929 4244 πολλῶν

356 4271 622 4343 ὑπόληψιν
652 4277 681 4327 δ
718 4276 1018 4346 Ψαλμῳδὸς
1052 4277 1355 4349 ἐξηγήσατο
1384 4279 1573 4342 εἰπὼν,
1605 4298 1624 4331 ι
1658 4279 1851 4333 Ἐθετο
1871 4282 1929 4332 ἐν

353 4366 541 4428 αὐτοῖς
592 4368 717 4430 τοὺς
764 4368 953 4435 λόγους
1000 4369 1109 4422 τῶν
1156 4370 1395 4440 σημείων
1449 4371 1635 4436 αὑτοῦ,
1684 4373 1776 4423 καὶ
1818 4371 1931 4426 τῶν

353 4459 600 4527 τεράτων
628 4460 793 4514 αὐτοῦ
822 4463 878 4513 ἐν
908 4465 978 4532 γῇ
1008 4462 1157 4533 Χάμ.
1196 4481 1213 4514 ι
1251 4463 1342 4533 Τῷ
1371 4462 1479 4533 γὰρ
1513 4462 1656 4532 λόγῳ
1695 4464 1799 4515 τινὶ
1830 4464 1931 4532 τὴν

353 4552 766 4623 ἁπεργαστικὴν
806 4554 1037 4608 ἐκάστου
1086 4554 1195 4608 τῶν
1236 4558 1536 4624 γινομένων
1578 4553 1805 4624 δύναμιν
1849 4558 1929 4618 είς

353 4643 638 4713 ἐνέργειαν
677 4642 940 4710 ἄγεσθαι,
983 4643 1169 4713 σαφῶς
1197 4644 1285 4698 διὰ
1311 4646 1409 4715 τῆς
1448 4646 1629 4715 φωνῆς
1660 4644 1861 4714 ταύτης
1902 4646 1929 4697 ὁ

355 4733 659 4803 Ψαλμῳδδς
698 4733 1014 4803 ὑπῃνίξατο,
1046 4735 1121 4797 ὡς
1151 4736 1249 4787 οὐκ
1286 4736 1345 4787 ἐν
1372 4736 1609 4805 ῥήμασιν
1636 4735 1787 4799 ὄντος
1830 4735 1927 4789 τοῦ

2025 3576 2176 3625 num,
2214 3562 2641 3635 distinctumque
2666 3577 2969 3617 sermonem
3004 3578 3069 3616 ex
3100 3563 3409 3618 narratione
3432 3564 3600 3618 coelo-

2024 3667 2142 3707 rum
2165 3661 2564 3723 exspectarent,
2598 3654 2724 3707 dum
2752 3652 2925 3724 inquit
2962 3654 3026 3715 ".
3066 3670 3174 3708 non
3202 3670 3324 3709 esse
3356 3653 3600 3725 loquelas

2024 3761 2199 3816 neque
2232 3762 2531 3811 sermones,
2583 3746 2781 3817 quibus
2822 3762 2925 3799 non
2982 3746 3273 3801 audiantur
3322 3760 3485 3803 voces
3507 3761 3602 3801 eo-

2026 3853 2170 3902 rum,
2203 3845 2263 3893 ut
2302 3837 2648 3907 sapientiam,
2688 3853 2808 3908 qua:
2845 3837 2897 3889 in
2934 3836 3095 3891 rebus
3123 3836 3422 3907 procreatis
3478 3852 3602 3907 per-

2027 3933 2274 4002 spicitur,
2324 3931 2629 3985 orationem
2662 3945 2785 3985 esse
2821 3928 3076 3995 declaret,
3120 3928 3244 3983 licet
3270 3927 3413 3986 haud
3464 3929 3601 3985 arti-

2028 4024 2207 4078 culate
2243 4023 2607 4093 distincteque
2635 4037 2743 4077 non
2787 4019 3187 4093 pronuntietur.
3212 4018 3442 4084 Rursus,
3473 4036 3600 4075 cum

2029 4114 2331 4184 magniﬁcis
2378 4113 2702 4182 quibusdam
2750 4113 2976 4167 vocibus
3014 4110 3183 4165 Deum
3218 4112 3321 4166 sibi
3357 4113 3598 4167 locutum

2029 4222 2151 4261 esse
2176 4208 2400 4261 dixisset
2434 4206 2629 4267 Moses,
2678 4205 2805 4260 dum
2842 4204 3157 4259 admiranda
3184 4202 3272 4257 illa
3295 4204 3448 4272 signa
3475 4203 3603 4260 ede-

2030 4304 2113 4350 ret
2136 4298 2187 4350 in
2212 4296 2464 4367 Egypto,
2492 4296 2544 4350 id
2574 4297 2689 4366 ipse
2714 4295 2879 4349 David
2904 4295 3192 4350 sublimius
3221 4295 3415 4361 multo,
3437 4310 3601 4367 quam

2033 4395 2092 4442 ut
2128 4389 2357 4458 quilibet
2395 4389 2721 4460 suspicetur,
2773 4387 3062 4459 explicavit
3099 4426 3113 4451 ,
3152 4407 3169 4439 ι
3206 4384 3417 4450 Posuit,
3457 4405 3476 4438 ι
3517 4388 3602 4441 in-

2032 4480 2249 4551 quiens,
2292 4500 2309 4531 c
2344 4481 2396 4533 in
2432 4481 2512 4535 eis
2543 4478 2707 4535 verba
2739 4478 3018 4548 signorum
3052 4478 3194 4545 ejus,
3232 4488 3285 4532 et
3329 4478 3605 4547 prodigio-

2031 4589 2150 4626 rum
2183 4572 2357 4642 ipsius
2387 4572 2441 4625 in
2473 4578 2621 4625 terra
2647 4570 2815 4623 (Ibam
2844 4569 2905 4623 ¹².
2948 4589 2966 4620 ι
3009 4568 3120 4623 Hac
3146 4569 3289 4624 enim
3319 4583 3447 4624 voce
3473 4567 3605 4623 Pro-

2032 4662 2212 4731 pheta,
2239 4662 2344 4714 vim
2384 4675 2570 4714 earum
2600 4674 2778 4713 rerum
2821 4658 3222 4712 admirabilium
3252 4657 3601 4723 effectricem,

2034 4750 2243 4802 ratione
2270 4748 2501 4817 quadam
2548 4762 2641 4801 eas
2662 4755 2997 4809 exsecutam,
3037 4746 3353 4817 planissime
3373 4747 3603 4802 demon-

350 4823 534 4892 λόγου,
568 4823 705 4877 ἀλλὰ
728 4824 825 4893 τῆς
853 4827 933 4888 είς
954 4826 1020 4879 τὰ
1049 4831 1246 4897 σημεῖα
1270 4828 1568 4899 δυνάμεως,
1599 4828 1770 4891 οὕτως
1793 4828 1924 4882 ὠνο-

2029 4837 2237 4901 stravit,
2261 4852 2383 4891 cum
2403 4852 2509 4891 non
2529 4837 2791 4890 rationem
2811 4835 2863 4889 in
2878 4836 3059 4890 verbis
3082 4836 3490 4902 consistentem,
3509 4836 3603 4891 sed

354 4916 665 4986 μασμένης.

424 5024 632 5079 Οὐκοῦν
697 5026 791 5080 καὶ
851 5027 1082 5080 ἐνταῦθα
1143 5029 1448 5101 προέδραμε
1507 5029 1607 5098 μὲν
1649 5029 1741 5083 καὶ
1790 5030 1925 5084 ἀπε-

2037 4929 2313 5000 signorum
2336 4927 2737 4983 eﬂlciendorum
2770 4934 3087 4997 potestatem
3122 4928 3195 4981 ita
3226 4928 3549 4983 nominaret.

2108 5021 2201 5076 Sic
2253 5021 2418 5091 igitur
2466 5021 2627 5075 etiam
2690 5028 2821 5073 tunc
2861 5020 3170 5083 antevertit,
3225 5028 3276 5074 et
3330 5020 3604 5075 celeritate

351 5116 518 5188 κρίθη
569 5116 679 5169 τῶν
726 5116 896 5170 ὄντων
950 5118 1009 5169 ἐν
1032 5116 1109 5186 τῷ
1129 5121 1283 5187 ταχεῖ
1325 5135 1385 5170 τε
1411 5120 1506 5171 καὶ
1540 5118 1807 5189 εὑκινήτῳ
1832 5119 1924 5188 τῆς

2038 5112 2445 5181 mobilitateque
2471 5126 2590 5174 sua,
2615 5110 2698 5167 vis
2728 5108 3069 5165 illuminandi
3115 5123 3143 5162 a
3173 5124 3353 5165 rerum
3384 5112 3602 5164 univer-

351 5208 568 5279 φύσεως
592 5211 625 5279 ἡ
656 5208 956 5278 φωτιστικὴ
986 5207 1234 5276 δύναμις,
1264 5209 1462 5280 ἑαυτὴν
1490 5208 1600 5261 τῶν
1626 5210 1924 5280 ἐτεροφυῶν

2036 5206 2196 5259 sitate
2221 5200 2470 5265 secessit,
2500 5217 2665 5270 seque
2706 5202 2879 5271 ipsam
2912 5202 2979 5255 ab
3020 5200 3139 5256 aliis
3164 5202 3376 5256 naturis
3414 5203 3602 5269 sejun-

352 5301 761 5369 ἁποκρίνουσα,
809 5301 902 5352 καὶ
949 5300 1008 5351 τὸ
1053 5298 1427 5369 περιλαμφθὲν
1488 5300 1632 5353 ἅπαν
1690 5299 1779 5351 διὰ
1828 5300 1924 5369 τῆς

2037 5298 2137 5360 xit,
2166 5304 2327 5366 atque
2357 5296 2429 5348 ita
2452 5294 2729 5363 splendida
2758 5296 2904 5349 illius
2927 5294 3485 5364 potentiaillustratus
3519 5300 3603 5346 est

351 5393 773 5461 ἁ-ιαυγαστικῆς
814 5390 978 5444 αὑτοῦ
1018 5389 1295 5459 δυνάμεως
1334 5390 1730 5462 κατεφωτίσθη.
1765 5384 1835 5460 Ὦ
1870 5392 1924 5443 δὲ

2032 5389 2202 5445 orbis.
2235 5386 2351 5452 Qua
2374 5396 2553 5441 autem
2581 5386 2789 5440 ratione
2810 5387 2923 5440 hac
2966 5385 3206 5440 cﬂenerit
3224 5384 3363 5455 ignis
3384 5391 3599 5444 natura,

352 5481 497 5553 λόγῳ
529 5482 707 5536 ταῦτα
741 5486 951 5553 ἐνεργεί
981 5482 1074 5535 τοῦ
1106 5482 1276 5550 πυρὸς
1305 5484 1337 5551 ἠ
1368 5482 1544 5545 οὐσία,
1585 5483 1747 5552 μόνου
1792 5481 1924 5535 Θεοῦ

2032 5482 2203 5538 solius
2256 5479 2349 5537 Dei
2377 5488 2461 5535 est
2513 5480 2802 5549 explicare,
2831 5480 2923 5549 qui
2981 5487 3187 5532 natura:
3212 5477 3316 5530 vim
3377 5476 3607 5530 inseruit

350 5573 500 5623 ἐστιν
532 5574 729 5636 εἰπεῖν,
758 5570 851 5624 τοῦ
882 5571 1281 5641 ἐναποθεμένου
1309 5572 1401 5625 τὸν
1428 5571 1749 5640 φωτιστικὸν
1775 5571 1924 5640 λόγον

2035 5571 2375 5628 illuminandi
2407 5579 2569 5640 atque
2626 5570 2934 5626 illustrandi
2971 5570 3113 5639 quod
3171 5567 3449 5637 Scriptura
3504 5581 3602 5619 sua

350 5664 419 5734 τῇ
455 5662 647 5733 φύσει’
680 5666 773 5715 καὶ
796 5662 953 5715 τοῦτο
978 5662 1067 5715 διὰ
1098 5663 1195 5731 τῆς
1236 5662 1371 5727 ἰδίας
1403 5662 1619 5732 γραφῆς
1652 5662 1745 5714 καὶ
1773 5664 1800 5715 ό
1835 5662 1924 5731 με·

2036 5677 2267 5733 magnus
2314 5662 2476 5715 etiam
2524 5661 2701 5715 Moses
2752 5668 3001 5724 testatur,
3048 5674 3169 5713 cum
3212 5656 3286 5711 ait
3327 5676 3340 5710 :
3389 5676 3407 5708 ι
3461 5655 3606 5710 Dixit

425 5863 449 5895 '
479 5860 621 5919 Gen.
656 5858 697 5919 ι,
738 5860 794 5915 5.
866 5862 889 5892 ’
929 5859 1073 5917 Psal.
1120 5876 1235 5925 CIII,
1280 5862 1370 5917 24.
1449 5865 1490 5895 τ’
1530 5861 1674 5920 Psal.
1714 5875 1868 5929 xvm,
1908 5860 1963 5914 2.
2039 5860 2078 5893 "
2122 5859 2257 5918 Ibid.
2297 5862 2351 5916 4.
2430 5862 2471 5896 ¹²
2512 5860 2654 5919 Psal.
2693 5875 2799 5926 etv,
2829 5859 2919 5913 27.

588 5958 859 6017 Patron.
901 5956 1018 6019 Gtt.
1055 5958 1276 6021 XLIV.
