4110 6534
481 406 550 462 75
1729 397 1786 451 s.
1829 390 2158 473 caecum!
2195 389 2486 448 NYSSENI
2691 449 2695 453 .
3640 398 3710 455 π

479 526 641 589 Deus,
670 522 790 578 Fiat
817 524 940 588 lux;
972 542 988 574 ι
1017 519 1284 591 ejusmodi
1313 518 1511 581 verbis,
1537 526 1596 571 ut
1623 517 1856 573 arbitror
1883 516 2053 585 signi-

2162 529 2256 580 γας
2296 517 2629 589 μαρτύρεται
2669 515 2929 586 Μωῦσῆς,
2964 514 3021 567 ἐν
3062 509 3141 577 οἷς
3193 531 3377 586 φησιν,
3423 515 3508 569 ὅτι
3549 532 3568 566 ι
3599 515 3712 569 Καὶ

476 617 670 681 ﬁcans,
695 615 932 672 divinam
965 612 1264 676 orationem
1299 626 1424 666 esse
1456 609 1594 664 lucis
1652 624 1791 679 opus
1828 620 2042 662 omnem

477 706 766 762 humanam
789 705 1168 776 cogitationem
1193 708 1566 770 superantem.
1589 697 1700 754 Nos
1727 697 1873 753 enim
1897 693 2038 766 quod

477 798 678 855 factum
703 805 786 854 est
834 795 1214 850 tantummodo
1241 794 1555 865 aspicimus,
1582 805 1856 860 sensuque
1878 787 2070 868 perci-_

475 892 674 963 pimus,
707 897 759 944 et
781 888 1134 941 admiramur.
1179 885 1277 942 Ubi
1332 893 1514 939 autem
1544 883 1684 953 ignis
1711 883 1931 936 latitans
1962 895 2049 933 re-

477 989 637 1053 pente
662 986 972 1050 generetur,
1010 979 1126 1034 sive
1149 993 1216 1033 ex
1251 976 1489 1046 lapidum
1513 975 1817 1034 collisione,
1843 971 1958 1026 sive
1982 985 2048 1025 ex

477 1073 704 1126 aliarum
743 1085 922 1124 rerum
957 1068 1144 1122 attritu
1201 1067 1464 1137 prosiliat,
1504 1073 1558 1120 et
1589 1078 1834 1134 quaenam
1863 1061 1942 1116 vis
1971 1061 2047 1124 id,

478 1160 622 1232 quod
644 1161 711 1215 ab
735 1161 852 1229 ipso
877 1157 1376 1228 comprehenditur,
1399 1155 1614 1218 exedat,
1651 1161 1815 1222 atque
1848 1167 2050 1207 consu-

480 1260 612 1316 mat,
647 1265 873 1323 quaeque
919 1264 1097 1304 aerem
1122 1247 1335 1300 ﬂamma
1368 1246 1672 1309 collustret,
1723 1257 1898 1314 neque
1929 1257 2050 1297 cer-

477 1359 609 1399 nere
657 1356 969 1414 possumus,
1009 1354 1185 1408 neque
1214 1337 1320 1391 ulla
1357 1335 1686 1407 cogitatione
1727 1334 2050 1404 complecti;

476 1438 571 1492 sed
603 1438 656 1491 in
692 1435 809 1491 solo
837 1434 945 1488 Deo
971 1441 1079 1486 tam
1116 1429 1360 1484 miriﬁca:
1391 1429 1467 1483 rei
1497 1429 1760 1482 rationem
1799 1423 2053 1481 recondi-

477 1533 586 1585 tam
614 1539 735 1578 esse
758 1522 1012 1584 dicimus,
1057 1521 1146 1589 qui
1185 1535 1386 1572 arcana
1438 1518 1729 1588 potestatis
1755 1516 1964 1571 ratione
1995 1515 2051 1568 in

478 1615 600 1688 igne
622 1614 1122 1683 lucemingenerat.
1160 1608 1630 1676 Quemadmodum
1674 1625 1924 1665 sermone
1954 1621 2053 1662 suo

475 1705 658 1760 Moses
687 1712 994 1764 attestatur,
1031 1720 1049 1752 ι
1079 1699 1241 1762 Dixit,
1281 1718 1298 1750 ι
1349 1699 1618 1769 inquiens,
1672 1719 1691 1752 ι
1729 1699 1892 1763 Deus,
1935 1697 2054 1752 Fiat

477 1797 590 1860 lux,
621 1805 672 1849 et
709 1796 853 1847 facta
887 1801 971 1848 est
1002 1793 1113 1846 lux.
1162 1799 1215 1845 et
1245 1791 1378 1844 vidit
1408 1789 1549 1846 Deus
1581 1791 1758 1845 lucem
1794 1805 1916 1845 esse
1954 1790 2051 1843 bo-

476 1900 602 1939 nam
622 1883 687 1936 ”.
729 1901 748 1935 ι
781 1880 921 1937 Vere
942 1882 1085 1936 enim
1125 1879 1218 1934 Dei
1247 1880 1418 1936 solius
1440 1889 1526 1935 est
1553 1879 1750 1935 intueri
1781 1879 2052 1950 quomodo
2084 1861 2124 1918 Β

476 1976 549 2031 sit
567 1976 640 2029 ita
660 1975 834 2040 bona;
858 1973 1198 2028 imbecillitas
1223 1979 1401 2027 autem
1432 1977 1642 2026 natura:
1662 1979 1880 2037 nostrae,
1904 1967 2050 2042 quod

476 2067 554 2131 ﬁt,
597 2065 858 2137 perspicit
899 2064 990 2118 illa
1043 2063 1300 2136 quidem;
1342 2079 1450 2135 qua
1497 2065 1710 2118 ratione
1737 2073 1911 2118 autem
1938 2064 2049 2128 ﬁat,

478 2174 578 2212 nec
604 2160 913 2227 perspicere
939 2165 1136 2226 potest,
1166 2172 1266 2212 nec
1285 2157 1511 2212 laudare
1550 2176 1562 2212 :
1594 2157 1886 2212 laudantur
1907 2157 2048 2210 enim

480 2263 601 2320 qua:
657 2255 1082 2318 cognoscuntur,
1151 2263 1261 2302 non
1317 2257 1496 2302 autem
1543 2262 1664 2316 quae
1714 2248 2050 2317 ignorantur.

487 2359 507 2393 ι
555 2340 705 2396 Vidit
743 2359 762 2392 ι
795 2339 982 2410 igitur,
1016 2339 1210 2410 inquit,
1248 2358 1267 2390 ι
1298 2340 1438 2393 Deus
1470 2337 1647 2393 lucem
1681 2354 1802 2394 esse
1831 2338 2060 2397 bonam.

477 2440 530 2488 et
558 2431 745 2488 divisit
770 2430 912 2487 Deus
938 2431 1080 2485 inter
1109 2431 1283 2484 lucem
1314 2439 1367 2485 et
1396 2429 1646 2484 tenebras
1669 2431 1734 2483 ‘5.
1760 2449 1777 2480 ι
1815 2428 2052 2484 Rursum

480 2523 854 2595 Moses,.quod
894 2521 1128 2576 naturali
1161 2520 1396 2594 quodam
1458 2520 1648 2576 ordine
1705 2528 1869 2591 atque
1918 2534 2054 2574 con-

477 2625 640 2672 centu
682 2616 759 2681 lit,
815 2613 1126 2671 necessario
1157 2613 1222 2668 ad
1253 2613 1422 2669 Deum
1468 2621 1742 2668 auctorem
1772 2610 1960 2676 refert,
1986 2626 2055 2678 ex.

479 2709 549 2765 iis
581 2724 701 2780 quae
730 2708 874 2763 dicta
932 2717 1080 2773 sunt,
1133 2716 1191 2762 ut
1234 2721 1336 2778 ego
1391 2707 1584 2769 sentio,
1617 2706 1840 2769 docens,
1871 2704 2056 2758 omnia

479 2817 604 2872 qua:
655 2801 969 2856 necessario
1003 2799 1194 2854 ordine
1241 2813 1302 2853 se
1339 2798 1730 2865 consequentia
1776 2795 2057 2868 proditura

480 2901 657 2958 erant,
691 2892 801 2949 Deo
825 2893 1060 2963 primum
1111 2891 1280 2947 fuisse
1300 2894 1536 2962 cognita.
1569 2888 1779 2944 Etenim
1808 2905 1931 2943 cum
1961 2902 2059 2942 na-

481 2993 606 3038 tura
641 2983 730 3037 illa
777 2983 956 3038 lucida
987 2989 1149 3052 atque
1191 2980 1500 3036 illustrandi
1540 2981 1648 3033 vim
1679 2980 1907 3044 habens,
1937 2993 2058 3048 qua:

483 3072 539 3126 in
604 3087 784 3126 rerum
847 3071 1200 3127 universitate
1279 3068 1636 3126 disseminata
1703 3068 2060 3140 dispersaque

484 3171 622 3224 erat.
650 3163 714 3217 ad
761 3163 811 3215 id
843 3162 988 3232 quod
1017 3163 1120 3218 sibi
1152 3167 1440 3232 cognatum
1475 3175 1539 3214 ac
1591 3160 1767 3214 simile
1797 3168 1934 3225 erat,
1967 3174 2060 3213 ac-

484 3262 750 3315 curreret,
789 3270 954 3324 seque
987 3263 1098 3308 tota
1125 3253 1420 3324 colligeret,
1449 3252 1762 3306 necessario
1790 3266 1854 3306 ea
1890 3267 2011 3322 qum
2031 3266 2061 3305 a
2087 3227 2131 3284 θ

485 3348 695 3417 reliqua
724 3348 1115 3402 elementorum
1139 3347 1365 3402 materia
1397 3354 1648 3401 contecta
1682 3345 2060 3407 remanebant,

486 3439 920 3494 obscurabantur
949 3459 961 3492 :
995 3448 1048 3492 et
1082 3440 1196 3492 haec
1253 3438 1568 3494 obscuratio
1620 3438 1853 3493 tenebrze
1887 3445 2061 3492 erant.

488 3533 644 3599 Quod
677 3532 839 3603 igitur
899 3542 1254 3587 consecutum
1292 3539 1395 3597 est,
1452 3546 1519 3587 ne
1552 3531 1675 3601 quis
1698 3531 1751 3586 in
1780 3530 2062 3585 fortuitum

491 3624 724 3694 aliquem
762 3637 948 3676 casum
1020 3623 1292 3691 rejiceret,
1357 3621 1536 3676 Moses
1583 3635 1705 3676 esse
1763 3619 1857 3675 Dei
1929 3636 2066 3690 opus

494 3713 747 3774 asseruit,
776 3723 866 3780 qui
903 3712 1063 3766 rebus
1095 3712 1328 3766 conditis
1380 3725 1499 3765 eam
1527 3711 1807 3768 tribuisset
1838 3711 2067 3765 faculta-
2139 3695 2158 3792 ᾖ

495 3813 623 3858 tem.
690 3803 832 3874 Ignis
861 3811 1040 3857 autem
1071 3811 1324 3856 naturam
1376 3809 1429 3856 et
1463 3802 1691 3857 celerem
1719 3816 1862 3866 esse,
1916 3810 1970 3855 et
2001 3801 2068 3855 ad

493 3897 772 3967 superiora
825 3896 1154 3959 tendentem,
1209 3909 1531 3963 semperque
1578 3893 1850 3955 mobilem,
1887 3908 1949 3948 ex
2001 3893 2068 3947 iis

493 4004 614 4059 qua:
663 3988 932 4050 videntur,
972 3987 1195 4041 cuilibet
1249 3995 1413 4056 patet.
1453 3985 1517 4040 Et
1548 3986 1659 4040 luec
1693 3985 1911 4055 quidem
1972 4000 2070 4056 per

495 4083 599 4134 hoc
619 4078 944 4149 principium
973 4078 1320 4149 intelligenda
1373 4087 1771 4147 proponuntur.
1811 4077 1942 4131 Illud
1973 4093 2072 4132 au-

495 4181 603 4226 tem
639 4173 690 4225 in
740 4187 936 4241 genere
979 4171 1312 4226 narrationis
1360 4171 1618 4226 historice
1679 4188 1706 4222 a
1743 4170 1890 4226 Mose
1942 4185 2072 4225 con-

497 4263 758 4332 scriptum
783 4271 896 4317 est:
925 4280 943 4313 ι
971 4261 1037 4315 Ει
1059 4261 1262 4316 factum
1290 4272 1373 4317 est
1395 4277 1617 4333 veSpere
1637 4305 1650 4327 ,
1683 4275 1734 4316 et
1763 4263 1963 4317 factum
1987 4269 2073 4319 est

500 4369 658 4408 mane
689 4355 752 4407 ".
779 4374 796 4404 ι
835 4353 969 4419 Quis
989 4354 1130 4407 enim
1157 4354 1388 4423 ignorat,
1420 4367 1540 4407 cum
1567 4368 1654 4408 res
1687 4361 1980 4422 procreata:
2001 4353 2074 4407 ita

499 4445 685 4500 divisae
697 4445 827 4509 sint,
859 4455 919 4498 ut
941 4445 1060 4499 alia:
1081 4451 1280 4512 mente,
1304 4445 1421 4500 alia:
1447 4445 1698 4502 sensibus
1720 4445 2075 4516 comprehen-

2146 606 2298 663 εἶπεν
2320 612 2348 663 6
2374 609 2524 672 Θεός·
2549 607 2837 679 Γενηθήτω
2862 607 2998 676 φῶς⁹
3029 627 3047 657 ι
3072 603 3228 659 τοῦτο
3248 604 3334 658 διὰ
3354 603 3464 659 τῶν
3487 605 3729 676 εἰρημέέ

2147 721 2250 757 νων
2270 743 2286 768 ,
2319 702 2394 764 ὡς
2426 697 2599 772 οἶμαι,
2639 699 2846 763 διδοὺς»,
2883 699 2965 751 ὃτι
2999 698 3140 760 θεῖος
3175 696 3332 764 λόγος
3373 695 3488 748 ἐστὶ
3516 695 3577 748 τὸ
3618 693 3711 748 τοῦ

2147 795 2323 864 φωτὸς
2375 795 2534 866 ἔργον
2586 794 2766 845 πᾶσαν
2824 791 3031 843 ἔννοιαν
3087 786 3296 858 παριὼν
3342 784 3711 856 ἀνθρωπίνην.

2159 885 2350 954 Ἡμεῖς
2389 883 2485 953 μὲν
2524 881 2634 952 γὰρ
2667 881 2801 950 πρὸς
2835 879 2993 948 μόνον
3017 877 3078 930 τὸ
3108 876 3389 946 γινόμενον
3421 873 3712 943 βλέπομεν,

2149 980 2242 1032 καὶ
2269 980 2333 1048 τῇ
2374 975 2622 1044 αἰσθήσει
2659 975 2720 1026 τὸ
2749 971 2934 1042 θαῦμα
2964 969 3251 1041 δεχόμεθα.
3283 966 3395 1021 Ποῦ
3427 967 3485 1020 δὲ
3515 966 3575 1019 τὸ
3601 963 3715 1036 πῦρ

2148 1067 2495 1137 διαιτώμενον
2516 1065 2726 1135 ἀθρόως
2748 1064 3108 1132 ἀπογεννᾶται
3131 1076 3146 1090 ο
3180 1061 3230 1112 εἰ
3251 1060 3316 1112 ἐκ
3340 1059 3440 1128 τῆς
3462 1055 3718 1126 συμπτώ-

2152 1178 2289 1224 σεως
2316 1159 2421 1212 τῶν
2446 1157 2691 1230 ψηφίδων
2730 1154 3168 1224 ἀναπαλλόμενον
3211 1190 3228 1219 ,
3258 1152 3324 1205 ὲκ
3361 1148 3551 1201 τίνων·
3584 1146 3617 1217 ἢ
3652 1149 3716 1200 ὲκ

2148 1253 2290 1317 τίνος
2320 1252 2485 1323 ἄλλης
2513 1250 2648 1322 πρὸς
2677 1247 2877 1316 ἑαυτὴν
2911 1245 3220 1315 τριὸείσης’
3257 1240 3352 1292 καὶ
3375 1238 3460 1301 τίς
3493 1239 3527 1308 ή
3556 1236 3718 1290 δύνα-

2153 1360 2263 1414 μις,
2301 1344 2332 1411 ἡ
2363 1341 2422 1394 τὸ
2450 1341 2547 1411 μὲν
2580 1337 2936 1408 περιδραχθὲν
2961 1335 3050 1387 ὑπ’
3081 1330 3245 1385 αὑτοῦ
3275 1327 3598 1391 διεσθίουσα,
3625 1327 3717 1380 τὸν

2150 1436 2206 1489 δὲ
2234 1435 2370 1507 ἀέρα
2391 1437 2457 1504 τῇ
2482 1432 2639 1501 φλογὶ
2663 1426 3102 1496 καταυγάζουσα,
3126 1422 3249 1478 ούτε
3272 1422 3396 1476 ίδείν
3419 1419 3716 1490 δυνάμεθα,

2149 1526 2272 1579 οὗτε
2306 1524 2513 1578 ἔννοιάν
2549 1540 2671 1577 τινα
2709 1522 2838 1591 περ)⁴
2861 1517 3050 1572 τούτου
3091 1514 3305 1568 λαϐεῖν’
3330 1512 3449 1565 ’ἀλλ’
3477 1514 3534 1564 ὲν
3571 1509 3718 1581 μόνῳ

2149 1619 2228 1689 τῷ
2266 1618 2382 1689 Θεῷ
2412 1617 2505 1670 τὸν
2539 1615 2696 1683 λόγον
2737 1613 2835 1682 τῆς
2871 1608 3174 1680 παραδόξου
3199 1604 3404 1675 ταύτης
3447 1601 3720 1671 θαυματο-

2152 1713 2334 1774 ποιίας
2375 1708 2694 1764 ἀποκεῖσθαί
2739 1721 2947 1775 φαμεν,
2992 1701 3070 1770 τῷ
3112 1701 3399 1769 ποιήσαντι
3442 1693 3583 1748 κατὰ
3625 1692 3720 1744 τὸν

2152 1806 2388 1876 ἄρρητον
2424 1803 2524 1871 τῆς
2563 1800 2844 1870 δυνάμεως
2882 1796 3073 1863 λόγον,
3109 1789 3433 1861 γεννηθῆναι
3465 1785 3542 1856 τῷ
3587 1782 3721 1852 πυρὶ

2153 1899 2214 1952 τὸ
2239 1898 2373 1967 φῶς.
2411 1893 2608 1957 Καθὼς
2631 1895 2658 1945 6
2694 1891 2928 1962 Μωῦσῆς
2951 1890 3008 1941 ἐν
3026 1885 3106 1958 τῷ
3136 1885 3248 1954 ἰδίῳ
3275 1883 3419 1952 λόγῳ
3452 1877 3722 1951 μαρτύρει

2152 2009 2275 2054 ται,
2303 1992 2386 2044 ὅτι
2429 2010 2447 2040 ι
2489 1988 2600 2041 Καὶ
2639 1983 2789 2038 εἶπεν
2833 1984 2862 2036 6
2906 1982 3067 2045 Θεὸς,
3113 1977 3402 2047 Γενηθήτω
3435 1971 3585 2043 φῶς,
3624 1970 3721 2024 καὶ

2155 2084 2370 2153 ἐγένετο
2412 2079 2541 2150 φῶς·
2595 2078 2686 2131 καὶ
2729 2073 2866 2129 εἶδεν
2897 2077 2925 2128 6
2951 2073 3083 2136 Θεὸς
3114 2072 3174 2123 τὸ
3207 2069 3322 2139 φῶς
3354 2068 3436 2120 ὅτι
3467 2063 3652 2118 καλόν.
3695 2081 3715 2114 ι

2155 2177 2332 2234 Μόνου
2371 2174 2480 2246 γὰρ
2505 2173 2578 2236 ὡς
2617 2167 2832 2241 ἀληθῶς
2875 2164 3011 2220 Θεοῦ
3055 2165 3115 2217 τὸ
3158 2163 3315 2224 ἰδεῖν,
3346 2160 3500 2228 ,ὅπως
3528 2156 3594 2211 ἂν
3630 2153 3724 2223 γέ-

2157 2287 2300 2325 νοιτο
2324 2268 2384 2321 τὸ
2413 2266 2558 2321 οὕτω
2586 2263 2750 2318 καλόν
2770 2281 2784 2294 ·
2807 2263 2841 2332 ἡ
2863 2259 2919 2313 δὲ
2939 2259 3038 2328 τῆς
3059 2254 3334 2328 ἡμετέρας
3354 2251 3566 2321 φύσεως
3587 2262 3726 2300 πτω-

2158 2362 2298 2432 χεία,
2339 2358 2400 2411 τὸ
2431 2356 2530 2426 μὲν
2554 2353 2834 2424 γινόμενον
2875 2348 3091 2420 βλέπει,
3123 2345 3213 2398 τὸν
3254 2343 3312 2397 δὲ
3348 2340 3468 2395 καθ’
3495 2338 3555 2391 ὂν
3582 2336 3726 2405 γίνε-

2157 2427 2247 2507 ται
2283 2452 2462 2520 λόγον,
2500 2447 2622 2501 οὔτε
2660 2444 2805 2510 ἰδεῖν,
2843 2441 2967 2495 οὔτε
2999 2438 3280 2492 ἐπαινέσαι
3317 2430 3554 2493 δυνατῶς
3589 2427 3722 2520 ἔχει.

2160 2543 2281 2596 Τῶν
2305 2518 2414 2610 γάρ
2438 2535 2872 2608 γνωριζομένων,
2902 2530 3022 2602 οὐχὶ
3047 2528 3157 2582 τῶν
3181 2523 3556 2595 ἀγνοουμένων
3580 2518 3727 2572 ἐστὶν

2159 2639 2189 2689 6
2217 2636 2454 2697 ἔπαινος.
2492 2651 2511 2683 ι
2545 2625 2699 2684 Είδεν
2734 2646 2753 2680 ο
2785 2622 2898 2689 οὖν,
2934 2622 3118 2694 φησὶν,
3154 2639 3174 2670 ι
3210 2621 3238 2672 6
3269 2616 3399 2679 Θεὸς
3429 2616 3488 2668 τὸ
3511 2611 3626 2682 φῶς
3644 2611 3730 2663 ὅτι

2161 2726 2348 2792 καλὸν,
2378 2724 2476 2777 καὶ
2513 2719 2826 2791 διεχώρισεν
2851 2717 2879 2768 ὁ
2909 2715 3039 2776 Θεὸς
3087 2714 3190 2767 ἀνὰ
3224 2709 3386 2780 μέσον
3427 2705 3518 2759 τοῦ
3553 2701 3730 2773 φωτὸς

2163 2819 2258 2872 καὶ⁹
2282 2816 2386 2871 ὀινά
2423 2815 2583 2884 μέσον
2616 2811 2710 2864 τοῦ
2747 2808 2990 2870 σκότους.
3033 2825 3051 2856 ι
3105 2801 3270 2856 Πάλιν
3319 2799 3380 2851 τὸ
3419 2793 3729 2863 ἀναγκαίως

2162 2911 2304 2964 κατὰ
2341 2907 2440 2979 τὴν
2476 2902 2795 2959 ἀκολουθίαν
2833 2899 2932 2969 τῆς
2969 2896 3182 2966 φύσεως
3209 2894 3266 2946 ὲν
3297 2890 3447 2954 τάξει
3487 2888 3592 2940 τινὶ
3635 2884 3732 2937 καί⁵

2164 2978 2405 3073 ἁρμονία
2447 2998 2751 3067 γινόμενον,
2799 2994 2877 3056 εἰς
2923 2990 3074 3042 θείαν
3121 2985 3394 3057 ἐνέργειαν
3432 2978 3735 3073 ὁᾼΜωῦσῆς

2163 3067 2387 3162 ἀνάγειζ
2434 3090 2732 3151 διδάσκων,
2776 3080 2972 3153 οἶμαι,
3015 3079 3102 3133 διὰ
3146 3078 3254 3130 τῶν
3289 3071 3624 3146 εἰρημένων,
3669 3067 3735 3119 τὸ

2166 3186 2342 3239 πάντα
2371 3177 2903 3254 προκατανενοῆσθαι
2925 3178 2992 3246 τῇ
3025 3172 3119 3227 τοῦ
3157 3169 3292 3223 Θεοῦ
3328 3165 3486 3236 σοφίᾳ
3509 3205 3525 3231 ,
3551 3162 3622 3216 τὰ
3645 3162 3736 3214 διά

2163 3293 2306 3339 τινος
2335 3273 2635 3342 ἀναγκαίας
2668 3270 2873 3332 τάξεως
2905 3264 3048 3319 κατά
3081 3263 3143 3314 τὸ
3169 3258 3458 3314 ἀκόλουθον
3502 3254 3737 3324 ἐκϐησό-

2167 3383 2321 3437 μενα.
2364 3364 2476 3433 Τῆς
2530 3361 2639 3430 γὰρ
2686 3357 3015 3428 φωτιστικῆς
3065 3353 3252 3413 οὐσίας
3299 3350 3399 3419 τῆς
3449 3347 3525 3418 τῷ
3573 3344 3735 3399 παντὶ

2165 3453 2651 3524 κατεσπαρμένης,
2709 3447 2843 3517 πρὸς
2893 3446 2955 3498 τὸ
2998 3441 3252 3512 συγγενὲς
3301 3437 3732 3510 συνδραμούσης,

2165 3551 2257 3604 καὶ
2286 3549 2465 3616 πάσης
2497 3543 2626 3615 περὶ
2659 3534 3291 3608 ἑαυτὴνὰθροισθείσης,
3318 3530 3629 3599 ἀναγκαίως
3665 3528 3737 3581 τὰ

2165 3637 2638 3710 ὲπιπροσθούμενα
2668 3636 2735 3704 τῇ
2785 3632 2944 3700 λοιπῇ
2997 3627 3104 3681 τῶν
3143 3625 3420 3694 στοιχείων
3465 3621 3566 3693 ὓλῃ
3611 3637 3739 3674 κατ-

2156 3733 2468 3800 εσκιάζετο,
2493 3731 2588 3784 καὶ
2615 3729 2674 3781 τὸ
2690 3724 3064 3792 ἀποσκίασμα,
3089 3719 3277 3782 σκότος
3302 3713 3388 3787 ἦν.
3421 3713 3591 3768 Τοῦτο
3623 3713 3736 3766 τοί-

2167 3843 2261 3881 νυν
2294 3825 2355 3880 τὸ
2383 3819 2688 3882 ἀκολούθως
2726 3815 3035 3885 γενόμενον,
3069 3811 3142 3874 ὼς
3194 3808 3260 3862 ἂν
3299 3808 3371 3878 μή
3420 3822 3504 3868 τις
3547 3803 3737 3871 ἀνάγοι

2169 3917 2303 3987 πρὸς
2333 3911 2635 3982 αὐτόματόν
2665 3927 2785 3962 τινα
2824 3902 3136 3973 συντυχίαν.
3163 3899 3298 3953 Θεοῦ
3328 3914 3492 3969 φησιν
3525 3895 3684 3966 ἔργον
3707 3894 3739 3946 6

2168 4009 2429 4078 Μωῦσῆς,
2458 4006 2550 4059 τοῦ
2590 4005 2686 4074 τὴν
2717 4001 2942 4071 δύναμιν
2969 3996 3173 4067 ταύτην
3206 3991 3597 4062 ἐναποθεμένου
3625 3991 3739 4052 τοῖς

2169 4101 2480 4172 γενομένοις
2503 4115 2516 4128 ο
2547 4097 2680 4150 ἀλλὰ
2711 4095 2815 4166 μὴν
2843 4093 2903 4146 τὸ
2931 4090 3107 4156 ὀξεῖαν
3135 4105 3194 4141 τε
3227 4087 3322 4140 καὶ
3352 4081 3623 4172 ἁνωφψῆν
3645 4081 3739 4136 καὶ

2171 4193 2480 4263 ἀεικίνητον
2517 4188 2609 4242 τοῦ
2643 4186 2812 4256 πυρὸς
2848 4180 2985 4237 εἶναι
3016 4181 3116 4252 τὴν
3157 4178 3338 4249 φύσιν,
3381 4177 3544 4230 παντὶ
3580 4171 3740 4243 δῆλον

2172 4291 2236 4342 ὲκ
2255 4287 2362 4341 τῶν
2385 4282 2722 4354 φαινομένων
2753 4279 2896 4333 ἐστίν
2913 4295 2926 4310 ο
2957 4275 2992 4330 ἀ
3019 4275 3075 4328 δὲ
3097 4267 3189 4328 διὰ
3212 4272 3310 4341 τῆς
3338 4269 3512 4340 ἀρχῆς
3537 4266 3741 4336 ταύτης

2173 4383 2237 4434 ὲκ
2263 4379 2355 4434 τοῦ
2383 4375 2677 4432 ἀκολούθου
2703 4375 2841 4426 νοεῖν
2869 4367 3181 4422 ὑποτίθεται
3202 4367 3230 4418 6
3248 4364 3424 4431 λόγος,
3454 4360 3744 4431 ίστορικῶς

2174 4471 2324 4545 παρά
2352 4469 2446 4524 τοῦ
2481 4465 2755 4528 Μωῦσέως
2794 4465 2850 4517 ὲν
2886 4461 3218 4532 διηγήματος
3247 4455 3376 4510 είδει
3409 4451 3745 4545 συγκαταγέ-

501 4532 719 4599 dantur,
751 4550 912 4590 omne
951 4535 1278 4608 legislatoris
1320 4536 1562 4592 studium
1606 4553 1751 4592 nunc
1783 4553 1848 4592 eo
1879 4537 2062 4607 dirigi,

2169 4532 2432 4636 γραπται,
2448 4558 2529 4624 τό,
2542 4557 2681 4610 (Καὶ
2708 4555 2919 4624 ἐγένετο
2938 4552 3164 4622 ἑσπέρα,
3183 4550 3277 4603 καὶ
3298 4546 3517 4616 ἐγένετο
3537 4544 3701 4615 πρωῒ.
3717 4561 3736 4594 ι

499 4641 611 4681 non
639 4639 697 4681 ut
725 4642 819 4684 eas
861 4641 980 4696 quae
1034 4636 1213 4683 mente
1247 4634 1408 4698 atque
1457 4628 1640 4682 animo
1674 4628 2064 4698 percipiuntur,

501 4727 754 4789 exponat,
793 4718 888 4774 sed
926 4731 982 4773 ut
1012 4720 1076 4774 iis
1105 4735 1226 4790 quae
1257 4731 1557 4776 cernuntur
1588 4735 1768 4776 rerum
1811 4721 2066 4777 sensibus

502 4810 858 4866 obnoxiarum
886 4818 1135 4865 ornatum
1153 4819 1206 4866 et
1230 4811 1642 4882 dispositionem
1674 4812 1963 4868 ostendat?

573 5020 708 5077 Cum
740 5022 902 5092 igitur
942 5023 1102 5092 ignis,
1149 5024 1239 5092 qui
1271 5034 1463 5106 natura
1508 5041 1606 5080 sua
1637 5028 1916 5082 celerrime
1947 5045 2070 5085 sur-

501 5129 625 5170 sum
675 5112 863 5178 tendit,
919 5121 1174 5183 tanquam
1229 5117 1424 5186 sagitta
1481 5119 1549 5172 ab
1610 5133 1738 5173 arcu
1769 5121 1967 5177 emissa
2007 5125 2076 5180 ab

504 5207 625 5260 aliis
672 5204 956 5260 elementis
998 5207 1357 5275 progrediens
1403 5223 1468 5262 ex
1505 5208 1860 5267 universitate
1892 5229 2073 5270 rerum

502 5305 629 5352 ante
653 5295 1002 5359 exsilivisset,
1022 5305 1077 5351 et
1095 5311 1255 5366 quam
1289 5297 1515 5366 cogitari
1540 5301 1714 5368 possit
1769 5304 2076 5366 celerrime,

502 5397 727 5443 caeteras
761 5386 946 5442 sensui
979 5387 1163 5441 allines
1189 5402 1276 5441 res
1299 5390 1708 5458 pertransisset,
1735 5409 1833 5448 nec
1869 5404 2076 5452 motum

506 5485 712 5534 rectum
767 5478 982 5550 longius
1027 5481 1228 5535 valeret
1275 5480 1594 5549 producere,
1631 5485 1776 5552 quod
1844 5501 1931 5541 res
1972 5489 2077 5544 illae

505 5583 625 5637 quae
652 5579 833 5627 mente
894 5570 1068 5626 solum
1116 5571 1507 5642 percipiuntur,
1562 5575 1716 5629 nullo
1766 5585 1923 5646 pacto
1951 5595 2074 5634 cum

508 5658 650 5722 istis,
677 5673 794 5728 qua:
831 5662 1083 5720 sensibus
1132 5669 1260 5719 sunt
1291 5665 1566 5732 expositae,
1595 5667 1772 5737 qualis
1796 5677 1881 5723 est
1911 5671 2073 5727 etiam

582 5859 628 5892 ⁸³
665 5859 802 5914 Gen.
865 5879 902 5928 ι,
953 5866 1010 5933 5,
1047 5867 1098 5920 4.
1185 5870 1232 5900 ³⁸
1272 5865 1501 5923 Ιὺίἀμιί.
1583 5871 1626 5901 ⁸⁸
1669 5872 1804 5928 Ibid.
1845 5874 1896 5928 8.

2177 4633 2271 4718 Ti;
2289 4653 2396 4722 γὰρ
2410 4651 2508 4703 οὐκ
2526 4645 2667 4701 οἶδεν
2686 4646 2766 4698 ὅτι
2781 4642 2904 4712 διχῆ
2915 4642 3010 4712 τῆς
3023 4639 3250 4699 κτίσεως
3265 4635 3578 4706 νοουμένης,
3592 4633 3670 4695 είς
3683 4647 3746 4684 τε

2172 4747 2232 4801 τὸ
2247 4745 2435 4816 νοητὸν
2455 4742 2547 4795 καὶ
2563 4737 2873 4808 αἰσθητὸν,ή
2893 4735 3042 4786 πᾶσα
3063 4729 3265 4800 σπουδὴ
3280 4729 3358 4799 τῷ
3374 4728 3639 4799 νομοθέτῃ
3651 4726 3747 4778 νῦν

2175 4840 2340 4900 ἐστιν,
2357 4835 2418 4888 οὐ
2433 4832 2503 4886 τά
2517 4830 2682 4902 νοητά
2698 4828 2864 4898 ὲξηγή
2872 4825 3085 4888 σασθαι,
3099 4824 3234 4878 ἀλλά
3250 4820 3526 4885 ὑποδεῖξαι
3539 4819 3627 4874 διὰ
3637 4818 3745 4872 τῶν

2177 4925 2513 4998 φαινομένων
2538 4925 2666 4994 ἡμῖν
2685 4921 2783 4992 τὴν
2807 4920 2864 4971 ἐν
2889 4919 3001 4980 τοῖς
3035 4914 3310 4985 αἰσθητοῖς
3349 4912 3742 4982 διακόσμησιν;

2259 5034 2414 5089 Ἐπεὶ
2451 5029 2544 5086 οὖν
2593 5031 2654 5084 τὸ
2714 5029 2823 5100 πῦρ
2868 5026 3004 5098 ὁμοῦ
3061 5025 3124 5079 τὸ
3182 5024 3442 5094 συστῆναι
3501 5021 3562 5077 τὸ
3612 5022 3743 5082 πᾶν,

2177 5129 2287 5184 τῶν
2319 5125 2623 5197 έτεροφυῶν
2655 5122 2933 5193 στοιχείων
2989 5117 3330 5184 ὲκτοξευθὲν,
3382 5114 3631 5185 καθάπερ
3691 5130 3745 5166 τι

2180 5222 2356 5293 βέλος,
2417 5222 2475 5272 ὲν
2545 5219 2623 5287 τῷ
2699 5215 2972 5286 ἀνωφερεῖ
3031 5212 3126 5268 καὶ
3203 5210 3390 5282 κούφῳ
3445 5209 3545 5278 τῆς
3606 5206 3745 5260 κατά

2181 5312 2340 5382 φύσιν
2393 5309 2656 5379 κινήσεως
2699 5305 2794 5359 τοῦ
2846 5303 3046 5367 παντὸς
3090 5299 3455 5374 προεξήλατο·
3505 5297 3599 5351 καὶ
3647 5297 3749 5366 ίσῳ

2178 5401 2410 5469 νοήματι
2437 5396 2534 5466 τὴν
2571 5394 2832 5465 αἰσθητὴν
2862 5392 3048 5445 οὐσίαν
3073 5390 3410 5460 διαπερᾶσαν
3433 5429 3448 5451 ,
3479 5387 3579 5439 οὐκ
3623 5385 3748 5454 ἔσχε

2181 5492 2551 5563 προσαγαγεῖν
2595 5489 2682 5540 ἐπ’
2729 5485 2941 5548 εὐθείας
2991 5485 3088 5555 τὴν
3134 5483 3366 5552 κίνησιν,
3406 5479 3505 5549 τῆς
3552 5479 3750 5546 νοητῆς

2183 5581 2410 5644 κτίσεως
2442 5580 2818 5649 ἀκοινωνήτως
2863 5578 2998 5646 πρὸς
3038 5576 3136 5646 τὴν
3171 5573 3279 5628 τῶν
3324 5569 3592 5640 αἰσθητῶν
3625 5570 3748 5622 ἑπι-

2186 5672 2368 5744 μιξίαν
2412 5672 2671 5745 ἐχούσης,
2707 5671 2962 5743 αἰσθητὸν
3003 5670 3059 5723 δὲ
3095 5669 3156 5723 τὸ
3187 5667 3326 5739 πῦρ·
3367 5665 3558 5720 τούτου
3591 5663 3752 5733 χάριν
