4110 6496
378 418 446 475 π
1554 418 1618 473 IN
1648 414 2121 475 HEXAEMERON
2179 412 2399 468 LIBER.
3516 410 3583 465 78

378 544 436 594 tv
464 541 576 603 τοῖς
605 539 792 610 ἄκροις
826 540 925 610 τῆς
964 540 1190 602 κτίσεως
1228 540 1371 610 ὅροις
1399 541 1456 591 τὸ
1484 536 1593 610 πῦρ
1622 539 1927 608 γενόμενον,
1959 591 1960 597 η

2061 538 2188 608 guis,
2214 533 2554 591 commisceri
2597 544 2797 604 queant
2836 551 2851 588 :
2903 548 3168 591 summam
3202 533 3386 588 mundi
3412 534 3587 604 regioq-

377 631 689 699 ἀναγκαίως
710 631 989 703 κυκλοειδῆ
1024 632 1255 686 ποιεῖται
1282 630 1380 699 τὴν
1408 631 1644 699 κίνησιν,
1671 631 1804 700 πρὸς
1835 631 1932 699 μὲν

326 724 329 725 ⁷
377 724 563 777 τὸπᾶν
592 721 853 793 φέρεσθαι
890 722 994 775 ὑπὸ
1024 723 1123 792 τῆς
1150 721 1473 791 ἐγκειμένης
1490 724 1556 791 τῇ
1585 722 1741 789 φύσει
1779 720 1930 777 δυνά-

383 830 526 884 μεως
574 812 1056 876 συνελαυνόμενον,
1097 814 1196 882 τῆς
1241 812 1297 865 δὲ
1347 813 1463 864 κατ’
1518 812 1729 873 εὐθείας
1767 813 1935 881 φορᾶς

380 904 562 976 χώραν
590 904 690 957 οὐκ
736 904 996 974 ἐχούσης·
1043 905 1192 956 πᾶσα
1229 903 1335 972 γὰρ
1384 905 1416 972 ἡ
1464 903 1689 973 αἰσθητὴ
1738 903 1933 965 κτίσις,

386 997 530 1059 ἰδίοις
563 996 709 1065 ὅροις
734 994 1049 1065 περιέχεται
1069 1010 1083 1023 ’
1114 993 1192 1063 τῷ
1220 994 1372 1063 ἄκρῳ
1400 992 1593 1063 πέρατι
1624 993 1724 1060 τῆς
1748 991 1938 1061 αἰσθη-

382 1090 479 1158 τῆς
516 1088 733 1155 φύσεως
769 1086 1083 1147 ἐνδιοδεύει,
1114 1086 1170 1137 tv
1209 1081 1289 1148 οἷς
1323 1084 1941 1155 εὑοδοῦταικινοὺμενον,

383 1182 480 1251 τῆς
508 1180 704 1249 νοητῆς
740 1178 977 1247 φύσεως,
1026 1176 1207 1240 καθὼς
1241 1177 1539 1245 φθάσαντες
1576 1176 1832 1245 εἴπομεν,
1876 1177 1937 1228 οὐ

387 1269 827 1341 παραδεχομένης
878 1269 935 1320 ἐν
982 1270 1145 1337 ἐαυτῇ
1198 1266 1291 1319 τοῦ
1351 1268 1516 1337 πυρὸς
1578 1265 1935 1335 τὸνμδρόμον.

384 1362 482 1413 Διά
556 1360 710 1414 τοῦτο
773 1361 803 1413 6
870 1358 1109 1428 Μωύσῆς
1179 1355 1616 1427 ἐπακολουθήσας
1692 1356 1780 1409 διὰ
1844 1356 1939 1424 τῆς

386 1451 622 1515 διανοίας
670 1454 736 1521 τῇ
790 1449 883 1503 τοῦ
939 1449 1106 1519 πυρὸς
1161 1449 1404 1519 κινήσει,
1444 1447 1540 1518 μὴ
1605 1450 1715 1510 τοῖς
1762 1448 1942 1511 αὐτοῖς

393 1543 609 1614 μέρεσιν
651 1541 1111 1613 ἐπιμεμενηκέναι
1164 1541 1293 1612 φησι
1347 1540 1408 1593 τὸ
1468 1539 1754 1610 γενόμενον
1796 1538 1939 1606 φῶς,

392 1635 504 1686 ἀλλ’
536 1634 982 1703 ἐκπεριεχόμενον
1008 1632 1104 1700 τὴν
1134 1632 1445 1702 παχυτέραν
1473 1632 1579 1685 τῶν
1609 1631 1775 1684 ὄντων
1817 1632 1945 1684 ὑπό-

395 1741 578 1779 στασιν
602 1767 615 1788 ,
655 1726 711 1777 ἐν
751 1724 830 1793 τῷ
878 1722 1092 1793 σφοδρῷ
1126 1724 1223 1793 τῆς
1268 1724 1527 1793 κινήσεως
1570 1722 1946 1792 ἀντιμετάγειν

392 1816 479 1869 διὰ
501 1817 602 1885 τῆς
630 1814 897 1885 περιόδου,
926 1816 1039 1875 τοῖς
1072 1830 1130 1866 τε
1164 1814 1487 1881 ἀφωτίστοις
1516 1814 1574 1867 τὸ
1605 1813 1825 1881 φέγγος,
1854 1812 1945 1865 καὶ

394 1912 503 1971 τοῖς
554 1877 980 1976 πεφωτισμένοις
1024 1906 1112 1959 τὸν
1160 1877 1338 1974 ζόφον.
1392 1905 1549 1969 Ἴσως
1596 1877 1654 1959 δὲ
1686 1877 1839 1960 ’κατὰ
1879 1906 1947 1959 τὰ
1977 1877 2020 1934 Β

396 2000 619 2071 χρονικὰ
644 1999 983 2069 διαστήματα
1008 1998 1109 2067 τῆς
1133 1998 1385 2068 τοιαύτης
1416 1998 1663 2068 διαδοχῆς
1697 2000 1822 2066 περὶ
1853 1998 1950 2068 τὴν

396 2092 547 2146 κάτω
596 2089 779 2161 χώραν
824 2090 1142 2161 γινομένης,
1182 2089 1273 2142 τοῦ
1310 2089 1487 2158 φωτός
1536 2107 1676 2160 φημι
1718 2089 1812 2143 καὶ
1855 2089 1949 2143 τοῦ

401 2185 649 2246 σκότους’
696 2182 854 2238 πάλιν
891 2182 966 2253 τῷ
1003 2181 1122 2252 Θεῷ
1160 2182 1257 2252 τὴν
1300 2181 1710 2251 ὀνοματοποιίαν
1741 2181 1951 2251 ἡμέρας

397 2292 458 2329 τε
482 2281 574 2329 καὶ
601 2274 789 2338 νυκτὸς
818 2276 847 2327 ὁ
873 2274 1109 2342 Μωῦσῆς
1141 2272 1470 2343 ἀνατίθησιν,
1502 2272 1648 2326 οὐδὲν
1678 2273 1784 2325 τῶν
1813 2271 1951 2325 κατά

401 2366 461 2420 τὸ
493 2366 778 2419 ἀκόλουθον
812 2364 1189 2434 γεγενημένων
1213 2363 1547 2433 αὐτομάτως,
1576 2364 1608 2433 ἢ
1640 2363 1731 2431 ἀφ’
1768 2362 1950 2433 ἐτέρου

400 2457 543 2520 τινὸς
579 2456 866 2526 ἐσχηκέναι
906 2455 1004 2526 τὴν
1042 2454 1214 2525 ἀρχὴν
1246 2456 1444 2507 ἐννοεῖν
1488 2452 1813 2523 ἐπιτρέπων.
1856 2453 1953 2505 Διὰ

400 2547 559 2601 τοῦτο
594 2547 794 2617 φησίν·
845 2564 865 2598 ι
911 2547 970 2600 ’0
1010 2546 1140 2609 Θεὸς
1182 2545 1405 2599 ἐκάλεσε
1448 2545 1509 2598 τὸ
1553 2544 1667 2614 φῶς
1708 2543 1951 2615 ἡμέραν,

402 2641 497 2693 καὶ
523 2639 583 2691 τὸ
616 2639 801 2701 σκότος
853 2642 1077 2697 ἐκάλεσε
1115 2636 1333 2690 νύκτα.»
1362 2636 1474 2707 Τῆς
1496 2637 1602 2705 γὰρ
1628 2636 1958 2705 φωτιστικῆς

402 2729 681 2798 δυνάμεως
708 2729 965 2800 ἀτρεμεῖν
991 2727 1055 2780 ἐκ
1079 2726 1291 2795 φύσεως
1324 2726 1687 2796 ἀδυνατούσης
1708 2765 1723 2788 ,
1747 2726 1836 2778 ὅτε
1878 2724 1957 2794 τῷ

402 2820 513 2874 ἄνω
539 2819 693 2889 μέρει
717 2818 809 2871 τοῦ
847 2817 1043 2874 κύκλου
1069 2816 1309 2887 διεξῆλθε
1348 2817 1408 2869 τὸ
1444 2818 1643 2885 φέγγος
1661 2857 1676 2880 ,
1703 2817 1798 2869 καὶ
1824 2817 1958 2887 πρὸς

401 2910 463 2963 τὸ
496 2908 847 2979 ὑποκείμενον
874 2902 942 2977 ἦν
975 2908 1008 2978 ἠ
1037 2907 1196 2979 φορὰ.
1226 2908 1283 2973 ἐξ
1316 2908 1556 2976 ἀνάγκης
1579 2911 1645 2978 τῇ
1682 2908 1957 2978 ὑποδρομῇ

402 3002 497 3055 τοῦ
525 3002 692 3072 πυρὸς
722 3001 783 3053 τὸ
815 2999 1204 3071 ὑπερκείμενον
1241 2999 1579 3069 ἀπεσκ-ιάσθη
1604 3038 1618 3062 ,
1660 2999 1761 3068 τῆς
1786 3017 1961 3069 παχυ-

404 3091 593 3160 τέρας,
625 3089 698 3152 ώς
733 3087 900 3153 εἰκὸς,
932 3086 1144 3156 φύσεως
1163 3088 1262 3157 τὴν
1298 3088 1469 3158 αὐγὴν
1511 3088 1959 3159 ἐπιπροσθούσης.

406 3180 517 3251 Τὴν
545 3177 636 3235 οὖν
663 3180 755 3232 τοῦ
791 3178 964 3248 φωτὸς
991 3178 1333 3249 ὑποχώρησιν
1353 3217 1367 3241 ,
1398 3179 1632 3250 ἑσπέραν
1656 3179 1955 3249 ὠνόμασεν.

406 3271 517 3324 Καὶ
546 3270 705 3323 πάλιν
734 3270 1217 3341 ἐκπεριδραμόντος
1237 3268 1331 3322 τοῦ
1358 3270 1524 3341 πυρὸς
1555 3270 1642 3323 τὸν
1674 3272 1963 3342 ὑποκείμε-

408 3376 499 3413 νον
530 3360 747 3423 κύκλον,
777 3359 1004 3424 καὶτοῖς
1034 3360 1145 3413 ἄνω
1172 3360 1269 3431 τὴν
1297 3361 1470 3430 αὐγὴν
1503 3362 1962 3430 ἐπαναγαγόντος,

409 3455 623 3524 πρωῖαν
657 3454 718 3506 τὸ
754 3453 1033 3523 γινόμενον
1066 3455 1523 3525 προσηγόρευσεν,
1557 3454 1729 3518 οὕτως
1765 3455 1964 3526 ὀνομά-

409 3563 509 3610 σας
536 3547 626 3599 τὸν
658 3545 871 3617 ὄρθρον.
904 3546 1105 3617 Μικρὸν
1134 3546 1190 3601 δὲ
1211 3546 1300 3599 τὸν
1331 3546 1484 3615 λόγον
1519 3547 1963 3619 ἐπαναλάϐωμεν,

409 3639 485 3702 ὼς
509 3639 573 3692 ἂν
612 3639 702 3692 καὶ
725 3638 793 3691 τὰ
821 3638 1129 3707 παραθέντα
1155 3641 1251 3710 τῆς
1281 3638 1425 3701 θείας
1450 3639 1692 3709 Γραφῆς,
1718 3640 1854 3710 πρὸς
1877 3639 1967 3692 τὸν

411 3729 599 3799 εἱρμὸν
629 3732 727 3800 τῆς
753 3727 1105 3798 ἀποδοθείσης
1138 3728 1369 3798 θεωρίας
1396 3731 1527 3799 ἡμῖν
1563 3729 1964 3799 συνεργήσειεν.

411 3816 546 3873 Εἷπε
586 3820 695 3891 γὰρ
723 3821 780 3873 tv
811 3820 1043 3891 πρώτοις
1071 3822 1101 3874 6
1138 3820 1234 3888 τῆς
1256 3820 1643 3889 κοσμογενείας
1682 3819 1856 3888 λόγος,
1887 3821 1968 3873 ὅτι

419 3929 438 3960 ι
487 3911 575 3964 Ἐν
617 3912 759 3981 ἀρχῇ
801 3910 1051 3980 ἐποίησεν
1096 3912 1124 3962 6
1165 3908 1295 3973 Θεὸς
1338 3910 1428 3964 τὸν
1465 3911 1690 3981 οὐρανὸν
1738 3912 1830 3964 καὶ
1871 3912 1969 3979 τὴν

413 4001 539 4071 γῆν.
555 4020 573 4053 ι
596 4001 764 4058 Τοῦτο
781 4001 836 4053 δέ
858 4002 1017 4070 ἡμεῖς
1040 4000 1401 4071 ὑπελάὸομεν,
1423 4002 1504 4054 ὅτι
1530 4001 1721 4072 ἁθρόον
1743 4003 1838 4071 τῆς
1864 4002 1970 4054 τῶν

413 4091 581 4143 ὅντων
616 4092 921 4154 συστάσεως
947 4093 975 4143 6
1003 4091 1158 4159 λόγος
1187 4091 1510 4163 παρίστησιν
1528 4134 1541 4154 ,
1571 4094 1634 4144 ὲκ
1689 4092 1781 4144 τοῦ
1819 4109 1969 4163 περι⁴

416 4184 629 4253 ἐχοντος
652 4184 746 4236 καὶ
778 4183 837 4235 τὸ
861 4182 1008 4246 ἐντὸς
1033 4182 1451 4253 ἐνδεικνύμενος,
1494 4183 1617 4247 Τοῖς
1648 4182 1754 4254 γὰρ
1786 4183 1972 4255 ἄκροις

415 4276 511 4327 καὶ
531 4274 603 4325 τὰ
635 4273 772 4343 μέσα
801 4274 1011 4337 πάντως
1033 4273 1435 4344 ἐμπεριέχεται.
1464 4274 1642 4345 Ἀκρα
1668 4274 1723 4326 δὲ
1745 4274 1817 4338 ὡς
1841 4275 1974 4345 πρὸς

417 4366 518 4435 τὴν
562 4363 904 4435 ἀνθρωπίνην
956 4364 1239 4436 αἴσθησιν,
1298 4364 1523 4435 οὐρανός
1573 4366 1688 4417 ἐστι
1741 4366 1834 4419 καὶ
1878 4368 1971 4436 γῆ.

418 4455 563 4507 Διότι
617 4454 824 4517 τούτοις
882 4454 1218 4524 ἑκατέρωθεν
1264 4456 1296 4525 ἡ
1348 4453 1456 4507 τῶν
1504 4454 1801 4525 ἀνθρώπων
1854 4455 1974 4525 ὅιῖκις

2033 644 2153 683 nem
2190 628 2438 682 obtinens
2471 627 2525 681 in
2574 626 2761 681 orbem
2785 625 3095 681 necessario
3122 633 3324 678 motum
3346 624 3474 694 egit.
3505 624 3587 678 Ab

2034 722 2195 776 insita
2234 721 2376 775 enim
2407 720 2456 773 vi
2489 719 2724 773 naturali
2762 733 2883 773 cum
2934 719 3188 773 universo
3222 719 3422 773 mundo
3460 717 3585 773 ferri

2034 812 2397 882 compellitur,
2431 812 2607 865 locum
2661 820 2840 865 autem
2861 825 2958 880 per
2983 825 3143 880 quem
3177 816 3322 863 recta
3350 808 3589 863 motione

2036 904 2258 967 feratur,
2285 918 2393 957 non
2422 903 2603 968 habet,
2636 902 2779 972 quod
2809 910 2861 957 et
2900 918 2988 957 res
3035 902 3285 957 sensibus
3333 904 3591 971 expositae

2037 995 2152 1049 suis
2174 1008 2399 1063 quaeque
2427 992 2620 1047 finibus
2651 993 3011 1056 continentur,
3046 1004 3099 1047 et
3123 1008 3241 1061 quae
3270 993 3449 1047 animo
3474 1002 3592 1049 tan-

2040 1091 2153 1139 tum
2178 1083 2726 1152 comprehenduntur,
2761 1084 2898 1151 ignis
2935 1096 3177 1143 cursum,
3206 1092 3264 1136 ut
3308 1090 3432 1138 ante
3456 1084 3594 1139 dixi-

2040 1190 2183 1240 mus,
2222 1189 2328 1227 non
2358 1174 2682 1243 suscipiunt.
2707 1175 2907 1228 idcirco
2953 1175 3007 1227 in
3044 1188 3293 1242 suprema
3323 1175 3470 1228 orbis
3508 1189 3596 1228 re-

2040 1266 2199 1335 gione
2244 1280 2501 1334 prospere
2537 1266 2738 1334 degens
2776 1266 3230 1319 circumvertitur.
3271 1264 3455 1334 Itaque
3480 1266 3594 1319 M0.-

2043 1373 2130 1413 ses
2159 1357 2297 1427 ignis
2324 1366 2527 1411 motum
2567 1359 2940 1419 considerans,
2980 1373 3087 1412 non
3151 1359 3227 1411 ait
3260 1360 3432 1413 lucem
3468 1373 3595 1428 prov

2043 1456 2278 1505 creatam
2298 1450 2349 1503 in
2386 1452 2586 1506 eisdem
2615 1452 2855 1520 partibus
2885 1451 3264 1519 permansisse,
3301 1451 3395 1506 sed
3434 1450 3597 1506 vehe-

2044 1546 2212 1597 menti
2248 1552 2395 1597 motu
2423 1544 2745 1599 crassiorem
2784 1559 2962 1598 rerum
2988 1544 3180 1598 molem
3211 1544 3521 1606 obeuntem,
3546 1551 3600 1597 et

2046 1636 2291 1690 obscuris
2312 1636 2555 1691 attulisse
2575 1637 2936 1706 splendorem.
2962 1645 3017 1690 et
3040 1635 3323 1690 illustratis
3346 1635 3600 1689 tenebras

2046 1726 2351 1794 reliquisse.
2416 1725 2525 1779 llac
2589 1736 2766 1780 autem
2827 1726 2963 1780 lucis
2998 1726 3447 1796 tenebrarumque
3482 1740 3604 1779 sua

2048 1817 2295 1872 cessione
2313 1818 2482 1886 aquis
2513 1820 2772 1886 temporis
2806 1818 3105 1872 intervallis
3136 1818 3189 1870 in
3218 1818 3439 1886 regione
3463 1814 3602 1870 infe-

2050 1907 2181 1961 riori
2233 1917 2470 1977 peracta,
2524 1906 2719 1972 Moses,
2750 1918 2804 1963 ut
2847 1908 2980 1961 nihil
3015 1924 3219 1969 eorum,
3246 1923 3364 1977 quae
3416 1908 3605 1961 ordine

2050 2008 2337 2054 consecuta
2361 2007 2507 2064 sunt,
2541 2009 2633 2054 aut
2664 2001 2883 2056 fortuito
2907 2008 3000 2055 aut
3028 2000 3095 2053 ab
3123 2000 3228 2053 alia
3260 2014 3428 2054 causa
3455 1998 3605 2070 prin,

2050 2093 2252 2161 cipium
2279 2092 2533 2147 habuisse
2558 2092 2877 2156 declararet,
2902 2091 3005 2147 diei
3050 2091 3336 2160 noctisque
3362 2091 3606 2148 denomi,

2052 2187 2322 2241 nationem
2357 2185 2465 2239 Deo
2490 2186 2752 2245 tribuens.
2791 2205 2809 2235 ι
2849 2185 3166 2256 Appellavit,
3206 2184 3397 2255 inquit,
3429 2184 3607 2237 lucem

2052 2277 2218 2341 diem,
2245 2285 2296 2331 et
2322 2278 2575 2332 tenebras
2605 2286 2813 2331 noctem
2835 2278 2897 2329 ’⁸.
2939 2295 2957 2327 ι
2995 2274 3129 2328 Nam
3153 2290 3274 2329 cum
3304 2273 3605 2333 illustrandi

2052 2368 2136 2423 vis
2166 2369 2480 2421 naturaliter
2536 2382 2639 2420 non
2698 2376 2879 2436 posset
2906 2366 3205 2436 quiescere,
3262 2365 3357 2418 ubi
3380 2365 3471 2417 lux
3515 2380 3608 2432 per

2055 2474 2320 2514 summam
2354 2460 2543 2513 circuli
2591 2470 2801 2530 partem
2855 2458 3123 2513 transiens
3208 2456 3276 2511 ad
3330 2455 3609 2525 superiora

2054 2551 2323 2620 pervenit,
2344 2566 2568 2605 necesse
2610 2550 2727 2615 fuit,
2773 2558 2831 2603 ut
2857 2549 3112 2605 inferiora
3164 2548 3605 2609 obscurarcntur,

2057 2642 2329 2697 crassiore
2355 2649 2568 2701 natura,
2604 2650 2662 2695 ut
2716 2656 2816 2710 par
2839 2648 2943 2703 est,
3002 2639 3339 2710 splendorem
3379 2653 3485 2691 non
3517 2635 3612 2689 ad,

2059 2733 2324 2787 mittente.
2364 2731 2506 2801 ignis
2557 2733 2721 2801 igitur
2765 2733 3076 2788 abscessum
3119 2745 3397 2800 vesperam
3432 2731 3610 2785 nomi-

2060 2824 2224 2877 navit.
2256 2824 2465 2878 Rursus
2488 2830 2664 2876 autem
2695 2838 2817 2876 cum
2842 2823 2980 2893 ignis
3012 2836 3323 2891 supremum
3350 2821 3611 2880 circulum

2060 2923 2416 2983 percurreret,
2451 2922 2504 2967 et
2568 2914 2940 2983 superioribus
2990 2914 3169 2967 lumen
3200 2912 3432 2976 aﬂ‘erret,
3486 2912 3613 2974 illud

2061 3006 2235 3074 ipsum
2258 3006 2459 3058 factum
2486 3006 2698 3059 vocavit
2720 3020 2897 3069 mane,
2932 3005 3312 3073 crepusculum
3343 3005 3421 3059 sie
3445 3004 3619 3074 apch

2063 3095 2202 3147 luns.
2236 3093 2337 3147 Sed
2364 3094 2525 3162 paulo
2555 3093 2714 3146 altius
2765 3107 3066 3146 sermonem
3097 3103 3421 3158 repetamus,
3445 3102 3501 3146 ut
3521 3108 3618 3145 ex,

1987 3212 2029 3269 ο
2065 3174 2349 3254 positionis
2375 3185 2547 3238 allatae
2575 3199 2602 3238 a
2634 3184 2791 3239 nobis
2820 3183 2955 3238 ordo
2980 3198 3043 3237 ex
3069 3183 3134 3238 iis
3159 3198 3277 3252 qua:
3302 3182 3532 3251 sparsim
3563 3184 3618 3241 iu

2067 3284 2252 3333 sancta
2269 3275 2549 3345 Scriptura
2578 3276 2752 3344 posita
2785 3282 2934 3337 sunt,
2983 3275 3382 3343 comprobetur.
3421 3274 3619 3339 Verba,

2066 3386 2185 3441 qua:
2219 3371 2404 3424 mundi
2438 3370 2716 3423 continent
2765 3369 3061 3439 opiﬁcium,
3098 3370 3177 3423 sic
3226 3370 3426 3423 habent
3460 3387 3473 3420 :
3507 3387 3525 3419 ι
3560 3367 3619 3431 in

2067 3462 2334 3532 principio
2359 3462 2489 3516 fecit
2513 3461 2656 3516 Deus
2682 3462 2879 3515 ctelum
2911 3469 2965 3515 et
2997 3468 3217 3514 terram.
3248 3479 3265 3510 ι
3292 3458 3414 3514 Haec
3428 3476 3529 3516 nos
3550 3461 3625 3524 ita

2069 3570 2257 3609 sumus
2301 3553 2657 3622 interpretati,
2685 3562 2743 3607 ut
2784 3568 2963 3608 rerum
3014 3552 3253 3605 omnium
3309 3552 3628 3621 procreatio,

2070 3652 2191 3701 nem
2236 3646 2396 3702 simul
2432 3645 2602 3701 fuisse
2651 3646 3024 3710 constitutam,
3080 3660 3142 3699 ex
3192 3645 3256 3699 iis
3334 3644 3626 3715 signiﬁcari

2070 3736 2387 3791 dixerimus.
2457 3736 2530 3791 Ex
2589 3751 2653 3791 eo
2712 3737 2853 3791 enim
2937 3738 3079 3805 quod
3176 3738 3437 3800 continet,
3496 3739 3627 3802 itlud

2070 3832 2231 3882 etiam
2292 3828 2526 3882 ostendit
2612 3827 2758 3897 quod
2832 3828 3168 3893 continetur;
3258 3843 3380 3882 nam
3449 3838 3630 3883 extreq

2069 3919 2175 3974 mis
2216 3919 2394 3973 media
2428 3918 2970 3987 comprehenduntur.
3006 3917 3251 3972 Extrema
3278 3935 3425 3979 vero,
3464 3936 3631 3988 quan,

2071 4022 2183 4065 tum
2262 4011 2478 4080 quidem
2550 4011 2615 4063 ad
2669 4025 2889 4065 sensum
2977 4011 3212 4080 pertinet
3288 4011 3627 4081 humanum,

2074 4110 2201 4156 sunt
2233 4104 2427 4157 caelum
2457 4111 2510 4156 et
2539 4111 2701 4156 terra.
2748 4101 2848 4155 His
2887 4104 3027 4157 enim
3066 4112 3316 4174 aspectus
3350 4105 3631 4163 hominum

2074 4194 2328 4263 utrinque
2352 4193 2836 4249 circumscribitur.
2876 4192 3339 4259 Quemadmodum
3364 4196 3507 4251 enim
3539 4197 3632 4267 qui

2074 4284 2229 4349 dixit,
2281 4285 2336 4338 in
2377 4299 2539 4338 manu
2585 4285 2704 4353 ejus
2738 4300 2859 4338 esse
2926 4284 3065 4340 ﬁnes
3119 4295 3274 4340 terra
3327 4288 3398 4351 ",
3458 4288 3635 4355 media

2074 4379 2234 4432 etiam
2284 4392 2403 4446 quae
2456 4375 2655 4431 ﬁnibus
2701 4376 3116 4439 concluduntur,
3164 4378 3427 4432 intellexit
3486 4397 3500 4432 :
3556 4379 3637 4434 sic

2078 4468 2252 4523 Moses
2324 4483 2425 4537 per
2493 4466 2862 4523 extremitates
2932 4468 3239 4522 universam
3294 4469 3442 4525 orbis
3469 4478 3637 4524 mate-

418 4545 678 4613 ὁρίζεται.
723 4545 929 4616 Ὥσπερ
966 4545 1144 4597 τοίνυν
1189 4548 1217 4598 ὁ
1264 4545 1432 4598 εἰπὼν
1477 4547 1558 4600 ὅτι
1609 4547 1697 4601 Ἐν
1730 4551 1795 4619 τῇ
1836 4550 1960 4620 χειρ

2082 4560 2218 4612 riam
2290 4559 2605 4627 complexus
2644 4566 2772 4621 est,
2834 4574 2954 4626 quae
3017 4558 3232 4627 quidem
3308 4559 3490 4638 opinio
3571 4574 3635 4625 ex

420 4636 585 4688 αὐτοῦ
617 4636 684 4689 τὰ
713 4636 919 4707 πέρατα
945 4637 1043 4707 τῆς
1078 4639 1182 4708 γῆς
1205 4677 1219 4701 ,
1249 4639 1341 4691 καὶ
1381 4639 1448 4691 τά
1488 4639 1627 4709 μέσα
1653 4642 1719 4711 τῇ
1748 4644 1975 4712 περιοχῇ

419 4727 530 4779 τῶν
562 4729 810 4797 περάτων
844 4728 1273 4799 συμπεριέλαόεν
1297 4743 1309 4756 ·
1354 4729 1496 4782 οὔτω
1536 4731 1628 4785 καὶ
1668 4732 1697 4783 ό
1740 4730 1977 4800 Μωῦσῆς

420 4818 522 4888 τῆς
546 4819 733 4889 ὑλικῆς
753 4820 846 4872 τοῦ
877 4821 1072 4883 παντὸς
1096 4820 1296 4888 κόσμου
1318 4821 1619 4891 καταϐολῆς
1642 4821 1738 4891 τὴν
1759 4820 1978 4885 ἔνδειξιν

420 4909 509 4967 διὰ
556 4911 664 4963 τῶν
710 4914 956 4981 περάτων
1003 4912 1323 4982 πεποίηται·
1378 4916 1653 4984 συνεργεῖν
1698 4912 1754 4965 δέ
1802 4930 1979 4983 φαμεν

424 5005 563 5074 πρὸς
612 5003 710 5073 τὴν
763 5003 1016 5075 τοιαύτην
1066 5005 1362 5076 ὑπόληψιν,
1411 5005 1481 5057 τὰ
1526 5005 1612 5058 διὰ
1661 5005 1825 5074 μέσον
1883 5007 1981 5076 ῥή-

425 5112 593 5164 ματα.
643 5097 953 5166 Γέγραπται
994 5095 1120 5166 γὰρ,
1164 5098 1244 5149 ὃτι
1292 5116 1313 5153 ι
1356 5098 1421 5158 Ἡ
1457 5097 1513 5163 δὲ
1544 5100 1613 5167 κῇ
1647 5094 1713 5166 ᾖν
1752 5098 1981 5169 α’έρατος

423 5181 1071 5257 acamas!
1108 5208 1125 5240 ι
1168 5189 1243 5251 ὡς
1289 5190 1354 5243 ἐκ
1386 5189 1574 5244 τούτου
1619 5190 1773 5260 δῆλον
1821 5184 1982 5250 εἶναι,

422 5279 508 5331 ὅτι
538 5282 602 5349 τῇ
643 5280 738 5347 μὲν
768 5280 990 5350 δυνάμει
1027 5280 1094 5333 τὰ
1129 5281 1302 5334 πάντα
1334 5276 1402 5351 ἦν
1424 5284 1480 5335 ἐν
1510 5280 1699 5353 πρώτῃ
1730 5281 1823 5334 τοῦ
1850 5282 1983 5334 Θεοῦ

424 5369 556 5441 ’περὶ⁵
588 5372 685 5439 τὴν
730 5373 904 5437 κτίσιν
935 5374 1099 5444 ὁρμῇ,
1129 5374 1289 5426 οἱονεὶ
1332 5374 1704 5445 σπερματικῆς
1732 5390 1874 5436 τινος
1904 5373 1988 5425 δυο

427 5462 642 5532 νάμεως
674 5464 807 5532 πρὸς
828 5464 924 5535 τὴν
947 5465 1041 5518 τοῦ
1076 5466 1272 5529 παντὸς
1302 5466 1512 5533 γένεσιν
1535 5464 1983 5535 κατωδληθείσης,

425 5553 675 5623 ἐνεργείᾳ
698 5553 857 5607 δὲτὰ
883 5555 1003 5609 καθ’
1039 5556 1264 5610 ἕκαστον
1310 5556 1459 5611 οὖπω
1508 5552 1596 5627 ἦν.
1633 5555 1699 5610 Ἢ
1739 5555 1845 5626 γὰρ
1888 5553 1984 5623 γῆν

426 5645 626 5717 φησὶν,
657 5642 734 5715 ἦν
765 5647 1033 5715 ἀόρατος,
1081 5647 1178 5701 καὶ
1221 5648 1765 5711 ἀκατασκεύαστος.
1813 5648 1988 5715 Ὅπερ

497 5824 546 5859 ¹ι⁶
583 5823 718 5888 Gen.
749 5839 791 5895 I,
828 5824 884 5887 5,.
961 5826 1000 5856 ιτ
1044 5823 1184 5887 Psal.
1220 5839 1361 5891 xm,
1400 5825 1453 5879 4.
1532 5824 1574 5855 ⁸⁸
1611 5822 1744 5880 Gen.
1785 5840 1821 5889 I,
1861 5823 1913 5887 2.

2082 4651 2263 4705 verbis
2313 4666 2434 4719 quae
2486 4657 2612 4703 sunt
2680 4648 2999 4718 interiecta,
3054 4647 3435 4702 conﬁrmatur.
3493 4649 3638 4703 Scri-

2083 4754 2233 4813 ptum
2281 4753 2365 4799 est
2399 4742 2542 4795 enim
2604 4760 2616 4794 :
2680 4759 2698 4791 ι
2751 4740 2919 4795 Terra
2961 4748 3140 4795 autem
3184 4751 3301 4799 erat
3349 4740 3639 4796 invisibilis

2085 4844 2139 4889 et
2172 4835 2529 4902 incomposita
2557 4833 2600 4863 ’⁸
2631 4851 2643 4884 :
2682 4850 2699 4883 ι
2739 4840 2796 4884 ιιι
2827 4832 3044 4901 planum
3093 4832 3261 4896 ﬁeret,
3296 4832 3476 4885 omnia
3521 4831 3638 4901 qui-

2086 4925 2207 4979 dem
2244 4924 2409 4978 fuisse
2428 4929 2697 4992 potestate
2729 4923 2781 4974 in
2812 4922 2985 4989 primo
3021 4921 3112 4975 Dei
3142 4921 3206 4973 ad
3249 4921 3639 5000 procreandum

2086 5016 2313 5085 appulsu
2339 5055 2353 5077 ,
2394 5024 2646 5082 tanquam
2686 5014 2738 5066 vi
2790 5013 3020 5080 quadam
3072 5014 3294 5067 seminis
3333 5014 3397 5065 ad
3455 5012 3639 5066 mundi

2087 5105 2519 5174 procreationem
2541 5102 2811 5172 conjecta,
2848 5113 2968 5156 actu
3004 5115 3132 5154 vero
3154 5116 3244 5156 res
3278 5100 3516 5169 singulas
3538 5099 3642 5153 mi-

2089 5197 2235 5250 nime
2253 5195 2438 5249 fuisse.
2476 5212 2494 5244 ι
2520 5194 2684 5247 Terra
2708 5214 2725 5243 ι
2751 5192 2917 5253 enim,
2949 5192 3142 5259 inquit,
3169 5209 3187 5240 ‹
3211 5198 3328 5245 erat
3356 5185 3644 5243 invisibilis

2090 5294 2142 5340 et
2169 5285 2553 5355 incomposita.
2594 5303 2613 5335 ι
2640 5284 2792 5349 Quod
2821 5282 3041 5352 perinde
3066 5289 3150 5337 est
3180 5297 3246 5337 ac
3280 5282 3325 5336 si
3351 5281 3641 5344 diceretur,

2091 5383 2228 5442 erat,
2259 5382 2314 5431 et
2361 5391 2467 5430 non
2512 5382 2628 5431 erat
2661 5395 2673 5429 :
2706 5374 2973 5445 siquidem
3013 5374 3077 5426 ad
3105 5390 3224 5429 eam
3255 5371 3493 5428 nondum
3516 5384 3647 5424 conq-

2092 5474 2375 5522 currerant
2425 5468 2733 5538 qualitates.
2787 5465 2958 5535 Cujus
2992 5465 3208 5536 quidem
3251 5462 3531 5518 sententia:
3566 5462 3647 5514 in:

2092 5558 2291 5613 dicium
2346 5567 2451 5622 est,
2502 5559 2646 5629 quod
2678 5557 2968 5613 invisibilis
3008 5556 3178 5611 fuisse
3228 5553 3444 5608 dicitur.
3492 5550 3647 5617 Quod

2094 5652 2239 5704 enim
2277 5665 2383 5705 non
2429 5651 2660 5718 videtur,
2704 5650 2854 5707 color
2886 5664 2994 5705 non
3028 5655 3138 5714 est;
3188 5645 3338 5702 color
3363 5651 3539 5707 autem
3563 5648 3650 5709 est
