4110 6502
393 417 481 478 8t.
1575 429 1642 485 lN
1680 429 2146 489 HEXAEMERON
2179 433 2396 488 LIBER.
3532 430 3601 488 8!

393 536 538 606 παχύ
569 555 619 590 τι
642 536 735 593 καὶ
763 535 1083 610 σωματῶδες
1109 543 1231 615 περὶ
1267 545 1563 600 αὑτὸ-νοεῖν
1595 550 1628 619 ἠ
1657 549 1944 603 ἀκολουθία

2053 561 2129 606 est
2186 551 2478 607 obnoxium
2507 591 2522 616 ,
2566 551 2795 607 solidum
2839 550 3159 620 firmumque
3193 548 3430 612 dicitur,
3473 547 3601 602 licet

389 627 485 681 τοῦ
531 630 690 697 Λόγου
713 629 948 698 δίδωσιν,
973 634 1107 687 ἀλλὰ
1137 635 1316 701 καθὼς
1360 636 1592 709 εἴρηται,
1620 642 1685 710 τῇ
1727 639 1862 710 πρὸς
1886 641 1946 694 τὸ

390 719 579 789 νοητόν
608 736 670 774 τε
714 722 809 775 καὶ
846 723 1133 794 ἀσώματον
1174 727 1490 798 παραθέσει,
1525 731 1632 791 πᾶν
1677 731 1798 784 ὅσον
1851 731 1947 785 τοῦ

389 811 649 882 αἰσθητοῦ
673 812 861 881 γένους
883 815 1016 881 ἐστὶ,
1036 819 1262 890 στερρὸν
1282 820 1515 888 λέγεται,
1537 821 1636 880 κᾶν
1657 825 1721 894 τῇ
1742 826 1946 895 φυσικῇ
1973 899 1979 913 Α

390 903 674 974 λεπτότητι
712 905 991 977 διαφεύγει
1035 911 1130 981 τὴν
1176 914 1516 982 κατανόησιν.
1561 915 1768 969 Οὐκοῦν
1816 917 1947 970 ἀκο-

388 993 592 1058 λούθως
607 996 728 1048 ὅσον
751 1000 814 1067 τῇ
841 1000 1068 1070 περιόδῳ
1086 1001 1180 1054 τοῦ
1206 1003 1376 1073 πυρὸς
1389 1005 1666 1077 διελήφθηο
1682 1005 1943 1078 διελήφθη

386 1085 445 1140 δὲ
463 1085 524 1138 τὸ
541 1086 712 1157 πέρας
741 1092 838 1160 τῆς
855 1089 1041 1162 ὑλικῆς
1060 1093 1244 1158 οὑσίας
1264 1111 1277 1125 ο
1306 1096 1382 1166 τῷ
1404 1097 1548 1162 ἅπαξ
1569 1097 1680 1168 ἰδίῳ
1707 1099 1813 1152 τινὶ
1838 1099 1949 1170 ὅρῳ

386 1177 744 1247 περιγραφὲν,
781 1181 1067 1251 στερέωμα
1105 1184 1201 1250 μὲν
1237 1185 1326 1239 διὰ
1356 1186 1452 1258 τὴν
1481 1188 1669 1260 ὑλικὴν
1695 1190 1856 1259 φύσιν
1880 1193 1946 1262 τῇ

389 1269 671 1339 συγκρίσει
703 1270 810 1324 τῶν
847 1272 1218 1345 ὑποκειμένων
1247 1279 1678 1354 προσηγορεύθη.
1713 1283 1950 1353 υὺρανὸς

386 1357 444 1418 δὲ
491 1357 612 1428 ἔσχε
660 1359 722 1412 τὸ
769 1359 959 1434 θνομα,
989 1362 1176 1437 ὥσπερ
1220 1367 1420 1440 καὶτῷ
1458 1369 1595 1438 (parti
1636 1369 1806 1442 ὄνομα
1853 1371 1951 1444 τὴν

387 1449 599 1520 ἡμέραν
623 1451 791 1520 ἔθετο,
831 1455 924 1508 καὶ
958 1455 1034 1526 τῷ
1090 1458 1269 1522 σκότει
1297 1459 1396 1532 την
1423 1460 1615 1516 νύκτα.
1661 1463 1723 1517 Ἥ
1751 1463 1806 1516 δὲ
1843 1463 1951 1516 τῶν

388 1541 594 1596 ὑδάτων
645 1543 916 1616 διάκρισις
945 1550 978 1618 ἡ
1036 1553 1411 1625 κεχωρισμένη
1444 1555 1510 1624 τῇ
1571 1556 1814 1628 μεσιτείᾳ
1853 1555 1948 1608 τοῦ

389 1635 786 1708 στερεώματος,
807 1637 929 1691 οὔτε
960 1638 1058 1710 τῆς
1088 1641 1403 1712 ὑπολήψεως
1429 1643 1796 1716 ἀλλοτριοῦται
1823 1648 1952 1698 ταύ-

385 1743 505 1797 της,
523 1729 612 1780 καὶ
640 1728 767 1799 πρὸς
795 1729 892 1801 τὴν
923 1730 1142 1802 Γραφὴν
1161 1733 1466 1798 ἀκολούθως
1488 1735 1618 1807 ἔχει.
1640 1737 1950 1807 Γέγραπται

385 1817 495 1889 γὰρ
523 1819 580 1872 έν
605 1821 672 1890 τῇ
709 1820 994 1893 ἀκολουθίᾳ
1025 1822 1133 1876 τῶν
1184 1824 1487 1896 εἰρημένων
1538 1827 1677 1897 μετὰ
1726 1829 1787 1881 τὸ
1825 1830 1950 1900 περὶ

2046 652 2294 696 naturam
2339 657 2499 712 quam
2557 643 2787 697 maxime
2837 640 3064 710 cogitari
3104 639 3276 710 possit
3348 636 3600 692 subtilem

2046 734 2306 789 obtineat.
2334 733 2522 789 Merito
2554 734 2737 804 igitur,
2769 732 2912 804 quod
2936 733 3076 802 ignis
3111 730 3314 786 ambitu
3359 741 3604 800 compre-

2046 825 2305 881 benditur
2325 824 2822 897 (comprehenditur
2840 833 3019 880 autem
3041 822 3304 894 quidquid
3326 837 3391 877 ex
3415 833 3602 876 crassa

2045 915 2272 970 materia
2329 916 2659 986 constat),id
2699 916 2937 986 propriis
2989 915 3159 970 semel
3203 914 3451 970 terminis
3497 913 3607 966 cir-

2047 1007 2459 1078 cumscriptum,
2485 1008 2555 1062 ob
2575 1008 2872 1063 naturalem
2901 1006 3141 1065 materiae
3161 1007 3600 1068 crassitudinem,

2047 1099 2118 1154 ad
2141 1100 2478 1168 superiorum
2506 1099 2866 1156 differentiam
2906 1107 3160 1154 vocatum
3191 1107 3272 1153 est
3298 1099 3607 1150 ﬁrmamen-

2049 1196 2184 1243 tum.
2219 1187 2681 1255 Quemadmodum
2718 1197 2895 1243 autem
2921 1196 2974 1242 et
3004 1187 3198 1248 lucem,
3230 1185 3408 1251 diem;
3439 1192 3494 1267 et
3529 1190 3608 1237 te-

2047 1281 2244 1338 nebras
2274 1290 2490 1340 noctem
2525 1300 2538 1336 :
2577 1281 2658 1336 sic
2684 1281 2837 1345 illud,
2861 1280 3057 1334 coelum
3083 1277 3392 1348 appellavit.
3426 1276 3606 1346 Atque

2049 1375 2116 1429 ab
2149 1373 2251 1430 bac
2294 1375 2510 1446 quidem
2538 1375 2877 1446 expositione
2917 1373 3112 1428 divisio
3137 1385 3401 1443 aquarum
3439 1370 3609 1425 inter-

2049 1466 2226 1536 positu
2250 1466 2650 1538 interjectuque
2683 1466 3008 1521 ﬁrmamenti
3037 1463 3329 1520 constituta
3362 1474 3471 1516 non
3508 1460 3606 1514 ab-

2049 1557 2250 1623 horret,
2267 1566 2321 1612 et
2339 1557 2632 1628 Scriptum
2646 1558 2897 1613 convenit
2921 1575 2936 1611 :
2963 1555 3042 1611 sic
3058 1553 3202 1609 enim
3223 1561 3343 1622 post
3360 1551 3472 1614 illa,
3490 1560 3610 1620 qum

2049 1647 2116 1702 de
2129 1657 2271 1702 terra
2289 1649 2492 1718 scripta
2505 1659 2652 1715 sunt,
2669 1649 2941 1718 sequitur:
2965 1663 2985 1696 ι
3004 1644 3262 1700 Tenebrae
3273 1650 3429 1699 erant
3446 1655 3608 1711 super

2050 1739 2328 1810 abyssum,
2354 1748 2408 1795 et
2437 1739 2660 1810 spiritus
2682 1739 2781 1794 Dei
2807 1738 3081 1804 ferebatur
3111 1751 3274 1805 super
3294 1733 3601 1804 aquam".o

2049 1831 2392 1885 Arbitramur
2407 1831 2572 1902 igitur
2590 1839 2798 1886 tantum
2817 1829 3028 1892 abesse,
3046 1837 3104 1882 ut
3125 1827 3352 1898 Spiritus
3369 1823 3611 1879 tenebra-

381 1910 482 1980 τῆς
511 1911 614 1980 γῆς
638 1913 810 1968 εἰπεῖν
827 1929 840 1942 ·
869 1913 949 1966 ὅτι
975 1933 994 1965 ι
1033 1895 1330 1990 Σκότοςίῆν
1352 1895 1656 1989 έπάνωήτῆς
1683 1895 1944 1985 assam},

2053 1939 2194 1986 rum,
2215 1895 2455 1993 spiritus
2469 1923 2562 1978 Dei
2591 1924 2682 1990 sit,
2711 1928 2973 1994 quantum
2998 1895 3247 1976 abest—ab
3270 1915 3417 1971 omni
3437 1914 3606 1969 malo:

385 1999 480 2052 καὶ
523 2001 739 2072 πνεῦμα
781 2001 917 2056 Θεοῦ
966 2005 1265 2078 ἐπεφέρετο
1303 2007 1492 2062 ὲπὲινω
1533 2008 1625 2062 τοῦ
1677 2009 1884 2076 ὓδατος.
1921 2030 1941 2064 ι

383 2093 758 2165 Στοχαζόμεθα
797 2096 972 2148 τοίνυν
1003 2097 1088 2150 ὅτι
1119 2099 1179 2151 τὸ
1220 2098 1434 2170 πνεῦμα
1483 2101 1575 2154 τοῦ
1601 2102 1736 2155 Θεοῦ
1771 2103 1948 2170 τοσοῦ·

380 2201 472 2237 τον
516 2185 707 2256 ἀπέχει
739 2187 832 2240 τοῦ
883 2187 1106 2253 σκότους
1134 2184 1292 2253 εἶναι,
1322 2192 1443 2244 ὅσον
1487 2195 1580 2246 καὶ
1604 2185 1823 2258 ’παντὸς
1849 2213 1947 2248 κα-

2048 2013 2193 2086 quod
2217 2013 2706 2070 innumerabilibus
2739 2019 2943 2071 sanctae
2964 2010 3263 2082 Scriptum
3286 2004 3612 2064 testimoniis

2049 2119 2344 2175 possumus
2366 2105 2741 2175 comprobare,
2772 2117 2893 2174 qua
2916 2101 3086 2157 Deum
3111 2107 3166 2154 et
3187 2099 3360 2153 lucem
3379 2109 3503 2152 esse
3526 2107 3612 2148 ve-

2049 2213 2168 2250 ram
2205 2197 2250 2228 "
2277 2236 2291 2260 ,
2314 2204 2369 2250 et
2390 2197 2636 2251 habitare
2662 2197 2838 2250 lucem
2871 2195 3208 2249 inaccessam
3249 2192 3290 2222 "
3323 2189 3608 2244 allirinant.

384 2275 480 2349 κοῦ
508 2276 796 2348 ἀλλοτρίως
827 2278 955 2349 ἔχει.
981 2279 1088 2332 Καὶ
1122 2281 1322 2350 μυρίας
1351 2281 1466 2334 ἔστι
1505 2283 1633 2354 περὶ
1666 2283 1853 2337 τούτου
1883 2285 1980 2354 τῆς
2006 2286 2166 2354 ἁγίας
2195 2286 2414 2355 Γοαφῆς
2455 2285 2813 2356 παραθέσθαιλ
2836 2283 3048 2353 φωνὰς,
3073 2283 3156 2335 ὅτι
3182 2281 3277 2334 καὶ
3319 2279 3433 2350 φῶς
3467 2279 3613 2332 ἔστιν

381 2368 628 2438 ἀληθινὸν
673 2371 702 2423 ό
747 2369 897 2434 Θεὸς,
931 2372 1032 2424 καὶ
1086 2373 1225 2426 οἰκεῖ
1275 2375 1568 2446 ἀπρόσιτον
1610 2375 1745 2444 φῶς.

453 2460 526 2513 Τὸ
543 2460 599 2514 δὲ
624 2461 838 2532 πνεῦμα
863 2461 954 2515 τοῦ
975 2461 1108 2518 Θεοῦ
1137 2465 1328 2520 ταὺτδν
1345 2471 1409 2538 τῇ
1449 2469 1604 2536 φύσει
1634 2472 1780 2526 ἐστὶν
1809 2469 1955 2542 αὑτῷ

381 2554 460 2623 τῷ
475 2553 610 2625 Θεῷο
630 2555 677 2607 εί
706 2555 762 2609 δὲ
795 2555 892 2626 μία
911 2555 1071 2625 φύσις
1092 2557 1185 2611 τοῦ
1209 2557 1342 2610 Θεοῦ
1367 2561 1460 2611 καὶ
1487 2559 1577 2612 τοῦ
1613 2561 1945 2632 πνεύματος.

383 2643 500 2712 φῶς
525 2643 580 2697 δὲ
596 2642 784 2708 όΘεὸς,
809 2643 922 2712 φῶς
938 2643 1002 2696 ἂν
1018 2643 1100 2714 εἴη
1120 2645 1333 2708 πάντως
1359 2647 1450 2698 καὶ
1466 2645 1558 2698 τοῦ
1572 2645 1705 2698 Θεοῦ
1722 2647 1781 2698 τὸ
1797 2643 1954 2699 πνεῦ-

383 2736 574 2806 μα.Ἰ“ὸ
604 2735 660 2789 δὲ
685 2735 796 2805 φῶς
826 2738 882 2788 έν
908 2737 1047 2805 φωτὶ
1077 2735 1290 2800 πάντως
1322 2740 1475 2801 ποιεῖ,
1493 2738 1698 2804 ἐκεῖνα,
1728 2732 1810 2801 οἷς
1834 2738 1952 2791 επι-

383 2813 627 2899 φέρεται.
647 2827 720 2882 Τὸ
735 2829 794 2896 δὲ,
815 2828 956 2900 ὕδωρ
971 2821 1014 2896 ᾧ
1036 2829 1096 2882 τὸ
1124 2828 1340 2899 πνεῦμα
1363 2827 1455 2882 τοῦ
1477 2828 1610 2882 Θεοῦ
1635 2829 1952 2900 ἐπεφέρετο,

383 2920 511 2992 ἀλλο
556 2937 608 2973 τι
663 2921 815 2991 παρά
847 2921 945 2992 τὴν
1001 2921 1291 2992 κατωφερῆ
1331 2919 1535 2990 ταύτην
1566 2921 1674 2974 τῶν
1713 2921 1952 2991 ρευστῶν

384 3013 592 3066 ὑδάτων
632 3013 792 3082 φύσιν
839 3013 1004 3076 ἐστὶν,
1038 3012 1066 3065 ὃ
1087 3011 1165 3081 τῷ
1199 3010 1536 3083 περεώματι
1558 3011 1692 3083 πρὸς
1723 3011 1782 3066 τὸ
1812 3011 1950 3084 βαρύ

380 3123 443 3161 τε
483 3106 576 3161 καὶ
621 3106 933 3177 κατωφερὲς
968 3105 1108 3176 ὕδωρ
1158 3104 1558 3176 διατειχίζεται.
1605 3105 1669 3159 El
1705 3106 1762 3160 δὲ
1810 3104 1950 3177 ὕδωρ

383 3199 608 3258 κάκεῖνο
642 3196 793 3268 παρά
845 3197 941 3268 τῆς
977 3195 1201 3274 Γραφῆς
1247 3194 1600 3266 ὀνομάζεται,
1637 3187 1682 3263 ᾧ
1734 3194 1821 3249 διὰ
1852 3193 1952 3265 τῆς

2127 2465 2363 2535 Spiritus
2401 2473 2577 2519 autem
2605 2463 2699 2520 Dei
2736 2478 2800 2519 ea
2833 2476 2998 2532 super
3021 2477 3146 2532 quae
3181 2458 3370 2523 fertur,
3410 2461 3611 2518 similia

2056 2553 2185 2608 facit
2215 2553 2282 2608 iis
2309 2569 2430 2623 quae
2454 2553 2511 2607 in
2547 2553 2667 2608 luce
2701 2562 2851 2609 sunt.
2882 2550 3244 2620 Quamobrem
3278 2567 3417 2622 aqua
3451 2568 3616 2622 super

2055 2661 2216 2718 quam
2245 2645 2338 2703 Dei
2383 2646 2612 2717 spiritus
2645 2646 2946 2714 ferebatur,
2973 2646 3035 2702 in
3069 2646 3189 2702 luce
3217 2653 3332 2701 erat
3363 2647 3611 2712 omnino,

2052 2749 2108 2796 et
2141 2755 2170 2793 a
2200 2739 2438 2798 tenebris
2467 2746 2757 2809 separata,
2786 2745 2842 2795 et
2875 2739 2999 2794 ideo
3028 2739 3108 2793 iiii
3138 2754 3246 2793 non
3279 2746 3399 2792 erat
3427 2753 3568 2808 opus
3598 2780 3613 2804 ,

2052 2847 2177 2887 cum
2209 2832 2266 2886 in
2295 2830 2535 2887 tenebris
2564 2846 2670 2885 non
2700 2837 2878 2898 esset,
2907 2839 2968 2886 ut
2995 2830 3382 2886 illustraretur.
3407 2829 3542 2896 Quae
3567 2829 3614 2886 si

2050 2929 2202 2978 recte
2234 2921 2582 2978 considerata
2616 2929 2775 2986 sunt,
2813 2935 2964 2991 aqua.
2988 2919 3272 2991 profecto,
3307 2935 3470 2991 super
3499 2935 3610 2992 qua

2053 3013 2329 3074 ferebatur
2397 3013 2629 3084 spiritus
2681 3011 2821 3079 Dei,
2855 2999 3080 3083 diversa
3129 3020 3214 3067 est
3264 3012 3334 3068 ab
3380 3014 3611 3068 istarum

2052 3117 2315 3174 aquarum
2344 3111 2574 3168 natura,
2624 3119 2747 3174 qum
2794 3104 3052 3159 deorsum
3086 3102 3296 3166 fluunt,
3337 3111 3391 3159 et
3431 3104 3614 3159 ﬁrma-

2048 3202 2238 3249 mento
2266 3193 2336 3250 ab
2370 3207 2511 3265 aqua
2547 3195 2697 3266 gravi
2732 3202 2788 3250 et
2821 3195 2885 3247 ad
2927 3192 3184 3249 inferiora
3226 3194 3484 3251 tendente
3526 3209 3616 3252 se-

382 3289 720 3362 ὑψηλοτέρας
764 3287 994 3358 θεωρίας
1030 3288 1092 3340 τὸ
1127 3286 1236 3339 τῶν
1261 3286 1464 3358 νοητῶν
1505 3287 1782 3356 δυνάμεων
1811 3285 1948 3356 πλή-

2053 3283 2315 3355 juugitur.
2345 3284 2524 3351 πριιοά
2569 3296 2751 3342 autem
2801 3284 2856 3338 in
2892 3282 3173 3354 Scriptura
3206 3291 3431 3339 vocetur
3474 3299 3617 3355 aqua

383 3400 544 3454 ρωμα
578 3381 933 3453 σημαίνεσθαι
967 3380 1356 3451 στοχαζόμεθα,
1393 3378 1680 3446 ξενιζέσθω
1730 3379 1816 3432 διὰ.
1856 3380 1956 3450 τῆς

299 3551 302 3553 _
381 3475 696 3547 ὁμωνυμίας
747 3473 954 3545 μηδείς.
1003 3473 1112 3532 Καὶ
1140 3472 1249 3544 γὰρ
1293 3473 1388 3525 καὶ
1418 3473 1447 3525 ό
1489 3472 1622 3535 Θεὸς
1667 3470 1778 3543 πῦρ
1825 3489 1956 3525 κατ-

279 3621 286 3630 ,
381 3567 671 3626 αναλίσκον
696 3566 864 3624 ἐστὶν,
912 3563 1048 3618 ἀλλὰ
1081 3563 1372 3634 καθαρεύει
1404 3563 1504 3634 τῆς
1554 3561 1742 3634 ὑλικῆς
1772 3579 1953 3634 σημα-

384 3659 507 3722 σίας
537 3655 630 3710 τοῦ
657 3655 829 3726 πυρὸς
858 3656 886 3708 ὁ
930 3654 1108 3723 λόγος.
1161 3655 1369 3722 ’Ὠσπερ
1398 3649 1492 3706 οὖν
1539 3652 1630 3707 τὸν
1677 3652 1810 3707 Θεὸν
1841 3651 1956 3725 πῦρ

385 3748 571 3823 μαθὼν
591 3742 754 3811 εἷναι,
783 3745 910 3808 ἀλλο
939 3763 998 3811 τι,
1023 3744 1184 3799 αὑτὸν
1217 3744 1370 3815 παρά
1390 3743 1450 3796 τὸ
1486 3741 1597 3814 πῦρ
1623 3742 1779 3797 τοῦτο
1797 3743 1953 3812 ἐνόη-

385 3827 485 3904 σας
515 3858 529 3870 ·
559 3839 702 3893 οῦτω
730 3839 824 3892 καὶ
869 3835 1010 3908 ὕδωρ
1057 3835 1185 3907 θείῳ
1238 3834 1509 3905 πνεύματι
1559 3833 1956 3904 ἐπιφερόμενον

384 3934 669 4006 διδαχθεὶς,
707 3934 781 4005 μὴ
818 3931 914 4004 τὴν
959 3929 1252 4001 κατωφερῆ
1303 3928 1462 3998 φύσιν
1498 3928 1694 4001 νοήσῃς
1732 3927 1828 3996 τὴν
1878 3927 1958 3990 είς

385 4030 490 4100 γῆν
523 4028 954 4100 καταρρέουσαν.
1008 4024 1082 4078 Τὸ
1117 4023 1226 4096 γάρ
1274 4020 1491 4092 πνεῦμα
1529 4020 1624 4076 τοῦ
1671 4019 1805 4074 Θεοῦ
1845 4022 1959 4083 τοῖς

385 4117 684 4192 χθαμαλοῖς
732 4134 791 4171 τε
845 4116 940 4170 καὶ
975 4114 1226 4180 ἀστάτοις
1246 4113 1346 4168 οὑκ
1375 4112 1716 4184 ἐπιφέρεται.
1744 4108 1956 4164 Οὑκοῦν

384 4201 462 4276 ὥς
486 4209 550 4266 ἀν
590 4207 968 4282 φανερώτερον
996 4207 1128 4278 ἡμῖν
1173 4203 1537 4274 ὲκκαλυφθείη
1561 4203 1621 4256 τὸ
1648 4202 1844 4271 νόημα,
1870 4199 1958 4252 διὰ

389 4302 682 4374 συντομίας
727 4301 817 4356 τὸν
848 4298 971 4353 νοῦν
1014 4298 1124 4352 τῶν
1164 4297 1470 4370 εἰρημένων
1519 4289 1954 4362 ἀναληψώμεθα·

387 4395 472 4450 ὄττι
492 4393 553 4446 τὸ
588 4393 874 4462 στερέωμα
911 4389 940 4442 ὃ
968 4389 1244 4460 ἐπεκλήθη
1293 4386 1541 4456 οὑρανὸς,
1581 4384 1828 4456 μεθόριον
1855 4384 1958 4452 τῆς

385 4482 650 4554 αἰσθητῆς
683 4481 803 4534 ἔστι
851 4479 1102 4542 κτίσεως,
1132 4477 1194 4530 τὸ
1228 4477 1282 4530 δὲ
1309 4476 1404 4529 ἀπ’
1434 4474 1662 4536 ἐκείνου,
1688 4474 1959 4554 νοητήγτις

385 4553 686 4645 διαδέχεται
715 4572 907 4636 κτίσις,
943 4572 1000 4624 έν
1103 4569 1204 4622 οὐκ
1235 4565 1394 4630 εἶδος,
1419 4566 1480 4620 οὐ
1529 4563 1778 4635 μέγεθος,
1798 4553 1899 4645 οὑχ
1921 4564 1956 4634 ἠ

2053 3378 2218 3431 etiam
2251 3375 2342 3431 illa
2364 3416 2380 3440 ,
2412 3391 2517 3445 qua
2563 3376 2866 3432 sublimiori
2908 3375 3368 3447 contemplatione
3405 3377 3618 3432 divina-

2055 3482 2176 3521 rum
2227 3466 2491 3522 mentium
2535 3467 2817 3536 plenitudo
2873 3466 3232 3537 signiﬁcatur,
3281 3483 3348 3522 ne
3389 3468 3513 3538 quis
3563 3467 3616 3522 id

2055 3559 2330 3626 alienum,
2382 3568 2477 3615 aut
2527 3574 2728 3614 novum
2774 3567 2946 3631 putet.
2997 3559 3131 3614 Nam
3178 3567 3234 3616 et
3280 3559 3422 3621 Deus
3475 3559 3618 3631 ignis

2052 3665 2386 3732 consumens
2417 3659 2503 3708 est
2531 3653 2601 3715 “,
2635 3658 2874 3716 attamen
2906 3649 3152 3721 a-bignis
3183 3651 3412 3706 materia
3441 3665 3616 3722 purus

2053 3742 2393 3816 intelligitur.
2415 3742 2881 3808 Quemadmodum
2907 3741 3093 3812 igitur,
3118 3757 3242 3796 cum
3265 3742 3422 3796 audis
3445 3741 3614 3797 Deum

2053 3849 2176 3890 esse
2213 3834 2424 3905 ignem,
2461 3835 2608 3897 aliud
2638 3834 2896 3904 quiddam
2937 3834 3006 3889 ab
3036 3835 3142 3890 isto
3173 3836 3298 3906 igne
3331 3834 3615 3890 diversum

2053 3942 2178 3983 esse
2203 3928 2356 3984 illum
2399 3928 2649 3998 cogitas:
2690 3926 2771 3981 sic
2813 3925 2978 3980 etiam
3020 3941 3144 3980 cum
3175 3926 3363 3980 divino
3401 3925 3620 3995 spiritui

2055 4035 2250 4091 aquam
2279 4019 2578 4088 subjectam
2609 4017 2804 4082 discis,
2829 4032 2899 4073 ne
2932 4020 3089 4088 putes
3124 4019 3273 4082 illam
3305 4033 3428 4074 esse
3459 4017 3619 4072 istam

2056 4127 2176 4183 qua:
2200 4109 2458 4171 inferiora
2487 4119 2677 4180 petens
2705 4109 2763 4163 in
2792 4117 2994 4175 terram
3034 4108 3172 4174 fluit.
3206 4107 3342 4163 Nam
3393 4108 3620 4178 spiritus

2057 4201 2152 4257 Dei
2209 4215 2376 4271 super
2434 4199 2664 4256 terrenis
2717 4199 2842 4267 istis
2893 4207 3058 4270 atque
3106 4199 3454 4256 instabilibus
3509 4214 3621 4256 non

2056 4291 2245 4360 fertur.
2277 4289 2476 4347 Verum
2495 4329 2511 4354 ,
2543 4299 2601 4344 ut
2631 4289 2834 4345 clarior
2865 4291 3024 4346 nobis
3048 4290 3146 4347 hic
3175 4305 3370 4346 sensus
3403 4299 3618 4361 pateat,

2055 4385 2535 4454 breviterrepetam
2543 4396 2614 4438 us'
2630 4396 2693 4437 ea
2707 4395 2828 4462 qua:
2843 4381 2986 4437 dicta
3001 4389 3149 4436 sunt.
3168 4379 3618 4447 Firmamentum,

2057 4475 2204 4548 quod
2233 4483 2484 4531 vocatum
2501 4482 2594 4533 est
2622 4474 2822 4540 ctelum
2845 4513 2862 4538 ,
2883 4474 3155 4529 terminus
3181 4481 3268 4530 est
3292 4489 3473 4530 rerum
3501 4489 3623 4545 quae

2058 4568 2314 4632 sensibus
2343 4563 2919 4635 comprehenduntur:
2955 4563 3104 4636 quod
3134 4563 3278 4619 ultra
3308 4563 3462 4618 illum
3508 4573 3618 4620 ter-

392 4667 486 4720 ἐπὶ
519 4668 686 4720 τόπου
726 4663 896 4731 θέσις,
919 4663 978 4716 οὑ
1023 4661 1085 4714 τὸ
1129 4662 1193 4714 ὲκ
1224 4657 1607 4730 διαστημάτων
1651 4655 1953 4728 μέτρον,λοὺ

2057 4659 2265 4717 mitium
2301 4665 2414 4724 est,
2465 4657 2520 4712 id
2558 4672 2647 4712 res
2696 4656 2802 4710 illae
2837 4671 2961 4727 quae
2998 4663 3179 4712 mente
3217 4655 3619 4734 percipiuntur,

389 4757 607 4832 χρῶμα,
631 4756 691 4810 οὑ
725 4755 928 4826 σχῆμα,
977 4753 1036 4806 οὑ
1074 4752 1392 4821 πηλικότης,
1444 4749 1544 4802 οὑκ
1590 4746 1719 4801 ἀλλο
1754 4764 1807 4800 τι
1846 4746 1954 4812 τῶν

388 4852 496 4906 ὑπὸ
521 4851 612 4904 τὸν
639 4849 866 4920 οὑρανὸν
893 4843 1279 4914 θεωρουμένων
1320 4840 1491 4896 αὑδέν.
1525 4839 1635 4894 Καί
1669 4855 1734 4910 με
1768 4837 1956 4914 μηδεὶς

389 4941 685 5012 (ἐπανθείτω
713 4939 799 4993 διὰ
839 4937 937 5008 τῆς
968 4934 1322 5007 τροπολογιας
1355 4931 1614 5002 σύγχυσιν
1635 4931 1952 5003 errarem-ri}

391 5034 598 5105 θεωρίᾳ
646 5031 746 5103 τῆς
786 5029 1004 5094 λέξεως,
1059 5027 1135 5092 ὡς
1176 5029 1295 5092 ταῖς
1353 5023 1626 5088 ὑπονοίαις
1683 5022 1795 5083 τῶν
1851 5022 1956 5094 πρὸ

388 5125 551 5198 ἡμῶν
599 5123 666 5176 τά
702 5118 927 5176 τοιαῦτα
969 5117 1386 5191 τεθεωρηκότων
1441 5113 1835 5187 συμφέρεσθαι,
1862 5114 1957 5176 καὶ

389 5218 571 5287 λέγειν
598 5235 612 5247 ·
647 5215 744 5279 τὰς
783 5213 880 5284 μὲν
909 5208 1272 5273 ἀποστατικὰς
1299 5207 1574 5278 δυνάμεις,
1608 5205 1842 5261 ἀύυσσον
1869 5205 1956 5272 λέέ

393 5310 587 5380 γεσθαι
605 5325 619 5340 ο
641 5307 733 5361 τὸν
759 5307 814 5362 δὲ
843 5303 1266 5375 κοσμοκράτορα
1279 5300 1374 5356 τοῦ
1395 5299 1647 5364 σκότους,
1681 5299 1744 5352 τὸ
1769 5297 1974 5360 ἒπάνω,

393 5399 496 5471 τῆς
526 5398 763 5454 ἀϐύσσου
798 5394 1045 5460 νοεῖσθαι,
1086 5394 1292 5458 σκότος.
1322 5393 1547 5462 Μήποτε
1575 5390 1716 5444 οὑτω
1773 5407 1955 5460 παραυ

393 5493 732 5565 νομήσαιμι,
763 5489 840 5553 ὼς
900 5489 1111 5560 ποίημα
1141 5487 1276 5542 Θεοῦ
1320 5488 1418 5560 τὴν
1473 5486 1670 5541 κακίαν
1713 5485 1903 5560 νοῆσαι
1938 5503 1953 5518 °

397 5581 584 5652 σαφῶς
603 5580 843 5642 εἰπόντος
872 5579 966 5633 ἐπὶ
1011 5577 1305 5648 κεφαλαίου
1343 5575 1435 5630 τοῦ
1480 5575 1625 5630 θείου
1658 5573 1840 5646 λόγου,
1874 5575 1958 5629 ὅτι

405 5671 574 5739 (Kal.
626 5665 764 5724 εἶδεν
807 5673 835 5725 ὀ
887 5669 1022 5734 Θεὸς
1069 5671 1138 5723 τὰ
1183 5670 1362 5724 πάντα
1404 5671 1503 5723 ὅσα
1546 5669 1817 5740 ἐποίησεν,
1864 5669 1958 5720 καὶ

2060 4753 2340 4825 excipiunt
2363 4791 2380 4818 ,
2425 4751 2482 4807 in
2519 4750 2719 4822 quibus
2755 4767 2857 4807 nec
2887 4750 3100 4821 species
3126 4758 3246 4816 est,
3277 4763 3382 4820 nec
3410 4749 3618 4822 magni-

2061 4829 2232 4909 tudo,
2273 4857 2375 4899 nec
2417 4841 2558 4898 situs
2603 4842 2658 4896 in
2702 4841 2854 4905 loco,
2882 4855 2984 4895 nec
3015 4839 3619 4904 intervallimensura.

2058 4953 2161 4994 nec
2208 4937 2379 5004 color,
2419 4950 2522 4992 nec
2565 4935 2772 5008 flgura,
2821 4947 2922 4990 nec
2949 4934 3264 5003 quantitas,
3315 4945 3417 4986 nec
3461 4929 3604 4998 quid-

2058 5043 2222 5101 quam
2267 5027 2411 5084 aliud
2447 5042 2635 5084 eorum
2668 5041 2794 5099 quas
2825 5025 2929 5083 sub
2964 5025 3106 5080 caslo
3137 5031 3461 5080 cernuntur.
3510 5019 3615 5076 Nec

2062 5118 2353 5190 quisquam
2382 5116 2700 5183 arbitretur,
2726 5130 2829 5172 nos
2861 5113 3152 5170 verborum
3185 5110 3618 5183 interpretationi

2061 5224 2128 5266 ex
2161 5211 2262 5264 hac
2295 5209 2486 5264 morali
2515 5207 2856 5280 expositione
2879 5204 3264 5262 confusionem
3307 5203 3528 5268 afferre,
3561 5207 3621 5256 ut

2062 5285 2414 5374 opinionibus
2445 5314 2634 5356 eorum
2670 5299 2920 5370 quiante
2951 5311 3051 5354 nos
3078 5295 3420 5367 interpretati
3451 5301 3618 5358 sunt,

2061 5394 2337 5450 faveamus
2361 5435 2378 5459 ,
2408 5393 2768 5463 dicamusque
2807 5396 3110 5462 potestates
3135 5389 3258 5445 illas
3304 5400 3425 5458 quae
3467 5383 3619 5441 defe-

2061 5491 2260 5541 cerunt
2277 5523 2294 5550 ,
2323 5484 2581 5557 abyssum
2606 5483 2755 5539 dici:
2781 5481 3086 5555 principem
3111 5494 3243 5536 vero
3269 5477 3620 5533 tenebrarum

2062 5577 2290 5648 inteliigi
2319 5576 2572 5632 tenebras
2601 5575 2724 5631 illas
2745 5613 2762 5640 ,
2796 5589 2917 5645 qua:
2944 5587 3110 5645 super
3136 5572 3394 5641 abyssum
3439 5575 3619 5623 erant.

2061 5667 2352 5740 Nunquam
2380 5668 2524 5724 enim
2552 5668 2627 5721 ita
2660 5665 2950 5722 delirarem
2975 5707 2992 5733 ,
3026 5671 3086 5719 ut
3120 5675 3209 5720 res
3237 5677 3269 5717 a
3299 5659 3412 5718 Deo
3448 5657 3624 5716 factas

475 5845 522 5898 '2
557 5846 756 5916 (Aemi,
795 5846 849 5902 2.
927 5850 972 5880 '°
1009 5845 1223 5915 Joan.t,
1261 5850 1312 5904 9.
1391 5847 1432 5879 "
1474 5832 1677 5912 liTim.
1721 5862 1795 5918 νι,
1837 5845 1928 5904 16.

2084 5845 2236 5905 Deut.
2294 5862 2365 5914 tv,
2407 5847 2510 5915 24;
2551 5843 2715 5902 Hebr.
2760 5858 2858 5908 xu,
2899 5843 2988 5897 29.
