4054 6490
514 377 588 435 ss
1451 363 1456 368 ’
1759 385 1817 440 s.
1849 386 2173 444 caecum:
2208 359 2495 448 NYS'SENI
3649 392 3722 448 si

518 497 688 554 malas
717 515 840 556 esse
872 501 1122 558 ducerem
1143 543 1158 565 ,
1193 517 1315 559 cum
1349 504 1636 576 perspicue
1661 521 1928 562 summam
1959 511 2065 565 col-

2174 512 2282 566 ἱδοὺ
2329 512 2400 566 τά
2430 513 2604 567 πάντα
2645 510 2784 566 καλὰ
2819 511 2959 566 λίαν.
2996 529 3015 564 ι
3047 512 3114 565 El
3144 510 3201 564 δὲ
3243 511 3419 564 πάντα
3443 509 3586 564 καλά
3623 511 3720 565 ὅσα

517 591 691 660 ligens
717 591 898 647 divina
927 593 1206 663 Scriptura
1237 595 1460 650 dicati:
1488 596 1554 650 Et
1585 596 1722 651 vidit
1757 597 1896 654 Deus
1929 615 2067 655 cun-

517 692 603 737 cta
637 699 758 753 qua:
789 683 1029 751 fecerat,
1060 695 1114 740 et
1140 697 1296 742 erant
1336 690 1493 745 valde
1523 690 1662 744 bona
1691 689 1756 742 ".
1790 710 1806 740 ι
1829 690 1985 756 Quod
2021 693 2066 748 si

514 789 849 846 quaecunque
885 777 1027 830 Deus
1061 777 1187 830 fecit
1221 787 1348 832 sunt
1379 780 1551 844 bona,
1585 781 1816 851 abyssus
1849 793 2065 846 autem,

513 881 738 938 quaeque
771 865 839 920 ad
873 867 1019 921 illam
1053 868 1360 940 pertinent,
1392 886 1421 923 a
1458 887 1683 927 numero
1715 888 1901 928 eorum
1949 891 2069 944 qua:

519 953 662 1010 facta
692 964 823 1010 sunt
853 971 882 1008 a
917 957 1025 1013 Deo
1045 998 1060 1023 ,
1097 975 1210 1014 non
1233 961 1600 1016 excluduntur
1625 982 1637 1016 :
1676 971 1729 1016 et
1758 963 1870 1018 ltaac
1901 945 2067 1034 igitur

513 1047 574 1101 in
599 1046 792 1104 ordine
819 1064 920 1104 suo
947 1051 1088 1105 bona
1109 1091 1128 1117 ,
1163 1052 1325 1106 etiam
1371 1053 1604 1124 abyssus
1634 1053 1750 1123 ipsa
1772 1093 1786 1118 ,
1817 1054 1944 1108 licet
1975 1055 2067 1109 lux

514 1139 678 1196 rebus
702 1141 868 1196 insita
896 1143 1135 1198 nondum
1168 1147 1320 1199 circa
1367 1146 1514 1200 illam
1563 1147 1892 1216 splenderet.
1932 1146 2068 1201 Pro-

514 1234 639 1291 inde
668 1249 792 1290 cum
819 1236 872 1290 in
900 1235 1181 1307 Scriptura
1225 1239 1486 1310 abyssum
1515 1240 1711 1303 audio,
1758 1240 2064 1294 multitudio

515 1341 638 1382 nem
679 1341 940 1398 aquarum
985 1330 1282 1399 signiﬁcari
1329 1331 1473 1385 dico.
1528 1330 1618 1385 Sic
1648 1332 1794 1386 enim
1833 1332 1886 1385 in
1919 1332 2067 1401 psal-

513 1417 622 1472 mis
647 1433 860 1488 quoque
889 1419 1214 1474 describitur
1236 1439 1253 1474 :
1288 1440 1305 1472 ι
1327 1422 1675 1476 Conturbatae
1705 1433 1832 1477 sunt
1857 1423 2064 1494 abyssi,

513 1509 807 1564 multitudo
849 1512 1059 1566 sonitus
1105 1527 1372 1581 aquarum
1404 1512 1469 1568 “.
1506 1532 1525 1566 ι
1557 1512 1834 1569 Tenebras
1883 1523 2064 1568 autem

511 1599 663 1656 circa
724 1602 871 1656 illam
925 1604 1193 1668 audiens,
1241 1605 1346 1658 vim
1398 1604 1708 1658 illustrandi
1761 1605 1817 1658 in
1877 1620 2063 1659 rerum

515 1690 870 1748 universitate
887 1694 1048 1749 sitam
1071 1693 1309 1749 nondum
1329 1695 1566 1751 eluxisse
1595 1697 1860 1767 intelligo.
1888 1699 2066 1766 Aquae

515 1795 636 1837 rum
663 1798 790 1838 vero
815 1785 1208 1853 separationem
1237 1801 1332 1856 per
1367 1787 1765 1843 ﬁrmamentum
1795 1804 2064 1842 consecu-

515 1883 622 1929 tam
655 1873 876 1931 discens
905 1891 935 1930 a
968 1875 1284 1946 Scriptura,
1331 1878 1467 1932 nihil
1506 1879 1803 1935 absurdum
1825 1920 1839 1944 ,
1891 1887 1986 1932 aut
2032 1894 2062 1932 a

511 1967 756 2023 nominis
789 1970 1184 2040 signiﬁcatione
1209 1970 1443 2026 alienum
1477 1972 1605 2026 mihi
1652 1973 1831 2027 facere
1857 1973 2064 2039 videor,

514 2054 562 2109 si
610 2055 906 2112 discrimen
951 2058 1091 2113 inter
1119 2074 1304 2112 earum
1345 2069 1571 2116 naturas
1612 2063 1949 2132 intelligam,
1993 2071 2067 2116 ab

513 2159 618 2215 que
662 2162 830 2202 unum
875 2163 1046 2218 genus
1098 2149 1314 2202 illarum
1356 2165 1573 2204 sursum
1624 2151 1882 2214 tendere,
1929 2151 2067 2205 nihil

515 2237 802 2305 gravitatis
865 2238 1102 2304 habere,
1166 2249 1220 2294 et
1280 2240 1458 2309 ignem
1518 2241 1734 2296 levitate
1803 2257 2064 2312 superare

515 2327 645 2380 mihi
693 2329 1085 2398 persuadeam,
1135 2331 1271 2387 adeo
1312 2342 1372 2386 ut
1412 2349 1578 2404 supra
1628 2343 1879 2388 naturam
1931 2335 2064 2388 cali-

511 2419 638 2473 dum
693 2436 949 2484 manens,
993 2422 1139 2480 illius
1193 2425 1424 2496 subjecti
1484 2441 1582 2481 nec
1636 2435 1786 2481 motu
1845 2427 2067 2482 convel-

511 2511 675 2576 latur,
709 2527 809 2568 nec
841 2513 1031 2568 ardore
1076 2515 1131 2568 in
1171 2515 1442 2571 diversum
1485 2518 1727 2573 ordinem
1769 2526 2068 2572 commute«

510 2611 622 2666 tur,
655 2602 748 2658 sed
779 2602 888 2674 igni
916 2604 1343 2660 subtereurrenti
1367 2608 1573 2660 nullum
1606 2608 1673 2662 ad
1701 2621 1760 2662 se
1782 2622 2064 2662 accessum

512 2695 760 2768 praebens
779 2729 795 2762 ,
828 2697 1097 2766 integrum
1127 2706 1362 2753 maneat.
1395 2697 1682 2764 Quomodo
1707 2699 1852 2754 enim
1874 2739 1887 2764 ,
1922 2699 2064 2768 quod

512 2788 738 2844 materia
776 2797 954 2851 caret,
989 2795 1040 2844 ei
1073 2804 1133 2844 se
1169 2789 1350 2844 locum
1383 2789 1788 2856 accommodet,
1819 2791 1962 2859 quod
2001 2807 2064 2844 ex

512 2881 739 2936 materia
769 2881 1027 2936 constat?
1055 2880 1303 2938 Alterum
1343 2889 1522 2936 autem
1573 2882 1706 2937 illud
1743 2898 1866 2938 esse
1909 2885 2066 2952 cujus

514 2981 763 3028 naturam
813 2981 868 3029 et
911 2973 1116 3038 oculis,
1168 2985 1222 3028 et
1259 2981 1456 3044 gustu,
1505 2981 1558 3029 et
1597 2982 1744 3029 tactu
1783 2976 2067 3046 cognosci.

515 3081 656 3122 mus.
687 3065 817 3131 Quae
849 3069 993 3121 enim
1035 3067 1159 3129 hic,
1191 3074 1246 3122 et
1283 3066 1538 3120 deorsum
1581 3066 1755 3121 fertur
1795 3083 1970 3136 aqua,
2013 3077 2066 3122 et

512 3158 784 3229 perlucida
814 3159 1075 3223 cernitur,
1105 3166 1161 3213 et
1187 3167 1347 3229 gustu
1379 3159 1738 3230 dignoscitur,
1771 3175 1889 3215 eam
1912 3201 1928 3223 ,
1960 3176 2060 3216 na-
2088 3174 2131 3232 ο

509 3260 631 3304 tura
661 3249 780 3318 ejus
810 3258 1090 3320 perspecta
1117 3258 1172 3305 et
1197 3252 1448 3322 cognita,
1484 3251 1553 3306 ad
1580 3251 1742 3306 aliam
1789 3253 2066 3308 notionem

509 3340 807 3396 transferre
837 3355 943 3395 non
971 3341 1235 3411 cogimur.

580 3438 647 3488 At
673 3451 794 3506 quae
827 3436 937 3490 illic
967 3450 1105 3504 aqua
1133 3435 1352 3499 dicitur,
1384 3451 1507 3492 cum
1540 3452 1638 3491 nec
1674 3439 1937 3504 videatur,
1967 3456 2066 3496 nec

509 3527 640 3581 ﬁuat
661 3567 676 3592 ,
704 3542 805 3582 nec
830 3528 954 3581 ullis
987 3542 1210 3596 prorsus
1237 3521 1783 3596 ejusmodi‘terminis
1814 3548 2066 3588 coercea-

510 3625 622 3678 tur,
663 3615 862 3684 quibus
900 3623 1092 3668 natura
1131 3615 1354 3669 humida
1391 3617 1723 3686 continetur,
1769 3621 1863 3676 sed
1914 3631 2065 3676 extra

511 3703 689 3756 locum
732 3702 804 3757 sit
832 3711 884 3756 et
912 3718 1108 3772 expers
1141 3704 1385 3758 omnium
1412 3707 1772 3774 qualitatum,
1812 3725 1932 3779 qua:
1964 3713 2065 3766 sub

510 3807 727 3848 sensum
785 3791 1018 3855 cadunt,
1071 3793 1119 3848 si
1194 3809 1359 3863 super
1407 3795 1524 3866 ipsa
1575 3797 1779 3852 feratur
1838 3802 2063 3870 spiritus

509 3881 637 3949 Dei,
690 3892 742 3939 et
782 3899 947 3953 supra
997 3885 1166 3939 caelos
1203 3899 1324 3940 esse
1375 3887 1650 3953 credatur,
1706 3898 1764 3943 et
1807 3892 2063 3960 omnibus

506 3988 628 4044 qua:
665 3989 828 4030 sensu
858 3981 1281 4045 cognoscuntur,
1317 3977 1570 4046 superior
1599 3978 1701 4041 sit,
1736 3982 1829 4049 qui
1877 3995 1986 4034 non
2032 3996 2062 4034 a

506 4066 781 4121 communi
813 4081 954 4136 aqua
982 4066 1253 4123 diversam
1301 4077 1486 4138 putet,
1538 4080 1896 4142 naturamque
1936 4089 2063 4128 sen-

505 4157 660 4212 sibus
700 4173 808 4211 non
843 4158 1168 4223 obnoxiam,
1209 4158 1303 4214 sed
1353 4160 1536 4215 animo
1578 4176 1643 4216 ac
1677 4173 1853 4218 mente
1885 4164 2061 4220 solum

505 4247 953 4318 comprehensam
999 4247 1304 4316 existimet,
1355 4249 1498 4305 inter
1523 4266 1619 4306 eos
1643 4290 1658 4316 ,
1685 4253 1779 4322 qui
1813 4254 2062 4322 judicare

507 4345 769 4410 possunt,
815 4337 1054 4392 arbitror
1091 4353 1213 4393 esse
1251 4338 1542 4394 neminem.
1584 4340 1720 4394 Nam
1756 4355 1814 4397 ut
1856 4359 1924 4399 ex
1964 4361 2060 4400 su-

507 4431 716 4502 periore
751 4429 1108 4500 lisputatione
1130 4430 1532 4497 conclusimus,
1584 4433 1844 4503 quidquid
1874 4451 2059 4492 move-

2167 603 2418 673 ἐποίησεν
2443 604 2472 655 ό
2517 604 2666 668 Θεὸς,
2696 606 2729 674 ἡ
2759 603 2817 656 δὲ
2862 601 3094 666 ἄϐυσσος
3145 602 3338 657 καὶτὰ
3375 602 3504 673 περὶ
3548 603 3724 672 αὑτὴν

2166 694 2265 747 οὑκ
2293 693 2396 760 ἔξω
2421 693 2528 747 τῶν
2567 694 2722 764 παρὰ
2763 692 2854 746 τοῦ
2888 692 3020 746 Θεοὺ
3051 693 3346 762 γεγονότων
3388 693 3533 746 ἐστίν
3568 710 3582 724 ο
3610 692 3724 764 ἄρα

2168 786 2308 840 καλὰ
2351 785 2445 839 καὶ
2481 784 2655 839 ταῦτα
2681 785 2759 856 τῷ
2809 785 2921 856 ἰδίῳ
2942 785 3104 855 λόγῳ,
3142 784 3245 838 κᾶν
3266 784 3499 848 ἄϐυσσος
3527 780 3584 859 ᾖ,
3615 785 3719 838 κᾶν

2170 879 2334 949 μήπω
2374 878 2502 949 περὶ
2547 878 2715 949 αὑτὴν
2759 877 2947 948 λάμπῃ
2989 878 3049 929 τὸ
3078 879 3189 938 τοῖς
3228 872 3377 931 οὖσιν
3406 877 3723 947 ἐγκείμενον

2167 969 2302 1038 φῶς.
2343 969 2549 1023 Οὑκοῦν
2589 969 2820 1024 άϐυσσον
2852 969 2950 1039 μὲν
2985 968 3134 1040 παρὰ
3165 967 3264 1038 τῆς
3296 968 3514 1038 Γραφῆς
3552 968 3718 1021 ἁκού-

2168 1075 2284 1123 σας,
2316 1059 2376 1112 τὸ
2404 1058 2604 1130 πλῆθος
2629 1059 2736 1112 τῶν
2759 1059 2960 1112 ὑδάτων
2990 1056 3537 1128 σημαίνεσθαιλέγω.
3565 1055 3722 1110 Οὕτω

2166 1154 2274 1221 γὰρ
2309 1150 2473 1222 αὑτὴν
2510 1151 2603 1204 καὶ
2638 1151 2673 1221 ἡ
2705 1149 2988 1221 ψαλμωδία
3021 1149 3258 1221 ὁρίζεται
3279 1147 3528 1216 λέγουσα*
3557 1168 3575 1200 ι
3597 1148 3743 1207 Ἑτα-

2172 1244 2447 1315 ράχθησαν
2506 1241 2562 1293 αἰ
2624 1239 2869 1306 ἄϐυσσοι,
2908 1238 3107 1308 πλῆθος
3140 1238 3301 1308 ἡχους
3339 1237 3563 1290 ὑδάτων·
3606 1253 3625 1286 ι
3658 1235 3719 1287 τὺ

2165 1329 2220 1383 δὲ
2248 1329 2374 1401 περὶ
2415 1329 2584 1400 αὑτὴν
2628 1331 2813 1393 σκότος
2848 1329 3102 1392 ἀκούσας,
3125 1329 3186 1381 τὸ
3215 1331 3381 1398 μήπω
3420 1325 3718 1396 πεφηνέναι

2163 1419 2260 1490 τὴν
2311 1418 2636 1490 φωτιστικὴν
2667 1417 2890 1490 δύναμιν
2935 1417 3032 1488 τὴν
3080 1416 3398 1488 ἐγκειμένην
3443 1417 3508 1486 τῇ
3559 1413 3719 1483 φύσει

2163 1513 2270 1565 τῶν
2296 1512 2462 1566 ὄντων
2488 1511 2702 1582 ἐνόησα.
2727 1511 3012 1582 Χωρισμὸν
3035 1509 3091 1563 δὲ
3114 1509 3335 1571 ὑδάτων,
3357 1508 3448 1561 διὰ
3481 1505 3571 1560 τοῦ
3602 1523 3720 1560 στετ

2169 1603 2445 1676 ρεώματος⁴
2464 1604 2722 1674 γεγονότα
2751 1603 2899 1674 παρὰ
2926 1601 3025 1671 τῆς
3054 1600 3273 1672 Γραφῆς
3309 1597 3716 1668 διδασκόμενος,

2165 1697 2264 1748 οὑκ
2286 1695 2388 1761 ἔξω
2434 1712 2524 1766 μοι
2555 1693 2694 1746 δοκῶ
2723 1693 2814 1746 τοῦ
2861 1692 3068 1754 εἰκότος
3100 1693 3290 1753 ποιεῖν,
3330 1690 3422 1742 καὶ
3465 1689 3564 1758 τῆς
3596 1688 3716 1742 κατ’

2163 1788 2331 1856 ὄνομα
2378 1785 2669 1856 σημασίας,
2708 1783 2799 1836 ἐπὶ
2841 1782 2938 1836 τοῦ
2982 1782 3169 1846 ὓδατος
3202 1779 3473 1852 χωρισμὸν
3502 1778 3715 1840 ἐννοῶν,

2165 1878 2304 1932 ὥστε
2350 1876 2601 1948 διάφορον
2633 1875 2888 1946 ἐκατέρου
2935 1874 3032 1946 τὴν
3083 1874 3240 1943 φύσιν
3270 1872 3474 1926 οἴεσθαι
3506 1872 3601 1926 καὶ
3623 1886 3718 1924 πε-

2167 1967 2383 2039 πεῖσθαι
2403 1985 2415 1998 ·
2456 1967 2516 2020 τὸ
2544 1968 2639 2037 μὲν
2672 1966 2947 2037 ἀνωφερὲς
2975 1983 3034 2017 τε
3073 1966 3166 2019 καὶ
3197 1965 3394 2034 κοῦφον
3431 1958 3589 2027 εἶναι,
3623 1959 3718 2014 καὶ

2165 2061 2262 2130 τῆς
2285 2056 2728 2128 κουφότητος.τοῦ
2771 2057 2938 2127 πυρὸς
2963 2056 3316 2126 ἐλαφρότερον
3347 2073 3364 2088 ο
3394 2053 3531 2109 ὥστε
3552 2053 3717 2121 ὑπερ-

2167 2151 2277 2204 άνω
2305 2151 2398 2220 τῆς
2427 2148 2631 2220 θερμῆς
2677 2147 2860 2210 οὑσίας
2907 2145 3096 2217 μένον,
3130 2145 3263 2215 μήτε
3294 2144 3358 2213 τῇ
3394 2143 3599 2212 κινήσει
3623 2139 3735 2195 τοῦ.

2167 2237 2521 2308 ὑποκειμένου
2573 2233 3082 2308 συμμετατίθεσθαι.
3137 2235 3272 2304 μήτε
3321 2234 3390 2301 τῇ
3428 2230 3719 2300 θερμότητι

2167 2331 2302 2403 πρὸς
2355 2329 2639 2383 ἀντίπαλον
2666 2328 2813 2394 τάξιν
2847 2323 3336 2389 ἀποκαθίστασθαι,
3365 2323 3477 2376 ἀλλ’
3504 2321 3632 2375 αὑτό
3659 2337 3725 2373 τε.

2170 2422 2348 2492 μένειν
2373 2420 2654 2491 ἀμείωτον,
2681 2419 2758 2489 τῷ
2805 2435 2864 2471 τε
2897 2417 3242 2488 ὑποτρέχοντι
3291 2415 3422 2486 πυρὶ
3452 2411 3722 2484 μηδεμίαν

2167 2511 2232 2569 δι’
2260 2512 2449 2566 ἐαυτοῦ
2475 2511 2703 2582 πάροδον
2737 2511 2851 2582 ἐᾷν.
2876 2509 2999 2571 Πῶς
3031 2507 3139 2578 γὰρ
3172 2507 3237 2560 ἂν
3264 2504 3525 2576 τόπος.τῷ
3551 2503 3724 2574 ὑλικῶ

2166 2608 2226 2660 τὸ
2259 2607 2417 2661 ἇῦλον
2445 2606 2651 2676 γένοιτο
2674 2621 2689 2670 ;
2712 2604 2784 2658 Τὸ
2811 2603 2866 2656 δὲ
2911 2603 3094 2675 ἕτερον
3121 2600 3262 2670 ὕδωρ
3290 2598 3444 2652 τοῦτο
3468 2593 3628 2662 εἶναι,
3657 2588 3718 2650 οὗ

2165 2699 2263 2771 τὴν
2292 2697 2450 2768 φύσιν
2478 2697 2569 2750 καὶ
2596 2693 2855 2764 ὀφθαλμῷ
2898 2692 2990 2747 καὶ
3033 2693 3142 2762 ἁφῇ
3178 2690 3270 2744 καὶ
3315 2688 3497 2758 γεύσει
3525 2687 3717 2758 γνωρί-

2166 2790 2347 2860 ζομεν.
2383 2791 2447 2841 '0
2485 2787 2716 2858 γὰρκαὶ
2753 2786 2900 2839 κάτω
2955 2784 3198 2856 φέρεται,
3221 2781 3312 2837 καὶ
3355 2779 3538 2842 διειδὲς
3590 2776 3719 2831 καθ-

2165 2882 2376 2952 ορᾶται,
2402 2878 2494 2932 καὶ
2513 2880 2579 2948 τῇ
2605 2875 2789 2946 γεύσει
2817 2873 3155 2944 γινώσκεται,
3173 2873 3259 2927 διὰ.
3286 2872 3384 2943 τῆς
3402 2868 3730 2940 ἐγκειμένης.

2166 2971 2466 3042 ποιότητος,
2480 2968 2633 3022 τοῦτο
2656 2967 2790 3039 πρὸς
2809 2965 2972 3038 ἄλλην
2994 2965 3111 3018 τινὰ
3144 2964 3465 3036 μεταφέρειν
3492 2961 3736 3026 ἒννοιαν,.

2166 3062 2325 3136 ητοῦ
2363 3059 2759 3132 γνωριζομένου
2808 3057 2965 3128 φύσις
3015 3059 3115 3111 οὑκ
3166 3053 3482 3125 ἀναγκάζει.

2197 3425 2400 3480 Ἐκεῖνο
2415 3420 2509 3492 μέν
2521 3435 2613 3472 τοι
2629 3414 2983 3485 τὸλεγόμενον
3001 3411 3162 3484 ὓδωρ,
3177 3411 3205 3464 ὃ
3224 3412 3355 3482 μήτε
3372 3409 3561 3480 ὁρᾶται
3584 3409 3728 3477 μήτε

2167 3521 2268 3589 ῥεῖ,
2293 3517 2428 3587 μήτε
2439 3512 2547 3566 τισὶ
2572 3509 2878 3582 περιέχεται
2897 3507 3050 3570 ὅλως,
3077 3499 3153 3567 οἷς
3170 3505 3203 3571 ἡ
3223 3501 3364 3572 ὑγρὰ
3379 3503 3584 3569 πέφυκε
3603 3500 3718 3552 δια-

2165 3606 2477 3681 κρατεῖσθαι
2502 3606 2678 3673 φύσις,
2714 3600 2826 3654 ἁλλ’
2853 3597 2957 3663 ἔξω
2999 3597 3096 3668 μὲν
3126 3595 3290 3648 τόπου
3320 3593 3487 3656 ἐστὶν,
3520 3590 3718 3662 ἀμιγὲς

2163 3706 2218 3759 δὲ
2245 3703 2422 3772 πάσης
2446 3699 2543 3770 τῆς
2573 3696 2689 3751 κατ’
2715 3693 2963 3762 αἴσθησιν
2989 3686 3388 3759 γνωριζομένης
3418 3685 3716 3754 ποιότητος,

2163 3798 2260 3850 οὑκ
2296 3795 2360 3850 ἄν
2387 3808 2508 3846 τινα
2541 3785 2691 3860 οἶμαι
2718 3786 2822 3839 τῶν
2856 3783 3058 3854 κρίνειν
3094 3777 3530 3849 ἐπεσκεμμένων,
3551 3775 3637 3828 διά
3656 3786 3714 3827 τε

2163 3889 2222 3943 τὸ
2251 3881 2614 3955 ὑποφέρεσθαι
2645 3876 2722 3948 τῷ
2770 3875 3035 3945 πνεύματι
3079 3871 3171 3928 τοῦ
3212 3869 3366 3933 Θεοῦ,
3396 3869 3486 3923 καὶ
3530 3866 3614 3920 διὰ
3655 3863 3719 3920 τὸ

2165 3977 2414 4046 ὑπεράνω
2463 3971 2570 4024 τῶν
2614 3966 2856 4038 οὐρανῶν
2888 3960 3024 4018 εἶναι
3071 3959 3360 4023 πιστεύειν,
3402 3957 3493 4011 καὶ
3525 3956 3611 4010 διὰ
3656 3956 3717 4009 τὸ

2163 4069 2378 4122 πάντων
2434 4063 2542 4118 τῶν
2595 4063 2660 4115 δι’
2718 4058 3017 4129 αἰσθήσεως
3070 4051 3480 4123 γινωσκομένων
3540 4049 3718 4119 μένειν

2163 4161 2442 4232 ἐξώτερον,
2473 4157 2545 4228 μὴ
2595 4153 2720 4208 ἄλλο
2764 4170 2814 4204 τι
2863 4148 3009 4220 παρά
3041 4143 3100 4200 τὸ
3135 4145 3308 4199 κοινὸν
3352 4145 3550 4197 ἐννοεῖν
3575 4139 3715 4212 ὕδωρ

2162 4253 2298 4323 πρὸς
2327 4250 2422 4322 τὴν
2467 4245 2658 4318 νοητὴν
2701 4237 2884 4296 οὑσίαν
2917 4241 3034 4302 ταῖς
3079 4235 3352 4298 ὑπονοίαις
3398 4233 3711 4323 φερόμενον.

2162 4321 2331 4395 Τοῦτο
2355 4339 2460 4408 γὰρ
2480 4337 2544 4388 ἐκ
2566 4334 2672 4388 τῶν
2698 4327 3074 4402 ἐξητασμένων
3101 4321 3586 4394 ὑπενοήσαμεν,ὂτι
3609 4321 3717 4373 πᾶν

2162 4434 2221 4486 τὸ
2249 4430 2560 4499 κινούμενον
2591 4425 2735 4486 ἐντὸς
2754 4423 2850 4492 τῆς
2875 4419 3067 4490 νοητῆς
3092 4414 3300 4486 φύσεως
3329 4411 3715 4484 περιείργεται,

507 4533 615 4586 tur,
665 4537 694 4574 a
730 4527 927 4576 natura
952 4560 967 4584 ,
1011 4537 1132 4591 qua:
1163 4529 1342 4576 mente
1376 4524 1488 4577 sola
1524 4524 1842 4594 percipitur,
1878 4529 2062 4581 exclu-

2167 4525 2259 4578 καὶ
2284 4523 2409 4592 περὶ
2447 4518 2605 4572 ἐαυτδ
2637 4518 2734 4587 τὴν
2769 4511 3106 4584 ἀναστροφὴν
3141 4509 3270 4580 ἔχει.
3308 4507 3469 4576 Ὅρος
3516 4505 3572 4558 δὲ
3608 4508 3717 4567 τοῖς

507 4631 628 4670 sum
673 4625 784 4680 est,
835 4624 891 4670 et
939 4614 1081 4668 circa
1125 4615 1365 4684 seipsum
1411 4617 1820 4673 conversionem
1877 4619 2059 4676 habet.

507 4706 708 4762 Natura
736 4722 863 4762 vero
893 4707 1132 4762 locorum
1169 4708 1358 4776 spatiis
1391 4709 1678 4763 terminata
1701 4752 1716 4775 ,
1749 4710 1912 4766 rebus
1943 4729 2062 4782 quze

507 4806 796 4854 moventur
821 4797 954 4852 ﬁnes
986 4799 1302 4862 constituit,
1335 4801 1477 4852 ultra
1507 4817 1644 4870 quos
1679 4811 1870 4856 natura
1892 4841 1906 4863 ,
1949 4805 2064 4858 sola

506 4889 865 4960 intelligentia
899 4889 1327 4959 comprehensa,
1362 4891 1639 4961 nullisque
1686 4893 1926 4948 locorum
1972 4902 2066 4948 aut

509 4981 920 5038 intervallorum
986 4982 1414 5051 proprietatibus
1475 4984 1713 5039 obnoxia
1769 4986 2063 5055 reperitur.

511 5073 834 5143 Supremum
868 5073 1030 5145 igitur
1067 5082 1276 5129 natura:
1307 5074 1525 5130 sensilis
1566 5076 1880 5140 terminum,
1915 5085 2067 5131 extra

507 5180 668 5234 quem
705 5163 840 5218 nihil
872 5165 977 5220 tale
1020 5174 1125 5228 cst,
1158 5166 1335 5235 qualia
1366 5174 1494 5220 sunt
1525 5181 1586 5220 ea
1619 5183 1737 5236 qua:
1767 5167 2065 5229 cernimus,

471 5257 832 5314 .ﬁrmamenti
880 5258 1097 5314 nomine
1141 5258 1405 5313 declarari
1450 5257 1704 5321 dicimus,
1741 5259 2064 5314 sententiam

506 5361 748 5406 nostram
795 5347 1076 5419 Scriptura
1125 5351 1303 5405 verbis
1343 5350 1450 5405 illis
1489 5350 1895 5419 approbante“
1923 5349 2068 5402 Divi-

508 5445 578 5497 sit
611 5442 754 5499 Deus
789 5443 931 5497 inter
975 5458 1192 5509 aquam,
1237 5458 1358 5513 qua:
1404 5451 1520 5498 erat
1569 5441 1673 5498 sub
1706 5441 2066 5501 ﬁrmamento,

507 5544 562 5589 et
590 5550 782 5604 aquam
812 5549 932 5605 qua:
957 5541 1073 5588 erat
1107 5549 1270 5604 super
1297 5534 1690 5590 ﬁrmamentum
1715 5536 1778 5588 ’⁵.
1809 5553 1827 5586 ι
1876 5533 1951 5586 Ex
1985 5534 2066 5589 liis

509 5624 668 5679 etiam
701 5632 866 5695 patet,
909 5642 976 5680 ne
1011 5626 1166 5681 initio
1194 5627 1410 5697 quidem
1444 5627 1582 5682 hanc
1614 5641 1738 5680 cum
1773 5626 1862 5680 illa
1893 5624 2064 5680 fuisse

587 5793 631 5832 δ’
671 5801 802 5857 Gen.
855 5819 893 5866 ι.
941 5805 1026 5858 51.

2169 4615 2497 4684 κινουμένοις
2514 4608 2574 4662 τὸ
2599 4610 2768 4680 πέρας
2794 4601 2888 4675 τῆς
2903 4605 3086 4673 διαστη
3097 4601 3327 4673 ματικῆς
3350 4599 3464 4650 ἐστι
3483 4596 3716 4666 φύσεως,

2171 4707 2286 4778 μεθ’
2303 4707 2330 4759 ὃ
2346 4699 2555 4774 καθαρά
2580 4701 2686 4754 τῶν
2702 4697 2936 4752 τοπικῶν
2955 4714 3010 4748 τε
3028 4695 3120 4748 καὶ
3131 4692 3316 4762 διαστη
3326 4689 3566 4762 ματικῶν
3589 4688 3722 4742 ἰδιω-

2169 4800 2353 4872 μάτων
2381 4791 2740 4868 εὑρίσκεταιὴ
2783 4789 2943 4859 νοητὴ
2983 4804 3040 4840 τε
3068 4785 3159 4838 καὶ
3193 4783 3508 4844 ἁδιάστατος
3537 4779 3715 4872 φύσις.

2167 4864 2238 4944 Τὸ
2262 4885 2353 4943 οὖν
2380 4864 2674 4958 ἀκρότατον
2704 4882 2873 4952 πέρας
2895 4879 2992 4950 τῆς
3015 4875 3274 4946 αἰσθητῆς
3308 4871 3512 4936 οὑσίας,
3545 4864 3604 4924 οὑ
3636 4870 3697 4923 τὸ

2165 4981 2418 5034 ἐπέκεινα
2445 4975 2594 5030 οὐδὲν
2624 4972 2861 5028 τοιοῦτόν
2891 4971 3058 5036 ἐστιν,
3085 4965 3194 5021 οἷον
3229 4968 3285 5019 ἐν
3317 4967 3430 5027 τοῖς
3462 4960 3721 5033 φαινομέ-

2167 5097 2274 5142 νοις
2303 5074 2645 5145 γινώσκεται,
2687 5067 2841 5123 τοῦτό
2874 5080 3050 5136 φαμεν
3089 5061 3164 5131 τῷ
3205 5055 3427 5128 ὀνόματι
3474 5050 3720 5145 παραδη-

2169 5144 2386 5219 λοὺσθαι
2414 5163 2504 5218 τοῦ
2533 5159 2924 5234 στερεώματος,
2960 5150 3276 5225 βεϐαιούσης
3306 5149 3435 5219 ἡμῖν
3457 5145 3558 5215 τῆς
3578 5144 3718 5213 Γρα-
3767 5185 3769 5187 .

2171 5260 2274 5329 φῆς
2302 5257 2399 5327 τὴν
2425 5253 2695 5317 ὑπόνοιαν,
2725 5253 2759 5323 ἦ
2785 5267 2948 5320 φησιν
2969 5264 2983 5278 °
3008 5265 3026 5299 ι
3068 5243 3176 5298 Καὶ
3204 5241 3514 5313 διεχώρισεν
3540 5240 3568 5291 ό
3592 5237 3722 5329 Θεὺς

2169 5326 2272 5403 άνά
2307 5326 2468 5419 μέσον
2496 5344 2590 5397 τοῦ
2636 5344 2824 5407 ὓδατος
2871 5342 2900 5394 ὃ
2936 5335 3004 5410 ἦν
3048 5337 3301 5392 ὑποκάτω
3341 5331 3434 5385 τοῦ
3485 5326 3722 5400 στερεώ-

2171 5455 2364 5511 ματος,
2413 5438 2506 5491 καὶ
2544 5436 2638 5490 τοῦ
2672 5435 2862 5496 ὓδατος
2909 5432 2938 5486 ὃ
2977 5427 3044 5502 ἦν
3074 5428 3256 5482 ἐπάνω
3283 5423 3375 5477 τοῦ
3404 5419 3720 5511 στερεώμα-

2167 5508 2275 5595 τος.
2303 5550 2321 5582 ι
2359 5529 2640 5583 Δείκνυται
2669 5528 2777 5598 γὰρ
2799 5527 2885 5579 διὰ
2919 5522 3143 5586 τούτων,
3171 5521 3250 5572 ὃτι
3274 5515 3392 5569 οὑδὲ
3424 5513 3522 5586 τὴν
3549 5508 3720 5581 ἀρχὴν

2173 5622 2538 5696 κατεκέκρατο
2563 5620 2720 5676 τοῦτο
2763 5618 2898 5690 πρὸς
2928 5617 3104 5670 ἐκεῖνο
3136 5611 3196 5668 τὸ
3229 5609 3392 5680 ὕδωρ,
3419 5605 3533 5661 ἀλλ’
3568 5605 3624 5656 ἐν
3654 5601 3721 5672 τῇ

1106 5801 1307 5859 "Psal.
1347 5820 1525 5870 Μῖνι,
1568 5803 1650 5868 l7,
1697 5804 1778 5856 18.
1856 5803 1898 5832 "‘
1941 5799 2075 5855 Gen.
2116 5800 2247 5864 1,η7.
