4110 6492
348 395 440 454 CB.
1532 396 1598 450 IN
1632 395 2101 450 HEXAEMERON
2137 394 2355 451 LIBER.
3491 387 3559 443 86

348 511 457 563 τῶν
481 506 759 579 ὀνομάτων
788 508 1066 578 κοινωνίᾳ.
1095 507 1322 578 ἄμικτος
1359 502 1426 577 ἦν
1456 510 1487 578 ἡ
1525 509 1705 577 φύσις,
1743 512 1799 561 ἐν
1829 509 1907 577 τῷ

2014 506 2317 569 confusam,
2366 504 2459 561 sed
2494 520 2618 558 cum
2664 512 2810 559 esset
2840 503 3058 559 nomine
3099 502 3413 572 conjuncta,
3455 503 3566 554 nul-

350 601 525 653 εἰπεῖν
549 637 564 661 ,
597 598 694 668 οὑχ
720 597 801 649 ὅτι
853 597 1096 665 Ἐγένετο
1134 598 1387 650 ὑποκάτω
1407 638 1421 661 ,
1448 597 1481 667 ἢ
1509 593 1617 651 Ἦν
1656 598 1910 668 ὑπεράνω

349 687 441 741 τοῦ
477 686 882 757 οτερεὼματοςυ
915 688 1007 740 καὶ
1036 688 1064 741 ὃ
1088 684 1156 759 ἦν
1184 688 1441 742 ὑποκάτω
1473 688 1566 741 τοῦ
1600 688 1910 760 στερεώμα-

348 794 460 841 τος,
502 776 629 830 ἄλλο
657 794 709 829 τι
740 777 922 831 ἐπάνω
950 773 1035 848 ἦν.
1086 778 1147 831 Εἰ
1180 778 1235 831 δὲ
1258 779 1319 831 τὸ
1361 780 1457 849 μὲν
1489 777 1649 842 εὐθὺς
1676 780 1734 831 ὲν
1764 777 1910 849 ζόφῳ

352 868 486 938 πρὸς
518 867 617 938 τὴν
644 866 794 921 κάτω
827 866 972 920 θέσιν
1000 870 1410 941 άπεωρισμένον
1442 870 1592 922 ἐστί’
1636 870 1698 923 τὸ
1729 870 1786 922 δὲ
1813 871 1910 923 οὑκ

351 958 411 1010 ὲν
440 957 616 1028 ζόφῳ·
660 959 717 1011 δν
743 959 880 1027 φωτὶ
906 957 1015 1027 γὰρ
1055 960 1269 1022 πάντως
1298 960 1413 1013 ἐστὶ
1446 960 1505 1014 τὸ
1544 963 1602 1014 ὲν
1645 961 1909 1032 πνεύματι

350 1046 506 1113 Θεοῦ,
538 1048 631 1100 καὶ
654 1046 745 1100 τοῦ
767 1046 931 1117 ζόφου
954 1048 1299 1120 κεχώρισται,
1327 1051 1441 1121 ἅμα
1464 1051 1521 1105 δὲ
1548 1053 1639 1105 καὶ
1660 1052 1910 1123 ὑπεράνω

348 1133 417 1207 ἧν
447 1137 543 1190 τοῦ
564 1138 966 1207 ἀναδειχθέντος
998 1139 1199 1209 μεταξὺ
1235 1140 1613 1211 στερεὼματος
1634 1182 1648 1203 ,
1673 1144 1910 1213 κρινάτω

347 1228 379 1279 ὁ
408 1228 626 1290 συνετὸς
656 1228 947 1299 ἀκροατὴς,
980 1228 1034 1281 εί
1054 1246 1104 1281 τι
1137 1230 1235 1300 τῆς
1262 1231 1575 1302 πρεπούσης
1592 1233 1911 1303 ὑπολήψεως

349 1319 384 1370 ὁ
409 1318 568 1387 λόγος
596 1312 751 1392 ἡμῶν
783 1320 840 1371 ὲν
861 1321 974 1383 τοῖς
1000 1322 1307 1393 εἰρημένοις
1330 1324 1793 1393 παρεστοχάσατο.
1831 1325 1909 1378 Τὰ

354 1410 456 1479 μὲν
506 1405 598 1464 οὖν
646 1412 773 1482 περὶ
820 1411 920 1480 τῆς
960 1413 1180 1482 πρώτης
1228 1414 1335 1466 τῶν
1385 1414 1551 1467 ὄντων
1602 1418 1909 1479 συστάσεως

352 1502 484 1569 may
516 1500 907 1572 ὑπονοηθέντα,
943 1504 1039 1556 καὶ
1072 1504 1189 1567 πῶς
1228 1507 1286 1557 ὲν
1316 1507 1381 1577 τῇ
1431 1505 1655 1577 δυνάμει
1692 1508 1790 1577 τῆς
1818 1509 1910 1559 οὑ-

353 1592 475 1653 σίας
505 1592 565 1644 οὑ
592 1592 897 1663 δευτερεύει
921 1594 981 1646 τὸ
1009 1594 1122 1662 φῶς
1150 1596 1258 1647 τῶν
1286 1597 1455 1650 ὄντων
1477 1636 1489 1660 ,
1528 1598 1631 1651 κᾶν
1664 1600 1696 1669 ἡ
1722 1599 1908 1669 Γραφὴ

352 1680 460 1750 πρὸ
482 1679 574 1733 τοῦ
596 1682 772 1750 φωτὸς
811 1683 1137 1753 ἱστορεῖσθαι
1170 1685 1230 1737 τὸ
1259 1686 1447 1748 σκότος
1478 1686 1657 1751 λέγει,
1691 1688 1784 1739 xa‘t
1809 1688 1909 1740 ὅσα

352 1771 482 1840 περὶ
506 1771 597 1825 τοῦ
625 1772 1002 1843 περεώματος
1030 1776 1395 1845 ποχαστικῶς
1413 1780 1791 1848 ἐνενοήσαμεν,
1816 1781 1909 1831 καὶ

354 1864 600 1934 περὶτῆς
626 1863 732 1917 τῶν
763 1865 969 1920 ὑδάτων
1000 1844 1280 1939 διαφορᾶς,
1313 1861 1385 1921 ὧν
1429 1870 1462 1937 ὴ
1503 1844 1824 1939 φύσις-πρὸς
1852 1869 1910 1921 τὸ
1943 1844 1986 1900 Β

352 1955 668 2025 κατωφερές
691 1972 751 2009 τε
778 1956 873 2009 καὶ
900 1956 1100 2025 κοῦφον
1136 1976 1201 2029 με
1210 1960 1511 2031 μερισμένη
1530 2000 1544 2024 ,
1577 1960 1677 2023 τὰς
1713 1959 1911 2013 καταλ-

352 2043 544 2112 λήλους
562 2046 693 2116 ἡμῖν
715 2047 841 2117 περὶ
860 2048 1122 2118 ἐκατέρου
1150 2049 1257 2101 τῶν
1278 2050 1579 2120 ὁμωνύμως
1607 2050 1909 2120 λεγομένων

352 2135 607 2197 ὑπονοίας
664 2136 919 2209 ἐντίθησι,
982 2139 1155 2192 ταῦτα
1204 2140 1296 2192 καὶ
1346 2141 1413 2193 τὰ
1462 2140 1683 2195 τοιαῦτα
1739 2142 1905 2194 ἐστίν.

364 2223 579 2294 Ἐπειδὴ
599 2224 656 2277 δὲ
674 2224 917 2297 διεκρίθη
950 2228 1046 2295 μὲν
1075 2227 1168 2279 ἀπ’
1194 2227 1431 2297 ἀλλήλων
1450 2228 1517 2283 τὰ
1544 2227 1729 2292 ὕδατα,
1762 2230 1830 2281 τά
1848 2245 1908 2281 τε

349 2314 601 2385 ὁρώμενα
622 2316 715 2370 καὶ
747 2317 814 2370 τὰ
836 2316 1120 2386 νοούμενα,
1156 2320 1249 2372 καὶ
1279 2319 1440 2389 μέσος
1465 2320 1588 2389 ὄρος
1614 2319 1905 2389 ἀπεδείχθη

350 2406 449 2474 τῆς
471 2406 663 2477 διπλῆς
691 2406 797 2460 τῶν
828 2407 1034 2460 ὑδάτων
1064 2408 1275 2475 φύσεως
1296 2410 1324 2460 ὁ
1350 2409 1595 2477 οὑρανὸς,
1622 2411 1650 2461 ὁ
1676 2410 1732 2461 ὲν
1764 2410 1906 2479 ἀρχῇ

354 2497 455 2566 μὲν
486 2498 813 2568 γεγενῆσθαι
848 2499 983 2571 μετὰ
1013 2499 1113 2568 τῆς
1141 2500 1243 2569 γῆς
1281 2500 1375 2552 καὶ
1396 2500 1611 2552 πάντων
1642 2498 1751 2551 τῶν
1774 2499 1908 2569 πρὸς

349 2590 451 2659 τὴν
481 2588 817 2660 κατασκευὴν
851 2590 951 2642 τοῦ.
980 2591 1182 2660 κόσμου
1213 2590 1655 2659 καταϐληθέντων
1683 2589 1907 2659 λεγόμε-

350 2698 463 2743 νος,
488 2682 604 2734 νυνὶ
623 2681 679 2734 δὲ
706 2681 1008 2744 τελειωθεὶς
1038 2698 1096 2734 τε
1128 2682 1219 2734 καὶ
1250 2680 1567 2753 ὀνομασθείς
1599 2683 1656 2734 ὲν
1681 2684 1745 2751 τῇ
1779 2683 1909 2734 άνα-

350 2770 514 2834 δείξει
542 2771 633 2823 τοῦ
676 2770 1049 2842 στερεώματος
1082 2771 1175 2824 τοῦ
1212 2771 1299 2825 διὰ
1326 2772 1425 2841 τῆς
1454 2771 1787 2842 περιδρομῆς
1813 2772 1906 2823 τοῦ

352 2862 526 2931 πυρὸς
551 2860 883 2932 ὁρισθέντος,
910 2863 1003 2916 καὶ
1046 2864 1079 2931 ή
1117 2862 1343 2933 δευτέρα
1373 2862 1464 2915 τοῦ
1506 2863 1679 2931 φωτὸς
1717 2864 1909 2916 κυκλο-

354 2953 535 3025 φορία,
570 2953 730 3005 πάλιν
756 2953 817 3006 τὸ
860 2954 1215 3023 ὑποκείμενον
1254 2954 1357 3007 ἀνὰ
1394 2954 1556 3025 μέρος
1594 2955 1908 3007 ὲπεσκότισέ

351 3063 413 3098 τε
460 3047 553 3099 καὶ
602 3043 884 3113 ἐφώτισεν.
925 3046 1101 3115 Ὅπερ
1151 3045 1244 3097 καὶ
1292 3046 1581 3115 ὠνομάσθη
1627 3047 1765 3099 κατὰ
1810 3047 1907 3118 τὴν

354 3134 728 3208 προλαὸοὖσαν
760 3135 1097 3201 ἀκολουθίαν,
1145 3136 1238 3189 καὶ
1285 3135 1439 3189 τοῦτο
1480 3136 1679 3207 ἡμέρα.
1724 3138 1910 3205 Ἀναγ-
1935 3171 1979 3232 c

356 3229 527 3290 καίως
570 3228 625 3280 δὲ
656 3228 751 3283 καὶ
794 3228 1101 3291 ἀκολούθως
1144 3228 1302 3297 καὶὴ
1346 3227 1440 3280 τοῦ
1480 3227 1714 3299 ἀριθμοῦ
1749 3229 1912 3298 φύσις

355 3319 665 3391 συνεισῆλθε
694 3322 761 3391 τῇ
802 3319 995 3374 κτίσει.
1042 3320 1204 3373 Οὑδὲν
1247 3319 1355 3389 γὰρ
1388 3318 1570 3390 ἕτερόν
1608 3322 1756 3374 ἐστιν
1792 3323 1912 3393 ἀρι-

356 3412 511 3481 θμὸς,
540 3413 589 3464 εί
617 3412 691 3483 μὴ
722 3412 960 3482 μονάδων
985 3410 1249 3473 σύνθεσις.
1282 3411 1396 3464 Πᾶν
1417 3410 1474 3463 δὲ
1494 3410 1553 3464 τὸ
1580 3411 1911 3486 διωρισμένῃ

354 3504 463 3555 τινὶ
506 3503 817 3574 περιγραφῇ
874 3500 1280 3572 θεωρούμενον,
1343 3502 1510 3573 μονὰς
1563 3503 1907 3573 ὀνομάζεται.

370 3593 522 3646 Ἐπεὶ
554 3589 645 3647 οὖν
686 3592 1023 3663 πανταχόθεν
1050 3596 1077 3646 ὁ
1099 3592 1295 3657 κύκλος
1324 3594 1643 3665 άνελλειπής
1677 3597 1822 3648 ἐστιν
1855 3595 1911 3647 ὲν

357 3682 536 3754 ἑαυτῷ
558 3682 867 3755 ὁριζόμενος
890 3698 903 3713 °
928 3682 1108 3746 καλῶς
1134 3686 1162 3737 ὁ
1186 3683 1342 3752 λόγος
1374 3685 1431 3737 ἓν
1458 3703 1510 3737 τι
1547 3684 1793 3756 ὠνόμασε
1816 3684 1912 3756 τὴν

358 3776 490 3844 μίαν
509 3773 602 3827 τοῦ
631 3774 828 3828 κύκλου
859 3773 1125 3845 περίοδον,
1148 3775 1349 3828 εἰπών’
1380 3794 1397 3825 ι
1436 3776 1679 3842 Ἐγένετο
1707 3777 1913 3846 ἑσπέρα

358 3859 453 3912 καὶ
478 3859 694 3927 ἐγένετο
724 3859 869 3929 πρωϊ
893 3859 1073 3929 ἡμέρα
1100 3859 1217 3929 μία·
1257 3879 1275 3910 ι
1310 3861 1403 3913 καὶ
1435 3860 1597 3914 πάλιν
1622 3861 1719 3931 τὴν
1750 3862 1915 3932 ἄλλην

356 3952 615 4015 ὡσαύτως
643 3950 721 4005 ἐν.
751 3952 970 4014 Συνθεὶς
996 3952 1052 4004 δὲ
1082 3953 1385 4023 ἀμφότερα,
1422 3952 1514 4005 δύο
1537 3953 1777 4023 ἐποίησε.
1806 3954 1917 4006 Καὶ

356 4040 529 4103 οὕτως
561 4044 589 4094 ὁ
619 4040 773 4109 λόγος
800 4042 899 4111 τὴν
936 4040 1028 4094 τοῦ
1059 4040 1294 4112 ἀριθμοῦ
1329 4043 1542 4111 γένεσιν
1570 4046 1680 4107 τοῖς
1710 4046 1917 4115 μορίοις

358 4133 627 4201 συνήγαγε
660 4131 758 4201 τῆς
795 4130 1024 4195 κτίσεως
1044 4172 1057 4193 ,
1092 4133 1191 4201 τὴν
1239 4132 1555 4187 ἀκολουθίαν
1588 4138 1685 4205 τῆς
1712 4135 1918 4199 τάξεως

355 4214 466 4285 τοῖς
498 4222 721 4292 ὀνόμασι
748 4221 839 4274 τοῦ
872 4221 1105 4292 ἀριθμοῦ
1138 4224 1543 4293 σημειούμενος.
1571 4243 1591 4275 ι
1625 4226 1867 4293 Ἐγένετο
1895 4246 1913 4278 ι

355 4313 485 4384 γάρ,
519 4314 701 4383 φησὶν,
738 4331 755 4362 ι
792 4314 1014 4383 ἑσπέρα,
1046 4314 1138 4366 καὶ
1177 4314 1389 4381 ἐγένετο
1424 4314 1567 4385 πρωῒ
1599 4316 1778 4389 ἡμέρα
1798 4319 1921 4371 δευ-

354 4407 509 4477 τέρα.
549 4426 569 4456 ι

2011 600 2113 652 iam
2146 607 2326 651 tamen
2375 596 2635 650 habuisse
2671 603 2881 648 natura:
2919 593 3347 663 permistiouem.
3385 590 3567 660 Neque

2008 692 2150 743 enim
2174 689 2405 742 dicitur:
2437 686 2565 740 Erat
2594 686 2781 742 subter
2813 695 2907 738 aut
2939 700 3102 753 supra
3135 685 3564 747 ﬁrmamentum,

2011 780 2103 835 sed
2150 780 2263 834 haec
2297 788 2412 834 erat
2442 779 2547 834 sub
2590 778 2950 836 ﬁrmamento,
2984 775 3076 829 illa
3120 782 3237 830 erat
3276 790 3436 845 supra
3477 774 3565 826 ﬁr-

2009 879 2359 924 mamentum.
2397 869 2551 935 Quod
2576 869 2621 924 si
2659 883 2767 922 una
2795 868 2978 923 statim
3020 867 3074 921 in
3112 867 3367 930 tenebris,
3401 867 3568 919 altera

2009 974 2235 1028 prorsus
2278 960 2332 1013 in
2387 960 2506 1014 luce
2544 967 2597 1013 et
2644 973 2674 1011 a
2728 957 2970 1011 tenebris
3008 956 3275 1024 sejuncta,
3316 956 3567 1010 nimirum

2010 1048 2101 1102 illa
2127 1064 2290 1118 super
2310 1063 2417 1118 qua
2457 1042 2701 1117 spiritus,
2745 1062 2864 1116 qua:
2892 1046 3055 1101 simul
3080 1046 3242 1100 etiam
3273 1044 3375 1098 fuit
3406 1060 3568 1113 supra

2010 1140 2427 1206 ﬁrmamentum,
2459 1139 2603 1209 quod
2636 1139 2977 1207 interiectum
3006 1144 3110 1201 est,
3158 1152 3279 1207 qua:
3299 1138 3365 1192 de
3389 1152 3566 1191 rerum

2010 1232 2381 1286 universitatis
2422 1232 2811 1285 consututione
2845 1229 3291 1298 excogitavimus,
3348 1236 3399 1281 et
3432 1243 3568 1295 (ιιιοο

2012 1323 2172 1377 modo
2204 1323 2256 1375 in
2288 1331 2498 1377 natura:
2527 1322 2768 1392 potentia
2802 1321 3032 1391 reliquis
3055 1320 3219 1374 rebus
3250 1319 3339 1372 lux
3373 1334 3478 1371 non
3501 1320 3571 1371 sit

2011 1416 2306 1487 posterior,
2361 1417 2488 1470 licet
2542 1415 2823 1485 Scriptura
2878 1417 3136 1469 tenebras
3186 1412 3335 1484 prius
3411 1428 3571 1480 quant

2010 1508 2183 1562 lucem
2224 1513 2630 1572 commemoret,
2665 1522 2891 1575 quaeque
2922 1505 2989 1559 de
3011 1506 3351 1561 ﬁrmamento
3382 1504 3575 1573 proba-

2010 1598 2191 1652 biliter
2233 1597 2533 1660 attulimus,
2573 1606 2626 1651 et
2667 1597 2734 1650 de
2771 1610 3034 1666 aquarum
3089 1594 3409 1661 diﬁ‘erentia,
3454 1608 3576 1662 quae

2010 1690 2131 1744 illas
2179 1689 2416 1743 nominis
2466 1688 2851 1742 communione
2898 1686 3218 1755 coniunctas
3258 1685 3312 1739 in
3358 1697 3573 1753 gravem

2011 1780 2296 1850 levemque
2343 1779 2612 1841 dividens,
2657 1779 2902 1833 diversas
2950 1778 3017 1833 de
3066 1784 3294 1846 utraque
3336 1776 3572 1844 ipsarum

2012 1872 2298 1939 Opiniones
2345 1868 2541 1933 affert;
2599 1869 2712 1923 hate
2766 1878 2821 1923 et
2864 1868 2950 1923 his
3001 1866 3199 1922 similia
3253 1873 3424 1921 sunt:
3460 1881 3577 1933 qua:

2012 1970 2193 2014 utrum
2232 1968 2376 2013 recta
2414 1968 2468 2012 et
2511 1958 2889 2013 convenientia
2925 1958 3056 2021 sint,
3090 1956 3297 2025 judicet
3340 1956 3578 2023 prudens

2012 2053 2246 2105 auditor.
2281 2049 2643 2119 Posteaquam
2680 2050 2865 2119 igitur,
2903 2065 3023 2117 qua:
3053 2056 3355 2102 cernuntur
3400 2061 3575 2115 aqum,

2010 2143 2077 2196 ab
2110 2142 2217 2196 illis
2250 2158 2371 2211 quae
2407 2143 2806 2212 intelliguntur,
2850 2146 3073 2195 secreta:
3105 2146 3233 2192 sunt
3262 2178 3276 2202 ,
3314 2137 3580 2190 medium-

2010 2249 2115 2302 que
2169 2234 2310 2287 inter
2361 2233 2631 2301 duplicem
2676 2245 2940 2300 aquarum
2995 2238 3245 2282 naturam
3286 2226 3576 2281 conﬁnium

2009 2325 2354 2394 interjectum
2384 2332 2465 2379 est
2488 2322 2709 2383 cmlum,
2749 2322 2891 2390 quod
2922 2318 3085 2374 simul
3107 2332 3230 2371 cum
3252 2325 3395 2371 terra
3418 2323 3577 2383 atque

2009 2414 2263 2468 omnibus
2292 2414 2381 2478 iis,
2418 2428 2539 2482 qua:
2572 2412 2638 2465 ad
2685 2409 2871 2464 mutuli
2904 2408 3351 2461 constitutionem
3384 2406 3579 2459 collata

2011 2513 2161 2567 sunt,
2194 2506 2248 2557 in
2283 2503 2553 2574 principio
2578 2502 2784 2556 factum
2817 2517 2937 2556 esse
2962 2501 3183 2565 dicitur,
3215 2514 3361 2552 nunc
3398 2506 3577 2552 autem

2008 2595 2309 2666 perfectum
2348 2602 2403 2649 et
2435 2596 2775 2649 nominatum
2812 2593 2866 2647 in
2899 2590 3364 2647 demonstratione
3399 2588 3579 2641 ﬁrma-

2008 2687 2198 2750 menti,
2230 2686 2369 2756 ignis
2404 2686 2607 2740 ambitu
2649 2685 2885 2750 diﬁiniti,
2916 2685 3255 2747 ostenditur;
3283 2683 3416 2735 alter
3444 2681 3580 2735 lucis

2010 2778 2270 2832 circuitus
2300 2792 2517 2831 rursum
2549 2785 2603 2831 et
2636 2777 2948 2831 obscuravit
2977 2774 3030 2829 id
3068 2774 3212 2844 quod
3243 2783 3360 2827 erat
3396 2772 3581 2841 subje-

2009 2879 2156 2923 ctum
2203 2869 2471 2930 vicissim,
2521 2878 2572 2923 et
2622 2868 2960 2923 illustravit:
2997 2867 3162 2937 idque
3204 2867 3413 2930 eadem,
3463 2879 3584 2934 qua

2011 2968 2136 3015 ante
2164 2961 2309 3015 dicta
2342 2968 2446 3024 est,
2480 2960 2690 3014 ratione
2712 2966 2963 3013 vocatum
2988 2968 3071 3013 est
3096 2957 3233 3011 dies.
3266 2954 3583 3010 Necessario

2011 3062 2187 3106 autem
2230 3059 2393 3121 atque
2423 3050 2615 3105 ordine
2646 3059 2843 3103 natura
2888 3049 3105 3103 numeri
3145 3062 3326 3102 rerum
3360 3047 3582 3100 univer-

2013 3144 2226 3197 sitatem
2272 3144 2518 3212 ingressa
2546 3150 2650 3197 est.
2687 3141 2876 3212 Neque
2902 3142 3047 3195 enim
3091 3139 3235 3193 aliud
3277 3150 3362 3193 est
3396 3152 3584 3191 nume-

2012 3250 2129 3297 rus,
2187 3234 2293 3290 nisi
2344 3236 2613 3288 unitatum
2661 3233 3006 3304 compositio.
3068 3230 3342 3300 Quidquid
3403 3239 3578 3282 autem

2012 3323 2272 3394 praeﬁnita
2339 3325 2518 3393 aliqua
2588 3323 3099 3393 circumscriptione
3164 3319 3578 3383 consideratur,

2010 3430 2179 3468 unum
2235 3414 2587 3483 appellamus.
2647 3415 2829 3480 Quare
2872 3429 2997 3468 cum
3054 3412 3294 3467 circulus
3347 3410 3583 3479 undique

2012 3503 2287 3575 perfectus
2330 3506 2385 3557 in
2442 3520 2501 3559 se
2550 3511 2935 3575 cegnoscatur,
2990 3512 3138 3558 recte
3186 3502 3468 3570 Scriptura
3525 3500 3582 3554 in

2012 3598 2230 3651 nomine
2262 3613 2428 3651 unum
2470 3597 2659 3652 circuli
2699 3597 2961 3651 ambitum
3002 3594 3305 3658 constituit,
3343 3593 3533 3647 dicens
3564 3610 3578 3647 :

2019 3706 2037 3739 ι
2073 3687 2296 3742 Factum
2349 3696 2433 3742 est
2484 3703 2727 3756 vespere,
2775 3696 2829 3741 et
2882 3685 3085 3741 factum
3129 3693 3212 3740 est
3259 3699 3418 3738 mane
3463 3682 3583 3737 dies

2014 3795 2178 3841 unus,
2215 3799 2233 3830 ι
2270 3788 2323 3833 et
2354 3796 2572 3832 rursum
2606 3780 2836 3833 alterum
2865 3779 3128 3831 ambitum
3173 3777 3359 3831 itidem
3388 3788 3578 3828 unum.

2016 3864 2315 3936 Utriusque
2351 3883 2482 3921 vero
2511 3869 2838 3937 compositio
2872 3866 2981 3919 duo
3022 3865 3273 3921 reddidit.
3308 3867 3480 3933 Atque
3509 3864 3580 3917 ita

2006 3957 2299 4027 .Scriptura
2323 3960 2537 4014 numeri
2562 3967 2810 4011 naturam
2837 3958 3020 4011 mundi
3047 3957 3291 4028 partibus
3313 3956 3580 4026 adiunxit,

2017 4050 2228 4113 ordinis
2279 4052 2726 4121 consequentiam
2764 4051 3079 4107 nominibus
3124 4050 3333 4104 numeri
3375 4048 3583 4118 signiﬁ-

2018 4157 2171 4198 cans.
2212 4162 2231 4195 ι
2270 4141 2492 4197 Factum
2540 4150 2624 4197 est
2650 4162 2670 4195 ι
2707 4142 2883 4207 enim,
2937 4142 3143 4211 inquit.
3193 4158 3210 4190 ι
3237 4155 3478 4208 vespere,
3528 4147 3582 4194 et

2020 4233 2223 4289 factum
2255 4241 2339 4289 est
2369 4249 2529 4290 mane
2556 4234 2672 4289 dies
2693 4235 2983 4294 secundus.
3022 4254 3040 4285 ι

442 4496 593 4551 Ἐπεὶ
624 4493 716 4550 οὖν
766 4495 938 4549 ταῦτα
1001 4497 1253 4563 ἐγένετο,
1312 4498 1473 4552 πάλιν
1516 4501 1549 4569 ἡ
1611 4500 1769 4569 φύσις
1808 4500 1914 4555 τῶν

2086 4501 2220 4556 Cum
2253 4502 2416 4572 igitur
2445 4501 2557 4555 haec
2588 4500 2728 4554 facta
2767 4507 2976 4564 essent,
3029 4513 3209 4554 rerum
3248 4507 3441 4552 natura
3469 4513 3589 4553 rur-

354 4591 524 4645 ὅντων
566 4590 632 4643 δι’
674 4587 966 4643 ἀκολούθου
1010 4588 1297 4659 βαδίζουσα
1319 4630 1333 4655 ,
1366 4592 1428 4645 τὸ
1460 4591 1775 4661 ἀναγκαίως
1804 4597 1916 4657 τοῖς

336 4680 741 4752 προγεγονόσιν
777 4680 1041 4751 ἑπόμενον
1078 4681 1428 4753 ἐξεργάζεται
1455 4700 1470 4716 ο
1509 4687 1829 4755 προηγεῖται
1860 4685 1917 4738 δὲ

353 4775 451 4827 καὶ⁵
470 4772 660 4827 τούτου
688 4772 781 4826 τοῦ
817 4771 976 4844 ἔργου
1018 4772 1160 4825 θεῖον
1189 4774 1487 4845 ἐπίταγμα,
1524 4775 1794 4845 πανταχοῦ
1823 4775 1916 4829 τοῦ

354 4864 634 4929 Μωὺσέως
657 4863 1086 4935 άσφαλιζομένου
1126 4866 1280 4936 ἡμῶν
1303 4866 1400 4937 τὴν
1428 4867 1663 4920 διάνοιαν
1689 4866 1783 4919 τοῦ
1811 4884 1915 4936 μη-

352 4958 442 5013 δὲν
461 4956 614 5011 ἀθεεί
638 4974 692 5009 τι
717 4957 825 5010 τῶν
854 4956 1019 5009 ὄντων
1044 4957 1321 5023 συστῆναι,
1349 4958 1423 5020 ὡς
1450 4958 1515 5011 ἂν
1544 4958 1605 5011 τὸ
1634 4959 1762 5029 περὶ
1794 4959 1920 5013 ἑκά-

356 5068 484 5105 στου
514 5048 624 5104 τῶν
654 5050 957 5119 γεγονότων
997 5049 1203 5118 θαῦμα,
1236 5052 1313 5112 είς
1341 5050 1431 5102 τὸν
1457 5049 1799 5119 πεποιηκότα
1820 5050 1918 5119 τὴν

354 5140 634 5213 ἀναφορὰν
679 5143 813 5212 ἔχοι.
848 5140 1033 5211 Πάσης
1062 5142 1172 5212 γὰρ
1206 5141 1305 5210 τῆς
1351 5142 1683 5211 φωτιστικῆς
1730 5159 1790 5194 τε
1824 5141 1919 5195 καὶ

356 5233 639 5305 πυρώδους
676 5231 861 5294 οὑσίας
936 5233 1055 5295 ταῖς
1102 5231 1257 5294 ἰδίαις
1300 5232 1543 5302 ποιότησι
1592 5232 1699 5285 τῶν
1744 5232 1918 5287 ἄλλων

352 5324 769 5395 ἁποκριθείσης,
795 5324 831 5394 ἡ
861 5324 959 5394 μὲν
985 5322 1077 5375 τοῦ
1104 5324 1263 5394 ἀέρος
1289 5325 1596 5394 κατασκευὴ
1624 5325 1915 5389 σιωπᾶται,

354 5415 448 5469 καί
478 5432 562 5468 τοι
581 5413 850 5468 καὶτοῦτο
877 5417 933 5468 ὲν
966 5415 1238 5487 δευτέροις
1268 5414 1411 5480 εἰκὸς
1439 5411 1506 5487 ἦν
1537 5416 1671 5485 μετὰ
1702 5416 1798 5488 τὴν
1824 5416 1916 5470 τοῦ

354 5509 527 5579 πυρὸς
554 5507 864 5579 ἀναδρομὴν
904 5508 1315 5578 φυσιολογῆσαι·
1352 5510 1486 5563 διότι
1521 5509 1808 5577 συγγένειά
1836 5509 1919 5573 τίς

353 5600 501 5651 ἐστιν
547 5596 698 5668 αὑτῷ
730 5599 873 5651 κατὰ
898 5598 957 5650 τὸ
986 5598 1207 5669 κοῦφον,
1236 5599 1369 5669 πρὸς
1416 5600 1516 5671 τὴν
1558 5600 1634 5669 τῷ
1664 5602 1795 5671 πυρὶ
1830 5603 1917 5653 ἐν·

352 5690 738 5762 θεωρουμένην
772 5692 1077 5761 κουφότητα
1102 5709 1113 5721 ·
1154 5688 1253 5745 εἷθ’
1283 5691 1453 5756 οὕτως
1499 5695 1628 5764 περὶ
1674 5695 1770 5764 τῆς
1816 5694 1914 5765 βα-

354 5783 507 5860 θείας
545 5783 908 5854 διηγήσασθαι
951 5784 1183 5853 φύσεως.
1239 5786 1297 5837 '0
1332 5785 1387 5838 δὲ
1434 5786 1669 5855 Μωῦσῆς
1709 5786 1777 5840 τά
1821 5786 1917 5855 μὲν

2023 4609 2119 4649 sus
2155 4594 2347 4648 ordine
2378 4592 2731 4663 progrediens
2764 4590 3208 4645 antecedentibus
3244 4604 3586 4659 consequens

2022 4685 2231 4740 addidit
2265 4685 2597 4740 necessario.
2634 4686 2812 4752 Atque
2842 4684 2967 4737 huic
2999 4684 3126 4736 item
3166 4683 3315 4751 operi
3345 4682 3587 4736 divinum

2023 4780 2336 4832 mandatum
2392 4778 2581 4853 anteit,
2643 4778 2857 4831 animos
2922 4776 3121 4844 ubique
3174 4782 3394 4830 nostros
3438 4771 3589 4828 Mose

2024 4870 2399 4931 conﬁrmante,
2433 4882 2500 4920 ne
2523 4866 2650 4936 quid
2690 4868 2809 4920 sine
2857 4866 2946 4921 Dei
2976 4876 3109 4920 nutu
3153 4866 3456 4920 consistere
3489 4880 3586 4920 co-

2022 4963 2277 5034 gitemus,
2306 4962 2401 5017 sed
2424 4976 2545 5031 qua:
2568 4961 2793 5031 singulis
2836 4962 2888 5014 in
2921 4961 3082 5015 rebus
3116 4959 3431 5013 admiranda
3464 4973 3587 5027 per-

2024 5055 2305 5124 spicimus,
2348 5055 2412 5108 ad
2463 5053 2632 5108 Deum
2681 5069 2867 5108 eorum
2911 5054 3153 5123 opilicem
3206 5062 3588 5121 auctoremque

2023 5144 2365 5200 referamus:
2397 5143 2543 5199 omni
2587 5160 2714 5214 ergo
2744 5151 2857 5197 tum
2897 5142 3095 5208 lucida,
3133 5152 3242 5197 tum
3287 5144 3442 5211 ignea
3487 5156 3586 5194 na-

2023 5247 2147 5291 tura
2182 5236 2417 5307 propriis
2447 5236 2804 5306 qualitatibus
2834 5252 2862 5288 a
2891 5236 3101 5293 cmteris
3131 5234 3398 5303 sejuncta,
3426 5240 3587 5300 atque

2024 5328 2306 5393 distincta,
2338 5328 2480 5384 aeris
2528 5327 2846 5382 constitutio
2886 5328 3101 5382 silentio
3133 5324 3583 5398 praztermittitur,

2024 5434 2145 5476 cum
2171 5429 2350 5475 tamen
2380 5420 2587 5475 ordinis
2618 5420 2757 5473 ratio
2794 5422 3110 5489 postularet,
3141 5430 3197 5473 ut
3226 5422 3348 5487 igne
3377 5417 3587 5471 consti-

2022 5523 2158 5579 tuto,
2197 5514 2263 5569 de
2293 5514 2412 5585 ipso
2445 5528 2567 5568 aere
2598 5513 2997 5581 disputaretur;
3033 5512 3146 5579 qui,
3181 5527 3303 5565 cum
3340 5509 3470 5563 levis
3493 5509 3588 5575 sit,

2024 5622 2145 5659 cum
2202 5606 2339 5675 ignis
2391 5606 2605 5660 levitate
2629 5606 2920 5675 quamdam
2972 5604 3132 5658 liabet
3177 5601 3588 5671 cognationem;

2024 5697 2218 5751 deinde
2256 5698 2323 5752 de
2348 5707 2541 5753 natura
2581 5698 2731 5767 gravi
2762 5696 2924 5751 verba
2958 5694 3169 5749 ﬁerent.
3201 5690 3378 5747 Moses
3406 5699 3585 5746 autem

2024 5789 2229 5847 omisso
2254 5804 2378 5849 aere
2420 5789 2487 5846 de
2512 5789 2612 5846 hac
2642 5789 2757 5859 ipsa
2787 5786 3023 5845 disserit.
3055 5783 3211 5851 Quod
3251 5783 3468 5858 quidem
3499 5784 3591 5839 ille
