4054 6480
535 350 605 406 87
1784 355 1842 409 S.
1866 352 2191 410 GBEGORII
2215 354 2509 412 NYSSENI
3684 358 3754 415 88

534 483 644 525 non
686 466 808 524 ideo
855 466 1007 532 facit,
1037 466 1179 537 quod
1216 467 1350 522 nihil
1402 467 1470 523 ad
1515 469 1701 523 mundi
1746 459 2089 526 constitutio-

2201 475 2321 545 περὶ
2350 476 2552 547 ταύτης
2578 475 2724 543 λέγει
2747 492 2761 505 ·
2794 473 2885 528 τὸν
2919 475 2978 529 δὲ
3006 474 3142 546 ἀέρα
3180 475 3263 555 τῷἰ
3286 475 3428 545 λόγῳ
3473 475 3754 549 παρίησιν,

533 576 655 617 nem
703 574 797 615 aer
839 558 1135 623 conducat,
1168 566 1262 614 aut
1293 559 1438 629 quod
1486 560 1736 617 seclusus
1772 562 1843 617 sit
1881 562 1952 617 ab
1980 562 2094 617 ele-

531 660 839 705 mentorum
896 656 1198 720 potestate,
1279 650 1375 705 sed
1426 650 1554 720 quia
1608 650 1843 707 fortasse
1897 660 2091 706 natura

531 742 681 796 molli
712 756 775 796 ac
804 740 959 796 facile
999 741 1210 796 cedenti
1244 740 1503 811 praeditus
1531 756 1619 798 res
1649 756 1837 797 omnes
1885 743 1937 797 in
1975 758 2096 799 sese

533 834 777 902 suscipit,
808 832 1136 902 easdemque
1171 847 1281 902 pra:
1309 847 1369 887 se
1404 833 1524 899 fert,
1558 848 1683 888 cum
1719 848 1818 887 nec
1858 834 2094 889 colorem

534 926 831 994 proprium,
878 938 978 979 nec
1015 925 1263 994 figuram,
1312 940 1414 979 nec
1447 924 1679 995 speciem
1730 924 1948 989 habeat,
1998 924 2092 980 sed

533 1016 726 1068 alienis
777 1023 830 1068 et
879 1014 1173 1079 coloribus,
1224 1022 1277 1070 et
1327 1014 1513 1085 figuris
1549 1013 1905 1069 'informetur.
1959 1013 2093 1068 Nam

529 1113 588 1160 et
642 1105 779 1159 lucis
809 1103 1017 1174 fulgore
1062 1104 1377 1175 splendidus
1410 1104 1487 1168 fit,
1533 1111 1587 1158 et
1616 1104 1959 1159 tenebrarum
2008 1106 2093 1157 in-

532 1206 776 1252 terventu
801 1198 953 1267 niger
984 1205 1038 1252 et
1077 1197 1364 1252 obscurus.
1394 1195 1493 1251 Per
1520 1211 1580 1251 se
1608 1197 1750 1251 enim
1782 1212 1881 1251 nec
1915 1197 2097 1266 splen-

530 1287 694 1344 didus
722 1304 822 1344 nec
866 1288 1134 1343 obscurus
1164 1295 1269 1352 est,
1320 1286 1414 1342 sed
1456 1287 1601 1342 omni
1637 1287 1806 1356 ﬁgura
1837 1287 2096 1356 omnique

531 1382 773 1435 colorum
826 1380 1007 1449 specie
1056 1380 1335 1445 imbuitur,
1389 1390 1444 1434 et
1483 1379 1549 1433 ad
1623 1379 1865 1433 omnium
1912 1394 2095 1432 rerum

530 1484 665 1538 quas
728 1470 957 1537 suscipit
1038 1476 1241 1523 motum
1298 1485 1358 1524 se
1420 1467 1819 1523 accommodat.
1884 1466 2096 1523 Etenim

530 1559 681 1611 nullo
736 1558 923 1613 labore
973 1558 1083 1611 illis
1147 1558 1403 1627 utrinque
1471 1557 1659 1622 cedit,
1721 1567 1776 1612 et
1828 1557 1957 1611 hinc
2014 1566 2097 1612 at-

531 1665 637 1720 que
707 1649 886 1711 illinc,
956 1656 1234 1719 utcunque
1317 1658 1680 1713 moveantur,
1752 1648 1821 1703 ad
1905 1664 2095 1704 earum

534 1740 956 1809 magnitudinem
1020 1740 1379 1795 circumcisus
1438 1756 1581 1809 pone
1637 1741 1900 1795 succedit.
1954 1741 2094 1807 Quin

2198 567 2295 637 οὐχ
2336 567 2411 631 ὡς
2443 567 2607 637 μηδὲν
2652 563 3069 635 συνεισφέροντα
3112 563 3247 634 πρὸς
3288 554 3385 634 τὴν
3418 562 3511 616 τοῦ
3550 564 3759 641 κόσμου.

2200 658 2397 721 παντὸς
2425 656 2831 727 συμπλήρωσιν,
2853 654 2972 708 οὐδὲ
2996 655 3070 718 ὡς
3090 653 3519 725 ἀποκεκριμένον
3533 655 3627 725 τῆς
3645 646 3755 708 τῶν

2200 750 2476 820 στοιχείων
2510 749 2790 819 δυνάμεως
2809 787 2825 813 ,
2861 746 2997 823 ἀλλά
3035 747 3175 815 τάχα
3202 746 3284 798 ὅτι
3327 734 3404 816 τῷ
3435 745 3663 818 μαλακῷ
3694 764 3754 800 τε

2200 841 2294 893 καὶ
2314 840 2541 910 εύείκτῳ
2563 840 2663 909 τῆς
2687 838 2901 908 φύσεως
2929 839 3159 899 ἑκάστου
3186 836 3295 899 τῶν
3326 836 3493 889 ὄντων
3510 836 3755 901 δεκτικός

2201 935 2347 986 ἐστιν
2384 934 2414 985 ό
2444 931 2571 1002 ἀὴρ,
2600 933 2657 986 ὲν
2686 930 2861 1001 ἑαυτῷ
2893 930 3150 983 δεικνύων
3186 928 3255 982 τά
3280 928 3428 991 ὄντα,
3462 929 3523 981 οὐ
3559 927 3755 999 χρῶμα

2198 1024 2329 1077 ἴδιον
2357 1024 2514 1097 ἔχων,
2541 1023 2603 1076 οὐ
2644 1022 2849 1092 σχῆμα,
2879 1023 2979 1075 οὐκ
3002 1020 3341 1088 ἐπιφάνειαν,
3372 1018 3509 1071 ἀλλά
3530 1023 3639 1081 τοῖς
3661 1019 3755 1073 ἀλ-

2200 1114 2431 1187 λοτρίοις
2481 1114 2734 1185 χρώμασί
2778 1131 2837 1167 τε
2875 1113 2969 1166 καὶ
3014 1098 3255 1182 σχήμασι
3305 1110 3753 1181 περιμορφοῦται.

2200 1204 2465 1274 Λαμπρός
2492 1220 2549 1256 τε
2578 1202 2685 1274 γὰρ
2708 1202 2913 1271 γίνεται
2941 1204 3005 1271 τῇ
3033 1201 3128 1254 τοῦ
3154 1202 3324 1269 φωτὸς
3355 1199 3635 1269 ἐλλάμψει,
3664 1202 3757 1254 καὶ

2202 1297 2361 1349 πάλιν
2390 1295 2699 1365 μελαίνεται
2732 1292 3116 1362 σκιαζόμενος·
3154 1294 3313 1356 αὐτὸς
3344 1293 3399 1344 δὲ
3427 1292 3546 1346 καθ’
3569 1293 3756 1346 ἑαυτὸν

2199 1388 2322 1442 οὔτε
2343 1387 2590 1458 λαμπρὸς
2610 1386 2733 1440 οὔτε
2757 1374 2925 1456 μέλας
2950 1384 3258 1438 ἐστί’παντὶ
3285 1385 3590 1453 δὲσχήματι
3614 1398 3760 1455 περι,-⁷

2201 1479 2510 1548 φύεταιριαὶ
2525 1480 2629 1532 ὑπὸ
2644 1479 2824 1549 πάσης
2834 1477 3136 1549 χρωμάτων
3150 1476 3288 1536 ἰδέας
3299 1475 3756 1546 καταχρώννυται,

2202 1574 2293 1625 καὶ
2317 1572 2450 1644 πρὸς
2468 1573 2647 1624 πᾶσαν
2668 1570 2878 1639 κίνησιν
2892 1568 3000 1621 τῶν
3015 1569 3074 1620 ὲν
3089 1568 3235 1637 αὐτῷ
3252 1568 3560 1637 φερομένων
3575 1570 3760 1639 ἐπιτη-

2200 1656 2356 1725 δείως
2377 1663 2508 1733 ἔχει,
2529 1664 2765 1725 Ἀπόνως
2786 1677 2845 1713 τε
2860 1660 2966 1730 γὰρ
2979 1661 3251 1729 ὑποχωρεῖ
3280 1659 3413 1729 πρὸς
3440 1653 3501 1710 τὸ
3529 1658 3757 1729 φερόμε-

2202 1772 2290 1809 νον
2309 1752 2665 1824 ἑκατέρωθεν,
2686 1752 2778 1805 καὶ
2796 1752 3114 1822 αὐτομάτως
3132 1750 3207 1819 τῷ
3225 1750 3375 1820 ὄγκῳ
3392 1750 3485 1802 τοῦ
3510 1749 3763 1823 κινουμέ-¹

531 1831 695 1883 etiam
768 1832 811 1885 si
889 1830 1170 1885 humidum
1236 1847 1302 1887 ex
1368 1831 1675 1901 amphora,
1735 1832 2099 1901 quodcunque

2203 1862 2295 1897 νου
2336 1814 2776 1915 περισχιζόμενος
2810 1814 2959 1895 ἔνθεν
2988 1841 3082 1894 καὶ
3119 1814 3295 1902 ἔνθεν,
3328 1814 3407 1903 είς
3444 1840 3503 1892 τὸ
3532 1814 3759 1893 κατόττιν

534 1922 590 1975 in
649 1937 713 1976 ea
758 1922 958 1984 fuerit,
1013 1920 1355 1985 effundatur,
1402 1936 1495 1976 aer
1529 1929 1583 1976 et
1629 1920 1859 1975 effusum
1898 1922 2105 1990 ample-

534 2012 720 2071 ctitur,
774 2020 825 2064 et
875 2011 1018 2064 ultro
1069 2011 1122 2064 in
1168 2011 1456 2066 interiores
1489 2011 1636 2065 vasis
1688 2018 1873 2079 partes
1926 2011 2106 2081 ingre-

532 2099 688 2155 diens
742 2116 970 2155 vacuum
1014 2110 1264 2171 occupat.
1320 2100 1416 2159 His
1459 2110 1513 2156 et
1561 2102 1682 2154 aliis
1738 2103 2105 2157 innumerabi-

532 2191 675 2245 libus
695 2192 1030 2261 argumentis
1048 2194 1192 2248 aeris
1212 2202 1407 2247 natura
1432 2195 1633 2257 mollis,
1654 2203 1705 2248 et
1728 2194 1884 2248 facile
1905 2193 2105 2247 cedens

530 2283 857 2337 ostenditur.
882 2282 1063 2351 Quare
1094 2299 1219 2339 cum
1252 2285 1306 2339 in
1330 2300 1397 2339 eo
1428 2294 1673 2339 veisetur
1710 2285 1987 2339 hominum
2026 2283 2106 2357 vi-

530 2384 606 2433 ta,
632 2389 865 2442 cumque
892 2376 1073 2430 omnis
1102 2391 1273 2446 prope
1308 2376 1523 2430 vivendi
1581 2376 1831 2441 facultas,
1882 2385 1938 2432 et
1977 2393 2099 2431 sen-

531 2481 691 2519 suum
726 2466 869 2520 actio
903 2467 959 2520 in
999 2482 1125 2522 aere
1157 2468 1261 2523 vim
1301 2483 1456 2522 suam
1497 2468 1779 2534 obtineat;
1825 2468 2097 2538 siquidem

530 2574 627 2627 per
660 2558 836 2627 ipsum
858 2558 1125 2622 videmus,
1176 2560 1452 2625 audimus,
1509 2559 1829 2623 odoramur,
1883 2568 1937 2614 et
1979 2559 2101 2614 ani-

530 2664 672 2702 mam
712 2650 986 2715 ducimus,
1013 2651 1159 2721 quod
1179 2653 1299 2706 vita:
1332 2668 1533 2707 munus
1560 2652 1799 2706 maxime
1823 2652 2101 2722 proprium

529 2755 593 2793 ac
632 2742 1002 2797 necessarium
1027 2750 1133 2807 est;
1164 2742 1257 2811 qui
1287 2743 1431 2797 enim
1462 2743 1791 2813 respirandi,
1840 2742 1981 2803 idem
2029 2742 2102 2796 si-

528 2833 643 2885 mul
679 2832 804 2887 fecit
831 2836 995 2887 etiam
1023 2833 1241 2889 vivendi
1277 2834 1437 2889 ﬁnem
1474 2850 1488 2886 :
1522 2834 1728 2889 idcirco
1761 2835 2101 2905 sapientissi-

526 2938 655 2978 mus
673 2922 847 2980 Moses
875 2924 1024 2979 illum
1054 2932 1113 2978 ut
1140 2933 1429 2993 cognatum
1456 2925 1918 2996 conjunctumque
1942 2926 2102 2983 nobis

531 3015 881 3081 elementum,
919 3018 975 3070 in
1005 3032 1116 3086 quo
1148 3019 1218 3073 ab
1246 3020 1365 3088 ipso
1389 3018 1571 3072 statim
1600 3027 1724 3072 ortu
1765 3019 2098 3083 enutrimur,

2200 1936 2665 1991 ἀντικαθίσταται.
2724 1934 2884 1987 Ἀλλά
2912 1934 3008 1987 καὶ⁸
3040 1933 3101 1986 τὸ
3149 1933 3311 2003 ὑγρὸν
3346 1931 3439 1985 τοῦ
3470 1931 3763 2002 ἀμφορέως

2202 2030 2527 2101 προχέοντος
2549 2066 2563 2090 ,
2590 2028 2674 2080 ὅτι
2707 2043 2814 2097 περ
2840 2025 2906 2079 ἂν
2944 2020 3001 2077 ἑν
3040 2023 3219 2093 ἑαυτῷ
3251 2024 3388 2094 τύχῃ
3408 2062 3423 2087 ,
3469 2024 3591 2075 τότε
3628 2014 3763 2091 προέ

2204 2122 2448 2193 χεομένῳ
2493 2120 2794 2183 διίσταται,
2847 2119 2954 2183 καλε
2988 2118 3391 2187 ἀπεισέρχεται
3445 2115 3762 2185 αὐτομάτως

2202 2217 2296 2268 ἐπὶ
2340 2215 2409 2268 τὰ
2467 2213 2617 2275 ἐντὸς
2668 2210 2759 2264 τοῦ
2819 2208 3043 2277 ἀγγείου
3100 2209 3235 2279 πρὸς
3292 2206 3359 2260 τὸ
3405 2206 3757 2275 κενούμενονο

2202 2306 2298 2361 καὶ
2356 2304 2523 2375 μυρία
2567 2301 2789 2377 τοιαῦτα
2840 2300 2904 2352 τὸ
2958 2298 3199 2370 μαλακόν
3253 2315 3313 2349 τε
3364 2296 3459 2350 καὶ
3509 2292 3756 2348 εΰεικτον
3834 2328 3842 2345 ι

2200 2398 2300 2468 τῆς
2330 2393 2419 2447 τοῦ
2455 2393 2616 2462 ἀέρος
2652 2390 2890 2444 δείκνυσι
2923 2388 3154 2469 φύσεως.
3202 2387 3352 2439 Ἐπεὶ
3376 2380 3471 2438 οὖν
3498 2385 3557 2437 ὲν
3581 2382 3753 2452 τούτῳ

2200 2486 2350 2539 ἐστὶν
2383 2477 2422 2554 η’
2446 2483 2555 2536 τῶν
2589 2481 2892 2552 ἀνθρώπιον
2923 2479 3066 2549 ζωὴ,
3099 2478 3195 2532 καὶ
3224 2479 3372 2531 πᾶσα
3398 2475 3580 2546 σχεδὸν
3610 2477 3643 2546 ἡ
3669 2474 3769 2555 τοῦδ

2198 2579 2300 2649 ζῇν
2331 2576 2578 2646 δύναμις,
2608 2575 2700 2627 καὶ
2726 2574 2761 2644 ἡ
2793 2572 2902 2625 τῶν
2934 2571 3301 2643 αἰσθητηρίων
3329 2560 3575 2641 ἐνέργεια
3602 2570 3661 2621 ὲν
3685 2568 3767 2637 τῷ

2196 2665 2323 2734 ἀέρι
2351 2664 2450 2733 τὴν
2487 2664 2640 2733 ἰσχὺν
2674 2661 2803 2732 ἔχει·
2838 2660 3106 2731 βλέπομεν
3134 2677 3193 2712 τε
3226 2660 3335 2730 γὰρ
3361 2658 3429 2712 δι’
3461 2657 3625 2711 αὑτοῦ
3669 2675 3761 2711 και.

2200 2756 2488 2826 ἀκούομεν,
2526 2755 2621 2807 καὶ
2656 2753 2765 2807 τῶν
2808 2752 3095 2823 όσφρητῶν
3126 2751 3225 2822 τὴν
3266 2742 3550 2818 ἀντίληψιν
3583 2742 3762 2803 ὡσαύὲ

2198 2867 2307 2913 τως
2347 2850 2415 2903 δι’
2462 2846 2628 2901 αὐτοῦ
2673 2844 2974 2915 ποιούμεθα
2998 2884 3013 2907 ,
3041 2846 3108 2914 τῇ
3151 2842 3246 2896 τοῦ
3294 2832 3601 2912 πνεύματος
3632 2841 3761 2909 ὀλκῇ

2199 2941 2259 2995 τδ
2273 2939 2607 3014 κυριώτατον
2627 2938 2735 2993 τῶν
2748 2935 2890 2991 κατά
2906 2936 3002 3008 την
3020 2936 3165 3007 ζωὴν
3179 2926 3583 3006 ἐνεργουμένων
3594 2932 3771 2987 ὲστίνί

2198 3036 2229 3089 ὁ
2271 3035 2380 3107 γὰρ
2410 3031 2506 3085 τοῦ
2543 3028 3080 3099 ἀνά⁹παυσάμενος,
3143 3027 3237 3080 καὶ
3263 3026 3357 3079 τοῦ
3408 3026 3507 3096 ζῇν
3556 3025 3765 3087 πάντως

531 3106 693 3161 tacite
730 3108 993 3176 praeteriit
1021 3127 1034 3161 :
1061 3108 1129 3162 ad
1160 3110 1323 3179 hujus
1348 3111 1520 3180 partis
1548 3110 1969 3167 declarationem
2007 3128 2099 3168 sa-

2206 3127 2500 3180 ὲπαύσατο·
2534 3122 2722 3177 τούτου
2757 3122 2917 3191 χάριν
2944 3122 2973 3173 ό
3016 3121 3174 3188 σοφὸς
3209 3118 3441 3193 Μωῦ-σῆς
3484 3114 3764 3185 ἀφυσιολό-

531 3200 602 3253 tis
629 3216 753 3254 esse
777 3208 996 3270 putans,
1017 3203 1259 3256 innatam
1284 3202 1430 3258 illam
1453 3212 1616 3274 atque
1645 3204 1864 3259 insitam
1892 3213 2100 3261 natura:

2205 3236 2371 3290 γητον
2408 3217 2561 3270 εῐασε
2647 3215 2709 3268 τδ
2759 3198 3052 3283 σύντροφόν
3095 3229 3152 3263 τε
3197 3210 3292 3289 καὶ
3334 3209 3599 3279 ὁμόφυλον
3638 3211 3765 3279 ἡμῖν

533 3300 736 3345 nostra:
786 3308 908 3346 cum
940 3308 1067 3347 aere
1119 3295 1561 3362 coniunctionem
1616 3303 1780 3364 atque
1828 3296 2098 3351 habitum.

531 3378 663 3442 Quae
719 3396 847 3434 vero
902 3381 957 3435 in
1006 3380 1125 3451 ipso
1158 3383 1594 3451 conspiciuntur,
1637 3399 1702 3439 ea
1736 3385 2011 3454 quomodo
2043 3401 2104 3461 se

526 3469 786 3535 habeant,
823 3471 1097 3541 sigillatim
1127 3472 1495 3544 persequitur.
1546 3472 1761 3530 Etenim
1807 3489 1933 3529 cum
1984 3475 2103 3531 dies

530 3564 803 3617 secundus
844 3562 1156 3626 transisset,
1191 3565 1410 3633 sapiens
1450 3574 1509 3633 et
1558 3554 1804 3622 numeris
1849 3566 2104 3623 omnibus

530 3652 816 3707 absolutus
841 3667 1025 3707 rerum
1049 3653 1393 3709 conditarum
1421 3658 1576 3719 ordo,
1600 3671 1709 3730 quo
1737 3672 1878 3729 aqua
1899 3671 1931 3711 a
1957 3666 2104 3732 terra

532 3750 784 3813 separata
812 3753 918 3808 est,
960 3744 1052 3801 Dei
1090 3761 1197 3801 vox
1235 3733 1664 3818 mandatumque
1692 3749 1913 3805 dicitur.
1962 3748 2105 3807 Vere

528 3836 699 3899 enim,
734 3836 997 3907 quidquid
1027 3839 1305 3908 sapienter
1336 3838 1417 3903 fit,
1460 3839 1554 3895 Dei
1588 3841 1813 3896 verbum
1842 3852 1944 3907 est,
1992 3859 2101 3899 non

535 3932 915 3989 instrumentis
947 3934 1074 3989 ullis
1123 3934 1405 3989 vocalibus
1456 3936 1816 4003 enuntiatum,
1861 3936 1959 4005 sed
2013 3938 2103 4005 iis,

534 4040 655 4093 qua:
680 4026 731 4079 in
767 4025 903 4095 ipsis
940 4028 1105 4083 rebus
1146 4028 1385 4083 conditis
1440 4027 1783 4083 admirabilia
1829 4022 2103 4096 videntur,

532 4130 873 4186 expressum.
903 4118 1037 4172 Nam
1068 4134 1190 4173 cum
1225 4120 1401 4174 adhuc
1430 4128 1646 4175 terrena
1691 4120 1930 4187 qualitas
1978 4137 2105 4177 cum

535 4215 727 4258 natura
755 4203 976 4258 humida
998 4207 1287 4261 commista
1313 4215 1483 4272 esset,
1516 4208 1675 4278 cujus
1709 4210 1814 4265 nisi
1852 4226 1979 4266 vere
2023 4211 2107 4265 di-

532 4295 673 4347 vinae
707 4296 990 4363 potestatis
1024 4312 1088 4351 ac
1114 4298 1400 4367 sapientia:
1444 4298 1567 4369 fuit,
1616 4300 1702 4353 vel
1737 4308 1938 4356 terram
1975 4317 2107 4382 pro.-

534 4384 671 4454 priis
696 4384 1051 4454 qualitatibus
1082 4388 1155 4440 ita
1180 4387 1433 4452 densare,
1472 4397 1532 4444 ut
1570 4391 1823 4459 omnibus
1860 4392 1982 4460 ejus
2033 4394 2109 4471 si-

2200 3313 2465 3381 στοιχεῖον
2493 3352 2507 3376 ,
2526 3302 3008 3381 ᾧάπὺγεννήσεως
3042 3303 3201 3365 εὐθὺς
3233 3301 3606 3387 ὲντρεφόμεθα
3624 3317 3639 3332 ο
3669 3302 3768 3379 ἀρ-

2200 3402 2407 3456 κοῦσαν
2456 3398 2757 3471 ἡγούμενος
2807 3396 2901 3449 τοῦ
2954 3395 3154 3465 μέρους
3197 3391 3387 3445 τούτου
3431 3392 3764 3461 διδάσκαλον,

2201 3484 2306 3563 τὴν
2328 3489 2566 3562 ἔμφυτόν
2586 3505 2647 3541 τε
2676 3488 2772 3542 καὶ
2802 3488 3033 3565 συγγενῇ
3069 3476 3168 3555 τῆς
3206 3483 3425 3554 φύσεως
3448 3482 3604 3553 ἡμῶν
3635 3482 3768 3558 πρὸς

2198 3582 2293 3638 τὸν
2318 3583 2461 3655 ἀέρα
2494 3580 2696 3652 σχέσιν·
2718 3578 2788 3633 τά
2815 3579 2873 3633 δὲ
2902 3576 2959 3630 ὲν
2980 3578 3131 3649 αὐτῷ
3150 3576 3292 3631 κατά
3310 3575 3409 3648 τὴν
3442 3577 3616 3629 κτίσιν
3645 3593 3770 3645 φαι-

2202 3664 2427 3747 νόμενα,
2442 3674 2589 3737 ὅπως
2609 3672 2679 3725 τά
2699 3671 2817 3725 καθ’
2840 3671 3068 3724 ἕκαστον
3093 3668 3243 3740 ἔσχε,
3262 3668 3340 3739 τῷ
3360 3668 3505 3738 λόγῳ
3528 3666 3765 3734 δίέξεισι.

2154 3810 2164 3818 .
2205 3767 2587 3841 Παρελθούσης
2632 3766 2742 3837 γάρ
2786 3765 2885 3835 τῆς
2936 3762 3196 3833 δευτέρας
3248 3762 3479 3833 ἡμέρας,
3522 3759 3682 3841 πάλιν
3731 3760 3766 3829 ἠ

2207 3840 2344 3932 σοφή
2374 3878 2434 3913 τε
2461 3852 2555 3913 καὶ
2592 3857 2958 3928 ¹ιταναρμόνιος
2984 3855 3094 3909 τῶν
3134 3855 3430 3924 γινομένων
3460 3840 3609 3917 τάξις
3640 3854 3672 3921 ἡ
3708 3850 3769 3902 τὸ

2207 3955 2351 4026 ὕδωρ
2376 3954 2473 4024 τῆς
2500 3942 2603 4023 γῆς
2632 3940 3023 4022 ἀποκρίνουσα,
3055 3948 3190 4001 Θεοῦ
3233 3946 3383 4017 φωνὴ
3413 3946 3508 3999 καὶ
3533 3943 3770 4014 πρόστατ-

2204 4064 2322 4119 γμα
2345 4045 2581 4114 λέγεται·
2609 4042 2825 4114 ἀληθῶς
2847 4043 2955 4112 γὰρ
2980 4043 3088 4094 πᾶν
3114 4040 3177 4093 τὸ
3199 4042 3256 4094 ὲν
3284 4039 3445 4108 σοφίᾳ
3466 4037 3769 4106 γινόμενον,

2204 4134 2339 4215 Θεοῧ
2364 4140 2520 4215 λόγος
2542 4126 2708 4199 ἐστὶν,
2737 4135 2836 4188 οὐκ
2865 4134 3112 4205 ὀργάνοις
3134 4133 3244 4185 τισὶ
3275 4132 3597 4201 φωνητικοίς
3618 4127 3702 4181 δια
3710 4145 3771 4199 ρ-

2206 4212 2532 4303 θρούμενος,
2570 4222 2717 4282 ἀλλά
2746 4224 2811 4303 δι’
2842 4223 3025 4278 αὐτῶν
3071 4220 3482 4291 ὲκφωνούμενος
3574 4217 3682 4271 τῶν
3715 4219 3773 4270 ὲν

2207 4301 2317 4387 τοῖς
2345 4321 2690 4393 φαινομένοις
2719 4301 3032 4389 θαυμάτων.
3069 4316 3187 4368 Ἔτι
3233 4316 3340 4383 γὰρ
3382 4308 3765 4384 συμπεφυρμέο

2208 4432 2305 4483 νης
2350 4413 2487 4487 πρὸς
2518 4400 2623 4492 τὴν.
2664 4409 2838 4481 ὑγρὰν
2870 4407 3031 4477 φύσιν
3058 4409 3159 4477 τῆς
3185 4405 3416 4475 γεώδους
3448 4403 3731 4473 ποιότητος
3754 4440 3771 4467 ,

534 4476 758 4531 milibus
795 4478 1079 4547 particulis
1113 4480 1165 4532 in
1195 4480 1428 4534 solidum
1481 4482 1739 4556 redactis,
1781 4497 1846 4537 ac
1898 4485 2100 4540 consti-

2207 4476 2351 4569 τίνος
2369 4476 2437 4577 ην
2466 4476 2673 4574 ἑτέρου,
2700 4476 2799 4573 την
2964 4500 3067 4570 γῆν
3087 4476 3205 4562 ταῖς
3237 4497 3393 4560 ίδίαις
3420 4492 3770 4549 καταπυκνῶ-

532 4570 700 4636 patis,
733 4570 1111 4626 humiditatem
1152 4572 1369 4626 insitam
1397 4573 1468 4627 ab
1500 4574 1617 4643 ipsa
1650 4573 1988 4638 secluderet,
2021 4576 2107 4631 vel

532 4673 729 4729 aquam
771 4669 931 4717 terra
980 4666 1231 4719 cavernis
1295 4665 1588 4720 cohibitam
1622 4673 1677 4721 et
1723 4665 1992 4735 inclusam
2039 4667 2109 4732 ab

531 4752 653 4820 ejus
684 4754 1039 4821 permistione
1067 4771 1373 4824 secernere,
1399 4766 1563 4830 atque
1587 4758 1641 4813 in
1671 4773 1841 4814 unum
1874 4772 2104 4828 congre-

532 4861 664 4917 gare
685 4847 707 4898 ’ἓ

2211 4617 2301 4652 σαι
2335 4590 2631 4666 ποιότησιν,
2826 4591 3044 4667 πάντων
3074 4590 3238 4659 αὐτῆς
3270 4587 3379 4640 τῶν
3408 4585 3610 4657 μορίων
3637 4582 3773 4653 πρὸς

2206 4680 2279 4746 τὰ
2315 4688 2530 4761 όμοφυῆ
2559 4672 3017 4757 συμπιεσθέντων,
3050 4684 3109 4735 ὲν
3142 4681 3220 4752 τῷ
3248 4680 3427 4750 ναστῷ
3460 4696 3519 4733 τε
3549 4679 3641 4732 καὶ
3674 4692 3772 4729 πε-

2207 4774 2490 4854 minam)
2515 4778 2808 4847 ἀποθλῖψαι
2831 4766 2926 4830 ἀπ⁴
2955 4776 3121 4845 αὐτῆς
3149 4775 3248 4845 τὴν
3269 4772 3595 4843 ὲγκειμένην
3613 4768 3773 4839 ὑγρό-

2204 4865 2361 4947 τηταο
2388 4871 2455 4928 ’τὸ
2487 4872 2543 4925 δὲ
2570 4871 2714 4942 ὕδωρ
2742 4868 3076 4939 διακρίνεται
3111 4867 3209 4937 τῆς
3240 4865 3375 4936 πρὸς
3398 4865 3498 4935 τὴν
3522 4863 3628 4932 γῆν
3650 4864 3775 4914 ὲπιο

536 4973 753 5043 μιξίας,
798 4976 891 5028 καὶ
934 4976 1060 5047 περὶ
1093 4977 1254 5032 ἑαυτὸ
1298 4979 1673 5050 συναγείρεται
1715 4979 1833 5042 ταῖς
1871 4978 2143 5047 κοιλότησι
2194 4972 2293 5057 τῆς
2329 4969 2431 5038 τῆς
2469 4963 2934 5067 ξγκρᾳτούμενονς
2975 4960 3098 5013 ἐπεὶ
3145 4954 3238 5011 οὖν
3268 4956 3417 5020 θείας
3460 4956 3534 5018 ὼς
3560 4952 3775 5024 ἀληθῶς
3802 5028 3819 5047 μ

532 5066 813 5137 δυνάμεώς
845 5086 903 5123 τε
933 5072 1026 5124 καὶ
1055 5072 1247 5140 σοφίας
1278 5073 1338 5126 τὸ
1382 5073 1617 5127 τοιοῦτόν
1647 5075 1828 5128 ἐστιν.

604 5159 810 5215 Idcirco
859 5160 1038 5219 Moses
1082 5164 1207 5220 huic
1261 5166 1339 5221 rei
1398 5165 1732 5223 admiranda
1794 5184 2101 5229 sermonem

534 5249 628 5310 Dei
657 5251 941 5323 praefuisse
973 5254 1125 5317 dicit,
1167 5255 1482 5311 mandatum
1516 5257 1691 5327 ipsius
1715 5260 2101 5329 explicantem,

534 5359 646 5416 quo
674 5346 893 5415 quidem
932 5360 1032 5417 ego
1054 5347 1316 5402 rationem
1368 5364 1547 5404 rerum
1596 5352 1941 5407 conditarum
1999 5370 2100 5408 na-

537 5446 674 5491 tura:
727 5437 950 5492 insitam
1002 5438 1299 5509 significari
1332 5439 1547 5510 judico.
1604 5459 1623 5492 ι
1657 5440 1870 5503 Dixit,»
1900 5442 2098 5514 inquit,

2278 5173 2479 5228 Τούτου
2506 5169 2664 5241 χάριν
2695 5168 2724 5219 ό
2748 5162 2985 5231 Μωῦσῆς
3019 5160 3174 5229 λόγον
3202 5157 3336 5212 Θεοῦ
3365 5174 3493 5229 φησι
3520 5154 3613 5209 τοῦ
3652 5152 3783 5207 θαύ-

2213 5264 2378 5336 ματος
2401 5255 2828 5332 καθηγήσασθαι,
2858 5253 3265 5325 προστακτικήν
3292 5267 3412 5305 τινα
3444 5250 3596 5319 ῥῆσιν
3610 5243 3773 5309 διεξον

2204 5358 2445 5421 δεύοντα,
2464 5357 2536 5419 ὡς
2557 5354 2611 5407 δὲ
2639 5351 2747 5421 ἐγὼ
2768 5349 2897 5421 ’περῖ⁵
2923 5347 3110 5401 τούτου
3136 5346 3324 5417 κρίνω,
3347 5345 3437 5397 τὸν
3462 5340 3776 5409 ἐγκείμενον

2205 5450 2271 5518 τῇ
2305 5446 2464 5515 φύσει
2492 5445 2590 5514 τῆς
2623 5442 2850 5517 κτίσεως
2872 5437 3050 5522 λόγον,
3083 5436 3170 5489 διὰ
3197 5436 3295 5507 τῆς
3316 5431 3556 5501 ὲξοδικῆς
3578 5426 3775 5522 τα-ύτης

542 5528 716 5586 «Deus
748 5551 760 5585 :
795 5529 1077 5605 Cogantur
1104 5548 1261 5603 aquae
1292 5534 1345 5589 in
1378 5538 1839 5609 congregationes
1871 5553 2021 5605 suas,
2050 5550 2100 5594 et

2208 5538 2538 5592 ἐνδείκνυται
2582 5534 2809 5606 ῥήσεως.
2845 5550 2865 5584 ‹
2891 5518 3029 5584 Eine
3059 5546 3079 5580 ›
3107 5526 3236 5597 γὰρ,
3281 5524 3466 5595 φησὶν,
3505 5538 3524 5572 ι
3560 5523 3590 5574 ὁ
3617 5518 3775 5609 Θεὲς.

537 5630 794 5689 appareat
823 5604 1062 5683 arida".
1094 5645 1113 5678 ι
1178 5604 1555 5683 Necessarium
1595 5604 1811 5685 natura:
1858 5604 2100 5686 ordinem

2212 5626 2538 5699 Συναχθήτω
2584 5604 2658 5677 Ea
2704 5621 2869 5675 ὕδατα
2931 5619 3011 5682 είς
3060 5616 3157 5679 τὰς
3210 5610 3525 5682 συναγωγάς
3580 5604 3775 5669 αὐτῶν,

615 5801 660 5838 ⁸⁸
684 5802 817 5860 Gen.
858 5820 897 5871 ι,
926 5804 980 5863 9.
