4110 6488
312 344 383 435 sa
1510 357 1577 413 tu
1615 352 2089 416 usxannunou
2118 363 2340 423 LIBER.
3469 379 3538 436 so

313 466 409 564 καὶ
445 466 663 564 ὀφθήτω
709 469 740 539 ἡ
778 468 943 564 ξηρς
987 489 1007 524 ι
1053 471 1224 564 ,Ὁρᾷς
1255 473 1354 547 τὴν
1388 476 1691 545 ἀναγκαίαν
1719 476 1870 542 τάξιν

1986 483 2185 539 »εποδε
2235 487 2528 557 quomodo,
2585 503 2841 560 expressa
2896 503 3033 561 aqua
3077 488 3145 546 ab
3203 491 3319 563 ipsa
3364 498 3536 564 terra,

312 558 413 629 τῆς
442 558 684 628 φύσεως,
729 561 842 625 πῶς
878 560 979 631 τῆς
1009 562 1113 635 γῆς
1134 552 1580 634 ἀφελκυσθέντος
1618 570 1713 623 τοῦ
1747 569 1875 624 ὓδα-

310 667 406 714 τος
455 650 764 722 ξηραίνεται
813 652 875 706 τὸ
916 654 1213 727 ἀποκριθὲν
1258 656 1359 727 τῆς
1414 657 1739 731 ὑγρότητος,
1785 664 1878 715 καὶ

313 739 433 803 πῶς
501 741 694 811 μηκέτι
745 742 1039 811 πηλοειδῶς
1081 746 1532 818 ἀνακεκραμένης
1582 751 1719 821 πρὸς
1781 751 1878 822 τὴν

313 832 419 902 γῆν
466 831 564 902 τῆς
611 833 935 909 ὑγρότητος,
989 835 1300 904 ἀναγκαίως
1356 838 1581 908 δοχείοις
1639 843 1751 893 τισὶ
1818 842 1879 893 τὸ

316 924 459 996 ὕδωρ
506 926 995 995 περιστοιχίζεται·
1047 927 1123 990 ὡς
1171 928 1237 982 ἀν
1288 929 1361 1001 μὴ
1400 929 1478 1000 τῷ
1526 931 1733 1003 ρευστῷ
1781 935 1880 1004 τῆς

316 1004 534 1087 φύσεως
565 1017 645 1078 εἰς
674 1016 975 1087 ἀφανισμὸν
1012 1016 1156 1072 ἔλθοι
1180 1057 1196 1083 ,
1234 1020 1457 1092 μηδενὸς
1502 1023 1600 1094 τὴν
1635 1016 1879 1094 διάχυσιν

316 1098 484 1175 αὑτοῦ
530 1104 1000 1178 περισφίγγοντος.
1048 1110 1207 1165 Ἀλλά
1252 1112 1518 1182 μοιδοκεί
1549 1115 1622 1185 μὴ
1655 1116 1880 1186 ἄκαιρον

315 1195 453 1252 εἶναι
490 1199 649 1252 πάλιν
676 1200 783 1253 τῶν
808 1199 1211 1274 ὑπερουρανίων
1238 1204 1441 1259 ὑδάτων
1468 1206 1691 1277 μνήμην
1720 1210 1877 1277 ποιή-

316 1291 535 1345 σασθαι.
588 1292 677 1368 Εἰ,
690 1292 811 1370 γάρ
841 1294 1589 1371 ἀναγλιαίωεὲλίταῦθωρὸς
1612 1298 1880 1369 ὑποδοχὴν

317 1381 424 1443 τῶν
450 1374 656 1448 ὑδάτων
688 1385 720 1453 ή
749 1385 819 1455 γῆ
847 1387 1271 1455 σχηματίζεται,
1304 1387 1412 1442 οἷόν
1432 1404 1541 1443 τισι
1574 1390 1789 1453 κόλποις
1821 1391 1882 1444 τὸ

315 1466 542 1545 peace»,
574 1464 762 1528 ἰῖὑῖὦν
786 1463 1215 1549 έπεριείργουσα,
1263 1483 1357 1534 καὶ
1406 1486 1470 1553 τῇ
1518 1483 1734 1554 ἀστάτῳ
1775 1484 1883 1538 τῶν

315 1566 524 1621 ὑδάτων
547 1568 725 1635 φύσει,
753 1569 830 1640 τῷ
863 1570 977 1640 ἰδίῳ
1011 1570 1255 1644 σταθερῷ
1287 1576 1630 1645 παρεχομένη
1666 1577 1726 1629 τὸ
1751 1577 1881 1631 στά-

316 1675 496 1729 σιμον⁸
528 1657 643 1723 πῶς
671 1662 737 1714 ἂν
777 1662 837 1713 τὸ
876 1660 1043 1733 ὓδωρ,
1077 1664 1235 1733 εἴπερ
1275 1663 1351 1734 τῷ
1382 1665 1495 1718 ὄντι
1528 1665 1667 1736 ὕδωρ
1714 1667 1879 1730 ἐστὶν,

315 1752 531 1815 ἵσταται
572 1753 671 1824 μὲν
704 1754 801 1808 ἐπὶ
829 1754 923 1810 τοῦ
971 1756 1224 1822 ἀστάτου,
1255 1758 1539 1833 ἀδιάχυτον
1570 1761 1625 1814 δὲ
1662 1762 1753 1814 ἐπὶ
1785 1761 1879 1815 τοῦ

315 1836 516 1916 κυρτοῦ
542 1846 895 1916 διαμένει;Εἰ
918 1846 1025 1917 γὰρ
1053 1848 1182 1918 μίαν
1219 1866 1278 1903 τε
1319 1853 1411 1904 καὶ
1446 1852 1544 1921 τὴν
1572 1853 1740 1924 αὐτὴν
1778 1854 1886 1909 τῶν

315 1937 411 1993 δύο
455 1938 662 2013 ὑδάτων
690 1936 790 2009 τὴν
818 1938 980 2008 φύσιν
1022 1941 1408 2012 ὑποτιθέμεθα,
1453 1946 1666 2016 ἀνάγκη
1714 1948 1884 2014 πᾶσα,

319 2030 465 2100 άπερ
502 2031 594 2087 ἐπὶ
639 2030 840 2086 τούτων
869 2032 1159 2105 βλέπομεν,
1200 2034 1377 2089 ταῦτα
1407 2037 1500 2091 καὶ
1544 2018 1631 2091 ἐπ’
1665 2039 1886 2093 ἐκείνων

317 2122 544 2176 οἴεσθαιο
575 2122 769 2177 οὐκοῦν
818 2124 885 2178 τὰ
924 2124 1071 2179 νῶτα
1098 2126 1193 2178 τοῦ
1240 2127 1466 2197 ούρανοῦ
1516 2128 1759 2199 σχίζεται
1806 2132 1887 2193 εἰς

319 2214 584 2277 αὐλῶνας,
612 2216 729 2269 καθ’
760 2218 1051 2287 ὁμοιότητα
1074 2218 1180 2271 τῶν
1206 2218 1299 2295 ἐπὶ
1326 2220 1429 2289 τῆς
1456 2220 1560 2291 γῆς
1590 2223 1887 2291 γινομένων

319 2307 458 2378 πρὸς
482 2307 580 2371 τὰς
608 2308 716 2361 τῶν
746 2308 1004 2380 κρημνῶν
1028 2310 1335 2374 διαστάσεις
1365 2312 1882 2383 ἑκφαραγγούμενα,

319 2399 408 2467 ἵνα
434 2399 494 2451 τὸ
522 2399 662 2471 ὕδωρ
687 2400 998 2472 ὲγκρατηθῇ
1031 2404 1151 2465 ταῖς
1177 2402 1472 2472 κοιλότησι.
1507 2404 1575 2456 Τί
1603 2400 1697 2458 οὗν
1727 2405 1885 2476 ἐροῦ-

319 2509 426 2555 σιν,
454 2491 582 2545 ὃταν
614 2493 646 2562 η
675 2492 959 2560 ὲγκύκλιος
1001 2493 1096 2547 τοῦ
1126 2494 1286 2547 πόλου
1334 2494 1606 2566 περιφορά
1639 2497 1777 2566 πρὸς
1818 2498 1886 2551 τά

318 2583 472 2637 κάτω
504 2582 656 2654 κλίνῃ
688 2584 747 2637 τὸ
788 2583 883 2637 νῦν
930 2584 1342 2655 ὑπερκείμενον,
1385 2587 1492 2657 ἄρα
1534 2587 1607 2657 μὴ
1652 2587 1889 2659 πώματά

315 2691 442 2729 τινα
469 2675 582 2741 τοῖς
613 2676 831 2740 κύκλοις
863 2676 1239 2747 ὲπινοήσωσιν,
1279 2678 1353 2743 ὼς
1386 2678 1453 2732 ἂν
1503 2678 1577 2750 μὴ
1618 2681 1887 2751 ἐκκρεμὲς

315 2768 382 2823 τὸ
417 2768 562 2841 ὕδωρ
589 2769 894 2841 γενόμενον,
928 2769 1038 2823 τῶν
1075 2770 1427 2841 κοιλωμάτων
1468 2772 1681 2844 ἐκρέοις
1730 2773 1889 2828 Ἀλλά

318 2876 457 2931 φησι
482 2859 843 2929 δαπανητικὸν
880 2859 979 2929 μὲν
1009 2855 1150 2914 εῖναι
1187 2860 1248 2914 τὺ
1280 2860 1415 2932 πῦρ,
1444 2861 1633 2932 χρείαν
1655 2863 1712 2917 δὲ
1742 2862 1889 2933 ἔχειν

318 2950 456 3021 ὕλης
485 2950 626 3014 τινὸς
664 2951 765 3021 τῆς
797 2950 1203 3023 ὑποτρεφούσης
1250 2953 1421 3005 εἰσαεὶ
1457 2952 1557 3023 τὴν
1587 2953 1780 3023 φλόγα,
1812 2954 1888 3017 ὡς

316 3038 387 3093 ἂν
419 3038 496 3110 μὴ
519 3040 994 3111 καταμαρανθείη,
1039 3044 1103 3112 τῇ
1136 3041 1338 3115 ἀπορία
1366 3042 1461 3096 τοῦ
1501 3044 1888 3107 ὑπεκκαίοντος

319 3132 455 3185 αὐτὸ
483 3132 609 3201 περὶ
642 3133 802 3186 ἑαυτὸ
836 3132 1241 3203 δαπανώμενον.
1293 3134 1433 3202 Ἐγὼ
1477 3134 1534 3188 δὲ
1572 3135 1676 3189 κᾶν
1705 3138 1739 3207 ἡ
1790 3153 1886 3206 με-

318 3222 465 3293 γάλη
495 3221 588 3275 τοῦ
615 3223 933 3277 διδασκάλου
971 3225 1129 3296 ἡμῶν
1158 3226 1309 3297 φωνὴ
1338 3230 1403 3299 τῇ
1434 3228 1659 3300 τοιαύτῃ
1686 3229 1888 3301 ὑπολή-

318 3311 414 3381 ψει
448 3312 785 3384 συμφέρεται
808 3354 823 3377 ,
850 3317 1260 3386 παραιτήσομαι
1293 3320 1414 3381 τοὺς
1444 3320 1887 3389 ἐντυγχάνοντας,

326 3404 404 3475 μὴ
454 3403 702 3474 χαλεπῶς
753 3404 917 3474 ἔχειν,
967 3409 1015 3459 εί
1062 3408 1198 3479 πρὸς
1224 3409 1284 3461 τὸ
1316 3410 1608 3464 ἀκόλουθον
1656 3411 1888 3481 βλέπων,

322 3496 503 3566 πάντη
529 3496 760 3551 δουλεύω
782 3501 894 3562 τοῖς
924 3499 1356 3571 προκαθημένοις
1385 3504 1444 3556 ὲν
1466 3506 1532 3574 τῇ
1557 3502 1759 3576 θεωρία
1785 3504 1892 3557 τῶν

322 3585 514 3640 ὅντων.
563 3587 673 3641 Καὶ
710 3587 817 3658 γάρ
865 3589 957 3642 καὶ
1001 3588 1078 3659 τῷ
1118 3590 1415 3663 διδασκάλῳ
1463 3595 1664 3659 σκοπὸς
1697 3591 1787 3666 ἦν,
1832 3596 1893 3648 οὑ

323 3680 543 3742 πάντως
565 3681 663 3758 τὰς
692 3679 823 3743 ἰδίας
853 3682 1148 3752 ὑπολήψεις
1197 3687 1306 3746 τοῖς
1337 3685 1706 3757 ἀκροωμένοις
1732 3705 1895 3758 νομο-

323 3769 523 3835 θετεῖν,
558 3770 692 3823 ἀλλά
730 3770 914 3839 ἔφοδόν
950 3789 1071 3825 τινα
1105 3772 1192 3826 διά
1223 3774 1319 3844 τῆς
1362 3775 1707 3840 διδασκαλίας
1731 3778 1896 3832 αὑτοῦ

324 3862 465 3939 πρὸς
489 3861 589 3933 τὴν
610 3863 869 3933 ἀλήθειαν
895 3865 951 3916 ἐν
985 3868 1097 3929 τοῖς
1122 3866 1585 3938 μαθητευομὲνοις
1620 3869 1892 3938 γενέσθαι·

326 3952 425 4007 καὶ
454 3955 613 4024 ἡμεῖς
654 3954 833 4008 τοίνυν
861 3957 1327 4027 ὲγγυμνασθέντες
1362 3962 1472 4022 τοῖς
1523 3962 1651 4031 παρ’
1687 3962 1895 4016 ἐκείνου

327 4043 734 4113 καταλειφθεῖσι
776 4045 1074 4120 μαθήμασι.
1110 4046 1246 4117 πρὸς
1271 4048 1332 4101 τὸ
1373 4033 1663 4104 ἀκόλουθον
1702 4051 1896 4121 βλέπο-

330 4122 452 4203 μεν.
489 4133 587 4203 Εῐη
629 4132 674 4185 δ’
720 4132 787 4187 ἂν
810 4128 981 4199 οὗτος,
1012 4135 1169 4208 ειπερ
1210 4137 1457 4208 ἐπιτύχοι
1495 4138 1588 4193 τοῦ
1620 4140 1832 4205 εἰκότος
1869 4144 1899 4195 ό

324 4224 507 4299 λόγος,
540 4226 621 4289 εἰς
650 4225 750 4297 την
779 4226 873 4279 τοῦ
901 4227 1218 4282 διδασκάλου
1252 4230 1443 4299 σοφίαν
1471 4226 1896 4304 ἀναφερόμενος.

323 4318 397 4375 Τί
426 4318 602 4372 τοίνυν
633 4318 769 4389 πρὸς
788 4318 885 4389 τὴν
911 4320 1299 4390 ὑπενεχθεῖσαν
1330 4321 1599 4376 ἀντίθεσιν
1630 4324 1784 4394 ἡμεῖς
1807 4324 1898 4377 λο-

324 4410 633 4482 γιζόμεθα;
669 4413 745 4466 οὑ
770 4414 877 4483 γάρ
906 4412 1066 4483 μόνον
1094 4415 1151 4465 ὲν
1185 4412 1262 4484 τῷ
1300 4415 1437 4485 πυρὶ
1465 4416 1559 4469 καὶ
1586 4414 1738 4469 ὕδατι
1767 4415 1899 4475 θεω-

330 4503 537 4577 ροῦμεν
563 4491 662 4569 τάς
696 4505 1133 4582 ἀντιστοιχούσας
1179 4505 1495 4576 ποιότητας,
1540 4508 1675 4562 ἀλλά
1699 4510 1793 4564 καὶ
1838 4511 1898 4564 ὲν

329 4596 553 4673 ἑκάστῳ
583 4595 692 4650 τῶν
724 4597 1001 4669 στοιχείων
1041 4597 1190 4651 ἐστιν
1219 4599 1398 4668 εὑρεῖν
1429 4617 1550 4654 τινα
1592 4601 1809 4666 πάντως
1841 4603 1899 4657 ἐν

489 4686 742 4759 ίδιώμασι
779 4690 915 4760 πρὸς
948 4689 1017 4743 τά
1052 4690 1399 4761 ἀντικείμενα
1440 4692 1637 4765 μάχην.
1693 4693 1900 4764 Ὥσπερ

293 4762 300 4783 ’
328 4778 441 4850 γάρ
469 4780 566 4832 ἐπὶ
607 4779 719 4833 τῶν
750 4779 1226 4850 μνημονευθέντων
1279 4762 1554 4852 στοιχείων
1576 4762 1899 4836 ⁷ἀντιϐαίνει.

328 4869 411 4939 τῷ
427 4870 528 4939 μὲν
541 4868 782 4941 ψυχρῷή
801 4869 1090 4941 θερμότης,
1108 4869 1185 4940 τῷ
1199 4869 1255 4923 δὲ
1276 4870 1475 4942 ὑγρΦὴ
1494 4872 1558 4942 ξη
1567 4871 1744 4943 ράεηςν
1760 4871 1902 4925 οὕτω

333 4959 500 5014 πάλιν
522 4958 664 5013 κατά
690 4957 786 5029 τὴν
818 4957 1008 5029 ἑτέραν
1034 4957 1324 5029 διάμετρον
1354 4958 1446 5012 ἐπὶ
1471 4958 1569 5029 τῆς
1598 4958 1702 5029 γῆς
1723 4976 1783 5012 τε
1809 4960 1902 5013 καὶ

332 5054 430 5109 τοῦ
463 5054 625 5126 ἀέρος
659 5051 719 5119 ἔξ
741 5054 981 5107 ἐναντίου
1002 5051 1139 5106 εἰσὶν
1179 5054 1236 5106 αἰ
1261 5054 1320 5105 έν
1352 5053 1593 5125 ἑκατέρῳ
1625 5054 1902 5125 ποιότητες

328 5144 594 5217 ἀλλήλαις
616 5144 1062 5216 ἀντικαθήμεναιο
1090 5144 1383 5217 στερρότης
1423 5162 1482 5198 τε
1510 5145 1603 5199 καὶ
1632 5149 1866 5219 μανότης
1883 5188 1899 5215 ,

328 5238 620 5293 ἀντιτυπία
637 5238 732 5292 κσὺ¹
753 5236 1032 5308 ἀραιότης,
1066 5237 1303 5310 βαρύτης
1316 5255 1376 5292 τε
1397 5239 1489 5292 καὶ
1504 5240 1790 5311 κουφότηςο
1812 5242 1902 5295 καὶ

331 5331 433 5383 ὅσα
455 5328 594 5383 ἀλλα
622 5328 765 5381 κατὰ
784 5328 845 5383 τὸ
869 5328 1071 5394 ἰδιάζον
1094 5331 1152 5383 ὲν
1175 5329 1424 5402 ἐκατέρῳ
1448 5330 1671 5395 τούτων.
1700 5334 1767 5387 ἐκ
1794 5335 1903 5387 τῶν

332 5420 594 5473 ἐναντίων
620 5418 963 5491 γνωρίζεται.
1003 5421 1212 5491 Ὥσπερ
1243 5421 1423 5475 τοίνυν
1466 5424 1525 5476 ὲν
1566 5421 1777 5488 τούτοις
1805 5424 1904 5479 οὑκ

332 5512 480 5567 εστιν
508 5512 686 5564 εἰπεῖν
714 5510 1008 5583 τρέφεσθαι
1056 5511 1134 5583 τῷ
1167 5512 1394 5583 ἐναντίῳ
1423 5513 1484 5568 τὸ
1515 5514 1700 5587 ἕτερον
1723 5532 1737 5545 θ
1782 5514 1906 5570 οὔτε

332 5604 445 5677 γάρ
468 5607 541 5676 τῇ
569 5603 782 5677 δαπάνη
803 5603 899 5659 τοῦ
926 5604 1219 5677 ἐμϐριθοῦς
1241 5607 1277 5677 ἡ
1304 5607 1362 5659 ὲν
1383 5605 1461 5678 τῷ
1486 5606 1611 5679 ἀέρι
1636 5607 1906 5680 κουφότης

335 5695 585 5762 αὔξεται,
615 5694 738 5750 οὔτε
774 5697 835 5751 τὸ
865 5698 1057 5752 ναστὸν
1086 5698 1188 5768 τῆς
1224 5699 1325 5767 γῆς
1372 5700 1585 5770 ἔνεργεῖ
1626 5699 1720 5754 τοῦ
1755 5701 1903 5755 ἀντι-

338 5787 681 5860 στοιχοῦντος
718 5789 815 5860 τὴν
845 5790 1164 5867 ἀραιότητα,
1206 5789 1330 5846 οὗτε
1363 5792 1428 5847 τά
1453 5792 1613 5851 λοιπά
1645 5793 1773 5865 περὶ
1803 5794 1904 5867 τὴν

1976 575 2123 643 quod
2169 576 2238 631 ab
2290 577 2611 634 lmmiditate
2656 589 2924 636 secretum
2978 588 3083 649 est,
3129 592 3433 651 exarescat,
3483 595 3538 641 et

1974 668 2247 737 quomodo
2282 684 2408 724 cum
2446 669 2501 726 id
2521 671 2663 741 quod
2697 672 2978 727 humidum
3007 682 3111 739 est,
3140 690 3248 730 non
3303 676 3537 747 amplius

1976 756 2032 811 in
2072 759 2215 813 omni
2249 775 2452 817 morem
2475 777 2598 816 cum
2621 769 2767 817 terra
2802 765 3125 834 permistum
3167 765 3258 828 sit,
3301 776 3539 837 recepta.

1977 848 2116 903 culis
2136 850 2461 919 quibusdam
2490 851 2742 922 cingatur
2768 867 2929 922 aqua,
2958 868 3026 908 ne
3050 862 3269 924 propter
3288 865 3537 909 naturam

1976 938 2175 994 ﬂuxam
2207 941 2498 1011 dispereat,
2530 943 2577 995 si
2606 941 2989 1012 eii'usioipsius
3014 945 3163 998 nulla
3194 960 3252 999 re
3282 959 3535 1003 coercea-

1976 1040 2088 1086 tur.
2126 1032 2256 1087 Mihi
2288 1049 2394 1088 non
2418 1033 2634 1089 videtur
2670 1034 2927 1100 alienum,
2955 1037 3022 1089 de
3061 1036 3238 1104 aquis,
3271 1051 3389 1105 ηιιω
3444 1052 3539 1091 su-

1979 1139 2075 1196 per
2102 1125 2273 1180 caelos
2307 1134 2462 1189 sunt,
2500 1126 2695 1180 iterum
2738 1126 3058 1180 mentionem
3098 1125 3291 1181 facere.
3328 1126 3459 1180 Nam
3491 1129 3538 1182 si

1979 1228 2227 1269 necesse.
2265 1222 2371 1279 est,
2432 1222 2492 1268 ut
2536 1212 2626 1268 hic
2677 1224 2796 1284 apte
2843 1215 2912 1269 ad
2943 1230 3113 1285 aquas
3164 1217 3540 1285 suscipiendas

1979 1314 2124 1361 terra
2182 1305 2479 1371 formetur,
2535 1322 2655 1377 ηοω
2709 1306 3033 1376 quibusdam
3093 1308 3302 1363 sinibus
3352 1323 3539 1363 earum

1980 1394 2181 1451 ﬂuenta
2204 1397 2483 1462 cohibeat,
2514 1403 2830 1466 naturaeque
2859 1397 3101 1452 instabili
3130 1396 3339 1451 ﬁrmam
3374 1399 3543 1452 stabi-

1980 1488 2185 1544 litatem
2218 1504 2371 1544 suam
2410 1496 2687 1559 opponat:
2719 1490 2813 1559 qui
2871 1489 2988 1543 ﬁeri
3044 1498 3243 1561 potest,
3292 1498 3351 1545 ut
3395 1507 3545 1561 aqua.

1979 1580 2071 1633 illa
2131 1582 2401 1651 superior,
2458 1582 2503 1636 si
2551 1595 2676 1635 vere
2710 1588 2795 1637 est
2840 1596 3001 1651 aqua,
3061 1597 3222 1651 super
3256 1598 3315 1637 re
3356 1582 3541 1637 mobili

1980 1672 2265 1739 consistat,
2306 1688 2406 1728 nec
2437 1688 2600 1743 super
2629 1687 2796 1727 curva
2825 1688 2885 1729 re
2925 1674 3116 1743 jacens
3146 1674 3492 1745 dispergatur
3519 1675 3553 1728 ?.

1981 1764 2193 1819 Etenim
2228 1765 2274 1821 si
2308 1779 2469 1819 unam
2498 1773 2552 1820 et
2571 1765 2815 1821 eamdem
2844 1767 3127 1834 utriusque
3149 1777 3398 1820 naturam
3422 1782 3545 1822 esse

1916 1840 1958 1903 Β
1987 1859 2297 1925 statuimus,
2338 1860 2706 1914 necessarium
2763 1868 2867 1923 est,
2914 1866 2973 1913 ut
3011 1876 3130 1930 quae
3154 1860 3205 1914 in
3265 1840 3349 1914 his
3388 1860 3545 1930 aquis

1987 1950 2377 2019 conspicimus.
2400 1950 2587 2005 eadem
2618 1952 2801 2005 omnia
2831 1950 2898 2005 de
2924 1950 3031 2005 illis
3062 1952 3384 2020 cogitemus.
3405 1949 3547 2022 Ergo

1986 2041 2111 2096 coeli
2132 2048 2281 2109 terga
2312 2040 2547 2097 dissecta
2584 2049 2732 2106 sunt,
2788 2050 2948 2112 atque
2981 2050 3238 2098 excavata
3285 2043 3340 2097 in
3375 2044 3545 2099 valles

1984 2147 2169 2187 earum
2206 2134 2437 2199 similes,
2461 2150 2582 2203 ηοω
2620 2144 2846 2205 propter
2875 2134 3159 2189 intervalla
3193 2136 3453 2189 montium
3487 2136 3547 2190 in

1980 2231 2130 2279 terra
2154 2235 2300 2289 sunt,
2333 2235 2393 2281 ut
2425 2227 2533 2282 illis
2556 2242 2695 2296 aqua
2718 2234 3057 2282 coerceatur.
3096 2228 3163 2281 At
3185 2228 3314 2297 quid
3341 2227 3544 2293 dicent,
3566 2216 3575 2225 ’

1984 2316 2203 2385 quando
2230 2316 2338 2387 poli
2360 2318 2717 2373 conversione
2745 2317 2798 2372 id
2826 2317 2970 2387 quod
2988 2319 3240 2387 superius
3271 2333 3416 2373 nunc
3440 2325 3546 2384 est,

1985 2407 2217 2463 inferius
2251 2407 2362 2471 fiet,
2396 2408 2663 2478 poeulane
2692 2409 2876 2479 aliqua
2906 2409 2963 2463 in
3009 2409 3240 2464 orbibus
3268 2410 3548 2479 excogita-

1986 2501 2142 2567 bunt,
2189 2516 2259 2556 ne
2318 2515 2460 2571 aqua
2524 2482 2791 2571 suspensa
2822 2517 2890 2555 ex
2935 2488 3084 2555 cavis
3112 2501 3327 2555 eﬂluat?
3368 2500 3549 2555 Vorax

1982 2602 2088 2660 est,
2129 2592 2404 2664 inquiunt,
2441 2594 2605 2664 ignis,
2655 2594 2992 2663 materiaque
3028 2593 3234 2663 indiget
3278 2593 3549 2647 ﬂammam

1986 2695 2247 2757 perpetuo
2296 2687 2594 2751 nutriente,
2626 2700 2697 2742 ne
2757 2685 3145 2743 suceendentis
3174 2686 3551 2756 exstinguatur

1986 2779 2188 2849 inopia,
2214 2786 2268 2834 et
2292 2793 2322 2832 a
2362 2779 2655 2849 semetipso
2686 2784 3062 2834 consumatur.
3092 2777 3204 2847 Ego
3240 2792 3389 2841 vero,
3422 2777 3551 2831 licet

1987 2886 2182 2940 magna
2205 2872 2553 2943 praeceptoris
2578 2871 2752 2955 nostri
2778 2886 2883 2925 vox
2906 2870 3035 2924 huic
3066 2869 3351 2925 sententia:
3373 2868 3551 2923 favere

1984 2963 2253 3025 videatur,
2287 2964 2488 3033 rogabo
2525 2970 2704 3019 tamen
2725 2977 2842 3025 eos,
2870 2962 2926 3016 in
2964 2977 3192 3031 quorum
3214 2974 3410 3014 manus
3436 2959 3551 3013 haec

1989 3051 2301 3113 inciderint,
2356 3066 2424 3105 ne
2471 3049 2703 3121 graviter
2747 3048 2946 3113 ferant,
2992 3047 3087 3103 sed
3122 3045 3419 3116 patiantur,
3467 3056 3552 3096 me

1989 3143 2293 3198 institutum
2324 3142 2571 3197 ordinem
2600 3140 2776 3211 sequi.
2824 3137 3012 3209 Neque
3063 3138 3208 3192 enim
3266 3135 3552 3205 Opiniones

1952 3227 1957 3265 ⁷
1989 3241 2231 3297 nostras,
2279 3240 2338 3287 ut
2367 3235 2541 3304 leges.
2574 3230 2913 3287 auditoribus
2959 3227 3335 3298 proponimus,
3355 3227 3445 3280 sed
3485 3240 3550 3281 ex

1990 3328 2236 3382 doetrina
2272 3327 2443 3397 ipsius
2484 3326 2828 3381 occasionem
2877 3324 3215 3392 arripientes.
3258 3325 3553 3373 consenta-

1992 3433 2153 3472 neum
2179 3416 2421 3471 ordinem
2451 3417 2742 3471 intuemur.
2767 3414 3131 3481 Quamobrem
3154 3418 3207 3466 et
3235 3411 3350 3465 haec
3380 3408 3554 3463 oratio

1992 3518 2201 3572 nostra,
2252 3509 2299 3563 si
2352 3508 2569 3577 quidem
2603 3522 2632 3561 a
2663 3506 2863 3560 decoro
2904 3520 3011 3558 non
3061 3501 3429 3563 abhorruerit,
3487 3497 3555 3554 ad

1991 3600 2111 3671 ejus
2140 3599 2458 3673 sapientiam
2494 3596 2779 3652 referetur.
2814 3595 2953 3660 Quid
2984 3595 3151 3663 igitur
3175 3592 3243 3645 ad
3302 3605 3387 3652 ea,
3436 3602 3553 3659 ηοω

1992 3700 2184 3746 contra
2208 3690 2550 3753 dicebantur,
2579 3686 3075 3757 respondebimus?
3123 3682 3244 3736 Non
3278 3682 3450 3736 solum
3498 3678 3556 3734 in

1994 3784 2118 3854 igne
2146 3791 2199 3836 et
2228 3797 2367 3852 aqua
2384 3780 2693 3835 contrarias
2730 3778 3019 3848 qualitates
3045 3774 3430 3846 perspicimus.
3462 3771 3554 3826 sed

1996 3875 2049 3928 in
2076 3875 2305 3944 singulis
2330 3872 2611 3928 elementis
2642 3871 2824 3924 videre
2853 3870 2979 3923 licet
3006 3866 3295 3937 quamdam
3316 3864 3542 3934 proprie.

1995 3972 2165 4018 tatum
2200 3980 2323 4019 cum
2347 3962 2611 4033 oppositis
2632 3977 2887 4032 pugnam.
2921 3957 3388 4024 Quemadmodum
3411 3956 3556 4013 enim

1996 4056 2049 4110 in
2076 4055 2360 4110 elementis
2385 4069 2505 4124 ηοω
2539 4051 3108 4111 commemoravimus.
3160 4048 3440 4103 contraria
3472 4056 3556 4103 est

1997 4142 2568 4216 frigiditaticaliditas,
2592 4142 2808 4196 siccitas
2840 4140 3171 4204 humiditati,
3196 4138 3275 4193 sic
3297 4138 3355 4194 in
3386 4137 3557 4193 altera

1995 4238 2388 4293 elementorum
2421 4234 2763 4304 oppositione
2809 4232 3103 4287 Contraria;
3150 4237 3278 4287 sunt
3330 4229 3473 4284 inter
3500 4244 3557 4284 se

1996 4330 2307 4401 qualitates.
2334 4327 2605 4390 soliditas,
2631 4334 2685 4381 et
2707 4326 2926 4387 raritas,
2959 4323 3159 4379 duritia
3198 4328 3253 4377 et
3304 4320 3554 4385 mollitia,

1995 4420 2232 4493 gravitas
2284 4427 2338 4474 et
2382 4419 2570 4474 levitas
2613 4436 2626 4472 :
2675 4424 2728 4472 et
2774 4419 2820 4474 si
2876 4416 3005 4488 quid
3056 4413 3203 4469 aliud
3253 4416 3309 4468 in
3361 4413 3557 4468 horum

1929 4539 1972 4593 ι)
2001 4522 2234 4582 utroque
2268 4510 2576 4582 proprium.
2613 4510 2770 4564 alteri
2807 4509 3141 4565 contrarium
3186 4505 3556 4577 cognoscitur.

2001 4608 2073 4663 Ut
2103 4606 2267 4677 igitur
2310 4605 2367 4659 in
2393 4604 2476 4658 his
2510 4602 2693 4659 dicere
2719 4617 2829 4657 non
2869 4616 3191 4673 possumus,
3225 4598 3558 4654 contrariam

2000 4715 2167 4755 unum
2197 4700 2367 4753 altero
2392 4696 2672 4752 contrario
2710 4694 2933 4760 nutriri,
2968 4709 3071 4749 nec
3107 4691 3391 4763 gravitatis
3427 4705 3552 4744 con-

2000 4789 2308 4858 sumptione
2335 4786 2478 4840 aeris
2501 4784 2772 4839 levitatem
2802 4783 3009 4853 augeri,
3041 4796 3213 4851 neque
3245 4787 3403 4835 terra:
3429 4778 3563 4833 den-

2000 4881 2215 4935 sitatem
2257 4876 2490 4948 oppositi
2535 4873 2786 4930 elementi
2850 4873 3128 4927 raritatem
3177 4870 3409 4936 eﬂicere,
3470 4877 3563 4923 aut

2000 4968 2238 5038 reliquas
2274 4967 2395 5036 ejus
2428 4965 2789 5043 proprietates
2842 4962 2985 5018 alere
3012 4976 3202 5017 aereas
3229 4960 3555 5032 qualitates:

2003 5064 2104 5126 sic,
2141 5061 2350 5130 inquiet
2372 5059 2591 5128 aliquis,
2631 5057 2883 5128 frigidum
2943 5054 3158 5126 quidem
3190 5061 3246 5108 et
3278 5052 3559 5108 humidum

2000 5155 2178 5211 calido
2225 5159 2279 5209 et
2317 5152 2463 5207 sicco
2492 5166 2616 5206 esse
2654 5149 2952 5213 contraria,
3012 5162 3121 5203 non
3161 5155 3340 5202 tamen
3380 5145 3556 5215 sequi,

2002 5257 2063 5301 ut
2090 5226 2280 5301 mutuo
2311 5244 2451 5299 inter
2479 5256 2538 5297 se
2570 5241 2792 5296 interitu
2823 5238 3156 5300 nutriantur,
3196 5250 3372 5308 neque
3402 5252 3468 5292 ex
3496 5250 3565 5290 eo

2000 5337 2144 5408 quod
2169 5336 2395 5390 alterum
2417 5347 2524 5387 non
2552 5332 2643 5395 sit,
2671 5330 2897 5385 alterum
2921 5343 3063 5385 esse.
3089 5326 3206 5381 Hoc
3232 5327 3377 5383 enim
3403 5331 3561 5395 pacto

2002 5435 2257 5485 neutrum
2307 5424 2653 5486 consisteret,
2708 5423 2756 5477 si
2797 5421 3083 5490 utriusque
3117 5417 3203 5474 vis
3247 5417 3305 5472 in
3335 5415 3562 5471 alterius

2002 5520 2223 5577 interitu
2267 5499 2590 5573 sita'foret:
2645 5528 2745 5585 par
2780 5512 2925 5568 enim
2968 5512 3025 5566 in
3062 5515 3293 5579 utroque
3317 5521 3560 5564 corrum-

2002 5611 2163 5684 pendi
2197 5609 2425 5664 alterum
2448 5610 2691 5677 potestas
2719 5609 2822 5667 est,
2853 5609 2909 5657 et
2937 5615 3151 5672 semper
3176 5596 3563 5669 exsuperantis

2005 5702 2243 5776 potentia
2289 5698 2416 5756 victi
2472 5695 2739 5769 pernicies
2797 5693 3062 5754 nascitur.
3132 5691 3297 5762 idque
3350 5690 3561 5761 experi-

2007 5801 2190 5851 mento
2212 5790 2581 5849 conﬁrmatur.
2628 5787 2687 5844 Si
2715 5783 2997 5842 materiam
3029 5781 3266 5853 aliquam
3297 5780 3441 5854 ignis
3463 5794 3561 5852 sp-
