  <div class='ocr_page' id='page_1' title='image "/cluster/home/n/w/nwhite01/storage/ocr_20150623/44/hvd.32044012542270/055.png"; bbox 0 0 4110 6550; ppageno 0'>
   <div class='ocr_carea' id='block_1_1' title="bbox 540 356 3791 419">
    <p class='ocr_par' dir='ltr' id='par_1_1' title="bbox 540 356 3791 419">
     <span class='ocr_line' id='line_1_1' title="bbox 540 356 3791 419; baseline -0.002 -2"><span class='ocrx_word' id='word_1_1' title='bbox 540 362 599 419; x_wconf 88' lang='lat'>9|</span> <span class='ocrx_word' id='word_1_2' title='bbox 1779 361 1835 414; x_wconf 88' lang='lat' dir='ltr'><strong>S.</strong></span> <span class='ocrx_word' id='word_1_3' title='bbox 1878 359 2201 419; x_wconf 81' lang='lat' dir='ltr'>GREGORII</span> <span class='ocrx_word' id='word_1_4' title='bbox 2241 360 2529 418; x_wconf 71' lang='lat' dir='ltr'>NYSSENI</span> <span class='ocrx_word' id='word_1_5' title='bbox 3718 356 3791 412; x_wconf 68' lang='lat'>9!</span> 
     </span>
    </p>
   </div>
   <div class='ocr_carea' id='block_1_2' title="bbox 549 446 2147 547">
    <p class='ocr_par' dir='ltr' id='par_1_2' title="bbox 549 474 2147 547">
     <span class='ocr_line' id='line_1_2' title="bbox 549 474 2147 547; baseline -0.001 -14"><span class='ocrx_word' id='word_1_6' title='bbox 549 476 917 544; x_wconf 88' lang='lat' dir='ltr'><strong>prehenderit,</strong></span> <span class='ocrx_word' id='word_1_7' title='bbox 944 476 1138 534; x_wconf 88' lang='lat' dir='ltr'><strong>deinde</strong></span> <span class='ocrx_word' id='word_1_8' title='bbox 1163 491 1300 547; x_wconf 88' lang='lat' dir='ltr'><strong>aqua</strong></span> <span class='ocrx_word' id='word_1_9' title='bbox 1332 474 1674 546; x_wconf 75' lang='lat' dir='ltr'>conjiciatur,</span> <span class='ocrx_word' id='word_1_10' title='bbox 1705 483 1954 532; x_wconf 89' lang='lat' dir='ltr'><strong>mutuum</strong></span> <span class='ocrx_word' id='word_1_11' title='bbox 1983 475 2115 531; x_wconf 80' lang='lat' dir='ltr'><strong>utri-</strong></span> <span class='ocrx_word' id='word_1_12' title='bbox 2139 526 2147 540; x_wconf 78' lang='grc'>,</span> 
     </span>
    </p>
   </div>
   <div class='ocr_carea' id='block_1_3' title="bbox 2248 446 3795 547">
    <p class='ocr_par' dir='ltr' id='par_1_3' title="bbox 2248 446 3795 545">
     <span class='ocr_line' id='line_1_3' title="bbox 2248 446 3795 545; baseline -0.004 -16"><span class='ocrx_word' id='word_1_13' title='bbox 2248 476 2318 545; x_wconf 79' lang='grc' dir='ltr'>ῆν</span> <span class='ocrx_word' id='word_1_14' title='bbox 2350 474 2614 544; x_wconf 75' lang='grc' dir='ltr'>ἰδιώματα</span> <span class='ocrx_word' id='word_1_15' title='bbox 2633 514 2649 536; x_wconf 90' lang='grc'>,</span> <span class='ocrx_word' id='word_1_16' title='bbox 2697 446 2916 541; x_wconf 73' lang='grc' dir='ltr'>δίά-τῆς</span> <span class='ocrx_word' id='word_1_17' title='bbox 2947 469 3158 524; x_wconf 76' lang='grc' dir='ltr'>ἑαυτῶν</span> <span class='ocrx_word' id='word_1_18' title='bbox 3201 469 3447 540; x_wconf 82' lang='grc' dir='ltr'>δαπάνης</span> <span class='ocrx_word' id='word_1_19' title='bbox 3477 466 3665 539; x_wconf 79' lang='grc' dir='ltr'>τρέφει</span> <span class='ocrx_word' id='word_1_20' title='bbox 3693 472 3795 536; x_wconf 86' lang='grc' dir='ltr'>τάς</span> 
     </span>
    </p>
   </div>
   <div class='ocr_carea' id='block_1_4' title="bbox 550 563 2147 642">
    <p class='ocr_par' dir='ltr' id='par_1_4' title="bbox 550 567 2114 642">
     <span class='ocr_line' id='line_1_4' title="bbox 550 567 2114 642; baseline -0.003 -14"><span class='ocrx_word' id='word_1_21' title='bbox 550 585 725 642; x_wconf 76' lang='lat' dir='ltr'><strong>usque</strong></span> <span class='ocrx_word' id='word_1_22' title='bbox 765 570 1073 627; x_wconf 81' lang='lat' dir='ltr'><strong>videbimus</strong></span> <span class='ocrx_word' id='word_1_23' title='bbox 1116 570 1363 624; x_wconf 79' lang='lat' dir='ltr'><strong>exitium.</strong></span> <span class='ocrx_word' id='word_1_24' title='bbox 1418 567 1574 635; x_wconf 86' lang='lat' dir='ltr'><strong>Quod</strong></span> <span class='ocrx_word' id='word_1_25' title='bbox 1619 568 1760 624; x_wconf 90' lang='lat' dir='ltr'><strong>enim</strong></span> <span class='ocrx_word' id='word_1_26' title='bbox 1798 569 1852 622; x_wconf 92' lang='lat' dir='ltr'>in</span> <span class='ocrx_word' id='word_1_27' title='bbox 1881 578 2114 638; x_wconf 90' lang='lat' dir='ltr'><strong>utroque</strong></span> 
     </span>
    </p>
   </div>
   <div class='ocr_carea' id='block_1_5' title="bbox 2248 563 3797 642">
    <p class='ocr_par' dir='ltr' id='par_1_5' title="bbox 2251 563 3797 640">
     <span class='ocr_line' id='line_1_5' title="bbox 2251 563 3797 640; baseline -0.002 -18"><span class='ocrx_word' id='word_1_28' title='bbox 2251 570 2430 640; x_wconf 84' lang='grc' dir='ltr'>ερίους</span> <span class='ocrx_word' id='word_1_29' title='bbox 2475 568 2762 638; x_wconf 83' lang='grc' dir='ltr'>ποιότητας</span> <span class='ocrx_word' id='word_1_30' title='bbox 2795 584 2809 598; x_wconf 79' lang='grc' dir='ltr'><strong><em>ο</em></strong></span> <span class='ocrx_word' id='word_1_31' title='bbox 2855 564 3029 628; x_wconf 79' lang='grc' dir='ltr'>οὕτως</span> <span class='ocrx_word' id='word_1_32' title='bbox 3062 564 3205 617; x_wconf 83' lang='grc' dir='ltr'>εἴποι</span> <span class='ocrx_word' id='word_1_33' title='bbox 3236 581 3320 627; x_wconf 91' lang='grc' dir='ltr'>τις</span> <span class='ocrx_word' id='word_1_34' title='bbox 3367 563 3434 617; x_wconf 79' lang='grc' dir='ltr'>ἂν</span> <span class='ocrx_word' id='word_1_35' title='bbox 3462 563 3520 629; x_wconf 81' lang='grc' dir='ltr'>ἐξ</span> <span class='ocrx_word' id='word_1_36' title='bbox 3552 564 3797 619; x_wconf 78' lang='grc' dir='ltr'>ἐναντίου</span> 
     </span>
    </p>
   </div>
   <div class='ocr_carea' id='block_1_6' title="bbox 552 659 2116 730">
    <p class='ocr_par' dir='ltr' id='par_1_6' title="bbox 552 659 2116 730">
     <span class='ocr_line' id='line_1_6' title="bbox 552 659 2116 730; baseline -0.001 -14"><span class='ocrx_word' id='word_1_37' title='bbox 552 661 888 727; x_wconf 79' lang='lat' dir='ltr'><strong>dominatur,</strong></span> <span class='ocrx_word' id='word_1_38' title='bbox 928 661 1156 715; x_wconf 84' lang='lat' dir='ltr'><strong>alterum</strong></span> <span class='ocrx_word' id='word_1_39' title='bbox 1194 659 1387 730; x_wconf 92' lang='lat' dir='ltr'><strong>perdit,</strong></span> <span class='ocrx_word' id='word_1_40' title='bbox 1414 674 1537 715; x_wconf 93' lang='lat' dir='ltr'>cum</span> <span class='ocrx_word' id='word_1_41' title='bbox 1567 667 1858 730; x_wconf 89' lang='lat' dir='ltr'><strong>utrumque</strong></span> <span class='ocrx_word' id='word_1_42' title='bbox 1892 660 2116 715; x_wconf 81' lang='lat' dir='ltr'><strong>alterius</strong></span> 
     </span>
    </p>
   </div>
   <div class='ocr_carea' id='block_1_7' title="bbox 552 750 2114 823">
    <p class='ocr_par' dir='ltr' id='par_1_7' title="bbox 552 750 2114 823">
     <span class='ocr_line' id='line_1_7' title="bbox 552 750 2114 823; baseline 0.001 -17"><span class='ocrx_word' id='word_1_43' title='bbox 552 751 806 823; x_wconf 64' lang='lat' dir='ltr'><strong>potentiae</strong></span> <span class='ocrx_word' id='word_1_44' title='bbox 862 754 1144 821; x_wconf 83' lang='lat' dir='ltr'><strong>superanti</strong></span> <span class='ocrx_word' id='word_1_45' title='bbox 1195 751 1397 822; x_wconf 88' lang='lat' dir='ltr'><strong>pariter</strong></span> <span class='ocrx_word' id='word_1_46' title='bbox 1441 751 1619 806; x_wconf 86' lang='lat' dir='ltr'><strong>cedat.</strong></span> <span class='ocrx_word' id='word_1_47' title='bbox 1666 750 1919 818; x_wconf 84' lang='lat' dir='ltr'><strong>Quandiu</strong></span> <span class='ocrx_word' id='word_1_48' title='bbox 1971 753 2114 807; x_wconf 92' lang='lat' dir='ltr'><strong>enim</strong></span> 
     </span>
    </p>
   </div>
   <div class='ocr_carea' id='block_1_8' title="bbox 553 841 2118 913">
    <p class='ocr_par' dir='ltr' id='par_1_8' title="bbox 553 841 2118 913">
     <span class='ocr_line' id='line_1_8' title="bbox 553 841 2118 913; baseline 0 -17"><span class='ocrx_word' id='word_1_49' title='bbox 553 841 778 913; x_wconf 63' lang='lat' dir='ltr'><strong>aequalis</strong></span> <span class='ocrx_word' id='word_1_50' title='bbox 809 850 898 896; x_wconf 85' lang='lat' dir='ltr'><strong>est.</strong></span> <span class='ocrx_word' id='word_1_51' title='bbox 915 843 1203 912; x_wconf 88' lang='lat' dir='ltr'><strong>utriusque</strong></span> <span class='ocrx_word' id='word_1_52' title='bbox 1232 844 1312 899; x_wconf 85' lang='lat' dir='ltr'><strong>vis</strong></span> <span class='ocrx_word' id='word_1_53' title='bbox 1343 852 1552 907; x_wconf 88' lang='lat' dir='ltr'><strong>mutua,</strong></span> <span class='ocrx_word' id='word_1_54' title='bbox 1586 845 1842 913; x_wconf 89' lang='lat' dir='ltr'><strong>utrinque</strong></span> <span class='ocrx_word' id='word_1_55' title='bbox 1874 852 2118 898; x_wconf 84' lang='lat' dir='ltr'><strong>tentatur</strong></span> 
     </span>
    </p>
   </div>
   <div class='ocr_carea' id='block_1_9' title="bbox 556 932 2116 1000">
    <p class='ocr_par' dir='ltr' id='par_1_9' title="bbox 556 932 2116 1000">
     <span class='ocr_line' id='line_1_9' title="bbox 556 932 2116 1000; baseline -0.001 -10"><span class='ocrx_word' id='word_1_56' title='bbox 556 932 889 996; x_wconf 81' lang='lat' dir='ltr'><strong>iuternecio;</strong></span> <span class='ocrx_word' id='word_1_57' title='bbox 936 941 992 987; x_wconf 87' lang='lat' dir='ltr'>et</span> <span class='ocrx_word' id='word_1_58' title='bbox 1032 942 1281 989; x_wconf 91' lang='lat' dir='ltr'><strong>neutrum</strong></span> <span class='ocrx_word' id='word_1_59' title='bbox 1335 935 1502 990; x_wconf 86' lang='lat' dir='ltr'><strong>altero</strong></span> <span class='ocrx_word' id='word_1_60' title='bbox 1533 936 1696 990; x_wconf 84' lang='lat' dir='ltr'><strong>alitur</strong></span> <span class='ocrx_word' id='word_1_61' title='bbox 1725 947 1817 990; x_wconf 89' lang='lat' dir='ltr'>aut</span> <span class='ocrx_word' id='word_1_62' title='bbox 1857 937 2116 1000; x_wconf 85' lang='lat' dir='ltr'><strong>nutritur,</strong></span> 
     </span>
    </p>
   </div>
   <div class='ocr_carea' id='block_1_10' title="bbox 556 1023 2120 1093">
    <p class='ocr_par' dir='ltr' id='par_1_10' title="bbox 556 1023 2120 1093">
     <span class='ocr_line' id='line_1_10' title="bbox 556 1023 2120 1093; baseline 0.003 -14"><span class='ocrx_word' id='word_1_63' title='bbox 556 1023 652 1079; x_wconf 90' lang='lat' dir='ltr'>sed</span> <span class='ocrx_word' id='word_1_64' title='bbox 691 1030 984 1093; x_wconf 89' lang='lat' dir='ltr'><strong>utrumque</strong></span> <span class='ocrx_word' id='word_1_65' title='bbox 1016 1025 1180 1079; x_wconf 85' lang='lat' dir='ltr'><strong>simul</strong></span> <span class='ocrx_word' id='word_1_66' title='bbox 1218 1025 1461 1082; x_wconf 82' lang='lat' dir='ltr'><strong>vicissim</strong></span> <span class='ocrx_word' id='word_1_67' title='bbox 1491 1027 1721 1082; x_wconf 86' lang='lat' dir='ltr'><strong>deletur.</strong></span> <span class='ocrx_word' id='word_1_68' title='bbox 1759 1029 1832 1084; x_wconf 89' lang='lat' dir='ltr'><strong>Ut</strong></span> <span class='ocrx_word' id='word_1_69' title='bbox 1856 1042 1950 1084; x_wconf 92' lang='lat' dir='ltr'>eas</span> <span class='ocrx_word' id='word_1_70' title='bbox 1978 1027 2120 1084; x_wconf 87' lang='lat' dir='ltr'><strong>feras</strong></span> 
     </span>
    </p>
   </div>
   <div class='ocr_carea' id='block_1_11' title="bbox 557 1112 2120 1188">
    <p class='ocr_par' dir='ltr' id='par_1_11' title="bbox 557 1112 2120 1188">
     <span class='ocr_line' id='line_1_11' title="bbox 557 1112 2120 1188; baseline 0.003 -21"><span class='ocrx_word' id='word_1_71' title='bbox 557 1129 666 1167; x_wconf 92' lang='lat' dir='ltr'>non</span> <span class='ocrx_word' id='word_1_72' title='bbox 691 1112 936 1169; x_wconf 83' lang='lat' dir='ltr'><strong>dicemus</strong></span> <span class='ocrx_word' id='word_1_73' title='bbox 964 1124 1208 1170; x_wconf 91' lang='lat' dir='ltr'><strong>mutuam</strong></span> <span class='ocrx_word' id='word_1_74' title='bbox 1242 1116 1344 1172; x_wconf 85' lang='lat' dir='ltr'><strong>sibi</strong></span> <span class='ocrx_word' id='word_1_75' title='bbox 1382 1117 1597 1173; x_wconf 82' lang='lat' dir='ltr'><strong>vivendi</strong></span> <span class='ocrx_word' id='word_1_76' title='bbox 1637 1117 1949 1174; x_wconf 78' lang='lat' dir='ltr'><strong>facultatem</strong></span> <span class='ocrx_word' id='word_1_77' title='bbox 1981 1134 2120 1188; x_wconf 71' lang='lat' dir='ltr'><strong>pra:-</strong></span> 
     </span>
    </p>
   </div>
   <div class='ocr_carea' id='block_1_12' title="bbox 555 1201 2119 1274">
    <p class='ocr_par' dir='ltr' id='par_1_12' title="bbox 555 1201 2119 1274">
     <span class='ocr_line' id='line_1_12' title="bbox 555 1201 2119 1274; baseline 0.003 -17"><span class='ocrx_word' id='word_1_78' title='bbox 555 1201 705 1267; x_wconf 89' lang='lat' dir='ltr'><strong>bere,</strong></span> <span class='ocrx_word' id='word_1_79' title='bbox 738 1217 860 1274; x_wconf 64' lang='lat' dir='ltr'><strong>qua:</strong></span> <span class='ocrx_word' id='word_1_80' title='bbox 886 1218 1009 1260; x_wconf 87' lang='lat' dir='ltr'><strong>sese</strong></span> <span class='ocrx_word' id='word_1_81' title='bbox 1035 1205 1276 1260; x_wconf 85' lang='lat' dir='ltr'><strong>vicissim</strong></span> <span class='ocrx_word' id='word_1_82' title='bbox 1304 1206 1602 1262; x_wconf 88' lang='lat' dir='ltr'><strong>devorant:</strong></span> <span class='ocrx_word' id='word_1_83' title='bbox 1637 1209 1717 1263; x_wconf 92' lang='lat' dir='ltr'>sic</span> <span class='ocrx_word' id='word_1_84' title='bbox 1754 1209 2034 1264; x_wconf 90' lang='lat' dir='ltr'><strong>humidum</strong></span> <span class='ocrx_word' id='word_1_85' title='bbox 2065 1216 2119 1265; x_wconf 88' lang='lat' dir='ltr'>et</span> 
     </span>
    </p>
   </div>
   <div class='ocr_carea' id='block_1_13' title="bbox 557 1294 2120 1363">
    <p class='ocr_par' dir='ltr' id='par_1_13' title="bbox 557 1294 2120 1363">
     <span class='ocr_line' id='line_1_13' title="bbox 557 1294 2120 1363; baseline 0.004 -13"><span class='ocrx_word' id='word_1_86' title='bbox 557 1294 767 1350; x_wconf 91' lang='lat' dir='ltr'><strong>siccum</strong></span> <span class='ocrx_word' id='word_1_87' title='bbox 828 1296 904 1350; x_wconf 90' lang='lat' dir='ltr'>ita</span> <span class='ocrx_word' id='word_1_88' title='bbox 942 1301 1216 1352; x_wconf 87' lang='lat' dir='ltr'><strong>contraria</strong></span> <span class='ocrx_word' id='word_1_89' title='bbox 1270 1306 1418 1363; x_wconf 91' lang='lat' dir='ltr'><strong>sunt,</strong></span> <span class='ocrx_word' id='word_1_90' title='bbox 1471 1308 1531 1354; x_wconf 91' lang='lat' dir='ltr'>ut</span> <span class='ocrx_word' id='word_1_91' title='bbox 1566 1310 1819 1356; x_wconf 89' lang='lat' dir='ltr'><strong>neutrum</strong></span> <span class='ocrx_word' id='word_1_92' title='bbox 1851 1303 1920 1358; x_wconf 89' lang='lat' dir='ltr'>ab</span> <span class='ocrx_word' id='word_1_93' title='bbox 1947 1303 2120 1357; x_wconf 88' lang='lat' dir='ltr'><strong>altero</strong></span> 
     </span>
    </p>
   </div>
   <div class='ocr_carea' id='block_1_14' title="bbox 557 1389 2118 1454">
    <p class='ocr_par' dir='ltr' id='par_1_14' title="bbox 557 1389 2118 1454">
     <span class='ocr_line' id='line_1_14' title="bbox 557 1389 2118 1454; baseline 0.005 -16"><span class='ocrx_word' id='word_1_94' title='bbox 557 1394 933 1454; x_wconf 85' lang='lat' dir='ltr'><strong>conservetur,</strong></span> <span class='ocrx_word' id='word_1_95' title='bbox 987 1389 1034 1444; x_wconf 92' lang='lat' dir='ltr'>si</span> <span class='ocrx_word' id='word_1_96' title='bbox 1086 1405 1253 1444; x_wconf 90' lang='lat' dir='ltr'><strong>unum</strong></span> <span class='ocrx_word' id='word_1_97' title='bbox 1299 1391 1526 1447; x_wconf 86' lang='lat' dir='ltr'><strong>alterius</strong></span> <span class='ocrx_word' id='word_1_98' title='bbox 1570 1392 1792 1446; x_wconf 89' lang='lat' dir='ltr'><strong>interitu</strong></span> <span class='ocrx_word' id='word_1_99' title='bbox 1827 1394 2118 1446; x_wconf 86' lang='lat' dir='ltr'><strong>nutriatur.</strong></span> 
     </span>
    </p>
   </div>
   <div class='ocr_carea' id='block_1_15' title="bbox 2220 655 3796 731">
    <p class='ocr_par' dir='ltr' id='par_1_15' title="bbox 2220 655 3796 731">
     <span class='ocr_line' id='line_1_15' title="bbox 2220 655 3796 731; baseline 0 -18"><span class='ocrx_word' id='word_1_100' title='bbox 2220 663 2315 731; x_wconf 82' lang='grc' dir='ltr'>μὲν</span> <span class='ocrx_word' id='word_1_101' title='bbox 2343 659 2480 714; x_wconf 82' lang='grc' dir='ltr'>εἶναι</span> <span class='ocrx_word' id='word_1_102' title='bbox 2523 661 2584 714; x_wconf 83' lang='grc' dir='ltr'>τὸ</span> <span class='ocrx_word' id='word_1_103' title='bbox 2617 661 2781 731; x_wconf 81' lang='grc' dir='ltr'>ὑγρόν</span> <span class='ocrx_word' id='word_1_104' title='bbox 2809 675 2868 712; x_wconf 89' lang='grc' dir='ltr'>τε</span> <span class='ocrx_word' id='word_1_105' title='bbox 2913 659 3006 711; x_wconf 66' lang='grc' dir='ltr'>καί⁵</span> <span class='ocrx_word' id='word_1_106' title='bbox 3051 656 3294 728; x_wconf 81' lang='grc' dir='ltr'>ψυχρὸν,</span> <span class='ocrx_word' id='word_1_107' title='bbox 3338 655 3418 726; x_wconf 83' lang='grc' dir='ltr'>τῷ</span> <span class='ocrx_word' id='word_1_108' title='bbox 3468 655 3656 728; x_wconf 82' lang='grc' dir='ltr'>θερμῷ</span> <span class='ocrx_word' id='word_1_109' title='bbox 3700 660 3796 713; x_wconf 78' lang='grc' dir='ltr'>καὶ</span> 
     </span>
    </p>
   </div>
   <div class='ocr_carea' id='block_1_16' title="bbox 2217 747 3798 823">
    <p class='ocr_par' dir='ltr' id='par_1_16' title="bbox 2217 747 3798 823">
     <span class='ocr_line' id='line_1_16' title="bbox 2217 747 3798 823; baseline 0 -19"><span class='ocrx_word' id='word_1_110' title='bbox 2217 751 2402 823; x_wconf 82' lang='grc' dir='ltr'>ξηρῷ,</span> <span class='ocrx_word' id='word_1_111' title='bbox 2455 751 2530 822; x_wconf 86' lang='grc' dir='ltr'>μὴ</span> <span class='ocrx_word' id='word_1_112' title='bbox 2581 750 2760 822; x_wconf 85' lang='grc' dir='ltr'>μέντοι</span> <span class='ocrx_word' id='word_1_113' title='bbox 2806 748 3100 821; x_wconf 88' lang='grc' dir='ltr'>τρέφεσθαι</span> <span class='ocrx_word' id='word_1_114' title='bbox 3157 747 3329 802; x_wconf 91' lang='grc' dir='ltr'>ταῦτα</span> <span class='ocrx_word' id='word_1_115' title='bbox 3381 750 3499 812; x_wconf 87' lang='grc' dir='ltr'>ταῖς</span> <span class='ocrx_word' id='word_1_116' title='bbox 3553 749 3798 822; x_wconf 73' lang='grc' dir='ltr'>ἀλλήλοιν</span> 
     </span>
    </p>
   </div>
   <div class='ocr_carea' id='block_1_17' title="bbox 2219 836 3799 914">
    <p class='ocr_par' dir='ltr' id='par_1_17' title="bbox 2219 836 3799 914">
     <span class='ocr_line' id='line_1_17' title="bbox 2219 836 3799 914; baseline 0 -18"><span class='ocrx_word' id='word_1_117' title='bbox 2219 844 2444 914; x_wconf 85' lang='grc' dir='ltr'>φθοραῖς</span> <span class='ocrx_word' id='word_1_118' title='bbox 2468 885 2482 908; x_wconf 93' lang='grc'>,</span> <span class='ocrx_word' id='word_1_119' title='bbox 2545 843 2682 914; x_wconf 85' lang='grc' dir='ltr'>μηδὲ</span> <span class='ocrx_word' id='word_1_120' title='bbox 2741 843 2840 913; x_wconf 82' lang='grc' dir='ltr'>τὴν</span> <span class='ocrx_word' id='word_1_121' title='bbox 2905 841 3000 895; x_wconf 89' lang='grc' dir='ltr'>τοῦ</span> <span class='ocrx_word' id='word_1_122' title='bbox 3061 836 3201 896; x_wconf 79' lang='grc' dir='ltr'>εῖναι</span> <span class='ocrx_word' id='word_1_123' title='bbox 3272 839 3476 895; x_wconf 88' lang='grc' dir='ltr'>τούτων</span> <span class='ocrx_word' id='word_1_124' title='bbox 3541 842 3799 914; x_wconf 78' lang='grc' dir='ltr'>ἑκάτερον</span> 
     </span>
    </p>
   </div>
   <div class='ocr_carea' id='block_1_18' title="bbox 2220 929 3800 1007">
    <p class='ocr_par' dir='ltr' id='par_1_18' title="bbox 2220 929 3800 1007">
     <span class='ocr_line' id='line_1_18' title="bbox 2220 929 3800 1007; baseline 0.001 -20"><span class='ocrx_word' id='word_1_125' title='bbox 2220 935 2468 1005; x_wconf 80' lang='grc' dir='ltr'>δύναμιν,</span> <span class='ocrx_word' id='word_1_126' title='bbox 2515 937 2574 988; x_wconf 86' lang='grc' dir='ltr'>ἐν</span> <span class='ocrx_word' id='word_1_127' title='bbox 2601 934 2678 1006; x_wconf 80' lang='grc' dir='ltr'>τῷ</span> <span class='ocrx_word' id='word_1_128' title='bbox 2715 935 2788 1005; x_wconf 85' lang='grc' dir='ltr'>μὴ</span> <span class='ocrx_word' id='word_1_129' title='bbox 2819 929 2958 988; x_wconf 77' lang='grc' dir='ltr'>εἷναι</span> <span class='ocrx_word' id='word_1_130' title='bbox 2977 933 3046 986; x_wconf 80' lang='lat'>16</span> <span class='ocrx_word' id='word_1_131' title='bbox 3075 933 3260 1002; x_wconf 78' lang='grc' dir='ltr'>ἕτερον</span> <span class='ocrx_word' id='word_1_132' title='bbox 3290 932 3458 1003; x_wconf 78' lang='grc' dir='ltr'>ἔχειν.</span> <span class='ocrx_word' id='word_1_133' title='bbox 3503 932 3660 986; x_wconf 82' lang='grc' dir='ltr'>Οῦτω</span> <span class='ocrx_word' id='word_1_134' title='bbox 3689 935 3800 1007; x_wconf 85' lang='grc' dir='ltr'>γάρ</span> 
     </span>
    </p>
   </div>
   <div class='ocr_carea' id='block_1_19' title="bbox 2223 1025 3801 1103">
    <p class='ocr_par' dir='ltr' id='par_1_19' title="bbox 2223 1025 3801 1103">
     <span class='ocr_line' id='line_1_19' title="bbox 2223 1025 3801 1103; baseline -0.001 -22"><span class='ocrx_word' id='word_1_135' title='bbox 2223 1027 2290 1081; x_wconf 83' lang='grc' dir='ltr'>ἂν</span> <span class='ocrx_word' id='word_1_136' title='bbox 2316 1029 2597 1100; x_wconf 81' lang='grc' dir='ltr'>οὐθέτερον</span> <span class='ocrx_word' id='word_1_137' title='bbox 2631 1028 2714 1099; x_wconf 85' lang='grc' dir='ltr'>εῐη</span> <span class='ocrx_word' id='word_1_138' title='bbox 2735 1068 2750 1090; x_wconf 94' lang='grc'>,</span> <span class='ocrx_word' id='word_1_139' title='bbox 2799 1029 2956 1103; x_wconf 75' lang='grc' dir='ltr'>εἰπερ</span> <span class='ocrx_word' id='word_1_140' title='bbox 2983 1026 3016 1095; x_wconf 82' lang='grc' dir='ltr'>ὴ</span> <span class='ocrx_word' id='word_1_141' title='bbox 3045 1025 3272 1097; x_wconf 83' lang='grc' dir='ltr'>διαμονὴ</span> <span class='ocrx_word' id='word_1_142' title='bbox 3296 1026 3608 1097; x_wconf 84' lang='grc' dir='ltr'>ἀμφοτέρου</span> <span class='ocrx_word' id='word_1_143' title='bbox 3641 1029 3700 1081; x_wconf 85' lang='grc' dir='ltr'>ἐν</span> <span class='ocrx_word' id='word_1_144' title='bbox 3729 1030 3801 1100; x_wconf 77' lang='grc' dir='ltr'>τῇ</span> 
     </span>
    </p>
   </div>
   <div class='ocr_carea' id='block_1_20' title="bbox 2223 1117 3801 1190">
    <p class='ocr_par' dir='ltr' id='par_1_20' title="bbox 2223 1117 3801 1190">
     <span class='ocr_line' id='line_1_20' title="bbox 2223 1117 3801 1190; baseline 0 -18"><span class='ocrx_word' id='word_1_145' title='bbox 2223 1118 2332 1173; x_wconf 85' lang='grc' dir='ltr'>τῶν</span> <span class='ocrx_word' id='word_1_146' title='bbox 2354 1119 2446 1173; x_wconf 88' lang='grc' dir='ltr'>δύο</span> <span class='ocrx_word' id='word_1_147' title='bbox 2475 1120 2651 1190; x_wconf 82' lang='grc' dir='ltr'>φθορᾷ</span> <span class='ocrx_word' id='word_1_148' title='bbox 2676 1119 2775 1190; x_wconf 78' lang='grc' dir='ltr'>τὴν</span> <span class='ocrx_word' id='word_1_149' title='bbox 2789 1117 3016 1188; x_wconf 86' lang='grc' dir='ltr'>δύναμιν</span> <span class='ocrx_word' id='word_1_150' title='bbox 3041 1117 3152 1188; x_wconf 76' lang='grc' dir='ltr'>ἔχοι</span> <span class='ocrx_word' id='word_1_151' title='bbox 3169 1135 3183 1149; x_wconf 78' lang='grc' dir='ltr'><strong>ο</strong></span> <span class='ocrx_word' id='word_1_152' title='bbox 3219 1117 3306 1188; x_wconf 73' lang='grc' dir='ltr'>ἴση</span> <span class='ocrx_word' id='word_1_153' title='bbox 3325 1117 3435 1190; x_wconf 82' lang='grc' dir='ltr'>γὰρ</span> <span class='ocrx_word' id='word_1_154' title='bbox 3459 1118 3516 1173; x_wconf 86' lang='grc' dir='ltr'>ὲν</span> <span class='ocrx_word' id='word_1_155' title='bbox 3534 1117 3749 1189; x_wconf 80' lang='grc' dir='ltr'>ἑκάστῳ</span> <span class='ocrx_word' id='word_1_156' title='bbox 3764 1120 3801 1190; x_wconf 77' lang='grc' dir='ltr'><strong>ἡ</strong></span> 
     </span>
    </p>
   </div>
   <div class='ocr_carea' id='block_1_21' title="bbox 2226 1209 3806 1285">
    <p class='ocr_par' dir='ltr' id='par_1_21' title="bbox 2226 1209 3806 1285">
     <span class='ocr_line' id='line_1_21' title="bbox 2226 1209 3806 1285; baseline -0.001 -21"><span class='ocrx_word' id='word_1_157' title='bbox 2226 1210 2319 1264; x_wconf 89' lang='grc' dir='ltr'>τοῦ</span> <span class='ocrx_word' id='word_1_158' title='bbox 2347 1212 2585 1284; x_wconf 81' lang='grc' dir='ltr'>φθείρειν</span> <span class='ocrx_word' id='word_1_159' title='bbox 2610 1211 2672 1265; x_wconf 80' lang='lat'>16</span> <span class='ocrx_word' id='word_1_160' title='bbox 2699 1211 2882 1282; x_wconf 75' lang='grc' dir='ltr'>ἕτερον</span> <span class='ocrx_word' id='word_1_161' title='bbox 2909 1210 3156 1280; x_wconf 83' lang='grc' dir='ltr'>δύναμις,</span> <span class='ocrx_word' id='word_1_162' title='bbox 3186 1209 3278 1262; x_wconf 77' lang='grc' dir='ltr'>καὶ</span> <span class='ocrx_word' id='word_1_163' title='bbox 3311 1210 3398 1262; x_wconf 70' lang='grc' dir='ltr'>ἀεὶ</span> <span class='ocrx_word' id='word_1_164' title='bbox 3434 1210 3806 1285; x_wconf 85' lang='grc' dir='ltr'>καταπλεονά-</span> 
     </span>
    </p>
   </div>
   <div class='ocr_carea' id='block_1_22' title="bbox 2231 1299 3804 1375">
    <p class='ocr_par' dir='ltr' id='par_1_22' title="bbox 2231 1299 3804 1375">
     <span class='ocr_line' id='line_1_22' title="bbox 2231 1299 3804 1375; baseline -0.004 -15"><span class='ocrx_word' id='word_1_165' title='bbox 2231 1307 2338 1372; x_wconf 77' lang='grc' dir='ltr'>ζων</span> <span class='ocrx_word' id='word_1_166' title='bbox 2369 1302 2467 1358; x_wconf 85' lang='grc' dir='ltr'>τοῦ</span> <span class='ocrx_word' id='word_1_167' title='bbox 2510 1303 2930 1375; x_wconf 81' lang='grc' dir='ltr'>ἐπικρατοῦντος</span> <span class='ocrx_word' id='word_1_168' title='bbox 2954 1303 2983 1354; x_wconf 99' lang='lat'>6</span> <span class='ocrx_word' id='word_1_169' title='bbox 3015 1299 3329 1370; x_wconf 86' lang='grc' dir='ltr'>ἀφανισμὸς-</span> <span class='ocrx_word' id='word_1_170' title='bbox 3347 1299 3442 1354; x_wconf 87' lang='grc' dir='ltr'>τοῦ</span> <span class='ocrx_word' id='word_1_171' title='bbox 3477 1301 3804 1372; x_wconf 83' lang='grc' dir='ltr'>λειπομένου</span> 
     </span>
    </p>
   </div>
   <div class='ocr_carea' id='block_1_23' title="bbox 2231 1391 3809 1468">
    <p class='ocr_par' dir='ltr' id='par_1_23' title="bbox 2231 1391 3809 1468">
     <span class='ocr_line' id='line_1_23' title="bbox 2231 1391 3809 1468; baseline -0.004 -18"><span class='ocrx_word' id='word_1_172' title='bbox 2231 1399 2475 1468; x_wconf 85' lang='grc' dir='ltr'>γίνεται·</span> <span class='ocrx_word' id='word_1_173' title='bbox 2523 1397 2618 1450; x_wconf 80' lang='grc' dir='ltr'>καὶ</span> <span class='ocrx_word' id='word_1_174' title='bbox 2642 1395 2724 1448; x_wconf 87' lang='grc' dir='ltr'>ὃτι</span> <span class='ocrx_word' id='word_1_175' title='bbox 2755 1393 2960 1464; x_wconf 79' lang='grc' dir='ltr'>ἀληθὴς</span> <span class='ocrx_word' id='word_1_176' title='bbox 2991 1394 3020 1445; x_wconf 90' lang='lat'>6</span> <span class='ocrx_word' id='word_1_177' title='bbox 3051 1393 3230 1460; x_wconf 83' lang='grc' dir='ltr'>λόγος,</span> <span class='ocrx_word' id='word_1_178' title='bbox 3261 1391 3321 1456; x_wconf 81' lang='grc' dir='ltr'>ἐξ</span> <span class='ocrx_word' id='word_1_179' title='bbox 3363 1391 3535 1464; x_wconf 78' lang='grc' dir='ltr'>αὐτῆς</span> <span class='ocrx_word' id='word_1_180' title='bbox 3561 1391 3676 1445; x_wconf 77' lang='grc' dir='ltr'>ἔστι</span> <span class='ocrx_word' id='word_1_181' title='bbox 3703 1393 3809 1463; x_wconf 85' lang='grc' dir='ltr'>τῆς</span> 
     </span>
    </p>
   </div>
   <div class='ocr_carea' id='block_1_24' title="bbox 559 1467 2147 1564">
    <p class='ocr_par' dir='ltr' id='par_1_24' title="bbox 559 1478 2124 1551">
     <span class='ocr_line' id='line_1_24' title="bbox 559 1478 2124 1551; baseline 0.003 -20"><span class='ocrx_word' id='word_1_182' title='bbox 559 1478 925 1547; x_wconf 83' lang='lat' dir='ltr'><strong>Quamobrem</strong></span> <span class='ocrx_word' id='word_1_183' title='bbox 955 1479 1086 1534; x_wconf 86' lang='lat' dir='ltr'><strong>mihi</strong></span> <span class='ocrx_word' id='word_1_184' title='bbox 1121 1481 1295 1551; x_wconf 86' lang='lat' dir='ltr'><strong>magis</strong></span> <span class='ocrx_word' id='word_1_185' title='bbox 1326 1490 1750 1538; x_wconf 86' lang='lat' dir='ltr'><strong>consentaneum</strong></span> <span class='ocrx_word' id='word_1_186' title='bbox 1785 1483 2014 1546; x_wconf 88' lang='lat' dir='ltr'><strong>videtur,</strong></span> <span class='ocrx_word' id='word_1_187' title='bbox 2066 1491 2124 1536; x_wconf 90' lang='lat' dir='ltr'>ut</span> 
     </span>
    </p>
   </div>
   <div class='ocr_carea' id='block_1_25' title="bbox 2248 1467 3808 1564">
    <p class='ocr_par' dir='ltr' id='par_1_25' title="bbox 2248 1467 3808 1564">
     <span class='ocr_line' id='line_1_25' title="bbox 2248 1467 3808 1564; baseline -0.004 -20"><span class='ocrx_word' id='word_1_188' title='bbox 2248 1493 2430 1564; x_wconf 76' lang='grc' dir='ltr'>πείρας</span> <span class='ocrx_word' id='word_1_189' title='bbox 2471 1488 2627 1542; x_wconf 89' lang='grc' dir='ltr'>τοῦτο</span> <span class='ocrx_word' id='word_1_190' title='bbox 2664 1487 2874 1560; x_wconf 88' lang='grc' dir='ltr'>μαθεῖν.</span> <span class='ocrx_word' id='word_1_191' title='bbox 2921 1487 3088 1540; x_wconf 85' lang='grc' dir='ltr'>Ὅταν</span> <span class='ocrx_word' id='word_1_192' title='bbox 3119 1486 3227 1558; x_wconf 87' lang='grc' dir='ltr'>γάρ</span> <span class='ocrx_word' id='word_1_193' title='bbox 3254 1501 3401 1548; x_wconf 89' lang='grc' dir='ltr'>τινος</span> <span class='ocrx_word' id='word_1_194' title='bbox 3428 1483 3560 1556; x_wconf 78' lang='grc' dir='ltr'>ὕλης</span> <span class='ocrx_word' id='word_1_195' title='bbox 3604 1467 3664 1536; x_wconf 75' lang='grc' dir='ltr'>τὸ</span> <span class='ocrx_word' id='word_1_196' title='bbox 3694 1484 3808 1555; x_wconf 89' lang='grc' dir='ltr'>πῦρ</span> 
     </span>
    </p>
   </div>
   <div class='ocr_carea' id='block_1_26' title="bbox 560 1568 2147 1654">
    <p class='ocr_par' dir='ltr' id='par_1_26' title="bbox 560 1568 2126 1652">
     <span class='ocr_line' id='line_1_26' title="bbox 560 1568 2126 1652; baseline 0.006 -30"><span class='ocrx_word' id='word_1_197' title='bbox 560 1568 636 1624; x_wconf 91' lang='lat' dir='ltr'>ita</span> <span class='ocrx_word' id='word_1_198' title='bbox 660 1577 988 1636; x_wconf 81' lang='lat' dir='ltr'><strong>statuamus,</strong></span> <span class='ocrx_word' id='word_1_199' title='bbox 1011 1575 1266 1652; x_wconf 84' lang='lat' dir='ltr'><strong>quoniam</strong></span> <span class='ocrx_word' id='word_1_200' title='bbox 1293 1577 1475 1630; x_wconf 88' lang='lat' dir='ltr'><strong>omnia</strong></span> <span class='ocrx_word' id='word_1_201' title='bbox 1497 1592 1617 1646; x_wconf 72' lang='lat' dir='ltr'><strong>qua:</strong></span> <span class='ocrx_word' id='word_1_202' title='bbox 1640 1575 1781 1632; x_wconf 88' lang='lat' dir='ltr'><strong>Deus</strong></span> <span class='ocrx_word' id='word_1_203' title='bbox 1808 1577 1954 1639; x_wconf 90' lang='lat' dir='ltr'><strong>fecit,</strong></span> <span class='ocrx_word' id='word_1_204' title='bbox 1973 1577 2126 1632; x_wconf 86' lang='lat' dir='ltr'><strong>valde</strong></span> 
     </span>
    </p>
   </div>
   <div class='ocr_carea' id='block_1_27' title="bbox 2248 1568 3810 1654">
    <p class='ocr_par' dir='ltr' id='par_1_27' title="bbox 2248 1574 3810 1654">
     <span class='ocr_line' id='line_1_27' title="bbox 2248 1574 3810 1654; baseline -0.006 -19"><span class='ocrx_word' id='word_1_205' title='bbox 2248 1580 2644 1654; x_wconf 76' lang='grc' dir='ltr'>περιδράξηται,</span> <span class='ocrx_word' id='word_1_206' title='bbox 2693 1574 2810 1631; x_wconf 80' lang='grc' dir='ltr'>εἶτα</span> <span class='ocrx_word' id='word_1_207' title='bbox 2858 1576 3070 1648; x_wconf 85' lang='grc' dir='ltr'>ἐπαχθῇ</span> <span class='ocrx_word' id='word_1_208' title='bbox 3110 1577 3171 1629; x_wconf 86' lang='grc' dir='ltr'>τὸ</span> <span class='ocrx_word' id='word_1_209' title='bbox 3209 1575 3372 1647; x_wconf 78' lang='grc' dir='ltr'>ὕδωρ,</span> <span class='ocrx_word' id='word_1_210' title='bbox 3421 1575 3608 1644; x_wconf 91' lang='grc' dir='ltr'>σαφῶς</span> <span class='ocrx_word' id='word_1_211' title='bbox 3659 1575 3810 1628; x_wconf 82' lang='grc' dir='ltr'>ἐστιν</span> 
     </span>
    </p>
   </div>
   <div class='ocr_carea' id='block_1_28' title="bbox 561 1660 2147 1742">
    <p class='ocr_par' dir='ltr' id='par_1_28' title="bbox 561 1660 2128 1739">
     <span class='ocr_line' id='line_1_28' title="bbox 561 1660 2128 1739; baseline 0.004 -25"><span class='ocrx_word' id='word_1_212' title='bbox 561 1660 701 1715; x_wconf 87' lang='lat' dir='ltr'><strong>bona</strong></span> <span class='ocrx_word' id='word_1_213' title='bbox 730 1662 1063 1733; x_wconf 82' lang='lat' dir='ltr'><strong>pulchraque</strong></span> <span class='ocrx_word' id='word_1_214' title='bbox 1097 1673 1244 1732; x_wconf 89' lang='lat' dir='ltr'><strong>sunt,</strong></span> <span class='ocrx_word' id='word_1_215' title='bbox 1268 1665 1323 1720; x_wconf 92' lang='lat' dir='ltr'>in</span> <span class='ocrx_word' id='word_1_216' title='bbox 1354 1667 1582 1737; x_wconf 81' lang='lat' dir='ltr'><strong>singulis</strong></span> <span class='ocrx_word' id='word_1_217' title='bbox 1613 1667 1806 1739; x_wconf 87' lang='lat' dir='ltr'><strong>inspici</strong></span> <span class='ocrx_word' id='word_1_218' title='bbox 1830 1667 2128 1738; x_wconf 60' lang='lat' dir='ltr'><strong>pulchrituo</strong></span> 
     </span>
    </p>
   </div>
   <div class='ocr_carea' id='block_1_29' title="bbox 2248 1660 3809 1742">
    <p class='ocr_par' dir='ltr' id='par_1_29' title="bbox 2248 1667 3809 1742">
     <span class='ocr_line' id='line_1_29' title="bbox 2248 1667 3809 1742; baseline -0.006 -13"><span class='ocrx_word' id='word_1_219' title='bbox 2248 1677 2365 1729; x_wconf 74' lang='grc' dir='ltr'>ἰδεῖν</span> <span class='ocrx_word' id='word_1_220' title='bbox 2385 1675 2492 1729; x_wconf 86' lang='grc' dir='ltr'>τῶν</span> <span class='ocrx_word' id='word_1_221' title='bbox 2516 1673 2608 1726; x_wconf 86' lang='grc' dir='ltr'>δύο</span> <span class='ocrx_word' id='word_1_222' title='bbox 2634 1672 2836 1725; x_wconf 89' lang='grc' dir='ltr'>τούτων</span> <span class='ocrx_word' id='word_1_223' title='bbox 2855 1671 2956 1742; x_wconf 80' lang='grc' dir='ltr'>τὴν</span> <span class='ocrx_word' id='word_1_224' title='bbox 2982 1672 3039 1723; x_wconf 82' lang='grc' dir='ltr'>ἐν</span> <span class='ocrx_word' id='word_1_225' title='bbox 3065 1669 3313 1741; x_wconf 87' lang='grc' dir='ltr'>ἀλλήλοις</span> <span class='ocrx_word' id='word_1_226' title='bbox 3342 1668 3549 1739; x_wconf 88' lang='grc' dir='ltr'>φθοράν</span> <span class='ocrx_word' id='word_1_227' title='bbox 3569 1684 3584 1698; x_wconf 65' lang='grc' dir='ltr'><em>α</em></span> <span class='ocrx_word' id='word_1_228' title='bbox 3616 1668 3677 1721; x_wconf 82' lang='lat'>16</span> <span class='ocrx_word' id='word_1_229' title='bbox 3701 1667 3809 1738; x_wconf 83' lang='grc' dir='ltr'>γὰρ</span> 
     </span>
    </p>
   </div>
   <div class='ocr_carea' id='block_1_30' title="bbox 561 1751 2147 1832">
    <p class='ocr_par' dir='ltr' id='par_1_30' title="bbox 561 1751 2130 1832">
     <span class='ocr_line' id='line_1_30' title="bbox 561 1751 2130 1832; baseline 0.004 -28"><span class='ocrx_word' id='word_1_230' title='bbox 561 1751 708 1806; x_wconf 87' lang='lat' dir='ltr'><strong>diuis</strong></span> <span class='ocrx_word' id='word_1_231' title='bbox 753 1751 1141 1832; x_wconf 78' lang='lat' dir='ltr'><strong>perfectionem</strong></span> <span class='ocrx_word' id='word_1_232' title='bbox 1186 1765 1464 1826; x_wconf 88' lang='lat' dir='ltr'><strong>oportere.</strong></span> <span class='ocrx_word' id='word_1_233' title='bbox 1517 1757 1735 1811; x_wconf 87' lang='lat' dir='ltr'><strong>Additio</strong></span> <span class='ocrx_word' id='word_1_234' title='bbox 1785 1759 1928 1812; x_wconf 87' lang='lat' dir='ltr'><strong>enim</strong></span> <span class='ocrx_word' id='word_1_235' title='bbox 1983 1757 2130 1811; x_wconf 89' lang='lat' dir='ltr'><strong>illius</strong></span> 
     </span>
    </p>
   </div>
   <div class='ocr_carea' id='block_1_31' title="bbox 2248 1751 3811 1832">
    <p class='ocr_par' dir='ltr' id='par_1_31' title="bbox 2248 1759 3811 1832">
     <span class='ocr_line' id='line_1_31' title="bbox 2248 1759 3811 1832; baseline -0.008 -9"><span class='ocrx_word' id='word_1_236' title='bbox 2248 1768 2562 1832; x_wconf 66' lang='grc' dir='ltr'>ἐπικρατοῦν</span> <span class='ocrx_word' id='word_1_237' title='bbox 2617 1770 2675 1820; x_wconf 90' lang='grc' dir='ltr'>ἐν</span> <span class='ocrx_word' id='word_1_238' title='bbox 2718 1765 2925 1828; x_wconf 78' lang='grc' dir='ltr'>τούτοις</span> <span class='ocrx_word' id='word_1_239' title='bbox 2971 1763 3219 1832; x_wconf 79' lang='grc' dir='ltr'>ἀφανίζει</span> <span class='ocrx_word' id='word_1_240' title='bbox 3279 1761 3341 1815; x_wconf 84' lang='lat'>16</span> <span class='ocrx_word' id='word_1_241' title='bbox 3393 1762 3622 1831; x_wconf 72' lang='grc' dir='ltr'>ἕτερον,</span> <span class='ocrx_word' id='word_1_242' title='bbox 3680 1759 3811 1824; x_wconf 80' lang='grc' dir='ltr'>ἴσως</span> 
     </span>
    </p>
   </div>
   <div class='ocr_carea' id='block_1_32' title="bbox 564 1823 2147 1928">
    <p class='ocr_par' dir='ltr' id='par_1_32' title="bbox 564 1823 2135 1915">
     <span class='ocr_line' id='line_1_32' title="bbox 564 1823 2135 1915; baseline 0.003 -21"><span class='ocrx_word' id='word_1_243' title='bbox 564 1841 846 1912; x_wconf 70' lang='lat' dir='ltr'><strong>particula:</strong></span> <span class='ocrx_word' id='word_1_244' title='bbox 877 1841 1067 1905; x_wconf 82' lang='lat' dir='ltr'><strong>Valde,</strong></span> <span class='ocrx_word' id='word_1_245' title='bbox 1089 1823 1570 1915; x_wconf 53' lang='lat' dir='ltr'><strong>significationem</strong></span> <span class='ocrx_word' id='word_1_246' title='bbox 1619 1846 1871 1908; x_wconf 83' lang='lat' dir='ltr'><strong>intendit,</strong></span> <span class='ocrx_word' id='word_1_247' title='bbox 1909 1860 2135 1913; x_wconf 88' lang='lat' dir='ltr'><strong>eamque</strong></span> 
     </span>
    </p>
   </div>
   <div class='ocr_carea' id='block_1_33' title="bbox 2248 1823 3808 1928">
    <p class='ocr_par' dir='ltr' id='par_1_33' title="bbox 2248 1851 3808 1928">
     <span class='ocr_line' id='line_1_33' title="bbox 2248 1851 3808 1928; baseline -0.007 -16"><span class='ocrx_word' id='word_1_248' title='bbox 2248 1860 2474 1922; x_wconf 81' lang='grc' dir='ltr'>εἴκοντος</span> <span class='ocrx_word' id='word_1_249' title='bbox 2503 1856 2764 1928; x_wconf 77' lang='grc' dir='ltr'>ἐκατέρου</span> <span class='ocrx_word' id='word_1_250' title='bbox 2801 1858 2866 1927; x_wconf 78' lang='grc' dir='ltr'>τῇ</span> <span class='ocrx_word' id='word_1_251' title='bbox 2912 1853 3202 1924; x_wconf 82' lang='grc' dir='ltr'>δυναστείᾳ</span> <span class='ocrx_word' id='word_1_252' title='bbox 3251 1852 3346 1906; x_wconf 94' lang='grc' dir='ltr'>τοῦ</span> <span class='ocrx_word' id='word_1_253' title='bbox 3393 1851 3808 1923; x_wconf 81' lang='grc' dir='ltr'>πλησιάζοντος.</span> 
     </span>
    </p>
   </div>
   <div class='ocr_carea' id='block_1_34' title="bbox 565 1932 2147 2019">
    <p class='ocr_par' dir='ltr' id='par_1_34' title="bbox 565 1932 2134 2007">
     <span class='ocr_line' id='line_1_34' title="bbox 565 1932 2134 2007; baseline 0.003 -20"><span class='ocrx_word' id='word_1_254' title='bbox 565 1932 949 2005; x_wconf 87' lang='lat' dir='ltr'><strong>perfectionem</strong></span> <span class='ocrx_word' id='word_1_255' title='bbox 977 1937 1065 1990; x_wconf 92' lang='lat' dir='ltr'>cui</span> <span class='ocrx_word' id='word_1_256' title='bbox 1111 1938 1250 1991; x_wconf 85' lang='lat' dir='ltr'><strong>nihil</strong></span> <span class='ocrx_word' id='word_1_257' title='bbox 1287 1935 1451 2001; x_wconf 89' lang='lat' dir='ltr'><strong>desit,</strong></span> <span class='ocrx_word' id='word_1_258' title='bbox 1502 1939 1661 2007; x_wconf 85' lang='lat' dir='ltr'><strong>plane</strong></span> <span class='ocrx_word' id='word_1_259' title='bbox 1701 1938 1968 1994; x_wconf 88' lang='lat' dir='ltr'><strong>declarat.</strong></span> <span class='ocrx_word' id='word_1_260' title='bbox 2000 1936 2134 1992; x_wconf 78' lang='lat' dir='ltr'>Nam</span> 
     </span>
    </p>
   </div>
   <div class='ocr_carea' id='block_1_35' title="bbox 2248 1932 3812 2019">
    <p class='ocr_par' dir='ltr' id='par_1_35' title="bbox 2248 1940 3812 2019">
     <span class='ocr_line' id='line_1_35' title="bbox 2248 1940 3812 2019; baseline -0.006 -16"><span class='ocrx_word' id='word_1_261' title='bbox 2248 1953 2382 2014; x_wconf 83' lang='grc' dir='ltr'>Ἕως</span> <span class='ocrx_word' id='word_1_262' title='bbox 2422 1951 2466 2002; x_wconf 85' lang='grc' dir='ltr'>δ’</span> <span class='ocrx_word' id='word_1_263' title='bbox 2497 1949 2562 2003; x_wconf 87' lang='grc' dir='ltr'>ἂν</span> <span class='ocrx_word' id='word_1_264' title='bbox 2594 1948 2879 2019; x_wconf 78' lang='grc' dir='ltr'>ἰσόρροπος</span> <span class='ocrx_word' id='word_1_265' title='bbox 2923 1947 2980 1999; x_wconf 86' lang='grc' dir='ltr'>ἐν</span> <span class='ocrx_word' id='word_1_266' title='bbox 3026 1945 3358 2016; x_wconf 80' lang='grc' dir='ltr'>ἀμφοτέροις</span> <span class='ocrx_word' id='word_1_267' title='bbox 3400 1945 3434 2014; x_wconf 79' lang='grc' dir='ltr'><strong>ἡ</strong></span> <span class='ocrx_word' id='word_1_268' title='bbox 3479 1942 3730 2012; x_wconf 89' lang='grc' dir='ltr'>δύναμις,</span> <span class='ocrx_word' id='word_1_269' title='bbox 3775 1940 3812 2011; x_wconf 71' lang='grc' dir='ltr'>ἢ</span> 
     </span>
    </p>
   </div>
   <div class='ocr_carea' id='block_1_36' title="bbox 571 2023 2147 2112">
    <p class='ocr_par' dir='ltr' id='par_1_36' title="bbox 571 2023 2136 2098">
     <span class='ocr_line' id='line_1_36' title="bbox 571 2023 2136 2098; baseline 0.005 -22"><span class='ocrx_word' id='word_1_270' title='bbox 571 2031 630 2077; x_wconf 86' lang='grc' dir='ltr'>ιιι</span> <span class='ocrx_word' id='word_1_271' title='bbox 668 2023 724 2078; x_wconf 91' lang='lat' dir='ltr'>in</span> <span class='ocrx_word' id='word_1_272' title='bbox 772 2023 1087 2079; x_wconf 86' lang='lat' dir='ltr'><strong>animalium</strong></span> <span class='ocrx_word' id='word_1_273' title='bbox 1138 2043 1354 2097; x_wconf 78' lang='lat' dir='ltr'><strong>genere,</strong></span> <span class='ocrx_word' id='word_1_274' title='bbox 1395 2030 1649 2098; x_wconf 85' lang='lat' dir='ltr'><strong>quamvis</strong></span> <span class='ocrx_word' id='word_1_275' title='bbox 1710 2029 2136 2084; x_wconf 88' lang='lat' dir='ltr'><strong>innumerabiles</strong></span> 
     </span>
    </p>
   </div>
   <div class='ocr_carea' id='block_1_37' title="bbox 2248 2023 3815 2112">
    <p class='ocr_par' dir='ltr' id='par_1_37' title="bbox 2248 2029 3815 2112">
     <span class='ocr_line' id='line_1_37' title="bbox 2248 2029 3815 2112; baseline -0.008 -17"><span class='ocrx_word' id='word_1_276' title='bbox 2248 2041 2438 2112; x_wconf 86' lang='grc' dir='ltr'>5μοίως</span> <span class='ocrx_word' id='word_1_277' title='bbox 2503 2040 2636 2111; x_wconf 75' lang='grc' dir='ltr'>παρ’</span> <span class='ocrx_word' id='word_1_278' title='bbox 2703 2037 3026 2108; x_wconf 83' lang='grc' dir='ltr'>ἀμφοτέρων</span> <span class='ocrx_word' id='word_1_279' title='bbox 3099 2034 3352 2103; x_wconf 85' lang='grc' dir='ltr'>ἀλλήλοις</span> <span class='ocrx_word' id='word_1_280' title='bbox 3418 2035 3446 2086; x_wconf 92' lang='lat'>6</span> <span class='ocrx_word' id='word_1_281' title='bbox 3509 2029 3815 2101; x_wconf 79' lang='grc' dir='ltr'>ἀφανισμδς</span> 
     </span>
    </p>
   </div>
   <div class='ocr_carea' id='block_1_38' title="bbox 567 2115 2147 2204">
    <p class='ocr_par' dir='ltr' id='par_1_38' title="bbox 567 2115 2138 2196">
     <span class='ocr_line' id='line_1_38' title="bbox 567 2115 2138 2196; baseline 0.002 -25"><span class='ocrx_word' id='word_1_282' title='bbox 567 2115 900 2173; x_wconf 76' lang='lat' dir='ltr'><strong>differentias</strong></span> <span class='ocrx_word' id='word_1_283' title='bbox 923 2132 1236 2185; x_wconf 83' lang='lat' dir='ltr'><strong>cernamus,</strong></span> <span class='ocrx_word' id='word_1_284' title='bbox 1279 2121 1518 2191; x_wconf 80' lang='lat' dir='ltr'><strong>generali</strong></span> <span class='ocrx_word' id='word_1_285' title='bbox 1550 2129 1732 2175; x_wconf 89' lang='lat' dir='ltr'><strong>tamen</strong></span> <span class='ocrx_word' id='word_1_286' title='bbox 1763 2137 1947 2176; x_wconf 89' lang='lat' dir='ltr'><strong>rerum</strong></span> <span class='ocrx_word' id='word_1_287' title='bbox 1979 2136 2138 2196; x_wconf 42' lang='lat' dir='ltr'><strong>\com-</strong></span> 
     </span>
    </p>
   </div>
   <div class='ocr_carea' id='block_1_39' title="bbox 2248 2115 3818 2204">
    <p class='ocr_par' dir='ltr' id='par_1_39' title="bbox 2248 2120 3818 2204">
     <span class='ocr_line' id='line_1_39' title="bbox 2248 2120 3818 2204; baseline -0.008 -19"><span class='ocrx_word' id='word_1_288' title='bbox 2248 2134 2563 2204; x_wconf 72' lang='grc' dir='ltr'>ἐνεργεῖται,</span> <span class='ocrx_word' id='word_1_289' title='bbox 2593 2130 2687 2183; x_wconf 72' lang='grc' dir='ltr'>καὶ</span> <span class='ocrx_word' id='word_1_290' title='bbox 2713 2129 2994 2200; x_wconf 82' lang='grc' dir='ltr'>οὐθέτερον</span> <span class='ocrx_word' id='word_1_291' title='bbox 3031 2127 3110 2197; x_wconf 77' lang='grc' dir='ltr'>τῷ</span> <span class='ocrx_word' id='word_1_292' title='bbox 3157 2126 3327 2196; x_wconf 82' lang='grc' dir='ltr'>ἑτέρῳ</span> <span class='ocrx_word' id='word_1_293' title='bbox 3357 2123 3634 2195; x_wconf 85' lang='grc' dir='ltr'>τρέφεται,</span> <span class='ocrx_word' id='word_1_294' title='bbox 3681 2120 3818 2175; x_wconf 88' lang='grc' dir='ltr'>ἀλλά</span> 
     </span>
    </p>
   </div>
   <div class='ocr_carea' id='block_1_40' title="bbox 568 2207 2147 2294">
    <p class='ocr_par' dir='ltr' id='par_1_40' title="bbox 568 2207 2140 2284">
     <span class='ocr_line' id='line_1_40' title="bbox 568 2207 2140 2284; baseline 0.005 -24"><span class='ocrx_word' id='word_1_295' title='bbox 568 2207 917 2264; x_wconf 90' lang='lat' dir='ltr'><strong>mendationc</strong></span> <span class='ocrx_word' id='word_1_296' title='bbox 961 2210 1252 2266; x_wconf 91' lang='lat' dir='ltr'><strong>convenire</strong></span> <span class='ocrx_word' id='word_1_297' title='bbox 1300 2211 1553 2276; x_wconf 88' lang='lat' dir='ltr'><strong>dicimus,</strong></span> <span class='ocrx_word' id='word_1_298' title='bbox 1607 2223 1665 2267; x_wconf 88' lang='lat' dir='ltr'>ut</span> <span class='ocrx_word' id='word_1_299' title='bbox 1712 2211 2140 2284; x_wconf 86' lang='lat' dir='ltr'><strong>unumquodque</strong></span> 
     </span>
    </p>
   </div>
   <div class='ocr_carea' id='block_1_41' title="bbox 2248 2207 3820 2294">
    <p class='ocr_par' dir='ltr' id='par_1_41' title="bbox 2248 2213 3820 2294">
     <span class='ocr_line' id='line_1_41' title="bbox 2248 2213 3820 2294; baseline -0.008 -15"><span class='ocrx_word' id='word_1_300' title='bbox 2248 2224 2308 2278; x_wconf 83' lang='grc' dir='ltr'>τὰ</span> <span class='ocrx_word' id='word_1_301' title='bbox 2351 2226 2443 2278; x_wconf 89' lang='grc' dir='ltr'>δύο</span> <span class='ocrx_word' id='word_1_302' title='bbox 2487 2223 2733 2294; x_wconf 85' lang='grc' dir='ltr'>ἀλλήλοις</span> <span class='ocrx_word' id='word_1_303' title='bbox 2763 2220 3160 2289; x_wconf 79' lang='grc' dir='ltr'>έναφανίζεται.</span> <span class='ocrx_word' id='word_1_304' title='bbox 3214 2219 3302 2281; x_wconf 84' lang='grc' dir='ltr'>Ὠς</span> <span class='ocrx_word' id='word_1_305' title='bbox 3352 2217 3530 2269; x_wconf 79' lang='grc' dir='ltr'>τοίνυν</span> <span class='ocrx_word' id='word_1_306' title='bbox 3571 2216 3663 2266; x_wconf 73' lang='grc' dir='ltr'>ἐπὶ</span> <span class='ocrx_word' id='word_1_307' title='bbox 3710 2213 3820 2266; x_wconf 90' lang='grc' dir='ltr'>τῶν</span> 
     </span>
    </p>
   </div>
   <div class='ocr_carea' id='block_1_42' title="bbox 571 2298 2138 2370">
    <p class='ocr_par' dir='ltr' id='par_1_42' title="bbox 571 2298 2138 2370">
     <span class='ocr_line' id='line_1_42' title="bbox 571 2298 2138 2370; baseline 0.004 -18"><span class='ocrx_word' id='word_1_308' title='bbox 571 2298 860 2370; x_wconf 84' lang='lat' dir='ltr'><strong>pulchrum</strong></span> <span class='ocrx_word' id='word_1_309' title='bbox 898 2315 1022 2356; x_wconf 89' lang='lat' dir='ltr'><strong>esse</strong></span> <span class='ocrx_word' id='word_1_310' title='bbox 1065 2302 1298 2356; x_wconf 86' lang='lat' dir='ltr'><strong>dicatur.</strong></span> <span class='ocrx_word' id='word_1_311' title='bbox 1339 2303 1470 2369; x_wconf 66' lang='lat' dir='ltr'><strong>Qua}</strong></span> <span class='ocrx_word' id='word_1_312' title='bbox 1508 2313 1688 2360; x_wconf 88' lang='lat' dir='ltr'><strong>tamen</strong></span> <span class='ocrx_word' id='word_1_313' title='bbox 1747 2307 1865 2362; x_wconf 90' lang='lat' dir='ltr'><strong>laus</strong></span> <span class='ocrx_word' id='word_1_314' title='bbox 1906 2313 1959 2361; x_wconf 86' lang='lat' dir='ltr'>et</span> <span class='ocrx_word' id='word_1_315' title='bbox 1987 2321 2138 2360; x_wconf 86' lang='lat' dir='ltr'><strong>com-</strong></span> 
     </span>
    </p>
   </div>
   <div class='ocr_carea' id='block_1_43' title="bbox 573 2389 2139 2466">
    <p class='ocr_par' dir='ltr' id='par_1_43' title="bbox 573 2389 2139 2466">
     <span class='ocr_line' id='line_1_43' title="bbox 573 2389 2139 2466; baseline 0.007 -24"><span class='ocrx_word' id='word_1_316' title='bbox 573 2389 852 2444; x_wconf 88' lang='lat' dir='ltr'><strong>mendatio</strong></span> <span class='ocrx_word' id='word_1_317' title='bbox 885 2406 996 2447; x_wconf 88' lang='lat' dir='ltr'>non</span> <span class='ocrx_word' id='word_1_318' title='bbox 1027 2393 1260 2448; x_wconf 88' lang='lat' dir='ltr'><strong>refertur</strong></span> <span class='ocrx_word' id='word_1_319' title='bbox 1299 2396 1364 2448; x_wconf 88' lang='lat' dir='ltr'>ad</span> <span class='ocrx_word' id='word_1_320' title='bbox 1392 2411 1510 2449; x_wconf 85' lang='lat' dir='ltr'>eam</span> <span class='ocrx_word' id='word_1_321' title='bbox 1535 2397 1774 2466; x_wconf 86' lang='lat' dir='ltr'><strong>speciem</strong></span> <span class='ocrx_word' id='word_1_322' title='bbox 1804 2406 1858 2453; x_wconf 87' lang='lat' dir='ltr'>et</span> <span class='ocrx_word' id='word_1_323' title='bbox 1888 2397 2139 2464; x_wconf 89' lang='lat' dir='ltr'><strong>formam,</strong></span> 
     </span>
    </p>
   </div>
   <div class='ocr_carea' id='block_1_44' title="bbox 573 2483 2146 2558">
    <p class='ocr_par' dir='ltr' id='par_1_44' title="bbox 573 2483 2146 2558">
     <span class='ocr_line' id='line_1_44' title="bbox 573 2483 2146 2558; baseline 0.006 -24"><span class='ocrx_word' id='word_1_324' title='bbox 573 2496 696 2550; x_wconf 66' lang='lat' dir='ltr'><strong>quae</strong></span> <span class='ocrx_word' id='word_1_325' title='bbox 723 2483 1080 2553; x_wconf 90' lang='lat' dir='ltr'><strong>conspicitur.</strong></span> <span class='ocrx_word' id='word_1_326' title='bbox 1112 2485 1327 2555; x_wconf 87' lang='lat' dir='ltr'><strong>Alioqui</strong></span> <span class='ocrx_word' id='word_1_327' title='bbox 1373 2497 1472 2541; x_wconf 89' lang='lat' dir='ltr'>nec</span> <span class='ocrx_word' id='word_1_328' title='bbox 1500 2488 1879 2558; x_wconf 89' lang='lat' dir='ltr'><strong>scolopendra,</strong></span> <span class='ocrx_word' id='word_1_329' title='bbox 1912 2505 2014 2545; x_wconf 92' lang='lat' dir='ltr'>nec</span> <span class='ocrx_word' id='word_1_330' title='bbox 2041 2499 2146 2546; x_wconf 87' lang='lat' dir='ltr'><strong>ter-</strong></span> 
     </span>
    </p>
   </div>
   <div class='ocr_carea' id='block_1_45' title="bbox 577 2570 2148 2651">
    <p class='ocr_par' dir='ltr' id='par_1_45' title="bbox 577 2570 2148 2651">
     <span class='ocr_line' id='line_1_45' title="bbox 577 2570 2148 2651; baseline 0.006 -24"><span class='ocrx_word' id='word_1_331' title='bbox 577 2573 775 2628; x_wconf 88' lang='lat' dir='ltr'><strong>restris</strong></span> <span class='ocrx_word' id='word_1_332' title='bbox 805 2589 962 2643; x_wconf 89' lang='lat' dir='ltr'><strong>rana,</strong></span> <span class='ocrx_word' id='word_1_333' title='bbox 995 2591 1096 2632; x_wconf 89' lang='lat' dir='ltr'>nec</span> <span class='ocrx_word' id='word_1_334' title='bbox 1128 2593 1249 2647; x_wconf 75' lang='lat' dir='ltr'><strong>qua:</strong></span> <span class='ocrx_word' id='word_1_335' title='bbox 1271 2570 1338 2633; x_wconf 78' lang='lat' dir='ltr'><strong>ex</strong></span> <span class='ocrx_word' id='word_1_336' title='bbox 1368 2579 1509 2648; x_wconf 86' lang='lat' dir='ltr'><strong>putri</strong></span> <span class='ocrx_word' id='word_1_337' title='bbox 1541 2580 1766 2634; x_wconf 87' lang='lat' dir='ltr'><strong>materia</strong></span> <span class='ocrx_word' id='word_1_338' title='bbox 1796 2590 2148 2651; x_wconf 78' lang='lat' dir='ltr'><strong>generantur,</strong></span> 
     </span>
    </p>
   </div>
   <div class='ocr_carea' id='block_1_46' title="bbox 575 2666 2144 2740">
    <p class='ocr_par' dir='ltr' id='par_1_46' title="bbox 575 2666 2144 2740">
     <span class='ocr_line' id='line_1_46' title="bbox 575 2666 2144 2740; baseline 0.004 -20"><span class='ocrx_word' id='word_1_339' title='bbox 575 2666 832 2720; x_wconf 82' lang='lat' dir='ltr'><strong>animalia</strong></span> <span class='ocrx_word' id='word_1_340' title='bbox 881 2675 1066 2723; x_wconf 86' lang='lat' dir='ltr'><strong>essent</strong></span> <span class='ocrx_word' id='word_1_341' title='bbox 1108 2669 1264 2723; x_wconf 90' lang='lat' dir='ltr'><strong>valde</strong></span> <span class='ocrx_word' id='word_1_342' title='bbox 1317 2670 1563 2740; x_wconf 91' lang='lat' dir='ltr'><strong>pulchra.</strong></span> <span class='ocrx_word' id='word_1_343' title='bbox 1615 2669 1732 2726; x_wconf 88' lang='lat' dir='ltr'>Non</span> <span class='ocrx_word' id='word_1_344' title='bbox 1775 2673 1918 2727; x_wconf 91' lang='lat' dir='ltr'><strong>enim</strong></span> <span class='ocrx_word' id='word_1_345' title='bbox 1965 2690 2144 2728; x_wconf 86' lang='lat' dir='ltr'><strong>rerum</strong></span> 
     </span>
    </p>
   </div>
   <div class='ocr_carea' id='block_1_47' title="bbox 578 2759 2147 2835">
    <p class='ocr_par' dir='ltr' id='par_1_47' title="bbox 578 2759 2147 2835">
     <span class='ocr_line' id='line_1_47' title="bbox 578 2759 2147 2835; baseline 0.007 -25"><span class='ocrx_word' id='word_1_346' title='bbox 578 2759 817 2827; x_wconf 89' lang='lat' dir='ltr'><strong>speciem</strong></span> <span class='ocrx_word' id='word_1_347' title='bbox 851 2759 1071 2817; x_wconf 89' lang='lat' dir='ltr'><strong>divinus</strong></span> <span class='ocrx_word' id='word_1_348' title='bbox 1120 2762 1313 2818; x_wconf 91' lang='lat' dir='ltr'><strong>oculus</strong></span> <span class='ocrx_word' id='word_1_349' title='bbox 1345 2761 1608 2828; x_wconf 85' lang='lat' dir='ltr'><strong>intuetur,</strong></span> <span class='ocrx_word' id='word_1_350' title='bbox 1661 2781 1760 2819; x_wconf 90' lang='lat' dir='ltr'>nec</span> <span class='ocrx_word' id='word_1_351' title='bbox 1790 2764 2019 2835; x_wconf 87' lang='lat' dir='ltr'><strong>quadam</strong></span> <span class='ocrx_word' id='word_1_352' title='bbox 2055 2781 2147 2821; x_wconf 90' lang='lat' dir='ltr'><strong>co-</strong></span> 
     </span>
    </p>
   </div>
   <div class='ocr_carea' id='block_1_48' title="bbox 578 2842 2145 2928">
    <p class='ocr_par' dir='ltr' id='par_1_48' title="bbox 578 2842 2145 2928">
     <span class='ocr_line' id='line_1_48' title="bbox 578 2842 2145 2928; baseline 0.005 -21"><span class='ocrx_word' id='word_1_353' title='bbox 578 2853 732 2920; x_wconf 88' lang='lat' dir='ltr'><strong>loris,</strong></span> <span class='ocrx_word' id='word_1_354' title='bbox 771 2853 1066 2927; x_wconf 63' lang='lat' dir='ltr'><strong>formaeque</strong></span> <span class='ocrx_word' id='word_1_355' title='bbox 1096 2842 1428 2927; x_wconf 64' lang='lat' dir='ltr'><strong>prestantia,</strong></span> <span class='ocrx_word' id='word_1_356' title='bbox 1482 2859 1830 2928; x_wconf 88' lang='lat' dir='ltr'><strong>pulchritudo</strong></span> <span class='ocrx_word' id='word_1_357' title='bbox 1867 2861 2145 2927; x_wconf 88' lang='lat' dir='ltr'><strong>delinitur,</strong></span> 
     </span>
    </p>
   </div>
   <div class='ocr_carea' id='block_1_49' title="bbox 579 2944 2150 3020">
    <p class='ocr_par' dir='ltr' id='par_1_49' title="bbox 579 2944 2150 3020">
     <span class='ocr_line' id='line_1_49' title="bbox 579 2944 2150 3020; baseline 0.004 -21"><span class='ocrx_word' id='word_1_358' title='bbox 579 2944 674 2999; x_wconf 87' lang='lat' dir='ltr'>sed</span> <span class='ocrx_word' id='word_1_359' title='bbox 696 2960 784 3010; x_wconf 89' lang='lat' dir='ltr'>eo,</span> <span class='ocrx_word' id='word_1_360' title='bbox 813 2945 957 3016; x_wconf 78' lang='lat' dir='ltr'><strong>quod</strong></span> <span class='ocrx_word' id='word_1_361' title='bbox 994 2947 1228 3017; x_wconf 87' lang='lat' dir='ltr'><strong>singula,</strong></span> <span class='ocrx_word' id='word_1_362' title='bbox 1257 2958 1527 3018; x_wconf 87' lang='lat' dir='ltr'><strong>quatenus</strong></span> <span class='ocrx_word' id='word_1_363' title='bbox 1555 2957 1704 3014; x_wconf 89' lang='lat' dir='ltr'><strong>sunt,</strong></span> <span class='ocrx_word' id='word_1_364' title='bbox 1739 2958 1989 3004; x_wconf 87' lang='lat' dir='ltr'><strong>naturam</strong></span> <span class='ocrx_word' id='word_1_365' title='bbox 2027 2966 2150 3020; x_wconf 85' lang='lat' dir='ltr'><strong>per-</strong></span> 
     </span>
    </p>
   </div>
   <div class='ocr_carea' id='block_1_50' title="bbox 579 3036 2149 3113">
    <p class='ocr_par' dir='ltr' id='par_1_50' title="bbox 579 3036 2149 3113">
     <span class='ocr_line' id='line_1_50' title="bbox 579 3036 2149 3113; baseline 0.004 -22"><span class='ocrx_word' id='word_1_366' title='bbox 579 3036 777 3092; x_wconf 89' lang='lat' dir='ltr'><strong>fectam</strong></span> <span class='ocrx_word' id='word_1_367' title='bbox 806 3038 1026 3094; x_wconf 83' lang='lat' dir='ltr'><strong>habent.</strong></span> <span class='ocrx_word' id='word_1_368' title='bbox 1060 3039 1177 3094; x_wconf 85' lang='lat' dir='ltr'><strong>Non</strong></span> <span class='ocrx_word' id='word_1_369' title='bbox 1209 3041 1352 3095; x_wconf 92' lang='lat' dir='ltr'><strong>enim</strong></span> <span class='ocrx_word' id='word_1_370' title='bbox 1388 3042 1441 3095; x_wconf 92' lang='lat' dir='ltr'>in</span> <span class='ocrx_word' id='word_1_371' title='bbox 1465 3057 1529 3096; x_wconf 92' lang='lat' dir='ltr'>eo</span> <span class='ocrx_word' id='word_1_372' title='bbox 1553 3043 1720 3097; x_wconf 91' lang='lat' dir='ltr'><strong>situm</strong></span> <span class='ocrx_word' id='word_1_373' title='bbox 1751 3051 1857 3106; x_wconf 88' lang='lat' dir='ltr'><strong>est,</strong></span> <span class='ocrx_word' id='word_1_374' title='bbox 1885 3050 1944 3096; x_wconf 88' lang='lat' dir='ltr'>ut</span> <span class='ocrx_word' id='word_1_375' title='bbox 1977 3059 2149 3113; x_wconf 89' lang='lat' dir='ltr'><strong>equus</strong></span> 
     </span>
    </p>
   </div>
   <div class='ocr_carea' id='block_1_51' title="bbox 580 3129 2152 3204">
    <p class='ocr_par' dir='ltr' id='par_1_51' title="bbox 580 3129 2152 3204">
     <span class='ocr_line' id='line_1_51' title="bbox 580 3129 2152 3204; baseline 0.004 -22"><span class='ocrx_word' id='word_1_376' title='bbox 580 3129 676 3194; x_wconf 90' lang='lat' dir='ltr'><strong>sit,</strong></span> <span class='ocrx_word' id='word_1_377' title='bbox 701 3131 848 3202; x_wconf 90' lang='lat' dir='ltr'><strong>quod</strong></span> <span class='ocrx_word' id='word_1_378' title='bbox 873 3130 973 3186; x_wconf 93' lang='lat' dir='ltr'>bos</span> <span class='ocrx_word' id='word_1_379' title='bbox 1004 3147 1112 3187; x_wconf 92' lang='lat' dir='ltr'>non</span> <span class='ocrx_word' id='word_1_380' title='bbox 1136 3133 1226 3195; x_wconf 88' lang='lat' dir='ltr'><strong>sit,</strong></span> <span class='ocrx_word' id='word_1_381' title='bbox 1257 3142 1351 3187; x_wconf 89' lang='lat' dir='ltr'>aut</span> <span class='ocrx_word' id='word_1_382' title='bbox 1377 3143 1600 3201; x_wconf 85' lang='lat' dir='ltr'><strong>contra;</strong></span> <span class='ocrx_word' id='word_1_383' title='bbox 1631 3134 1723 3190; x_wconf 92' lang='lat' dir='ltr'>sed</span> <span class='ocrx_word' id='word_1_384' title='bbox 1743 3135 1883 3204; x_wconf 92' lang='lat' dir='ltr'><strong>quod</strong></span> <span class='ocrx_word' id='word_1_385' title='bbox 1914 3137 1968 3189; x_wconf 91' lang='lat' dir='ltr'>in</span> <span class='ocrx_word' id='word_1_386' title='bbox 2001 3144 2152 3190; x_wconf 80' lang='lat' dir='ltr'><strong>utro-</strong></span> 
     </span>
    </p>
   </div>
   <div class='ocr_carea' id='block_1_52' title="bbox 579 3223 2150 3298">
    <p class='ocr_par' dir='ltr' id='par_1_52' title="bbox 579 3223 2150 3298">
     <span class='ocr_line' id='line_1_52' title="bbox 579 3223 2150 3298; baseline 0.004 -23"><span class='ocrx_word' id='word_1_387' title='bbox 579 3235 687 3290; x_wconf 87' lang='lat' dir='ltr'>que</span> <span class='ocrx_word' id='word_1_388' title='bbox 707 3237 896 3277; x_wconf 91' lang='lat' dir='ltr'><strong>eorum</strong></span> <span class='ocrx_word' id='word_1_389' title='bbox 929 3237 989 3278; x_wconf 81' lang='lat' dir='ltr'>se</span> <span class='ocrx_word' id='word_1_390' title='bbox 1023 3223 1195 3293; x_wconf 89' lang='lat' dir='ltr'><strong>ipsam</strong></span> <span class='ocrx_word' id='word_1_391' title='bbox 1236 3232 1431 3279; x_wconf 89' lang='lat' dir='ltr'><strong>natura</strong></span> <span class='ocrx_word' id='word_1_392' title='bbox 1455 3237 1760 3292; x_wconf 88' lang='lat' dir='ltr'><strong>conservat,</strong></span> <span class='ocrx_word' id='word_1_393' title='bbox 1795 3228 2150 3298; x_wconf 87' lang='lat' dir='ltr'><strong>prcpriasque</strong></span> 
     </span>
    </p>
   </div>
   <div class='ocr_carea' id='block_1_53' title="bbox 580 3313 2148 3384">
    <p class='ocr_par' dir='ltr' id='par_1_53' title="bbox 580 3313 2148 3384">
     <span class='ocr_line' id='line_1_53' title="bbox 580 3313 2148 3384; baseline 0.005 -17"><span class='ocrx_word' id='word_1_394' title='bbox 580 3313 648 3369; x_wconf 88' lang='lat' dir='ltr'>ad</span> <span class='ocrx_word' id='word_1_395' title='bbox 689 3315 1043 3373; x_wconf 84' lang='lat' dir='ltr'><strong>stabilitatem</strong></span> <span class='ocrx_word' id='word_1_396' title='bbox 1083 3332 1239 3371; x_wconf 89' lang='lat' dir='ltr'><strong>suam</strong></span> <span class='ocrx_word' id='word_1_397' title='bbox 1289 3317 1500 3372; x_wconf 90' lang='lat' dir='ltr'><strong>obtinet</strong></span> <span class='ocrx_word' id='word_1_398' title='bbox 1543 3316 1853 3384; x_wconf 87' lang='lat' dir='ltr'><strong>facultates,</strong></span> <span class='ocrx_word' id='word_1_399' title='bbox 1894 3334 1996 3374; x_wconf 86' lang='lat' dir='ltr'>nec</span> <span class='ocrx_word' id='word_1_400' title='bbox 2026 3335 2148 3374; x_wconf 85' lang='lat' dir='ltr'><strong>cor-</strong></span> 
     </span>
    </p>
   </div>
   <div class='ocr_carea' id='block_1_54' title="bbox 587 3407 1764 3476">
    <p class='ocr_par' dir='ltr' id='par_1_54' title="bbox 587 3407 1764 3476">
     <span class='ocr_line' id='line_1_54' title="bbox 587 3407 1764 3476; baseline 0.006 -17"><span class='ocrx_word' id='word_1_401' title='bbox 587 3407 895 3476; x_wconf 88' lang='lat' dir='ltr'><strong>rumpendi,</strong></span> <span class='ocrx_word' id='word_1_402' title='bbox 923 3409 1019 3463; x_wconf 90' lang='lat' dir='ltr'>sed</span> <span class='ocrx_word' id='word_1_403' title='bbox 1050 3409 1412 3464; x_wconf 83' lang='lat' dir='ltr'><strong>conservandi</strong></span> <span class='ocrx_word' id='word_1_404' title='bbox 1443 3410 1550 3462; x_wconf 90' lang='lat' dir='ltr'>vim</span> <span class='ocrx_word' id='word_1_405' title='bbox 1578 3409 1764 3466; x_wconf 89' lang='lat' dir='ltr'><strong>habet.</strong></span> 
     </span>
    </p>
   </div>
   <div class='ocr_carea' id='block_1_55' title="bbox 2240 2306 3822 2386">
    <p class='ocr_par' dir='ltr' id='par_1_55' title="bbox 2240 2306 3822 2386">
     <span class='ocr_line' id='line_1_55' title="bbox 2240 2306 3822 2386; baseline -0.008 -16"><span class='ocrx_word' id='word_1_406' title='bbox 2240 2315 2750 2386; x_wconf 82' lang='grc' dir='ltr'>ἀλληλοφαγούντων</span> <span class='ocrx_word' id='word_1_407' title='bbox 2780 2312 2982 2382; x_wconf 88' lang='grc' dir='ltr'>θηρίων</span> <span class='ocrx_word' id='word_1_408' title='bbox 3015 2311 3114 2363; x_wconf 89' lang='grc' dir='ltr'>οὐκ</span> <span class='ocrx_word' id='word_1_409' title='bbox 3151 2309 3260 2380; x_wconf 78' lang='grc' dir='ltr'>ἔχει</span> <span class='ocrx_word' id='word_1_410' title='bbox 3295 2308 3487 2378; x_wconf 81' lang='grc' dir='ltr'>φύσιν,</span> <span class='ocrx_word' id='word_1_411' title='bbox 3531 2306 3822 2375; x_wconf 88' lang='grc' dir='ltr'>ἀμφότερα</span> 
     </span>
    </p>
   </div>
   <div class='ocr_carea' id='block_1_56' title="bbox 2240 2396 3823 2478">
    <p class='ocr_par' dir='ltr' id='par_1_56' title="bbox 2240 2396 3823 2478">
     <span class='ocr_line' id='line_1_56' title="bbox 2240 2396 3823 2478; baseline -0.008 -16"><span class='ocrx_word' id='word_1_412' title='bbox 2240 2409 2308 2462; x_wconf 75' lang='grc' dir='ltr'>δι’</span> <span class='ocrx_word' id='word_1_413' title='bbox 2337 2408 2581 2478; x_wconf 85' lang='grc' dir='ltr'>ἀλλήλων</span> <span class='ocrx_word' id='word_1_414' title='bbox 2607 2408 2726 2477; x_wconf 78' lang='grc' dir='ltr'>ζῇν,</span> <span class='ocrx_word' id='word_1_415' title='bbox 2756 2405 2826 2457; x_wconf 85' lang='grc' dir='ltr'>τὰ</span> <span class='ocrx_word' id='word_1_416' title='bbox 2859 2406 2948 2456; x_wconf 83' lang='grc' dir='ltr'>ὐπ’</span> <span class='ocrx_word' id='word_1_417' title='bbox 2983 2403 3227 2472; x_wconf 84' lang='grc' dir='ltr'>ἀλλήλων</span> <span class='ocrx_word' id='word_1_418' title='bbox 3255 2399 3587 2470; x_wconf 86' lang='grc' dir='ltr'>φθειρόμενα</span> <span class='ocrx_word' id='word_1_419' title='bbox 3621 2415 3636 2430; x_wconf 78' lang='grc'><strong><em>⁸</em></strong></span> <span class='ocrx_word' id='word_1_420' title='bbox 3677 2396 3823 2450; x_wconf 66' lang='grc' dir='ltr'>οὕτω</span> 
     </span>
    </p>
   </div>
   <div class='ocr_carea' id='block_1_57' title="bbox 2244 2487 3825 2571">
    <p class='ocr_par' dir='ltr' id='par_1_57' title="bbox 2244 2487 3825 2571">
     <span class='ocr_line' id='line_1_57' title="bbox 2244 2487 3825 2571; baseline -0.009 -18"><span class='ocrx_word' id='word_1_421' title='bbox 2244 2501 2338 2553; x_wconf 78' lang='grc' dir='ltr'>καὶ</span> <span class='ocrx_word' id='word_1_422' title='bbox 2367 2502 2398 2571; x_wconf 83' lang='grc' dir='ltr'>ὴ</span> <span class='ocrx_word' id='word_1_423' title='bbox 2433 2498 2527 2551; x_wconf 89' lang='grc' dir='ltr'>τοῦ</span> <span class='ocrx_word' id='word_1_424' title='bbox 2552 2495 2718 2567; x_wconf 84' lang='grc' dir='ltr'>ὑγροῦ</span> <span class='ocrx_word' id='word_1_425' title='bbox 2747 2497 2881 2566; x_wconf 85' lang='grc' dir='ltr'>πρὸς</span> <span class='ocrx_word' id='word_1_426' title='bbox 2906 2495 2967 2548; x_wconf 85' lang='lat'>16</span> <span class='ocrx_word' id='word_1_427' title='bbox 2991 2494 3154 2565; x_wconf 80' lang='grc' dir='ltr'>ξηρὸν</span> <span class='ocrx_word' id='word_1_428' title='bbox 3178 2491 3512 2554; x_wconf 79' lang='grc' dir='ltr'>ἐναντίωσις,</span> <span class='ocrx_word' id='word_1_429' title='bbox 3538 2487 3825 2558; x_wconf 81' lang='grc' dir='ltr'>οὐθέτερον</span> 
     </span>
    </p>
   </div>
   <div class='ocr_carea' id='block_1_58' title="bbox 2245 2578 3821 2660">
    <p class='ocr_par' dir='ltr' id='par_1_58' title="bbox 2245 2578 3821 2660">
     <span class='ocr_line' id='line_1_58' title="bbox 2245 2578 3821 2660; baseline -0.009 -15"><span class='ocrx_word' id='word_1_430' title='bbox 2245 2593 2311 2646; x_wconf 82' lang='grc' dir='ltr'>ἂν</span> <span class='ocrx_word' id='word_1_431' title='bbox 2344 2595 2400 2644; x_wconf 89' lang='grc' dir='ltr'>ἐν</span> <span class='ocrx_word' id='word_1_432' title='bbox 2428 2591 2504 2660; x_wconf 82' lang='grc' dir='ltr'>τῷ</span> <span class='ocrx_word' id='word_1_433' title='bbox 2533 2585 2670 2642; x_wconf 76' lang='grc' dir='ltr'>εἶναι</span> <span class='ocrx_word' id='word_1_434' title='bbox 2704 2588 2998 2656; x_wconf 89' lang='grc' dir='ltr'>φυλάσσοι,</span> <span class='ocrx_word' id='word_1_435' title='bbox 3044 2586 3200 2656; x_wconf 78' lang='grc' dir='ltr'>εἴπερ</span> <span class='ocrx_word' id='word_1_436' title='bbox 3239 2584 3272 2654; x_wconf 79' lang='grc' dir='ltr'><strong>ή</strong></span> <span class='ocrx_word' id='word_1_437' title='bbox 3317 2581 3412 2635; x_wconf 90' lang='grc' dir='ltr'>τοῦ</span> <span class='ocrx_word' id='word_1_438' title='bbox 3443 2581 3630 2651; x_wconf 86' lang='grc' dir='ltr'>ἐτέρου</span> <span class='ocrx_word' id='word_1_439' title='bbox 3665 2578 3821 2632; x_wconf 82' lang='grc' dir='ltr'>ἀπώ-</span> 
     </span>
    </p>
   </div>
   <div class='ocr_carea' id='block_1_59' title="bbox 2245 2670 3828 2754">
    <p class='ocr_par' dir='ltr' id='par_1_59' title="bbox 2245 2670 3828 2754">
     <span class='ocr_line' id='line_1_59' title="bbox 2245 2670 3828 2754; baseline -0.008 -17"><span class='ocrx_word' id='word_1_440' title='bbox 2245 2684 2365 2736; x_wconf 85' lang='grc' dir='ltr'>λεια</span> <span class='ocrx_word' id='word_1_441' title='bbox 2409 2682 2594 2754; x_wconf 77' lang='grc' dir='ltr'>τρέφοι</span> <span class='ocrx_word' id='word_1_442' title='bbox 2624 2682 2682 2733; x_wconf 88' lang='grc' dir='ltr'>τὸ</span> <span class='ocrx_word' id='word_1_443' title='bbox 2720 2682 2923 2751; x_wconf 78' lang='grc' dir='ltr'>ἕτερον.</span> <span class='ocrx_word' id='word_1_444' title='bbox 2988 2677 3147 2732; x_wconf 85' lang='grc' dir='ltr'>Ἀλλά</span> <span class='ocrx_word' id='word_1_445' title='bbox 3177 2692 3268 2747; x_wconf 88' lang='grc' dir='ltr'>μοι</span> <span class='ocrx_word' id='word_1_446' title='bbox 3298 2675 3447 2727; x_wconf 88' lang='grc' dir='ltr'>δοκεῖ</span> <span class='ocrx_word' id='word_1_447' title='bbox 3472 2671 3654 2734; x_wconf 88' lang='grc' dir='ltr'>καλῶς</span> <span class='ocrx_word' id='word_1_448' title='bbox 3681 2670 3828 2741; x_wconf 79' lang='grc' dir='ltr'>ἐχειν</span> 
     </span>
    </p>
   </div>
   <div class='ocr_carea' id='block_1_60' title="bbox 2246 2763 3826 2845">
    <p class='ocr_par' dir='ltr' id='par_1_60' title="bbox 2246 2763 3826 2845">
     <span class='ocr_line' id='line_1_60' title="bbox 2246 2763 3826 2845; baseline -0.009 -17"><span class='ocrx_word' id='word_1_449' title='bbox 2246 2774 2416 2838; x_wconf 72' lang='grc' dir='ltr'>οὓτως</span> <span class='ocrx_word' id='word_1_450' title='bbox 2439 2774 2504 2828; x_wconf 84' lang='grc' dir='ltr'>ἂν</span> <span class='ocrx_word' id='word_1_451' title='bbox 2525 2773 2724 2845; x_wconf 82' lang='grc' dir='ltr'>μᾶλλον</span> <span class='ocrx_word' id='word_1_452' title='bbox 2751 2774 2881 2843; x_wconf 87' lang='grc' dir='ltr'>ἡμῖν</span> <span class='ocrx_word' id='word_1_453' title='bbox 2907 2770 3046 2824; x_wconf 87' lang='grc' dir='ltr'>κατὰ</span> <span class='ocrx_word' id='word_1_454' title='bbox 3065 2769 3126 2822; x_wconf 79' lang='grc' dir='ltr'>τὸ</span> <span class='ocrx_word' id='word_1_455' title='bbox 3151 2766 3440 2822; x_wconf 85' lang='grc' dir='ltr'>ἀκόλουθον</span> <span class='ocrx_word' id='word_1_456' title='bbox 3462 2763 3826 2833; x_wconf 82' lang='grc' dir='ltr'>διαληφθῆναι</span> 
     </span>
    </p>
   </div>
   <div class='ocr_carea' id='block_1_61' title="bbox 2247 2851 3832 2934">
    <p class='ocr_par' dir='ltr' id='par_1_61' title="bbox 2247 2851 3832 2934">
     <span class='ocr_line' id='line_1_61' title="bbox 2247 2851 3832 2934; baseline -0.008 -15"><span class='ocrx_word' id='word_1_457' title='bbox 2247 2868 2338 2920; x_wconf 83' lang='grc' dir='ltr'>τὸν</span> <span class='ocrx_word' id='word_1_458' title='bbox 2367 2867 2522 2934; x_wconf 88' lang='grc' dir='ltr'>λόγον</span> <span class='ocrx_word' id='word_1_459' title='bbox 2546 2883 2558 2895; x_wconf 93' lang='grc'><strong>·</strong></span> <span class='ocrx_word' id='word_1_460' title='bbox 2599 2863 2786 2934; x_wconf 84' lang='grc' dir='ltr'>ἐπειδὴ</span> <span class='ocrx_word' id='word_1_461' title='bbox 2823 2865 3000 2916; x_wconf 80' lang='grc' dir='ltr'>πάντα</span> <span class='ocrx_word' id='word_1_462' title='bbox 3030 2862 3130 2914; x_wconf 87' lang='grc' dir='ltr'>ὅσα</span> <span class='ocrx_word' id='word_1_463' title='bbox 3160 2860 3415 2929; x_wconf 85' lang='grc' dir='ltr'>ἐποίησεν</span> <span class='ocrx_word' id='word_1_464' title='bbox 3445 2858 3474 2910; x_wconf 93' lang='lat'>6</span> <span class='ocrx_word' id='word_1_465' title='bbox 3501 2855 3656 2919; x_wconf 82' lang='grc' dir='ltr'>Θεὸς,</span> <span class='ocrx_word' id='word_1_466' title='bbox 3688 2851 3832 2907; x_wconf 79' lang='grc' dir='ltr'>καλὰ</span> 
     </span>
    </p>
   </div>
   <div class='ocr_carea' id='block_1_62' title="bbox 2249 2946 3832 3025">
    <p class='ocr_par' dir='ltr' id='par_1_62' title="bbox 2249 2946 3832 3025">
     <span class='ocr_line' id='line_1_62' title="bbox 2249 2946 3832 3025; baseline -0.008 -16"><span class='ocrx_word' id='word_1_467' title='bbox 2249 2957 2366 3009; x_wconf 87' lang='grc' dir='ltr'>λίαν</span> <span class='ocrx_word' id='word_1_468' title='bbox 2398 2958 2565 3023; x_wconf 74' lang='grc' dir='ltr'>ἐστὶν,</span> <span class='ocrx_word' id='word_1_469' title='bbox 2605 2956 2819 3025; x_wconf 79' lang='grc' dir='ltr'>ἑκάστῳ</span> <span class='ocrx_word' id='word_1_470' title='bbox 2851 2954 2993 3025; x_wconf 73' lang='grc' dir='ltr'>φημὶ</span> <span class='ocrx_word' id='word_1_471' title='bbox 3038 2953 3148 3006; x_wconf 84' lang='grc' dir='ltr'>δεῖν</span> <span class='ocrx_word' id='word_1_472' title='bbox 3191 2949 3301 3004; x_wconf 90' lang='grc' dir='ltr'>τῶν</span> <span class='ocrx_word' id='word_1_473' title='bbox 3334 2948 3503 3003; x_wconf 75' lang='grc' dir='ltr'>ὄντων</span> <span class='ocrx_word' id='word_1_474' title='bbox 3543 2946 3832 3015; x_wconf 88' lang='grc' dir='ltr'>ἐνθεωρεῖ-</span> 
     </span>
    </p>
   </div>
   <div class='ocr_carea' id='block_1_63' title="bbox 2252 3037 3834 3119">
    <p class='ocr_par' dir='ltr' id='par_1_63' title="bbox 2252 3037 3834 3119">
     <span class='ocr_line' id='line_1_63' title="bbox 2252 3037 3834 3119; baseline -0.008 -17"><span class='ocrx_word' id='word_1_475' title='bbox 2252 3049 2374 3102; x_wconf 87' lang='grc' dir='ltr'>σθαι</span> <span class='ocrx_word' id='word_1_476' title='bbox 2405 3049 2506 3119; x_wconf 80' lang='grc' dir='ltr'>τὴν</span> <span class='ocrx_word' id='word_1_477' title='bbox 2551 3048 2644 3102; x_wconf 91' lang='grc' dir='ltr'>τοῦ</span> <span class='ocrx_word' id='word_1_478' title='bbox 2679 3045 2846 3100; x_wconf 84' lang='grc' dir='ltr'>καλοῦ</span> <span class='ocrx_word' id='word_1_479' title='bbox 2888 3045 3223 3116; x_wconf 84' lang='grc' dir='ltr'>τελειότητα.</span> <span class='ocrx_word' id='word_1_480' title='bbox 3284 3042 3352 3096; x_wconf 83' lang='grc' dir='ltr'><strong>Ἦ</strong></span> <span class='ocrx_word' id='word_1_481' title='bbox 3400 3039 3507 3112; x_wconf 82' lang='grc' dir='ltr'>γὰρ</span> <span class='ocrx_word' id='word_1_482' title='bbox 3548 3039 3644 3093; x_wconf 89' lang='grc' dir='ltr'>τοῦ</span> <span class='ocrx_word' id='word_1_483' title='bbox 3687 3037 3834 3092; x_wconf 71' lang='grc' dir='ltr'>λίαν</span> 
     </span>
    </p>
   </div>
   <div class='ocr_carea' id='block_1_64' title="bbox 2251 3125 3831 3210">
    <p class='ocr_par' dir='ltr' id='par_1_64' title="bbox 2251 3125 3831 3210">
     <span class='ocr_line' id='line_1_64' title="bbox 2251 3125 3831 3210; baseline -0.009 -19"><span class='ocrx_word' id='word_1_484' title='bbox 2251 3137 2535 3210; x_wconf 82' lang='grc' dir='ltr'>προσθήκη</span> <span class='ocrx_word' id='word_1_485' title='bbox 2560 3176 2575 3200; x_wconf 95' lang='grc'>,</span> <span class='ocrx_word' id='word_1_486' title='bbox 2624 3135 2713 3189; x_wconf 83' lang='grc' dir='ltr'>διὰ</span> <span class='ocrx_word' id='word_1_487' title='bbox 2736 3137 2836 3206; x_wconf 79' lang='grc' dir='ltr'>τῆς</span> <span class='ocrx_word' id='word_1_488' title='bbox 2866 3133 3187 3202; x_wconf 84' lang='grc' dir='ltr'>ἐπιτατικῆς</span> <span class='ocrx_word' id='word_1_489' title='bbox 3217 3130 3492 3203; x_wconf 86' lang='grc' dir='ltr'>σημασίας</span> <span class='ocrx_word' id='word_1_490' title='bbox 3526 3126 3711 3196; x_wconf 86' lang='grc' dir='ltr'>σαφῶς</span> <span class='ocrx_word' id='word_1_491' title='bbox 3742 3125 3831 3177; x_wconf 74' lang='grc' dir='ltr'>ἐν·</span> 
     </span>
    </p>
   </div>
   <div class='ocr_carea' id='block_1_65' title="bbox 2253 3218 3835 3290">
    <p class='ocr_par' dir='ltr' id='par_1_65' title="bbox 2253 3218 3835 3290">
     <span class='ocr_line' id='line_1_65' title="bbox 2253 3218 3835 3290; baseline -0.01 -8"><span class='ocrx_word' id='word_1_492' title='bbox 2253 3229 2522 3282; x_wconf 86' lang='grc' dir='ltr'>δείκνυται</span> <span class='ocrx_word' id='word_1_493' title='bbox 2533 3227 2594 3280; x_wconf 84' lang='grc' dir='ltr'>τδ</span> <span class='ocrx_word' id='word_1_494' title='bbox 2614 3225 2924 3288; x_wconf 83' lang='grc' dir='ltr'>ἀνελλειπές</span> <span class='ocrx_word' id='word_1_495' title='bbox 2945 3227 3024 3288; x_wconf 89' lang='grc' dir='ltr'>εἰς</span> <span class='ocrx_word' id='word_1_496' title='bbox 3045 3223 3336 3276; x_wconf 86' lang='grc' dir='ltr'>τελείωσιν.</span> <span class='ocrx_word' id='word_1_497' title='bbox 3353 3222 3442 3283; x_wconf 83' lang='grc' dir='ltr'>Ὦς</span> <span class='ocrx_word' id='word_1_498' title='bbox 3457 3219 3563 3290; x_wconf 83' lang='grc' dir='ltr'>γὰρ</span> <span class='ocrx_word' id='word_1_499' title='bbox 3583 3219 3641 3271; x_wconf 83' lang='grc' dir='ltr'>ὲν</span> <span class='ocrx_word' id='word_1_500' title='bbox 3657 3218 3722 3287; x_wconf 74' lang='grc' dir='ltr'>τῇ</span> <span class='ocrx_word' id='word_1_501' title='bbox 3740 3231 3835 3282; x_wconf 81' lang='grc' dir='ltr'>γε-</span> 
     </span>
    </p>
   </div>
   <div class='ocr_carea' id='block_1_66' title="bbox 2255 3305 3836 3390">
    <p class='ocr_par' dir='ltr' id='par_1_66' title="bbox 2255 3305 3836 3390">
     <span class='ocr_line' id='line_1_66' title="bbox 2255 3305 3836 3390; baseline -0.011 -13"><span class='ocrx_word' id='word_1_502' title='bbox 2255 3323 2401 3377; x_wconf 88' lang='grc' dir='ltr'>νέσει</span> <span class='ocrx_word' id='word_1_503' title='bbox 2430 3321 2537 3375; x_wconf 89' lang='grc' dir='ltr'>τῶν</span> <span class='ocrx_word' id='word_1_504' title='bbox 2561 3319 2714 3384; x_wconf 80' lang='grc' dir='ltr'>ζώων</span> <span class='ocrx_word' id='word_1_505' title='bbox 2747 3317 2944 3390; x_wconf 90' lang='grc' dir='ltr'>μυρίας</span> <span class='ocrx_word' id='word_1_506' title='bbox 2984 3319 3081 3388; x_wconf 82' lang='grc' dir='ltr'>μὲν</span> <span class='ocrx_word' id='word_1_507' title='bbox 3123 3315 3236 3368; x_wconf 79' lang='grc' dir='ltr'>ἔστι</span> <span class='ocrx_word' id='word_1_508' title='bbox 3266 3311 3528 3384; x_wconf 85' lang='grc' dir='ltr'>διαφορὰς</span> <span class='ocrx_word' id='word_1_509' title='bbox 3565 3311 3692 3364; x_wconf 88' lang='grc' dir='ltr'>ἰδεῖν</span> <span class='ocrx_word' id='word_1_510' title='bbox 3724 3305 3836 3360; x_wconf 82' lang='grc' dir='ltr'>τῶν</span> 
     </span>
    </p>
   </div>
   <div class='ocr_carea' id='block_1_67' title="bbox 2258 3397 3837 3481">
    <p class='ocr_par' dir='ltr' id='par_1_67' title="bbox 2258 3397 3837 3481">
     <span class='ocr_line' id='line_1_67' title="bbox 2258 3397 3837 3481; baseline -0.01 -15"><span class='ocrx_word' id='word_1_511' title='bbox 2258 3417 2314 3466; x_wconf 85' lang='grc' dir='ltr'>ἐν</span> <span class='ocrx_word' id='word_1_512' title='bbox 2348 3413 2554 3475; x_wconf 83' lang='grc' dir='ltr'>τούτοις</span> <span class='ocrx_word' id='word_1_513' title='bbox 2595 3410 2802 3481; x_wconf 85' lang='grc' dir='ltr'>γενῶν,</span> <span class='ocrx_word' id='word_1_514' title='bbox 2850 3409 2928 3480; x_wconf 79' lang='grc' dir='ltr'>τῷ</span> <span class='ocrx_word' id='word_1_515' title='bbox 2979 3409 3035 3462; x_wconf 82' lang='grc' dir='ltr'>δὲ</span> <span class='ocrx_word' id='word_1_516' title='bbox 3079 3404 3349 3476; x_wconf 85' lang='grc' dir='ltr'>καθολικῷ</span> <span class='ocrx_word' id='word_1_517' title='bbox 3394 3404 3537 3473; x_wconf 86' lang='grc' dir='ltr'>λόγῳ</span> <span class='ocrx_word' id='word_1_518' title='bbox 3581 3401 3678 3471; x_wconf 83' lang='grc' dir='ltr'>τῆς</span> <span class='ocrx_word' id='word_1_519' title='bbox 3723 3397 3837 3451; x_wconf 85' lang='grc' dir='ltr'>τῶν</span> 
     </span>
    </p>
   </div>
   <div class='ocr_carea' id='block_1_68' title="bbox 581 3489 3839 3572">
    <p class='ocr_par' dir='ltr' id='par_1_68' title="bbox 581 3489 3839 3572">
     <span class='ocr_line' id='line_1_68' title="bbox 581 3489 3839 3572; baseline -0.001 -22"><span class='ocrx_word' id='word_1_520' title='bbox 581 3495 751 3554; x_wconf 73' lang='grc' dir='ltr'>ὅντων</span> <span class='ocrx_word' id='word_1_521' title='bbox 798 3500 1069 3571; x_wconf 80' lang='grc' dir='ltr'>ἀποδοχῆς</span> <span class='ocrx_word' id='word_1_522' title='bbox 1112 3500 1372 3570; x_wconf 77' lang='grc' dir='ltr'>ἁρμόζειν</span> <span class='ocrx_word' id='word_1_523' title='bbox 1412 3501 1496 3569; x_wconf 86' lang='grc' dir='ltr'>ἐφ’</span> <span class='ocrx_word' id='word_1_524' title='bbox 1525 3502 1754 3554; x_wconf 79' lang='grc' dir='ltr'>ἑκάστου</span> <span class='ocrx_word' id='word_1_525' title='bbox 1785 3501 1981 3572; x_wconf 84' lang='grc' dir='ltr'>φαμὲν,</span> <span class='ocrx_word' id='word_1_526' title='bbox 2027 3504 2167 3558; x_wconf 87' lang='grc' dir='ltr'>κατά</span> <span class='ocrx_word' id='word_1_527' title='bbox 2195 3507 2254 3559; x_wconf 82' lang='grc' dir='ltr'>τὸ</span> <span class='ocrx_word' id='word_1_528' title='bbox 2284 3501 2399 3558; x_wconf 75' lang='grc' dir='ltr'>ἴσον</span> <span class='ocrx_word' id='word_1_529' title='bbox 2444 3505 2506 3557; x_wconf 86' lang='grc' dir='ltr'>τὸ</span> <span class='ocrx_word' id='word_1_530' title='bbox 2537 3503 2698 3557; x_wconf 82' lang='grc' dir='ltr'>καλὸν</span> <span class='ocrx_word' id='word_1_531' title='bbox 2730 3498 2868 3556; x_wconf 78' lang='grc' dir='ltr'>εἶναι</span> <span class='ocrx_word' id='word_1_532' title='bbox 2905 3501 3024 3556; x_wconf 83' lang='grc' dir='ltr'>λίαν</span> <span class='ocrx_word' id='word_1_533' title='bbox 3051 3517 3066 3532; x_wconf 74' lang='grc' dir='ltr'><strong><em>ο</em></strong></span> <span class='ocrx_word' id='word_1_534' title='bbox 3111 3502 3171 3554; x_wconf 93' lang='grc' dir='ltr'>οὐ</span> <span class='ocrx_word' id='word_1_535' title='bbox 3218 3501 3325 3571; x_wconf 82' lang='grc' dir='ltr'>μὴν</span> <span class='ocrx_word' id='word_1_536' title='bbox 3372 3499 3508 3570; x_wconf 83' lang='grc' dir='ltr'>πρὸς</span> <span class='ocrx_word' id='word_1_537' title='bbox 3554 3495 3614 3548; x_wconf 83' lang='lat'>16</span> <span class='ocrx_word' id='word_1_538' title='bbox 3653 3489 3839 3562; x_wconf 71' lang='grc' dir='ltr'>φαινόο</span> 
     </span>
    </p>
   </div>
   <div class='ocr_carea' id='block_1_69' title="bbox 589 3584 3839 3668">
    <p class='ocr_par' dir='ltr' id='par_1_69' title="bbox 589 3584 3839 3668">
     <span class='ocr_line' id='line_1_69' title="bbox 589 3584 3839 3668; baseline 0.001 -24"><span class='ocrx_word' id='word_1_539' title='bbox 589 3609 749 3664; x_wconf 82' lang='grc' dir='ltr'>μενον</span> <span class='ocrx_word' id='word_1_540' title='bbox 793 3591 891 3664; x_wconf 82' lang='grc' dir='ltr'>τὴν</span> <span class='ocrx_word' id='word_1_541' title='bbox 931 3592 1203 3664; x_wconf 79' lang='grc' dir='ltr'>ἀποδοχὴν</span> <span class='ocrx_word' id='word_1_542' title='bbox 1245 3588 1404 3658; x_wconf 84' lang='grc' dir='ltr'>εἶναι,</span> <span class='ocrx_word' id='word_1_543' title='bbox 1438 3593 1471 3662; x_wconf 84' lang='grc' dir='ltr'>ἢ</span> <span class='ocrx_word' id='word_1_544' title='bbox 1521 3592 1588 3646; x_wconf 81' lang='grc' dir='ltr'>ἂν</span> <span class='ocrx_word' id='word_1_545' title='bbox 1618 3593 1710 3646; x_wconf 70' lang='grc' dir='ltr'>καὶ</span> <span class='ocrx_word' id='word_1_546' title='bbox 1740 3594 1773 3663; x_wconf 79' lang='grc' dir='ltr'>ἡ</span> <span class='ocrx_word' id='word_1_547' title='bbox 1807 3594 2187 3668; x_wconf 86' lang='grc' dir='ltr'>σκολόπενδρα,</span> <span class='ocrx_word' id='word_1_548' title='bbox 2219 3599 2312 3651; x_wconf 79' lang='grc' dir='ltr'>καὶ</span> <span class='ocrx_word' id='word_1_549' title='bbox 2356 3600 2384 3650; x_wconf 88' lang='lat'>6</span> <span class='ocrx_word' id='word_1_550' title='bbox 2414 3598 2663 3667; x_wconf 82' lang='grc' dir='ltr'>χερσαῖος</span> <span class='ocrx_word' id='word_1_551' title='bbox 2693 3594 2980 3666; x_wconf 85' lang='grc' dir='ltr'>βάτραχος,</span> <span class='ocrx_word' id='word_1_552' title='bbox 3009 3593 3103 3647; x_wconf 68' lang='grc' dir='ltr'>καὶ</span> <span class='ocrx_word' id='word_1_553' title='bbox 3133 3591 3201 3644; x_wconf 87' lang='grc' dir='ltr'>τά</span> <span class='ocrx_word' id='word_1_554' title='bbox 3244 3593 3307 3644; x_wconf 84' lang='grc' dir='ltr'>ἐκ</span> <span class='ocrx_word' id='word_1_555' title='bbox 3334 3589 3435 3660; x_wconf 84' lang='grc' dir='ltr'>τῆς</span> <span class='ocrx_word' id='word_1_556' title='bbox 3476 3587 3691 3659; x_wconf 76' lang='grc' dir='ltr'>σήψεως</span> <span class='ocrx_word' id='word_1_557' title='bbox 3727 3584 3839 3638; x_wconf 75' lang='grc' dir='ltr'>τῶν</span> 
     </span>
    </p>
   </div>
   <div class='ocr_carea' id='block_1_70' title="bbox 588 3676 3841 3763">
    <p class='ocr_par' dir='ltr' id='par_1_70' title="bbox 588 3676 3841 3763">
     <span class='ocr_line' id='line_1_70' title="bbox 588 3676 3841 3763; baseline -0.002 -25"><span class='ocrx_word' id='word_1_558' title='bbox 588 3684 866 3758; x_wconf 80' lang='grc' dir='ltr'>βορϐόρων</span> <span class='ocrx_word' id='word_1_559' title='bbox 905 3685 1333 3756; x_wconf 76' lang='grc' dir='ltr'>ζωογονούμενα,</span> <span class='ocrx_word' id='word_1_560' title='bbox 1369 3685 1480 3756; x_wconf 80' lang='grc' dir='ltr'>ἔχοι</span> <span class='ocrx_word' id='word_1_561' title='bbox 1521 3686 1582 3739; x_wconf 97' lang='lat'>16</span> <span class='ocrx_word' id='word_1_562' title='bbox 1615 3685 1733 3739; x_wconf 90' lang='grc' dir='ltr'>λίαν</span> <span class='ocrx_word' id='word_1_563' title='bbox 1783 3687 1952 3742; x_wconf 89' lang='grc' dir='ltr'>καλά·</span> <span class='ocrx_word' id='word_1_564' title='bbox 1982 3688 2094 3741; x_wconf 88' lang='grc' dir='ltr'>ἀλλ’</span> <span class='ocrx_word' id='word_1_565' title='bbox 2128 3691 2187 3743; x_wconf 89' lang='grc' dir='ltr'>οὐ</span> <span class='ocrx_word' id='word_1_566' title='bbox 2228 3691 2364 3763; x_wconf 82' lang='grc' dir='ltr'>πρὸς</span> <span class='ocrx_word' id='word_1_567' title='bbox 2392 3690 2492 3762; x_wconf 82' lang='grc' dir='ltr'>τὴν</span> <span class='ocrx_word' id='word_1_568' title='bbox 2520 3690 2668 3762; x_wconf 91' lang='grc' dir='ltr'>ῶραν</span> <span class='ocrx_word' id='word_1_569' title='bbox 2697 3689 2804 3742; x_wconf 88' lang='grc' dir='ltr'>τῶν</span> <span class='ocrx_word' id='word_1_570' title='bbox 2836 3687 3134 3757; x_wconf 84' lang='grc' dir='ltr'>γεγονότων</span> <span class='ocrx_word' id='word_1_571' title='bbox 3175 3686 3204 3736; x_wconf 87' lang='lat'>6</span> <span class='ocrx_word' id='word_1_572' title='bbox 3249 3684 3388 3746; x_wconf 88' lang='grc' dir='ltr'>θεῖος</span> <span class='ocrx_word' id='word_1_573' title='bbox 3416 3679 3688 3751; x_wconf 74' lang='grc' dir='ltr'>ὀφθαλμὸς</span> <span class='ocrx_word' id='word_1_574' title='bbox 3717 3676 3841 3747; x_wconf 80' lang='grc' dir='ltr'>βλέ-</span> 
     </span>
    </p>
   </div>
   <div class='ocr_carea' id='block_1_71' title="bbox 588 3771 3839 3858">
    <p class='ocr_par' dir='ltr' id='par_1_71' title="bbox 588 3771 3839 3858">
     <span class='ocr_line' id='line_1_71' title="bbox 588 3771 3839 3858; baseline -0.004 -21"><span class='ocrx_word' id='word_1_575' title='bbox 588 3800 726 3849; x_wconf 87' lang='grc' dir='ltr'>πων,</span> <span class='ocrx_word' id='word_1_576' title='bbox 755 3784 814 3838; x_wconf 86' lang='grc' dir='ltr'>ὲν</span> <span class='ocrx_word' id='word_1_577' title='bbox 835 3783 1056 3855; x_wconf 78' lang='grc' dir='ltr'>εὐχροίᾳ</span> <span class='ocrx_word' id='word_1_578' title='bbox 1082 3785 1188 3837; x_wconf 72' lang='grc' dir='ltr'>τινὶ</span> <span class='ocrx_word' id='word_1_579' title='bbox 1213 3783 1305 3837; x_wconf 74' lang='grc' dir='ltr'>καὶ</span> <span class='ocrx_word' id='word_1_580' title='bbox 1331 3783 1602 3854; x_wconf 78' lang='grc' dir='ltr'>εὐμορφίᾳ</span> <span class='ocrx_word' id='word_1_581' title='bbox 1641 3783 1702 3836; x_wconf 87' lang='lat'>16</span> <span class='ocrx_word' id='word_1_582' title='bbox 1747 3785 1908 3839; x_wconf 80' lang='grc' dir='ltr'>καλὸν</span> <span class='ocrx_word' id='word_1_583' title='bbox 1956 3786 2215 3855; x_wconf 83' lang='grc' dir='ltr'>ὁρίζεται,</span> <span class='ocrx_word' id='word_1_584' title='bbox 2254 3789 2366 3844; x_wconf 72' lang='grc' dir='ltr'>ἀλλ’</span> <span class='ocrx_word' id='word_1_585' title='bbox 2398 3791 2454 3841; x_wconf 87' lang='grc' dir='ltr'>ὲν</span> <span class='ocrx_word' id='word_1_586' title='bbox 2485 3787 2562 3858; x_wconf 83' lang='grc' dir='ltr'>τῷ</span> <span class='ocrx_word' id='word_1_587' title='bbox 2592 3788 2821 3840; x_wconf 74' lang='grc' dir='ltr'>ἕκαστον</span> <span class='ocrx_word' id='word_1_588' title='bbox 2841 3826 2855 3849; x_wconf 88' lang='grc'>,</span> <span class='ocrx_word' id='word_1_589' title='bbox 2919 3782 3054 3836; x_wconf 83' lang='grc' dir='ltr'>καθὸ</span> <span class='ocrx_word' id='word_1_590' title='bbox 3096 3781 3207 3834; x_wconf 78' lang='grc' dir='ltr'>ἐστι</span> <span class='ocrx_word' id='word_1_591' title='bbox 3235 3820 3248 3844; x_wconf 94' lang='grc'>,</span> <span class='ocrx_word' id='word_1_592' title='bbox 3297 3779 3506 3832; x_wconf 83' lang='grc' dir='ltr'>τελείαν</span> <span class='ocrx_word' id='word_1_593' title='bbox 3555 3777 3612 3827; x_wconf 82' lang='grc' dir='ltr'>ἐν</span> <span class='ocrx_word' id='word_1_594' title='bbox 3659 3771 3839 3840; x_wconf 81' lang='grc' dir='ltr'>ἐαυτῷ</span> 
     </span>
    </p>
   </div>
   <div class='ocr_carea' id='block_1_72' title="bbox 589 3862 3840 3948">
    <p class='ocr_par' dir='ltr' id='par_1_72' title="bbox 589 3862 3840 3948">
     <span class='ocr_line' id='line_1_72' title="bbox 589 3862 3840 3948; baseline -0.005 -19"><span class='ocrx_word' id='word_1_595' title='bbox 589 3876 734 3948; x_wconf 74' lang='grc' dir='ltr'>ἔχειν</span> <span class='ocrx_word' id='word_1_596' title='bbox 766 3876 866 3948; x_wconf 78' lang='grc' dir='ltr'>την</span> <span class='ocrx_word' id='word_1_597' title='bbox 908 3877 1106 3947; x_wconf 75' lang='grc' dir='ltr'>φύσινο</span> <span class='ocrx_word' id='word_1_598' title='bbox 1160 3878 1222 3930; x_wconf 88' lang='grc' dir='ltr'>οὐ</span> <span class='ocrx_word' id='word_1_599' title='bbox 1265 3877 1374 3948; x_wconf 76' lang='grc' dir='ltr'>γὰρ</span> <span class='ocrx_word' id='word_1_600' title='bbox 1406 3879 1463 3930; x_wconf 90' lang='grc' dir='ltr'>ἐν</span> <span class='ocrx_word' id='word_1_601' title='bbox 1507 3876 1584 3948; x_wconf 82' lang='grc' dir='ltr'>τῷ</span> <span class='ocrx_word' id='word_1_602' title='bbox 1613 3877 1739 3947; x_wconf 84' lang='grc' dir='ltr'>βοῦν</span> <span class='ocrx_word' id='word_1_603' title='bbox 1789 3877 1862 3948; x_wconf 85' lang='grc' dir='ltr'>μὴ</span> <span class='ocrx_word' id='word_1_604' title='bbox 1913 3873 2073 3943; x_wconf 77' lang='grc' dir='ltr'>εἶναι,</span> <span class='ocrx_word' id='word_1_605' title='bbox 2121 3879 2213 3934; x_wconf 79' lang='grc' dir='ltr'>τὸν</span> <span class='ocrx_word' id='word_1_606' title='bbox 2261 3883 2423 3935; x_wconf 83' lang='grc' dir='ltr'>ἵππον</span> <span class='ocrx_word' id='word_1_607' title='bbox 2465 3880 2610 3934; x_wconf 73' lang='grc' dir='ltr'>ἐστιν</span> <span class='ocrx_word' id='word_1_608' title='bbox 2648 3875 2806 3943; x_wconf 78' lang='grc' dir='ltr'>εἶναι,</span> <span class='ocrx_word' id='word_1_609' title='bbox 2855 3874 2968 3928; x_wconf 79' lang='grc' dir='ltr'>ἀλλ’</span> <span class='ocrx_word' id='word_1_610' title='bbox 3011 3874 3068 3925; x_wconf 86' lang='grc' dir='ltr'>ἐν</span> <span class='ocrx_word' id='word_1_611' title='bbox 3113 3871 3327 3941; x_wconf 80' lang='grc' dir='ltr'>ἑκάστῳ</span> <span class='ocrx_word' id='word_1_612' title='bbox 3354 3868 3558 3921; x_wconf 87' lang='grc' dir='ltr'>τούτων</span> <span class='ocrx_word' id='word_1_613' title='bbox 3585 3862 3840 3932; x_wconf 89' lang='grc' dir='ltr'>συντηρεῖ</span> 
     </span>
    </p>
   </div>
   <div class='ocr_carea' id='block_1_73' title="bbox 591 3952 3838 4043">
    <p class='ocr_par' dir='ltr' id='par_1_73' title="bbox 591 3952 3838 4043">
     <span class='ocr_line' id='line_1_73' title="bbox 591 3952 3838 4043; baseline -0.001 -23"><span class='ocrx_word' id='word_1_614' title='bbox 591 3968 788 4039; x_wconf 82' lang='grc' dir='ltr'>ἐαυτήν</span> <span class='ocrx_word' id='word_1_615' title='bbox 811 3969 845 4038; x_wconf 82' lang='grc' dir='ltr'><strong>ή</strong></span> <span class='ocrx_word' id='word_1_616' title='bbox 880 3965 1060 4036; x_wconf 88' lang='grc' dir='ltr'>φύσις,</span> <span class='ocrx_word' id='word_1_617' title='bbox 1097 3966 1230 4030; x_wconf 82' lang='grc' dir='ltr'>ιδίας</span> <span class='ocrx_word' id='word_1_618' title='bbox 1259 3966 1512 4037; x_wconf 87' lang='grc' dir='ltr'>ἀφορμὰς</span> <span class='ocrx_word' id='word_1_619' title='bbox 1545 3966 1682 4037; x_wconf 82' lang='grc' dir='ltr'>πρὸς</span> <span class='ocrx_word' id='word_1_620' title='bbox 1720 3967 1817 4038; x_wconf 79' lang='grc' dir='ltr'>τὴν</span> <span class='ocrx_word' id='word_1_621' title='bbox 1867 3967 2001 4021; x_wconf 85' lang='grc' dir='ltr'>ἰδίαν</span> <span class='ocrx_word' id='word_1_622' title='bbox 2049 3969 2304 4043; x_wconf 77' lang='grc' dir='ltr'>διαμονὴν</span> <span class='ocrx_word' id='word_1_623' title='bbox 2332 3970 2658 4041; x_wconf 84' lang='grc' dir='ltr'>κεκτημένη,</span> <span class='ocrx_word' id='word_1_624' title='bbox 2688 3969 2787 4021; x_wconf 89' lang='grc' dir='ltr'>οὐκ</span> <span class='ocrx_word' id='word_1_625' title='bbox 2816 3969 2872 4019; x_wconf 86' lang='grc' dir='ltr'>ἐν</span> <span class='ocrx_word' id='word_1_626' title='bbox 2899 3965 3072 4036; x_wconf 80' lang='grc' dir='ltr'>φθορᾷ</span> <span class='ocrx_word' id='word_1_627' title='bbox 3102 3963 3203 4034; x_wconf 81' lang='grc' dir='ltr'>τῆς</span> <span class='ocrx_word' id='word_1_628' title='bbox 3233 3962 3465 4032; x_wconf 87' lang='grc' dir='ltr'>φύσεως,</span> <span class='ocrx_word' id='word_1_629' title='bbox 3499 3955 3610 4010; x_wconf 83' lang='grc' dir='ltr'>ἀλλ’</span> <span class='ocrx_word' id='word_1_630' title='bbox 3633 3957 3709 4017; x_wconf 83' lang='grc' dir='ltr'>εἰς</span> <span class='ocrx_word' id='word_1_631' title='bbox 3739 3952 3838 4023; x_wconf 68' lang='grc' dir='ltr'>τὴν</span> 
     </span>
    </p>
   </div>
   <div class='ocr_carea' id='block_1_74' title="bbox 589 4055 3597 4129">
    <p class='ocr_par' dir='ltr' id='par_1_74' title="bbox 589 4055 3597 4129">
     <span class='ocr_line' id='line_1_74' title="bbox 589 4055 3597 4129; baseline -0.003 -13"><span class='ocrx_word' id='word_1_632' title='bbox 589 4059 686 4116; x_wconf 76' lang='grc' dir='ltr'>τοῦ</span> <span class='ocrx_word' id='word_1_633' title='bbox 712 4055 848 4113; x_wconf 73' lang='grc' dir='ltr'>εἶναι</span> <span class='ocrx_word' id='word_1_634' title='bbox 873 4057 1098 4129; x_wconf 85' lang='grc' dir='ltr'>δύναμιν</span> <span class='ocrx_word' id='word_1_635' title='bbox 1124 4057 1338 4128; x_wconf 78' lang='grc' dir='ltr'>ἔχουσα.</span> <span class='ocrx_word' id='word_1_636' title='bbox 3591 4102 3597 4106; x_wconf 88' lang='grc'>.</span> 
     </span>
    </p>
   </div>
   <div class='ocr_carea' id='block_1_75' title="bbox 667 4134 2147 4219">
    <p class='ocr_par' dir='ltr' id='par_1_75' title="bbox 667 4151 2143 4216">
     <span class='ocr_line' id='line_1_75' title="bbox 667 4151 2143 4216; baseline 0 -10"><span class='ocrx_word' id='word_1_637' title='bbox 667 4151 760 4206; x_wconf 89' lang='lat' dir='ltr'><strong>Sic</strong></span> <span class='ocrx_word' id='word_1_638' title='bbox 791 4151 953 4205; x_wconf 89' lang='lat' dir='ltr'><strong>etiam</strong></span> <span class='ocrx_word' id='word_1_639' title='bbox 979 4151 1267 4216; x_wconf 86' lang='lat' dir='ltr'><strong>elementa,</strong></span> <span class='ocrx_word' id='word_1_640' title='bbox 1308 4151 1436 4208; x_wconf 93' lang='lat' dir='ltr'><strong>licet</strong></span> <span class='ocrx_word' id='word_1_641' title='bbox 1470 4152 1626 4208; x_wconf 89' lang='lat' dir='ltr'><strong>aliter</strong></span> <span class='ocrx_word' id='word_1_642' title='bbox 1663 4153 1805 4208; x_wconf 90' lang='lat' dir='ltr'><strong>inter</strong></span> <span class='ocrx_word' id='word_1_643' title='bbox 1825 4167 1883 4208; x_wconf 92' lang='lat' dir='ltr'>se</span> <span class='ocrx_word' id='word_1_644' title='bbox 1909 4152 2143 4207; x_wconf 88' lang='lat' dir='ltr'><strong>habeant</strong></span> 
     </span>
    </p>
   </div>
   <div class='ocr_carea' id='block_1_76' title="bbox 2248 4134 3840 4219">
    <p class='ocr_par' dir='ltr' id='par_1_76' title="bbox 2322 4134 3840 4219">
     <span class='ocr_line' id='line_1_76' title="bbox 2322 4134 3840 4219; baseline -0.013 -13"><span class='ocrx_word' id='word_1_645' title='bbox 2322 4151 2480 4206; x_wconf 82' lang='grc' dir='ltr'>Οῦτω</span> <span class='ocrx_word' id='word_1_646' title='bbox 2504 4148 2608 4203; x_wconf 80' lang='grc' dir='ltr'>κᾶν</span> <span class='ocrx_word' id='word_1_647' title='bbox 2637 4147 2835 4219; x_wconf 77' lang='grc' dir='ltr'>ἑτέρως</span> <span class='ocrx_word' id='word_1_648' title='bbox 2859 4145 2970 4215; x_wconf 76' lang='grc' dir='ltr'>ἔχοι</span> <span class='ocrx_word' id='word_1_649' title='bbox 2992 4143 3062 4196; x_wconf 85' lang='grc' dir='ltr'>τὰ</span> <span class='ocrx_word' id='word_1_650' title='bbox 3081 4142 3315 4211; x_wconf 88' lang='grc' dir='ltr'>στοιχεῖα</span> <span class='ocrx_word' id='word_1_651' title='bbox 3325 4138 3461 4209; x_wconf 86' lang='grc' dir='ltr'>πρὸς</span> <span class='ocrx_word' id='word_1_652' title='bbox 3477 4135 3700 4206; x_wconf 74' lang='grc' dir='ltr'>ἄλληλα,</span> <span class='ocrx_word' id='word_1_653' title='bbox 3723 4134 3840 4188; x_wconf 85' lang='grc' dir='ltr'>ἀλλ’</span> 
     </span>
    </p>
   </div>
   <div class='ocr_carea' id='block_1_77' title="bbox 599 4225 2147 4316">
    <p class='ocr_par' dir='ltr' id='par_1_77' title="bbox 599 4243 2147 4316">
     <span class='ocr_line' id='line_1_77' title="bbox 599 4243 2147 4316; baseline 0 -18"><span class='ocrx_word' id='word_1_654' title='bbox 599 4243 813 4314; x_wconf 85' lang='lat' dir='ltr'><strong>singula</strong></span> <span class='ocrx_word' id='word_1_655' title='bbox 851 4251 1031 4300; x_wconf 86' lang='lat' dir='ltr'><strong>tamen</strong></span> <span class='ocrx_word' id='word_1_656' title='bbox 1078 4244 1136 4298; x_wconf 90' lang='lat' dir='ltr'>in</span> <span class='ocrx_word' id='word_1_657' title='bbox 1177 4259 1236 4300; x_wconf 90' lang='lat' dir='ltr'>se</span> <span class='ocrx_word' id='word_1_658' title='bbox 1292 4245 1451 4301; x_wconf 86' lang='lat' dir='ltr'><strong>valde</strong></span> <span class='ocrx_word' id='word_1_659' title='bbox 1497 4255 1625 4300; x_wconf 91' lang='lat' dir='ltr'><strong>sunt</strong></span> <span class='ocrx_word' id='word_1_660' title='bbox 1663 4246 1908 4316; x_wconf 88' lang='lat' dir='ltr'><strong>pulchra.</strong></span> <span class='ocrx_word' id='word_1_661' title='bbox 1941 4244 2147 4316; x_wconf 76' lang='lat' dir='ltr'><strong>Pmpri:</strong></span> 
     </span>
    </p>
   </div>
   <div class='ocr_carea' id='block_1_78' title="bbox 2248 4225 3838 4316">
    <p class='ocr_par' dir='ltr' id='par_1_78' title="bbox 2261 4225 3838 4311">
     <span class='ocr_line' id='line_1_78' title="bbox 2261 4225 3838 4311; baseline -0.013 -13"><span class='ocrx_word' id='word_1_662' title='bbox 2261 4241 2353 4298; x_wconf 80' lang='grc' dir='ltr'>οὖν</span> <span class='ocrx_word' id='word_1_663' title='bbox 2384 4244 2468 4311; x_wconf 76' lang='grc' dir='ltr'>ἐφ’</span> <span class='ocrx_word' id='word_1_664' title='bbox 2501 4239 2692 4294; x_wconf 84' lang='grc' dir='ltr'>ἑαυτοῦ</span> <span class='ocrx_word' id='word_1_665' title='bbox 2721 4238 2950 4290; x_wconf 75' lang='grc' dir='ltr'>ἕκαστον</span> <span class='ocrx_word' id='word_1_666' title='bbox 2977 4233 3142 4288; x_wconf 79' lang='grc' dir='ltr'>καλόν</span> <span class='ocrx_word' id='word_1_667' title='bbox 3167 4234 3280 4284; x_wconf 87' lang='grc' dir='ltr'>ἐστι</span> <span class='ocrx_word' id='word_1_668' title='bbox 3313 4229 3454 4283; x_wconf 87' lang='grc' dir='ltr'>λίαν.</span> <span class='ocrx_word' id='word_1_669' title='bbox 3497 4227 3611 4296; x_wconf 84' lang='grc' dir='ltr'>Ἐφ’</span> <span class='ocrx_word' id='word_1_670' title='bbox 3643 4225 3838 4279; x_wconf 87' lang='grc' dir='ltr'>ἐαυτοῦ</span> 
     </span>
    </p>
   </div>
   <div class='ocr_carea' id='block_1_79' title="bbox 599 4317 2147 4408">
    <p class='ocr_par' dir='ltr' id='par_1_79' title="bbox 599 4335 2146 4408">
     <span class='ocr_line' id='line_1_79' title="bbox 599 4335 2146 4408; baseline 0 -18"><span class='ocrx_word' id='word_1_671' title='bbox 599 4335 746 4390; x_wconf 92' lang='lat' dir='ltr'><strong>enim</strong></span> <span class='ocrx_word' id='word_1_672' title='bbox 779 4335 1204 4406; x_wconf 87' lang='lat' dir='ltr'><strong>unumquodque</strong></span> <span class='ocrx_word' id='word_1_673' title='bbox 1233 4337 1442 4392; x_wconf 89' lang='lat' dir='ltr'><strong>ratione</strong></span> <span class='ocrx_word' id='word_1_674' title='bbox 1465 4338 1793 4408; x_wconf 87' lang='lat' dir='ltr'><strong>completum</strong></span> <span class='ocrx_word' id='word_1_675' title='bbox 1825 4345 1908 4392; x_wconf 90' lang='lat' dir='ltr'>est</span> <span class='ocrx_word' id='word_1_676' title='bbox 1935 4337 2146 4407; x_wconf 85' lang='lat' dir='ltr'><strong>pulchri</strong></span> 
     </span>
    </p>
   </div>
   <div class='ocr_carea' id='block_1_80' title="bbox 2248 4317 3835 4408">
    <p class='ocr_par' dir='ltr' id='par_1_80' title="bbox 2262 4317 3835 4408">
     <span class='ocr_line' id='line_1_80' title="bbox 2262 4317 3835 4408; baseline -0.014 -18"><span class='ocrx_word' id='word_1_677' title='bbox 2262 4337 2371 4407; x_wconf 81' lang='grc' dir='ltr'>γὰρ</span> <span class='ocrx_word' id='word_1_678' title='bbox 2403 4332 2640 4388; x_wconf 81' lang='grc' dir='ltr'>κατὰτὸν</span> <span class='ocrx_word' id='word_1_679' title='bbox 2657 4331 2786 4383; x_wconf 76' lang='grc' dir='ltr'>ἴδιον</span> <span class='ocrx_word' id='word_1_680' title='bbox 2800 4329 2956 4396; x_wconf 89' lang='grc' dir='ltr'>λόγον</span> <span class='ocrx_word' id='word_1_681' title='bbox 2987 4328 3044 4379; x_wconf 83' lang='grc' dir='ltr'>ἐν</span> <span class='ocrx_word' id='word_1_682' title='bbox 3062 4324 3139 4396; x_wconf 83' lang='grc' dir='ltr'>τῷ</span> <span class='ocrx_word' id='word_1_683' title='bbox 3161 4320 3310 4392; x_wconf 85' lang='grc' dir='ltr'>καλῷ</span> <span class='ocrx_word' id='word_1_684' title='bbox 3350 4317 3835 4408; x_wconf 83' lang='grc' dir='ltr'>συμπεπλήρωται.</span> 
     </span>
    </p>
   </div>
   <div class='ocr_carea' id='block_1_81' title="bbox 601 4407 2147 4496">
    <p class='ocr_par' dir='ltr' id='par_1_81' title="bbox 601 4407 2147 4496">
     <span class='ocr_line' id='line_1_81' title="bbox 601 4407 2147 4496; baseline 0.001 -18"><span class='ocrx_word' id='word_1_685' title='bbox 601 4424 813 4480; x_wconf 90' lang='lat' dir='ltr'><strong>tudine.</strong></span> <span class='ocrx_word' id='word_1_686' title='bbox 833 4424 1068 4480; x_wconf 87' lang='lat' dir='ltr'><strong>Pulchra</strong></span> <span class='ocrx_word' id='word_1_687' title='bbox 1095 4433 1177 4480; x_wconf 87' lang='lat' dir='ltr'>est</span> <span class='ocrx_word' id='word_1_688' title='bbox 1196 4433 1359 4491; x_wconf 89' lang='lat' dir='ltr'><strong>terra,</strong></span> <span class='ocrx_word' id='word_1_689' title='bbox 1383 4407 1727 4496; x_wconf 10' lang='lat' dir='ltr'><strong>quippeiqute</strong></span> <span class='ocrx_word' id='word_1_690' title='bbox 1755 4443 1860 4481; x_wconf 90' lang='lat' dir='ltr'>non</span> <span class='ocrx_word' id='word_1_691' title='bbox 1881 4435 2000 4496; x_wconf 86' lang='lat' dir='ltr'><strong>eget</strong></span> <span class='ocrx_word' id='word_1_692' title='bbox 2028 4429 2147 4482; x_wconf 81' lang='lat' dir='ltr'><strong>aeri:</strong></span> 
     </span>
    </p>
   </div>
   <div class='ocr_carea' id='block_1_82' title="bbox 2248 4407 3842 4496">
    <p class='ocr_par' dir='ltr' id='par_1_82' title="bbox 2265 4407 3842 4494">
     <span class='ocr_line' id='line_1_82' title="bbox 2265 4407 3842 4494; baseline -0.016 -11"><span class='ocrx_word' id='word_1_693' title='bbox 2265 4429 2439 4483; x_wconf 80' lang='grc' dir='ltr'>Καλόν</span> <span class='ocrx_word' id='word_1_694' title='bbox 2469 4430 2613 4480; x_wconf 82' lang='grc' dir='ltr'>ἐστιν</span> <span class='ocrx_word' id='word_1_695' title='bbox 2631 4427 2664 4490; x_wconf 83' lang='grc' dir='ltr'>ἡ</span> <span class='ocrx_word' id='word_1_696' title='bbox 2688 4424 2780 4494; x_wconf 82' lang='grc' dir='ltr'>γῆ·</span> <span class='ocrx_word' id='word_1_697' title='bbox 2805 4423 2864 4475; x_wconf 93' lang='grc' dir='ltr'>οὐ</span> <span class='ocrx_word' id='word_1_698' title='bbox 2879 4421 2988 4492; x_wconf 89' lang='grc' dir='ltr'>γάρ</span> <span class='ocrx_word' id='word_1_699' title='bbox 3006 4419 3102 4489; x_wconf 81' lang='grc' dir='ltr'>τῆς</span> <span class='ocrx_word' id='word_1_700' title='bbox 3129 4415 3402 4476; x_wconf 83' lang='grc' dir='ltr'>ἀπωλείας</span> <span class='ocrx_word' id='word_1_701' title='bbox 3418 4410 3509 4464; x_wconf 89' lang='grc' dir='ltr'>τοῦ</span> <span class='ocrx_word' id='word_1_702' title='bbox 3526 4411 3686 4480; x_wconf 82' lang='grc' dir='ltr'>ἀέρος</span> <span class='ocrx_word' id='word_1_703' title='bbox 3700 4407 3842 4479; x_wconf 79' lang='grc' dir='ltr'>χρῄ-</span> 
     </span>
    </p>
   </div>
   <div class='ocr_carea' id='block_1_83' title="bbox 603 4501 2147 4608">
    <p class='ocr_par' dir='ltr' id='par_1_83' title="bbox 603 4517 2147 4582">
     <span class='ocr_line' id='line_1_83' title="bbox 603 4517 2147 4582; baseline 0 -10"><span class='ocrx_word' id='word_1_704' title='bbox 603 4517 852 4582; x_wconf 86' lang='lat' dir='ltr'><strong>interitu,</strong></span> <span class='ocrx_word' id='word_1_705' title='bbox 887 4525 947 4571; x_wconf 90' lang='lat' dir='ltr'>ut</span> <span class='ocrx_word' id='word_1_706' title='bbox 971 4525 1115 4572; x_wconf 89' lang='lat' dir='ltr'><strong>terra</strong></span> <span class='ocrx_word' id='word_1_707' title='bbox 1145 4518 1238 4582; x_wconf 88' lang='lat' dir='ltr'><strong>sit,</strong></span> <span class='ocrx_word' id='word_1_708' title='bbox 1277 4518 1370 4573; x_wconf 92' lang='lat' dir='ltr'>sed</span> <span class='ocrx_word' id='word_1_709' title='bbox 1404 4517 1636 4572; x_wconf 85' lang='lat' dir='ltr'><strong>naturali</strong></span> <span class='ocrx_word' id='word_1_710' title='bbox 1667 4519 1768 4573; x_wconf 92' lang='lat' dir='ltr'><strong>sibi</strong></span> <span class='ocrx_word' id='word_1_711' title='bbox 1804 4533 1830 4572; x_wconf 88' lang='lat' dir='ltr'>a</span> <span class='ocrx_word' id='word_1_712' title='bbox 1865 4517 1973 4574; x_wconf 90' lang='lat' dir='ltr'><strong>Deo</strong></span> <span class='ocrx_word' id='word_1_713' title='bbox 2004 4519 2147 4575; x_wconf 81' lang='lat' dir='ltr'><strong>insit:</strong></span> 
     </span>
    </p>
   </div>
   <div class='ocr_carea' id='block_1_84' title="bbox 2248 4501 3838 4608">
    <p class='ocr_par' dir='ltr' id='par_1_84' title="bbox 2268 4501 3838 4590">
     <span class='ocr_line' id='line_1_84' title="bbox 2268 4501 3838 4590; baseline -0.014 -16"><span class='ocrx_word' id='word_1_714' title='bbox 2268 4521 2349 4584; x_wconf 84' lang='grc' dir='ltr'>ζει</span> <span class='ocrx_word' id='word_1_715' title='bbox 2375 4519 2508 4590; x_wconf 87' lang='grc' dir='ltr'>πρὸς</span> <span class='ocrx_word' id='word_1_716' title='bbox 2519 4517 2580 4570; x_wconf 87' lang='grc' dir='ltr'>τὸ</span> <span class='ocrx_word' id='word_1_717' title='bbox 2601 4511 2738 4569; x_wconf 84' lang='grc' dir='ltr'>εἶναι</span> <span class='ocrx_word' id='word_1_718' title='bbox 2753 4514 2846 4584; x_wconf 78' lang='grc' dir='ltr'>γῆ,</span> <span class='ocrx_word' id='word_1_719' title='bbox 2867 4512 2999 4567; x_wconf 88' lang='grc' dir='ltr'>ἀλλὰ</span> <span class='ocrx_word' id='word_1_720' title='bbox 3019 4510 3166 4581; x_wconf 89' lang='grc' dir='ltr'>μένει</span> <span class='ocrx_word' id='word_1_721' title='bbox 3189 4509 3244 4561; x_wconf 84' lang='grc' dir='ltr'>ἐν</span> <span class='ocrx_word' id='word_1_722' title='bbox 3259 4509 3378 4569; x_wconf 86' lang='grc' dir='ltr'>ταῖς</span> <span class='ocrx_word' id='word_1_723' title='bbox 3399 4505 3553 4566; x_wconf 82' lang='grc' dir='ltr'>ἰδίαις</span> <span class='ocrx_word' id='word_1_724' title='bbox 3569 4501 3838 4572; x_wconf 83' lang='grc' dir='ltr'>ποιότησι,</span> 
     </span>
    </p>
   </div>
   <div class='ocr_carea' id='block_1_85' title="bbox 606 4595 2147 4682">
    <p class='ocr_par' dir='ltr' id='par_1_85' title="bbox 606 4608 2147 4679">
     <span class='ocr_line' id='line_1_85' title="bbox 606 4608 2147 4679; baseline 0.001 -16"><span class='ocrx_word' id='word_1_725' title='bbox 606 4616 874 4679; x_wconf 88' lang='lat' dir='ltr'><strong>potestate</strong></span> <span class='ocrx_word' id='word_1_726' title='bbox 907 4623 1029 4665; x_wconf 89' lang='lat' dir='ltr'><strong>sese</strong></span> <span class='ocrx_word' id='word_1_727' title='bbox 1060 4623 1418 4673; x_wconf 89' lang='lat' dir='ltr'><strong>conservans,</strong></span> <span class='ocrx_word' id='word_1_728' title='bbox 1453 4608 1507 4663; x_wconf 89' lang='lat' dir='ltr'>in</span> <span class='ocrx_word' id='word_1_729' title='bbox 1549 4609 1784 4679; x_wconf 89' lang='lat' dir='ltr'><strong>propriis</strong></span> <span class='ocrx_word' id='word_1_730' title='bbox 1814 4610 2147 4679; x_wconf 72' lang='lat' dir='ltr'><strong>qualitatibu:</strong></span> 
     </span>
    </p>
   </div>
   <div class='ocr_carea' id='block_1_86' title="bbox 2248 4595 3840 4682">
    <p class='ocr_par' dir='ltr' id='par_1_86' title="bbox 2267 4595 3840 4682">
     <span class='ocr_line' id='line_1_86' title="bbox 2267 4595 3840 4682; baseline -0.017 -13"><span class='ocrx_word' id='word_1_731' title='bbox 2267 4615 2354 4669; x_wconf 79' lang='grc' dir='ltr'>διὰ</span> <span class='ocrx_word' id='word_1_732' title='bbox 2367 4614 2461 4682; x_wconf 80' lang='grc' dir='ltr'>τῆς</span> <span class='ocrx_word' id='word_1_733' title='bbox 2483 4607 2715 4681; x_wconf 83' lang='grc' dir='ltr'>φυσικῆς</span> <span class='ocrx_word' id='word_1_734' title='bbox 2729 4607 2865 4676; x_wconf 84' lang='grc' dir='ltr'>αὐτῇ</span> <span class='ocrx_word' id='word_1_735' title='bbox 2879 4603 3060 4657; x_wconf 85' lang='grc' dir='ltr'>θεόθεν</span> <span class='ocrx_word' id='word_1_736' title='bbox 3077 4597 3398 4669; x_wconf 79' lang='grc' dir='ltr'>ἐγκειμένης</span> <span class='ocrx_word' id='word_1_737' title='bbox 3416 4595 3695 4682; x_wconf 69' lang='grc' dir='ltr'>δυνάμεως</span> <span class='ocrx_word' id='word_1_738' title='bbox 3712 4595 3840 4682; x_wconf 84' lang='grc' dir='ltr'>ἐαυ-</span> 
     </span>
    </p>
   </div>
   <div class='ocr_carea' id='block_1_87' title="bbox 609 4699 2168 4771">
    <p class='ocr_par' dir='ltr' id='par_1_87' title="bbox 609 4699 2168 4771">
     <span class='ocr_line' id='line_1_87' title="bbox 609 4699 2168 4771; baseline 0 -16"><span class='ocrx_word' id='word_1_739' title='bbox 609 4708 812 4756; x_wconf 89' lang='lat' dir='ltr'><strong>manet.</strong></span> <span class='ocrx_word' id='word_1_740' title='bbox 845 4699 1078 4757; x_wconf 86' lang='lat' dir='ltr'><strong>Pulcher</strong></span> <span class='ocrx_word' id='word_1_741' title='bbox 1112 4709 1196 4756; x_wconf 90' lang='lat' dir='ltr'>est</span> <span class='ocrx_word' id='word_1_742' title='bbox 1228 4715 1341 4765; x_wconf 88' lang='lat' dir='ltr'><strong>aer,</strong></span> <span class='ocrx_word' id='word_1_743' title='bbox 1373 4715 1482 4756; x_wconf 92' lang='lat' dir='ltr'>non</span> <span class='ocrx_word' id='word_1_744' title='bbox 1499 4717 1569 4754; x_wconf 81' lang='lat' dir='ltr'><strong>ex</strong></span> <span class='ocrx_word' id='word_1_745' title='bbox 1607 4716 1671 4755; x_wconf 90' lang='lat' dir='ltr'>eo</span> <span class='ocrx_word' id='word_1_746' title='bbox 1698 4700 1840 4771; x_wconf 91' lang='lat' dir='ltr'><strong>quod</strong></span> <span class='ocrx_word' id='word_1_747' title='bbox 1871 4707 2017 4756; x_wconf 88' lang='lat' dir='ltr'><strong>terra</strong></span> <span class='ocrx_word' id='word_1_748' title='bbox 2059 4716 2168 4755; x_wconf 91' lang='lat' dir='ltr'>non</span> 
     </span>
    </p>
   </div>
   <div class='ocr_carea' id='block_1_88' title="bbox 611 4792 2170 4866">
    <p class='ocr_par' dir='ltr' id='par_1_88' title="bbox 611 4792 2170 4866">
     <span class='ocr_line' id='line_1_88' title="bbox 611 4792 2170 4866; baseline 0.001 -17"><span class='ocrx_word' id='word_1_749' title='bbox 611 4794 705 4857; x_wconf 87' lang='lat' dir='ltr'><strong>sit,</strong></span> <span class='ocrx_word' id='word_1_750' title='bbox 755 4792 848 4848; x_wconf 89' lang='lat' dir='ltr'>sed</span> <span class='ocrx_word' id='word_1_751' title='bbox 875 4793 1018 4864; x_wconf 90' lang='lat' dir='ltr'><strong>quod</strong></span> <span class='ocrx_word' id='word_1_752' title='bbox 1049 4793 1164 4862; x_wconf 91' lang='lat' dir='ltr'><strong>ipse</strong></span> <span class='ocrx_word' id='word_1_753' title='bbox 1209 4800 1314 4858; x_wconf 91' lang='lat' dir='ltr'><strong>est,</strong></span> <span class='ocrx_word' id='word_1_754' title='bbox 1361 4807 1528 4866; x_wconf 85' lang='lat' dir='ltr'><strong>seque</strong></span> <span class='ocrx_word' id='word_1_755' title='bbox 1568 4805 1776 4848; x_wconf 58' lang='lat' dir='ltr'><strong>natura:</strong></span> <span class='ocrx_word' id='word_1_756' title='bbox 1818 4809 1930 4849; x_wconf 67' lang='lat' dir='ltr'><strong>suae</strong></span> <span class='ocrx_word' id='word_1_757' title='bbox 1964 4794 2170 4851; x_wconf 91' lang='lat' dir='ltr'><strong>viribus</strong></span> 
     </span>
    </p>
   </div>
   <div class='ocr_carea' id='block_1_89' title="bbox 610 4885 2172 4958">
    <p class='ocr_par' dir='ltr' id='par_1_89' title="bbox 610 4885 2172 4958">
     <span class='ocr_line' id='line_1_89' title="bbox 610 4885 2172 4958; baseline -0.001 -15"><span class='ocrx_word' id='word_1_758' title='bbox 610 4893 905 4943; x_wconf 83' lang='lat' dir='ltr'><strong>sustentat.</strong></span> <span class='ocrx_word' id='word_1_759' title='bbox 975 4885 1065 4943; x_wconf 90' lang='lat' dir='ltr'><strong>Sic</strong></span> <span class='ocrx_word' id='word_1_760' title='bbox 1113 4887 1276 4940; x_wconf 89' lang='lat' dir='ltr'><strong>etiam</strong></span> <span class='ocrx_word' id='word_1_761' title='bbox 1319 4902 1458 4956; x_wconf 91' lang='lat' dir='ltr'><strong>aqua</strong></span> <span class='ocrx_word' id='word_1_762' title='bbox 1504 4894 1587 4942; x_wconf 91' lang='lat' dir='ltr'>est</span> <span class='ocrx_word' id='word_1_763' title='bbox 1630 4887 1786 4943; x_wconf 89' lang='lat' dir='ltr'><strong>valde</strong></span> <span class='ocrx_word' id='word_1_764' title='bbox 1833 4887 2078 4958; x_wconf 88' lang='lat' dir='ltr'><strong>pulchra,</strong></span> <span class='ocrx_word' id='word_1_765' title='bbox 2117 4895 2172 4943; x_wconf 92' lang='lat' dir='ltr'>et</span> 
     </span>
    </p>
   </div>
   <div class='ocr_carea' id='block_1_90' title="bbox 613 4978 2171 5050">
    <p class='ocr_par' dir='ltr' id='par_1_90' title="bbox 613 4978 2171 5050">
     <span class='ocr_line' id='line_1_90' title="bbox 613 4978 2171 5050; baseline 0.001 -19"><span class='ocrx_word' id='word_1_766' title='bbox 613 4978 754 5048; x_wconf 89' lang='lat' dir='ltr'><strong>ignis</strong></span> <span class='ocrx_word' id='word_1_767' title='bbox 788 4978 1012 5047; x_wconf 90' lang='lat' dir='ltr'><strong>pulcher</strong></span> <span class='ocrx_word' id='word_1_768' title='bbox 1035 4985 1120 5033; x_wconf 81' lang='lat' dir='ltr'>est</span> <span class='ocrx_word' id='word_1_769' title='bbox 1141 4979 1314 5044; x_wconf 87' lang='lat' dir='ltr'><strong>valde,</strong></span> <span class='ocrx_word' id='word_1_770' title='bbox 1344 4987 1396 5032; x_wconf 92' lang='lat' dir='ltr'>et</span> <span class='ocrx_word' id='word_1_771' title='bbox 1425 4979 1660 5049; x_wconf 91' lang='lat' dir='ltr'><strong>propriis</strong></span> <span class='ocrx_word' id='word_1_772' title='bbox 1689 4988 1916 5050; x_wconf 90' lang='lat' dir='ltr'><strong>uterque</strong></span> <span class='ocrx_word' id='word_1_773' title='bbox 1944 4981 2171 5050; x_wconf 73' lang='lat' dir='ltr'><strong>qualita~</strong></span> 
     </span>
    </p>
   </div>
   <div class='ocr_carea' id='block_1_91' title="bbox 613 5071 2173 5144">
    <p class='ocr_par' dir='ltr' id='par_1_91' title="bbox 613 5071 2173 5144">
     <span class='ocr_line' id='line_1_91' title="bbox 613 5071 2173 5144; baseline 0.002 -19"><span class='ocrx_word' id='word_1_774' title='bbox 613 5071 761 5126; x_wconf 88' lang='lat' dir='ltr'><strong>tibus</strong></span> <span class='ocrx_word' id='word_1_775' title='bbox 790 5071 1090 5134; x_wconf 87' lang='lat' dir='ltr'><strong>absolutus,</strong></span> <span class='ocrx_word' id='word_1_776' title='bbox 1131 5073 1185 5125; x_wconf 91' lang='lat' dir='ltr'>in</span> <span class='ocrx_word' id='word_1_777' title='bbox 1215 5086 1278 5125; x_wconf 91' lang='lat' dir='ltr'>ea</span> <span class='ocrx_word' id='word_1_778' title='bbox 1319 5087 1575 5128; x_wconf 89' lang='lat' dir='ltr'><strong>mensura</strong></span> <span class='ocrx_word' id='word_1_779' title='bbox 1603 5087 1709 5143; x_wconf 90' lang='lat' dir='ltr'>qua</span> <span class='ocrx_word' id='word_1_780' title='bbox 1743 5074 1972 5142; x_wconf 85' lang='lat' dir='ltr'><strong>primum</strong></span> <span class='ocrx_word' id='word_1_781' title='bbox 2008 5089 2173 5144; x_wconf 89' lang='lat' dir='ltr'><strong>gene-</strong></span> 
     </span>
    </p>
   </div>
   <div class='ocr_carea' id='block_1_92' title="bbox 615 5162 2176 5235">
    <p class='ocr_par' dir='ltr' id='par_1_92' title="bbox 615 5162 2176 5235">
     <span class='ocr_line' id='line_1_92' title="bbox 615 5162 2176 5235; baseline 0.002 -18"><span class='ocrx_word' id='word_1_782' title='bbox 615 5171 769 5217; x_wconf 81' lang='lat' dir='ltr'><strong>ratus</strong></span> <span class='ocrx_word' id='word_1_783' title='bbox 805 5169 912 5227; x_wconf 90' lang='lat' dir='ltr'><strong>est,</strong></span> <span class='ocrx_word' id='word_1_784' title='bbox 963 5162 1159 5217; x_wconf 61' lang='lat' dir='ltr'><strong>divinis</strong></span> <span class='ocrx_word' id='word_1_785' title='bbox 1200 5164 1498 5220; x_wconf 88' lang='lat' dir='ltr'><strong>voluntatis</strong></span> <span class='ocrx_word' id='word_1_786' title='bbox 1529 5164 1725 5219; x_wconf 90' lang='lat' dir='ltr'><strong>virtute</strong></span> <span class='ocrx_word' id='word_1_787' title='bbox 1761 5174 2018 5235; x_wconf 90' lang='lat' dir='ltr'><strong>perpetuo</strong></span> <span class='ocrx_word' id='word_1_788' title='bbox 2046 5180 2176 5220; x_wconf 87' lang='lat' dir='ltr'><strong>con-</strong></span> 
     </span>
    </p>
   </div>
   <div class='ocr_carea' id='block_1_93' title="bbox 615 5253 2165 5327">
    <p class='ocr_par' dir='ltr' id='par_1_93' title="bbox 615 5253 2165 5327">
     <span class='ocr_line' id='line_1_93' title="bbox 615 5253 2165 5327; baseline -0.005 -16"><span class='ocrx_word' id='word_1_789' title='bbox 615 5261 887 5311; x_wconf 81' lang='lat' dir='ltr'><strong>servatur.</strong></span> <span class='ocrx_word' id='word_1_790' title='bbox 949 5253 1176 5318; x_wconf 74' lang='lat' dir='ltr'><strong>cTerra,</strong></span> <span class='ocrx_word' id='word_1_791' title='bbox 1234 5257 1456 5327; x_wconf 89' lang='lat' dir='ltr'><strong>inquit,</strong></span> <span class='ocrx_word' id='word_1_792' title='bbox 1503 5256 1556 5310; x_wconf 91' lang='lat' dir='ltr'>in</span> <span class='ocrx_word' id='word_1_793' title='bbox 1589 5263 1849 5309; x_wconf 58' lang='lat' dir='ltr'><strong>aeternum</strong></span> <span class='ocrx_word' id='word_1_794' title='bbox 1889 5260 1996 5309; x_wconf 87' lang='lat' dir='ltr'><strong>stat</strong></span> <span class='ocrx_word' id='word_1_795' title='bbox 2019 5253 2107 5305; x_wconf 74' lang='grc' dir='ltr'>’τε</span> <span class='ocrx_word' id='word_1_796' title='bbox 2147 5270 2165 5303; x_wconf 75' lang='grc' dir='ltr'>ι</span> 
     </span>
    </p>
   </div>
   <div class='ocr_carea' id='block_1_94' title="bbox 612 5345 2172 5419">
    <p class='ocr_par' dir='ltr' id='par_1_94' title="bbox 612 5345 2172 5419">
     <span class='ocr_line' id='line_1_94' title="bbox 612 5345 2172 5419; baseline -0.004 -14"><span class='ocrx_word' id='word_1_797' title='bbox 612 5365 724 5405; x_wconf 86' lang='lat' dir='ltr'>non</span> <span class='ocrx_word' id='word_1_798' title='bbox 773 5345 1128 5415; x_wconf 89' lang='lat' dir='ltr'><strong>imminuitur,</strong></span> <span class='ocrx_word' id='word_1_799' title='bbox 1160 5363 1268 5402; x_wconf 88' lang='lat' dir='ltr'>non</span> <span class='ocrx_word' id='word_1_800' title='bbox 1297 5357 1553 5419; x_wconf 81' lang='lat' dir='ltr'><strong>augetur:</strong></span> <span class='ocrx_word' id='word_1_801' title='bbox 1591 5362 1683 5402; x_wconf 91' lang='lat' dir='ltr'>aer</span> <span class='ocrx_word' id='word_1_802' title='bbox 1713 5347 1765 5401; x_wconf 91' lang='lat' dir='ltr'>in</span> <span class='ocrx_word' id='word_1_803' title='bbox 1799 5346 2031 5417; x_wconf 91' lang='lat' dir='ltr'><strong>propriis</strong></span> <span class='ocrx_word' id='word_1_804' title='bbox 2061 5361 2172 5401; x_wconf 90' lang='lat' dir='ltr'><strong>ser-</strong></span> 
     </span>
    </p>
   </div>
   <div class='ocr_carea' id='block_1_95' title="bbox 619 5438 2177 5511">
    <p class='ocr_par' dir='ltr' id='par_1_95' title="bbox 619 5438 2177 5511">
     <span class='ocr_line' id='line_1_95' title="bbox 619 5438 2177 5511; baseline -0.001 -19"><span class='ocrx_word' id='word_1_805' title='bbox 619 5450 780 5493; x_wconf 85' lang='lat' dir='ltr'><strong>vatur</strong></span> <span class='ocrx_word' id='word_1_806' title='bbox 812 5438 1091 5506; x_wconf 84' lang='lat' dir='ltr'><strong>terminis;</strong></span> <span class='ocrx_word' id='word_1_807' title='bbox 1119 5439 1260 5511; x_wconf 89' lang='lat' dir='ltr'><strong>ignis</strong></span> <span class='ocrx_word' id='word_1_808' title='bbox 1288 5455 1397 5495; x_wconf 90' lang='lat' dir='ltr'>non</span> <span class='ocrx_word' id='word_1_809' title='bbox 1427 5440 1711 5496; x_wconf 91' lang='lat' dir='ltr'><strong>minuitur.</strong></span> <span class='ocrx_word' id='word_1_810' title='bbox 1743 5439 1987 5504; x_wconf 88' lang='lat' dir='ltr'><strong>Quonam</strong></span> <span class='ocrx_word' id='word_1_811' title='bbox 2015 5438 2177 5510; x_wconf 88' lang='lat' dir='ltr'><strong>igitur</strong></span> 
     </span>
    </p>
   </div>
   <div class='ocr_carea' id='block_1_96' title="bbox 620 5529 2176 5603">
    <p class='ocr_par' dir='ltr' id='par_1_96' title="bbox 620 5529 2176 5603">
     <span class='ocr_line' id='line_1_96' title="bbox 620 5529 2176 5603; baseline -0.001 -19"><span class='ocrx_word' id='word_1_812' title='bbox 620 5538 779 5600; x_wconf 76' lang='lat' dir='ltr'><strong>pacto</strong></span> <span class='ocrx_word' id='word_1_813' title='bbox 810 5543 949 5599; x_wconf 87' lang='lat' dir='ltr'><strong>aqua</strong></span> <span class='ocrx_word' id='word_1_814' title='bbox 997 5529 1113 5586; x_wconf 87' lang='lat' dir='ltr'><strong>sola</strong></span> <span class='ocrx_word' id='word_1_815' title='bbox 1151 5544 1214 5586; x_wconf 80' lang='lat' dir='ltr'><strong>ex</strong></span> <span class='ocrx_word' id='word_1_816' title='bbox 1243 5547 1427 5587; x_wconf 88' lang='lat' dir='ltr'><strong>eorum</strong></span> <span class='ocrx_word' id='word_1_817' title='bbox 1461 5548 1660 5603; x_wconf 88' lang='lat' dir='ltr'><strong>genere</strong></span> <span class='ocrx_word' id='word_1_818' title='bbox 1685 5539 1786 5596; x_wconf 88' lang='lat' dir='ltr'><strong>cst,</strong></span> <span class='ocrx_word' id='word_1_819' title='bbox 1829 5545 1948 5600; x_wconf 70' lang='lat' dir='ltr'><strong>qua:</strong></span> <span class='ocrx_word' id='word_1_820' title='bbox 1979 5544 2176 5583; x_wconf 88' lang='lat' dir='ltr'><strong>consu-</strong></span> 
     </span>
    </p>
   </div>
   <div class='ocr_carea' id='block_1_97' title="bbox 623 5620 2177 5695">
    <p class='ocr_par' dir='ltr' id='par_1_97' title="bbox 623 5620 2177 5695">
     <span class='ocr_line' id='line_1_97' title="bbox 623 5620 2177 5695; baseline -0.002 -19"><span class='ocrx_word' id='word_1_821' title='bbox 623 5621 886 5678; x_wconf 80' lang='lat' dir='ltr'><strong>muntur?</strong></span> <span class='ocrx_word' id='word_1_822' title='bbox 922 5620 1185 5679; x_wconf 69' lang='lat' dir='ltr'><strong>Praeterea</strong></span> <span class='ocrx_word' id='word_1_823' title='bbox 1222 5625 1276 5680; x_wconf 91' lang='lat' dir='ltr'>in</span> <span class='ocrx_word' id='word_1_824' title='bbox 1322 5625 1484 5681; x_wconf 87' lang='lat' dir='ltr'><strong>rebus</strong></span> <span class='ocrx_word' id='word_1_825' title='bbox 1528 5623 1662 5695; x_wconf 83' lang='lat' dir='ltr'><strong>ipsis</strong></span> <span class='ocrx_word' id='word_1_826' title='bbox 1693 5623 1833 5679; x_wconf 89' lang='lat' dir='ltr'><strong>inter</strong></span> <span class='ocrx_word' id='word_1_827' title='bbox 1871 5636 1930 5678; x_wconf 88' lang='lat' dir='ltr'>se</span> <span class='ocrx_word' id='word_1_828' title='bbox 1961 5634 2177 5690; x_wconf 87' lang='lat' dir='ltr'><strong>compa—</strong></span> 
     </span>
    </p>
   </div>
   <div class='ocr_carea' id='block_1_98' title="bbox 697 5800 1094 5870">
    <p class='ocr_par' dir='ltr' id='par_1_98' title="bbox 697 5800 1094 5870">
     <span class='ocr_line' id='line_1_98' title="bbox 697 5800 1094 5870; baseline 0 -15"><span class='ocrx_word' id='word_1_829' title='bbox 697 5800 742 5835; x_wconf 80' lang='grc'>³⁷</span> <span class='ocrx_word' id='word_1_830' title='bbox 779 5800 955 5858; x_wconf 78' lang='lat' dir='ltr'><strong>Ecele.</strong></span> <span class='ocrx_word' id='word_1_831' title='bbox 989 5819 1030 5870; x_wconf 86' lang='grc' dir='ltr'>ι,</span> <span class='ocrx_word' id='word_1_832' title='bbox 1043 5802 1094 5856; x_wconf 76' lang='grc'>4.</span> 
     </span>
    </p>
   </div>
   <div class='ocr_carea' id='block_1_99' title="bbox 2265 4679 3838 4776">
    <p class='ocr_par' dir='ltr' id='par_1_99' title="bbox 2265 4679 3838 4776">
     <span class='ocr_line' id='line_1_99' title="bbox 2265 4679 3838 4776; baseline -0.015 -18"><span class='ocrx_word' id='word_1_833' title='bbox 2265 4706 2363 4776; x_wconf 82' lang='grc' dir='ltr'>τὴν</span> <span class='ocrx_word' id='word_1_834' title='bbox 2399 4679 2752 4770; x_wconf 83' lang='grc' dir='ltr'>συντηροῦσα.</span> <span class='ocrx_word' id='word_1_835' title='bbox 2776 4694 2953 4747; x_wconf 84' lang='grc' dir='ltr'>Καλὸν</span> <span class='ocrx_word' id='word_1_836' title='bbox 2969 4693 2996 4744; x_wconf 86' lang='lat'>6</span> <span class='ocrx_word' id='word_1_837' title='bbox 3017 4693 3125 4762; x_wconf 85' lang='grc' dir='ltr'>ἀήρ</span> <span class='ocrx_word' id='word_1_838' title='bbox 3145 4706 3160 4720; x_wconf 87' lang='grc'><strong>·</strong></span> <span class='ocrx_word' id='word_1_839' title='bbox 3185 4689 3283 4740; x_wconf 84' lang='grc' dir='ltr'>οὐκ</span> <span class='ocrx_word' id='word_1_840' title='bbox 3310 4689 3366 4739; x_wconf 89' lang='grc' dir='ltr'>ἐν</span> <span class='ocrx_word' id='word_1_841' title='bbox 3381 4685 3460 4756; x_wconf 83' lang='grc' dir='ltr'>τῷ</span> <span class='ocrx_word' id='word_1_842' title='bbox 3483 4687 3555 4755; x_wconf 81' lang='grc' dir='ltr'>μὴ</span> <span class='ocrx_word' id='word_1_843' title='bbox 3576 4679 3712 4737; x_wconf 71' lang='grc' dir='ltr'>εἶναι</span> <span class='ocrx_word' id='word_1_844' title='bbox 3738 4681 3838 4776; x_wconf 71' lang='grc' dir='ltr'>την</span> 
     </span>
    </p>
   </div>
   <div class='ocr_carea' id='block_1_100' title="bbox 2267 4773 3838 4867">
    <p class='ocr_par' dir='ltr' id='par_1_100' title="bbox 2267 4773 3838 4867">
     <span class='ocr_line' id='line_1_100' title="bbox 2267 4773 3838 4867; baseline -0.014 -20"><span class='ocrx_word' id='word_1_845' title='bbox 2267 4773 2388 4867; x_wconf 67' lang='grc' dir='ltr'>γῆν,</span> <span class='ocrx_word' id='word_1_846' title='bbox 2417 4793 2529 4846; x_wconf 85' lang='grc' dir='ltr'>ἀλλ’</span> <span class='ocrx_word' id='word_1_847' title='bbox 2556 4793 2612 4842; x_wconf 89' lang='grc' dir='ltr'>ὲν</span> <span class='ocrx_word' id='word_1_848' title='bbox 2633 4783 2676 4856; x_wconf 81' lang='grc' dir='ltr'>ᾧ</span> <span class='ocrx_word' id='word_1_849' title='bbox 2702 4787 2861 4848; x_wconf 86' lang='grc' dir='ltr'>αὐτός</span> <span class='ocrx_word' id='word_1_850' title='bbox 2887 4788 3001 4837; x_wconf 82' lang='grc' dir='ltr'>ἐστι</span> <span class='ocrx_word' id='word_1_851' title='bbox 3015 4786 3133 4844; x_wconf 85' lang='grc' dir='ltr'>ταῖς</span> <span class='ocrx_word' id='word_1_852' title='bbox 3163 4779 3301 4832; x_wconf 84' lang='grc' dir='ltr'>κατὰ</span> <span class='ocrx_word' id='word_1_853' title='bbox 3325 4778 3482 4845; x_wconf 87' lang='grc' dir='ltr'>φύσιν</span> <span class='ocrx_word' id='word_1_854' title='bbox 3502 4773 3838 4844; x_wconf 81' lang='grc' dir='ltr'>ἐνυπαρχού-</span> 
     </span>
    </p>
   </div>
   <div class='ocr_carea' id='block_1_101' title="bbox 2271 4865 3840 4954">
    <p class='ocr_par' dir='ltr' id='par_1_101' title="bbox 2271 4865 3840 4954">
     <span class='ocr_line' id='line_1_101' title="bbox 2271 4865 3840 4954; baseline -0.017 -11"><span class='ocrx_word' id='word_1_855' title='bbox 2271 4865 2388 4951; x_wconf 84' lang='grc' dir='ltr'>σαις</span> <span class='ocrx_word' id='word_1_856' title='bbox 2417 4883 2562 4954; x_wconf 84' lang='grc' dir='ltr'>αὐτῷ</span> <span class='ocrx_word' id='word_1_857' title='bbox 2573 4881 2831 4951; x_wconf 87' lang='grc' dir='ltr'>δυνάμεσι</span> <span class='ocrx_word' id='word_1_858' title='bbox 2856 4877 2989 4947; x_wconf 79' lang='grc' dir='ltr'>πρὸς</span> <span class='ocrx_word' id='word_1_859' title='bbox 3005 4876 3098 4943; x_wconf 78' lang='grc' dir='ltr'>τὴν</span> <span class='ocrx_word' id='word_1_860' title='bbox 3120 4869 3376 4941; x_wconf 81' lang='grc' dir='ltr'>διαμονὴν</span> <span class='ocrx_word' id='word_1_861' title='bbox 3396 4866 3659 4938; x_wconf 69' lang='grc' dir='ltr'>ἐξαρκῶν.</span> <span class='ocrx_word' id='word_1_862' title='bbox 3682 4865 3840 4918; x_wconf 86' lang='grc' dir='ltr'>Οῦτω</span> 
     </span>
    </p>
   </div>
   <div class='ocr_carea' id='block_1_102' title="bbox 2269 4957 3834 5049">
    <p class='ocr_par' dir='ltr' id='par_1_102' title="bbox 2269 4957 3834 5049">
     <span class='ocr_line' id='line_1_102' title="bbox 2269 4957 3834 5049; baseline -0.017 -15"><span class='ocrx_word' id='word_1_863' title='bbox 2269 4980 2363 5034; x_wconf 68' lang='grc' dir='ltr'>καὶ</span> <span class='ocrx_word' id='word_1_864' title='bbox 2394 4979 2537 5049; x_wconf 84' lang='grc' dir='ltr'>ὓδωρ</span> <span class='ocrx_word' id='word_1_865' title='bbox 2583 4975 2702 5028; x_wconf 92' lang='grc' dir='ltr'>λίαν</span> <span class='ocrx_word' id='word_1_866' title='bbox 2750 4970 2910 5025; x_wconf 84' lang='grc' dir='ltr'>καλὸν</span> <span class='ocrx_word' id='word_1_867' title='bbox 2930 5008 2944 5032; x_wconf 96' lang='grc'>,</span> <span class='ocrx_word' id='word_1_868' title='bbox 2995 4968 3088 5022; x_wconf 72' lang='grc' dir='ltr'>καὶ</span> <span class='ocrx_word' id='word_1_869' title='bbox 3113 4966 3172 5017; x_wconf 88' lang='lat'>16</span> <span class='ocrx_word' id='word_1_870' title='bbox 3202 4960 3310 5033; x_wconf 89' lang='grc' dir='ltr'>πῦρ</span> <span class='ocrx_word' id='word_1_871' title='bbox 3358 4960 3518 5014; x_wconf 90' lang='grc' dir='ltr'>καλόν</span> <span class='ocrx_word' id='word_1_872' title='bbox 3549 4960 3662 5011; x_wconf 86' lang='grc' dir='ltr'>ἐστι</span> <span class='ocrx_word' id='word_1_873' title='bbox 3691 4957 3834 5022; x_wconf 87' lang='grc' dir='ltr'>λίαν,</span> 
     </span>
    </p>
   </div>
   <div class='ocr_carea' id='block_1_103' title="bbox 2268 5050 3838 5136">
    <p class='ocr_par' dir='ltr' id='par_1_103' title="bbox 2268 5050 3838 5136">
     <span class='ocr_line' id='line_1_103' title="bbox 2268 5050 3838 5136; baseline -0.016 -10"><span class='ocrx_word' id='word_1_874' title='bbox 2268 5076 2386 5134; x_wconf 89' lang='grc' dir='ltr'>ταῖς</span> <span class='ocrx_word' id='word_1_875' title='bbox 2409 5071 2562 5132; x_wconf 86' lang='grc' dir='ltr'>ἰδίαις</span> <span class='ocrx_word' id='word_1_876' title='bbox 2589 5066 2843 5136; x_wconf 81' lang='grc' dir='ltr'>ἑκάτερον</span> <span class='ocrx_word' id='word_1_877' title='bbox 2873 5055 3411 5131; x_wconf 85' lang='grc' dir='ltr'>συμπεπληρωμένον</span> <span class='ocrx_word' id='word_1_878' title='bbox 3441 5051 3709 5121; x_wconf 89' lang='grc' dir='ltr'>ποιότησι,</span> <span class='ocrx_word' id='word_1_879' title='bbox 3739 5050 3838 5103; x_wconf 73' lang='grc' dir='ltr'>καὶ</span> 
     </span>
    </p>
   </div>
   <div class='ocr_carea' id='block_1_104' title="bbox 2269 5143 3839 5237">
    <p class='ocr_par' dir='ltr' id='par_1_104' title="bbox 2269 5143 3839 5237">
     <span class='ocr_line' id='line_1_104' title="bbox 2269 5143 3839 5237; baseline -0.017 -18"><span class='ocrx_word' id='word_1_880' title='bbox 2269 5169 2335 5237; x_wconf 82' lang='grc' dir='ltr'>τῇ</span> <span class='ocrx_word' id='word_1_881' title='bbox 2369 5163 2592 5232; x_wconf 86' lang='grc' dir='ltr'>δυνάμει</span> <span class='ocrx_word' id='word_1_882' title='bbox 2621 5158 2713 5212; x_wconf 87' lang='grc' dir='ltr'>τοῦ</span> <span class='ocrx_word' id='word_1_883' title='bbox 2746 5155 2888 5209; x_wconf 87' lang='grc' dir='ltr'>θείου</span> <span class='ocrx_word' id='word_1_884' title='bbox 2920 5151 3218 5222; x_wconf 83' lang='grc' dir='ltr'>θελήματος</span> <span class='ocrx_word' id='word_1_885' title='bbox 3250 5145 3492 5237; x_wconf 78' lang='grc' dir='ltr'>κατὰτὰ</span> <span class='ocrx_word' id='word_1_886' title='bbox 3527 5145 3634 5197; x_wconf 83' lang='grc' dir='ltr'>ῐδια</span> <span class='ocrx_word' id='word_1_887' title='bbox 3663 5143 3839 5237; x_wconf 81' lang='grc' dir='ltr'>μέτρα</span> 
     </span>
    </p>
   </div>
   <div class='ocr_carea' id='block_1_105' title="bbox 2269 5233 3834 5324">
    <p class='ocr_par' dir='ltr' id='par_1_105' title="bbox 2269 5233 3834 5324">
     <span class='ocr_line' id='line_1_105' title="bbox 2269 5233 3834 5324; baseline -0.016 -16"><span class='ocrx_word' id='word_1_888' title='bbox 2269 5233 2370 5324; x_wconf 60' lang='grc' dir='ltr'>τῆς</span> <span class='ocrx_word' id='word_1_889' title='bbox 2407 5253 2627 5322; x_wconf 88' lang='grc' dir='ltr'>πρώτης</span> <span class='ocrx_word' id='word_1_890' title='bbox 2665 5245 2949 5317; x_wconf 89' lang='grc' dir='ltr'>γενέσεως,</span> <span class='ocrx_word' id='word_1_891' title='bbox 2985 5243 3063 5304; x_wconf 79' lang='grc' dir='ltr'>εἰς</span> <span class='ocrx_word' id='word_1_892' title='bbox 3110 5240 3172 5292; x_wconf 88' lang='lat'>16</span> <span class='ocrx_word' id='word_1_893' title='bbox 3219 5236 3460 5309; x_wconf 81' lang='grc' dir='ltr'>διηνεκὲς</span> <span class='ocrx_word' id='word_1_894' title='bbox 3504 5233 3834 5324; x_wconf 81' lang='grc' dir='ltr'>παραμένον.</span> 
     </span>
    </p>
   </div>
   <div class='ocr_carea' id='block_1_106' title="bbox 2277 5321 3841 5412">
    <p class='ocr_par' dir='ltr' id='par_1_106' title="bbox 2277 5321 3841 5412">
     <span class='ocr_line' id='line_1_106' title="bbox 2277 5321 3841 5412; baseline -0.017 -15"><span class='ocrx_word' id='word_1_895' title='bbox 2277 5363 2297 5397; x_wconf 78' lang='grc' dir='ltr'>ι</span> <span class='ocrx_word' id='word_1_896' title='bbox 2318 5321 2384 5397; x_wconf 25' lang='grc' dir='ltr'>’.Η</span> <span class='ocrx_word' id='word_1_897' title='bbox 2401 5321 2495 5412; x_wconf 75' lang='grc' dir='ltr'>γῆ,</span> <span class='ocrx_word' id='word_1_898' title='bbox 2508 5338 2717 5408; x_wconf 69' lang='grc' dir='ltr'>ιφησὶν,</span> <span class='ocrx_word' id='word_1_899' title='bbox 2735 5358 2751 5388; x_wconf 76' lang='grc' dir='ltr'><strong>ε</strong></span> <span class='ocrx_word' id='word_1_900' title='bbox 2772 5338 2850 5399; x_wconf 88' lang='grc' dir='ltr'>εἰς</span> <span class='ocrx_word' id='word_1_901' title='bbox 2875 5334 2965 5387; x_wconf 80' lang='lat' dir='ltr'><em>16v</em></span> <span class='ocrx_word' id='word_1_902' title='bbox 2984 5329 3156 5385; x_wconf 87' lang='grc' dir='ltr'>αἰῶνα</span> <span class='ocrx_word' id='word_1_903' title='bbox 3173 5327 3422 5398; x_wconf 69' lang='grc' dir='ltr'>ἓστηκενυ</span> <span class='ocrx_word' id='word_1_904' title='bbox 3438 5344 3455 5377; x_wconf 73' lang='grc' dir='ltr'>ι</span> <span class='ocrx_word' id='word_1_905' title='bbox 3475 5325 3575 5376; x_wconf 81' lang='grc' dir='ltr'>οὐκ</span> <span class='ocrx_word' id='word_1_906' title='bbox 3590 5321 3841 5374; x_wconf 76' lang='grc' dir='ltr'>ἐλαττου-</span> 
     </span>
    </p>
   </div>
   <div class='ocr_carea' id='block_1_107' title="bbox 2275 5413 3839 5507">
    <p class='ocr_par' dir='ltr' id='par_1_107' title="bbox 2275 5413 3839 5507">
     <span class='ocr_line' id='line_1_107' title="bbox 2275 5413 3839 5507; baseline -0.017 -18"><span class='ocrx_word' id='word_1_907' title='bbox 2275 5435 2433 5507; x_wconf 86' lang='grc' dir='ltr'>μένη,</span> <span class='ocrx_word' id='word_1_908' title='bbox 2480 5432 2540 5484; x_wconf 85' lang='grc' dir='ltr'>οὐ</span> <span class='ocrx_word' id='word_1_909' title='bbox 2590 5425 2974 5489; x_wconf 83' lang='grc' dir='ltr'>πλεονάζουσα.</span> <span class='ocrx_word' id='word_1_910' title='bbox 3040 5423 3099 5476; x_wconf 86' lang='lat'>&#39;0</span> <span class='ocrx_word' id='word_1_911' title='bbox 3141 5420 3248 5491; x_wconf 84' lang='grc' dir='ltr'>ἀὴρ</span> <span class='ocrx_word' id='word_1_912' title='bbox 3282 5421 3338 5473; x_wconf 82' lang='grc' dir='ltr'>ἐν</span> <span class='ocrx_word' id='word_1_913' title='bbox 3376 5418 3488 5478; x_wconf 88' lang='grc' dir='ltr'>τοῖς</span> <span class='ocrx_word' id='word_1_914' title='bbox 3516 5413 3666 5507; x_wconf 82' lang='grc' dir='ltr'>ἰδίοις</span> <span class='ocrx_word' id='word_1_915' title='bbox 3693 5413 3839 5507; x_wconf 82' lang='grc' dir='ltr'>ὅροις</span> 
     </span>
    </p>
   </div>
   <div class='ocr_carea' id='block_1_108' title="bbox 2273 5503 3837 5597">
    <p class='ocr_par' dir='ltr' id='par_1_108' title="bbox 2273 5503 3837 5597">
     <span class='ocr_line' id='line_1_108' title="bbox 2273 5503 3837 5597; baseline -0.018 -16"><span class='ocrx_word' id='word_1_916' title='bbox 2273 5503 2628 5597; x_wconf 79' lang='grc' dir='ltr'>φυλάσσεται,</span> <span class='ocrx_word' id='word_1_917' title='bbox 2674 5520 2735 5573; x_wconf 85' lang='lat'>16</span> <span class='ocrx_word' id='word_1_918' title='bbox 2775 5517 2885 5588; x_wconf 90' lang='grc' dir='ltr'>πῦρ</span> <span class='ocrx_word' id='word_1_919' title='bbox 2935 5515 2994 5569; x_wconf 93' lang='grc' dir='ltr'>οὐ</span> <span class='ocrx_word' id='word_1_920' title='bbox 3041 5513 3324 5586; x_wconf 87' lang='grc' dir='ltr'>μειοῦται·</span> <span class='ocrx_word' id='word_1_921' title='bbox 3388 5507 3503 5570; x_wconf 84' lang='grc' dir='ltr'>πῶς</span> <span class='ocrx_word' id='word_1_922' title='bbox 3569 5504 3726 5577; x_wconf 89' lang='grc' dir='ltr'>μόνον</span> <span class='ocrx_word' id='word_1_923' title='bbox 3775 5503 3837 5554; x_wconf 83' lang='grc' dir='ltr'>ἐκ</span> 
     </span>
    </p>
   </div>
   <div class='ocr_carea' id='block_1_109' title="bbox 2273 5594 3848 5682">
    <p class='ocr_par' dir='ltr' id='par_1_109' title="bbox 2273 5594 3848 5682">
     <span class='ocr_line' id='line_1_109' title="bbox 2273 5594 3848 5682; baseline -0.015 -7"><span class='ocrx_word' id='word_1_924' title='bbox 2273 5594 2492 5675; x_wconf 73' lang='grc' dir='ltr'>πάντων</span> <span class='ocrx_word' id='word_1_925' title='bbox 2535 5615 2595 5670; x_wconf 84' lang='lat'>16</span> <span class='ocrx_word' id='word_1_926' title='bbox 2641 5613 2783 5682; x_wconf 82' lang='grc' dir='ltr'>ὓδωρ</span> <span class='ocrx_word' id='word_1_927' title='bbox 2825 5608 2936 5666; x_wconf 87' lang='grc' dir='ltr'>τῶν</span> <span class='ocrx_word' id='word_1_928' title='bbox 2961 5603 3364 5676; x_wconf 86' lang='grc' dir='ltr'>δαπανωμένων</span> <span class='ocrx_word' id='word_1_929' title='bbox 3396 5598 3512 5654; x_wconf 86' lang='grc' dir='ltr'>ἐστί</span> <span class='ocrx_word' id='word_1_930' title='bbox 3533 5616 3548 5667; x_wconf 89' lang='lat'><strong>;</strong></span> <span class='ocrx_word' id='word_1_931' title='bbox 3603 5595 3711 5651; x_wconf 69' lang='lat' dir='ltr'><strong>Kal</strong></span> <span class='ocrx_word' id='word_1_932' title='bbox 3759 5594 3848 5651; x_wconf 74' lang='grc' dir='ltr'>ιτιι</span> 
     </span>
    </p>
   </div>
  </div>
