4110 6494
288 364 361 423 93
1446 368 1527 422 ΙΝ»
1552 368 1851 427 HEXA‘EMI

1952 370 2023 426 )N
2062 370 2282 427 LIBER-
3440 369 3511 428 ω

287 478 425 551 πρὸς
453 477 659 544 τούτοις
686 481 1201 553 πολλὴνόρῶμενέν
1235 483 1515 553 συγκρίσει
1532 483 1644 539 ,τῶν
1676 485 1844 539 ὄντων

1954 487 2152 542 randis.
2172 486 2417 541 videmus
2457 499 2576 539 eam
2618 498 2737 552 quae
2780 491 3031 537 naturam
3066 498 3132 538 ae
3160 485 3268 538 vim
3300 485 3509 555 igneam

287 570 387 641 τὴν
414 565 631 644 πυρώδη
665 573 851 627 οὑσίαν
894 575 985 627 καὶ
1017 573 1241 644 δύναμιν
1262 590 1275 604 ·
1328 574 1421 626 καί
1461 574 1617 629 τοῦτο
1662 576 1846 645 σαφῶς

291 658 355 715 ὲκ
383 661 490 714 τῶν
518 662 587 716 τά
633 662 875 734 μετέωρα
918 662 1420 732 πεφιλοσοφηκότων
1468 664 1545 726 εἰς
1579 663 1847 730 ἀπόδειξιν

288 754 500 820 ἄγεται,
530 754 591 807 τὸ
622 754 1049 808 πολλαπλασίονα
1092 754 1191 825 τῆς
1223 754 1323 825 γῆς
1352 750 1488 808 εἶναι
1520 755 1610 807 τὸν
1654 755 1805 825 ἥλιον
1831 769 1843 781 ·

288 844 366 906 ὡς
406 844 537 915 μηδὲ
568 846 661 897 ἐπὶ
704 846 837 899 πολὺ
881 845 972 899 τοῦ
1024 846 1180 916 ἀέρος
1212 846 1311 915 τὴν
1344 847 1436 899 ἀπ’
1490 845 1655 916 αὑτῆς
1694 847 1847 899 σκιὰν

287 932 633 999 ἐξικνεῖσθαι,
667 935 744 1007 τῷ
774 936 1168 1008 ὑπερϐάλλοντι.
1198 937 1289 992 τοῦ
1334 936 1556 1007 ἡλιακοῦ
1589 937 1846 1007 μεγέθους

290 1027 591 1089 κωνοειδῶς
622 1028 680 1080 ὲν
711 1031 775 1098 τῇ
811 1028 1077 1099 προσϐολῇ
1107 1028 1213 1082 τῶν
1239 1030 1470 1082 ἀκτίνων
1498 1029 1847 1098 συστελλομέ-

286 1134 409 1188 νην.
437 1117 501 1172 Εί
525 1113 617 1171 οὖν
637 1117 808 1181 οὑτως
832 1119 1007 1187 ὀλίγον
1030 1119 1185 1172 τοῦτο
1207 1119 1289 1183 ὡς¹
1313 1120 1445 1188 πρὸς
1478 1120 1650 1172 ἐκεῖνο
1677 1118 1849 1189 κρινό-

292 1228 452 1281 μενον
480 1249 496 1275 ,
543 1211 681 1264 ῶστε
716 1212 998 1268 πολλοστὸν
1041 1209 1177 1266 εἶναι
1207 1213 1297 1265 τοῦ
1334 1212 1555 1283 ἡλιακοῦ
1588 1211 1849 1282 μεγέθους

292 1302 433 1373 μετά
457 1302 636 1375 πάσης
657 1304 754 1373 τῆς
790 1305 890 1374 γῆς
922 1304 982 1358 τὸ
1012 1304 1152 1376 ὕδωρ
1184 1304 1664 1375 ἀναμετρούμενον
1700 1318 1715 1333 ⁸
1771 1306 1849 1366 εἰς

290 1392 458 1447 πότον
500 1391 566 1447 ἀν
608 1394 791 1465 χρόνον
834 1393 893 1445 τὸ
924 1392 1093 1464 βραχὺ
1140 1393 1294 1446 τοῦτο
1334 1394 1411 1465 τῷ
1454 1393 1687 1464 τοσούτῳ
1717 1392 1851 1463 πυρί

290 1486 430 1555 πρὸς
467 1484 565 1556 τὴν
591 1485 831 1554 δαπάνην
860 1485 1171 1557 διήρκεσεν;
1219 1486 1375 1539 Ἀλλά
1419 1487 1529 1557 μὴν.
1565 1484 1851 1548 διαπαντὸς

290 1576 508 1647 δρῶμεν
535 1577 632 1647 τὴν
655 1576 921 1630 θάλασσαν
949 1578 1006 1630 ὲν
1034 1577 1109 1648 τῷ
1142 1579 1240 1647 ῐσῳ
1271 1577 1719 1649 πλημμύρουσαν,
1758 1578 1850 1628 κα)⁸

290 1668 402 1721 τῶν
433 1670 687 1739 ποταμῶν
716 1670 811 1741 τὴν
841 1671 1007 1741 φορὰν
1044 1672 1101 1723 ὲν
1132 1674 1244 1734 τοῖς
1276 1671 1423 1736 ἰδίοις
1464 1671 1722 1741 μένουσαν
1752 1668 1849 1739 μέ-

290 1775 442 1829 τροις
466 1777 479 1789 ·
526 1759 631 1830 ἂρα
659 1760 718 1813 τὸ
748 1760 821 1831 μὴ
850 1760 1186 1815 δαπανᾶσθαι
1210 1779 1262 1813 τι
1289 1762 1382 1815 τοῦ
1408 1762 1574 1831 ὑγροῦ
1596 1801 1610 1825 ,
1641 1762 1727 1813 διά
1753 1760 1850 1828 τῆς

1946 578 2190 641 obtinet,
2220 576 2587 646 magnitudine
2619 576 2775 645 longe
2820 584 3099 645 praestare.
3129 574 3263 630 Nam
3310 576 3387 630 illi
3416 578 3511 647 qui

1946 667 2013 720 de
2056 668 2218 723 rebus
2254 665 2579 722 sublimibus
2610 665 3083 734 philosophantur,
3128 666 3296 720 solem
3331 666 3510 736 ipsum

1948 758 2130 811 multis
2157 757 2402 827 partibus
2449 764 2591 810 terra
2623 755 2884 824 majorem
2935 771 3057 811 esse
3089 756 3248 811 facile
3285 758 3513 812 demon-

1948 856 2143 901 strant.
2167 845 2353 916 Neque
2376 846 2520 901 enim
2552 846 2798 899 umbram
2824 852 2981 899 terra:
3010 846 3223 916 longius
3254 846 3309 900 in
3335 862 3512 901 aerem

1948 937 2214 1007 protendi,
2246 936 2390 1007 quod
2437 945 2727 1005 superante
2752 935 2886 990 solis
2911 935 3307 1004 magnitudine,
3334 934 3515 989 radio-

1947 1046 2067 1084 rum
2087 1045 2309 1085 accessu
2341 1029 2393 1083 in
2418 1029 2655 1084 turbinis
2679 1043 2882 1082 morem
2907 1028 3262 1082 contrahatur
3283 1036 3334 1082 et
3360 1043 3516 1082 coar-

1947 1131 2140 1178 ctetur.
2189 1122 2341 1189 Quod
2374 1122 2419 1176 si
2452 1131 2622 1176 totum
2670 1121 2809 1186 hoc,
2833 1120 2978 1189 quod
3021 1136 3087 1174 ex
3118 1130 3260 1175 terra
3286 1128 3339 1174 et
3374 1135 3515 1189 aqua

1949 1213 2254 1277 conﬁcitur,
2292 1228 2416 1267 cum
2444 1214 2795 1283 ipsotanlum
2832 1212 2944 1265 sole
2968 1220 3364 1280 comparatum,
3402 1220 3513 1264 tam
3596 1272 3603 1279 ί

1949 1307 2201 1376 exiguum
2248 1311 2367 1368 est,
2439 1312 2497 1356 ut
2538 1302 2723 1356 multis
2790 1302 3039 1370 partibus
3096 1300 3329 1355 excellat
3381 1301 3514 1355 solis
3569 1298 3581 1311 ”

1950 1394 2283 1467 magnitudo,
2342 1393 2579 1463 quandiu
2630 1393 2900 1445 tantulum
2943 1391 3085 1447 istud
3126 1390 3331 1444 humidi
3366 1399 3515 1444 tanto

1951 1488 2058 1559 igni
2098 1488 2488 1542 nutrimentum
2525 1484 3039 1540 subministrasset?
3068 1483 3316 1535 Attamen
3341 1484 3514 1536 omni-

1953 1580 2055 1634 bus
2094 1579 2307 1634 saeculis
2349 1579 2597 1634 videmus
2649 1593 2798 1631 mare
2847 1579 3050 1646 pariter
3104 1578 3409 1641 exundans,
3461 1585 3516 1632 et

1949 1670 2228 1725 ﬂuminum
2251 1684 2444 1723 cursus
2472 1669 2673 1723 eisdem
2710 1668 2907 1722 ﬁnibus
2934 1678 2984 1720 et
3009 1668 3181 1721 modis
3220 1668 3512 1723 contineri.

1951 1762 2067 1828 Quo
2122 1762 2338 1832 quidem
2390 1762 2765 1832 experimento
2821 1760 2954 1814 nihil
3011 1761 3215 1814 humidi
3267 1760 3515 1815 consumi

290 1849 547 1919 τοιαύτης
578 1855 927 1923 μαρτυρεῖται
960 1852 1166 1921 πείρας.
1208 1852 1342 1905 Ἀλλ’
1371 1852 1555 1923 ῶσπερ
1589 1852 1735 1921 παρὰ
1754 1852 1851 1922 τὴν

1953 1855 2244 1925 probatur;
2297 1862 2350 1909 et
2388 1853 2848 1925 quemadmodum
2885 1854 3043 1907 initio
3076 1868 3183 1906 non
3231 1868 3297 1906 ex
3335 1852 3515 1906 humi-

293 1941 520 2013 πρώτην
551 1943 649 1995 οὑκ
678 1946 735 1995 ὲν
756 1946 821 2015 τῇ
850 1943 1023 2015 φθορᾷ
1053 1946 1151 2017 τῆς
1185 1946 1476 2016 ὑγρότητος
1501 1945 1560 1997 τὸ
1592 1944 1700 2015 πῦρ
1726 1944 1849 2013 ἔσχε

292 2031 393 2101 τὴν
407 2032 633 2099 γένεσιν,
648 2033 779 2087 ἀλλὰ
793 2034 938 2105 παρὰ
949 2036 1044 2105 τῆς
1055 2035 1121 2087 αὑ
1129 2035 1226 2105 τῆς
1242 2036 1443 2105 ὑπέστη
1458 2035 1751 2106 δυνάμεωςσ
1762 2036 1851 2087 καὶ

292 2123 451 2177 τοῦτο
477 2123 647 2188 οὕτως
662 2125 799 2178 κατὰ
812 2125 907 2196 τὴν
940 2126 1161 2197 πρώτην
1174 2126 1266 2180 τοῦ
1284 2128 1542 2197 στοιχείου
1574 2126 1637 2178 σύ
1647 2143 1857 2190 στασιν,

294 2216 388 2269 καὶ
408 2217 487 2279 εἰς
508 2215 567 2267 τὸ
578 2214 864 2285 διηνεκὲςή
884 2215 1108 2286 διαμονὴ
1138 2217 1553 2288 φυλαχθήσεται,
1577 2217 1726 2269 οὐδὲν
1753 2217 1849 2285 τῆς

294 2309 467 2376 ὑγρᾶς
487 2307 697 2375 φύσεως
727 2308 858 2379 πρὸς
877 2308 937 2361 τὸ
956 2309 1223 2379 διαμεῖναι
1245 2310 1305 2362 τὸ
1326 2311 1432 2379 πῦρ
1448 2309 1845 2379 διοχλουμένης.

396 2400 535 2452 Ἀλλ’
595 2398 808 2471 ὁρῶμεν
834 2443 847 2464 ,
910 2402 1041 2472 φησί
1074 2442 1089 2467 ,
1166 2402 1421 2465 πολλάκις
1495 2400 1850 2471 ὑγρανθεῖσαν

289 2493 352 2560 ἐξ
438 2491 741 2566 ἐπομϐρίας
797 2492 895 2562 τὴν
951 2493 1071 2562 γῆν,
1154 2487 1270 2544 εἶτα
1351 2491 1700 2562 σφοδρότερον
1755 2489 1848 2542 τοῦ

288 2584 443 2656 ἡλίου
494 2582 554 2636 τὺ
595 2583 946 2653 ὑποκείμενον
992 2584 1307 2651 θάλψαντος,
1347 2582 1516 2652 ξηρὰν
1564 2581 1849 2652 γινομένην

287 2674 390 2746 τὴν
415 2674 521 2745 πρὸ
543 2672 722 2743 ὀλίγου
777 2674 1056 2745 διάϐροχον
1077 2691 1088 2702 ·
1154 2674 1253 2727 ποῦ
1283 2674 1482 2738 τοίνυν,
1514 2676 1695 2745 φησιν,
1726 2674 1757 2743 ἠ
1794 2675 1849 2725 ὲν

286 2766 499 2830 τούτοις
542 2767 795 2837 ὑγρότης,
839 2766 993 2836 εῐπερ
1043 2766 1118 2836 μὴ
1165 2765 1390 2819 καθόλου
1438 2766 1497 2818 τὸ
1527 2764 1725 2835 θερμὸν
1752 2764 1851 2834 τῆς

287 2856 508 2918 ἀκτῖνος
529 2855 1010 2919 ὲπαναλίσκοντος;
1044 2850 1167 2925 Ἆρ’
1189 2850 1280 2907 οὖν
1309 2855 1401 2907 καὶ
1425 2854 1486 2907 τὸ
1511 2854 1567 2906 ὲν
1592 2852 1670 2924 τῷ
1698 2853 1851 2924 κερά·

292 2968 381 3021 μῳ
425 2948 575 3019 ὕδωρ
611 2950 659 3001 εἰ
715 2946 1071 3018 μεταϐληθείη
1124 2947 1258 3017 πρὸς
1303 2947 1515 3017 ἕτερον,
1559 2947 1651 2998 καὶ
1698 2944 1850 2998 κενὸν

287 3040 505 3110 ἀθρόως
546 3039 607 3091 τὺ
629 3038 840 3108 πλῆρες
872 3040 1078 3105 γένοιτο
1113 3053 1125 3066 ·
1181 3038 1299 3090 ἐπεὶ
1344 3036 1401 3090 δὲ
1449 3039 1505 3089 ὲν
1549 3036 1720 3107 τούτῳ
1753 3037 1851 3089 οὑκ

290 3133 440 3187 ἔστιν
466 3172 480 3195 ,
531 3131 649 3184 οὑδὲ
692 3124 827 3184 εἶναι
873 3130 1008 3193 ὅλως
1050 3129 1110 3182 τὸ
1147 3131 1204 3182 ὲν
1250 3129 1419 3201 ἑτέρῳ
1461 3129 1739 3199 γινόμενον
1768 3127 1852 3179 λέ-

289 3239 515 3293 γουσιν;
558 3224 623 3275 '0
645 3222 750 3292 γάρ
778 3221 1015 3275 ἐνταῦθα.
1040 3221 1267 3290 γίνεται,
1295 3221 1452 3274 τοῦτο
1474 3221 1566 3274 καὶ
1597 3221 1680 3273 ἐπ’
1712 3219 1850 3272 ὲκεί-

288 3331 386 3369 νου
424 3331 507 3378 τις
543 3313 824 3367 ὑπολαϐὼν
850 3353 864 3374 ,
913 3312 1005 3365 τοῦ
1052 3313 1257 3376 εἰκότος
1310 3313 1405 3381 οὑχ
1459 3312 1845 3383 ἁμαρτήσεται.

288 3400 443 3460 Ἴσον
477 3406 581 3477 γάρ
628 3406 740 3458 ἐστι
772 3406 868 3475 τήν
892 3421 951 3456 τε
982 3403 1089 3456 ἀπὸ
1124 3403 1217 3456 τοῦ
1256 3404 1435 3456 κοίλου
1458 3403 1644 3455 τούτου
1671 3402 1763 3453 ἐπὶ
1794 3401 1853 3452 τὸ

289 3498 482 3568 ’ἅτερον
512 3496 683 3550 κοῖλον
712 3495 801 3548 τοῦ
833 3494 998 3564 ὑγροῦ
1031 3493 1332 3565 μεταρροὴν
1356 3492 1624 3561 γενέσθαι,
1652 3491 1743 3543 καὶ
1758 3488 1853 3559 τὴν

289 3587 474 3642 νοτίδα
516 3586 615 3655 τῆς
642 3587 747 3654 γῆς
778 3583 1213 3655 ἐξικμασθεῖσαν,
1251 3582 1543 3652 ἀναχθῆναι
1593 3580 1726 3649 πρὸς
1762 3578 1854 3630 τὸν

290 3676 455 3747 ἀέρα,
489 3676 727 3745 φυσικῶς
771 3674 863 3727 τοῦ
893 3674 1079 3744 ὑγροῦ,
1109 3676 1235 3727 ὅταν
1268 3675 1302 3744 ἡ
1340 3672 1431 3727 τοῦ
1461 3671 1853 3743 ὑπερκειμένου

292 3768 563 3839 θερμότης
593 3766 724 3837 πρὸς
748 3766 941 3837 ἑαυτὴν
974 3765 1260 3835 ἐφέλκηται
1290 3763 1633 3833 λεπτομερῶς
1666 3764 1729 3813 ὲκ
1756 3762 1854 3830 τῆς

291 3859 418 3927 γῆς,
463 3858 595 3929 πρὸς
641 3856 709 3909 τὰ
752 3856 863 3909 ἀνω
909 3855 1273 3925 διηθουμένου.
1310 3856 1610 3924 Τεκμήριον
1651 3852 1706 3905 δὲ
1747 3852 1854 3905 τῶν

292 3949 613 4018 γινομένων,
650 3948 729 3999 ὅτι
757 3946 1073 4016 παχυτέρων
1112 3946 1365 4008 πολλάκις
1394 3945 1499 3997 τῶν
1525 3944 1711 4015 ἀτμῶν
1748 3943 1854 3996 ἀπὸ

290 4041 390 4094 τοῦ
438 4039 632 4110 βάθους
670 4040 767 4109 τῆς
802 4040 903 4108 γῆς
935 4037 1343 4108 ἀναδιδομένων,
1376 4035 1613 4107 νεφώδης
1642 4052 1725 4098 τις
1761 4035 1854 4087 σύ·

293 4148 488 4194 στασις
522 4128 806 4201 ἀναϐρύειν
832 4129 997 4194 δοκεῖ,
1044 4129 1138 4182 καὶ
1181 4128 1411 4199 τοσαύτη
1455 4128 1560 4180 τῶν
1602 4127 1785 4195 ἀτμῶν
1819 4128 1853 4197 ἡ

290 4221 544 4292 παχύτης
579 4224 804 4291 γίνεται,
835 4221 908 4284 ὡς
938 4222 1028 4273 καὶ
1059 4224 1170 4284 τοῖς
1206 4219 1497 4290 ὀφθαλμοῖς
1538 4220 1705 4289 αὐτὴν
1760 4220 1855 4286 ὲφ-

294 4317 455 4386 ικτὴν
488 4311 638 4367 εἶναι.
672 4314 881 4366 Γένοιτο
919 4312 962 4364 δ’
1008 4312 1070 4365 ἄν
1099 4328 1226 4363 ποτε
1254 4311 1346 4363 καὶ
1388 4310 1855 4380 λεπτομερεστέρα

292 4423 379 4469 τις
416 4408 451 4477 ἡ
493 4405 589 4475 τῆς
626 4403 823 4466 νοτίδος
850 4401 1230 4470 ἀναθυμίασις,
1272 4401 1347 4463 ὼς
1378 4400 1683 4464 ἐξισοῦσθαι
1717 4400 1854 4471 πρὸς

1954 1946 2139 2001 ditatis
2180 1947 2399 2001 interitu
2450 1947 2593 2014 ignis
2618 1954 2796 1999 ortum
2844 1946 3051 2009 habuit,
3108 1944 3201 1999 sed
3229 1945 3297 1998 ab
3327 1943 3512 2001 eadem

1954 2040 2281 2094 constitutus
2300 2048 2385 2093 est
2404 2047 2689 2108 potestate.
2714 2040 2794 2094 sic
2816 2046 2873 2091 ut
2900 2037 3033 2092 nihil
3054 2036 3273 2090 humida
3296 2047 3508 2101 natura,

1953 2148 2061 2199 quo
2091 2133 2206 2201 ipse
2235 2139 2468 2195 maneat,
2518 2131 2886 2200 perturbetur,
2924 2130 2976 2183 in
3023 2128 3197 2197 primo
3230 2142 3330 2182 suo
3367 2134 3523 2181 statu,

1955 2231 2213 2293 perpetuo
2246 2229 2629 2278 conservatum
2656 2221 2743 2275 iri.

2023 2403 2088 2457 At
2119 2402 2283 2465 enim,
2316 2401 2510 2471 inquit,
2547 2415 2916 2470 saepenumero
2950 2409 3149 2454 terram
3185 2396 3359 2451 imbre
3394 2410 3515 2447 ma-

1951 2496 2217 2550 defactam
2246 2496 2511 2557 videmus,
2544 2494 2739 2548 deinde
2769 2494 2884 2548 sole
2914 2491 3287 2547 vehementius
3313 2488 3512 2543 calefa-

1952 2590 2146 2651 ciente,
2173 2587 2417 2641 eamdem
2444 2600 2789 2649 exarescere,
2840 2600 2959 2654 quae
3016 2584 3177 2653 paulo
3212 2592 3336 2637 ante
3396 2589 3511 2637 erat

1954 2681 2173 2747 irrigua.
2199 2677 2445 2744 Quonam
2478 2678 2659 2747 igitur,
2694 2677 2887 2746 inquit,
2920 2676 3055 2729 abiit
3087 2674 3376 2728 humiditas
3398 2672 3511 2734 illa.

1953 2770 1996 2825 si
2022 2770 2295 2823 radiorum
2330 2768 2523 2822 ardore
2546 2782 2653 2820 non
2684 2775 2767 2821 est
2792 2772 3112 2834 consumpta
3140 2765 3162 2816 ?
3194 2766 3275 2817 An
3311 2778 3430 2831 qua:
3455 2762 3509 2817 in

1952 2861 2094 2916 dolio
2113 2868 2195 2915 est
2218 2875 2378 2929 aqua,
2414 2860 2457 2915 si
2490 2859 2543 2912 in
2577 2859 2807 2912 alterum
2839 2856 3041 2911 dolium
3076 2854 3513 2921 transfundatur,

1952 2953 2245 3020 statimque
2266 2949 2637 3012 exinaniatur,
2671 2947 2815 3017 quod
2852 2947 3069 3016 plenum
3116 2955 3250 3007 erat,
3282 2944 3407 3014 quia
3458 2945 3513 2997 in

1952 3057 2061 3095 uno
2093 3057 2230 3111 aqua
2264 3056 2370 3094 non
2405 3051 2517 3101 est,
2559 3056 2627 3094 ne
2675 3041 2728 3092 in
2771 3039 2942 3092 altero
2972 3036 3188 3105 quidem
3219 3035 3365 3089 erit?
3401 3032 3513 3089 Hoc

1954 3134 1997 3187 si
2030 3133 2152 3201 quis
2188 3133 2253 3185 ad
2287 3132 2553 3186 elementa
2606 3130 2877 3192 retulerit,
2914 3128 3047 3181 nihil
3100 3126 3320 3181 errabit.
3372 3126 3512 3180 Idem

1954 3224 2095 3277 enim
2124 3233 2226 3284 est.
2258 3240 2321 3277 ex
2348 3238 2457 3277 uno
2477 3238 2607 3277 vase
2631 3222 2685 3276 in
2710 3222 2939 3275 alterum
2961 3234 3156 3288 aquam
3180 3215 3512 3278 transfundi,

1953 3324 2007 3370 et
2032 3315 2403 3369 humiditatem
2428 3323 2626 3369 eterra
2665 3312 2877 3381 exsugi,
2906 3311 2958 3365 in
3005 3323 3294 3377 acremque
3336 3314 3514 3361 trans-

1953 3405 2177 3475 portari.
2198 3403 2530 3458 Naturaliter
2558 3402 2723 3465 enim,
2758 3401 2977 3472 quando
3004 3401 3345 3470 superiorum
3376 3397 3512 3452 cali-

1953 3498 2096 3551 ditas
2121 3497 2188 3551 ad
2220 3512 2278 3553 se
2304 3496 2547 3560 attrahit,
2577 3494 2859 3549 humidum
2883 3492 3187 3548 subtilitate
3218 3490 3453 3560 partium
3484 3504 3514 3542 a

1952 3598 2096 3645 terra
2126 3604 2339 3645 sursum
2361 3589 2586 3643 tollitur.
2610 3586 2848 3655 Hujusce
2870 3585 2944 3641 rei
2970 3584 3102 3638 illud
3144 3583 3402 3637 indicium
3422 3581 3515 3648 sit,

1953 3680 2098 3749 quod
2121 3679 2486 3735 crassioribus
2510 3694 2540 3733 ε
2562 3677 2833 3748 profundo
2860 3684 3018 3731 terra:
3042 3675 3357 3745 plerumque
3387 3672 3500 3728 sub-

1954 3769 2078 3822 latis
2128 3768 2437 3837 vaporibus,
2485 3767 2842 3837 caliginosum
2890 3765 3159 3834 quoddam
3187 3778 3388 3831 corpus
3420 3761 3515 3816 de-

1954 3857 2089 3921 ﬂuit,
2116 3867 2368 3925 tantaque
2394 3857 2465 3910 sit
2491 3871 2750 3925 vaporum
2785 3855 3199 3923 coagmentatio.
3240 3862 3300 3906 ut
3339 3852 3515 3907 oculis

1954 3948 2236 4019 perspicue
2280 3956 2559 4002 cernatur.
2619 3947 2767 4002 Alias
2798 3953 2975 4001 autem
3011 3944 3226 4001 tenuior
3270 3942 3511 4013 quasdam

1952 4042 2169 4110 vaporis
2202 4040 2259 4094 ﬂt
2288 4041 2581 4104 exhalatio,
2612 4054 2733 4108 qua:
2763 4039 2830 4092 ad
2867 4038 3012 4092 aeris
3042 4038 3358 4091 tenuitatem
3391 4049 3513 4103 pro—

1952 4135 2100 4188 xime
2126 4132 2356 4197 accedit,
2393 4146 2493 4186 nec
2517 4132 2669 4201 prius
2692 4128 2868 4185 oculis
2898 4130 3101 4199 percipi
3128 4134 3328 4198 potest,
3351 4140 3510 4196 quam

1954 4225 2098 4279 inter
2133 4240 2193 4278 se
2224 4231 2412 4277 coacta
2448 4231 2609 4292 atque
2631 4231 2881 4285 concreta
2923 4219 3389 4290 coagmentatione
3414 4233 3511 4273 sua

1954 4316 2153 4371 nubem
2184 4314 2396 4369 eﬂiciat.
2424 4312 2638 4368 Tenues
2670 4324 2827 4383 igitur
2854 4323 3015 4381 atque
3040 4308 3246 4361 humidi
3288 4324 3514 4380 vapores

1955 4411 2033 4464 illi
2090 4409 2307 4464 levitate
2356 4422 2454 4461 sua
2499 4408 2552 4461 in
2597 4422 2721 4462 aere
2762 4405 2995 4459 ﬂuitant.
3049 4404 3202 4470 Quod
3256 4404 3301 4457 si
3343 4404 3514 4471 major

291 4499 389 4551 τὸν
417 4498 551 4567 ἀέρα
578 4494 776 4565 τρόπον
804 4492 923 4545 τινὰ
944 4494 1009 4562 τῇ
1041 4492 1343 4560 λεπτότητι,
1370 4492 1462 4543 καὶ
1491 4490 1565 4561 μὴ
1596 4492 1851 4562 πρότερον

1955 4503 2159 4557 humidi
2183 4502 2338 4571 c0pia
2375 4500 2429 4553 in
2459 4515 2627 4553 unum
2660 4498 2939 4552 conﬂuens
2969 4496 3286 4567 gravitatem
3321 4496 3511 4561 acqui—

294 4587 659 4660 φανεροῦσθαι
705 4588 822 4647 ταῖς
863 4584 1037 4653 θψεσι,
1086 4583 1213 4653 πρὶν
1262 4584 1428 4654 αὑτὴν
1476 4586 1609 4654 πρὸς
1658 4584 1854 4655 ἑαυτὴν

296 4682 617 4750 συμπεσεῖν,
660 4676 756 4747 τὴν
800 4675 905 4727 τῶν
949 4674 1202 4728 τοιούτων
1245 4676 1423 4745 ὑγρῶν
1474 4676 1850 4747 ἀναθυμίασιν,

292 4777 393 4830 καὶ
417 4772 559 4825 οὕτω
581 4766 828 4838 γενέσθαι
851 4766 1008 4836 νέφος
1034 4768 1120 4821 διά
1150 4770 1247 4837 τῆς
1272 4768 1651 4839 συμπιλήσεως
1671 4786 1685 4800 ο
1716 4768 1853 4822 ὥστε

294 4866 394 4926 τὰς
413 4862 612 4925 λεπτάς
638 4878 696 4912 τε
728 4860 821 4912 καὶ
846 4859 1141 4930 ἀτμοειδεῖς
1172 4860 1418 4929 ἰκμάδας,
1447 4863 1581 4923 τέως
1612 4861 1709 4931 μὲν
1739 4863 1855 4913 ἐπι-

293 4956 549 5020 πολάζειν
577 4953 654 5024 τῷ
678 4953 800 5023 ἀέρι
830 4951 916 5006 διά
942 4953 1264 5021 κουφότητα,
1299 4954 1392 5008 καὶ
1417 4953 1725 5023 ἐποχεῖσθαι
1745 4957 1854 5015 τοῖς

293 5045 623 5115 πνεύμασιν,
664 5048 713 5097 εἰ
744 5045 801 5099 δὲ
827 5045 1006 5097 πλεῖον
1030 5046 1061 5115 ἡ
1089 5044 1180 5097 τοῦ
1212 5046 1376 5116 ὑγροῦ
1407 5046 1690 5113 συγγένεια
1720 5046 1853 5115 πρὸς

292 5139 466 5209 αὑτὴν
499 5138 788 5210 συρρυεῖσα
820 5138 1012 5209 βαρεῖα
1056 5136 1284 5205 γένοιτο,
1314 5139 1432 5191 τότε
1489 5139 1854 5191 ἐκπίπτουσαν

290 5226 389 5283 τοῦ
422 5227 582 5301 ἀέρος
606 5230 696 5282 ἐπὶ
726 5229 826 5301 τὴν
843 5232 945 5301 γῆν
976 5228 1207 5296 σταγόνα
1230 5228 1491 5295 γίνεσθαι.
1520 5230 1725 5284 Οὐκοῦν
1756 5231 1855 5283 οὑκ

292 5318 630 5391 ἀνάλωσενή
662 5320 926 5392 θερμότης
972 5322 1108 5390 ὅπερ
1156 5320 1219 5373 ἐκ
1258 5319 1355 5390 τῆς
1387 5322 1487 5391 γῆς
1531 5322 1852 5391 ἀνεμάξατο,

292 5412 406 5465 ἀλλ’
454 5410 519 5476 ιε
564 5410 741 5464 αὑτῶν
792 5410 889 5483 μὲν
921 5410 1147 5481 συνέστη
1191 5411 1251 5464 τὸ
1295 5413 1484 5481 νέφος,
1526 5412 1586 5465 τὸ
1613 5413 1669 5465 δὲ
1698 5414 1855 5482 νέφος

294 5502 596 5569 συνθλιϐὲν,
627 5503 769 5575 ὕδωρ
794 5505 1025 5571 ἐγένετο·
1052 5502 1205 5557 τοῦτο
1234 5502 1290 5557 δὲ
1318 5503 1475 5557 πάλιν
1499 5506 1563 5575 τῇ
1597 5508 1665 5576 γῇ
1692 5524 1853 5559 κατα-

297 5592 521 5663 μιχθὲν,
567 5594 647 5656 εἰς
690 5592 857 5663 ἀτμὸν
896 5594 1137 5665 ἀνήχθη,
1188 5593 1280 5647 καὶ
1309 5597 1336 5647 ὀ
1380 5596 1550 5666 ἀτμὸς
1577 5597 1851 5665 νεφωθείς,

291 5683 498 5755 δμϐρος
536 5683 774 5752 ἐγένετο.
830 5684 924 5739 Ἐκ
965 5683 1021 5737 δὲ
1065 5684 1250 5738 τούτου
1302 5686 1461 5740 πάλιν
1512 5688 1545 5758 ἡ
1604 5688 1675 5758 γῆ
1730 5690 1855 5752 τοὺς

294 5775 500 5845 ἀτμοὺς
531 5772 808 5829 ἀπεκύησε
832 5789 847 5806 ο
902 5776 1136 5827 κάκεῖνοι
1182 5776 1535 5844 παχυνθέντες
1566 5780 1623 5831 ἐν
1654 5781 1717 5849 τῇ
1760 5796 1851 5833 συυ

1958 4602 2062 4660 rat,
2104 4603 2229 4647 tunc
2269 4607 2335 4645 ex
2387 4606 2513 4645 aere
2557 4589 2808 4659 guttatim
2840 4586 3005 4640 cadit.
3046 4588 3233 4654 Itaque
3272 4583 3414 4652 quod
3450 4600 3513 4635 ex

1957 4693 2098 4738 terra
2121 4682 2373 4736 caliditas
2435 4679 2658 4733 attrahit
2706 4686 2761 4733 et
2791 4678 3019 4741 extollit,
3062 4676 3115 4729 id
3172 4674 3240 4727 ab
3285 4689 3345 4727 ea
3407 4689 3513 4725 non

1956 4774 2318 4835 consumitur,
2353 4772 2448 4827 sed
2501 4772 2673 4827 nubes
2710 4770 2928 4825 evadit:
2982 4784 3087 4838 qua
3118 4767 3333 4834 quidem
3366 4782 3514 4817 coin-

1956 4881 2165 4936 pressa,
2216 4865 2386 4918 imber
2417 4864 2669 4919 eﬂicilur.
2707 4861 2820 4915 Hoc
2854 4868 3034 4913 autem
3103 4873 3317 4911 rursum
3359 4864 3514 4909 term:

1957 4956 2263 5020 commisto,
2288 4968 2455 5023 vapor
2476 4951 2751 5021 consurgit
2777 4969 2789 5004 :
2815 4950 2905 5019 qui
2932 4948 3186 5002 redactus
3207 4947 3259 4999 in
3288 4945 3510 5006 nubem,

1956 5050 2192 5121 pluviam
2244 5054 2298 5101 et
2349 5048 2574 5102 imbrem
2626 5045 2787 5115 parit.
2850 5041 3003 5096 Unde
3051 5054 3278 5109 vapores
3316 5038 3509 5092 iterum

1956 5144 2189 5212 concipit
2252 5152 2429 5202 terra,
2497 5140 2589 5211 qui
2656 5139 2710 5193 in
2785 5136 2956 5191 nubes
3014 5132 3367 5203 coagmentati
3418 5128 3509 5183 de-

1956 5234 2128 5291 ﬂuunt
2162 5253 2175 5288 :
2218 5234 2361 5303 quod
2401 5240 2580 5287 autem
2640 5229 2886 5291 deﬂuxit,
2916 5239 3134 5280 rursum
3162 5238 3257 5293 per
3290 5235 3510 5291 vapores

1955 5327 2182 5396 cogitur.
2207 5325 2386 5394 Atque
2406 5325 2477 5377 ita
2499 5323 2647 5376 orbis
2677 5320 2896 5391 quidam
2932 5318 3011 5383 tit,
3040 5314 3133 5385 qui
3163 5315 3218 5368 in
3253 5328 3310 5367 se
3333 5312 3507 5381 ipsum

1955 5418 2115 5480 redit,
2143 5426 2195 5469 et
2218 5415 2407 5469 iisdem
2438 5412 2677 5481 vestigiis
2700 5409 2918 5463 assidue
2945 5406 3173 5461 vertitur
3191 5416 3254 5455 ac
3278 5401 3506 5454 circum-

1956 5508 2213 5562 volvitur.
2269 5504 2423 5572 Quod
2471 5503 2517 5558 si
2558 5503 2771 5573 plantas
2809 5515 2873 5553 ac
2911 5498 3153 5568 germina
3195 5491 3507 5561 objeceris:

1954 5596 2313 5667 respondebo,
2367 5594 2547 5649 omnia
2595 5594 2650 5646 in
2702 5591 2886 5647 orbem
2942 5589 3123 5642 itidem
3181 5595 3505 5637 commeare.

1955 5688 2159 5742 llnmor
2196 5688 2339 5742 enim
2371 5702 2463 5758 per
2501 5686 2713 5755 plantas
2738 5691 2832 5738 aut
2889 5681 3098 5739 semina
3148 5675 3202 5729 in
3260 5672 3506 5744 germina

1955 5780 2197 5845 conﬂuit,
2221 5794 2344 5838 cum
2369 5777 2515 5848 quod
2548 5787 2824 5833 terrenum
2848 5781 2955 5839 est,
2974 5767 3361 5839 consequitur:
3384 5764 3504 5836 qui-
