4110 6544
592 376 667 437 95
1824 376 1881 431 S.
1923 372 2249 432 GREGORH
2286 375 2578 432 NYSSENI
3752 385 3826 440 96

592 493 697 549 bus
718 490 975 548 admissis
1008 508 1097 549 res
1139 492 1378 547 enutrita
1425 492 1624 549 crescit
1676 502 1733 550 et
1787 504 2036 566 augetur.
2095 496 2160 550 At

2283 494 2445 548 ττάσει
2489 493 2596 547 τῶν
2627 491 2805 563 νεφῶν
2856 494 3232 568 κατερρύησαν
3258 515 3271 530 ·
3322 499 3415 553 καὶ
3447 498 3510 553 τδ
3550 499 3827 572 ἀπορρυὲν

596 586 690 641 ubi
729 588 1022 657 exaruerit,
1064 584 1138 639 ita
1172 584 1509 651 dissolvitur,
1546 593 1605 639 ut
1630 586 1858 657 singulae
1882 597 2064 657 partes
2090 587 2159 641 ad

594 656 926 751 elementum
967 674 1053 728 sui
1087 673 1263 741 simile
1293 681 1655 729 revertantur.
1689 656 1903 729 Etenim
1930 690 2054 729 cum
2103 676 2158 730 in

592 766 877 836 particulis
908 762 1023 819 suis
1062 778 1157 818 aer
1178 763 1248 819 sit
1287 778 1469 832 rarus,
1511 767 1869 835 tenuibusque
1897 780 2161 837 vaporum

595 856 842 933 partist
900 855 1061 925 longe
1106 854 1348 919 tenuior,
1375 856 1637 926 quidquid
1686 857 1739 909 in
1780 857 1897 925 ipso
1934 864 2046 918 est,
2092 855 2161 908 ad

595 955 884 1017 cognatum
940 946 1044 1001 sibi
1090 947 1416 1001 elementum
1457 962 1554 1016 per
1594 948 1771 1017 ipsum
1823 949 2035 1002 transit.
2074 946 2162 1003 Sic

595 1040 739 1101 enim
771 1045 827 1092 et
855 1039 1057 1108 pulvis,
1086 1038 1211 1092 licet
1259 1038 1351 1092 diu
1402 1038 1456 1103 in
1495 1052 1621 1092 aere
1660 1037 1857 1092 diﬂ'usa
1906 1038 2160 1107 jactetur,

597 1134 811 1201 tandem
860 1131 1107 1185 redditur
1140 1140 1299 1185 terra:
1326 1149 1340 1195 ;
1371 1140 1424 1185 et
1457 1131 1655 1184 humor
1708 1145 1819 1185 non
1866 1130 2032 1201 perit,
2065 1129 2163 1186 sed

599 1223 805 1293 aliquid
834 1224 1060 1278 omnino
1095 1223 1198 1278 sibi
1241 1224 1595 1292 conjunclum
1626 1236 1690 1276 ac
1732 1222 1907 1278 simile
1934 1221 2161 1286 invenit,

600 1316 688 1370 cui
733 1315 1022 1379 admistus,
1054 1325 1359 1385 auctusque
1410 1316 1644 1385 partium
1673 1315 1931 1369 similium
1978 1328 2163 1369 acces-

602 1407 774 1469 sione,
808 1422 1023 1460 rursum
1059 1406 1113 1459 in
1140 1408 1337 1461 nubem
1375 1406 1705 1470 concrescit,
1746 1415 1907 1477 atque
1950 1406 2025 1459 ita
2070 1419 2167 1474 per

603 1498 800 1568 pluvia:
830 1507 1011 1569 guttas
1042 1497 1094 1550 in
1128 1507 1378 1551 naturam
1401 1512 1554 1566 suam
1589 1498 1915 1551 restituitur.
1958 1496 2032 1550 Ex
2056 1510 2166 1565 quo

605 1590 686 1653 ﬁt,
745 1600 803 1644 ut
839 1590 1025 1644 mundi
1080 1598 1285 1659 partes,
1330 1605 1452 1659 quae
1500 1589 1693 1643 ordine
1748 1589 2058 1643 constituta:
2110 1587 2166 1642 in

584 1675 967 1739 universitate
1020 1696 1201 1735 rerum
1238 1680 1510 1745 videntur,
1537 1679 1788 1735 eumdem
1824 1678 2044 1732 modum
2115 1687 2168 1732 et

2262 585 2421 638 πάλιν
2453 585 2520 637 δι’
2554 584 2740 655 ἀτμῶν
2769 586 3013 657 ἀνεδόθη,
3054 588 3146 640 καὶ
3173 586 3315 642 οὕτω
3346 589 3541 657 κύκλος
3574 608 3655 654 τις
3678 592 3828 660 γίνε-

2260 693 2349 729 ται
2383 676 2518 747 πρὸς
2544 676 2735 730 ἑαυτὸν
2769 675 3138 748 ἀναστρέφων,
3167 679 3261 731 καὶ
3289 679 3374 756 διὰ
3398 681 3505 734 τῶν
3536 681 3714 735 αὑτῶν
3738 684 3828 736 ἀεὶ

2174 834 2177 837 μ
2260 767 2579 840 περιχωηρῶν
2608 786 2665 821 τε
2700 768 2791 822 καὶ⁹
2824 768 3182 840 ἑλισσόμενος.
3228 771 3346 825 Κάν
3370 772 3439 825 τὰ
3471 774 3613 841 φυτά
3641 774 3827 845 είπῃς,

2262 862 2365 915 κάν
2405 861 2473 914 τά
2522 860 2906 932 βλαστήματα,
2947 862 3124 915 πάντα
3174 862 3252 933 τῷ
3292 863 3439 934 αὑτῷ
3477 863 3661 934 κύκλῳ
3689 882 3831 935 συμ-

2263 953 2627 1023 περιέρχεται.
2674 952 2741 1005 Ἦ
2772 951 2878 1023 γὰρ
2914 953 3075 1022 ἰκμὰς
3102 952 3203 1027 διάη
3226 954 3405 1022 φυτῶν
3434 955 3465 1024 ἢ
3501 955 3832 1025 σπερμάτων

2263 1044 2379 1107 τοῖς
2425 1043 2669 1113 βλαστοῖς
2720 1044 3113 1115 συνανέδραμεν
3139 1062 3152 1074 ·
3205 1041 3302 1097 εἷθ’
3342 1046 3463 1107 ὅσον
3494 1047 3606 1098 ἐστὶ
3632 1046 3836 1115 γεῶδες

2264 1134 2401 1205 αὐτῇ
2447 1135 2826 1203 συνεπόμενον,
2858 1135 3113 1207 ἐναφεῖσα
3155 1134 3233 1207 τῷ
3264 1135 3409 1206 ὄγκῳ
3437 1135 3530 1188 τοῦ
3566 1136 3837 1207 τρεφομέ-

2264 1243 2354 1279 νου
2382 1267 2396 1291 ,
2446 1226 2571 1279 ὅταν
2602 1225 2836 1298 ξηρανθῇ
2884 1226 2945 1285 τὸ
2995 1226 3345 1298 ὑποκείμενον
3383 1227 3461 1297 τῷ
3506 1229 3833 1297 περιέχοντι,

2264 1314 2425 1369 πάλιν
2458 1316 2593 1387 πρὸς
2628 1316 2688 1369 τὸ
2728 1318 2994 1387 ὁμόφυλον
3022 1317 3387 1387 ἐξατμίζεται.
3437 1320 3489 1369 Ἀ
3503 1318 3647 1387 ραιὸς
3678 1318 3735 1370 δὲ
3762 1316 3838 1369 ῶν

2265 1406 2294 1457 ό
2318 1405 2428 1476 ἀὴρ
2454 1406 2513 1459 ὲν
2544 1408 2653 1470 τοῖς
2683 1408 2871 1460 ἑαυτοῦ
2911 1410 3136 1479 μορίοις,
3184 1409 3276 1462 καὶ
3306 1409 3403 1478 τῆς
3444 1408 3838 1480 λεπτομερείας

2265 1496 2374 1549 τῶν
2399 1496 2584 1567 ἀτμῶν
2606 1498 3117 1569 λεπτομερέστερος,
3150 1497 3292 1551 ἀπαν
3322 1498 3389 1551 τὸ
3421 1502 3478 1551 ὲν
3512 1499 3657 1570 αὑτῷ
3687 1500 3842 1567 γενό·

2270 1605 2448 1658 μενον,
2480 1589 2619 1660 πρὸς
2659 1589 2720 1643 τὸ
2774 1592 3030 1660 συγγενὲς
3074 1590 3365 1661 διαφίησιν.
3409 1591 3563 1644 Οὑτω
3593 1592 3749 1664 γὰρῆ
3784 1610 3842 1645 τε

2267 1679 2433 1743 κόνις,
2465 1680 2565 1733 κᾶν
2588 1681 2814 1746 ὲπιπολὺ
2847 1681 2940 1736 τοῦ
2973 1682 3131 1751 ἀέρος
3158 1680 3432 1753 διασχεθῇ,
3464 1681 3621 1735 πάλιν
3672 1686 3739 1753 τῇ
3771 1684 3843 1754 γῇ

605 1786 1115 1841 mensuram,quam
1137 1771 1349 1842 opiﬁcis
1380 1772 1643 1841 sapientia
1668 1770 1864 1840 cuique
1884 1769 1950 1823 ad
1980 1768 2163 1823 mundi

2283 1772 2571 1826 ὶποδίδοται
2601 1791 2615 1805 ’
2671 1775 2763 1827 καὶ
2803 1778 2836 1845 ἡ
2888 1774 3051 1846 ίκμάς
3094 1775 3192 1829 οὑκ
3237 1774 3548 1838 ἀπόλλυται,
3597 1774 3711 1828 ἀλλ’
3753 1776 3845 1827 εὑ-

606 1834 1067 1932 pulchritudinem
1118 1834 1274 1914 initio
1306 1834 1664 1930 prms-cripsit,
1718 1834 1970 1912 tueantur
2003 1864 2168 1924 atque

2283 1858 2449 1929 ρίσκει
2503 1862 2562 1914 τὸ
2614 1834 2836 1926 πάντως
2862 1834 3046 1937 ἑαυτῇ⁷
3066 1865 3320 1933 συγγενές
3350 1882 3409 1917 τε
3444 1834 3544 1918 καὶ,
3568 1865 3846 1933 σύμφυλον

604 1961 951 2008 conservent.

2274 1951 2417 2005 κατά
2440 1952 2531 2006 τὸν
2557 1953 2693 2026 ἀέρα
2721 1954 3088 2026 πλανώμενον,
3117 1949 3161 2023 ᾧ
3187 1956 3626 2027 προσπλασθεῖσα
3651 1958 3743 2010 καὶ
3760 1956 3855 2010 διά.

603 2049 705 2116 τῆς
733 2045 841 2099 τῶν
868 2045 1068 2116 ὁμοίιον
1117 2045 1517 2117 προχωρήσεως
1560 2042 1854 2113 αὐξηθεῖσα
1875 2082 1889 2104 ,
1938 2039 2098 2094 πάλιν
2133 2040 2438 2109 διογκοῦται
2470 2046 2603 2117 πρὸς
2635 2047 2828 2114 νέφους
2859 2047 3135 2113 σύστασιν,
3171 2048 3265 2101 καὶ
3296 2047 3437 2101 οὕτω
3462 2046 3549 2100 διὰ
3574 2046 3851 2114 σταγόνων

605 2146 671 2213 τῇ
702 2142 808 2214 labia
834 2142 992 2211 φύσει
1021 2141 1450 2195 ἀποκαθίσταται
1469 2157 1495 2195 ο.
1524 2139 1665 2192 ὥστε
1693 2136 1968 2207 πανταχοῦ
1994 2136 2063 2189 τά
2093 2134 2185 2189 τοῦ
2217 2137 2421 2208 κόσμου
2449 2157 2507 2193 τε
2545 2140 2895 2211 στοιχειωδῶς
2939 2144 2996 2195 ὲν
3032 2142 3110 2214 τῷ
3143 2143 3303 2197 παντὶ⁸
3359 2141 3706 2211 θεωρούμενα
3760 2138 3857 2192 ἐπὶ

606 2233 700 2286 τοῦ
726 2234 887 2286 αὑτοῦ
921 2234 1117 2304 μέτρου
1148 2230 1534 2301 φυλάσσεσθαι,
1560 2230 1589 2283 δ
1618 2230 1769 2302 παρά
1810 2230 1910 2300 τὴν
1957 2227 2177 2298 πρώτην
2209 2227 2294 2297 ἔφ’
2329 2230 2559 2287 ἑκάστου
2604 2234 2710 2285 τῶν
2754 2235 2918 2288 ὄντων
2953 2237 2985 2306 ή
3035 2236 3191 2304 σοφία
3231 2234 3324 2289 τοῦ
3357 2232 3683 2305 δημιουργοῦ
3715 2233 3857 2304 πρὸς

607 2327 705 2397 τὴν
733 2325 1094 2396 εὐαρμοστίαν
1122 2325 1213 2379 τοῦ
1245 2325 1440 2387 παντὸς
1469 2324 1763 2391 διετάξατο.

683 2423 817 2477 Illud
847 2422 1018 2493 objici,
1063 2437 1223 2493 posse
1260 2437 1368 2476 non
1431 2421 1645 2492 ignoro,
1705 2431 2076 2489 saepenumero
2125 2415 2195 2483 in,

612 2516 869 2571 maximis
894 2515 1170 2569 caloribus
1202 2514 1374 2570 nubes
1396 2528 1491 2582 per
1524 2528 1703 2567 aerem
1727 2510 1984 2581 disjectas
2026 2507 2181 2570 ferri,

614 2607 671 2661 in
694 2620 837 2677 quas
865 2606 911 2661 si
939 2604 1147 2671 diutius
1174 2604 1371 2674 aliquis
1396 2588 1565 2659 aoiem
1594 2602 1876 2656 oculorum
1909 2596 2184 2654 ’intende-

618 2698 715 2764 rit,
756 2695 1048 2766 redarguet
1090 2694 1491 2766 quodammodo
1548 2693 1811 2750 rationem
1848 2706 2058 2756 eorum,
2090 2689 2184 2759 qui

612 2794 867 2842 asserunt
900 2796 1105 2841 naturae
1138 2784 1371 2838 humida:
1401 2784 1536 2837 nihil
1570 2782 1839 2838 consumi.
1883 2780 2019 2834 Nam
2055 2788 2175 2833 tur-

615 2877 853 2933 bulenue
898 2878 1061 2937 nubis
1110 2876 1403 2938 sectiones,
1452 2890 1573 2945 quae
1601 2877 1827 2929 multum
1882 2874 2182 2943 aeris'spa-

614 2973 752 3024 tium
780 2976 1078 3040 occupant,
1111 2967 1345 3039 primum
1377 2967 1600 3037 quidem
1654 2966 1823 3021 nimia
1857 2964 2071 3019 ardoris
2127 2965 2178 3023 vi

617 3072 867 3114 accensa!
889 3056 1317 3128 magnitudinem
1343 3057 1693 3122 contrahunt,
1712 3054 1907 3110 deinde
1934 3055 2182 3109 incendio

616 3151 903 3206 exsiccatae
963 3149 1182 3221 penitus
1228 3149 1535 3212 abolentur,
1581 3148 1718 3203 adeo
1748 3154 1809 3202 ut
1853 3147 2082 3201 humore
2114 3146 2183 3200 ab

617 3252 753 3297 aestu
796 3249 1145 3313 consumpto,
1200 3240 1335 3294 nihil
1364 3240 1590 3294 omnino
1651 3240 2012 3309 relinquatur.
2064 3221 2252 3304 ρυοο

618 3326 840 3399 quidem
873 3335 1195 3399 argumento
1228 3340 1491 3397 vaporum
1522 3326 1665 3382 ratio
1688 3326 1972 3382 refellitur.
2003 3325 2185 3382 Nubes

620 3420 767 3474 enim
790 3419 846 3473 in
873 3420 1160 3490 superiore
1176 3418 1476 3474 turbulenti
1501 3418 1825 3488 ventosiqim
1858 3418 2019 3487 hujus
2046 3416 2187 3471 aeris

623 3518 779 3579 parte
808 3512 1124 3566 constituta:
1155 3510 1291 3566 nihil
1320 3512 1633 3581 graviorum
1684 3525 1945 3581 vaporum
2001 3510 2053 3562 in
2090 3523 2187 3562 na-

623 3610 764 3656 tura
792 3616 907 3656 sua:
927 3602 1247 3657 tenuitatem
1269 3602 1579 3667 admittunt,
1596 3617 1722 3656 cum
1750 3616 1939 3656 omnes
1963 3615 2190 3672 vapores

625 3701 681 3750 et
707 3694 1084 3749 exhalationes
1113 3693 1442 3749 crassiorem
1464 3693 1610 3747 illam
1643 3692 1786 3747 aeris
1808 3700 2038 3762 partem,
2072 3707 2193 3761 quae

623 3792 827 3840 terram
863 3786 1089 3856 propius
1121 3785 1307 3848 ambit,
1346 3795 1539 3839 natura
1580 3784 1900 3855 praefinitam
1934 3784 2187 3848 habeant,

626 3891 729 3931 nec
780 3877 1011 3933 ulterius
1042 3878 1293 3947 progredi
1340 3878 1572 3947 possint.
1608 3874 1743 3930 Nam
1802 3877 1983 3932 tenuis
2028 3885 2193 3946 atque

626 3969 847 4023 aetheria
880 3969 970 4022 illa
1000 3969 1149 4038 regio
1184 3969 1321 4023 nihil
1370 3983 1619 4023 crassum
1655 3968 1912 4023 admittit.
1960 3966 2199 4034 Quidam,

624 4075 689 4115 se
710 4062 978 4116 montium
1006 4061 1400 4116 altissimorum
1428 4061 1662 4116 vertices
1684 4061 1888 4117 vidisse
1918 4061 2196 4118 memoria:

628 4151 1004 4221 prodiderunt,
1030 4151 1086 4206 in
1112 4165 1251 4221 quos
1270 4166 1371 4206 nec
1394 4151 1572 4207 nubes
1598 4151 1913 4216 ascendere,
1928 4166 2029 4207 nec
2049 4153 2195 4211 venti

633 4244 900 4313 aspirare,
922 4258 1024 4298 nec
1044 4245 1297 4298 volucres
1319 4243 1491 4313 magis
1506 4242 1760 4299 advolare
1777 4244 2009 4319 possint,
2030 4258 2199 4313 quam

632 4335 887 4389 animalia
906 4349 1026 4405 qua:
1039 4335 1188 4389 humi
1205 4334 1453 4389 demersa
1473 4342 1620 4399 sunt,
1634 4333 1687 4387 in
1702 4336 1998 4390 acrevitam
2019 4350 2194 4405 agere.

634 4425 708 4483 Ut
744 4426 1050 4497 perspicum
1082 4425 1173 4491 sit,
1199 4440 1321 4481 esse
1353 4424 1639 4496 quemdam
1675 4425 1727 4479 in
1752 4440 1875 4480 aere
1907 4426 2197 4479 terminum

634 4521 1010 4579 constitutum.
1044 4532 1203 4589 quem
1250 4517 1616 4573 crassioribus
1649 4525 1809 4571 terrae
1840 4516 2198 4572 exhalationi-

636 4613 740 4670 bus
783 4610 1077 4676 transilire,
1122 4617 1181 4664 ut
1227 4609 1294 4664 ad
1338 4610 1619 4681 superiora
1661 4608 2051 4676 conscendant,
2091 4624 2200 4664 non

635 4705 815 4762 liceat.
863 4702 1225 4771 Quamobrem
1279 4701 1335 4757 in
1383 4703 1647 4758 montium
1704 4701 2080 4758 cacuminibus
2134 4700 2201 4755 ad

636 4806 876 4854 aestatem
928 4811 1100 4866 usque
1144 4804 1463 4867 permanent
1509 4794 1691 4860 nives,
1743 4809 1842 4850 nec
1887 4791 2198 4863 liqueﬁunt,

638 4891 781 4961 quod
813 4890 1099 4945 humorum
1134 4889 1187 4944 in
1217 4904 1279 4945 ea
1310 4896 1462 4960 parte
1490 4888 1768 4943 concretio
1797 4888 2016 4944 assidue
2044 4886 2203 4943 refri-

639 4989 789 5054 geret
820 4997 1018 5037 aerem.
1054 4980 1357 5049 Quinetiam
1389 4980 1575 5051 igneos
1612 4985 1839 5042 tractus.
1873 4994 2011 5048 quos
2028 4979 2202 5049 prosi-

637 5075 832 5129 lientes
870 5073 1053 5128 stellas
1080 5071 1297 5142 quidam
1328 5081 1539 5136 vocant,
1573 5086 1640 5126 ex
1668 5071 1855 5127 eadem
1888 5084 2051 5126 causa
2088 5070 2201 5124 ﬁeri

638 5165 836 5219 docent
865 5163 1155 5233 sapientes,
1190 5163 1280 5232 qui
1306 5177 1393 5217 res
1414 5161 1677 5232 ejusmodi
1703 5161 2036 5232 proﬁtentur.
2061 5158 2203 5216 Ven-

636 5261 818 5308 torum
836 5252 980 5309 enim
1006 5251 1057 5306 vi
1076 5252 1374 5307 crassiores
1386 5251 1651 5320 quasdam
1669 5266 1733 5306 ac
1754 5250 2034 5308 densiores
2061 5252 2202 5308 aeris

636 5357 823 5417 partes
855 5345 908 5399 in
939 5344 1213 5415 regionem
1259 5343 1534 5398 aetheriam
1581 5342 1858 5412 compelli,
1894 5357 2003 5413 quo
2041 5344 2201 5400 simul

640 5446 801 5507 atque
813 5434 1175 5507 pervenerint,
1189 5432 1426 5499 incendi,
1441 5432 1563 5488 nam
1573 5447 1710 5487 mam
1723 5447 1937 5504 quoque
1947 5449 2069 5489 cum
2082 5450 2204 5491 ven-

641 5538 698 5585 to
719 5525 1557 5596 simulexstingui.Quamobrem
1584 5539 1707 5579 cum
1728 5524 1833 5579 dici
1866 5540 1970 5579 non
1992 5529 2203 5596 possint

643 5636 872 5691 vapores
903 5620 1171 5675 exstincta
1215 5611 1357 5672 nube
1392 5631 1613 5673 rursum
1662 5615 1992 5681 consistere,
2042 5626 2101 5672 ut
2135 5635 2201 5675 ex

648 5707 1243 5781 illis,quemadmodum
1285 5708 1339 5761 in
1385 5705 1735 5762 inferioribus
1772 5705 1887 5761 ﬁeri
1926 5706 2200 5777 videmus,

648 5802 822 5856 relicti
866 5802 1072 5859 humidi
1119 5801 1326 5860 reditus
1375 5799 1581 5873 sperari
1623 5808 1814 5873 queat,
1854 5815 2081 5895 necesse
2120 5815 2204 5861 est

2366 2416 2502 2469 Ἀλλ’
2528 2413 2645 2471 οἶδα
2689 2419 2779 2470 τὸν
2820 2416 3203 2472 ἀντιπίπτοντα
3223 2419 3411 2487 λόγον·
3449 2416 3708 2487 πολλάκις
3744 2413 3863 2484 γὰρ.

2282 2506 2428 2559 ἐστιν
2452 2507 2593 2565 ἰδεῖν,
2626 2509 2682 2559 ἐν
2707 2508 3045 2579 σφοδροτέρῳ
3075 2509 3315 2563 καύσωνι
3340 2508 3474 2576 νέφη
3503 2504 3737 2577 τινὰ-διὰ
3755 2505 3855 2558 τοῦ

2283 2597 2442 2667 ἀέρος
2483 2599 2923 2670 κατεσπαρμένα,
2954 2595 3035 2663 οἷς
3080 2603 3133 2654 εἴ
3170 2619 3253 2665 τις
3285 2600 3377 2667 ἐπὶ
3405 2600 3586 2652 πλεῖον
3614 2599 3857 2652 ὲνατενί-

2286 2706 2447 2753 σειεν,
2491 2689 2699 2758 ἐλέγξει
2748 2707 2867 2755 πως
2897 2692 2987 2745 τὸν
3024 2691 3180 2759 λόγον
3226 2692 3432 2754 τοῦτον,
3463 2692 3522 2755 ὃς
3558 2691 3725 2762 μηδὲν
3751 2691 3857 2761 τῆς

2285 2781 2457 2853 ὑγρᾶς
2492 2782 2704 2851 φύσεως
2732 2784 3171 2848 ἐξαναλίσκεσθαι
3201 2783 3367 2852 λέγει.
3420 2782 3501 2837 Τὰ
3531 2784 3640 2855 γὰρ
3686 2783 3860 2855 θρομο

2286 2874 2461 2945 ϐοειδῆ
2512 2875 2605 2927 τοῦ
2648 2875 2844 2945 νέφους
2890 2878 3189 2947 τμήματα,
3242 2876 3480 2948 πολλαχῆ
3544 2877 3636 2930 τοῦ
3695 2876 3859 2947 ἀέρος

2286 2965 2671 3035 ἐσκεδασμένα,
2705 2966 2916 3037 πρῶτον
2943 2967 3039 3035 μὲν
3071 2952 3383 3020 ἐλαττοῦται
3409 2968 3547 3020 κατὰ
3580 2968 3671 3020 τὸν
3692 2967 3858 3035 δγκον

2285 3056 2363 3128 τῷ
2392 3058 2778 3128 ὑπερϐάλλοντι
2803 3058 2896 3112 τοῦ
2928 3058 3168 3128 φλογμοῦ
3201 3057 3547 3131 ὲξοπτώμενα
3614 3054 3731 3112 εἶτα
3763 3058 3861 3121 καὶ

2288 3150 2366 3211 είς
2402 3149 2465 3202 τὸ
2515 3148 2774 3213 παντελὲς
2802 3149 3118 3219 ἀφανίζεται
3152 3152 3569 3221 καταφρυγέντα
3609 3151 3685 3220 τῷ
3724 3150 3863 3204 καύο

2287 3258 2435 3301 σωνι,
2464 3241 2538 3303 ὡς
2567 3242 2700 3313 μηδὲ
2737 3241 2905 3313 βραχύ
2938 3258 2989 3294 τι
3040 3241 3289 3311 λείψανον
3322 3242 3729 3312 ὑπολειφθῆναι,
3761 3239 3865 3295 τοῦ.

2288 3331 2529 3401 φλογμοῦ
2555 3334 2654 3403 τὴν
2688 3334 2885 3402 ἰκμάδα
2915 3332 3406 3403 καταξηράναντος.
3444 3332 3614 3385 Τοῦτο
3643 3333 3699 3385 δὲ
3730 3332 3864 3385 οὑκ-

2289 3422 2366 3474 έτι
2390 3423 2505 3475 ἐστὶ
2527 3422 2602 3493 τῷ
2621 3422 2728 3475 τῶν
2749 3423 2933 3494 ἀτμῶν
2955 3423 3096 3494 λόγῳ
3118 3423 3633 3494 παραμυθήσασθαι.
3663 3424 3727 3476 ’11
3751 3424 3877 3493 γὰρ,

2288 3511 2400 3565 ἀνω
2426 3511 2534 3565 τῶν
2557 3513 2731 3580 νεφῶν
2758 3513 3085 3575 κατάστασις
3112 3514 3145 3583 ἡ
3176 3512 3269 3565 τοῦ
3303 3512 3521 3583 θολεροῦ
3551 3512 3740 3566 τούτου
3767 3515 3885 3566 καὶ.

2298 3604 2703 3675 πνευματώδους
2723 3605 2879 3677 ἀέρος
2908 3605 3298 3677 ὑπερκειμένη,
3329 3606 3479 3677 οὐδὲν
3503 3604 3610 3657 τῶν
3632 3604 3867 3676 βαρυτέ-

2296 3714 2402 3768 ρων
2432 3701 2489 3751 ὲν
2515 3701 2580 3768 τῇ
2610 3698 3018 3769 λεπτότητιητῆς
3052 3698 3185 3761 ἰδίας
3222 3698 3434 3765 φύσεως
3466 3698 3861 3769 καταδέχεται·

2290 3787 2425 3841 ἀλλά
2443 3789 2638 3860 πάντες
2660 3788 2820 3858 ἀτμοὶ
2840 3790 2932 3842 καὶ
2949 3790 3115 3842 πᾶσαι
3132 3788 3518 3859 ἀναθυμιάσεις
3534 3791 3659 3861 ὅρον
3677 3788 3865 3859 ἔχουσι

2291 3880 2391 3949 τῆς
2413 3880 2505 3932 ἐπὶ
2524 3881 2583 3933 τὸ
2605 3881 2715 3934 ἀνω
2738 3882 2907 3952 φορᾶς
2928 3880 3026 3952 τὴν
3045 3880 3137 3935 τοῦ
3160 3880 3436 3953 περιγείου
3459 3881 3618 3952 ἀέρος
3642 3881 3787 3935 κατά
3807 3880 3867 3934 τὸ

2296 3970 2463 4042 μέρος
2484 3974 2657 4039 ἐκεῖνο
2684 3972 2986 4043 παχύτητα,
3007 3967 3074 4044 ἦς
3100 3971 3341 4025 διαδῦναι
3370 3972 3462 4025 ἐπὶ
3484 3972 3544 4025 τὸ
3565 3973 3676 4041 ἀνω
3702 3972 3866 4042 φύσιν

2294 4061 2395 4117 οὑκ
2424 4061 2557 4132 ἔχει.
2589 4061 2661 4115 Οὑ
2682 4062 2789 4133 γὰρ
2819 4060 2885 4114 ἂν
2911 4060 3257 4131 ὑπολειφθείη
3287 4063 3343 4113 ὲν
3363 4062 3441 4133 τῷ
3467 4062 3645 4135 λεπτῷ
3676 4080 3735 4115 τε
3771 4064 3868 4121 καὶ

2295 4154 2609 4226 αἰθεροειδεῖ
2625 4155 2732 4208 τῶν
2754 4155 3129 4227 παχυμερεστέ
3138 4172 3242 4224 ρων
3258 4155 3429 4208 οὐδέν.
3456 4155 3641 4218 Οὕτως
3658 4152 3753 4215 οὖν
3773 4157 3868 4209 καὶ

2296 4246 2437 4318 δρῶν
2448 4264 2605 4300 τινων
2626 4246 3015 4318 ὑπερμεγεθῶν
3030 4246 3130 4310 τάς
3159 4245 3466 4317 ἀκρωρείας
3485 4247 3870 4317 οἱίστορήσαν-

2295 4354 2386 4402 τες
2405 4338 2651 4408 λέγουσιν
2675 4340 2997 4409 ὑπερνεφεῖς
3023 4338 3120 4408 μὲν
3147 4332 3285 4390 εἶναι
3311 4337 3399 4389 ἀεὶ⁵
3432 4337 3525 4390 καὶ
3544 4338 3870 4407 ἀνεφίκτους

2297 4430 2409 4493 τοῖς
2426 4430 2716 4501 πνεύμασι,
2731 4432 2823 4484 καὶ
2846 4434 2958 4494 τοῖς
2976 4432 3198 4500 πτηνοῖς
3214 4431 3605 4501 ἀμήχανονίτὴν
3630 4433 3718 4483 ἐπ’
3732 4431 3871 4483 ὲκεί-

2231 4556 2274 4611 D
2301 4540 2405 4575 νων
2421 4521 2671 4589 γενέσθαι
2692 4524 2903 4592 πτῆσιν,
2923 4523 3019 4591 οὑχ
3038 4517 3199 4593 ἦττον
3216 4522 3251 4591 ἢ
3271 4524 3380 4584 τοῖς
3402 4521 3750 4592 ὑποϐρυχίοις
3772 4520 3870 4590 τὴν

2303 4614 2362 4666 ὲν
2382 4612 2504 4684 ἀέρι
2532 4611 2697 4683 ζωὴν,
2727 4612 2801 4675 ὼς
2844 4611 2932 4665 διὰ
2960 4614 3177 4666 πάντων
3206 4612 3391 4681 σαφῶς
3424 4612 3870 4676 ἀποδείκνυσθαι,

2300 4698 2437 4756 εἶναί
2466 4720 2520 4755 τι
2551 4702 2691 4755 κατὰ
2726 4702 2818 4756 τὸν
2857 4703 2993 4775 ἀέρα
3024 4702 3160 4773 πρὸς
3199 4703 3290 4756 τὸν
3322 4703 3713 4774 ὑπερκείμενον
3755 4704 3871 4773 χῶ-

2302 4810 2394 4865 ρον
2429 4791 2691 4864 μεθόριον,
2721 4792 2749 4846 δ
2779 4795 2912 4847 πᾶσι
2959 4796 3072 4857 τοῖς
3113 4793 3607 4866 παχυμερεστέροις
3653 4795 3760 4847 τῶν
3804 4797 3873 4849 ὲκ

2298 4889 2397 4958 τῆς
2430 4886 2533 4956 γῆς
2558 4886 3013 4957 ἀναθυμιωμένων
3039 4886 3210 4957 ὁρίζει
3245 4888 3341 4957 τὴν
3378 4886 3583 4941 στάσιν·
3615 4879 3679 4939 οὑ
3706 4886 3874 4959 χάριν

2300 4978 2392 5031 καὶ
2423 4977 2581 5048 μέχρι
2606 4976 2701 5047 τῆς
2731 4975 2877 5045 ὥρας
2906 4975 2999 5029 τοῦ
3039 4976 3247 5045 θέρους,
3286 4976 3518 5046 ἀτηκτος
3556 4976 3588 5047 ἡ
3630 4977 3721 5031 ἐπὶ
3756 4978 3873 5032 τῶν

2299 5068 2613 5140 ἀκρωρειῶν
2639 5068 2876 5138 διαμένει
2895 5067 3045 5138 χιὼν,
3067 5068 3165 5137 τῆς
3190 5067 3298 5120 τῶν
3319 5067 3505 5140 ἀτμῶν
3557 5067 3879 5131 συστάσεως

2299 5163 2420 5215 κατ’
2446 5163 2618 5215 έκεῖνο
2649 5161 2708 5214 τὸ
2739 5161 2901 5231 μέρος
2935 5159 3194 5230 διηνεκῶς
3227 5159 3318 5213 τὸν
3354 5159 3490 5231 ἀέρα
3520 5158 3875 5230 καταψυχοῦο

2302 5270 2420 5325 σης.
2458 5252 2613 5305 Ἀλλά
2659 5253 2751 5305 καὶ
2802 5252 2924 5315 τοὺς
2970 5251 3271 5322 πυροειδεῐς
3317 5251 3527 5314 όλκοὺς,
3575 5250 3666 5315 οὓς
3722 5268 3875 5316 τινες

2299 5345 2606 5408 διάττοντας
2652 5343 2904 5397 καλοῦσιν
2943 5343 3199 5416 ἀστέρας,
3249 5344 3313 5397 ὲκ
3350 5343 3453 5414 τῆς
3486 5342 3658 5414 αὑτῆς
3686 5343 3876 5408 αἰτίας

2298 5434 2560 5505 γίνεσθαι,
2618 5430 3019 5503 φυσιολογοῦσιν
3072 5432 3122 5485 oi
3170 5432 3342 5486 ταῦτα
3397 5432 3582 5501 σοφοὶ,
3628 5432 3755 5486 ὅταν
3804 5431 3886 5485 εκ

2300 5543 2460 5581 τινων
2496 5524 2815 5595 πνευμάτων
2858 5523 2980 5593 βίας
3022 5523 3291 5595 ὑπερχεθῇ
3334 5540 3385 5575 τι
3421 5518 3516 5575 τοῦ
3562 5521 3885 5592 παχυτέρου

2301 5622 2394 5677 καὶ
2425 5618 2781 5689 ὑλωδεστέρου
2808 5615 2967 5687 ἀέρος
2996 5617 3087 5669 ἐπὶ
3112 5616 3200 5668 τὸν
3230 5614 3465 5686 αἰθέριον
3491 5614 3674 5676 τόπον,
3707 5612 3877 5676 εὐθὺς

2302 5707 2689 5778 ὲκφλογοῦσθαι
2736 5707 2847 5761 ἀνω
2900 5706 3218 5777 γενόμενον*
3274 5705 3535 5760 καὶκατὰ
3581 5705 3676 5776 τὴν
3725 5703 3879 5757 ἐνδο-

2304 5802 2487 5856 θεῖσαν
2518 5802 2581 5855 ὲκ
2612 5798 2704 5855 τοῦ
2734 5798 3035 5870 πνεύματος
3070 5798 3266 5874 ὁρμὴν,
3291 5798 3390 5872 τὴν
3436 5798 3608 5869 φλόγα
3640 5797 3895 5867 ῥέουσαν,
