4110 6488
234 431 305 490 0⁸1
1431 431 1497 487 ΙΝ
1539 431 1672 489 HEX
1685 431 2010 489 AEMERON
2050 433 2275 488 LIBER.
3405 430 3474 486 98

237 549 519 623 φέρεσθαι·
556 547 866 612 σϐεσθέντος
911 547 967 602 δὲ
994 546 1086 601 τοῦ
1132 547 1456 619 πνεύματος,
1498 568 1807 624 συναπομαρ-

1918 565 2096 607 eorum
2121 550 2443 606 sententiam
2470 548 2789 619 approbare,
2813 546 2906 618 qui
2923 546 3203 604 humidum
3225 548 3400 611 exuri,
3418 556 3474 602 et

239 641 514 717 ραίνεσθαι
558 642 650 695 καὶ
696 642 795 712 τὴν
822 640 1013 709 φλόγα.
1048 639 1140 712 Τῷ
1184 642 1451 713 πνεύματι
1494 642 1674 697 τοίνυν
1709 644 1809 700 οὑκ

236 735 355 788 ἐστι
403 731 627 790 δυνατὸν
673 734 843 786 εἰπεῖν
888 732 1047 786 πάλιν
1088 733 1291 803 ἀτμοὺς
1318 735 1378 787 ιν
1405 734 1485 805 τῷ
1519 735 1810 807 ἀφανισμῷ

236 824 334 880 τοῦ
386 825 576 893 νέφους
617 822 1000 878 συνίστασθαι’
1051 824 1128 888 ὡς
1176 824 1243 879 δι’
1292 825 1515 879 ἐκείνων
1567 825 1806 891 ἐλπίσαι,

237 923 361 977 καθ’
401 920 692 993 ὁμοιότητα
735 919 843 974 τῶν
890 918 1130 974 κάτωθεν
1164 919 1451 992 ῥηθέντων,
1488 920 1583 975 τοῦ
1603 921 1807 992 ἀναλη-

236 1013 463 1082 φθέντος
518 1010 685 1083 ὑγροῦ
744 1013 843 1081 τὴν
888 1012 1165 1077 ἐπάνοδον,
1211 1013 1422 1084 ἀνάγκη
1470 1012 1807 1069 συντίθεσθαι

236 1108 351 1170 τοῖς
390 1106 704 1160 έκκαίεσθαι
738 1105 799 1158 τὸ
849 1105 1014 1176 ὑγρὸν
1062 1106 1465 1175 δογματίζουσι,
1513 1108 1607 1161 καὶ
1646 1109 1725 1172 εἰς
1750 1094 1810 1161 τὸ

240 1200 319 1271 μὴ
364 1198 424 1252 ὃν
471 1198 863 1269 περιΐστασθαι.
910 1198 1046 1250 Ἀλλ’
1078 1197 1187 1265 ἐγὼ
1216 1198 1278 1251 τὸ
1315 1200 1410 1268 μὲν
1460 1198 1808 1267 ἀφανίζεσθαι

235 1289 317 1362 τῷ
342 1289 729 1362 ὑπερϐάλλοντι
767 1289 996 1359 φλογμῷ
1035 1289 1134 1359 τὴν
1173 1291 1229 1343 ὲν
1270 1291 1383 1351 τοῖς
1423 1290 1610 1359 ἀτμοῖς
1645 1291 1805 1361 ὑγρό-

233 1397 377 1451 τητα
408 1379 682 1450 πείθομαι,
721 1378 945 1449 μάταιον
979 1378 1073 1431 καὶ
1112 1377 1381 1449 ἐριστικὸν
1417 1374 1554 1430 εἶναι
1586 1380 1805 1450 κρίνων,

233 1472 299 1525 τὸ
325 1474 439 1533 τοις
470 1472 719 1542 φανεροῖς
749 1467 1167 1539 ἀντιμάχεσθαι·
1194 1469 1316 1522 ἐπεὶ
1347 1467 1404 1522 δὲ
1438 1470 1703 1540 προσήκει
1734 1469 1809 1541 μὴ

239 1563 435 1631 καμεῖν
466 1558 799 1631 πανταχόθεν
822 1558 1196 1630 ἀνιχνεὺοντας
1222 1560 1322 1631 τὴν
1354 1559 1632 1629 ἀλήθειαν,
1659 1560 1809 1613 οὐδὲν

238 1647 397 1724 ἧττον
424 1653 627 1705 τούτων
664 1652 981 1721 γινομένων,
1016 1651 1159 1721 φημὶ
1190 1651 1247 1704 τδ
1285 1651 1479 1722 μέτρον
1506 1652 1604 1722 τῆς
1635 1652 1807 1724 ὑγρᾶς

232 1744 450 1814 φύσεως
484 1744 748 1813 ἀμείωτον
780 1741 1154 1809 διασώζεσθαι,
1198 1744 1289 1795 καὶ
1327 1743 1414 1796 ἀεὶ
1462 1742 1525 1795 τὸ
1562 1743 1809 1797 δαπανώο

235 1852 395 1906 μενον
423 1832 829 1901 ἀντεισάγεσθαι
867 1833 1082 1893 πάντως
1109 1831 1185 1901 τῷ
1226 1832 1483 1885 λείποντι.
1525 1834 1589 1885 Ὃ
1629 1830 1687 1885 δὲ
1716 1850 1807 1902 μοι

1907 644 1961 698 in
1986 644 2216 698 nihilum
2244 641 2416 712 redigi
2442 640 2686 695 tradunt.
2717 638 2828 711 Ego
2855 654 3002 703 vero,
3033 647 3095 694 ut
3126 639 3341 710 vaporis
3370 640 3473 695 hu-

1906 750 2116 791 morem
2133 734 2202 789 ah
2224 739 2586 803 exsuperante
2607 731 2861 786 incendio
2879 732 3127 787 consumi
3178 732 3470 786 concedam

1906 824 2083 897 (stulti
2102 826 2248 881 enim
2271 840 2333 881 ae
2356 824 2651 895 pertinacis
2676 823 2911 879 hominis
2929 823 3134 892 iudico,
3165 823 3325 880 rebus
3352 840 3475 895 per.

1906 917 2112 988 spicuis
2141 914 2462 981 adVersari),
2491 920 2697 981 tamen,
2726 906 2984 985 quoniam
3018 911 3257 982 undique
3271 914 3473 968 verita-

1906 1019 2014 1064 tem
2055 1007 2373 1078 indagantes
2406 1005 2625 1078 fatigari
2668 1020 2779 1061 non
2816 1005 2994 1069 decet.
3038 1002 3225 1061 assero
3266 1006 3475 1061 natura}

1909 1100 2143 1156 humida:
2169 1106 2482 1155 mensuram
2510 1099 2646 1154 nihil
2690 1097 3034 1152 imminutam
3059 1092 3395 1163 conservari,
3420 1108 3475 1153 et

1908 1193 2051 1263 quod
2079 1198 2461 1260 consumptum
2492 1198 2597 1253 est,
2623 1189 2849 1261 rependi
2873 1204 3101 1260 prorsus
3123 1198 3287 1260 atque
3314 1190 3475 1246 resti-

1908 1286 2008 1338 tui.
2032 1284 2186 1350 Quod
2218 1290 2399 1336 autem
2429 1282 2483 1336 in
2514 1281 2614 1336 hac
2642 1296 2725 1336 me
2752 1267 3018 1336 sententia
3040 1274 3353 1347 confirmat,
3369 1281 3475 1335 hoc

1908 1384 1991 1432 est
2021 1376 2225 1447 :lgnis,
2283 1382 2344 1430 ut
2375 1390 2442 1430 ex
2475 1375 2691 1429 actione
2718 1373 2890 1445 ipsius
2910 1373 2997 1428 hic
3026 1374 3167 1444 apud
3184 1388 3285 1429 nos
3312 1387 3477 1445 espe-

1909 1469 2099 1532 rimur,
2131 1482 2237 1522 non
2266 1482 2457 1522 omnes
2485 1466 2741 1532 materia,
2782 1482 2945 1537 quam
2972 1466 3219 1537 corripit,
3245 1466 3477 1536 qualita‘é

1906 1563 1993 1612 tes
2016 1557 2347 1627 depascitur.
2388 1555 2634 1627 Exempli
2676 1558 2849 1627 gratia
2880 1556 2934 1611 in
2962 1556 3068 1611 olei
3097 1558 3342 1619 materia,
3376 1556 3478 1609 lm-

1909 1648 2127 1703 miditas
2154 1655 2509 1719 posteaquam
2528 1663 2559 1701 a
2581 1648 2840 1716 qualitate
2868 1648 3061 1718 frigida
3091 1648 3336 1716 seiuncta
3364 1646 3475 1712 est,

1910 1741 2068 1796 facile
2090 1740 2159 1795 ab
2189 1742 2327 1809 ignis
2358 1741 2634 1796 caliditate
2661 1740 2971 1804 attrahitur,
3003 1748 3058 1795 et
3088 1739 3473 1795 inﬂammatur.

1912 1830 2018 1887 Sed
2049 1848 2157 1886 non
2193 1833 2367 1886 solum
2396 1832 2450 1886 in
2480 1830 2750 1886 flammam
2784 1833 2963 1888 oleum
2996 1833 3351 1896 convertitur,
3382 1847 3477 1887 ve-

231 1925 334 1994 τὴν
374 1923 626 1993 τοιαύτην
678 1922 949 1993 ὑπόληψιν
999 1921 1219 1991 βεϐαίαν
1267 1926 1427 1988 ποιεῖ,
1458 1922 1600 1975 τοῦτ’
1642 1923 1803 1976 ἐστιν’

1918 1940 2029 1978 rum
2074 1925 2237 1979 etiam
2276 1934 2403 1994 post
2451 1925 2632 1995 ignem
2684 1931 2753 1979 ex
2789 1924 2893 1978 olei
2940 1924 3262 1979 humiditate
3297 1933 3477 1977 ortum

244 2018 335 2070 Ἑν
367 2020 433 2087 τῇ
470 2016 591 2070 καθ’
620 2018 765 2086 ἡμᾶς
796 2015 890 2069 τοῦ
918 2015 1085 2085 πυρὸς
1116 2014 1384 2086 ἐνεργείᾳ,
1413 2016 1569 2068 τοῦτο
1595 2016 1682 2070 διὰ
1713 2018 1806 2087 τῆς

232 2109 429 2179 πείρας
471 2108 829 2178 μανθάνομεν,
860 2108 940 2159 ὅτι
972 2107 1032 2159 οὑ
1069 2106 1250 2169 πάσας
1276 2106 1373 2169 τὰς
1403 2108 1686 2177 ποιότητας
1711 2109 1808 2177 τῆς

234 2199 365 2267 ὑλης
393 2200 453 2253 τὸ
487 2199 598 2270 πῦρ
643 2199 1008 2261 ὲπιϐόσκεται,
1037 2198 1150 2250 ἀλλ’
1180 2193 1247 2267 ἦς
1296 2197 1359 2251 ἂν
1387 2199 1804 2269 περιδράξηταιο

232 2286 342 2345 οἷον
366 2292 500 2363 φέρε
527 2293 700 2345 εἰπεῖν
727 2292 818 2344 ἐπὶ
855 2290 954 2360 τῆς
995 2289 1087 2343 τοῦ
1119 2290 1297 2342 ἐλαίου
1330 2289 1480 2359 ὑλης,
1511 2290 1695 2361 ἐπειδὴ
1721 2306 1811 2343 κε-

222 2354 498 2456 ιχώρισται
526 2384 626 2454 τῆς
656 2382 867 2453 ψυχρᾶς
898 2354 1200 2454 ποιότητος,
1234 2383 1290 2433 ὲν
1326 2382 1392 2451 τῇ
1416 2354 1522 2451 ῦὺλῃ
1552 2354 1721 2453 ταύτῇ
1747 2380 1811 2434 τὸ

236 2477 399 2547 ὑγρὸν
446 2476 680 2539 εὐκόλως
722 2475 826 2529 ὑπὸ
870 2474 968 2544 τῆς
1001 2473 1327 2546 θερμότητος
1359 2473 1461 2526 ἔτοῦ
1506 2474 1673 2545 πυρὸς
1721 2474 1803 2540 ἐξ·

230 2568 512 2639 ειλκὺσθη,
538 2568 632 2621 καὶ
655 2567 784 2637 φλὸξ
805 2567 1036 2636 ἐγένετο.
1076 2565 1213 2619 Ἀλλ’
1255 2566 1316 2618 οὑ
1341 2565 1497 2636 μόνον
1530 2568 1607 2629 είς
1637 2566 1809 2635 φλόγα

230 2660 292 2712 τὸ
321 2661 501 2714 ἔλαιον
539 2659 625 2713 διὰ
649 2658 740 2711 τοῦ
778 2658 947 2728 πυρὸς
978 2656 1266 2728 ἠλλοιώθη,
1298 2657 1431 2709 ἀλλά
1478 2658 1572 2710 καὶ
1618 2657 1679 2710 τὸ
1714 2658 1807 2710 τοῦ

230 2752 406 2823 πυρὸς
448 2751 543 2805 τοῦ
577 2750 868 2821 γενομένου
896 2749 1002 2803 ἀπὸ
1046 2748 1139 2802 τοῦ
1186 2748 1387 2811 ἐλαίου,
1422 2748 1603 2820 φησὶν,
1647 2750 1810 2820 ὑγρὸν

233 2846 375 2916 μετά
414 2844 476 2897 τὸ
515 2843 646 2915 πῦρ,
684 2842 820 2913 ξηρά
853 2842 1058 2911 γίνεται
1101 2842 1281 2905 κόνις⁶
1318 2842 1453 2912 ὅπερ
1486 2840 1671 2909 σαφῶς
1707 2842 1811 2894 δεί-

231 2950 428 2988 κνυσιν
481 2934 515 3003 ἡ
563 2934 629 2986 ix
673 2932 762 2986 τοῦ
809 2932 1001 3002 λύχνου
1030 2932 1212 2999 λιγνὺς
1250 2930 1719 3000 καταμελαίνουσα
1751 2931 1812 2985 τὸ

231 3026 329 3097 τῆς
363 3025 560 3094 φλογὸς
610 3024 1037 3095 ὑπερκείμενονο
1078 3024 1214 3091 ὅπερ
1255 3023 1303 3073 εί
1356 3022 1445 3073 ἐπὶ
1498 3019 1680 3073 πλεῖον
1728 3021 1813 3089 γί-

230 3133 433 3186 γνοιτο,
467 3118 559 3171 καὶ
606 3116 766 3184 θγκος
809 3133 892 3179 τις
932 3112 1363 3185 ὑποστρέφεσθαι
1389 3112 1466 3182 τῷ
1495 3112 1583 3166 διὰ
1605 3113 1703 3182 τῆς
1731 3113 1811 3165 λι-

231 3210 394 3277 γνύος
432 3208 800 3279 μελαινομένῳ
834 3208 1004 3277 τόπῳ.
1040 3205 1203 3259 Ὅθεν
1233 3204 1389 3277 δῆλόν
1416 3206 1583 3269 ἐστιν,
1620 3205 1700 3257 ὅτι
1732 3206 1810 3268 είς

1910 2017 2096 2073 aridus
2128 2018 2269 2073 cinis
2297 2017 2547 2082 edicitur,
2589 2017 2643 2072 id
2674 2018 2820 2088 quod
2840 2030 3025 2087 aperte
3058 2018 3386 2087 perspicitur
3410 2031 3478 2071 ex

1910 2108 2149 2163 lucernae
2178 2108 2421 2178 fuligine,
2453 2124 2559 2179 qua
2590 2124 2653 2164 ea
2682 2123 2801 2177 quae
2847 2124 3012 2178 supra
3054 2107 3325 2162 flammam
3376 2109 3479 2163 sita

1911 2208 2060 2262 sunt,
2092 2201 2426 2269 nigrescunt.
2464 2200 2618 2266 Quod
2653 2200 2699 2255 si
2730 2200 2932 2254 diutius
2966 2201 3075 2261 fiat,
3116 2200 3216 2268 ipsi
3249 2200 3373 2253 loco
3415 2214 3479 2253 ex

1909 2290 2146 2346 lucernae
2188 2290 2412 2361 fuligine
2460 2292 2662 2345 infecto
2706 2293 2877 2347 moles
2925 2291 3168 2361 quaedam
3216 2280 3481 2347 accrescit

1912 2391 2076 2453 atque
2106 2382 2362 2438 adhaeret.
2383 2381 2462 2437 Ex
2490 2398 2599 2453 quo
2631 2384 2850 2452 planum
2878 2383 2957 2448 fit,
2985 2384 3160 2439 oleum
3186 2399 3281 2453 per
3301 2384 3480 2453 ignem

1909 2473 2240 2528 exsiccatum
2282 2473 2337 2527 in
2382 2475 2779 2531 minutissimas
2816 2487 2869 2531 et
2913 2484 3191 2546 aspectum
3232 2486 3481 2533 nostrum

1909 2564 2226 2635 effugientes
2259 2566 2556 2636 particulas
2600 2568 2949 2633 commutari,
2996 2578 3159 2638 atque
3199 2568 3270 2624 ita
3300 2584 3481 2625 aerem

1909 2667 2114 2728 petere,
2158 2658 2394 2727 indeque
2424 2658 2683 2713 desiliens
2712 2660 2764 2712 in
2796 2667 2994 2714 terram
3031 2660 3334 2717 considere.
3380 2661 3481 2715 Mi—

1910 2748 2321 2802 nutissimarum
2347 2758 2527 2802 autem
2562 2748 2807 2820 fuliginis
2838 2751 3222 2820 particularum
3246 2752 3300 2806 in
3362 2767 3485 2808 aere

1911 2838 2027 2893 fieri
2074 2836 2416 2902 effusionem,
2450 2856 2516 2893 ex
2565 2856 2630 2895 eo
2666 2850 2845 2911 potest
2873 2843 3119 2913 intelligi,
3149 2843 3292 2913 quod
3324 2854 3486 2899 nares

1912 2931 2059 2985 hunc
2090 2931 2269 3001 ipsum
2299 2946 2475 2986 aerem
2500 2934 2886 2988 attrahentium
2913 2934 3078 3004 nigra:
3102 2934 3259 2989 ﬁunt.
3314 2933 3485 3000 Quin-

1910 3022 2075 3077 etiam
2110 3023 2163 3078 id
2194 3024 2337 3093 quod
2367 3039 2429 3078 ex
2462 3031 2680 3094 pectore
2709 3026 3040 3096 respirantes
3075 3026 3353 3091 emittunt,
3403 3028 3486 3080 ni-

1914 3129 2069 3186 grum
2100 3130 2223 3173 esse
2253 3116 2618 3185 canSpicitur,
2648 3125 2930 3187 propterea
2953 3118 3098 3188 quod
3126 3117 3368 3188 fuliginis
3393 3133 3485 3171 co-

1913 3206 2027 3262 lore
2054 3222 2146 3276 per
2179 3206 2321 3262 aeris
2351 3208 2730 3261 attractionem
2764 3209 3057 3263 accedente
3088 3209 3157 3264 sit
3199 3207 3481 3262 infectum.

231 3299 408 3354 λεπτά
434 3316 493 3352 τε
521 3300 615 3352 καὶ
661 3298 841 3368 ἀφανῆ
880 3297 1045 3368 μόρια
1075 3296 1138 3350 τὸ
1176 3296 1351 3351 ἔλαιον
1387 3296 1475 3349 διά
1497 3296 1588 3349 τοῦ
1625 3298 1793 3368 πυρὸς
1829 3298 2199 3368 ἀτιοξηρανθὲν
2233 3299 2557 3363 ἀλλοιοῦται,
2584 3300 2678 3351 καὶ
2707 3298 2877 3363 οὑτως
2919 3302 2975 3353 ὲν
3002 3300 3080 3370 τῷ
3106 3300 3227 3372 ἀέρι
3257 3303 3483 3369 γίνεται,

231 3392 489 3446 κάκεῖθεν
514 3394 606 3444 ἐπὶ
644 3391 739 3461 τὴν
767 3391 867 3461 γῆν
907 3389 1197 3453 συνιζάνει.
1216 3390 1461 3442 Δείκνυσι
1490 3390 1547 3442 δὲ
1580 3388 1641 3441 τὺ
1667 3391 1724 3442 ἐν
1743 3390 1818 3459 τῷ
1841 3390 1963 3461 ἀέρι
1988 3391 2087 3461 τὴν
2108 3391 2412 3462 λεπτομερῆ
2448 3392 2549 3462 τῆς
2574 3390 2787 3460 λιγνύος
2828 3389 2963 3445 εἶναι
2999 3393 3264 3463 διάχυσιν,
3300 3396 3364 3447 ἐκ
3396 3394 3488 3448 τοῦ

231 3484 363 3547 τοὺς
388 3482 668 3554 μυκτῆρας
696 3482 804 3534 τῶν
829 3483 920 3534 τὸν
953 3483 1090 3553 ἀέρα
1116 3482 1302 3535 τοῦτον
1332 3482 1702 3535 ἀναπνεόντων
1729 3483 2200 3553 ὑπομελαίνεσθαι.
2221 3485 2486 3548 Πολλάκις
2503 3485 2559 3538 δὲ
2589 3486 2681 3538 καὶ
2706 3486 2764 3538 τὸ
2791 3485 2999 3538 ἔνδοθεν
3030 3489 3092 3539 ἑκ
3114 3487 3211 3540 τοῦ
3245 3486 3493 3558 θώρακος

234 3576 665 3646 ἀναπτυόμενον,
713 3574 879 3645 μέλαν
920 3574 1168 3645 ὁρᾶσθαι,
1216 3574 1304 3628 διά
1339 3574 1400 3627 τὸ
1430 3574 1510 3638 τῷ
1552 3574 1798 3646 χρώματι
1834 3576 1933 3645 τῆς
1958 3576 2171 3645 λιγνύος
2212 3578 2304 3630 καὶ
2338 3578 2470 3630 αὑτὸ
2520 3577 3003 3650 καταχρώννυσθαι
3035 3578 3111 3649 τῷ
3137 3578 3223 3633 διά
3259 3579 3359 3650 τῆς
3398 3578 3492 3633 τοῦ

234 3671 398 3741 ἀέρος
426 3667 699 3736 ἀναπνοῆς
725 3668 1174 3721 συνεισπίπτοντι.

308 3761 523 3817 Οὑκοῦν
564 3759 723 3829 δῆλόν
764 3760 912 3812 ἐστιν
951 3762 1015 3812 ὲκ
1052 3760 1283 3824 τούτων,
1311 3761 1393 3813 ὅτι
1422 3759 1515 3812 τοῦ
1555 3759 1731 3813 ἐλαίου
1763 3759 1817 3813 τὸ

1996 3757 2073 3816 Et
2101 3761 2185 3816 his
2212 3772 2423 3818 constat
2451 3764 2825 3819 humiditatem
2855 3766 2960 3820 olei
2991 3765 3071 3820 sic
3103 3765 3157 3819 in
3189 3765 3493 3822 siccitatem

240 3858 343 3929 μὲν
384 3853 550 3924 ὑγρὸν
583 3854 661 3914 είς
702 3851 970 3922 ξηρότητα
1006 3854 1365 3925 μετεποιήθη,
1404 3854 1433 3906 ὁ
1458 3852 1514 3905 δὲ
1553 3852 1693 3906 κατά
1720 3852 1817 3924 τὴν

239 3948 376 4017 ὓλην
417 3946 580 4013 θγκος
628 3945 728 3997 οὑκ
764 3946 843 4007 είς
888 3944 1224 4015 ἀνυπαρξίαν
1267 3943 1535 4015 ἠφανίσθη
1582 3942 1668 3996 διὰ
1712 3942 1821 3996 τῶν

238 4037 457 4092 λεπτῶν
509 4054 569 4090 τε
615 4037 707 4090 καὶ
767 4037 987 4106 ἀφανῶν
1035 4037 1235 4109 μορίων
1305 4035 1678 4098 ὲνσκεδασθεὶς
1744 4033 1823 4105 τῷ

239 4131 389 4201 ἀέρι.
425 4130 603 4200 Ὅπερ
644 4129 821 4182 τοίνυν
868 4129 961 4182 ἐπὶ
1015 4128 1107 4182 τοῦ
1148 4128 1315 4200 ὑγροῦ
1367 4128 1555 4181 τούτου
1596 4127 1684 4180 διὰ
1726 4126 1824 4197 τῆς

238 4224 354 4276 τῶν
391 4222 687 4291 γινομένων
733 4220 1010 4292 ἐνεργείας
1056 4220 1363 4291 ἐμάθομεν,
1389 4220 1471 4273 ὅτι
1522 4218 1823 4271 ἀλλοιοῦται

244 4314 411 4386 μόνον
436 4312 497 4366 τὸ
527 4310 692 4383 ὑγρὸν
720 4313 795 4375 είς
839 4311 1126 4382 ξηρότητα,
1159 4310 1257 4363 οὑκ
1286 4312 1364 4373 είς
1392 4310 1452 4363 τὸ
1480 4309 1737 4373 παντελὲς
1765 4310 1826 4362 τὸ

242 4409 435 4464 ὑλικὸν
469 4405 818 4476 ἀφανίζεται·
852 4404 1006 4458 τοῦτό
1055 4422 1138 4467 τις
1192 4404 1286 4458 καὶ
1330 4402 1457 4476 περὶ
1499 4401 1592 4455 τοῦ
1627 4404 1826 4467 παντὸς

243 4499 467 4561 ὲννοιῖιν,
494 4496 587 4549 τοῦ
625 4495 832 4557 εἰκότος
858 4496 955 4564 οὑχ
982 4496 1356 4565 ἁμαρτήσεται
1374 4509 1387 4522 ·
1424 4492 1578 4563 δῆλον
1602 4492 1710 4563 γὰρ
1744 4493 1825 4545 ὃτι

244 4594 315 4645 ὲκ
358 4589 538 4659 μερῶν
585 4588 646 4641 τὸ
694 4588 813 4640 ὅλον
864 4586 1210 4657 συνέστηκεν.
1247 4586 1423 4656 Ὅπερ
1456 4583 1501 4637 δ’
1530 4584 1597 4636 ἂν
1645 4584 1704 4636 ἐν
1748 4580 1827 4654 τῷ

247 4681 412 4751 μέρει
437 4678 731 4748 ἐμάθομεν,
762 4676 917 4730 τοῦτο
944 4677 1038 4731 καὶ
1066 4675 1308 4749 περὶτοῦ
1333 4674 1531 4739 παντὸς
1551 4674 1829 4746 ἐδιδάχθη-

249 4790 374 4844 μεν.
419 4772 565 4826 Μίαν
603 4771 659 4824 δὲ
688 4770 766 4841 τῷ
800 4770 947 4839 γένει
988 4769 1086 4841 τὴν
1129 4770 1398 4841 ὑγρότητα
1432 4762 1589 4833 εῖναι,
1624 4768 1733 4821 οὐδ’
1764 4766 1831 4821 ἀν

245 4865 363 4917 τῶν
390 4862 678 4935 ἐριστικῶν
707 4879 789 4924 τις
813 4862 1073 4915 ἀντείποι.
1119 4861 1276 4913 Ἀλλά
1311 4863 1417 4932 μὴν
1462 4860 1630 4929 λεπτὴ
1684 4858 1830 4920 κόνις

1922 3856 2263 3919 commutari,
2295 3863 2354 3910 ut
2384 3857 2623 3911 materiae
2666 3855 2981 3927 magnitudo
3012 3871 3108 3926 per
3144 3858 3495 3913 tenuissimas

1920 3945 2239 4015 particulas,
2262 3952 2316 4001 et
2338 3961 2459 4017 qua:
2483 3946 2653 4001 aciem
2681 3947 2962 3999 oculorum
2993 3945 3275 4016 effugiunt,
3300 3947 3351 4000 in
3373 3961 3498 4000 aere

1923 4036 2152 4104 disiecta
2196 4051 2307 4090 non
2348 4035 2612 4090 deleatur.
2657 4036 2715 4090 Si
2760 4037 2884 4106 quis
2924 4036 3108 4107 igitur,
3155 4046 3215 4092 ut
3252 4038 3354 4093 hoc
3390 4038 3496 4093 olei

1923 4126 2206 4180 humidum
2224 4126 2489 4180 duntaxat
2510 4127 2562 4179 in
2581 4126 2787 4182 siccum
2807 4128 3162 4192 convertitur,
3182 4142 3291 4182 non
3315 4136 3496 4181 autem

1925 4226 2034 4271 tota
2064 4216 2289 4271 materia
2312 4216 2529 4287 penitus
2556 4214 2825 4280 aboletur,
2847 4216 2927 4272 sic
2948 4219 3016 4270 de
3039 4216 3296 4271 universo
3322 4216 3499 4270 humi-

1925 4306 1995 4361 do
2022 4307 2358 4377 cogitaverit,
2393 4321 2504 4363 non
2543 4307 2781 4375 errabit;
2810 4306 3157 4361 manifestum
3196 4309 3340 4362 enim
3383 4316 3496 4371 est,

1925 4407 2098 4455 totum
2137 4417 2201 4455 ex
2238 4400 2483 4470 partibus
2518 4408 2794 4456 constare.
2836 4398 2991 4467 Quod
3026 4408 3206 4455 autem
3249 4401 3315 4455 de
3347 4408 3501 4471 parte

1927 4492 2209 4554 discimus,
2244 4493 2383 4547 idem
2412 4490 2479 4548 de
2510 4499 2624 4548 toto
2651 4493 2964 4547 edocemur.
2999 4491 3173 4547 Unam
3206 4500 3385 4548 autem
3408 4508 3502 4564 ge-

1928 4600 2057 4640 nere
2104 4584 2478 4640 humiditatem
2524 4600 2646 4641 esse
2693 4600 2853 4640 nemo
2911 4601 2980 4641 ne
3031 4586 3503 4656 pertinacissimus

1928 4676 2148 4748 quidem
2179 4678 2415 4748 negabit.
2438 4678 2613 4749 Atque
2642 4679 2935 4734 humiditas
2969 4680 3037 4733 ab
3067 4680 3189 4750 igne
3216 4678 3502 4733 combusta

1931 4771 2110 4827 tenuis
2143 4772 2320 4841 pulvis
2347 4770 2613 4828 efiicitur:
2638 4781 2691 4827 et
2715 4787 2877 4828 omne
2917 4772 3218 4834 humidum,
3260 4772 3387 4826 dum
3418 4781 3504 4826 est

1930 4862 1987 4917 in
2016 4864 2159 4935 igne,
2200 4868 2585 4935 particularum
2628 4868 2945 4939 qualitatem
2979 4884 3044 4923 ex
3080 4867 3405 4922 humiditate
3448 4868 3504 4921 in

248 4956 585 5011 lxxauﬁsl’sa.
615 4956 701 5009 διὰ
737 4955 831 5008 τοῦ
874 4955 1043 5027 πυρὸς
1087 4956 1121 5025 ἡ
1168 4955 1403 5026 ὑγρότης
1447 4954 1679 5021 ἐγένετο·
1725 4950 1817 5022 ipa

1934 4959 2233 5013 siccitatem
2265 4961 2553 5024 convertit,
2583 4975 2693 5015 non
2725 4969 2905 5016 autem
2938 4962 3157 5031 penitus
3186 4958 3398 5015 deletur
3422 4968 3505 5013 at-

252 5052 350 5103 καὶ
381 5050 490 5103 πᾶν
519 5048 683 5120 ὑγρὸν
716 5050 772 5101 ὲν
795 5046 871 5118 τῷ
893 5020 1023 5117 πυρὶ
1067 5020 1368 5117 γενόμενον⁷
1393 5045 1711 5118 μεταϐάλλει
1732 5020 1817 5116 τηε

1918 5030 2039 5121 huc
2067 5054 2425 5108 consumitur.
2472 5052 2738 5119 Quoniam
2778 5054 2944 5125 igitur
2980 5054 3173 5107 nebula
3201 5068 3297 5107 seu
3331 5052 3505 5107 nubes

252 5142 313 5194 ὲν
331 5143 447 5204 τοῖς
487 5140 693 5211 μορίοις
719 5139 993 5209 ποιότητα,
1019 5139 1153 5209 πρὸς
1179 5141 1238 5190 τὸ
1266 5138 1425 5211 ξηρὸν
1453 5140 1516 5191 ὲκ
1542 5137 1635 5191 τοῦ
1666 5135 1817 5207 ὑγροί

1941 5143 2075 5199 nihil
2106 5145 2249 5198 aliud
2278 5154 2379 5207 est,
2418 5146 2522 5199 nisi
2557 5160 2816 5215 vaporum
2852 5146 3062 5200 coactio
3097 5155 3257 5216 atque
3282 5158 3508 5200 concre-

259 5231 676 5303 μεθιστάμενον,
704 5231 804 5284 οὑκ
829 5234 906 5294 είς
937 5229 996 5283 τὸ
1026 5229 1282 5293 παντελὲς
1309 5230 1646 5299 ἀφανίζεται.
1684 5229 1833 5281 Ἐπεὶ

253 5319 352 5377 οῦν
399 5322 574 5393 ἀτμοῦ
625 5322 881 5385 σύστασις
924 5324 985 5375 τὸ
1031 5323 1188 5391 νέφος
1215 5322 1380 5388 ἐστὶν,
1418 5324 1447 5375 ὁ
1495 5320 1552 5374 δὲ
1593 5316 1834 5391 ἀτμὸςή

255 5416 601 5487 λεπτομερὴς
648 5414 743 5468 τοῦ
789 5414 954 5485 ὑγροῦ
1012 5417 1157 5469 ἐστιν
1203 5413 1581 5484 ἀναθυμίασις,
1622 5413 1832 5484 ἀνάγκη

256 5508 432 5569 πᾶσα,
466 5506 597 5558 ὅταν
637 5505 984 5575 καταφρυγὲν
1016 5504 1094 5575 τῷ
1127 5504 1353 5576 φλογμῷ
1401 5504 1461 5558 τὸ
1501 5503 1690 5575 νέφος,
1745 5504 1835 5557 τὸν

253 5597 457 5652 λεπτδν
487 5599 695 5653 ἐκεῖνον
721 5600 815 5651 καὶ
861 5598 1038 5669 άμερῆ
1065 5595 1159 5651 τοῦ
1188 5597 1363 5667 ἀτμοῦ
1390 5596 1573 5666 ὄγκον,
1605 5596 1705 5650 κάν
1736 5596 1834 5668 τὴν

258 5690 439 5761 ὑγρὰν
484 5688 560 5761 μὴ
609 5688 844 5760 διασώζῃ
901 5690 1173 5759 ποιότητα,
1230 5688 1304 5759 μὴ
1354 5690 1539 5759 μέντοι
1600 5690 1739 5742 κατὰ
1778 5688 1840 5742 τὸ

258 5782 623 5852 ὑποκείμενον
662 5783 742 5844 είς
780 5782 1083 5851 ἀφανισμὸν
1114 5782 1458 5851 μεταϐαίνειν
1500 5784 1579 5845 είς
1622 5782 1683 5834 τὸ
1707 5781 1839 5853 μηδὲ

259 5874 651 5946 ἀναλυόμενον.
684 5873 936 5945 Τέσσαρα
969 5875 1077 5945 γὰρ
1110 5874 1235 5945 περὶ
1278 5873 1369 5928 τὸν
1414 5875 1584 5945 ἀτμὸν
1619 5873 1845 5946 θεωρεῐδ

1940 5236 2051 5290 tio:
2083 5252 2251 5307 vapor
2280 5246 2459 5293 autem
2487 5248 2569 5293 est
2600 5239 2922 5293 tenuissima
2955 5238 3158 5291 humidi
3189 5236 3463 5292 exhalatio
3489 5251 3503 5287 :

1941 5340 2163 5381 necesse
2201 5338 2304 5392 εει,
2336 5342 2459 5381 cum
2490 5327 2685 5383 ardore
2716 5328 2888 5384 nubes
2920 5329 3214 5392 exaruerit,
3251 5324 3506 5381 minutis-

1941 5414 2136 5472 simum
2180 5420 2313 5476 illud
2352 5428 2406 5476 et
2448 5421 2788 5476 individuum
2832 5419 3051 5492 vaporis
3099 5418 3505 5489 corpusculum,
3600 5472 3619 5491 ,

1941 5511 2189 5579 quamvis
2213 5513 2487 5567 humidam
2504 5513 2819 5585 qualitatem
2844 5528 2954 5566 non
2980 5519 3177 5574 servet,
3199 5525 3305 5564 non
3326 5517 3508 5563 tamen

1942 5606 2161 5660 omnino
2188 5605 2425 5676 disperdi
2441 5614 2495 5662 et
2524 5607 2749 5663 aboleri.
2775 5606 3021 5674 Quatuor
3047 5605 3193 5661 enim
3228 5604 3282 5657 in
3311 5618 3510 5673 vapore

1940 5698 2386 5765 considerantur,
2430 5699 2755 5763 humiditas,
2797 5699 3098 5770 frigiditas,
3142 5696 3413 5767 gravitas,
3456 5701 3511 5750 et

1941 5789 2237 5858 quantitas.
2269 5790 2343 5844 Ex
2368 5789 2455 5846 his
2484 5804 2603 5861 quae
2631 5798 2841 5846 naturae
2870 5789 3012 5861 ignis
3034 5788 3412 5848 adversantur.
3445 5801 3511 5842 ea

1941 5883 1991 5938 vi
2008 5882 2181 5954 ipsius
2197 5884 2574 5953 exsuperantis
2602 5882 2907 5939 abolentur:
2931 5880 3283 5952 quamobrem
3303 5896 3402 5937 nec
3419 5879 3514 5934 hu-
