4054 6492
621 423 688 480 99
1849 428 1910 484 S.
1953 428 2279 486 GREGORII
2321 427 2613 485 NYSSENI

3723 431 3824 487 100

620 543 823 599 midum
850 561 949 601 nec
969 544 1216 616 frigidum
1249 546 1304 599 in
1331 546 1456 617 igne
1493 547 1594 603 sita
1630 558 1847 601 manent
1883 549 2165 618 ejusmodi.

2271 567 2379 613 ται,
2409 551 2469 603 τὸ
2498 551 2680 622 ὑγρὸν,
2707 551 2766 603 τὸ
2791 551 3014 621 ψυχρὸν,
3040 549 3099 601 τὸ
3132 550 3293 620 βαρὺ,
3316 551 3350 620 ἠ
3381 548 3695 620 πηλικότης.
3731 551 3825 605 Ἐκ

621 633 904 700 Quantitas
925 650 1052 690 vero
1066 635 1136 689 ab
1161 634 1301 706 ignis
1331 645 1524 692 natura
1549 652 1655 692 non
1682 639 1979 707 discrepat,
2007 655 2171 708 quan-

621 727 904 796 doquidem
935 734 986 780 et
1014 727 1154 795 ignis
1183 728 1238 780 in
1269 737 1472 796 quanto
1537 729 1932 794 consideratur,
1967 737 2020 784 et
2048 745 2168 784 cum

618 824 822 887 quanto
851 816 1128 884 quantitas
1154 833 1263 870 nou
1293 825 1510 888 pugnat.
1545 817 1728 888 Itaque
1758 820 1973 889 vaporis
2001 836 2172 890 quau—

619 909 747 962 titas
764 907 833 961 ab
853 907 1060 961 humidi
1076 917 1127 963 et
1149 908 1323 978 frigidi
1346 911 1604 979 qualitate
1631 913 1877 981 sejuncta
1904 922 2166 968 servatur.

619 999 748 1065 Quae
777 1007 954 1053 autem
993 1016 1057 1054 ex
1094 1003 1358 1071 gravitate
1392 1003 1630 1071 qualitas
1670 1005 1858 1073 vapori
1912 1005 2172 1057 naturali-

616 1099 702 1143 ter
736 1091 895 1154 inest,
925 1108 1029 1145 una
1052 1109 1175 1148 cum
1201 1093 1574 1163 magnitudine
1623 1105 2023 1160 conservatur;
2072 1112 2168 1164 pa-

617 1183 746 1237 riter
779 1185 923 1238 enim
959 1193 1012 1238 et
1044 1184 1266 1239 humida
1299 1196 1352 1240 et
1403 1186 1604 1258 frigida
1657 1201 1874 1256 gravem
1920 1194 2168 1240 naturam

615 1273 832 1329 habent.
866 1274 940 1328 Ex
969 1276 1069 1329 hac
1099 1291 1279 1330 rerum
1304 1278 1444 1332 serie
1480 1293 1635 1333 mens
1668 1278 1817 1332 nullo
1855 1278 2042 1330 labore
2077 1291 2171 1330 co-

612 1377 855 1436 gnoscct,
905 1368 1178 1435 quomodo
1218 1382 1357 1436 aqua
1394 1368 1482 1421 ﬁat
1533 1379 1678 1422 terra
1729 1377 2170 1435 commutataque

610 1458 829 1525 vaporis
859 1459 1117 1527 qualitate
1139 1469 1388 1513 naturam
1419 1459 1648 1514 similem
1679 1468 2026 1528 assequatur.
2053 1457 2168 1512 Sit:-

613 1565 734 1604 cum
767 1550 933 1613 enim,
975 1558 1028 1604 et
1059 1565 1222 1620 grave
1271 1552 1575 1620 qualitatis,
1633 1567 1758 1621 quae
1785 1559 1963 1606 terra
2002 1552 2164 1615 inest,

609 1642 825 1710 propria
861 1651 1009 1702 sunt,
1045 1643 1097 1694 in
1129 1656 1297 1711 eaque
1328 1659 1498 1712 vapor
1526 1650 1754 1697 exustus
1811 1642 2164 1696 convertitur.

612 1733 686 1786 Ac
719 1733 846 1786 mihi
880 1733 1099 1801 quidem
1130 1748 1238 1787 non
1265 1731 1576 1787 faciendum
1612 1732 1847 1796 videtur,
1870 1739 1927 1786 ut
1957 1733 2167 1802 princi-

2270 639 2470 691 τούτων
2493 640 2592 691 ὅσα
2617 639 2716 708 μὲν
2736 640 2987 702 ἐναντίως
3028 640 3160 708 πρὸς
3189 639 3250 690 τὸ
3273 637 3384 709 πῦρ
3407 637 3538 708 ἔχει,
3564 640 3630 708 τῇ
3668 636 3822 692 δυνα-

2272 729 2423 800 στεία
2459 730 2552 783 τοῦ
2597 729 3010 801 ἐπικρατοῦντος
3053 728 3460 797 ὲξαφανίζεται·
3491 727 3612 782 οὔτε
3647 730 3740 797 γὰρ
3765 729 3826 782 τὸ

2271 820 2454 890 ὑγρὸν,
2485 820 2607 874 οὕτε
2629 822 2689 874 τὸ
2712 822 2915 893 ψυχρὸν
2945 824 3001 874 ὲν
3027 821 3102 891 τῷ
3127 823 3256 891 πυρὶ
3283 820 3566 890 γενόμενον
3588 820 3826 891 διαμένει

2269 913 2518 964 τοιοῦτον.
2558 913 2620 965 Ἦ
2675 913 2854 984 μέντοι
2907 911 3203 982 πηλικότης
3243 911 3512 979 συγγενῶς
3554 912 3648 965 καὶ
3693 911 3824 980 πρὸ..

2269 1003 2364 1073 τὴν
2385 1003 2476 1056 τοῦ
2502 1005 2671 1074 πυρὸς
2699 1005 2882 1057 οὐσίαν
2910 1003 3050 1074 ἔχει·
3095 1004 3187 1057 καὶ
3220 1003 3326 1074 γὰρ
3355 1003 3414 1056 τὸ
3443 1002 3558 1074 -πῦρ
3585 1004 3642 1056 ὲν
3678 1002 3825 1072 ποσῷ

2270 1095 2599 1166 καθορᾶται·
2652 1097 2801 1166 ποσῷ
2842 1097 2898 1149 δὲ
2955 1096 3182 1167 ποσότης
3216 1096 3288 1148 οὑ
3337 1095 3583 1164 μάχεται.
3631 1095 3691 1148 El
3735 1091 3825 1148 οῦν

2269 1189 2299 1254 ἡ
2365 1187 2658 1258 πηλικότης
2725 1187 2819 1239 τοῦ
2881 1187 3052 1257 ἀτμοῦ
3112 1187 3468 1249 διασώζεται,
3530 1188 3626 1256 τῆς
3688 1184 3825 1238 κατά

2267 1278 2326 1328 τὸ
2377 1279 2536 1348 ὑγρόν
2579 1296 2637 1331 τε
2682 1280 2772 1331 καὶ
2823 1277 3024 1349 ψυχρὸν
3091 1278 3370 1347 ποιότητος
3423 1276 3822 1347 διαζευχθεῖσα’

2269 1371 2301 1439 ἡ
2335 1370 2388 1421 δὲ
2425 1370 2561 1423 κατά
2597 1369 2655 1422 τὺ
2684 1369 2846 1440 βάρος
2879 1371 3098 1440 ποιότης
3130 1367 3397 1429 οὑσιωδῶς
3430 1366 3716 1437 ἐγκειμένη
3755 1371 3821 1438 τῇ

2268 1459 2358 1512 τοῦ
2385 1458 2555 1528 ἀτμοῦ
2583 1459 2769 1529 φύσει,
2801 1458 3124 1527 συνδιεσὼθη
3151 1460 3215 1528 τῇ
3247 1455 3566 1527 πηλικότητι
3597 1457 3825 1528 (ἐπίσης

2268 1549 2428 1620 γάρὴ
2455 1548 2693 1621 βαρύτης
2721 1550 2812 1603 καὶ
2843 1550 3024 1620 ὑγροῖς
3047 1548 3141 1602 καὶ
3167 1548 3349 1617 ξηροῖς
3378 1547 3700 1618 ἐνυπάρχειν
3730 1548 3825 1600 πέο

2269 1645 2496 1709 φυκεν)·
2525 1640 2700 1694 οὐκέτ’
2747 1640 2812 1694 ἂν
2843 1643 2868 1693 ὁ
2911 1638 3035 1702 νοῦς
3064 1640 3196 1709 ἡμῖν
3230 1637 3410 1708 κάμνῃ
3440 1641 3506 1709 τῇ
3535 1637 3824 1709 ἀκολουθίᾳ

2269 1731 2374 1784 τῶν
2402 1731 2695 1802 γινομένων
2730 1731 2991 1800 ἑπόμενος
3011 1770 3024 1792 ,
3053 1729 3193 1782 ὥστε
3227 1727 3548 1797 ἐπιγνῶναι,
3577 1731 3723 1793 ὅπως
3762 1731 3824 1783 τὸ

610 1821 757 1889 pium
821 1820 923 1874 hoc
977 1821 1239 1885 assecuti,
1291 1827 1714 1890 consequentem
1767 1821 2036 1882 ordinem,
2100 1821 2164 1872 ad

2271 1821 2412 1892 ὕδωρ
2438 1821 2509 1891 γῆ
2537 1821 2845 1892 γενόμενον,
2874 1821 2960 1874 διὰ
2983 1820 3074 1874 τοῦ
3103 1820 3453 1891 μεταϐάλλειν
3473 1822 3598 1886 τοὺς
3619 1822 3824 1892 ἀτμοὺς

609 1925 768 1978 quem
786 1911 1163 1965 consideratio
1187 1911 1302 1980 ipsa
1329 1926 1428 1965 nos
1457 1926 1555 1980 per
1584 1910 1904 1966 verisimilia
1922 1909 1989 1962 ad
2026 1911 2166 1964 veri-

608 2011 775 2058 tatem
827 2003 1037 2058 ducens
1098 2003 1466 2074 progreditur,
1539 2003 1876 2057 omittamus.
1943 1999 2168 2055 Videtur

606 2097 748 2149 enim
777 2093 848 2148 ob
889 2095 1026 2148 hanc
1066 2111 1285 2150 causam
1322 2103 1376 2149 et
1417 2109 1565 2149 mare
1608 2109 1823 2164 semper
1848 2094 1904 2147 in
1935 2093 2167 2162 propriis

607 2184 855 2239 terminis
883 2200 1215 2253 permanere.
1249 2183 1516 2251 Quoniam
1558 2185 1803 2240 accessio
1832 2185 1943 2250 illa,
2001 2199 2162 2253 quam

607 2290 671 2330 ex
709 2275 1112 2329 conﬂuentibus
1163 2277 1322 2343 aquis
1360 2276 1582 2331 assidue
1615 2276 1875 2344 paulatim
1910 2275 2162 2344 acquirit,

605 2365 925 2418 exhauritur
955 2376 1007 2419 et
1039 2365 1436 2418 consumitura
1463 2366 1759 2427 ealiditate,
1812 2380 1933 2434 qua:
1974 2380 2167 2418 cut-ur-

605 2456 790 2509 hitulae
831 2455 1004 2510 instar
1038 2462 1230 2509 tenues
1278 2455 1512 2509 humidae
1565 2463 1774 2510 natura:
1821 2469 2048 2524 vapores
2085 2461 2165 2506 at-

605 2547 790 2599 trahit.
812 2544 1014 2600 Verum
1044 2546 1170 2614 quia
1199 2544 1597 2599 mediterranea
1624 2546 1764 2608 loca,
1821 2553 1875 2600 ct
1901 2561 2022 2614 quae
2048 2559 2164 2598 ma-

603 2637 688 2706 gis
733 2638 796 2689 ad
845 2637 1155 2706 aquilonem
1195 2644 1448 2704 vergunt,
1491 2637 1618 2691 huic
1661 2637 1858 2690 rationi
1911 2637 2163 2690 videntur

603 2726 908 2790 adversari,
945 2733 1229 2794 propterea
1256 2725 1425 2794 quod,
1448 2741 1570 2780 cum
1608 2727 1662 2780 in
1699 2727 1784 2782 his
1805 2727 2053 2796 partibus
2094 2728 2163 2780 ob

603 2818 747 2872 aeris
795 2817 1084 2872 ambientis
1129 2803 1477 2886 {rigiditatem
1517 2831 1679 2871 mare
1710 2832 1817 2870 non
1871 2819 2160 2871 admodum

603 2907 838 2971 caleﬁat,
879 2922 1139 2980 vaporum
1166 2907 1434 2962 confectio
1459 2915 1689 2978 torpeat,
1710 2923 1829 2963 eam
1852 2908 2156 2980 dupliciter

601 2999 1066 3054 conﬁrmabimus.

2266 1911 2363 1979 τὴν
2407 1910 2685 1981 ποιότητα,
2719 1911 2818 1980 τὴν
2849 1910 3063 1980 ὁμοειδῆ
3095 1909 3253 1979 φύσιν
3291 1909 3712 1980 καταλαμϐάνει.
3749 1912 3821 1967 Τὸ

2263 2000 2370 2070 γὰρ
2397 2001 2560 2071 ξηρὸν
2598 2004 2688 2055 καὶ
2733 2000 2868 2072 βαρὺ
2908 2002 3036 2055 ῖδιον
3064 2002 3131 2055 ἂν
3159 2001 3242 2072 εἴη
3289 2003 3387 2072 τῆς
3420 2003 3547 2071 περὶ
3573 2003 3670 2074 τὴν
3714 2004 3822 2074 γῆν

2265 2090 2641 2161 θεωρουμένης
2668 2091 2984 2160 ποιότητος,
3013 2092 3093 2154 είς
3119 2092 3256 2162 ὅπερ
3285 2093 3570 2156 ὲκκαυθεὶς
3596 2093 3626 2145 ὁ
3652 2094 3821 2164 ἀτμὸς

2266 2182 2614 2252 μετεποιήθη.
2664 2183 2773 2236 Καί
2826 2199 2914 2252 μοι
2945 2183 3091 2236 δοκεῖ
3136 2183 3313 2248 καλῶς
3345 2183 3488 2254 ἔχειν
3517 2185 3618 2255 τῆς
3648 2186 3822 2257 ἀρχῆς

2262 2273 2464 2343 ταύτης
2493 2275 2838 2345 λαϐομένους.
2873 2274 2946 2345 μὴ
2973 2275 3238 2344 διαφεῖναι
3262 2277 3360 2345 τὴν
3388 2277 3702 2332 ἀκολουθίαν
3726 2280 3822 2348 τῆς

2269 2362 2580 2429 ἐξετάσεως,
2604 2368 2682 2430 εἰς
2708 2367 2773 2436 ἢν
2802 2366 3011 2435 πρόεισι
3040 2366 3125 2420 διὰ
3153 2367 3260 2420 τῶν
3285 2369 3508 2421 εἰκότων
3537 2371 3571 2440 ἡ
3602 2369 3823 2442 θεωρία,

2268 2457 2680 2528 χειραγωγοῦσα
2719 2459 2852 2528 πρὸς
2901 2459 2999 2529 τὴν
3033 2458 3310 2529 ἀλήθειαν.
3353 2461 3535 2514 Ἔοικε
3578 2461 3685 2532 γὰρ
3731 2463 3824 2517 καὶ

2269 2549 2302 2617 ή
2341 2547 2578 2602 θάλασσα
2623 2549 2710 2602 διά
2731 2549 2886 2602 τοῦτο
2913 2552 2970 2602 ὲν
3007 2552 3117 2614 τοῖς
3155 2551 3301 2614 ἰδίοις
3330 2551 3475 2622 ὅροις
3502 2552 3589 2605 διὰ
3626 2553 3823 2616 παντὸς

2271 2635 2469 2705 μένειν,
2509 2637 2590 2691 ὅτι
2626 2639 2743 2690 κατ’
2771 2638 2947 2706 ὀλίγον
2973 2639 3072 2708 τῆς
3119 2640 3204 2694 ἀεὶ
3246 2643 3532 2712 γινομένης
3561 2643 3696 2712 αὑτῇ
3739 2642 3823 2696 διὰ

2267 2725 2378 2778 τῶν
2411 2725 2616 2778 ὑδάτων
2650 2726 2982 2798 προσθήκης,
3025 2729 3056 2795 ή
3094 2729 3180 2782 διὰ
3205 2729 3313 2784 τῶν
3350 2731 3538 2801 ἀτμῶν
3567 2730 3823 2802 ὲξάντλη-

2271 2831 2355 2877 σις
2391 2815 2484 2866 ἐπὶ
2523 2814 2583 2867 τὸ
2619 2815 3008 2886 ὑπερκείμενον
3051 2818 3258 2886 γίνεται
3297 2821 3394 2892 τῆς
3425 2821 3823 2893 ὲπιθαλπούσης

2266 2906 2625 2978 θερμότητος,
2661 2907 2851 2971 σικύας
2896 2909 3049 2979 δίκην
3088 2911 3148 2962 τὸ
3194 2910 3524 2982 λεπτομερὲς
3571 2913 3672 2984 τῆς
3715 2914 3824 2967 τῶν

2265 2999 2444 3070 ὑγρῶν
2487 2999 2698 3069 φύσεως
2745 3001 3110 3071 ἀνιμωμένης.
3156 3003 3242 3056 Ἑν
3284 3003 3340 3056 δὲ
3381 3007 3490 3067 τοῖς
3527 3007 3824 3076 μεσογείοις

595 3107 659 3143 τε
699 3090 788 3144 καὶ
829 3089 1213 3161 βορεινοτέροις
1258 3089 1365 3143 τῶν
1393 3090 1574 3144 τόπων
1609 3092 1642 3161 ἡ
1691 3091 1784 3144 τοῦ
1827 3091 2168 3162 περιέχοντος
2204 3093 2475 3163 ψυχρότης
2507 3091 2876 3147 ἐναντιοῦσθαι
2913 3093 3059 3146 δοκεῖ
3102 3093 3179 3164 τῷ
3227 3094 3387 3163 λόγῳ,
3431 3096 3504 3160 ὡς
3532 3096 3619 3152 διὰ
3648 3097 3710 3153 τὸ
3748 3099 3823 3169 μὴ

601 3182 896 3236 θάλπεσθαι
940 3182 1183 3254 σφοδρῶς
1211 3181 1309 3254 τὴν
1353 3185 1413 3236 ὲν
1449 3186 1560 3247 τοῖς
1606 3185 1796 3256 μέρεσι
1837 3185 2045 3248 τούτοις
2078 3185 2382 3250 θάλασσαν,
2437 3184 2709 3257 ἀργούσης
2753 3186 2850 3255 τῆς
2893 3184 3001 3240 τῶν
3036 3186 3221 3255 ἀτμῶν
3261 3185 3588 3252 ἀναδόσεως,
3620 3186 3823 3252 διπλοῖς

600 3274 716 3326 ἔστι
748 3274 1026 3344 λογισμοῖς
1062 3273 1157 3345 τὴν
1195 3276 1463 3330 ἀντίθεσιν
1495 3276 1697 3346 ταύτην
1727 3278 2240 3350 παραμυθήσασθαι.

669 3364 916 3422 Primum
947 3365 1112 3434 igitur
1156 3363 1409 3430 dicimus,
1442 3366 1569 3420 licet
1614 3367 2031 3422 innumerabilia
2056 3383 2165 3422 ma-

2355 3366 2572 3438 Πρῶτον
2636 3367 2733 3436 μὲν
2777 3369 2865 3420 ὅτι
2910 3367 3008 3437 μία
3069 3369 3183 3421 ἐστὶ
3227 3368 3320 3421 καὶ
3391 3371 3618 3441 συνεχὴς
3687 3373 3828 3442 πρὸς

603 3458 685 3512 ria
745 3455 1058 3522 videantur,
1115 3471 1285 3512 unum
1330 3465 1513 3512 tamen
1562 3467 1616 3512 et
1677 3459 1993 3513 continuum
2043 3475 2164 3516 esse

2266 3459 2457 3528 ἑαυτὴν
2521 3458 2691 3512 διόλου
2736 3461 2768 3528 ἡ
2825 3458 3080 3524 θάλασσα,
3131 3459 3235 3513 κᾶν
3291 3460 3372 3523 είς
3423 3463 3590 3532 μυρία
3631 3463 3824 3536 διῄρη-

603 3562 773 3612 mare,
830 3547 884 3600 in
923 3561 1044 3601 sese
1094 3562 1190 3616 per
1221 3545 1408 3602 orbem
1463 3547 1782 3604 universum
1823 3563 2159 3616 commeans,

600 3633 713 3694 nec
735 3636 843 3690 ullo
867 3644 1025 3707 pacto
1053 3652 1084 3691 a
1113 3637 1501 3706 conjunctione
1540 3653 1639 3692 sua
1673 3638 1950 3694 divulsum
2002 3645 2164 3708 atque

601 3729 908 3798 sejunctum
964 3747 977 3781 :
1034 3728 1407 3796 quamobrem,
1448 3729 1493 3783 si
1551 3737 1808 3800 perpetua
1867 3728 2161 3784 caliditatis

603 3817 912 3886 pra-sentia,
952 3817 1097 3885 quod
1129 3816 1367 3870 australe
1392 3826 1495 3881 est,
1527 3817 1923 3883 succendatur,
1966 3817 2022 3872 in
2050 3815 2162 3871 illis

598 3909 732 3963 item
764 3909 1015 3979 partibus
1056 3908 1475 3962 diminutionem
1507 3909 1719 3972 sentiri,
1769 3910 1928 3980 aquis
1971 3919 2180 3980 sponte,

601 4016 702 4060 Sua
732 4001 985 4056 deorsum
1018 4001 1337 4056 naturaliter
1379 3999 1778 4056 conﬂuentibus
1828 4001 1894 4056 ad
1940 4001 2162 4071 explen-

597 4094 730 4148 dum
757 4093 832 4158 id,
858 4093 1002 4163 quod
1029 4093 1352 4148 exhaustum
1379 4100 1434 4148 et
1466 4093 1803 4148 exinanitum
1827 4100 1932 4148 est.
1957 4093 2162 4149 Deinde

600 4199 726 4238 cum
759 4193 929 4238 totum
966 4199 1115 4239 mare
1159 4199 1224 4238 ex
1280 4185 1472 4252 quavis
1514 4199 1658 4254 aqua
1701 4183 2034 4244 confectum,
2090 4185 2162 4238 sit

602 4275 831 4340 salsum,
861 4289 1045 4345 parem
1077 4274 1192 4329 ﬁeri
1224 4290 1487 4344 vaporum
1517 4276 1877 4345 digestionem
1911 4290 2162 4344 compro-

597 4365 760 4429 bari;
789 4365 1058 4418 salsorum
1088 4365 1231 4417 enim
1269 4365 1534 4420 naturalis
1572 4373 1656 4421 est
1685 4365 1928 4421 siccitas.
1982 4364 2162 4432 Quare

605 4456 652 4510 si
684 4455 919 4525 qualitas
951 4455 1063 4509 haec
1097 4470 1194 4523 per
1219 4464 1390 4509 totum
1431 4471 1582 4511 mare
1610 4457 1816 4526 pariter
1844 4455 2038 4510 dili'usa
2055 4464 2158 4521 est,

597 4546 809 4615 pariter
845 4547 1008 4600 etiam
1049 4547 1166 4616 agit
1209 4547 1265 4602 in
1298 4549 1552 4604 omnibus
1594 4549 1743 4604 illius
1783 4550 2053 4620 partibus.
2104 4547 2159 4603 Id

2260 3567 2350 3604 ται
2407 3550 2614 3620 πελάγη
2639 3589 2654 3614 ,
2711 3551 2947 3620 οὐδαμοῦ
2991 3551 3090 3621 τῆς
3122 3551 3257 3621 πρὸς
3299 3553 3495 3625 ἑαυτὴν
3535 3557 3824 3625 συναφείας

2260 3641 2642 3710 διασπωμένη·
2685 3641 2846 3707 ὥστε,
2877 3643 2925 3695 εί
2953 3642 3014 3694 τὸ
3041 3643 3212 3697 νότιον
3249 3647 3313 3714 τῇ
3331 3646 3588 3717 ’διηνεκεῖ
3614 3664 3825 3720 παρου-

2265 3730 2354 3801 σίᾳ
2391 3731 2484 3783 τοῦ
2516 3731 2714 3802 θερμοῦ
2744 3733 3061 3802 ὑπερκέοιτο
3099 3735 3196 3804 (a),
3231 3737 3288 3790 ὲν
3330 3740 3442 3801 τοῖς
3482 3738 3824 3811 κατεψυγμέ-

2263 3841 2372 3887 νοις
2403 3825 2592 3896 μέρεσι
2631 3825 2733 3894 τῆς
2759 3827 2872 3879 ἐκεῖ
2899 3828 3192 3900 γενομένης
3222 3830 3567 3896 ἐλαττώσεως
3607 3834 3707 3904 τὴν
3738 3836 3826 3886 αῐο

2265 3916 2451 3985 σθησιν
2481 3915 2744 3985 γίνεσθαι.
2789 3919 3109 3990 αὐτομάτως
3144 3922 3241 3992 τῆς
3273 3923 3378 3976 τῶν
3415 3924 3620 3983 ὑδάτων
3649 3929 3824 3998 φορᾶς

2262 4004 2318 4056 ἐν
2349 4004 2424 4074 τῷ
2449 4008 2758 4076 κατωφερεῖ
2781 4006 2881 4077 τῆς
2912 4008 3121 4078 φύσεως
3147 4011 3282 4082 πρὸς
3311 4012 3371 4066 τὸ
3393 4014 3477 4066 ἀεὶ
3507 4014 3824 4085 κινούμενον

2265 4096 2686 4167 μεταρρεούσης.
2717 4100 2943 4153 Ἔπειτα
2978 4101 3034 4156 δὲ
3065 4102 3160 4156 καὶ
3187 4103 3246 4156 τὸ
3273 4107 3448 4158 πᾶσαν
3479 4105 3656 4177 ἅλμην
3682 4103 3825 4162 εἶναι

2261 4185 2356 4258 τὴν
2390 4186 2682 4252 θάλασσαν,
2730 4192 2792 4242 ἐκ
2825 4193 3024 4256 παντὸς
3050 4194 3144 4246 τοῦ
3180 4194 3367 4260 ὕδατος
3399 4198 3706 4269 γινομένην,
3733 4199 3824 4253 διὰ

2259 4276 2359 4347 τὴν
2389 4277 2496 4331 τῶν
2524 4280 2710 4349 ἀτμῶν
2745 4281 3011 4348 ἀνάδοσιν,
3040 4285 3181 4340 κατά
3206 4286 3268 4339 τὸ
3299 4283 3415 4342 ῐσον
3449 4290 3783 4362 μαρτύρεται
3805 4310 3820 4323 ⁵

2264 4365 2391 4420 ἴδιον
2421 4369 2527 4438 γὰρ
2551 4371 2650 4439 τῆς
2677 4370 2785 4423 τῶν
2811 4371 2952 4426 ἁλῶν
2981 4374 3195 4444 φύσεως
3223 4379 3257 4448 ή
3295 4377 3526 4450 ξηρότης
3556 4383 3724 4436 ἐστίν.
3755 4383 3822 4438 Et

2261 4455 2315 4510 δὲ
2337 4458 2474 4512 κατά
2501 4459 2561 4512 τὺ
2583 4455 2696 4514 ἴσον
2723 4462 2754 4530 ἡ
2785 4463 3001 4532 ποιότης
3022 4464 3156 4539 αῦτη
3184 4468 3316 4537 πρὸς
3340 4472 3518 4524 πᾶσαν
3545 4470 3824 4527 θάλασσαν

2260 4548 2644 4620 ἀνακέκραται,
2672 4554 2778 4624 ἀρα
2810 4557 3008 4624 ὁμοίως
3035 4561 3093 4611 ὲν
3133 4561 3292 4613 παντὶ
3335 4563 3488 4632 μέρει
3522 4563 3581 4616 τὸ
3619 4566 3823 4638 ἑαυτῆς

602 4638 748 4690 enim
773 4637 1038 4706 cujusque
1071 4647 1282 4693 natura:
1323 4640 1599 4708 proprium
1645 4648 1753 4705 est,
1782 4650 1839 4695 ut
1879 4657 1944 4696 ex
1976 4643 2027 4696 vi
2055 4656 2162 4696 .sua

2266 4643 2546 4713 ἐνεργήσει
2581 4646 2612 4716 ἡ
2654 4647 2830 4718 ἅλμη,
2859 4649 3013 4702 Πᾶσα
3048 4648 3154 4720 γάρ
3198 4651 3358 4720 φύσις
3388 4654 3449 4707 τὸ
3488 4637 3825 4729 κατάλληλον

594 4736 749 4798 agat.
784 4727 917 4782 Nam
947 4738 1005 4783 ut
1034 4730 1176 4799 ignis
1208 4731 1475 4793 accendit,
1524 4739 1578 4786 et
1625 4733 1718 4786 uix
1767 4732 2070 4802 refrigerat,
2107 4739 2160 4787 et

2266 4736 2330 4807 τῇ
2356 4708 2473 4807 *ἰδία
2498 4708 2738 4807 δυνάμει.
2755 4708 2967 4803 πάντως
2993 4708 3298 4808 ἐργάζεται.
3339 4708 3430 4807 ῙΩς
3457 4746 3564 4817 γὰρ

605 4820 708 4874 mel
736 4820 916 4874 dulcia
945 4821 1138 4882 reddit,
1194 4821 1266 4876 ita
1298 4823 1377 4879 sal
1421 4823 1682 4879 exsiccat.
1720 4824 1986 4889 Quocirca
2035 4839 2158 4879 cum

605 4911 807 4978 passim
833 4924 938 4979 .per
981 4911 1166 4964 omnia
1212 4912 1384 4965 maria
1433 4913 1563 4967 salis
1595 4914 1924 4968 exsiccativa
1963 4923 2160 4968 natura

605 4998 677 5051 sit
709 4997 1022 5064 distributa,
1054 5000 1134 5054 sic
1167 4999 1232 5053 ad
1266 5000 1480 5055 facilem
1510 5017 1771 5072 vaporum
1797 5001 2182 5074 digestionem.

597 5089 970 5157 prospiciente
1012 5089 1194 5142 divina
1232 5090 1536 5159 sapientia;
1574 5106 1766 5147 omnes
1793 5093 1938 5147 enim
1972 5103 2157 5162 partes

597 5194 758 5249 aquae
785 5187 977 5236 tenues
1016 5181 1099 5236 sal
1132 5181 1532 5250 quodammodo
1559 5184 1821 5247 excludit,
1867 5193 2030 5255 atque
2067 5201 2162 5240 ex-

609 5270 760 5338 pellit
784 5284 815 5325 e
851 5272 1010 5338 mari,
1033 5273 1234 5344 quippe
1260 5272 1405 5343 quod
1431 5273 1744 5331 dominetur
1773 5275 1995 5330 humido
2026 5291 2161 5346 pro-

604 5371 725 5431 pter
772 5361 989 5417 insitam
1052 5373 1258 5419 naturae
1319 5365 1618 5420 siccitatem
1650 5385 1663 5422 :
1698 5382 1810 5421 non
1862 5366 2160 5422 absurdum

601 5463 690 5508 est
746 5453 1082 5521 existimare,
1121 5455 1459 5524 :equabiliter
1494 5457 1734 5527 undique
1780 5457 2158 5514 humiditatem

603 5544 878 5611 consumi,
905 5559 1057 5600 mare
1080 5560 1181 5616 per
1201 5532 1427 5615 vapores
1449 5546 1808 5604 ex‘hauriente
1838 5563 1981 5605 aere.
1999 5549 2157 5616 Quod

602 5645 787 5688 autem
818 5635 996 5689 omnis
1018 5649 1210 5689 aereus
1244 5635 1448 5690 humor
1471 5635 1524 5690 in
1558 5637 1798 5692 nubibus
1839 5636 1948 5692 ﬂat.
1993 5646 2158 5716 atque

671 5813 756 5885 (ο)
782 5814 1050 5886 lnterpres
1084 5815 1232 5887 legit,
1264 5816 1631 5888 ὑπερκαίοιτο.
1659 5815 1808 5873 Eutr.

2268 4827 2398 4897 πῦρ,
2431 4828 2524 4882 καὶ
2552 4830 2584 4900 ἡ
2627 4829 2760 4900 χιὼν
2783 4830 2962 4902 ψύχει,
2991 4834 3084 4886 καὶ
3110 4833 3386 4900 γλυκαίνει
3411 4837 3472 4889 τὸ
3505 4839 3646 4908 μέλι,
3675 4840 3827 4897 οὕτω

2268 4917 2360 4969 καὶ
2398 4918 2447 4970 οἱ
2495 4918 2621 4984 ἆλες
2668 4920 3025 4992 ξηραίνουσιν.
3066 4922 3272 4977 Οὐκοῦν
3314 4925 3499 4998 ἐπειδὴ
3544 4931 3825 5000 πανταχοῦ
3882 4936 3892 4943 “

2267 5009 2377 5069 τοῖς
2404 5008 2690 5079 πελάγεσιν
2716 5013 2749 5082 ἡ
2781 5012 3071 5087 ξηραντικὴ
3101 5015 3207 5071 τῶν
3233 5016 3373 5070 ἀλῶν
3404 5020 3825 5091 συγκαταμέμιο
3869 5054 3895 5070 ι

2266 5116 2390 5152 κται
2415 5100 2592 5170 φύσις,
2623 5104 2780 5158 τοῦτο
2806 5106 2937 5177 πρὸς
2962 5109 3208 5163 εὐκολίαν
3229 5111 3327 5181 τῆς
3353 5111 3462 5166 τῶν
3483 5112 3672 5182 ἀτμῶν
3692 5115 3824 5168 ἀναν
3883 5155 3897 5174 ς

2265 5191 2459 5258 δόσεως
2483 5194 2582 5263 τῆς
2614 5194 2763 5260 θείας
2791 5199 2977 5268 σοφίας
3002 5203 3387 5276 προειδομένης
3413 5209 3429 5274 (
3451 5205 3685 5262 ἐκθλίϐει
3711 5207 3826 5278 γάρ

2269 5300 2384 5346 πως
2413 5284 2505 5336 καὶ
2534 5284 2805 5351 ἐξωθεῖται
2830 5288 2926 5358 τῆς
2952 5288 3222 5361 θαλάσσης
3257 5295 3364 5348 πᾶν
3394 5293 3454 5346 τὸ
3490 5293 3824 5365 λεπτομερὲς

2269 5372 2361 5425 τοῦ
2405 5372 2594 5438 ὓδατος
2633 5377 2666 5447 ἡ
2708 5375 2886 5446 ἅλμη,
2932 5378 3020 5432 διά
3059 5379 3157 5450 τῆς
3189 5382 3510 5453 ἐγκειμένης
3555 5385 3620 5454 τῇ
3657 5381 3824 5452 φύσει

2266 5461 2558 5536 ξηρότητος
2605 5466 2743 5519 κατά
2785 5466 2878 5520 τοῦ
2927 5470 3090 5540 ὑγροῦ
3145 5472 3575 5544 δυναστεύουσα)
3599 5490 3612 5505 ·
3661 5473 3824 5528 οῦδὲν

2266 5553 2367 5620 ἔξω
2413 5556 2506 5610 τοῦ
2557 5557 2762 5622 είκότος
2811 5560 2958 5615 ἐστὶν
3001 5562 3191 5633 ἐπίσης
3232 5563 3435 5618 οἴεσθαι
3484 5565 3824 5634 πανταχόθεν

2267 5647 2506 5716 γίνεσθαι
2533 5649 2608 5721 τῷ
2637 5649 2786 5724 ὑγρῷ
2825 5651 2921 5720 τὴν
2950 5653 3211 5726 δαπάνην,
3243 5657 3336 5710 τοῦ
3385 5657 3543 5729 ἀέρος
3584 5657 3668 5716 διὰ
3705 5656 3823 5717 τῶν
