4054 6512
257 415 356 474 {Ol

1452 425 1517 481 ΙΝ
1556 428 2026 488 HEXAEMERON
2062 427 2283 484 LIBER.

3401 430 3505 489 102

260 537 453 608 ἀτμῶν
495 536 810 609 ἀρυομένου
841 540 940 610 τὴν
974 539 1269 600 θάλασσαν.
1318 543 1474 597 Ἀλλὰ
1511 547 1615 616 μὴν
1646 548 1707 600 τὸ
1740 550 1839 601 πᾶ-

1947 548 2070 602 inde
2097 549 2292 618 pluviae
2338 546 2395 602 in
2446 554 2647 603 terram
2691 548 2965 613 decidant,
3017 556 3071 604 et
3099 516 3202 605 nos
3251 554 3507 620 superius

262 648 357 684 σαν
400 632 506 702 τὴν
543 631 789 701 ἐναέριον
835 631 1037 701 ἰκμάδα
1072 632 1231 700 νέφος
1269 633 1514 701 γίνεσθαι
1537 676 1551 698 ,
1592 638 1843 694 κάκεῖθεν

260 725 513 794 ἐπιρρεῖν
552 725 681 787 τοὺς
728 723 971 795 δμϐρους
1005 727 1070 795 τῇ
1114 728 1204 795 γῇ.
1245 726 1274 779 ὃ
1312 744 1373 779 τε
1424 728 1706 797 προλαϐὼν
1741 732 1845 784 ἀπ-

258 813 430 877 έδειξε
460 814 661 882 λόγος,
704 816 800 868 καὶ
831 817 863 884 ἡ
908 816 1209 887 προφητεία
1245 817 1486 871 διδάσκει
1521 818 1597 889 τῷ
1634 820 1753 890 Θεῴ
1784 821 1843 874 τὸ

255 906 501 962 τοιοῦτον
524 907 685 977 ἔργον
704 907 1041 972 ἀνατιθεῖσα,
1061 909 1118 959 ἐν
1137 901 1217 969 οἷς
1235 924 1417 977 φησιν,
1439 909 1520 961 ὅτι
1552 928 1569 959 ι
1595 905 1655 961 ὐ
1682 926 1845 980 προσ-

262 997 598 1067 καλούμενος
632 998 691 1051 τὸ
726 996 870 1067 ὓδωρ
898 997 998 1066 τῆς
1028 996 1321 1067 Θαλάσσης,
1353 998 1447 1051 καὶ
1478 998 1682 1069 ὲκχέων
1712 998 1843 1051 αὑτὸ

260 1089 398 1141 κατὰ
445 1089 745 1159 πρόσωπον
791 1089 891 1158 τῆς
941 1089 1069 1156 γῆς,
1110 1106 1133 1142 ι
1177 1091 1273 1142 καὶ
1318 1089 1454 1142 ἄλλα
1501 1089 1843 1143 πολλάρΚαὶ

258 1182 314 1234 τὸ
348 1181 692 1244 ἐξοπτᾶσθαι
728 1181 907 1235 πάντα
944 1181 1014 1232 τὰ
1052 1182 1185 1251 νέφη
1214 1185 1277 1234 ἐκ
1306 1183 1405 1251 τῆς
1442 1183 1842 1253 ὑπερκειμένης

260 1274 626 1344 θερμότητος,
656 1274 750 1328 καὶ
776 1276 855 1337 είς
878 1274 937 1325 τὸ
967 1274 1227 1336 παντελὲς
1257 1274 1718 1341 καταφρύγεσθαι,
1748 1274 1841 1326 καὶ

257 1365 411 1417 τοῦτο
442 1365 539 1417 διὰ
584 1368 685 1435 τῆς
718 1366 999 1434 ἐνεργείας
1038 1365 1335 1434 ἐμάθομεν.
1373 1365 1631 1418 Λείπεται
1663 1365 1840 1419 τοίνυν

261 1459 331 1527 μὴ
367 1457 761 1528 παραδραμεῖν
798 1457 897 1528 τὴν
926 1456 1233 1519 ἀκολούθως
1260 1457 1677 1511 ἀνακύπτουσαν
1710 1460 1839 1528 ἡμῖν

257 1553 319 1605 ἐκ
340 1550 453 1603 τῶν
482 1549 799 1622 εἰρημένων
821 1549 1109 1603 ἀντίθεσιν.
1159 1550 1306 1620 Ἐρεῖ
1326 1549 1433 1619 γάρ
1458 1568 1542 1613 τις
1570 1551 1680 1613 τοῖς
1715 1566 1842 1619 προ⁶

1943 638 2305 703 ostendimus,
2331 648 2386 695 et
2419 641 2700 709 prophetia
2733 656 2870 711 opus
2901 640 3173 711 ejusmodi
3198 639 3310 695 Deo
3336 642 3506 698 tribui

1943 730 2105 786 docet
2140 731 2227 787 his
2260 732 2460 795 verbis,
2502 732 2692 791 dicens
2730 752 2743 787 :
2785 753 2803 785 ‹
2830 732 2931 799 Qui
2970 741 3132 789 vocat
3160 748 3357 803 aquam
3386 748 3505 787 ma-

1943 824 2039 885 ris,
2073 830 2127 877 et
2158 823 2337 877 fundit
2372 839 2490 879 eam
2527 840 2691 895 super
2725 825 2919 880 faciem
2944 836 3100 881 terrae
3116 825 3182 881 “.
3203 845 3229 876 ι»
3276 825 3348 880 Et
3377 840 3501 881 cum

1942 915 2048 968 alia
2082 916 2276 981 multa,
2322 926 2434 969 tum
2480 917 2655 973 nubes
2689 932 2719 969 a
2762 916 3044 985 superiore
3090 917 3369 972 caliditate
3407 931 3502 970 ac-

1942 1005 2124 1069 cendi,
2156 1012 2210 1060 et
2245 1005 2472 1076 penitus
2494 1006 2759 1061 exsiccari
2794 1007 2975 1075 reipsa
3000 1004 3507 1072 didicimus.Quare

1941 1110 2051 1149 non
2098 1104 2183 1151 est
2254 1098 2627 1166 praetereunda
2678 1096 2927 1165 quaestio,
2974 1112 3094 1165 qua:
3136 1098 3293 1152 nobis
3312 1111 3383 1155 ex
3436 1097 3506 1152 iis

1942 1203 2061 1257 quae
2087 1186 2233 1242 dicta
2268 1196 2415 1254 sunt,
2449 1188 2642 1244 ordine
2686 1189 2947 1244 occurrit.
2997 1188 3087 1241 Sic
3111 1189 3257 1243 enim
3307 1189 3507 1259 aliquis

1940 1279 2202 1348 objiciat:
2239 1279 2313 1333 Ex
2356 1288 2782 1336 commemorato
2817 1281 2921 1335 olei
2952 1280 3199 1350 exemplo
3239 1280 3509 1334 intellexi-

1942 1386 2084 1434 mus,
2125 1372 2408 1424 materiam
2439 1372 2740 1441 subjectam
2793 1372 2958 1427 etiam
2995 1380 3119 1441 post
3166 1372 3505 1426 combustio-

1940 1477 2061 1516 nem
2093 1478 2200 1516 non
2235 1463 2459 1528 aboleri,
2489 1463 2582 1518 sed
2615 1464 2666 1517 in
2694 1478 2870 1518 aerem
2890 1463 3163 1528 secedere,
3189 1472 3351 1532 atque
3366 1462 3508 1533 ignis

1940 1554 1992 1607 vi
2030 1555 2083 1607 in
2112 1566 2313 1608 terram
2351 1556 2545 1625 redigi,
2571 1570 2635 1609 eo
2670 1566 3012 1623 consumpto,
3051 1555 3195 1625 quod
3230 1555 3352 1624 ejus
3380 1570 3509 1625 qua-

257 1640 658 1711 εξητασμένοις
684 1641 955 1711 ἑπόμενος
975 1679 989 1703 ,
1019 1642 1099 1694 ὅτι
1132 1640 1291 1695 Κατὰ
1320 1641 1379 1693 τὸ
1404 1641 1496 1693 ἐπὶ
1527 1639 1620 1693 τοῦ
1659 1642 1838 1695 ἐλαίου

1946 1645 2087 1699 litati
2112 1644 2453 1699 contrarium
2484 1653 2624 1700 erat.
2671 1646 3035 1711 Quamobrem
3062 1647 3154 1716 qui
3193 1654 3370 1716 potest
3401 1648 3505 1702 bu-

256 1734 567 1804 ὑπόδειγμα
606 1731 1028 1803 μεμαθήκαμεν,
1058 1732 1120 1784 τὸ
1145 1733 1241 1803 μὲν
1273 1732 1454 1784 ὑλικὸν
1486 1732 1580 1785 τοῦ
1618 1732 1838 1785 ὑποκει-

1942 1736 2086 1790 mida
2111 1743 2307 1789 natura
2342 1751 2555 1806 semper
2590 1736 2895 1801 imminuta,
2941 1745 3103 1807 atque
3143 1738 3351 1808 integra
3384 1753 3509 1807 per-

259 1824 420 1897 μὲνου
455 1825 557 1877 καὶ
587 1823 727 1895 μετά
758 1822 857 1894 τὴν
884 1823 1170 1892 ἐξόπτησιν
1208 1824 1281 1893 μὴ
1314 1822 1683 1889 ἀπόλλυσθαι,
1724 1822 1839 1876 ἀλλ’

1948 1838 2188 1885 manere,
2227 1840 2349 1877 cum
2396 1839 2654 1893 vaporum
2709 1825 3017 1890 humorem,
3055 1834 3115 1879 ut
3169 1827 3507 1881 declaratum

255 1918 333 1979 εὶς
360 1916 452 1968 τὸν
477 1915 625 1984 ἀέρα
653 1918 991 1985 μεταχωρεῖν
1017 1914 1103 1966 διὰ
1127 1914 1227 1983 τῆς
1248 1913 1340 1965 τοῦ
1367 1914 1536 1982 πυρὸς
1564 1914 1839 1983 ἐνεργείας

1945 1920 2049 1973 est,
2078 1914 2280 1983 ubique
2314 1915 2563 1970 caliditas
2601 1914 2880 1982 arefaciat,
2908 1926 2960 1971 et
3000 1916 3053 1969 in
3082 1917 3287 1972 siccam
3334 1918 3509 1987 quali-

229 1994 691 2109 iﬁmyeoéjuvov.
718 2006 826 2059 Τοῦ
849 2005 906 2057 δὲ
935 2005 1101 2078 ὑγροῦ
1130 2005 1577 2073 ἐναφανισθέντος
1595 2009 1661 2077 τῇ
1687 2007 1839 2058 ἐναν-

1943 2012 2105 2059 tatem
2131 2006 2451 2061 convertat?
2510 2007 2641 2069 Cur,
2703 2022 2825 2061 cum
2885 2007 3167 2060 humidum
3206 2007 3507 2071 exhaletur,

234 2094 341 2169 ζτίᾳ
370 2098 629 2167 ποιότητι
649 2136 664 2159 ,
696 2097 814 2158 πῶς
844 2095 991 2148 ἔστιν
1034 2095 1303 2166 ἀμείωτον
1338 2094 1434 2165 τὴν
1466 2095 1637 2163 ὑγρὰν
1682 2097 1839 2165 φύσιν

1941 2104 1994 2151 et
2018 2097 2194 2150 calido
2222 2106 2330 2151 tam
2363 2098 2433 2152 sit
2462 2099 2780 2164 obnoxium,
2810 2106 2871 2154 ut
2900 2100 2953 2153 in
2985 2101 3192 2163 tenuia,
3225 2108 3391 2172 atque
3425 2101 3508 2154 in-

238 2191 425 2243 ·είσαεὶ
458 2188 766 2259 διαμένειν,
804 2188 1035 2241 πάντοτε
1081 2187 1181 2255 τῆς
1221 2186 1430 2257 θερμῆς
1470 2187 1658 2250 οὐσίας
1698 2188 1756 2241 τὸ
1785 2190 1839 2241 ὲν

1941 2186 2162 2240 dividua
2205 2189 2533 2258 corpuscula
2568 2204 2664 2257 per
2698 2204 2928 2259 vapores
2955 2190 3250 2246 dissectum
3292 2191 3348 2249 in
3397 2192 3508 2247 ari-

235 2284 366 2389 ιτοῖς
410 2282 617 2352 ἀτμοῖς
658 2280 828 2352 ὑγρὸν
876 2278 1378 2348 καταφρυττοὺσης,
1413 2280 1505 2333 καὶ
1549 2282 1629 2342 εἰς
1672 2279 1839 2350 ξηρὰν

1941 2277 2063 2331 dam
2091 2279 2411 2347 qualitatem
2442 2284 2506 2334 ab
2536 2295 2600 2334 eo
2639 2296 2865 2336 necesse
2895 2282 2966 2336 sit
3003 2285 3351 2348 commutari,
3397 2300 3507 2339 non

258 2373 712 2443 μεταϐαλλούσης
750 2371 1040 2441 ποιότητα,
1088 2370 1271 2433 καθὼς
1308 2373 1341 2442 ἡ
1385 2370 1585 2441 θεωρία
1614 2372 1752 2424 κατὰ
1784 2371 1839 2424 τὸ

1941 2386 2003 2425 ea
2062 2370 2243 2424 verior
2300 2371 2645 2426 existimetur
2711 2373 2914 2441 opinio,
2962 2388 3084 2442 quae
3140 2374 3337 2429 asserit
3387 2390 3508 2429 esse

244 2456 548 2520 ’ἀκόλουθον
591 2463 685 2517 διὰ
722 2464 829 2516 τῶν
862 2462 1243 2533 ὲξητασμένων
1282 2461 1599 2527 ἀπέδειξεν;
1643 2462 1706 2513 Εἰ
1749 2457 1839 2514 οὖν

1941 2460 2231 2530 quamdam
2267 2475 2534 2530 aquarum
2565 2462 2800 2532 c0piam,
2851 2478 2957 2533 qua
2982 2479 3197 2534 semper
3232 2465 3509 2520 instaure-

252 2560 610 2630 ἐξατμίζεται
656 2558 755 2627 μὲν
795 2557 856 2609 τὸ
887 2556 1073 2627 ὑγρὸν,
1118 2556 1385 2617 εὐάλωτος
1420 2555 1475 2608 δὲ
1518 2554 1722 2621 γίνεται
1764 2552 1841 2623 τῷ

250 2650 441 2721 θερμῷ
466 2651 501 2719 ἡ
526 2649 783 2719 ὑγρότης,
815 2648 894 2710 εἰς
912 2647 979 2699 τά
996 2646 1167 2700 λεπτά
1186 2664 1242 2699 τε
1266 2647 1359 2698 καὶ
1379 2644 1555 2714 ἀμερῆ
1582 2644 1843 2714 τμήματα

246 2742 332 2795 διὰ
361 2742 477 2795 τῶν
506 2741 701 2811 ἀτμῶν
732 2739 1054 2811 μερισθεῖσα
1073 2755 1087 2768 ο
1128 2738 1343 2806 ἀνάγκη
1376 2737 1543 2798 πᾶσα,
1582 2736 1716 2805 πρὸς
1744 2734 1842 2805 τὴν

251 2834 427 2906 ξηράν
466 2832 736 2902 ποιότητα
762 2831 857 2883 τοῦ
885 2828 1053 2900 ὑγροῦ
1084 2828 1516 2900 μεταϐαίνοντος,
1544 2826 1842 2897 ἀληθέστε-

253 2944 343 2997 ρον
370 2927 593 2978 ἐκεῖνον
628 2924 719 2975 τὸν
764 2922 923 2990 λόγον
959 2920 1195 2986 οἴεσθαι,
1233 2922 1314 2973 ὅτι
1362 2919 1478 2971 ἐστί
1521 2935 1604 2981 τις
1637 2916 1841 2970 ὑδάτων

250 3016 548 3088 περιουσία
575 3053 588 3077 ,
631 3017 663 3084 ἡ
696 3015 782 3067 ἀεὶ
810 3011 1198 3083 ἀναπληροῦσα
1233 3011 1295 3064 τὸ
1324 3012 1388 3064 ἐκ
1424 3009 1519 3063 τοῦ
1554 3008 1721 3080 πυρὸς
1751 3009 1844 3061 δα-

252 3108 620 3177 πανώμενον.
663 3107 825 3167 Ἴσως
867 3104 911 3156 δ’
956 3103 1021 3157 ἀν
1054 3103 1310 3156 τινακαὶ
1354 3100 1660 3172 μαρτυρίαν
1708 3098 1844 3168 πρὸς

250 3201 346 3270 τὴν
404 3196 671 3267 τοιαύτην
720 3194 988 3265 ὑπόληψιν
1024 3194 1132 3247 άπὸ
1184 3194 1285 3263 τῆς
1322 3193 1549 3262 Γραφῆς
1602 3189 1845 3259 παραλά-

1939 2560 2050 2615 tur,
2080 2560 2134 2606 et
2154 2551 2453 2608 suﬂiciatur
2490 2555 2541 2609 id
2572 2555 2719 2625 quod
2753 2556 2821 2609 ab
2853 2556 2975 2625 igne
3006 2566 3394 2628 consumptum
3442 2572 3508 2611 ac

1940 2642 2280 2712 deperditum
2334 2646 2457 2700 est?
2505 2647 2800 2716 prmscrtim
2844 2663 2966 2702 cum
3009 2646 3305 2717 Scriptum
3353 2649 3510 2703 testi-

1942 2736 2126 2788 monio
2147 2735 2454 2790 confirmari
2486 2740 2685 2807 possit,
2725 2754 2846 2809 quae
2873 2739 3039 2793 tradit
3069 2748 3286 2809 apertas
3335 2738 3511 2795 fuisse

1941 2832 2243 2878 cataractas
2298 2826 2505 2891 caeli",
2570 2842 2691 2880 cum
2770 2825 2927 2896 aquis
2982 2825 3266 2882 altissimis
3319 2841 3509 2881 omnes

1942 2915 2205 2969 montium
2254 2918 2486 2972 vertices
2537 2918 2921 2987 superantibus
2969 2916 3245 2987 submergi
3302 2925 3509 2973 terram

1942 3014 2237 3077 oporteret.
2270 3008 2382 3064 Hoc
2413 3025 2512 3079 ego
2549 3010 2846 3079 Scriptura:
2896 3008 3271 3063 testimonium
3323 3009 3505 3063 dicam

1943 3099 2049 3154 alio
2104 3100 2350 3169 ejusdem
2403 3102 2698 3169 Scriptum
2737 3101 3046 3155 testimonio
3093 3100 3265 3155 refelli
3317 3116 3506 3171 posse.

1946 3189 2094 3244 Solet
2126 3191 2271 3243 enim
2320 3189 2505 3243 divina
2558 3190 2837 3260 Scriptura
2876 3205 2907 3243 a
2941 3191 3162 3265 propria
3210 3191 3507 3245 verborum

251 3267 371 3345 ϐόε·
423 3290 494 3344 τδ
546 3288 834 3358 ἀνοιγῆναι
895 3286 1021 3349 τοὺς
1088 3285 1474 3358 καταρράκτας
1531 3282 1623 3335 τοῦ
1685 3282 1839 3350 οὐρα-

1948 3281 2343 3350 significatione
2395 3280 2667 3335 recedere.

250 3384 380 3449 νοῦ,
433 3384 528 3435 ὅτε
586 3377 919 3449 ὑποϐρύχιον
967 3377 1073 3429 ἔδει
1125 3376 1376 3445 γενέσθαι
1425 3375 1523 3445 τὴν
1560 3375 1692 3443 γῆν,
1734 3372 1913 3443 πάσης
1968 3372 2108 3443 ὀρῶν
2164 3372 2406 3443 κορυφῆς
2492 3374 2585 3425 ἐπὶ
2612 3372 2863 3426 πλεῖστον
2898 3372 3095 3442 βάθους
3152 3374 3511 3445 ὑπερέχοντος

251 3474 343 3526 τοῦ
377 3471 601 3533 ὕδατος.
637 3468 777 3521 Ἀλλ’
807 3467 917 3536 ἐγὼ
943 3467 1040 3537 τὴν
1073 3466 1170 3536 μὲν
1199 3466 1474 3540 γραφικῂν
1503 3463 1773 3517 ἀντίθεσίν
1803 3480 1942 3531 φημι
1980 3462 2202 3515 δυνατὸν
2230 3458 2366 3516 εἶναι
2389 3462 2478 3515 διὰ
2512 3463 2730 3536 Γραφῆς
2761 3464 2953 3538 ἐτέρας
2987 3465 3507 3545 παραμυθήσασθαι.

250 3563 368 3618 οἶδα
415 3563 533 3632 γὰρ
557 3563 657 3633 τὴν
692 3560 1029 3631 κατάχρησιν
1060 3557 1168 3610 τῶν
1202 3558 1359 3611 θείων
1394 3556 1652 3627 ῥημάτων
1685 3554 1776 3607 ἐπὶ
1806 3553 1904 3622 τῆς
1930 3555 2200 3624 γραφικῆς
2225 3554 2527 3623 συνηθείας.

320 3661 389 3712 Τί
464 3659 725 3729 σημαίνει
782 3654 872 3708 διὰ
933 3654 1026 3706 τοῦ
1075 3652 1302 3717 ἀνοῖξαι,
1362 3655 1455 3706 καὶ
1508 3652 1561 3704 τί
1611 3652 1700 3705 διὰ
1751 3650 1844 3704 τοῦ

255 3752 474 3805 κλεῖσαι
532 3750 895 3813 ἐνδείκνυται;
936 3746 1103 3816 Δῆλον
1136 3746 1242 3817 γάρ
1290 3746 1371 3798 ὅτι
1420 3744 1482 3797 τὸ
1537 3744 1845 3815 κλειόμενον

255 3843 576 3910 ἀνοίγεται,
607 3839 790 3893 καὶτὸ
822 3838 1170 3908 ἀνοιγόμενον
1217 3836 1477 3889 κλείεται.
1532 3835 1683 3888 Ἐπεὶ
1726 3830 1839 3900 οὖν,

253 3934 432 4005 ἀτμοῦ
496 3948 630 3984 ποτε
688 3930 833 3984 κατὰ
889 3930 1012 3992 τοὺς
1069 3928 1293 3998 χρόνους
1362 3927 1536 3979 Ἡλίου
1611 3927 1841 3997 ἐπικρα-

251 4025 501 4087 τοῦντος,
524 4022 669 4076 οὕτω
688 4022 850 4093 φησὶν
872 4022 905 4091 ἡ
931 4019 1139 4091 Γραφὴ,
1166 4019 1246 4072 ὅτι
1277 4039 1293 4070 ι
1323 4017 1600 4089 Ἐκλείσθη
1617 4020 1645 4071 ὁ
1672 4018 1837 4087 οὐρα-

253 4115 341 4178 νὸς
372 4115 472 4168 ἐπὶ
506 4113 602 4184 ἐτη
634 4113 762 4183 τρία
791 4112 886 4165 καὶ
916 4112 1087 4183 μῆνας
1119 4110 1196 4175 ἓξ·
1231 4131 1248 4160 ι
1277 4110 1431 4162 τοῦτο
1456 4106 1605 4179 οἶμαι
1628 4109 1718 4161 τοῦ
1742 4110 1833 4161 οὑ-

256 4204 423 4277 ρανοῦ
468 4204 597 4267 τοὺς
632 4204 1018 4274 καταρράκτας
1042 4200 1309 4271 ὴνεῷχθαι
1345 4200 1437 4253 τὸν
1474 4200 1569 4269 τῆς
1612 4199 1833 4269 Γραφῆς

253 4298 412 4365 λόγον
440 4298 644 4364 λέγειν,
677 4295 752 4359 ὡς
782 4294 1034 4364 ἐκλείσθη
1061 4296 1117 4346 ὲν
1144 4293 1222 4363 τῷ
1256 4292 1353 4363 τῆς
1383 4290 1680 4361 ἀνομϐρίας
1710 4308 1829 4343 και-

254 4390 354 4461 ρῷ.
404 4390 572 4444 Ἀλλὰ
608 4388 716 4459 μὴν
754 4387 875 4439 τότε
906 4386 991 4439 διὰ
1030 4384 1129 4455 τῆς
1162 4385 1466 4455 προσευχῆς
1494 4381 1588 4436 τοῦ
1630 4384 1829 4447 Ἡλίου,

252 4482 415 4550 νέφος
438 4482 506 4534 ἐκ
532 4480 634 4549 τῆς
662 4478 933 4549 θαλάσσης
964 4478 1252 4546 ἀναφανέν,
1286 4476 1376 4529 τὸν
1404 4475 1627 4546 οὐρανὸν
1653 4476 1832 4539 αὐτοῖς

252 4571 340 4626 διὰ
374 4573 483 4641 τῆς
522 4571 831 4642 ἐπομϐρίας
857 4569 1085 4641 ἤνοιξεν.
1126 4570 1268 4638 Ἀρα
1292 4565 1480 4635 σαφῶς
1513 4566 1833 4620 ἀποδείκνυ-

2018 3649 2156 3714 Quid
2192 3650 2355 3718 igitur
2395 3665 2491 3718 pcr
2515 3649 2728 3719 aperire
2764 3657 2816 3704 et
2871 3650 3127 3706 claudere
3183 3652 3312 3706 velit
3354 3652 3513 3708 intel-

1948 3739 2041 3807 ligi
2095 3740 2524 3796 consideremus.
2578 3740 2651 3795 Ea
2699 3742 2958 3797 nimirum
2990 3743 3334 3813 aperiuntur,
3388 3758 3512 3814 quae

1944 3831 2133 3886 clausa
2170 3842 2316 3899 sunt,
2339 3840 2391 3886 et
2425 3847 2545 3901 qua!
2565 3841 2694 3887 sunt
2720 3840 2926 3902 aperta,
2957 3832 3311 3887 clauduntur.
3346 3833 3510 3889 Tem-

1944 3922 2177 3993 poribus
2208 3922 2373 3993 igitur
2406 3921 2537 3977 Eliae
2565 3938 2686 3977 cum
2721 3923 2847 3977 olim
2879 3937 3073 3993 magna
3096 3923 3318 3977 siccitas
3341 3933 3510 3992 esset,

1943 4030 2007 4070 ea
2048 4031 2137 4072 res
2197 4016 2252 4069 in
2308 4014 2591 4085 Scriptura
2644 4015 2796 4069 hisce
2847 4016 3028 4070 verbis
3076 4022 3159 4069 est
3199 4014 3505 4084 explicata:

1947 4127 1965 4160 ι
1995 4109 2255 4163 Clausum
2292 4116 2377 4162 est
2427 4108 2627 4161 coelum
2684 4108 2845 4162 annis
2876 4108 3073 4171 tribus,
3122 4114 3178 4162 et
3223 4106 3508 4162 mensibus

1941 4216 2039 4273 sex
2062 4201 2128 4255 ³⁸.
2162 4221 2180 4251 ι
2209 4200 2389 4266 Quare
2410 4214 2474 4253 ea
2510 4198 2804 4269 Scriptura:
2830 4199 3098 4262 oratione,
3118 4214 3226 4268 qua
3248 4198 3509 4253 dicuntur

1940 4302 2141 4363 apertae
2177 4300 2467 4347 cataracta:
2508 4292 2656 4353 caeli,
2709 4290 3025 4361 significari,
3044 4290 3284 4346 arbitror
3325 4290 3505 4362 ipsum

1938 4385 2138 4438 caelum
2174 4384 2345 4439 fuisse
2372 4384 2618 4438 clausum
2649 4393 2892 4452 tempore
2928 4383 3213 4439 siccitatis.
3240 4382 3361 4450 Quo
3382 4387 3508 4455 qui-

1941 4476 2063 4531 dem
2096 4484 2342 4546 tempore
2364 4491 2489 4529 cum
2507 4477 2758 4545 precibus
2782 4474 2913 4529 Elice
2943 4475 3114 4530 nubes
3145 4491 3176 4531 e
3204 4477 3341 4531 mari
3372 4478 3507 4534 sub-

1940 4567 2085 4634 lata,
2132 4569 2311 4639 pluvia
2350 4568 2588 4624 demissa
2643 4568 2843 4622 caelum
2900 4567 3205 4637 aperuerit,
3266 4577 3506 4635 constat,

250 4681 342 4717 ται
370 4663 467 4716 διά
511 4661 738 4727 τούτων,
772 4661 833 4714 τὺ
870 4659 1001 4731 μηδέ
1038 4660 1159 4712 τότε
1189 4658 1248 4712 τὸ
1287 4657 1569 4730 στερέωμα
1609 4656 1706 4710 τοῦ
1743 4657 1835 4710 οὑ-

1942 4676 2011 4717 ne
2040 4670 2169 4716 tunc
2186 4660 2406 4731 quidem
2432 4660 2776 4716 firmamento
2806 4661 2928 4716 cceli
2958 4660 3232 4731 disrupto,
3257 4678 3324 4717 ex
3350 4665 3506 4730 aquis

254 4754 425 4826 ρανοῦ
477 4753 807 4825 δωσχισθέν,
862 4755 926 4807 ἐκ
980 4751 1089 4804 τῶν
1139 4749 1493 4822 ὑπερκεῖσθαι
1534 4748 1838 4819 λεγομένων

251 4848 470 4901 ὑδάτων
494 4845 839 4917 καταῤῥῆξαι
876 4844 965 4897 τὸν
1003 4841 1228 4914 ὄμϐρον,
1260 4841 1376 4896 ἀλλ’
1408 4842 1633 4913 οὐρανὸν
1660 4840 1835 4908 λέγει,

251 4938 343 4991 τὸν
396 4937 683 5008 περίγειον
726 4935 898 5006 ἀέρα,
937 4935 1028 4988 τὸν
1071 4933 1321 5003 ὁρίζοντα
1358 4936 1469 4997 τοῖς
1503 4933 1695 5004 ἀτμοῖς
1739 4930 1838 5002 τὴν

252 5032 473 5094 στάσιν,
504 5030 646 5098 ὅπερ
670 5028 787 5081 ἐστὶ
815 5028 911 5098 τῆς
933 5024 1438 5097 λεπτομερεστάτης
1466 5024 1558 5077 τοῦ
1584 5026 1839 5095 ὑπερκει-

254 5123 427 5193 μένου
475 5122 603 5193 ὄρος
635 5120 868 5190 φύσεως
902 5119 1018 5190 μεθ’
1049 5118 1108 5172 ὃν
1129 5118 1385 5189 οὐδεμίαν
1432 5116 1658 5189 δύναμιν
1702 5117 1837 5187 πρὸς

250 5216 353 5285 τὴν
382 5213 577 5270 ἄνοδον
608 5213 722 5285 ἔχει
760 5212 868 5265 τῶν
902 5209 1340 5283 ἐμϐριθεστέρων
1371 5209 1545 5274 οὑδέν,
1572 5208 1634 5262 οὑ
1656 5207 1836 5277 νέφος,

254 5307 314 5359 οὑ
349 5305 599 5377 πνεῦμα,
631 5306 734 5360 οὑκ
764 5304 959 5376 ἀτμὸς,
990 5304 1091 5357 οὑκ
1122 5302 1513 5374 ἀναθυμίασις,
1533 5302 1630 5372 οὑχ
1659 5302 1693 5371 ή
1730 5299 1837 5354 τῶν

257 5399 484 5471 πτηνῶν
533 5398 714 5468 φύσις.
773 5397 849 5451 Τδ
895 5391 989 5451 οὗν
1031 5396 1174 5468 ὑπὲρ
1232 5394 1474 5464 κεφαλῆς
1511 5392 1753 5462 συνήθως
1801 5393 1835 5462 ή

258 5491 454 5561 Γραφὴ
467 5490 698 5560 οὐρανὸν
714 5489 883 5557 λέγει,
906 5507 927 5538 ‹
952 5488 1178 5560 οὐρανοῦ
1196 5487 1415 5541 πετεινὰ
1439 5506 1456 5537 ι
1481 5485 1732 5553 λέγουσα,
1747 5483 1838 5536 τὸν

220 5606 224 5611 -
257 5581 397 5651 ἀέρα
420 5581 616 5634 τοῦτον
643 5580 1025 5651 διαπετόμενα.
1066 5577 1203 5631 Ἀλλ’
1242 5580 1290 5631 εἰ
1323 5576 1612 5631 καὶταῦτα
1650 5575 1834 5629 τοῦτον

255 5673 374 5744 ἔχει
408 5673 499 5728 τὸν
551 5674 772 5746 τρόπον,
802 5673 953 5728 οῦπω
1006 5672 1065 5726 τὸ
1112 5673 1294 5746 ἕτερον
1318 5675 1350 5726 ό
1385 5672 1538 5742 λόγος
1569 5674 1698 5743 ἡμῖν
1730 5672 1831 5724 ὑπ-

327 5855 584 5910 “Amos.
626 5871 683 5922 ν,
717 5854 773 5911 8.
848 5856 893 5887 ²⁹
925 5854 1059 5910 Gen.
1090 5853 1263 5921 vn,“
1304 5867 1424 5928 sqq.

1500 5852 1544 5884 ³ο
1577 5849 1643 5905 ιιι
1674 5848 1807 5920 Reg.
1836 5864 1968 5916 xvn,
2004 5849 2071 5919 9;
2104 5850 2237 5907 Luc.
2264 5866 2338 5917 iv,
2365 5851 2455 5905 25.

1940 4768 2062 4824 quae
2095 4768 2258 4823 super
2294 4752 2385 4807 illo
2415 4753 2675 4807 dicuntur
2722 4769 2866 4818 esse,
2906 4755 3137 4810 imbrem
3190 4753 3505 4822 defluxisse,

1941 4845 2036 4901 sed
2066 4845 2263 4899 caelum
2294 4844 2553 4913 appellari
2599 4859 2803 4908 aerem,
2866 4847 2959 4914 qui
3004 4854 3211 4900 terram
3260 4847 3506 4901 ambiens

1939 4936 2233 5006 vaporibus
2286 4937 2575 4991 terminum
2624 4936 3090 5008 'constituit,‘quo
3142 4952 3174 4991 a
3224 4938 3508 4994 subtiliore

1941 5036 2138 5084 natura
2187 5027 2277 5081 illa
2318 5029 2599 5098 superiore
2635 5030 3013 5100 sejungantur,
3053 5029 3196 5083 ultra
3217 5044 3380 5101 quem
3430 5030 3507 5083 ni-

1941 5121 2017 5175 hil
2055 5134 2243 5174 eorum
2268 5135 2387 5190 quas
2412 5121 2661 5190 graviora
2691 5131 2840 5184 sunt,
2873 5130 3051 5192 potest
3098 5122 3362 5192 aspirare,
3394 5137 3503 5175 non

1939 5212 2135 5276 nubes,
2167 5227 2275 5267 non
2302 5222 2521 5277 ventus,
2569 5228 2679 5267 non
2708 5228 2897 5282 vapor,
2942 5229 3051 5269 non
3074 5214 3369 5277 exhalatio,
3393 5228 3504 5267 non

1939 5304 2073 5376 ipsa:
2102 5304 2369 5361 volucres.
2423 5305 2577 5373 Quod
2609 5316 2789 5361 autem
2831 5321 2923 5361 aer
2973 5306 3062 5361 hic
3114 5306 3387 5375 capitibus
3413 5320 3506 5357 no-

1939 5399 2070 5453 stris
2096 5398 2414 5467 impendens
2447 5398 2646 5454 cmlum
2681 5400 2735 5453 in
2760 5398 3045 5468 Scriptura
3076 5405 3323 5460 vocetur,
3342 5394 3505 5450 facile

1912 5490 2307 5561 intelligimus,
2337 5490 2464 5544 dum
2494 5492 2548 5544 in
2578 5505 2639 5545 ea
2658 5490 2910 5561 legimus,
2932 5509 2952 5542 ι
2980 5486 3219 5544 volatilia
3251 5486 3377 5542 caeli
3396 5486 3500 5541 ³⁸.»
3592 5479 3606 5503 ί

1938 5579 2133 5635 Aerem
2161 5580 2303 5635 enim
2329 5595 2425 5649 per
2448 5596 2510 5634 ea
2533 5596 2651 5651 quae
2680 5580 2736 5635 in
2769 5582 2888 5650 ipso
2915 5581 3121 5641 volant.
3161 5576 3360 5631 caelum
3390 5575 3503 5633 dici

1937 5672 2339 5744 cognoscimus.
2368 5674 2634 5729 Caeterum
2656 5674 2780 5730 licet
2793 5673 2907 5728 haec
2926 5672 2997 5725 ita
3007 5686 3067 5728 se
3094 5668 3347 5736 habeant,
3365 5684 3504 5727 non-

2533 5852 2573 5884 "
2602 5849 2736 5905 Gen.
2779 5866 2816 5915 ι,
2856 5847 2967 5912 9.6;
3002 5846 3191 5903 Matth.
3230 5863 3304 5915 Vt,
3342 5845 3428 5906 ‘38.
