4110 6488
586 412 689 470 105

1819 418 1874 472 S.
1908 416 2236 474 GREGORI!
2268 420 2557 479 NYSSENI

3727 432 3831 484 ιυι

584 532 712 587 dum
748 530 1017 605 explicata
1038 541 1123 589 est
1154 532 1245 587 illa
1271 535 1521 604 quaestio,
1569 534 1843 605 quomodo
1876 530 2144 608 vaporum

2248 516 2494 607 ελύσατο,
2526 542 2643 606 πῶς
2667 544 2701 613 ὴ
2738 543 2816 607 εἰς
2842 543 2901 597 τὸ
2929 544 3093 615 ξηρὸν
3122 544 3229 598 τῶν
3260 535 3450 617 ἀτμῶν
3476 536 3831 620 μεταποίησις

584 626 642 681 in
665 624 874 682 siccum
902 625 1257 680 commutatio
1289 625 1569 681 humidum
1591 626 1646 681 vi
1695 635 1905 683 natura:
1957 630 2151 699 calida:

583 725 969 789 consumptum
1003 732 1113 772 non
1148 717 1627 777 imminuat.Aliud
1657 713 1921 791 pmterea
1949 716 2149 779 ordine

583 811 838 881 sequitur
885 808 1318 879 inquirendum‘,
1370 811 1519 882 quod
1560 813 1905 868 ‘accuratiore
1961 813 2150 868 studio

584 901 904 970 indagantes
921 899 1068 955 forte
1095 916 1518 972 consequemur.
1551 904 1766 959 Audisti
1800 896 2151 975 prophetiam

581 992 780 1047 divina
846 992 1138 1062 potestatis
1192 993 1630 1065 magnitudinem
1673 1004 1741 1050 ex
1790 996 1861 1052 iis
1912 1011 2035 1067 qua;
2086 998 2147 1052 in

581 1086 751 1139 rebus
790 1084 1097 1153 procreatis
1145 1083 1464 1139 admiranda
1506 1090 1835 1152 'cernuntur,
1880 1098 2150 1143 enarran-

579 1180 688 1227 tem
717 1171 823 1227 hoc
858 1173 1022 1227 modo
1054 1190 1068 1227 :
1111 1192 1129 1225 ι
1152 1172 1288 1239 Quis
1307 1187 1471 1229 manu
1494 1174 1783 1232 dimensus
1804 1184 1891 1231 est
1916 1178 2141 1247 aquam,

576 1271 632 1319 et
661 1264 866 1319 omium
914 1265 1117 1334 palmo,
1171 1276 1227 1321 ct
1272 1266 1482 1337 pugillo
1530 1275 1736 1321 terram
1792 1256 2148 1323 universam?

576 1355 713 1423 Quis
743 1358 798 1410 in
825 1366 1026 1411 statera
1056 1364 1297 1422 mentes,
1330 1366 1384 1412 et
1421 1359 1591 1414 valles
1620 1360 1675 1413 in
1718 1359 1877 1414 lance
1904 1356 2146 1414 colloca-

577 1447 754 1502 vit"?
782 1466 802 1498 ι
843 1446 940 1503 His
966 1448 1171 1511 verbis,
1210 1458 1268 1501 ut
1303 1448 1562 1513 arbitror,
1593 1456 1785 1519 aperte
1817 1446 1982 1504 decet
2013 1464 2149 1520 pro-

577 1539 761 1610 pheta,
776 1540 1050 1610 propriam
1073 1540 1308 1610 singulis
1326 1541 1609 1596 elementis
1628 1542 2006 1613 praescriptam
2024 1557 2149 1599 esse

578 1645 917 1693 mensuram,
947 1646 977 1683 a
1012 1629 1107 1685 Dei
1143 1632 1329 1685 omnia
1380 1633 1800 1701 complectentis
1848 1641 2143 1703 potestate,

576 1738 741 1792 quam
777 1724 868 1777 ille
893 1739 1137 1788 manum,
1161 1724 1215 1778 et
1250 1724 1517 1793 palmum,
1553 1732 1607 1779 et
1639 1726 1906 1796 pugillum
1959 1734 2145 1793 vocat,

578 1816 694 1869 suis
723 1816 1149 1885 unumquodque
1182 1817 1435 1872 terminis
1470 1826 1525 1871 et
1571 1819 1848 1873 mensuris
1881 1833 2146 1873 coercen~
2180 1880 2192 1886 Α,

2247 637 2346 690 οὐκ
2369 637 2580 691 ιλαττοῖ
2606 638 2667 689 τὸ
2694 636 2877 708 ὑγρὸν,
2902 638 2964 692 τὸ
2987 639 3345 711 ἐπικρατήσει
3377 641 3475 710 τῆς
3505 641 3709 713 θερμῆς
3733 644 3830 696 οὑ-

2248 728 2370 792 σίας
2407 727 2877 799 ἑκδαπανώμενον.
2917 729 3058 800 Πρὸς
3090 730 3148 783 δὲ
3176 726 3349 786 ταῦτα
3382 730 3560 794 καλῶς
3610 732 3674 785 ἀν
3715 734 3831 803 ἔχοι

2246 814 2438 886 ἑτέραν
2459 815 2777 868 ἀκολουθίαν
2801 816 3042 887 ἐξευρεῖν
3072 821 3136 889 τῇ
3160 818 3359 889 θεωρία
3386 819 3477 873 τοῦ
3506 820 3665 889 λόγου
3696 840 3833 892 συμ-

2247 905 2556 961 ϐαίνουσαν·
2596 907 2725 971 ἴσως
2750 908 2859 979 γὰρ
2891 910 2957 963 ἂν
2997 910 3208 979 γένοιτο
3246 910 3376 981 ἡμῖν
3419 912 3509 964 διὰ
3550 913 3648 983 τῆς
3682 914 3833 982 φιλο-

2244 988 2555 1074 πονωτέρας
2615 992 2964 1074 προσεδρίας,
3008 1004 3082 1076 μὴ
3143 1004 3458 1075 διαμαρτεῖν
3503 1007 3601 1077 τῆς
3661 1024 3833 1079 προσ.

2246 1093 2486 1165 ηκοὺσης
2501 1112 2565 1148 πε
2573 1096 2627 1166 pi.
2650 1095 2743 1149 τοῦ
2766 1096 3080 1167 σκέμματος
3097 1096 3437 1167 ὑπολήψεως.
3456 1097 3702 1151 Ἤκουσα
3729 1096 3832 1167 τῆς

2245 1173 2579 1256 προφητείας
2606 1184 2666 1239 τὸ
2694 1174 2977 1256 μεγαλεῖον
3008 1187 3107 1257 τῆς
3135 1187 3228 1240 τοῦ
3269 1187 3405 1241 θεοῦ
3433 1182 3715 1257 δυνάμεως
3740 1189 3831 1242 διὰ

2246 1273 2353 1329 τῶν
2386 1275 2444 1326 ὲν
2470 1277 2536 1345 τῇ
2580 1266 2755 1327 κτίσει
2792 1274 3087 1346 θαυμάτων
3116 1275 3441 1346 διεξιούσης,
3472 1278 3530 1330 ἐν
3554 1271 3636 1339 οἷς
3663 1288 3828 1347 φησιν

2252 1383 2273 1417 ι
2309 1364 2405 1428 Τίς
2430 1366 2702 1439 ὲμέτρησε
2740 1369 2806 1437 τῇ
2854 1367 2998 1439 χειρὶ
3023 1366 3085 1421 τὸ
3130 1366 3294 1438 ὕδωρ,
3345 1369 3439 1421 καὶ
3477 1370 3567 1421 τὸν
3598 1369 3831 1441 οὑρανὸν

2250 1458 2526 1530 σπιθαμῇ,
2568 1458 2665 1512 καὶ
2697 1446 2875 1512 πᾶσαν
2909 1458 3008 1530 τήν
3042 1460 3146 1529 γῆν
3190 1460 3386 1531 δρακί;
3420 1462 3502 1524 τίς
3532 1461 3727 1531 ἔστησε
3759 1462 3831 1517 τὰ

2244 1544 2375 1620 δρια
2411 1549 2657 1620 σταθμῷ,
2703 1550 2800 1604 5ιαί
2826 1550 2925 1614 τὰς
2972 1550 3148 1613 νάπας
3189 1551 3369 1621 {ove};
3406 1572 3423 1603 ι
3465 1551 3531 1605 δι’
3562 1544 3637 1605 ὧν
3671 1549 3829 1621 οἶμαι

2232 1642 2432 1713 ,σαφῶς
2458 1640 2608 1703 ἰδίοις
2638 1640 2851 1711 μέτροις
2892 1640 3005 1694 τῶν
3038 1640 3315 1710 στοιχείων
3348 1641 3575 1695 ἕκαστον
3601 1658 3831 1712 περιγε-

2246 1733 2486 1803 γράφθαι
2507 1732 2597 1785 τὸν
2619 1732 2904 1804 προφήτην
2924 1732 3213 1794 διδάσκειν,
3234 1730 3333 1801 τῆς
3352 1731 3707 1802 πριεκτικῆς
3732 1729 3828 1785 τοῦ

2247 1819 2379 1872 Θεοῦ
2415 1820 2715 1890 δυνάμεως,
2763 1822 2829 1891 ἣν
2858 1824 3016 1891 χεῖρα
3046 1822 3141 1873 καὶ
3184 1820 3380 1892 δράκα,
3410 1822 3504 1873 καὶ
3548 1816 3831 1891 σπιθαμὴν

573 1915 704 1961 tem.
742 1907 978 1962 Necesse
1001 1916 1085 1962 est
1119 1909 1305 1977 igitur,
1333 1908 1378 1963 si
1408 1907 1502 1963 Dei
1541 1917 1781 1979 potestas
1828 1911 2028 1965 cmlum
2060 1909 2144 1964 di-

2253 1911 2524 1982 όνομάζει,
2554 1912 2734 1975 ἰδικῶς
2758 1912 2987 1965 ἕκαστον
3016 1912 3124 1965 τῶν
3153 1910 3322 1967 ὄντων
3348 1914 3407 1966 ὲν
3433 1913 3512 1983 τῷ
3536 1913 3830 1985 καθήκοντι

573 2015 761 2055 mensa
799 2009 903 2065 est,
937 2003 981 2056 si
1010 2017 1207 2056 manus
1238 2002 1358 2071 ejus
1389 2018 1609 2072 aquam,
1644 2004 1689 2058 si
1734 2004 1975 2073 pugillus
2013 2002 2147 2057 uni-

572 2109 791 2150 versam
840 2098 1067 2157 terram,
1121 2096 1168 2151 si
1201 2096 1371 2151 valles
1402 2097 1457 2150 in
1494 2101 1700 2151 statera
1729 2096 2043 2159 constituit,
2098 2095 2146 2151 si

572 2187 852 2243 montibus
889 2188 1105 2257 pondus
1142 2188 1456 2259 praeﬂnivit,
1501 2189 1682 2243 omnia
1722 2182 2035 2243 mensuram
2084 2203 2147 2244 ac

572 2277 795 2332 modum
824 2279 966 2333 tueri
1004 2294 1187 2343 suum,
1238 2280 1375 2333 nihil
1409 2295 1603 2335 eorum
1628 2283 1839 2351 augeri,
1870 2282 2009 2335 nihil
2044 2282 2148 2335 im-

573 2368 771 2433 minui,
803 2385 925 2438 quae
958 2375 1185 2426 mensus
1234 2378 1319 2449 est
1350 2370 1514 2436 Deus,
1555 2387 1787 2444 quaeque
1828 2374 2005 2444 ipsius
2051 2389 2149 2444 po-

575 2468 774 2516 testate
798 2462 1193 2531 Continentur;
1243 2464 1288 2519 si
1324 2464 1473 2518 nulla
1516 2473 1695 2521 autem
1744 2466 1907 2521 rebus
1947 2467 2150 2521 accidit

573 2555 839 2617 accretio,
892 2557 1043 2610 nulla
1082 2558 1397 2623 diminutio,
1448 2565 1509 2612 ut
1538 2559 1829 2629 prophetia
1884 2568 2143 2625 testatur,

574 2645 629 2699 in
675 2660 775 2699 sua
826 2650 1057 2716 prorsus
1106 2649 1539 2719 untimquodque
1582 2665 1843 2704 mensura
1885 2661 2148 2721 perpetuo

573 2745 777 2799 manet,
803 2753 926 2791 cum
960 2748 1152 2791 natura
1173 2738 1289 2810 ipsa
1310 2755 1487 2793 rerum
1512 2742 1921 2796 commutabilis
1948 2744 2147 2796 cuncta

571 2828 816 2883 vicissim
846 2838 1149 2895 convertat,
1184 2840 1238 2886 ct
1269 2840 1436 2886 unum
1474 2834 1529 2889 in
1570 2834 1717 2889 aliud
1754 2843 1948 2897 mutet,
1984 2834 2148 2890 idem-

574 2934 681 2988 que
713 2928 935 2974 rursum
988 2918 1351 2978 conversione
1386 2926 1805 2995 mutationeqne
1848 2926 2144 2996 pristinum

572 3010 629 3064 in
663 3012 864 3065 statum
904 3012 1154 3067 reducat.
1189 3013 1293 3069 Sed
1322 3016 1450 3086 quia
1491 3032 1748 3088 vaporem
1780 3017 1927 3072 hunc
1968 3017 2147 3071 humi-

572 3101 701 3157 dum
737 3104 793 3157 in
819 3101 1035 3159 ﬂamma
1079 3107 1343 3176 positum,
1377 3109 1633 3165 siccitate
1665 3126 1760 3179 per
1792 3109 2142 3164 combustio-

2250 2005 2433 2075 μέτρῳ
2463 2002 2949 2076 περισφιγγούσης.
2995 2006 3060 2060 Εἰ
3088 2000 3180 2060 οὖν
3218 2007 3558 2077 μεμέτρηται
3601 2006 3830 2077 οὐρανὸς

2246 2096 2311 2164 τῇ
2344 2094 2461 2164 θείᾳ
2498 2094 2747 2164 δυνάμει,
2782 2093 2878 2146 καὶ
2904 2097 2970 2166 τῇ
3000 2096 3144 2167 χειρὶ
3164 2096 3223 2149 τὸ
3253 2096 3430 2167 ὕδωρ,
3460 2095 3552 2151 καὶ
3576 2100 3641 2167 τῇ
3667 2097 3830 2168 δρακὶ

2248 2190 2451 2260 πᾶσαη
2480 2190 2572 2259 γῆ,
2607 2190 2699 2242 καὶ
2734 2188 3191 2256 ζυγοπατοῦνται
3224 2192 3280 2245 αί
3308 2193 3499 2256 νάπαι,
3537 2184 3630 2244 καὶ
3664 2198 3831 2261 φανε-

2251 2278 2341 2349 ρὸς
2381 2280 2493 2342 τοῖς
2538 2279 2719 2349 δρεσιν
2749 2278 3069 2350 ἀφορίζεται
3108 2280 3379 2351 σταθμὸς,
3426 2282 3641 2355 ἀνάγκη
3672 2284 3827 2334 πᾶσα

2252 2374 2431 2442 μένειν
2464 2372 2694 2424 ἕκαστον
2723 2372 2816 2423 ὲπὶ
2858 2370 2954 2423 τοῦ
3002 2371 3131 2425 ἰδίου
3166 2373 3361 2443 μέτρου
3405 2372 3500 2425 καί⁸
3547 2372 3827 2447 σταθμοῦ,

2251 2466 2387 2535 μήτε
2439 2464 2737 2535 αὐξήσεως,
2779 2466 2916 2535 μήτε
2960 2464 3307 2528 κολοϐὡσεως
3338 2467 3396 2517 ὲν
3442 2464 3554 2527 τοῖς
3588 2464 3695 2518 ὑπὸ
3732 2463 3828 2519 τοῦ

2247 2556 2381 2609 Θεοῦ
2432 2556 2885 2627 μεμετρημένοις,
2932 2552 3027 2610 καὶ
3079 2558 3169 2610 ὑπ’
3213 2555 3377 2609 αὑτοῦ
3422 2556 3831 2628 περιεχομένοις

2246 2647 2550 2718 δυναμένης
2579 2648 2851 2715 γενέσθαι.
2902 2649 2967 2703 Εἰ
2997 2644 3088 2702 οὖν
3124 2650 3259 2719 μήτε
3308 2648 3646 2720 προσθήκην,
3686 2649 3827 2719 μήτε

2246 2738 2535 2792 ἐλάττωσιν
2561 2756 2624 2791 πε
2635 2739 2686 2810 pi.
2708 2740 2774 2794 τά
2794 2740 2922 2794 ὄντα
2946 2740 3262 2811 συμϐαίνειν
3295 2742 3328 2812 ὴ
3351 2742 3658 2813 προφητεία
3688 2759 3828 2813 μαρ-

2244 2827 2489 2897 τύρεται,
2524 2829 2738 2892 πάντως
2775 2831 2866 2883 ἐπὶ
2900 2828 2979 2900 τῷ
3016 2830 3129 2901 ἰδίῳ
3176 2830 3407 2901 ἕκαστον
3447 2831 3630 2902 μέτρῳ
3656 2832 3830 2886 εἰσαεὶ

2244 2921 2508 2990 διαμένει,
2544 2924 2643 2991 τῆς
2671 2922 2913 2993 τρεπτῆς
2942 2921 3157 2991 φύσεως
3182 2924 3280 2992 τῆς
3311 2923 3369 2975 ὲν
3400 2925 3514 2987 τοῖς
3541 2919 3662 2977 οὖσι
3693 2922 3832 2977 θεω-

2249 3012 2340 3083 ρου
2350 3012 2535 3083 μένης,
2569 3013 2744 3065 πάντα
2765 3015 2844 3076 εἰς
2864 3012 3066 3085 ἄλληλα
3091 3013 3550 3085 μεταϐαλλούσης,
3578 3015 3673 3068 καὶ
3693 3014 3797 3069 ἕκτα

2248 3122 2367 3158 στον
2394 3107 2470 3166 εἰς
2499 3105 2559 3157 τὸ
2581 3105 2765 3175 ἕτερον
2789 3105 3107 3175 ἀλλοιούσης
3127 3147 3142 3170 ,
3169 3106 3265 3160 καὶ
3301 3106 3462 3159 πάλιν
3493 3108 3585 3159 ἀπ’
3612 3106 3795 3160 ἐκείνο

570 3210 695 3250 nem
723 3190 1021 3266 acquisita,
1075 3199 1131 3252 in
1163 3201 1485 3269 qualitatem
1537 3210 1854 3256 terrestrem
1905 3201 2143 3256 transire

2248 3195 2330 3249 διὰ
2371 3194 2672 3266 μεταϐολῆς
2720 3212 2781 3248 τε
2819 3195 2913 3251 καὶ
2939 3190 3276 3260 ἀλλοιώσεως
3316 3198 3396 3260 είς
3444 3196 3504 3249 τὸ
3539 3196 3596 3263 ἐξ
3650 3196 3831 3267 ἀρχῆς

570 3304 636 3343 ex
670 3290 956 3360 superiore
985 3290 1089 3345 olei
1121 3293 1373 3361 exemplo
1402 3292 1539 3348 satis
1574 3292 1946 3356 ostendimus,
1978 3292 2139 3347 dein-

571 3395 703 3450 ceps
743 3382 1203 3436 considerandum
1253 3391 1357 3447 est,
1409 3392 1589 3437 utrum
1636 3384 1860 3454 vaporis
1914 3383 2147 3437 materia

572 3470 628 3524 in
654 3471 990 3524 contrariam
1028 3472 1353 3540 qualitatem
1384 3489 1651 3529 conversa
1696 3473 1943 3544 reliquiae
1974 3473 2148 3543 ipsius

573 3560 954 3613 combustione
974 3560 1290 3616 subtiliores
1315 3577 1379 3617 ac
1412 3565 1693 3618 tenuiores
1729 3564 1939 3618 enecta!
1964 3578 2136 3634 supra

574 3663 796 3703 manere
835 3651 1069 3719 possint.

2244 3282 2398 3349 αὖθις
2427 3284 2827 3354 ὲπαναγούσης.
2872 3284 3013 3338 Ἀλλ’
3043 3287 3125 3339 ὅτι
3154 3286 3252 3356 μὲν
3284 3286 3315 3339 δ
3349 3286 3513 3356 ὑγρὸς
3549 3281 3702 3349 οὗτος
3731 3287 3829 3339 ἀτ-

2250 3378 2366 3449 μὸς,
2400 3378 2461 3431 ὲν
2492 3376 2570 3447 τῷ
2595 3376 2820 3448 φλογμῷ
2848 3376 3247 3451 διαγενόμενος,
3281 3372 3362 3441 εἰς
3392 3378 3488 3449 τὴν
3518 3379 3692 3447 γεώδη
3735 3395 3833 3447 με·

2246 3470 2491 3524 ταϐαίνει
2539 3468 2831 3540 ποιότητα,
2865 3469 3000 3539 πρὸς
3028 3468 3087 3522 τὸ
3125 3469 3284 3541 ξηρὸν
3338 3470 3695 3540 μεταϐληθεὶς
3734 3469 3825 3522 διὰ

2247 3561 2349 3630 τῆς
2378 3560 2739 3630 ὲξοπτήσεως,
2778 3558 2936 3612 τοῦτο
2968 3560 3025 3610 ὲν
3058 3558 3171 3622 τοῖς
3214 3559 3540 3631 προλαϐοῦσι
3567 3559 3745 3626 λόγοις
3772 3561 3831 3611 ὲν

2249 3652 2326 3722 τῷ
2373 3650 2513 3704 κατὰ
2551 3649 2611 3702 τὸ
2658 3649 2834 3703 ἔλαιον
2878 3649 3255 3725 ὑποδείγματι
3288 3651 3522 3720 μετρίως
3556 3649 3829 3721 νενόηται,

576 3746 795 3797 σκοπεῖν
821 3744 878 3798 δὲ
914 3745 973 3798 τὲ
1011 3747 1147 3819 μετὰ
1180 3750 1335 3803 τοῦτο
1368 3753 1653 3822 προσήκει,
1682 3754 1729 3804 εἰ
1763 3752 1860 3823 τῆς
1894 3751 2027 3823 ὑλης
2055 3749 2147 3805 τοῦ
2184 3747 2358 3820 ἀτμοῦ
2398 3745 2535 3817 πρὸς
2567 3744 2665 3816 τὴν
2693 3744 2939 3798 ἐναντίαν
2985 3741 3369 3815 ἀλλοιωθείσης
3417 3745 3706 3814 ποιότητα,
3739 3745 3834 3797 δυ-

570 3838 731 3890 νατόν
754 3839 899 3890 ἐστιν
926 3840 1035 3894 ἀνω
1063 3842 1244 3911 μένειν
1270 3842 1445 3897 traho
1477 3843 1570 3896 τοῦ
1603 3844 1773 3914 ἀτμοῦ
1807 3844 1866 3897 τὸ
1893 3844 2164 3914 λείψανον,
2197 3844 2278 3896 ὅτι
2302 3839 2433 3893 ποτὲ
2464 3839 2715 3891 κατανοεῖ
2735 3839 2763 3890 ὁ
2784 3837 2940 3905 λόγος
2965 3837 3026 3889 τὸ
3046 3836 3133 3891 διὰ
3166 3836 3263 3905 τῆς
3290 3837 3633 3905 ἐξοπτήσεως
3667 3852 3833 3905 μετα-

571 3930 813 4001 ποιηθὲν,
845 3931 979 4002 πρὸς
1003 3934 1063 3986 τὸ
1080 3934 1400 4006 λεπτότερόν
1427 3953 1484 3989 τε
1506 3938 1598 3990 καὶ
1622 3937 2011 4009 ἀφανέστερον.

645 4022 755 4076 Hoc
780 4032 962 4077 autem
993 4026 1258 4097 exemplis
1302 4026 1432 4083 item
1488 4028 1647 4084 vobis
1684 4028 1996 4085 manifestis
2046 4043 2145 4100 po-

574 4116 802 4170 terimus
828 4116 1181 4186 investigare.
1232 4115 1420 4188 Neque
1452 4118 1597 4173 enim
1640 4118 1813 4191 l‘uligo
1856 4121 1947 4175 illa
1974 4119 2147 4175 subti-

573 4204 783 4259 iissima
826 4216 1088 4276 perpetuo
1115 4206 1205 4261 hic
1260 4208 1317 4263 in
1361 4220 1485 4264 aere
1534 4218 1818 4280 permanet
1868 4210 2143 4274 sublimis,

575 4294 670 4346 sed
704 4309 799 4361 per
829 4295 973 4349 aeris
1005 4295 1285 4350 raritatem
1317 4297 1383 4351 ad
1410 4306 1705 4367 cognatum
1754 4300 1858 4355 sibi
1904 4300 2147 4353 elemen-

576 4390 692 4434 tum
728 4383 1025 4447 transiens,
1079 4393 1240 4438 terrae
1292 4394 1346 4440 ct
1395 4386 1725 4455 parietibus,
1766 4396 2149 4457 tectorumque

580 4468 930 4537 laquearibus
980 4469 1330 4527 adhaerescit.
1380 4471 1537 4539 Quod
1582 4473 1650 4529 de
1696 4475 1995 4545 vaporibus
2041 4474 2149 4528 illis

2323 4016 2483 4072 Ἀλλά
2508 4015 2614 4087 μὴν
2641 4010 2796 4086 οἶμαι
2825 4012 3050 4069 δυνατὸν
3078 4011 3213 4069 εἰναι
3236 4017 3328 4070 καὶ
3352 4025 3482 4093 περὶ
3512 4018 3719 4072 ἐκείνου
3741 4019 3829 4072 διὰ

2250 4108 2357 4163 τῶν
2379 4105 2667 4177 γνωρίμων
2694 4106 2821 4176 ὑμῖν
2850 4105 3265 4177 ὑποδειγμάτων
3288 4106 3673 4177 στοχάσασθαι.
3692 4110 3829 4165 om

2250 4200 2362 4272 γὰρ
2385 4198 2619 4253 ἐνταῦθα
2642 4196 2704 4251 τὸ
2722 4196 3057 4268 λεπτομερὲς
3087 4197 3187 4265 τῆς
3210 4195 3424 4266 λιγνύος
3445 4199 3614 4252 εἰσαεὶ
3639 4199 3828 4270 διαμέ-

2250 4313 2331 4349 νει
2361 4293 2496 4347 κατά
2522 4291 2613 4344 τὸν
2644 4289 2781 4361 ἀέρα
2806 4290 3097 4360 μετέωρον,
3118 4288 3231 4341 ἀλλ’
3258 4289 3362 4342 ὑπὸ
3383 4290 3481 4358 τῆς
3506 4291 3828 4363 άραιδτητος

2250 4386 2345 4440 τοῦ
2374 4386 2535 4452 ἀέρος
2566 4382 2702 4455 πρὸς
2725 4381 2786 4434 τὸ
2819 4380 3078 4449 συγγενὲς
3118 4379 3430 4448 διαφύεται.
3484 4385 3553 4451 γῇ
3592 4382 3687 4436 καὶ
3715 4383 3828 4436 τεί-

2252 4495 2371 4548 χεσι
2412 4474 2507 4529 καὶ
2551 4474 2661 4537 τοῖς
2690 4472 2782 4526 τοῦ
2829 4473 3028 4543 ὀρόφου
3067 4471 3246 4539 ξύλοις
3290 4473 3825 4544 περιχρωννύμενον.

577 4568 794 4629 quoque
815 4560 1168 4630 cogitandum
1201 4572 1306 4625 est,
1328 4570 1389 4617 ut
1432 4564 1499 4618 ad
1529 4564 1865 4635 superiorem
1902 4564 2145 4635 igneam-

2250 4565 2460 4620 Οὐκοῦν
2486 4562 2777 4620 ἀκόλουθον
2798 4562 2891 4616 καὶ
2913 4562 3041 4632 περὶ
3063 4562 3279 4615 ἐκείνου
3294 4562 3355 4616 τὸ
3380 4557 3494 4617 ῐσον
3514 4558 3825 4629 ὑπολαϐεῖν,

578 4666 685 4721 que
709 4651 981 4721 regionem
1009 4668 1040 4707 a
1070 4653 1247 4709 ventis
1267 4656 1697 4725 compellantur,
1738 4664 1791 4711 et
1813 4655 1867 4711 in
1910 4653 2148 4710 humidae

577 4742 857 4812 qualitatis
899 4746 1335 4801 commutatione
1386 4746 1675 4803 materiam
1743 4755 1984 4810 servent,
2035 4761 2150 4802 are-

580 4834 818 4906 tactique
864 4835 933 4890 ad
974 4835 1029 4891 id
1064 4837 1209 4907 quod
1241 4838 1321 4895 eis
1351 4849 1640 4911 cognatum
1676 4848 1758 4896 est
1840 4856 1902 4895 ac
1948 4841 2146 4908 simile,

581 4926 939 4983 detrahantur
976 4916 1238 5000 humique
1288 4932 1632 4988 consideant.
1672 4929 1949 4989 Naturalis
2003 4933 2149 4989 enim

581 5018 749 5073 rebus
789 5018 1045 5074 omnibus
1102 5021 1410 5077 attrahendi
1461 5024 1544 5079 vis
1582 5023 1745 5080 insita
1778 5032 1881 5089 est,
1938 5031 1998 5078 ut
2039 5023 2146 5077 mi-

582 5109 732 5164 nime
761 5108 1058 5165 absurdum
1092 5112 1364 5180 videatur,
1415 5114 1460 5170 si
1490 5130 1719 5185 vapores
1744 5116 1967 5186 quidam
2007 5115 2145 5170 sicci

583 5212 649 5252 ac
697 5206 986 5253 terrestres
1038 5197 1237 5264 evecti,
1306 5212 1467 5258 terra:
1519 5204 1749 5260 siccitati
1788 5213 1843 5261 et
1897 5206 2145 5276 qualitati

583 5290 1062 5347 commisceantur.
1125 5292 1282 5361 Quod
1330 5296 1377 5351 si
1414 5312 1482 5351 ex
1521 5298 1623 5353 olei
1675 5299 1905 5354 materia
1947 5305 2145 5353 cuncta

584 5392 918 5447 constarent,
938 5384 992 5438 in
1008 5388 1389 5445 crassitudinis
1426 5390 1686 5461 qualitate
1722 5407 1953 5462 vapores
2002 5392 2150 5461 ejus-

588 5468 730 5527 modi
764 5475 819 5528 in
839 5476 1074 5532 colorem
1116 5479 1337 5551 nigrum
1359 5482 1646 5539 exustione
1671 5489 2148 5548 converterentur,

585 5572 724 5617 etes
751 5566 931 5633 specie
964 5567 1053 5621 illa
1087 5580 1404 5641 conspecta,
1454 5571 1587 5645 quid
1620 5573 1792 5639 ﬂeret,
1839 5576 2014 5632 cuivis
2061 5593 2151 5634 es-

589 5664 672 5710 set
698 5660 1063 5727 perspicuum.
1088 5660 1289 5720 Verum
1328 5679 1457 5737 quia
1486 5665 1858 5732 subtilissima
1895 5668 2148 5740 liquidis-

661 5830 706 5864 ⁸⁸
730 5830 832 5887 lsa.
868 5847 957 5895 ιι,
987 5832 1070 5889 l2.

2249 4658 2333 4712 ὅτι
2376 4655 2480 4709 ὑπὸ
2522 4653 2632 4708 τῶν
2664 4653 2989 4723 πνευμάτων
3033 4652 3297 4715 ἀνωσθεὶς
3345 4653 3373 4706 ὁ
3406 4654 3578 4722 ἀτμὸς
3624 4656 3705 4718 εἰς
3736 4655 3828 4709 τὸν

2250 4747 2644 4820 ὑπερκείμενον
2664 4747 2759 4799 καὶ
2780 4744 3025 4815 φλογώδη
3050 4744 3246 4815 χῶρον,
3272 4745 3366 4799 καὶ
3392 4747 3530 4814 ἐνντῇ
3556 4746 3824 4816 μεταϐολῇ
3919 4728 3935 4743 ’

2249 4840 2350 4911 τῆς
2370 4838 2544 4910 ὑγρᾶς
2581 4837 2863 4904 ποιότητος
2885 4874 2901 4901 ,
2931 4835 2991 4888 τὸ
3017 4836 3198 4889 ὑλικὸν
3226 4834 3539 4897 διεσώσατο.
3584 4835 3745 4909 ξηρὸς
3772 4838 3829 4892 δὲ

2251 4932 2538 5002 γενόμενος
2560 4928 2698 5000 πρὸς
2728 4928 2788 4981 τὸ
2815 4928 3072 4996 συγγενὲς
3106 4927 3467 4999 καθειλκύσθη
3494 4930 3587 4982 καὶ
3615 4930 3827 4983 ἀπεκι-

2251 5024 2413 5094 τέστη
2442 5026 2533 5094 γῇ.
2575 5022 2827 5090 Ἐλκτικὴ
2857 5018 2965 5091 γὰρ
2988 5020 3096 5073 τῶν
3120 5021 3337 5074 οἰκείων
3356 5021 3585 5093 δύναμις
3611 5003 3875 5121 tiqu

2251 5116 2358 5168 τῶν
2387 5114 2555 5167 ὄντων
2576 5115 2641 5167 ὲκ
2664 5111 2878 5181 φύσεως
2899 5111 3160 5179 ἔγκειται,
3186 5111 3261 5175 ὡς
3293 5112 3427 5184 μηδὲ
3448 5112 3551 5177 ἔξω
3576 5112 3670 5165 τοῦ
3695 5113 3827 5166 ἀκο-
3871 5111 3879 5145 ῖ

2253 5206 2441 5259 λούθου
2468 5205 2566 5275 τὴν
2603 5202 2855 5272 τοιαύτην
2895 5199 3033 5256 εἶναι
3081 5204 3370 5275 ὑπόληψιν,
3405 5206 3489 5257 δτι
3533 5204 3699 5275 ξηρός
3742 5221 3877 5268 τως

2255 5296 2347 5350 καὶ
2369 5296 2575 5367 γεώδης
2606 5296 2636 5347 ὁ
2681 5292 2854 5364 ἀτμὸς
2875 5295 3162 5365 γενόμενος
3186 5296 3284 5363 τὴν
3313 5295 3591 5366 ποιότητα.
3623 5299 3689 5367 τῇ
3731 5296 3826 5367 ξηο

2259 5389 2442 5459 ρότητι
2466 5388 2563 5459 τῆς
2594 5386 2698 5459 γῆς
2737 5387 3059 5458 κατειλίχθη.
3096 5388 3159 5441 Εί
3196 5388 3291 5459 μὲν
3328 5383 3423 5443 οὖν
3461 5384 3529 5459 ἦν
3568 5388 3829 5457 ἐλαιώδης

2257 5482 2406 5533 πᾶσα
2434 5481 2532 5543 τῆς
2570 5480 2743 5551 ὑγρᾶς
2778 5479 2963 5542 οὐσίας
3002 5481 3037 5551 ή
3089 5480 3268 5549 φύσις,
3306 5481 3521 5546 πάντως
3559 5482 3626 5535 ἂν
3660 5484 3718 5536 ὲν
3750 5482 3828 5551 τῷ

2258 5575 2562 5644 παχυμερεῑ
2594 5573 2694 5641 τῆς
2731 5571 3012 5641 ποιότητος
3044 5574 3181 5644 πρὸς
3212 5573 3273 5626 τὸ
3313 5574 3478 5645 μέλαν
3505 5573 3701 5645 ἔτρεψε
3721 5576 3830 5628 τῶν

2256 5664 2509 5719 τοιούτων
2534 5662 2724 5733 ἀτμῶν
2750 5663 2848 5734 τὴν
2877 5662 3043 5734 χρόαν
3066 5664 3099 5735 ἡ
3125 5664 3433 5736 ὲξόπτηνσιςο
3461 5666 3547 5720 καὶ
3577 5666 3830 5738 ἰπίᾶηλον
