4110 6500
369 411 478 467 105

1566 411 1632 466 ΙΝ
1672 409 2145 466 IIEXAEMEBON
2178 411 2401 466 LIBER.

3498 416 3599 472 illi)

367 532 439 587 ἀν
472 534 604 587 πᾶσι
634 532 697 585 τὸ
732 533 1015 602 γινόμενον
1046 528 1134 605 ἦν,
1183 532 1270 587 διὰ
1298 532 1391 586 τοῦ
1417 531 1666 603 δέχεσθαι
1713 533 1774 587 τὸ
1806 528 1942 613 εἶδος

2045 532 2293 603 simaque
2331 540 2524 586 natura
2553 531 2607 584 in
2644 531 2937 600 vaporibus
2956 541 3057 597 est,
3090 533 3143 585 hi
3176 548 3305 587 vero
3344 549 3411 589 eo
3436 552 3596 605 quem

366 621 730 692 δεικνύμενον.
770 622 921 676 Ἐπεὶ
947 622 1004 675 δέ
1024 622 1085 675 τὸ
1108 621 1433 676 λεπτότατόν
1458 638 1516 674 τε
1542 621 1636 675 καὶ
1653 620 1941 673 διειδέστα-

372 731 463 768 τον
502 714 605 784 τῆς
635 713 743 766 τῶν
780 714 985 767 ὑδάτων
1019 714 1233 782 φύσεως
1271 715 1330 765 ἐν
1351 715 1463 776 τοῖς
1499 713 1688 782 ἀτμοῖς
1713 710 1937 779 γίνεται,

366 799 510 859 οὗτοι
525 804 581 856 δὲ
601 804 741 857 κατά
770 803 859 856 τὸν
875 804 1364 875 προαποδειχθέντα
1380 805 1534 873 λόγον
1557 804 1939 874 ἐναποθέμενοι

368 896 446 964 τῷ
478 895 610 966 πυρὶ
629 895 726 965 τὴν
759 894 930 965 ὑγρὰν
960 895 1234 964 ποιότητα,
1253 896 1386 967 πρὸς
1401 896 1461 950 τὸ
1477 896 1637 967 ξηρὸν
1653 893 1943 965 ἠλλοιώθη-

371 1002 488 1039 σαν·
505 986 716 1056 ἀνάγκη
738 988 907 1050 πᾶσα,
920 985 1156 1056 καθαρὸν
1178 986 1334 1040 τοῦτο
1352 987 1448 1041 καὶ
1466 986 1697 1058 ἀερῶδες
1716 987 1790 1038 οῐε
1798 984 1939 1051 σθαι,

365 1078 451 1131 ὅτι
476 1078 604 1131 ’ποτὲ
625 1078 720 1130 καὶ
747 1074 885 1132 εἶναι
904 1078 1032 1132 αὐτὸ
1057 1076 1459 1149 καταλαμϐάνει
1473 1079 1505 1149 ἡ
1520 1076 1763 1131 ἕννοιατὸ
1781 1078 1846 1147 τῇ
1865 1076 1944 1129 λε-

368 1170 595 1241 πτότητι
610 1170 898 1240 διαφεῦγον
911 1169 1007 1241 τὴν
1022 1170 1368 1240 κατανόησιν.
1393 1171 1456 1223 Ei
1472 1170 1529 1223 δὲ
1555 1170 1654 1239 τῆς
1666 1168 1760 1221 τοῦ
1782 1168 1941 1236 λόγου

367 1262 726 1334 καταλήψεως
757 1263 1205 1333 ἀξιοπιστοτέραν
1232 1260 1404 1315 οἴεταί
1435 1278 1518 1325 τις
1542 1262 1641 1331 τὴν
1669 1259 1941 1329 αἴσθησιν,

370 1354 464 1407 καὶ
491 1353 647 1424 ζητεῖ
676 1352 756 1423 τῷ
793 1351 1055 1423 ὀφθαλμῷ
1082 1353 1205 1415 τοὺς
1233 1352 1458 1422 ἀμερεῖς
1493 1366 1551 1402 τε
1585 1349 1680 1402 καὶ
1712 1349 1939 1415 ἀφανεῖς

370 1444 610 1507 ἐκείνους
654 1443 847 1511 ὄγκους
905 1442 1198 1497 θεάσασθαι
1222 1458 1237 1471 ·
1283 1441 1460 1507 ἔξεστι
1508 1440 1585 1511 τῷ
1632 1440 1941 1511 βουλομένῳ

369 1535 560 1590 ναστὸν
580 1534 689 1588 τῶν
705 1534 958 1588 τοιούτων
988 1535 1187 1605 μορίων
1211 1534 1303 1586 τὸν
1327 1534 1467 1603 ἀέρα
1493 1533 1643 1594 ἰδεῖν,
1668 1533 1796 1587 ὅταν
1819 1534 1940 1585 εἰσ-

368 1628 588 1698 χεθεῖσα
618 1626 706 1681 διὰ
732 1626 945 1699 θυρίδος
971 1626 1133 1688 αὐτὸς
1156 1666 1171 1689 ,
1206 1624 1557 1695 ἐκδηλότερον
1598 1626 1798 1695 ποιήσῃ
1844 1623 1937 1676 τοῦ

369 1720 532 1789 ἀέρος
573 1719 787 1780 ἐκεῖνο,
833 1720 957 1771 ὅσον
1002 1717 1068 1771 ἂν
1113 1717 1201 1770 διὰ
1250 1717 1347 1787 τῆς
1381 1717 1554 1787 αὐγῆς
1589 1716 1938 1790 καταλάμψῃ.

374 1812 441 1863 Ὃ
464 1810 571 1881 γὰρ
603 1810 660 1861 ἐν
685 1807 762 1879 τῷ
794 1806 965 1877 λοιπῷ
993 1807 1113 1878 ἀέρι
1142 1809 1253 1869 τοῖς
1280 1805 1575 1876 ὀφθαλμοῖς
1602 1808 1748 1859 ἐστιν
1772 1807 1938 1874 ἀνέφ-

374 1916 558 1964 ικτον,
622 1897 779 1952 τοῦτο
830 1898 917 1950 διὰ
961 1897 1061 1966 τῆς
1119 1897 1337 1958 ἀκτῖνος
1396 1897 1585 1967 ὁρᾶται
1634 1896 1692 1946 ὲν
1748 1894 1939 1965 πλήθει

366 1991 580 2062 ἀπείρῳ
616 1990 758 2044 κατά
784 1990 875 2042 τὸν
907 1988 1042 2060 ἀέρα
1080 1988 1467 2059 στρεφόμενον.
1509 1989 1568 2040 '0
1589 1983 1680 2041 οὖν
1702 1986 1939 2058 ἐπισχὼν

364 2084 578 2147 τούτοις
599 2083 690 2137 τὸν
716 2080 1009 2151 ὀφθαλμὸν,
1041 2081 1261 2151 εὑρήσει
1289 2079 1376 2132 ἀεὶ
1414 2078 1551 2149 πρὸς
1576 2077 1638 2131 τὸ
1666 2077 1816 2131 κάτω
1842 2076 1940 2147 τὴν

368 2175 482 2229 τῶν
520 2173 737 2228 λεπτῶν
763 2173 992 2226 ἐκείνων
1026 2171 1197 2243 φορὰν
1231 2170 1658 2242 καταρρέουσαν.
1697 2170 1772 2222 Τὸ
1802 2169 1858 2222 δὲ
1884 2170 1941 2223 ἐν

366 2266 449 2335 τῷ
491 2266 645 2336 μέρει
691 2262 786 2317 τοῦ
829 2262 990 2335 ἀέρος
1017 2261 1363 2333 δεικνύμενον
1392 2259 1664 2325 ἀπόδειξίς
1699 2262 1817 2314 ἐστι
1844 2260 1938 2314 τοῦ

369 2358 465 2410 και
496 2358 554 2409 ἐν
586 2354 664 2425 τῷ
708 2354 872 2408 παντὶ
901 2354 963 2407 τδ
1002 2352 1242 2407 τοιοῦτον
1279 2347 1452 2416 εἶναι,
1480 2351 1669 2422 ἐπειδὴ
1716 2350 1940 2421 συνεχές

367 2448 487 2500 ἐστι
515 2446 574 2499 τὸ
605 2447 711 2499 πᾶν
754 2443 931 2515 ἐαυτῷ
950 2484 966 2509 ,
989 2444 1084 2501 καὶ
1112 2445 1178 2497 ἐκ
1205 2442 1385 2516 μερῶν
1436 2443 1850 2515 συμπληροῦται
1879 2442 1940 2496 τὸ

367 2539 512 2593 ὅλον.
552 2539 615 2590 El
646 2536 701 2589 δὲ
729 2538 959 2591 πάντοτε
1002 2538 1036 2606 ἡ
1067 2534 1177 2588 τῶν
1201 2535 1414 2589 λεπτῶν
1446 2534 1652 2589 τούτων
1693 2535 1787 2588 καὶ
1810 2534 1939 2588 ἀτό-

373 2647 493 2700 μων
514 2628 655 2697 φορά
685 2627 773 2680 διὰ
809 2626 904 2680 τοῦ
930 2626 1091 2697 ἀέρος
1114 2626 1207 2678 ἐπὶ
1231 2625 1332 2695 τὴν
1354 2626 1459 2696 γῆν
1486 2625 1797 2696 καταρρέει,
1831 2640 1939 2691 φα-

368 2721 529 2792 νερὸν
554 2720 612 2773 δὲ
639 2722 721 2773 ὅτι
753 2719 814 2771 ού
849 2719 908 2772 τὸ
950 2718 1186 2790 αἰθέριον
1209 2712 1346 2781 εἶδος
1385 2720 1465 2781 εἰς
1504 2717 1678 2771 ταῦτα
1705 2714 1941 2787 θρυπτό-

373 2827 535 2881 μενον
570 2808 936 2862 διασκίδναται
963 2807 1090 2878 (τὴν
1114 2807 1222 2878 γὰρ
1246 2809 1327 2869 είς
1352 2805 1422 2858 τὰ
1460 2805 1630 2858 λεπτά
1661 2804 1857 2875 θρύψιν
1879 2820 1939 2855 τε

370 2903 468 2956 καὶ
488 2902 732 2970 διάχυσιν
755 2902 789 2971 ἠ
811 2900 904 2953 τοῦ
930 2899 1101 2972 πυρὸς
1127 2898 1287 2968 φύσις
1310 2899 1370 2951 ού
1403 2896 1640 2967 πάσχει)
1666 2913 1681 2928 '
1722 2896 1939 2964 ἀνάγκη

372 2997 524 3048 πᾶσα
552 2994 774 3046 ἐκείνων
802 2993 901 3061 τὴν
940 2992 1071 3062 ὓλην
1118 2990 1365 3043 κατιέναι
1412 2987 1709 3049 πιστεύειν,
1739 2979 1813 3041 ὧν
1840 2984 1940 3052 τὴν

371 3081 557 3137 ἄνοδον
584 3082 613 3134 ὁ
639 3080 794 3147 λόγος
821 3079 911 3133 διά
933 3079 1041 3133 τῶν
1075 3078 1264 3149 ἀτμῶν
1291 3075 1617 3149 ἐθεώρησεν,
1638 3074 1777 3127 ὥστε
1799 3072 1941 3143 ύγρά

375 3170 478 3241 μὲν
504 3170 634 3223 ὄντα
679 3170 785 3222 ὑπὸ
826 3168 926 3238 τῆς
955 3167 1163 3239 θερμῆς
1194 3165 1515 3220 ἀνέλκεσθαι
1560 3164 1773 3234 φύσεως
1795 3202 1811 3229 ,
1840 3164 1938 3215 ἐκ-

372 3261 642 3317 καυθέντα
678 3261 735 3314 δὲ
766 3261 856 3314 καὶ
877 3259 1052 3330 γεώδη
1083 3258 1372 3328 γενόμενα,
1402 3256 1596 3327 μηκέτι
1626 3257 1682 3308 ἐν
1706 3254 1783 3325 τῷ
1814 3254 1944 3325 πυρὶ

373 3352 708 3422 κρατεῖσθαι,
733 3351 867 3404 ἀλλά
889 3350 1024 3422 πρὸς
1038 3350 1136 3419 τὴν
1153 3351 1256 3419 γῆν
1278 3348 1436 3402 πάλιν
1461 3344 1940 3401 ἀποκαθίστασθαι.

376 3445 648 3515 Καθάπερ
678 3444 735 3497 δὲ
780 3444 880 3514 τῆς
927 3445 985 3495 ἐν
1027 3443 1158 3511 ἡμῖν
1203 3440 1411 3514 τροφῆς
1461 3441 1539 3502 είς
1584 3437 1787 3510 λεπτήν
1823 3454 1945 3491 τινα

375 3536 641 3604 ποιότητα
676 3533 765 3587 διὰ
789 3535 886 3603 τῆς
920 3532 1137 3601 πέψεως
1176 3529 1578 3599 ἀλλοιωθείσης,
1608 3521 1652 3595 ᾧ
1682 3527 1748 3582 ἂν
1773 3528 1944 3598 ἐμπε-

379 3628 535 3682 λάσει
560 3628 647 3681 διά
676 3628 772 3697 τῆς
798 3624 1101 3686 ἀναδόσεως
1131 3622 1287 3693 μέρει
1312 3620 1407 3675 τοῦ
1433 3620 1701 3691 σώματος,
1738 3618 1944 3673 ἐκείνου

378 3714 662 3785 προσθήκη
677 3712 737 3765 τὺ
757 3711 1131 3781 ἀναδιδόμενον
1148 3710 1374 3778 γίνεται,
1404 3710 1496 3763 καὶ
1516 3708 1766 3779 ποικίλης
1779 3706 1946 3777 οὔσης

374 3806 437 3858 ἑν
461 3807 526 3875 τῇ
545 3804 797 3859 συστάσει
813 3802 907 3856 τοῦ
924 3802 1173 3872 σώματος
1183 3801 1282 3871 τῆς
1293 3800 1401 3854 τῶν
1424 3799 1599 3871 μελῶν
1611 3800 1868 3869 διαφορᾶς
1888 3799 1945 3852 ἐν

374 3896 455 3965 τῷ
471 3894 620 3965 ξηρῷ
634 3911 692 3947 τε
710 3894 803 3947 καὶ
831 3892 1001 3963 ὑγρῷ,
1026 3891 1117 3945 καὶ
1142 3891 1220 3961 τῷ
1238 3892 1445 3945 καίοντι
1470 3891 1563 3944 καὶ
1590 3890 1669 3960 τῷ
1689 3889 1940 3960 ψύχοντι·

376 3987 506 4057 παρ’
538 3978 611 4038 ὧν
641 3984 706 4039 ἂν
734 3984 955 4053 γένηται
980 3982 1040 4037 τδ
1069 3983 1170 4053 τῆς
1206 3983 1413 4053 τροφῆς
1451 3981 1632 4052 μέρος,
1657 3983 1831 4035 ἐκεῖνο
1862 3981 1946 4050 γί-

374 4092 548 4139 νεται,
587 4075 616 4129 δ
661 4075 723 4129 τὸ
765 4073 1122 4145 ὑποκείμενον
1156 4072 1295 4127 κατά
1332 4072 1494 4141 φύσιν
1526 4075 1673 4127 ἐστὶν
1710 4072 1810 4141 (τὸ
1838 4072 1946 4141 γὰρ

377 4166 709 4235 ἐπικρατοῦν
739 4166 1009 4236 εὐκαίρως
1048 4165 1147 4236 τὴν
1177 4163 1484 4236 λεπτότητα
1517 4166 1615 4234 τῆς
1646 4164 1947 4226 ἀναδόσεως

376 4256 556 4326 ἐαυτῷ
585 4255 1005 4327 προσῳκείωσε)
1029 4271 1044 4287 ·
1078 4254 1170 4308 τὸν
1208 4254 1371 4309 αὑτὸν
1400 4256 1599 4325 τρόπον
1620 4252 1947 4323 ἀνεπαίσθηο

377 4365 472 4411 τος
506 4348 714 4416 γίνεται
764 4346 853 4400 διά
893 4345 1001 4399 τῶν
1039 4346 1262 4417 ἀμερῶν
1308 4346 1532 4398 ἐκείνων
1576 4345 1753 4413 δγκων
1796 4346 1829 4415 ὴ
1861 4345 1947 4399 ἀεὶ

375 4437 636 4507 γινομένη
655 4438 721 4507 τῇ
743 4439 814 4507 γῇ
838 4434 1143 4507 προσθήκη.
1171 4436 1491 4489 Διότιπαντὶ
1516 4435 1590 4506 τῷ
1606 4436 1947 4505 ὑποκειμένῳ

2044 639 2213 694 supra
2246 624 2484 678 diximus
2516 622 2699 691 modo,
2741 626 2793 677 in
2827 625 2951 692 igne
2966 624 3128 693 positi
3153 626 3469 694 qualitatem
3496 628 3599 681 hu-

2039 711 2241 765 midam
2264 713 2314 765 in
2333 712 2535 767 siccam
2550 722 2891 773 convertunt,
2908 728 3131 770 necesse
3144 723 3247 777 est,
3264 717 3598 788 utquidquid

2037 802 2170 856 illud
2211 802 2394 865 fuerit,
2418 804 2562 875 quod
2592 820 2655 860 ex
2686 805 2794 860 illis
2820 806 3099 860 redactum
3129 807 3310 860 animo
3349 824 3599 879 compre~

2040 890 2409 961 benderimus,
2429 908 2622 963 purum
2654 901 2709 948 et
2729 907 2943 949 aereum
2962 894 3186 962 aliquid,
3216 895 3357 964 quod
3385 896 3599 951 subtilis
3658 894 3666 901 ’

2042 991 2152 1038 tate
2188 997 2288 1037 sua
2322 984 2686 1055 cognitionem
2718 984 2952 1056 effugiat,
2982 988 3301 1055 cogitemus.
3334 986 3428 1042 Sin
3455 986 3603 1058 quis-

2041 1075 2184 1144 piam
2224 1078 2408 1131 sensui
2440 1078 2611 1145 magis
2639 1092 2800 1146 quam
2831 1076 3026 1131 rationi
3060 1078 3387 1133 credendum
3425 1087 3598 1150 putat,

2043 1166 2348 1235 quaeritque
2380 1167 2558 1222 oculis
2585 1167 2861 1221 individua
2899 1182 2963 1220 ac
2992 1182 3131 1223 caeca
3156 1168 3246 1221 illa
3278 1172 3600 1239 corpuscula

2041 1257 2308 1321 contueri,
2345 1258 2393 1312 is
2428 1258 2627 1327 poterit
2666 1273 2843 1312 aerem
2876 1258 3077 1315 talibus
3109 1261 3389 1327 particulis
3429 1260 3599 1315 refer-

2042 1354 2155 1401 tum
2183 1350 2451 1419 aspicere,
2487 1351 2705 1418 quando
2726 1349 2863 1403 radii
2891 1351 3024 1405 solis
3056 1366 3150 1418 per
3182 1350 3476 1406 fenestram
3506 1368 3602 1408 ex-

2046 1440 2208 1508 cepti,
2271 1456 2390 1494 eam
2443 1442 2584 1496 aeris
2637 1449 2843 1511 partem
2903 1441 3187 1496 clariorem
3246 1442 3598 1509 reddiderint,

2041 1546 2163 1601 quae
2199 1533 2485 1603 splendore
2536 1533 2698 1588 fuerit
2743 1533 3031 1589 illustrata.
3069 1533 3169 1589 Hic
3206 1535 3347 1590 enim
3389 1535 3598 1591 inﬁnita

2041 1624 2495 1693 corpusculorum
2528 1625 2580 1677 in
2611 1639 2738 1679 aere
2763 1626 3102 1679 volitantium
3138 1626 3444 1689 multitudo,
3480 1643 3600 1696 quae

2040 1712 2096 1767 in
2129 1714 2338 1784 reliquo
2372 1716 2514 1770 aeris
2542 1717 2718 1785 spatio
2754 1717 2927 1771 oculis
2957 1716 3101 1771 cerni
3136 1732 3243 1771 non
3286 1726 3479 1786 potest,
3508 1734 3596 1770 ra-

2042 1802 2253 1860 diorum
2296 1805 2560 1861 beneﬁcio
2596 1809 2937 1877 perspicitur.
2973 1809 3029 1864 Si
3068 1810 3191 1878 quis
3224 1809 3388 1877 igitur
3427 1812 3597 1864 aciem

2037 1897 2317 1952 oculorum
2371 1898 2683 1965 intenderit,
2712 1901 3033 1969 corpuscula
3080 1901 3167 1955 illa
3206 1901 3425 1955 subtilia
3460 1902 3599 1955 assi-

2038 1987 2146 2043 due
2185 1989 2475 2045 deﬂuentia
2504 1990 2759 2045 deorsum
2802 1990 2930 2046 ferri
2970 1992 3284 2061 conspiciet.
3320 1992 3474 2059 Quod
3503 2008 3601 2046 au-

2038 2087 2144 2134 tem
2176 2080 2229 2133 in
2263 2094 2365 2135 una
2392 2090 2544 2151 parte
2577 2081 2720 2137 aeris
2745 2082 3069 2146 ostenditur,
3099 2083 3300 2139 indicio
3320 2095 3424 2149 est,
3456 2084 3596 2138 idem

2036 2171 2093 2227 in
2126 2171 2380 2225 universo
2426 2172 2628 2226 mundo
2667 2172 2804 2237 ﬁeri,
2844 2173 3109 2242 siquidem
3155 2176 3295 2229 inter
3330 2189 3389 2231 se
3426 2177 3602 2229 contio

2036 2278 2180 2317 nuus
2209 2271 2313 2324 est,
2352 2272 2407 2318 et
2445 2278 2512 2318 ex
2563 2265 2810 2334 partibus
2848 2274 3187 2335 compactus.
3219 2267 3389 2322 Porro
3435 2267 3481 2323 si
3522 2278 3601 2322 te-

2036 2353 2165 2406 nuia
2198 2353 2312 2408 hate
2344 2354 2729 2425 individuaque
2762 2357 3109 2425 corpuscula,
3142 2373 3263 2427 qua:
3286 2357 3340 2412 in
3372 2373 3497 2412 aere
3518 2358 3601 2426 jaa

2036 2454 2273 2509 ctantur,
2303 2445 2358 2499 in
2393 2453 2593 2500 terram
2634 2446 2919 2501 deﬂuunt:
2961 2455 3278 2518 certumque
3319 2458 3403 2503 est
3438 2450 3604 2503 aethe-

2035 2535 2175 2589 riam
2228 2536 2463 2606 speciem
2514 2552 2623 2591 non
2676 2538 2911 2607 discerpi
2963 2539 3020 2593 in
3065 2553 3127 2593 ea
3175 2554 3276 2604 nm
3322 2539 3601 2610 dissipari,

2036 2628 2256 2697 quando
2310 2627 2739 2685 confractionem
2784 2639 2945 2700 atque
2984 2630 3300 2685 effusionem
3333 2631 3601 2701 ejusmodi

2036 2733 2145 2772 non
2170 2720 2374 2787 patitur
2400 2721 2539 2791 ignis
2570 2729 2761 2775 natura
2787 2739 2800 2775 :
2833 2736 3066 2776 necesse
3091 2730 3171 2777 est
3207 2730 3266 2776 ut
3293 2724 3600 2788 credamus,

2038 2810 2320 2864 materiam
2358 2825 2481 2866 esse
2514 2811 2730 2866 illorum
2764 2828 3046 2883 vaporum,
3080 2829 3311 2883 quorum
3342 2814 3602 2887 digestio-

2038 2915 2161 2954 nem
2195 2908 2320 2956 ante
2352 2902 2859 2957 consideravimus:
2896 2903 2989 2973 qui
3020 2919 3145 2957 cum
3174 2904 3382 2958 humidi
3413 2904 3544 2969 sint,
3571 2920 3603 2959 a

2037 2988 2214 3041 calida
2251 2990 2603 3043 attrahuntur
2644 2999 2863 3055 natura,
2902 2992 3191 3063 exustique
3217 3007 3281 3047 ac
3312 3003 3601 3050 terrestres

2039 3077 2239 3141 eﬂ‘ecti,
2264 3094 2370 3133 non
2400 3082 2631 3148 amplius
2654 3081 2709 3135 in
2729 3096 2854 3137 aere
2873 3084 3240 3150 continentur,
3264 3083 3355 3139 sed
3382 3102 3601 3141 rursum

2043 3168 2100 3223 in
2131 3177 2333 3224 terram
2359 3180 2729 3226 revertuntur.
2752 3173 3215 3238 Quemadmodum
3241 3183 3420 3232 autem
3448 3178 3605 3231 cibus

2047 3259 2101 3314 in
2152 3260 2310 3315 nobis
2362 3276 2457 3330 per
2502 3263 2910 3318 concoctionem
2962 3264 3017 3317 in
3063 3272 3277 3319 tenuem
3313 3268 3602 3336 quamdam

2045 3354 2357 3422 qualitatem
2392 3355 2728 3417 immutatur,
2767 3364 2823 3412 et
2859 3358 3167 3427 cuicunque
3193 3360 3439 3429 corporis
3466 3362 3603 3430 parti

2045 3462 2141 3516 per
2172 3445 2528 3514 digestionem
2575 3448 2890 3511 accesserit,
2920 3463 3038 3503 eam
3068 3457 3250 3520 auget,
3287 3466 3516 3520 cumque
3549 3453 3603 3506 in

2043 3534 2293 3604 corporis
2322 3535 2715 3590 constitutione
2746 3537 2897 3589 varia
2931 3537 3003 3592 sit
3031 3539 3393 3594 membrorum
3422 3540 3474 3593 in
3506 3539 3608 3594 sic-

2043 3642 2111 3682 co
2139 3635 2193 3682 et
2221 3627 2468 3692 humido,
2502 3637 2555 3682 et
2583 3628 2761 3682 calido
2794 3636 2849 3683 et
2882 3626 3080 3698 frigido
3109 3630 3431 3697 differentia,
3471 3646 3606 3701 quo-

2043 3734 2259 3789 cunque
2313 3730 2612 3777 concoctus
2667 3723 3023 3791 digestusque
3078 3725 3414 3793 pervenerit,
3481 3726 3606 3783 talis

2042 3811 2243 3875 evadit,
2277 3812 2457 3883 qualis
2493 3820 2578 3868 est
2611 3827 2676 3868 ea
2716 3815 2965 3884 corporis
2991 3829 3116 3883 pars
3150 3830 3179 3867 a
3226 3831 3331 3885 qua
3375 3818 3606 3886 suscipi-

2043 3910 2154 3968 tur,
2182 3919 2304 3973 qua:
2338 3904 2557 3974 quidem
2598 3913 2900 3974 opportune
2938 3908 3255 3960 tenuitatem
3290 3908 3608 3977 digestionis

2045 3994 2476 4063 comprehendit.
2503 4010 2731 4064 eamque
2758 3994 2859 4048 sibi
2882 3995 3275 4057 accommodat,
3298 4005 3352 4050 et
3377 3997 3604 4051 similem

2045 4093 2109 4130 ac
2137 4079 2413 4148 propriam
2443 4080 2617 4134 reddit
2648 4099 2662 4135 :
2690 4080 2878 4135 eodem
2904 4090 3060 4150 pacto
3086 4083 3212 4137 licet
3247 4099 3353 4138 non
3402 4085 3605 4138 sentia-

2045 4177 2155 4232 tur,
2201 4171 2420 4225 assidua
2469 4180 2625 4226 terra
2664 4171 2720 4226 Iit
2777 4174 3018 4228 accessio
3065 4189 3160 4242 per
3196 4175 3474 4230 individua
3515 4175 3606 4231 illa

2046 4262 2391 4329 corpuscula.
2434 4260 2797 4326 Quamobrem
2838 4264 3097 4333 quidquid
3138 4265 3335 4319 alicubi
3369 4269 3609 4324 cohaese-

2047 4351 2136 4415 rit,
2177 4358 2230 4406 et
2259 4352 2544 4418 coaluerit,
2580 4353 2726 4408 illius
2761 4354 2929 4423 partis
2969 4370 2998 4406 a
3024 4369 3131 4423 qua
3162 4364 3471 4426 susceptum
3500 4368 3605 4420 est,

2050 4451 2300 4499 naturam
2334 4445 2503 4505 subit,
2536 4443 2701 4513 ﬁtque
2728 4445 2883 4517 gleba
2911 4445 2964 4499 in
3000 4446 3177 4515 gleba,
3217 4462 3382 4501 arena
3410 4448 3464 4502 in
3488 4464 3608 4502 are-

378 4527 713 4599 συμφυέντα,
740 4528 876 4598 ὅπερ
901 4527 968 4581 ἂν
989 4526 1110 4581 κατ’
1136 4525 1373 4600 οὐσίανῇ
1404 4527 1463 4579 τὸ
1483 4527 1783 4598 δεχόμενον,
1813 4527 1942 4597 πρὸς

2052 4550 2140 4601 na,
2180 4536 2317 4605 lapis
2364 4536 2419 4590 in
2472 4537 2669 4605 lapide,
2706 4544 2759 4590 et
2797 4536 2851 4589 in
2906 4536 3161 4592 universo
3189 4536 3525 4604 universum,
3553 4548 3608 4592 et

379 4620 599 4691 ἐκείνην
625 4619 889 4690 ἠλλοιώθη
931 4620 1030 4690 τὴν
1068 4619 1252 4689 φύσιν,
1294 4620 1387 4673 καὶ
1414 4620 1630 4687 ἐγένετο
1674 4619 1845 4690 βῶλος
1887 4621 1945 4671 ὲν

377 4711 561 4782 βώλῳ,
594 4712 687 4765 καὶ
715 4711 943 4781 ψάμμος
967 4711 1026 4765 ἐν
1041 4711 1272 4781 ψάμμῳ,
1298 4712 1393 4763 καὶ
1419 4710 1563 4774 λίθος
1586 4712 1642 4763 ἐν
1667 4710 1827 4781 λίθῳ,
1854 4712 1947 4763 καὶ

376 4805 437 4856 ἐν
464 4804 629 4856 παντὶ
650 4804 778 4866 πᾶν,
806 4803 998 4872 ὅτιπερ
1020 4803 1086 4856 ἂν
1107 4802 1243 4873 τύχῃ
1274 4802 1380 4854 τῶν
1413 4803 1777 4873 στερροτέρων
1797 4802 1948 4868 δεξά-

376 4911 563 4963 μενον,
603 4893 739 4964 πρὸς
763 4892 824 4945 τὸ
870 4892 1203 4964 ἐπικρατοῦν
1236 4891 1517 4962 μετετέθη.
1550 4893 1611 4944 Εἰ
1644 4892 1699 4944 δὲ
1740 4892 1945 4944 δυσπα-

376 4987 643 5058 ράδεκτον
679 4984 845 5038 οἴεταί
887 5002 970 5048 τις
1020 4983 1114 5037 τοῦ
1161 4982 1309 5036 λίθου
1355 4983 1453 5051 τὴν
1488 4982 1809 5036 ἀντιτυπίαν
1849 4982 1948 5050 τῆς

374 5077 635 5146 τοιαύτης
675 5077 1009 5147 προσθήκης,
1050 5074 1151 5128 κᾶν
1177 5077 1205 5128 ὁ
1232 5074 1387 5143 λόγος
1409 5074 1469 5126 τὸ
1493 5073 1780 5127 ἀκόλουθον
1811 5072 1908 5144 ἔχῃ
1929 5112 1945 5133 ,

374 5171 529 5239 ὅμως
560 5168 670 5237 ἐγὼ
696 5168 832 5238 πρὸς
861 5168 986 5229 τοὺς
1010 5167 1185 5221 ταῦτα
1216 5166 1544 5238 φρονοῦντας
1569 5206 1584 5229 ,
1609 5166 1760 5219 οὐδὲν
1796 5162 1947 5235 οἶμαι

373 5266 489 5317 δεῖν
514 5263 930 5333 ἀντιμάχεσθαι.
957 5263 1121 5316 Οὐδὲν
1143 5261 1251 5334 γὰρ
1277 5262 1386 5328 ἓξει
1410 5263 1472 5316 τὸ
1491 5261 1638 5323 εἰκὸς
1663 5263 1697 5332 ἡ
1727 5261 1945 5331 θεωρία,

371 5358 467 5410 διά
497 5356 830 5425 πνευμάτων
859 5354 965 5407 ἀπὸ
1007 5353 1102 5407 τοῦ
1128 5354 1200 5424 μὴ
1234 5353 1650 5424 περιδεχομένου
1670 5391 1685 5415 ,
1717 5353 1853 5423 πρὸς
1891 5352 1949 5404 τὸ

378 5445 763 5516 συμφυόμενον
789 5444 887 5512 τῆς
906 5444 1113 5498 ἀνωθεν
1132 5442 1227 5496 τοῦ
1246 5442 1480 5512 γεώδους
1499 5441 1757 5513 ἐπιρροῆς
1783 5458 1950 5511 μετα-

378 5536 708 5605 πιπτούσης.
728 5535 865 5588 Ἀλλ’
885 5537 1000 5606 ἐρεῖ
1014 5552 1096 5598 τις
1113 5534 1241 5599 ῐσως
1257 5534 1330 5604 μὴ
1348 5534 1482 5603 πρὸς
1498 5533 1587 5587 τὸν
1609 5532 1735 5586 ἴδιον
1751 5532 1950 5585 σκοπὸν

379 5629 601 5700 βλέπειν
619 5628 712 5682 τὸν
727 5627 883 5696 λόγον
908 5629 941 5699 ἡ
951 5627 1085 5699 μῶν,
1101 5625 1237 5681 ἀλλά
1252 5626 1545 5698 προθέσθαι
1563 5625 1662 5695 μὲν
1677 5623 1950 5687 ἀποδεῖξαι

375 5723 479 5793 τὴν
495 5717 668 5790 ὑγρὰν
692 5718 852 5788 φύσιν
869 5720 960 5772 ἐπὶ
975 5718 1067 5773 τοῦ
1084 5717 1145 5783 ἐξ
1168 5718 1339 5790 ἀρχῆς
1360 5717 1554 5789 μέτρου
1569 5716 1730 5789 μέχρι
1755 5716 1951 5779 παντὸς

373 5814 766 5884 διαμένουσαν,
798 5811 980 5866 λαθεῖν
1011 5812 1069 5865 δὲ
1102 5814 1165 5864 τὶρ
1191 5811 1428 5868 ἐναντίον
1460 5808 1948 5873 κατασκευάζοντα.

577 5906 845 5967 Parnm.
895 5905 1008 5967 Gn.
1050 5906 1257 5967 XLIV.

2045 4627 2406 4697 quodcunque
2445 4626 2608 4681 fuerit
2645 4626 2901 4689 solidum,
2934 4627 3064 4680 illud
3089 4643 3116 4679 a
3152 4641 3261 4696 quo
3286 4628 3606 4697 suscipitur,

2044 4718 2098 4770 in
2138 4716 2375 4783 ejusdem
2408 4725 2657 4771 naturam
2688 4724 3074 4772 commutatur.
3109 4716 3263 4781 Quod
3310 4718 3355 4771 si
3400 4721 3523 4787 quis
3553 4719 3607 4771 iu

2045 4806 2220 4875 lapide
2253 4814 2473 4876 propter
2505 4805 2762 4860 duritiam
2792 4815 2942 4877 putet
2972 4822 3094 4862 esse
3119 4805 3353 4873 diﬂicile,
3391 4808 3609 4877 licetAid

2046 4900 2221 4967 ipsum
2268 4899 2408 4952 ratio
2454 4899 2799 4968 persuadeat,
2845 4914 2945 4969 ego
2984 4907 3165 4953 tamen
3209 4914 3335 4952 cum
3376 4899 3468 4954 illo
3499 4866 3611 4953 n‘ou

2046 4988 2354 5043 decertabo.
2391 4986 2755 5041 Nihilominus
2786 4988 2929 5041 enim
2953 4986 3288 5049 conﬁcietur,
3318 4986 3461 5055 quod
3486 5000 3611 5053 pro-

2047 5078 2277 5147 positum
2306 5086 2408 5141 est,
2431 5093 2554 5131 cum
2578 5078 2853 5131 terrestris
2881 5076 3108 5130 materia
3131 5077 3387 5131 deorsum
3413 5074 3606 5139 ﬂuens,

2047 5184 2077 5221 a
2108 5168 2352 5237 partibus
2381 5184 2499 5223 eam
2540 5184 2647 5222 non
2689 5166 3113 5237 suscipientibus
3146 5166 3213 5220 ad
3244 5167 3610 5235 suscipientes

2048 5278 2077 5315 a
2104 5261 2278 5316 ventis
2304 5259 2685 5315 transferatur.
2713 5260 2780 5313 At
2809 5259 3007 5328 aliquis
3028 5257 3172 5313 dicet
3206 5256 3461 5318 fortasse,
3493 5270 3611 5308 ora-

2048 5353 2247 5407 tionem
2273 5362 2512 5405 nostram
2541 5366 2650 5405 non
2684 5366 2749 5405 eo
2784 5350 3027 5413 tendere,
3050 5364 3159 5419 quo
3181 5347 3563 5418 proposuimus
3592 5364 3606 5399 :

2048 5445 2205 5500 nobis
2252 5444 2395 5500 enim
2444 5444 2615 5500 fuisse
2672 5443 3039 5513 propositum,
3101 5450 3159 5497 ut
3198 5438 3610 5496 ostenderemus

2049 5554 2244 5608 aquam
2275 5553 2490 5607 semper
2522 5538 2575 5590 in
2598 5550 2660 5590 ea
2686 5550 2962 5599 mensura,
2990 5551 3151 5605 quam
3172 5534 3327 5588 initio
3349 5532 3608 5595 obtinuit,

2052 5642 2405 5696 permanere;
2442 5624 2813 5695 imprudenter
2837 5634 3019 5681 autem
3036 5626 3180 5680 illuc
3204 5638 3328 5680 esse
3359 5638 3611 5693 progres-

2052 5732 2163 5779 sos,
2207 5718 2620 5771 utcontrarium
2658 5716 3145 5772 conﬁrmaremus:
3187 5716 3302 5771 sive
3344 5715 3488 5770 enim
3526 5715 3613 5769 di-

2053 5807 2185 5877 gesti
2214 5821 2441 5876 rapores
2482 5806 2534 5860 in
2580 5807 2699 5876 igne
2729 5807 3073 5875 consideant,
3111 5806 3227 5863 sive
3275 5812 3615 5862 revertantur

3280 5898 3316 5957 ἢ
