4110 6486
531 377 633 431 ιοῖ
1767 384 1822 437 s.
1865 380 2189 438 caecos"
2217 365 2502 437 ms‘ssm
3683 387 3791 444 tos

531 496 597 555 in
627 509 824 556 terram
855 519 866 553 :
907 509 1133 570 utraque
1179 516 1235 554 re
1270 501 1683 558 diminutionem
1714 517 1868 572 aqua:
1906 502 2098 572 pariter

2210 499 2331 554 Εἴτε
2358 501 2464 573 γὰρ
2490 503 2546 554 ἐν
2573 499 2652 572 τῷ
2685 500 2818 572 πυρὶ
2844 498 2904 553 τὸ
2935 499 3316 571 ἀναδιδόμενον
3348 501 3517 572 μένοι,
3547 501 3656 554 εἴτε
3690 503 3787 558 καὶ

541 593 716 662 sequi,
747 608 919 662 eoque
948 594 1065 660 ipso
1107 592 1320 660 copiam
1364 607 1628 663 aquarum
1676 591 1912 657 ostendi,
1961 591 2108 663 quod

541 685 766 738 omnino
821 699 1033 752 semper
1078 684 1457 737 absumantur.
1507 683 1890 740 Necessarium
1941 685 2108 754 igitur

540 777 666 838 erit,
699 785 756 828 ut
788 790 965 828 rerum
991 782 1241 828 naturam
1285 775 1481 830 iterum
1522 775 1952 838 consideremus,
1996 788 2108 845 quo

541 865 840 933 disputatio
879 871 1066 916 nostra
1098 863 1302 918 rectius
1346 879 1442 933 per
1473 864 1644 918 iusam
1681 863 1748 918 ad
1785 865 1946 919 linem
1977 879 2105 934 pro-

543 956 774 1024 positum
807 955 1162 1023 perducatur.

609 1229 869 1297 Quaenam
904 1231 1070 1299 igitur
1095 1236 1182 1284 est
1226 1244 1409 1284 rerum
1448 1230 1681 1283 natura?
1714 1227 1854 1285 Nihil
1895 1244 2104 1297 eorum,

540 1337 663 1390 qua:
707 1328 1008 1374 cernuntur
1061 1321 1252 1375 ordine
1304 1330 1502 1374 terram
1555 1319 1783 1382 ambire,
1825 1329 2105 1382 constans,

541 1415 778 1478 ﬁrmum,
819 1422 872 1468 et
919 1412 1259 1467 immutabile
1307 1411 1668 1467 constitutum
1714 1419 1798 1466 est
1846 1426 1875 1465 a
1925 1426 2106 1466 rerum

541 1506 781 1560 omnium
812 1505 1004 1575 opiﬁce
1053 1502 1204 1558 Deo:
1247 1503 1344 1558 sed
1379 1503 1560 1557 omnia
1596 1505 1738 1556 inter
1769 1518 1827 1558 se
1863 1502 2108 1557 vicissim

542 1607 963 1653 commutantur.
994 1598 1138 1651 Inest
1164 1595 1308 1650 enim
1340 1593 1585 1665 quzedam
1611 1597 1716 1658 vis.
1744 1595 1902 1664 cujus
1925 1609 2112 1664 perpe-

541 1697 637 1744 tuo
665 1687 902 1758 quodam
942 1687 998 1741 in
1029 1685 1218 1740 orbem
1255 1693 1405 1738 motu
1453 1691 1653 1738 cuncta
1699 1684 1812 1738 haec
1849 1684 2108 1738 inferiora

544 1781 1010 1847 circumaguntur,
1054 1783 1106 1831 et
1139 1782 1540 1845 permutantur,
1573 1791 1898 1844 rursumque
1935 1775 1990 1829 in
2024 1790 2107 1830 se-

2216 592 2477 663 ξηρανθὲν
2494 592 2654 645 πάλιν
2669 593 2760 646 ἐπὶ
2775 593 2872 662 τὴν
2895 593 2996 664 γῆν
3021 592 3392 662 ἐπανέρχοιτο,
3411 594 3499 662 ίση
3523 593 3644 648 καθ’
3659 594 3788 648 ἐκά-

2211 687 2422 757 τερονή
2462 684 2554 737 τοῦ
2578 683 2767 748 ὓδατος
2791 685 3085 747 ἐλάττωσις
3117 683 3298 736 ἔσται’
3335 685 3430 737 καὶ
3453 685 3602 738 οὐδὲν
3623 682 3789 759 ἦττον

2211 775 2300 828 διά
2320 776 2418 845 τῆς
2437 773 2784 845 κατασκευῆς
2811 774 3011 845 ταύτης
3037 774 3309 842 ἀναγκαία
3328 773 3599 853 δείκνυται
3631 777 3664 847 ἠ
3692 775 3790 830 τοῦ

2213 866 2380 937 ὑγροῦ
2420 867 2724 936 περιουσία,
2766 866 2854 920 διὰ
2888 866 2949 920 τὸ
2983 866 3198 930 πάντως
3230 866 3401 918 εἰσαεὶ
3422 866 3787 921 δαπανᾶσθαι.

2213 957 2420 1010 υύκοῦν
2442 958 2732 1026 ἀναγκαῖον
2747 957 2812 1012 ἂν
2832 956 2915 1027 εἴη
2947 957 3083 1029 πρὸς
3107 957 3198 1011 τὸν
3223 957 3378 1027 λόγον
3392 956 3599 1022 τοῦτον,
3623 961 3786 1015 πάλιν

2212 1048 2311 1118 τὴν
2334 1048 2494 1118 φύσιν
2513 1048 2621 1102 τῶν
2645 1048 2812 1103 ὄντων
2837 1049 3272 1119 κατανοῆσαι,ὼς
3295 1049 3360 1104 ἂν
3379 1050 3446 1103 δι’
3460 1051 3632 1122 αὐτῆς
3651 1054 3788 1123 ἡμῖν

2213 1141 2496 1210 εὐοδωθείη
2523 1140 2658 1212 πρὸς
2690 1141 2780 1194 τὸν
2802 1141 3156 1214 προκείμενον
3186 1141 3386 1194 σκοπὸν
3413 1142 3472 1195 τὸ
3500 1142 3784 1214 θεώρημα.

2284 1231 2380 1295 Τίς
2427 1227 2518 1285 οὖν
2555 1233 2588 1302 ή
2625 1231 2818 1301 φύσις;
2875 1231 3038 1284 Οὐδὲν
3075 1231 3182 1284 τῶν
3237 1232 3590 1303 στοιχειωδῶς
3627 1236 3686 1288 ἐν
3713 1238 3785 1307 τῇ

2215 1319 2470 1373 συστάσει
2520 1319 2614 1373 τοῦ
2648 1320 2925 1392 περιγείου
2957 1321 3158 1391 κόσμου
3191 1321 3578 1394 θεωρουμένων
3625 1326 3786 1398 ἀτρε-

2215 1413 2347 1465 πτόν
2400 1428 2459 1464 τε
2519 1412 2610 1464 καὶ
2665 1411 3021 1466 ἀναλλοίωτον
3075 1413 3227 1486 παρά
3282 1413 3377 1467 τοῦ
3439 1416 3786 1487 Δημιουργοῦ

2214 1505 2318 1558 τῶν
2380 1505 2515 1558 ὅλων
2580 1505 2916 1576 πεποίηται·
2981 1504 3118 1558 ἀλλά
3186 1505 3364 1560 πάντα
3421 1507 3478 1560 ἐν
3537 1507 3787 1578 ἀλλήλοις

2213 1595 2358 1656 ἐστὶ,
2399 1595 2493 1648 καὶ
2552 1595 2618 1649 δι’
2657 1595 2898 1666 ἀλλήλων
2955 1596 3360 1667 διακρατεῖται,
3394 1599 3495 1669 τῆς
3546 1599 3789 1670 τρεπτῆς

2213 1687 2491 1758 δυνάμεως
2548 1688 2636 1743 διά
2691 1706 2836 1752 τινος
2899 1689 3186 1757 ἐγκυκλίου
3245 1692 3546 1760 περιφορᾶς
3605 1678 3790 1746 πάντα

2215 1782 2295 1842 είς
2359 1780 2564 1850 ἄλληλα
2617 1779 2687 1833 τὰ
2746 1780 2920 1851 γεώδη
2983 1779 3420 1851 μεταϐαλλούσης
3447 1823 3461 1847 ,
3533 1781 3621 1834 κα⁸
3685 1781 3786 1836 ἀπ’

543 1869 775 1938 metipsa
804 1867 1161 1922 reducuntur.
1188 1863 1319 1930 Qua:
1345 1864 1564 1934 quidem
1597 1865 1948 1919 commutatio
1977 1878 2098 1918 cum

2205 1870 2446 1942 ἀλλήλων
2497 1873 2576 1933 εἰς
2631 1871 2799 1924 ἐαυτά
2846 1871 3006 1924 πάλιν
3041 1871 3449 1943 ἐπαναγούσης·
3503 1873 3669 1944 αὐτῆς
3723 1874 3784 1926 δέ

543 1961 655 2016 Iieri
688 1973 966 2030 nunquam
998 1964 1200 2020 cesset,
1237 1971 1466 2012 necesse
1496 1965 1602 2019 est,
1641 1957 1696 2010 in
1724 1957 1829 2010 alia
1864 1955 2106 2010 vicissim

537 2051 720 2105 omnia
751 2049 1008 2112 transire,
1047 2058 1103 2103 et
1141 2065 1237 2119 per
1275 2051 1463 2104 eadem
1502 2050 1700 2102 iterum
1751 2047 1974 2118 vestigia
2022 2062 2108 2102 re-

539 2157 740 2198 meare.
768 2140 912 2196 Nihil
950 2141 1096 2196 enim
1131 2143 1324 2195 horum
1360 2157 1390 2194 a
1429 2157 1488 2196 se
1519 2141 1638 2210 ipso
1665 2146 2106 2204 conservaretur,

539 2233 648 2288 nisi
673 2247 796 2286 cum
831 2233 1004 2286 altero
1036 2247 1232 2301 genere
1274 2232 1622 2286 commistum
1668 2237 1917 2284 naturam
1954 2245 2109 2284 suam

539 2325 832 2378 obtineret.
866 2321 1176 2388 Quomodo,
1212 2323 1451 2392 inquies,
1488 2322 1580 2376 illa
1619 2319 1986 2374 commutandi
2028 2321 2108 2375 vis

540 2433 636 2488 per
663 2423 900 2486 quatuor
950 2415 1223 2471 elementa
1261 2415 1318 2468 in
1357 2415 1545 2469 orbem
1581 2413 1883 2468 commeat?
1926 2410 2111 2483 Neque

537 2511 682 2566 enim
712 2508 966 2579 quaelibet
999 2523 1063 2563 ex
1095 2507 1427 2576 quibuslibet
1458 2505 1700 2561 vicissim
1737 2505 1892 2570 ﬁunt,
1935 2521 2110 2575 neque

537 2599 988 2656 commutationis
1020 2599 1262 2653 circulus
1293 2613 1389 2667 per
1426 2611 1516 2654 res
1555 2596 1800 2667 singulas
1831 2596 2113 2666 aequaliter

536 2702 764 2763 vagatur
796 2711 810 2746 :
848 2691 943 2747 sed
990 2706 1132 2761 aqua
1171 2688 1392 2759 quidem
1434 2704 1532 2759 per
1566 2703 1794 2758 vapores
1832 2688 1887 2742 in
1928 2702 2108 2742 aerem

536 2783 869 2847 refunditur,
900 2797 1132 2849 vapores
1161 2789 1348 2836 autem
1395 2781 1595 2852 pabulo
1637 2778 1868 2836 ﬂammae
1902 2779 2110 2835 submi-

533 2877 766 2932 nistrato
801 2883 1090 2930 terrestres
1139 2874 1298 2938 ﬁunt,
1330 2873 1385 2926 in
1429 2872 1666 2926 cinerem
1698 2869 2109 2940 'quodammodo

535 2969 762 3031 redacti,
807 2975 1162 3036 posteaquam
1212 2980 1336 3019 cum
1389 2967 1514 3034 igne
1566 2964 1766 3018 versati
1808 2971 1955 3020 sunt.
2010 2963 2108 3019 His

540 3073 665 3113 vero
696 3057 966 3127 susceptis
995 3065 1137 3112 terra
1182 3055 1506 3110 mutationis
1542 3055 1595 3108 in
1636 3070 1696 3109 se
1721 3055 1984 3108 circulum
2029 3054 2102 3108 si-

532 3147 647 3202 stit.
676 3145 862 3217 Neque
888 3147 1034 3202 enim
1068 3161 1223 3216 aqua:
1270 3155 1465 3200 natura
1493 3161 1686 3200 rursus
1720 3154 1898 3198 ortum
1938 3145 2100 3200 habet

531 3256 562 3294 e
595 3249 759 3294 terra.
797 3238 916 3305 Qua
957 3239 1177 3310 quidem
1218 3240 1430 3294 ratione
1477 3237 1808 3306 relinquitur
1850 3238 2102 3293 conside-

534 3330 784 3396 randum,
815 3339 994 3385 utrum
1025 3340 1169 3384 terra
1197 3331 1250 3384 in
1290 3345 1444 3400 aqua:
1466 3337 1718 3383 naturam
1743 3330 1938 3382 mutari
1970 3345 2096 3398 pos-

533 3427 627 3479 sit.
665 3423 821 3489 Quod
852 3423 982 3478 dum
1023 3423 1439 3491 investigamus,
1472 3436 1634 3478 nemo
1661 3422 1961 3476 orationem
1996 3437 2098 3476 no-

534 3525 704 3572 stram
741 3524 801 3570 ut
836 3515 1136 3585 longiorem
1189 3523 1428 3570 accuset.
1464 3512 1726 3568 Videmus
1753 3529 1814 3569 ea
1853 3529 1974 3584 quae
2002 3528 2099 3567 na-

535 3616 657 3661 tura
690 3616 818 3662 sunt
859 3607 1028 3671 sicca,
1076 3614 1272 3676 sponte
1304 3620 1404 3660 sua
1444 3605 1682 3660 naturali
1710 3605 1941 3675 quadam
1973 3620 2100 3675 pro-

532 3697 762 3766 prietate
797 3695 1098 3751 madeﬁeri.
1137 3695 1204 3751 Ut
1241 3697 1294 3750 in
1327 3696 1440 3751 sale
1489 3697 1617 3752 licet
1654 3697 1876 3762 intueri,
1905 3698 2099 3753 metal-

534 3794 624 3856 lis,
669 3803 722 3847 et
763 3795 818 3847 in
857 3793 925 3847 iis
963 3808 1084 3862 quae
1126 3807 1194 3846 ex
1233 3791 1462 3847 humore
1506 3792 1692 3862 aliquo
1723 3792 2098 3862 conglaciante

528 3885 865 3939 consistunt.
902 3882 1104 3938 Horum
1135 3898 1259 3936 cum
1293 3883 1513 3938 siccitas
1544 3882 1763 3952 propria
1792 3881 1883 3948 sit,
1917 3891 2096 3936 tamen

531 3974 576 4027 si
605 3974 826 4043 quidam
857 3988 922 4029 ex
953 3972 1088 4042 ipsis
1113 3970 1296 4041 liquor
1324 3970 1643 4033 descendat,
1689 3967 1908 4022 humida
1939 3967 2094 4032 ﬁunt,

531 4063 943 4131 siccitatemquc
988 4076 1142 4115 suam
1184 4060 1239 4113 in
1285 4059 1558 4114 humidam
1603 4058 1920 4129 qualitatem
1965 4072 2098 4112 con-

532 4162 768 4209 vertunt.
811 4153 956 4205 Talis
999 4153 1161 4207 etiam
1203 4153 1445 4206 cernitur
1487 4151 1663 4206 mellis
1699 4149 2094 4219 natura,.quod

531 4246 712 4299 calore
733 4245 1087 4306 exsiccatum,
1117 4258 1334 4297 rursum
1357 4257 1489 4298 casu
1517 4243 1701 4310 aliquo
1727 4241 1782 4295 in
1808 4241 2092 4296 humorem

527 4334 838 4390 resolvitur.
887 4331 992 4386 Sed
1032 4333 1146 4386 haec
1183 4333 1550 4388 omittantur:
1592 4340 1811 4402 praestat
1847 4335 1994 4389 enim
2027 4349 2093 4389 ex

2206 1961 2306 2032 τῆς
2388 1961 2727 2026 ἀλλοιώσεως
2805 1962 3100 2025 ἀπαύστως
3173 1964 3230 2017 ἐν
3311 1967 3422 2028 τοῖς
3502 1965 3786 2036 στοιχείοις

2207 2052 2628 2123 ἐνεργουμένης,
2693 2053 2904 2123 ἀνάγκη
2973 2054 3151 2108 πάντα
3217 2056 3297 2118 εἰς
3360 2056 3563 2127 ἄλληλα
3619 2074 3785 2128 μετα-

2209 2140 2445 2204 ϐαίνειν,
2497 2139 2823 2213 ἐξιστάμενά
2883 2160 2940 2195 τε
2997 2144 3090 2196 ἀπ’
3145 2143 3423 2215 ἀλλήλων,
3477 2147 3568 2198 καὶ
3619 2146 3784 2200 πάλιν

2209 2233 2351 2286 κατά
2391 2232 2452 2286 τὸ
2485 2227 2602 2287 ἴσον
2651 2233 2901 2303 ἀλλήλοις
2933 2234 3350 2306 ἐπεμϐαίνοντα.
3381 2238 3456 2290 Οὐ
3492 2238 3599 2310 γὰρ
3630 2240 3696 2294 ἀν
3724 2257 3780 2292 τι

2207 2323 2412 2378 τούτων
2441 2324 2739 2395 φυλαχθείη
2781 2326 2864 2394 ἐφ’
2899 2325 3115 2390 ἑαυτοῦ,
3148 2329 3196 2380 εἰ
3240 2327 3372 2398 μὴή
3411 2329 3544 2400 πρὸς
3584 2330 3644 2382 τὺ
3671 2331 3782 2383 ἐτε-

2213 2415 2430 2486 ρογενές
2451 2414 2705 2485 ἐπιμιξία
2735 2415 3052 2487 διακρατοίη
3085 2417 3184 2488 τὴν
3215 2417 3397 2486 φύσιν.
3436 2419 3559 2484 Πῶς
3582 2414 3676 2474 οὖν
3703 2419 3783 2472 εί-

2211 2524 2303 2560 ποι
2330 2523 2414 2570 τις
2443 2505 2543 2570 ἂν,
2579 2505 2666 2558 διὰ
2703 2505 2813 2559 τῶν
2851 2506 3131 2578 τεσσάρων
3165 2508 3264 2578 τὴν
3295 2509 3696 2580 μεταϐλητικήν
3718 2527 3779 2563 τε

2210 2598 2306 2650 καὶ
2338 2597 2691 2668 ἀλλοιωτικὴν
2718 2597 2976 2667 δύναμιν,
3009 2599 3339 2670 περιοδεύειν
3370 2599 3777 2668 κυκλεύουσαν;

2211 2692 2286 2745 Οὐ
2309 2690 2416 2761 γὰρ
2445 2691 2620 2744 πάντα
2657 2690 2724 2743 δι’
2753 2690 2999 2760 ἀλλήλων
3038 2692 3284 2760 γίνεται,
3317 2693 3437 2746 οὐδὲ
3469 2693 3536 2747 δι’
3572 2693 3777 2763 ὁμαλοῦ

2209 2785 2239 2836 ὁ
2275 2783 2372 2852 τῆς
2426 2781 2761 2844 ἀλλοιώσεως
2809 2782 3006 2844 κύκλος
3031 2822 3046 2847 ,
3081 2783 3147 2836 δι’
3196 2784 3426 2837 ἑκάστου
3457 2783 3566 2838 τῶν
3605 2784 3776 2838 ὄντων

2211 2875 2543 2944 περιχωρεῖ,
2581 2873 2717 2926 ἀλλὰ
2748 2873 2808 2925 τὸ
2841 2873 2937 2944 μὲν
2975 2872 3116 2944 ὕδωρ
3163 2875 3301 2942 πρὸς
3354 2874 3446 2928 τὸν
3491 2876 3630 2947 ἀέρα
3673 2875 3764 2929 διὰ

2209 2961 2317 3015 τῶν
2368 2961 2558 3032 ἀτμῶν
2609 2963 2878 3033 ἀνεχέθη,
2925 2965 2972 3016 οί
3004 2964 3059 3018 δὲ
3098 2965 3260 3034 ἀτμοὶ
3289 2965 3386 3037 τὴν
3429 2967 3603 3036 φλόγα
3652 2968 3776 3040 θρι-

2207 3052 2407 3124 ψαντες
2453 3053 2612 3106 πάλιν
2656 3053 3071 3126 ἀπεγεώθησαν,
3115 3052 3227 3110 οἶόν
3279 3075 3361 3121 τις
3408 3059 3602 3113 σποδιὰ
3633 3059 3773 3130 μετά

2201 3142 2262 3195 τὸ
2289 3141 2365 3212 τῷ
2403 3143 2534 3212 πυρὶ
2568 3141 2928 3213 καθομιλῆσαι
2956 3143 3238 3215 γενόμενοι
3266 3162 3279 3176 ·
3321 3147 3354 3217 ή
3385 3145 3442 3199 δέ
3481 3147 3554 3216 γῆ
3604 3147 3775 3201 ταῦτα

2204 3231 2473 3303 δεξαμένη
2520 3232 2745 3302 ἔστησεν
2793 3234 2851 3284 ἐν
2920 3234 3087 3304 ἑαυτῇ
3145 3233 3235 3286 τὸν
3282 3234 3382 3305 τῆς
3438 3235 3778 3302 ἀλλοιώσεως

2200 3326 2417 3397 δρόμον.
2485 3324 2652 3379 Οὔπω
2706 3325 2815 3395 γάρ
2874 3325 3198 3397 ἐξήτασται,
3258 3328 3304 3380 εἰ
3351 3329 3385 3398 ἡ
3430 3327 3524 3380 τοῦ
3581 3329 3775 3393 ὓδατος

2201 3418 2363 3488 φύσις
2406 3418 2470 3470 ἐκ
2509 3417 2612 3487 γῆς
2669 3417 2902 3489 ἐχειτὴν
2949 3418 3182 3486 γένεσιν.
3235 3419 3442 3472 Οὐκοῦν
3486 3420 3660 3491 τούτῳ
3694 3421 3775 3492 τῷ

2202 3509 2478 3579 σκέμματι
2523 3509 2804 3572 λείπεται,
2840 3510 2890 3561 εἰ
2934 3508 3158 3563 δυνατόν
3219 3513 3337 3563 ἐστι
3367 3510 3465 3581 τὴν
3531 3514 3633 3582 γῆν
3691 3514 3773 3578 είς

2199 3599 2390 3664 ὕδατος
2451 3601 2784 3671 μεταστῆναι
2824 3601 3004 3670 φύσιν.
3051 3601 3275 3666 Πάντως
3316 3602 3372 3656 δὲ
3427 3603 3600 3667 οὐδεὶς
3639 3607 3775 3676 ἡμῖν

2199 3691 2514 3763 ἀδολεσχίαν
2545 3691 2920 3761 ἐπεγκαλέσει,
2955 3692 3022 3745 δι’
3052 3686 3126 3745 ὧν
3157 3691 3223 3746 ἂν
3270 3687 3338 3764 ἦν
3382 3693 3602 3748 δυνατὸν
3637 3697 3771 3749 ἀνα-

2199 3782 2420 3854 ζητοῦσι
2452 3784 2512 3836 τὸ
2562 3785 2620 3835 ἐν
2653 3785 2768 3846 τοῖς
2810 3784 3122 3854 εἰρημένοις
3165 3783 3476 3837 ἀκόλουθον.
3525 3786 3772 3856 Ὀρῶμεν

2197 3875 2372 3929 τοίνυν
2400 3874 2568 3928 πολλὰ
2593 3875 2701 3928 τῶν
2741 3872 2938 3945 ξηρῶν,
2967 3874 3286 3945 αὐτομάτως
3330 3874 3393 3928 ἐκ
3417 3893 3562 3942 τινος
3611 3896 3771 3946 φυσι-

2198 3965 2302 4036 κῆς
2377 3967 2637 4036 ἰδιότητος
2689 3966 3054 4038 ὑγραινόμενα
3076 4008 3092 4033 ,
3157 3961 3268 4019 οἷον
3321 3968 3412 4020 ἐπί⁵
3467 3969 3577 4022 τῶν
3623 3971 3770 4025 ἀλῶν

2197 4059 2342 4112 ἐστιν
2389 4057 2537 4121 ἰδεῖν,
2586 4057 2696 4110 τῶν
2744 4074 2803 4110 τε
2860 4057 3353 4129 μεταλλευομένων,
3407 4060 3499 4114 καὶ
3543 4060 3655 4115 τῶν
3702 4062 3770 4115 ἐκ

2194 4166 2338 4212 τινος
2371 4149 2539 4220 ὑγροῦ
2573 4147 3054 4219 καταφρυγομένου
3102 4151 3532 4220 συνισταμένων,
3563 4145 3638 4205 ὧν
3673 4151 3769 4223 ξη-

2199 4241 2359 4313 ρότης
2389 4241 2488 4311 μέν
2512 4241 2627 4294 ἐστι
2653 4240 2714 4294 τὸ
2735 4239 2945 4310 ἰδίωμα,
2973 4242 3021 4293 εἰ
3050 4240 3106 4294 δέ
3136 4258 3220 4304 τις
3251 4241 3430 4295 αὐτῶν
3457 4243 3606 4296 νοτία
3633 4244 3768 4298 καθ-

2199 4334 2384 4398 ίκοιτο,
2419 4332 2666 4404 ἰκμαλέοι
2690 4331 2947 4401 γίνονται,
2986 4331 3080 4385 καὶ
3111 4331 3244 4403 πρὸς
3272 4332 3368 4403 τὴν
3406 4335 3578 4404 ὑγρὰν
3613 4337 3766 4389 ποιό-

527 4425 799 4496 principio
845 4425 1028 4494 aliquo
1069 4427 1382 4479 necessario
1424 4424 1814 4495 disputationis
1845 4425 2090 4481 ordinem

2202 4441 2332 4496 τητα
2398 4424 2460 4478 τὸ
2523 4425 2580 4479 ἐν
2646 4423 2794 4493 σφίσι
2846 4423 3007 4495 ξηρὸν
3070 4423 3510 4494 μεταϐάλλουσιν.
3577 4427 3766 4492 Οὕτως

524 4532 936 4586 persequamur.
991 4515 1490 4572 Animadvertimus
1537 4531 1644 4571 non
1679 4531 1787 4572 una
1829 4518 2089 4587 qualitate

524 4609 788 4674 elementa
822 4607 1034 4676 singula
1063 4608 1345 4668 constitui.
1377 4619 1429 4663 et
1451 4609 1518 4662 ab
1545 4607 1668 4662 aliis
1690 4609 1975 4664 elementis
2002 4623 2087 4664 ses

525 4700 726 4769 parari,
768 4699 860 4754 sed
894 4699 1058 4754 variis
1101 4700 1455 4768 qualitatibus
1496 4700 1902 4770 comprehendi,
1950 4714 2086 4769 qua-

522 4807 643 4876 rupi
668 4792 786 4845 alia:
815 4795 956 4846 inter
983 4807 1040 4846 se
1062 4799 1322 4862 pugnant,
1360 4791 1478 4845 aliae
1502 4791 1664 4846 simul
1698 4791 2083 4861 inspiciuntur,

520 4891 576 4937 et
605 4881 971 4952 pugnantibus
1014 4883 1154 4936 inter
1202 4897 1262 4936 se
1307 4881 1513 4950 pariter
1553 4881 1828 4936 cohaerent
1853 4890 1907 4937 et
1951 4895 2088 4950 qua-

521 4975 703 5029 drant.
756 4973 826 5028 Ut
873 4974 928 5027 in
973 4981 1118 5028 terra
1161 4981 1215 5027 et
1253 4987 1392 5043 aqua
1435 4973 1652 5028 siccitas
1689 4981 1744 5028 et
1786 4972 2084 5027 humiditas

520 5064 778 5133 conjungi
806 5071 1112 5132 nequeunt;
1153 5063 1345 5117 horum
1378 5071 1559 5118 tamen
1587 5063 1803 5133 utrique
1829 5077 1894 5118 ex
1929 5077 2085 5132 aequo

521 5156 790 5226 frigiditas
838 5156 1000 5218 inest,
1047 5171 1153 5223 qua
1197 5162 1500 5225 pugnantes
1540 5153 1940 5224 quodammodo
1985 5153 2083 5208 de-

519 5249 855 5302 vinciuntur.
895 5247 1051 5316 Aqua
1086 5247 1213 5301 item
1247 5255 1300 5302 et
1338 5261 1432 5300 aer
1459 5247 1722 5316 gravitate
1758 5245 2083 5314 levitateque

519 5346 870 5410 separantur,
913 5328 1008 5392 sed
1065 5338 1119 5391 in
1159 5337 1244 5392 his
1289 5351 1506 5406 quoque
1555 5335 1826 5406 frigiditas
1865 5335 2082 5404 utrique

518 5430 866 5492 conveniens,
893 5435 954 5482 ut
984 5428 1217 5482 medium
1258 5426 1529 5498 quoddam
1554 5425 1832 5481 vinculum
1867 5437 2083 5496 specta-

516 5530 622 5578 tur.
673 5522 950 5591 Discrepat
987 5536 1080 5576 aer
1119 5521 1188 5574 ab
1219 5521 1342 5592 igne
1380 5535 1444 5576 ea
1472 5535 1593 5590 quae
1623 5530 1708 5575 est
1739 5520 1882 5574 inter
1929 5519 2083 5590 frigi-

518 5614 647 5668 dum
697 5621 753 5668 et
781 5613 1017 5667 calidum
1062 5611 1390 5677 diﬂerentia,
1422 5611 1519 5667 sed
1568 5610 1788 5666 levitate
1839 5610 1981 5665 inter
2021 5625 2082 5666 se

516 5704 877 5759 conciliantur
905 5713 1066 5773 atque
1093 5703 1446 5759 conveniunt.
1476 5700 1620 5774 Ignis
1642 5701 1876 5771 denique
1906 5715 1937 5754 a
1968 5710 2081 5757 ter-

516 5811 577 5852 ra
605 5795 817 5850 levitate
845 5794 1170 5866 seiungitur,
1215 5795 1312 5852 sed
1359 5795 1628 5853 siccitatis
1671 5794 2078 5853 necessitudine

2196 4515 2366 4584 ἔγνων
2397 4513 2490 4568 καὶ
2529 4515 2626 4584 τὴν
2659 4513 2752 4567 τοῦ
2784 4514 2999 4584 μέλιτος
3028 4513 3188 4583 φύσιν
3216 4514 3388 4585 ξηρὰν
3418 4517 3615 4587 τρόπον
3641 4519 3765 4573 τινὰ

2193 4606 2280 4659 διὰ
2312 4605 2412 4676 τῆς
2440 4606 2718 4677 όπτήσεως
2743 4606 3053 4677 γινομένην,
3087 4604 3180 4658 καὶ
3214 4604 3376 4659 πάλιν
3405 4608 3468 4659 ἐκ
3499 4608 3763 4678 περιστά-

2196 4697 2332 4760 σεὼς
2361 4713 2502 4760 τινος
2525 4699 2604 4760 εἰς
2631 4697 2692 4750 τὸ
2715 4697 2877 4767 ὑγρὸν
2906 4697 3259 4751 ἀναλύουσαν.
3293 4697 3452 4750 Ἀλλά
3481 4700 3764 4770 παρείσθω

2191 4790 2385 4844 ταῦτα·
2411 4793 2656 4861 κρεῖττον
2677 4789 2784 4862 γὰρ
2809 4789 2865 4856 ἐξ
2893 4788 3066 4860 ἀρχῆς
3091 4804 3234 4853 τινος
3261 4789 3564 4858 ἀναγκαίας
3579 4791 3762 4848 δοῦναι

2191 4884 2290 4954 τὴν
2325 4882 2642 4936 ἀκολουθίαν
2670 4881 2747 4952 τῷ
2779 4882 3113 4954 θεωρήματι.
3149 4884 3223 4936 Οὐ
3260 4883 3387 4953 μίαν
3420 4884 3762 4956 γινώσκομεν

2191 4976 2274 5044 ἐφ’
2334 4976 2562 5028 ἑκάστου
2610 4975 2716 5028 τῶν
2754 4975 3032 5045 στοιχείων
3081 4977 3359 5047 ποιότητα,
3412 4976 3476 5029 δι’
3521 4972 3588 5048 ἦς
3623 4995 3762 5049 συμ-

2191 5067 2490 5138 πληροῦται
2534 5068 2592 5120 τὸ
2633 5067 3004 5137 ὑποκείμενον,
3042 5068 3135 5120 κα)⁴
3168 5067 3262 5120 τοῦ
3297 5068 3759 5138 ἀπιποιχοῦντος

2190 5156 2610 5227 ἀποχωρίζεται,
2651 5155 2766 5208 ἀλλ’
2811 5159 2868 5209 ὲν
2900 5156 3175 5226 διαφόροις
3211 5157 3440 5209 ἕκαστον
3473 5157 3756 5228 καταλαμ-

2190 5246 2407 5300 ϐἁνεται
2459 5250 2580 5310 ταῖς
2635 5247 2932 5316 ποιότησιν,
2990 5239 3066 5300 ὧν
3114 5247 3171 5299 αἱ
3237 5247 3334 5315 μὲν
3383 5249 3758 5319 ἀκοινωνήτως

2188 5335 2371 5408 ἔχουσι
2417 5338 2550 5408 πρὸς
2589 5337 2836 5408 ἀλλήλας,
2865 5338 2918 5389 αἱ
2947 5336 3001 5389 δέ
3031 5337 3172 5389 κατά
3196 5337 3257 5389 τὸ
3279 5333 3394 5390 ἴσον
3429 5337 3755 5408 ἐνθεωροῦν-

2186 5447 2310 5496 ται,
2356 5430 2570 5493 οἰκείως
2620 5446 2678 5482 τε
2729 5430 2824 5483 καὶ
2881 5427 3153 5500 ἁρμοδίως
3197 5427 3416 5497 ἔχουσαι
3464 5427 3599 5497 πρὸς
3656 5429 3755 5492 τὰς

2191 5521 2502 5592 μαχομένας
2542 5522 2798 5593 ἀλλήλαις
2847 5520 3137 5590 ποιότητας
3160 5536 3174 5550 ο
3211 5515 3322 5573 οἷον
3365 5518 3458 5570 ἐπὶ
3505 5518 3604 5588 τῆς
3651 5519 3755 5588 γῆς

2186 5614 2280 5667 καὶ
2325 5613 2420 5666 τοῦ
2461 5613 2666 5678 ὓδατος,
2716 5612 2960 5684 ἀμίκτως
2993 5611 3092 5683 μὲν
3126 5611 3306 5681 ἔχουσι
3352 5607 3488 5680 πρὸς
3517 5609 3754 5680 ἀλλήλας

2185 5707 2218 5774 ή
2270 5705 2498 5776 ξηρότης
2521 5723 2582 5758 τε
2629 5704 2723 5759 καὶ
2750 5703 3004 5774 ὑγρότης,
3038 5702 3228 5771 ἐπίσης
3257 5700 3315 5754 δὲ
3364 5699 3600 5770 ἑκατέρα
3629 5699 3754 5754 τού-

2183 5813 2292 5852 των
2325 5795 2569 5850 σύνεστιν
2622 5799 2657 5868 ἠ
2701 5796 2996 5868 ψυχρότης,
3047 5795 3239 5852 ἐνοῦσα
3272 5794 3469 5866 τρόπον
3515 5793 3639 5848 τινά
3679 5795 3749 5848 δι’

3774 5417 3838 5621 ]

3973 2235 4002 2273 ο
