4110 6496
315 389 326 399 ’
395 421 505 478 ιοθ

1602 421 1668 476 IN
1709 418 2175 476 HEXAEMERON
2219 420 2427 476 LIBER.

3531 415 3631 471 ΗΟ

394 534 595 602 ἑαυτῆς
642 537 711 588 τὰ
755 537 1056 606 μαχόμενα.
1096 538 1264 592 Πάλιν
1297 535 1589 609 χωρίζεται
1617 534 1678 586 τὸ
1716 531 1860 600 ὓδωρ
1899 531 1961 582 ἐκ

2066 529 2406 600 copulantur,
2439 538 2492 584 et
2525 528 2701 585 foedus
2740 528 2952 583 ineunt.
2991 524 3121 591 Quae
3163 523 3209 579 si
3240 524 3495 583 volumus
3531 527 3629 582 de-

393 625 486 677 τοῦ
517 626 696 696 ἀέρος,
727 630 791 697 τῇ
824 627 916 680 τοῦ
949 629 1241 700 ἐμϐριθοῦς
1281 630 1414 701 πρὸς
1458 627 1519 680 τὸ
1563 623 1764 692 κοῦφον
1808 623 1964 674 ἐναν-

395 720 600 788 τιὸτητι
622 735 635 747 ·
671 719 804 772 ἀλλὰ
841 721 936 774 καὶ
967 722 1173 785 τούτοις
1204 720 1476 792 μεσιτεύει
1507 717 1648 772 κατά
1678 715 1736 769 τὸ
1767 712 1882 766 ἴσον
1906 711 1965 765 ἐν

395 811 457 876 τῇ
516 809 773 879 ἐκατέρου
822 810 981 879 φύσει
1032 811 1093 864 τὸ
1143 812 1308 883 ὑγρὸν
1361 808 1747 880 θεωρούμενον.
1795 803 1964 856 Πάλιν

393 898 659 952 διῖσταται
690 898 782 952 τοῦ
817 901 986 970 πυρὸς
1016 903 1044 954 ὁ
1075 901 1201 973 ἀὴρ,
1235 906 1300 973 τῇ
1351 901 1444 955 τοῦ
1485 896 1687 970 θερμοῦ
1723 895 1858 966 πρὸς
1903 892 1963 946 τὸ

391 987 596 1058 ψυχρὸν
628 991 772 1060 μάχῃ
804 977 1210 1064 ἐναντιούμενος
1229 1009 1242 1022 ⁶
1273 994 1408 1048 ἀλλά
1445 993 1687 1046 κοινωνεῖ
1719 992 1786 1058 τῇ
1819 985 1962 1040 κατὰ

390 1081 452 1132 τὸ
484 1081 683 1151 κοῦφον
719 1086 982 1155 ποιότητι,
1031 1086 1126 1139 καὶ
1169 1087 1267 1155 τῆς
1299 1086 1536 1156 φυσικῆς
1577 1082 1754 1138 αὐτῶν
1793 1083 1960 1134 ἐναν-

2065 621 2298 684 clarare,
2325 621 2404 676 sic
2427 621 2778 676 exordiantur
2796 637 2810 672 :
2828 618 3118 690 Frigiditas
3141 619 3359 690 quidem
3402 619 3456 672 in
3484 626 3632 674 terra

2064 710 2246 774 simul,
2288 722 2341 766 et
2384 725 2547 780 aqua,
2576 721 2629 764 et
2678 725 2803 764 aere
2837 711 3182 779 perspicitur,
3224 710 3414 778 majori
3451 719 3632 764 tamen

2063 817 2130 857 ex
2158 809 2310 871 parte
2336 802 2587 872 congruit
2615 816 2789 870 aquae,
2817 811 2867 856 et
2895 801 3015 868 ejus
3045 802 3097 855 in
3135 817 3194 857 se
3233 800 3634 870 quodammodo

2063 899 2317 945 naturam
2347 898 2658 952 conservat,
2696 889 3062 960 injuriamque
3092 905 3120 942 a
3159 889 3407 944 siccitate
3439 905 3634 958 prove-

2063 983 2312 1055 nienlem.
2325 981 2596 1052 propellit,
2636 996 2701 1036 ea
2731 982 3084 1052 repugnantia
3113 996 3271 1051 quam
3315 981 3477 1036 habet
3505 995 3632 1035 cum

2064 1073 2259 1130 calido.

390 1170 633 1242 τιότητος
651 1169 762 1226 οἷόν
782 1193 865 1238 τις
908 1176 1282 1247 καταλλάκτης
1307 1179 1340 1247 ἡ
1364 1175 1613 1230 κοινωνία
1638 1175 1738 1244 τῆς
1765 1169 2045 1238 ποιότητος
2070 1165 2297 1233 γίνεται.
2329 1157 2464 1217 Εἶτα
2489 1163 2550 1216 τὺ
2581 1163 2691 1235 πῦρ
2723 1163 2829 1216 ἀπὸ
2858 1164 2953 1234 τῆς
2981 1163 3082 1231 γῆς
3113 1161 3188 1232 τῷ
3237 1160 3390 1234 βάρει
3424 1162 3518 1215 καὶ
3555 1159 3634 1231 τῷ

389 1260 574 1331 κούφῳ
594 1262 940 1335 κεχώρισται,
975 1265 1088 1318 ἀλλ’
1112 1269 1145 1336 ἡ
1169 1266 1398 1337 ξηρότης
1425 1265 1746 1335 ἀμφοτέρων
1776 1261 1890 1314 ἐστὶ
1919 1257 2092 1328 κοινὴ,
2121 1254 2217 1308 καὶ
2242 1253 2329 1307 διὰ
2358 1253 2561 1321 ταύτης
2581 1253 2841 1308 ἔνσπονδά
2866 1271 2982 1317 πως
3007 1247 3253 1323 ἀλλήλοις
3281 1255 3349 1305 τὰ
3368 1251 3632 1305 διεστῶτα

388 1353 613 1422 γίνεται.
650 1354 714 1405 Τί
757 1355 813 1408 δὲ
855 1355 1171 1426 βουλόμενος
1201 1356 1445 1409 ἐντεῦθεν
1474 1356 1571 1425 τῆς
1604 1353 1901 1419 ἐξετάσεως
1935 1350 2200 1419 ἄρχομαι;
2235 1345 2315 1396 ὅτι
2346 1345 2379 1413 ἡ
2413 1343 2686 1415 ψυχρότης
2721 1344 2921 1411 ὁμοίως
2971 1343 3068 1413 μὲν
3104 1342 3447 1413 ὲνθεωρεῖται
3479 1345 3543 1414 τῇ
3571 1361 3630 1396 τε

321 1437 354 1527 ,ξ
387 1451 456 1518 γῇ
491 1451 586 1502 καὶ
629 1449 707 1520 τῷ
781 1449 934 1503 ὕδατι
974 1452 1068 1504 καὶ
1093 1451 1170 1522 τῷ
1222 1451 1365 1521 ἀέρι,
1402 1451 1604 1503 πλείονι
1645 1449 1702 1502 δὲ
1758 1445 1921 1518 μοίρᾳ
1971 1443 2048 1512 τῷ
2097 1438 2248 1509 ὑγρῷ
2273 1439 2708 1510 προσῳκείωται,
2742 1437 3078 1508 συντηροῦσά
3104 1455 3222 1499 πως
3249 1438 3304 1489 ἐν
3332 1438 3498 1508 ἑαυτῇ
3530 1438 3631 1507 τὴν

385 1541 481 1594 τοῦ
524 1542 710 1605 ὓδατος
739 1542 914 1611 φύσιν,
946 1542 1033 1596 διά
1065 1546 1164 1614 τῆς
1199 1543 1334 1613 πρὸς
1362 1542 1422 1595 τὺ
1454 1540 1651 1612 θερμὸν
1698 1534 2066 1597 ἀντιπαθείας,
2091 1533 2189 1603 τὴν
2234 1533 2297 1584 ἐκ
2341 1530 2434 1583 τοῦ
2469 1530 2629 1602 ξηροῦ
2669 1530 2871 1600 βλάϐην
2904 1530 3345 1601 ἀπαμϐλύνουσα.

469 1636 557 1699 Ὠς
604 1636 780 1688 τοίνυν
832 1635 910 1707 τῷ
961 1636 1146 1707 θερμῷ
1205 1636 1434 1709 ξηρότης
1482 1634 1804 1706 ἐμπέφυκε,
1863 1631 1957 1685 καὶ

386 1729 487 1780 οὑκ
546 1728 660 1780 ἔστι
718 1728 875 1799 μόνον
920 1730 976 1781 ἐν
1018 1729 1096 1800 τῷ
1152 1730 1323 1800 ἑτέρῳ
1371 1729 1431 1782 τὸ
1485 1727 1596 1798 πῦρ
1647 1725 1952 1796 δειχθῆναι·

2132 1624 2599 1692 Quemadmodum
2634 1623 2798 1692 igitur
2852 1622 3006 1676 adest
3039 1621 3216 1675 calido
3267 1621 3488 1677 siccitas
3531 1637 3632 1676 na-

2061 1718 2273 1780 turalis,
2305 1731 2404 1771 nec
2448 1715 2590 1788 ignis
2633 1715 2786 1770 solus
2821 1713 2875 1766 in
2904 1714 3011 1766 alio
3049 1722 3230 1784 potest
3257 1713 3514 1769 ostendi:
3551 1715 3640 1770 sic.

386 1817 557 1880 οὕτως
616 1820 760 1882 εἰκός
810 1822 955 1873 ἐστιν
1005 1818 1240 1888 ἡνῶσθαι
1288 1819 1466 1889 λέγειν
1516 1818 1594 1889 τῷ
1654 1815 1804 1888 ὑγρῷ
1860 1814 1956 1882 τὴν

2066 1808 2346 1865 dicendum
2395 1814 2500 1873 est,
2540 1821 2663 1860 cum
2710 1805 2932 1859 humido
2979 1804 3326 1874 {rigiditatem
3370 1805 3628 1876 conjungi

383 1908 734 1980 ψυχρότητα,
788 1909 875 1964 διὰ
933 1910 994 1962 τὸ
1041 1911 1151 1964 δεῖν
1206 1912 1452 1982 ἐκατέρῳ
1497 1912 1605 1963 τῶν
1666 1927 1725 1963 τε
1775 1911 1832 1962 ἐν
1879 1907 1958 1977 τῷ

387 2003 521 2074 πυρὶ
565 2000 955 2074 θεωρουμένων
993 1998 1131 2056 εἶναι
1170 2004 1262 2055 καὶ
1295 2005 1352 2057 ἐν
1382 2003 1458 2073 τῷ
1487 2003 1636 2056 ὕδατι
1677 2002 1775 2072 τὴν
1815 2002 1962 2054 ἀντι-

389 2091 708 2162 στοιχοῦσαν
755 2092 1033 2163 ποιότητα,
1070 2090 1210 2152 ὥστε
1263 2092 1529 2163 μάχεσθαι
1561 2092 1638 2162 τῷ
1683 2093 1779 2162 μὲν
1813 2088 1962 2160 ξηρῷ

386 2183 488 2252 τὴν
517 2184 810 2254 ὑγρότητα,
860 2183 936 2254 τῷ
968 2183 1024 2235 δὲ
1065 2181 1256 2253 ψυχρῷ
1285 2184 1385 2252 τὴν
1415 2183 1742 2253 θερμότητα.
1777 2184 1840 2235 Ei
1870 2177 1962 2235 οὖν

393 2274 591 2345 ἐπίσης
641 2274 717 2344 τῷ
765 2274 916 2346 ὑγρῷ
975 2273 1434 2344 συμπληρωτικὸν
1487 2273 1587 2341 τῆς
1633 2272 1726 2325 τοῦ
1774 2273 1962 2335 ὓδατος

389 2365 605 2434 φύσεως
640 2366 734 2418 καὶ
765 2365 824 2417 τὸ
867 2365 1071 2434 ψυχρὸν
1115 2359 1427 2434 ἀπεδείχθη,
1465 2363 1750 2417 ἀκόλουθον
1779 2363 1844 2416 ἂν
1876 2363 1960 2433 εἴη

386 2455 719 2524 λογίζεσθαι,
766 2457 847 2508 ὅτι
891 2457 990 2526 τῆς
1037 2455 1248 2526 ψυχρᾶς
1299 2456 1600 2525 ποιότητος,
1637 2455 1732 2508 καὶ
1777 2457 1843 2526 τῇ
1887 2458 1958 2526 γῇ

387 2548 633 2616 φυσικῶς
662 2547 982 2618 ἐγκειμένης
1019 2549 1264 2620 δυνάμει,
1302 2551 1390 2604 καὶ
1427 2549 1486 2603 τὸ
1531 2547 1673 2618 ὕδωρ
1699 2549 1759 2600 ἐν
1792 2551 1858 2619 τῇ
1889 2550 1958 2619 γῇ

388 2641 530 2704 ἐστι,
567 2637 660 2690 καὶ
708 2641 738 2708 ἡ
789 2638 861 2708 γῆ
911 2639 967 2691 ἐν
1018 2639 1095 2709 τῷ
1156 2640 1328 2695 ὕδατι.
1370 2643 1436 2693 ἸΙ
1478 2639 1586 2712 γάρ
1623 2641 1820 2709 φυσικὴ
1867 2640 1958 2692 τοῦ

387 2729 556 2800 ὑγροῦ
585 2728 716 2798 πρὸς
748 2727 808 2781 τὸ
835 2727 1038 2801 ψυχρὸν
1069 2729 1296 2797 συζυγία
1342 2731 1441 2783 ούκ
1481 2732 1545 2801 ἐᾷ
1583 2729 1960 2800 διαζευχθῆναι

386 2822 484 2874 τοῦ
512 2821 698 2892 ἐτέρου
726 2821 786 2875 τὸ
811 2821 996 2892 ἕτερον
1025 2823 1251 2876 καθόλου
1273 2839 1286 2852 °
1322 2822 1458 2876 ἀλλὰ
1499 2823 1602 2877 κάν
1636 2840 1764 2876 ποτε
1792 2839 1960 2875 κατα-

392 2918 560 2988 μόνας
585 2917 666 2986 ἐφ’
691 2915 881 2969 ἐαυτοῦ
903 2916 1038 2986 τύχῃ
1064 2915 1266 2968 τούτων
1295 2917 1574 2986 ἑκάτερον,
1603 2915 1702 2969 οὐκ
1722 2915 1962 2986 ἀκριϐῶς

392 3009 556 3079 μόνον
590 3008 758 3070 ἐστὶν,
799 3007 933 3060 ἀλλά
976 3009 1042 3077 τῇ
1090 3006 1314 3076 δυνάμει
1352 3007 1413 3059 τὸ
1457 3005 1860 3076 συναμφότερον
1904 3006 1961 3057 ἐν

388 3100 468 3170 τῷ
501 3101 581 3153 ἐνὶ
622 3099 1185 3170 καθορᾶται.ιὬσπερ
1225 3099 1333 3168 γάρ
1372 3097 1465 3151 τοῦ
1511 3096 1676 3167 ὑγροῦ
1710 3097 1844 3170 πρὸς
1871 3096 1961 3149 τὸν

2061 1916 2124 1955 ac
2151 1899 2433 1954 devinciri.
2467 1897 2622 1965 Quod
2672 1897 2716 1951 si
2749 1897 3029 1951 humidum
3081 1897 3242 1950 simul
3292 1907 3344 1952 et
3375 1896 3628 1968 frigidum

2061 2007 2214 2062 aqua:
2247 1999 2499 2046 naturam
2536 1989 2898 2050 constituunt,
2936 1987 3127 2056 frigida
3177 1997 3358 2042 autem
3394 1989 3632 2057 qualitas

2060 2091 2220 2140 terra:
2254 2081 2576 2136 naturaliter
2608 2081 2752 2136 inest
2784 2095 2799 2131 :
2838 2080 3108 2148 sequitur,
3162 2085 3222 2132 ut
3257 2088 3526 2149 potestate
3575 2089 3631 2136 et

2061 2190 2198 2246 aqua
2230 2175 2359 2227 insit
2382 2173 2435 2226 in
2461 2182 2624 2237 terra,
2648 2181 2701 2228 et
2733 2181 2875 2226 terra
2904 2171 2957 2225 in
2980 2186 3142 2242 aqua.
3172 2171 3453 2228 Naturalis
3481 2174 3628 2228 enim

2060 2266 2267 2320 humidi
2318 2280 2440 2318 cum
2489 2263 2684 2334 frigido
2740 2263 3016 2332 copulatio
3072 2279 3179 2317 non
3236 2265 3520 2334 permittit,
3572 2273 3632 2319 ut

2062 2373 2228 2412 unum
2281 2358 2348 2411 ab
2398 2356 2568 2409 altero
2608 2355 2822 2422 penitus
2868 2355 3236 2424 sejungatur:
3289 2356 3382 2410 sed
3417 2357 3632 2412 etiamsi

2061 2448 2339 2518 contingat
2384 2446 2696 2515 aliquando,
2747 2452 2805 2497 ut
2850 2445 3080 2500 alterum
3111 2448 3162 2500 in
3197 2448 3379 2517 seipso
3407 2465 3631 2520 separa-

2063 2539 2158 2592 tim
2191 2539 2480 2602 consistat,
2513 2538 2566 2592 id
2592 2553 2698 2591 uon
2722 2537 2880 2606 plane
2898 2537 3073 2590 solum
3100 2548 3204 2605 est,
3236 2542 3331 2595 sed
3361 2551 3633 2610 potestate

2063 2640 2358 2700 utrumque
2405 2633 2458 2686 in
2508 2648 2619 2686 uno
2654 2633 3002 2702 perspicitur.
3039 2632 3174 2689 Nam
3217 2644 3276 2690 ut
3318 2637 3543 2692 humido
3577 2637 3634 2693 in

2060 2740 2239 2779 aerem
2277 2724 2497 2791 diffuso,
2541 2723 2805 2795 frigiditas
2851 2739 3110 2794 vaporum
3146 2731 3439 2796 particulas
3483 2730 3632 2786 inse-

2062 2817 2282 2886 quitur:
2319 2818 2399 2873 sic
2437 2833 2467 2872 ε
2495 2822 2789 2885 contrario,
2840 2810 2896 2875 iu
2938 2822 3146 2878 intimis
3191 2831 3348 2877 terra:
3386 2823 3633 2891 partibus

2063 2907 2260 2978 frigido
2305 2921 2700 2976 commorante,
2737 2915 3032 2970 humiditas
3075 2923 3362 2986 cognatam
3397 2916 3632 2986 qualita-

2063 3007 2169 3054 tem
2217 3015 2325 3054 non
2371 3001 2729 3074 derelinquit;
2778 3006 2872 3060 sed
2908 3006 3100 3075 frigida
3145 3007 3247 3068 vis,
3305 3023 3425 3076 qua:
3473 3015 3633 3063 terrae

2063 3093 2388 3146 naturaliter
2426 3094 2588 3158 inest,
2616 3103 2872 3164 tauquam
2910 3097 3128 3166 aliquod
3161 3098 3395 3153 humidae
3425 3107 3634 3154 natura;

388 3192 531 3263 ἀέρα
559 3191 918 3261 διαχυθέντος,
944 3191 1036 3244 καὶ
1063 3193 1097 3260 ἡ
1125 3191 1283 3261 ψύξις
1307 3192 1417 3254 τοῖς
1438 3191 1544 3242 τῶν
1567 3189 1745 3261 ὑγρῶν
1773 3187 1959 3259 ἀτμῶν

2066 3199 2245 3239 semen
2292 3185 2539 3249 eilicitur,
2589 3203 2909 3258 semperque
2956 3205 3018 3244 ex
3046 3205 3104 3244 se
3135 3192 3483 3257 conjunctam
3528 3192 3632 3247 sibi

393 3285 605 3356 μορίοις
651 3284 1117 3354 ἐπηκολούθησεν·
1174 3283 1315 3337 οὑτω
1361 3283 1420 3336 τὸ
1454 3283 1686 3354 ἔμπαλιν
1728 3283 1827 3352 τῆς
1869 3281 1964 3350 ψυ-

387 3377 653 3450 χρότητος
690 3378 748 3429 ἐν
779 3375 855 3447 τῷ
886 3376 1038 3444 βάθει
1075 3375 1173 3446 τῆς
1210 3376 1313 3443 γῆς
1343 3375 1719 3446 διαιτωμένης,
1766 3374 1886 3426 οὑδὲ
1929 3375 1962 3444 ἡ

391 3468 629 3537 ὑγρότης
673 3467 770 3538 τῆς
804 3466 1034 3535 συζύγου
1071 3465 1352 3536 ποιότητος
1381 3465 1748 3529 ἀπολείπεται,
1783 3463 1896 3516 ἀλλ’
1928 3465 1961 3534 ἡ

388 3559 576 3630 ψυχρά
618 3558 844 3629 δύναμις
892 3557 1133 3627 φυσικῶς
1176 3557 1466 3628 ἐγκειμένη
1515 3559 1580 3627 τῇ
1634 3558 1726 3626 γῇ,
1770 3550 1878 3608 οἷόν
1910 3571 1963 3606 τι

392 3650 619 3721 σπέρμα
649 3648 748 3718 τῆς
780 3647 871 3701 τοῦ
912 3647 1076 3718 ὑγροῦ
1113 3647 1325 3716 φύσεως
1356 3646 1584 3715 γίνεται,
1615 3645 1700 3699 όιε)⁸
1731 3645 1796 3697 δι’
1837 3646 1964 3697 ἐαυ-

391 3742 492 3810 τῆς
518 3741 618 3810 τὴν
649 3739 998 3812 συνημμένην
1025 3741 1190 3811 ἐαυτῇ
1217 3738 1474 3809 ποιότητα
1509 3737 1732 3807 φύουσα,
1783 3737 1881 3807 τῆς
1908 3737 1964 3790 δὲ

392 3833 748 3904 ἀλλοιωτικῆς
773 3832 1048 3902 ἐνεργείας
1071 3831 1168 3903 τὴν
1201 3832 1322 3902 γῆν,
1347 3831 1436 3885 διὰ
1453 3832 1550 3902 τῆς
1571 3830 1708 3899 ἄγαν
1731 3829 1964 3900 ψύξεως,

395 3926 478 3989 εἰς
524 3924 714 3987 ὓδατος
762 3925 975 3993 γένεσιν
1029 3924 1484 3995 μεταϐαλλούσης.
1541 3923 1756 3977 Τούτων
1800 3923 1855 3976 δὲ
1917 3923 1965 3974 εί

397 4018 500 4088 μὲν
539 4017 629 4070 τὸν
655 4017 810 4085 λόγον
837 4019 981 4088 ἡμᾶς
1019 4034 1101 4079 τις
1144 4015 1421 4086 ἀπαιτοίη,
1459 4014 1576 4078 πῶς
1625 4016 1838 4086 ἐνεργεῖ
1868 4015 1966 4082 τὴν

393 4107 491 4161 τοῦ
526 4107 750 4179 περροῦ
782 4107 916 4178 πρὸς
956 4107 1018 4159 τὸ
1044 4106 1207 4177 ὑγρὸν
1261 4105 1562 4177 μεταϐολὴν
1609 4107 1642 4173 ὴ
1685 4104 1968 4167 ἀλλοίωσις

396 4195 615 4266 ἐπίσης,
647 4199 1090 4269 ἀμηχανήσομεν,
1117 4198 1191 4262 ὡς
1223 4198 1319 4251 καὶ
1358 4197 1450 4250 ἐπὶ
1490 4195 1598 4248 τῶν
1624 4195 1797 4249 ἀλλων
1826 4195 1964 4248 πάν-

397 4308 526 4344 των.
565 4289 688 4352 Πῶς
719 4288 828 4360 γάρ
854 4289 1117 4359 διαχεῖται
1146 4289 1206 4341 τὸ
1244 4287 1384 4359 ὕδωρ
1423 4286 1557 4358 πρὸς
1585 4287 1675 4339 τὸν
1707 4285 1863 4357 ἀέρα,
1890 4285 1967 4356 τῷ

396 4381 586 4453 κούφῳ
609 4383 669 4435 τὸ
695 4381 1008 4451 κατωφερὲς
1049 4379 1443 4450 ἐποχούμενονο
1486 4377 1519 4448 ἢ
1557 4377 1672 4441 πῶς
1705 4377 1764 4442 τὸ
1802 4376 1967 4448 βάρος

397 4477 481 4537 εἰς
512 4475 711 4543 κοῦφον
746 4473 1098 4544 μετεποίησεν
1127 4474 1159 4544 ἡ
1190 4471 1502 4538 άλλοίωσις;
1535 4469 1717 4523 Ταῦτα
1748 4470 1830 4522 ὅτι
1867 4470 1964 4539 μὲν

2067 3278 2376 3347 qualitatem
2424 3279 2614 3349 gignit,
2666 3294 2787 3332 cum
2824 3280 2913 3334 illa
2963 3282 3044 3336 vis
3072 3283 3439 3336 commutandi
3467 3285 3631 3339 vehe-

2065 3370 2232 3424 menti
2267 3369 2559 3440 frigiditate
2598 3379 2799 3425 terram
2850 3373 2903 3426 in
2937 3389 3130 3443 aquam
3178 3383 3480 3430 convertat.
3523 3375 3633 3430 Ha-

2066 3475 2184 3514 rum
2229 3477 2410 3514 rerum
2470 3461 2514 3516 si
2558 3463 2681 3530 quis
2713 3478 2742 3514 a
2790 3464 2947 3519 nobis
2984 3466 3249 3520 rationem
3303 3476 3356 3520 et
3405 3483 3631 3524 causam

2066 3553 2336 3620 exquirat,
2392 3563 2649 3622 rogetque
2696 3571 2816 3624 quae
2857 3557 2939 3610 vis
2997 3573 3062 3612 ex
3108 3574 3264 3628 tequo
3305 3560 3533 3613 solidum
3577 3563 3633 3615 iu

2066 3645 2347 3699 humidum
2397 3656 2715 3702 convertat:
2746 3648 2888 3718 quod
2917 3649 2992 3702 illi
3024 3651 3471 3722 respondeamus,
3522 3669 3633 3707 non

2068 3737 2410 3803 habebimus,
2461 3746 2520 3792 ut
2555 3739 2609 3792 in
2660 3741 2884 3810 reliquis
2932 3743 3093 3794 etiam
3135 3743 3408 3806 omnibus,
3441 3756 3634 3812 nempe

2067 3828 2344 3898 quomodo
2374 3843 2511 3898 aqua
2545 3830 2598 3882 in
2635 3845 2814 3885 acrem
2836 3831 3190 3897 ditl‘untlatur,
3218 3841 3270 3887 et
3307 3834 3448 3902 quod
3471 3833 3633 3888 deor-

2068 3935 2188 3975 sum
2222 3919 2412 3985 tendit,
2443 3921 2676 3976 insideat
2711 3923 2837 3988 levi,
2868 3939 3141 3992 graveque
3171 3925 3226 3977 iu
3263 3925 3378 3979 leve
3404 3940 3632 3979 conver-

2069 4019 2241 4065 tatur.
2274 4011 2398 4066 Haec
2432 4014 2575 4067 enim
2613 4013 2728 4068 ﬁeri
2760 4029 2919 4070 sensu
2953 4015 3072 4084 ipso
3111 4016 3463 4085 percipimus,
3497 4031 3634 4086 quo—

2069 4103 2230 4157 modo
2283 4112 2462 4159 autem
2512 4120 2541 4158 a
2578 4112 2770 4160 natura
2831 4106 2982 4172 (iant,
3027 4109 3236 4163 ratione
3281 4108 3476 4163 docere
3521 4125 3630 4164 non

2067 4210 2381 4264 possumus.
2443 4196 2539 4251 Sin
2586 4199 2854 4268 quispiam
2900 4201 3290 4270 experimentis
3336 4201 3474 4256 hanc
3511 4203 3631 4272 opi-

2067 4286 2286 4341 nionem
2335 4289 2677 4357 comprobari
2721 4289 2926 4360 cupiat,
2967 4291 3021 4345 id
3054 4291 3290 4346 adducto
3346 4302 3630 4362 puteorum

2067 4379 2315 4447 exemplo
2348 4377 2504 4434 facile
2546 4381 2942 4450 prmstabimus.
2983 4382 3169 4453 Neque
3219 4383 3387 4450 enim,
3446 4385 3493 4440 si
3521 4391 3632 4439 ter-

2068 4483 2182 4522 ram
2215 4470 2416 4524 siccam
2454 4469 2696 4537 eﬂ‘odias,
2721 4473 2969 4542 protinus
3016 4489 3209 4543 aquam
3243 4473 3500 4542 offendes,
3531 4475 3630 4531 sed

396 4567 640 4634 γίνεται,
702 4569 770 4636 τῇ
834 4566 1084 4635 αἰσθήσει
1137 4563 1658 4633 καταλαμϐάνομεν,
1712 4561 1856 4632 λόγῳ
1907 4560 1962 4613 δὲ

2067 4563 2299 4630 primum
2329 4572 2476 4617 tactu
2500 4565 2684 4619 nescio
2706 4565 2836 4634 quid
2870 4567 3195 4634 uliginosum
3221 4567 3454 4634 senties;
3483 4567 3629 4637 quod

397 4655 748 4723 παραστῆσαι
792 4653 859 4705 τὰ
893 4652 1029 4724 ἔργα
1065 4653 1163 4722 τῆς
1211 4652 1423 4719 φύσεως
1469 4650 1853 4722 ἀδυνατοῦμεν.
1900 4651 1962 4702 Εἰ

395 4748 455 4800 δέ
485 4764 568 4808 τις
591 4747 688 4815 τὴν
716 4748 904 4815 πεῖραν
930 4745 1008 4807 είς
1042 4745 1340 4816 μαρτυρίαν
1361 4744 1459 4814 τῆς
1485 4743 1737 4814 τοιαύτης
1768 4743 1966 4812 ὑπολή-

394 4838 544 4906 ψεως
590 4837 816 4905 δέχοιτο,
864 4836 1093 4904 ἑτοίμως
1130 4836 1503 4906 ἀποδείξομεν,
1554 4837 1836 4906 μάρτυρας
1871 4835 1965 4889 τοῦ

395 4929 558 4995 λόγου
588 4929 712 4990 τοὺς
746 4927 1095 4998 φρεωρύχους
1130 4928 1483 4998 παράγοντες.
1536 4929 1687 4980 Ἐπεὶ
1725 4927 1833 4998 γάρ
1858 4929 1966 4981 τῶν

395 5021 454 5071 ἐν
483 5017 636 5086 βάθει
671 5016 1232 5085 καταλαμϐανομένων
1256 5015 1459 5069 ὑδάτων
1493 5017 1590 5085 τὴν
1613 5017 1838 5086 ἀνικμον
1864 5017 1967 5086 γῆν

394 5108 733 5180 διορύξωσιν,
765 5108 856 5160 ἐπὶ
896 5106 956 5159 τὸ
981 5107 1131 5160 κάτω
1167 5107 1447 5176 προϊόντες
1472 5110 1536 5177 τῇ
1577 5108 1826 5179 ἐργασία,
1868 5111 1968 5162 οὑκ

395 5201 561 5263 εὐθὺς
610 5199 994 5268 ἐντυγχάνουσι
1044 5201 1110 5269 τῇ
1153 5199 1405 5252 συστάσει
1453 5199 1544 5252 τοῦ
1594 5199 1799 5262 ὓδατος,
1833 5200 1967 5252 άλλά

397 5293 615 5364 πρῶτον
646 5293 744 5362 μὲν
783 5294 848 5361 τῇ
886 5293 993 5362 ἁφῇ
1040 5293 1282 5362 μετέχειν
1313 5292 1457 5354 τινὸς
1490 5292 1711 5360 ἰκμάδος
1740 5293 1840 5362 τὴν
1866 5294 1967 5363 γῆν

396 5383 790 5453 ἐστοχάσαντο·
852 5377 970 5436 εἶτα
1019 5383 1156 5456 πρὸς
1205 5384 1265 5436 τὸ
1320 5384 1517 5453 μᾶλλον
1560 5383 1967 5452 κατεψυγμένον

395 5475 486 5528 διὰ
511 5474 606 5530 τοῦ
637 5475 830 5545 ιἓράθους
853 5477 1216 5546 χωρήσαντες,
1240 5475 1648 5546 πηλωδεστέραν
1677 5474 1775 5544 τὴν
1798 5475 1967 5544 βῶλον

396 5564 910 5634 καταλαμϐάνουσι·
966 5566 1103 5636 μετά
1143 5565 1301 5618 τοῦτο
1329 5565 1466 5632 πρὸς
1495 5565 1556 5617 τὸ
1595 5563 1792 5634 μᾶλλον
1837 5579 1969 5618 κατ-

395 5655 702 5724 εψυγμένον
764 5654 1132 5726 βαθυνομένης
1181 5658 1278 5727 τῆς
1330 5655 1608 5727 ἐργασίας,
1668 5653 1825 5726 ἱδρώς
1885 5671 1970 5717 τις

395 5745 641 5815 ἀμυδρὸς
678 5745 1066 5814 ἀποφαίνεταιο
1103 5743 1222 5800 εἶτα
1248 5747 1413 5817 πόρου
1448 5746 1589 5808 τινὸς
1616 5745 1969 5816 ἐντμηθέντος

397 5837 506 5890 ὑπὸ
530 5837 621 5891 τὸν
654 5835 902 5907 πυθμένα
933 5838 1024 5891 τοῦ
1055 5838 1201 5894 λίθου
1221 5853 1233 5868 '
1274 5837 1400 5892 ἔνθα
1444 5836 1642 5908 μᾶλλον
1687 5835 1830 5900 εἰκός
1855 5837 1969 5890 ἐστι

2071 4653 2114 4707 si
2173 4652 2424 4708 fodiendo
2446 4657 2609 4710 altius
2628 4657 2704 4710 ire
2732 4673 2926 4727 pergas
2951 4657 3018 4710 ad
3056 4658 3172 4710 loca
3200 4657 3501 4728 frigidiora,
3523 4661 3631 4730 gle-

2069 4743 2187 4797 bam
2208 4745 2378 4814 magis
2407 4761 2682 4802 caenosam
2713 4748 2956 4803 invenies
2985 4767 2998 4802 :
3025 4755 3078 4802 at
3095 4749 3138 4803 si
3159 4750 3226 4802 ad
3261 4751 3431 4820 magis
3452 4752 3629 4806 adhuc

2068 4834 2259 4904 frigida
2281 4836 2398 4889 loca
2419 4836 2788 4904 descenderis,
2814 4829 3028 4893 turbida
3047 4844 3292 4910 quaedam
3317 4857 3454 4911 aqua
3474 4859 3634 4913 appa-

2068 4927 2206 4980 rebit
2228 4941 2242 4978 :
2268 4927 2352 4980 sin
2403 4937 2583 4981 autem
2620 4931 2722 4984 sub
2751 4931 2858 4983 imo
2886 4947 3111 5000 prorsus
3140 4933 3279 4996 solo,
3316 4949 3426 5002 quo
3449 4934 3630 4989 minus

2067 5017 2362 5072 verisimile
2405 5018 2475 5072 sit
2508 5021 2742 5074 calorem
2780 5022 2910 5075 solis
2941 5017 3496 5094 penetrare,lapidem
3529 5026 3631 5078 ali-

2070 5124 2228 5176 quem
2262 5109 2547 5169 incideris,
2593 5111 2717 5164 licet
2755 5111 2928 5179 ipsius
2962 5113 3159 5181 lapidis
3198 5115 3438 5170 densitas
3483 5116 3632 5170 obsi-

2070 5205 2213 5251 stere
2245 5197 2513 5260 videatur,
2541 5209 2716 5254 tamen
2749 5217 2896 5256 vena:
2919 5205 3163 5272 quaedam
3193 5205 3532 5273 aperiuntur,
3563 5221 3630 5260 ex

2071 5288 2268 5356 quibus
2299 5289 2538 5357 undique
2565 5289 2816 5345 defossus
2853 5303 3046 5360 puteus
3085 5293 3244 5364 aquis
3287 5294 3631 5349 amuentibus

2070 5379 2390 5448 completur.
2424 5379 2576 5446 Quod
2621 5382 2785 5452 igitur
2811 5384 2866 5437 in
2903 5385 3022 5439 loco
3067 5402 3231 5440 manu
3270 5396 3431 5455 atque
3465 5401 3632 5455 opera

2071 5469 2218 5524 facto
2247 5481 2618 5542 excavatoque
2645 5475 2946 5546 contingit,
2981 5484 3040 5531 ut
3070 5477 3264 5532 humor
3292 5477 3532 5547 undique
3576 5479 3631 5532 in

2080 5572 2301 5633 puteum
2332 5563 2604 5632 conﬂuat,
2639 5566 2694 5621 id
2725 5567 2779 5622 in
2810 5570 2956 5622 omni
2989 5571 3106 5625 loco
3135 5586 3231 5639 par
3265 5578 3348 5624 est
3377 5570 3629 5626 evenire:

2070 5669 2192 5707 cum
2243 5669 2305 5707 ea
2351 5668 2492 5724 aqua
2521 5671 2641 5723 quae
2671 5672 2768 5726 per
2813 5668 3003 5714 tenues
3035 5659 3309 5729 colligitur
3352 5660 3632 5727 humores,

2073 5762 2168 5816 per
2194 5763 2358 5800 venas
2390 5749 2656 5817 quasdam
2690 5750 2756 5803 ad
2792 5751 3012 5805 latiores
3039 5758 3248 5806 meatus
3279 5751 3630 5821 perducatur,

2072 5848 2124 5893 et
2175 5838 2372 5893 humor
2421 5857 2480 5896 se
2536 5840 2858 5896 naturaliter
2902 5841 2958 5895 in
3011 5856 3178 5896 unum
3226 5849 3422 5913 cogat,
3471 5850 3634 5911 atque
