4054 6498
439 427 530 480 HI

1701 427 1758 481 S.
1802 423 2130 481 GREGOBII
2169 423 2462 480 NYSSENI

3588 423 3688 478 ΗΞ

437 549 744 598 conservet.
779 541 870 597 Sic
895 557 1026 612 ergo
1052 555 1194 611 aqua
1217 541 1523 606 coniicitur,
1546 539 1802 612 frigidum
1829 541 2017 596 made—

2136 541 2322 614 μηκέτι
2366 541 2463 612 τὴν
2510 539 2741 612 ἡλιακὴν
2789 539 3094 612 θερμότητα
3129 539 3437 594 διαδύεσθαι
3479 541 3546 612 τῇ
3591 557 3694 592 πυ-

441 633 602 700 iacit,
637 641 692 689 et
723 631 920 688 humor
957 649 1020 686 ex
1059 631 1355 702 frigiditate
1381 641 1548 687 totam
1584 649 1736 705 aqua!
1765 644 2014 690 naturam

443 727 758 794 periiciente
790 725 1170 780 constituitur.
1213 725 1288 780 Ex
1321 739 1461 796 aqua
1489 739 1621 780 vero
1651 736 1842 781 coacta
1884 742 2020 781 con-

441 825 774 888 gregataque
797 815 1056 872 ﬂuentum
1087 825 1402 887 generatum
1428 857 1443 880 ,
1488 833 1818 888 quacunque
1863 819 2021 873 detur

443 909 654 974 aditus,
696 918 900 966 terram
947 909 1158 980 aperit,
1209 918 1264 964 et
1316 910 1438 966 fons
1493 911 1819 981 appellatur.
1862 905 2020 976 Quod

443 1011 626 1059 autem
666 1019 934 1072 aquarum
975 1013 1130 1058 ortus
1170 1009 1363 1056 auctor
1391 1011 1444 1055 et
1475 1015 1644 1058 causa
1675 1003 1747 1058 sit
1775 1004 1894 1072 ipsa
1925 1001 2020 1055 fri-

445 1093 683 1163 giditas,
718 1091 852 1148 illud
894 1091 1158 1147 indicium
1197 1093 1301 1154 sit,
1339 1092 1486 1160 quod
1528 1093 1646 1148 loca
1687 1093 2021 1161 septentrio-

443 1185 609 1240 nibus
661 1186 1052 1258 propinquiora
1111 1182 1502 1255 frigidioraque
1535 1184 1710 1254 magis
1743 1183 2023 1238 abundant

444 1293 713 1347 aquarum
742 1277 921 1346 cepia.
962 1277 1165 1346 Aprica
1196 1275 1340 1331 enim
1374 1275 1620 1345 proiecto
1648 1284 1702 1331 et
1728 1291 1900 1346 opaca
1929 1273 2023 1332 de-

444 1386 743 1440 pressaque
772 1379 958 1425 essent
985 1369 1270 1440 aequaliter
1297 1369 1454 1437 aquis
1497 1369 1702 1440 irrigua
1726 1407 1742 1433 ,
1783 1369 1828 1424 si
1872 1369 2024 1440 frigi-

446 1463 635 1518 ditatis
666 1463 915 1518 absentia
963 1462 1102 1517 nihil
1147 1476 1418 1533 aquarum
1473 1469 1655 1516 ortum
1711 1461 2020 1534 impediret.

449 1554 920 1620 Quemadmodum
965 1563 1147 1610 autem
1190 1569 1258 1610 ex
1303 1553 1557 1608 imbrium
1599 1553 1767 1624 guttis
1797 1555 2023 1610 collecta

453 1661 593 1715 aqua
625 1653 896 1702 torrentes
929 1653 1257 1712 nascuntur,
1299 1643 1425 1700 licet
1460 1655 1642 1715 guttas
1672 1645 1818 1716 ipsas
1862 1661 2024 1716 sepa-

450 1738 613 1790 ratim
643 1737 917 1808 aspiciens
939 1778 954 1802 ,
985 1737 1231 1807 singulas
1262 1753 1358 1807 per
1391 1753 1450 1792 se
1479 1737 1734 1808 pusillum
1765 1738 2022 1809 quiddam

2119 634 2338 703 κνότητι
2363 633 2456 686 τοῦ
2483 631 2630 685 λίθου
2661 632 3008 704 κωλυομένην
3025 650 3039 664 ·
3067 635 3188 687 τότε
3211 631 3406 686 λεπταί
3434 649 3579 696 τινες
3600 631 3694 686 τοῦ

2121 719 2311 788 ὓδατος
2341 721 2536 792 φλέσες
2563 721 2651 776 διὰ
2674 723 2772 793 τῆς
2798 723 3057 794 ἐργασίας
3096 721 3572 794 ἀνεστομὼθησαν,
3602 724 3696 792 ἀφ’

2119 803 2194 868 ὧν
2228 815 2284 866 ἐν
2307 811 2488 882 κύκλῳ
2513 809 2642 882 περὶ
2660 811 2720 864 τὺ
2753 811 2914 882 βάθος
2934 813 3034 882 τῆς
3067 811 3362 876 συνδέσεως
3381 812 3696 883 γινομένης,

2121 903 2426 973 εὐθηνεῖται
2459 901 2520 953 τὸ
2550 899 2725 972 φρέαρ
2748 899 2825 974 τῷ
2852 901 3029 958 ὕδατι.
3055 899 3232 973 Ὅπερ
3255 903 3431 956 τοίνυν
3467 901 3697 956 ἐνταῦθα

2121 995 2328 1062 γίνεται
2353 993 2488 1064 πρὸς
2525 991 2624 1063 τὴν
2667 993 3039 1066 χειροποίητον
3080 991 3386 1062 κοιλότητα,
3431 993 3698 1046 συνδοθεί-

2125 1101 2225 1155 σης
2263 1085 2362 1155 τῆς
2401 1083 2735 1156 πανταχόθεν
2785 1085 2910 1156 περὶ
2953 1083 3014 1138 τὸ
3057 1085 3233 1155 φρέαρ
3273 1085 3699 1156 συνθλιϐομένης

2127 1177 2372 1248 ίκμάδος,
2406 1175 2562 1230 τοῦτο
2590 1175 2736 1238 είκδς
2769 1179 2827 1230 ἐν
2861 1177 3020 1232 παντὶ
3047 1177 3290 1246 γίνεσθαι
3316 1177 3486 1247 τόπῳ,
3521 1178 3614 1230 καὶ
3639 1177 3700 1231 τὸ

2122 1267 2210 1321 διὰ
2239 1269 2336 1339 τῆς
2361 1267 2565 1338 λεπτῆς
2599 1268 2824 1338 ίκμάδος
2857 1268 2942 1322 ἀεὶ
2974 1269 3340 1339 συνδιδόμενον
3370 1269 3456 1321 διὰ
3485 1267 3698 1338 φλέδων

2123 1357 2284 1411 τινῶν
2319 1359 2412 1411 ἐπὶ
2435 1358 2562 1420 τοὺς
2599 1355 2924 1428 εύρυτὲρους
2964 1357 3307 1428 ύχετεύεσθαι
3350 1357 3568 1428 πόρους,
3595 1359 3697 1430 ἤδη

2124 1450 2223 1520 τῆς
2245 1447 2446 1520 λεπτῆς
2491 1447 2748 1521 συῤῥοίας
2773 1447 2908 1520 πρὸς
2935 1449 3130 1520 ἑαυτὴν
3175 1449 3481 1519 ἐνωθείσης.
3515 1448 3700 1513 Οὕτως

2124 1535 2217 1594 οὖν
2257 1541 2620 1609 ἀπογεννᾶται
2649 1540 2709 1592 τὸ
2752 1537 2914 1610 ὕδωρ,
2941 1541 3036 1592 τοῦ
3077 1541 3174 1611 μέν
3205 1539 3412 1611 ψυχροῦ
3466 1539 3565 1610 τὴν
3595 1539 3700 1610 γῆν

2126 1629 2599 1704 καθυγραίνοντος,
2629 1631 2729 1702 τῆς
2762 1631 2818 1684 δὲ
2849 1631 3142 1702 ὑγρότητος
3175 1633 3271 1702 τῆς
3293 1633 3357 1684 ἐκ
3375 1627 3469 1684 τοῦ
3491 1629 3698 1702 ψυχροῦ

2129 1721 2562 1792 συνισταμένης,
2621 1722 2716 1776 καὶ
2738 1723 2866 1792 ὃλην
2911 1723 3009 1793 τὴν
3051 1721 3148 1774 τοῦ
3194 1721 3382 1784 ὓδατος
3432 1719 3592 1790 φύσιν
3640 1723 3699 1773 ἐν

453 1837 508 1882 et
539 1845 637 1900 pro
667 1829 841 1883 nihilo
871 1827 1182 1884 habendum
1213 1829 1496 1884 existimes
1527 1845 1540 1882 :
1573 1831 1654 1886 sic
1682 1847 1750 1885 ex
1779 1829 2026 1887 humoris

2136 1811 2294 1884 ἑαυτῇ
2327 1811 2656 1884 τελειούσης.
2693 1813 2856 1868 Ὅθεν
2881 1813 3164 1900 ἀθροισθὲν
3203 1815 3325 1886 ἥδη,
3355 1813 3448 1865 καὶ
3489 1811 3701 1885 ῥεῖθρον

454 1922 655 1976 sensim
674 1929 861 1976 eterra
897 1922 1171 1976 manantis
1185 1921 1340 1990 c0pia
1365 1922 1550 1978 multis
1569 1921 1789 1978 ﬂuentis
1820 1923 2026 1980 coactis

2136 1903 2437 1974 γενόμενον,
2484 1898 2626 1976 ᾗπερ
2679 1903 2746 1958 ἂν
2791 1895 3045 1975 εὐοδωθῇ,
3079 1906 3199 1958 κατ’
3239 1905 3414 1957 ἐκεῖνο
3453 1903 3552 1976 τὴν
3595 1905 3700 1975 γῆν

449 2014 703 2067 oriuntur
729 2011 951 2065 ﬂumina
981 2031 993 2066 :
1026 2027 1257 2082 quorum
1303 2011 1348 2068 si
1397 2013 1520 2083 quis
1562 2013 2024 2086 magnitudinem,

455 2117 836 2174 perennesque
869 2118 1070 2160 cursus
1103 2103 1417 2160 consideret
1442 2147 1457 2168 ,
1504 2106 1775 2162 undenam
1824 2123 2021 2178 suppe-

451 2191 612 2247 ditari
655 2197 862 2245 tantam
904 2201 1170 2263 aquarum
1209 2194 1601 2250 abundantiam
1649 2195 2028 2253 existimabit?

453 2283 591 2338 Num
625 2285 838 2354 aliquos
868 2284 972 2338 sibi
1003 2283 1058 2337 in
1087 2293 1246 2338 terra:
1281 2284 1492 2340 sinibus
1533 2285 1689 2340 lacus
1719 2285 2029 2357 conﬁnget?

453 2375 688 2444 Quinam
707 2414 722 2438 ,
750 2375 1011 2440 obsecro,
1040 2376 1179 2429 tanti
1212 2375 1364 2431 lacus
1392 2390 1514 2431 esse
1537 2387 1768 2446 queant,
1797 2381 1892 2449 qui
1921 2373 2028 2434 nisi

453 2481 595 2522 nova
627 2465 848 2522 assidue
881 2465 1146 2520 accedant
1183 2465 1390 2520 auxilia
1413 2506 1427 2530 ,
1462 2483 1570 2522 non
1600 2467 1748 2524 brevi
1784 2475 2030 2540 tempore

455 2556 896 2613 exhauriantur?
925 2555 994 2609 At
1041 2555 1200 2618 alios,
1247 2555 1461 2627 inquis,
1513 2558 1666 2614 lacus
1695 2560 2030 2630 excogitabi-

458 2665 600 2704 mus.
631 2647 742 2718 Ego
761 2661 887 2702 vero
911 2647 1207 2716 requiram,
1232 2645 1492 2716 quidnam
1511 2649 1647 2706 alios
1665 2649 1786 2705 illos
1809 2665 2026 2706 rursum

455 2739 751 2795 exhaustos
780 2737 1040 2807 explebit.
1072 2735 1227 2802 Quod
1259 2737 1304 2790 sl
1336 2737 1473 2791 alios
1507 2743 1673 2808 atque
1713 2739 1848 2795 alios
1878 2739 2030 2797 lacus

458 2829 756 2894 inveneris,
803 2843 905 2899 ego
952 2828 1194 2884 vicissim
1245 2827 1612 2899 interrogabo,
1649 2829 1793 2886 unde
1841 2846 2032 2886 omnes

458 2921 675 2977 tandem
701 2919 962 2977 exinaniti
985 2919 1426 2989 complebuntur.
1456 2919 1681 2992 Cogeris
1711 2921 1878 2992 igitur
1903 2938 2032 2992 pro-

458 3013 609 3088 gredi
647 3014 702 3068 in
733 3011 1004 3066 inﬁnitum
1026 3050 1040 3074 ,
1073 3019 1236 3080 atque
1264 3011 1337 3064 ita
1367 3012 1544 3066 oratio
1576 3022 1666 3065 tua
1699 3012 1851 3068 lacus
1883 3013 2032 3068 lacu-

458 3105 563 3162 bus
605 3104 998 3168 accumulans,
1041 3118 1110 3158 ne
1157 3101 1401 3158 fontibus
1436 3103 1612 3158 desint
1655 3103 1839 3166 lacus,
1889 3106 2032 3160 unde

459 3207 737 3267 postremo
767 3209 907 3264 aqua
937 3201 1094 3250 ortus
1123 3191 1455 3263 principium
1487 3193 1684 3248 habeat
1705 3234 1719 3258 ,
1748 3209 2028 3265 nunquam
2061 3227 2105 3289 ρ

461 3287 746 3342 consistet.
795 3285 1193 3352 Quamobrem,
1236 3299 1358 3339 cum
1397 3283 1717 3353 reperienda
1753 3287 1824 3340 sit
1868 3301 2034 3340 causa

461 3395 571 3448 qua
617 3381 806 3450 primae
852 3393 1008 3448 aqua:
1049 3387 1246 3431 natura
1281 3377 1664 3440 constituitur,
1703 3378 1876 3448 magis
1909 3393 2040 3431 con-

465 3480 786 3528 sentaneum
815 3479 900 3526 est
921 3508 936 3533 ,
962 3484 1081 3526 eam
1111 3469 1164 3522 in
1195 3469 1345 3538 ipsos
1376 3468 1555 3524 i‘ontes
1579 3467 1851 3531 conferre,
1875 3481 2038 3538 quam

464 3563 571 3619 sub
599 3571 746 3618 terra
773 3561 927 3617 lacus
956 3561 1303 3632 conﬁngere,
1333 3577 1567 3632 quorum
1593 3563 1732 3616 ratio
1759 3575 2040 3616 commen-

465 3655 583 3709 titia
625 3653 810 3708 statim
838 3653 908 3708 ab
952 3667 1108 3723 aquae
1149 3663 1345 3708 natura
1391 3653 1644 3708 deorsum
1679 3653 1935 3709 tendente
1962 3653 2040 3708 la-

465 3743 797 3810 befactetur,
841 3753 894 3800 et
933 3745 1290 3800 convellatur.
1328 3741 1615 3811 Quomodo
1644 3745 1788 3800 enim
1820 3759 2039 3800 sursum

467 3835 631 3902 ilnet,
683 3836 862 3906 quod,
911 3835 1166 3892 deorsum
1229 3845 1288 3888 ut
1335 3835 1498 3898 ﬂuat,
1549 3841 1800 3888 naturam
1846 3831 2042 3888 habet?

468 3925 764 3990 Praeterea.
821 3941 984 3996 quam
1047 3927 1292 3998 ingentes
1359 3926 1575 3981 lacuum
1637 3926 1808 3982 moles
1879 3934 2042 3980 erunt

469 4017 874 4089 excogitanda,
937 4033 1088 4088 quae,
1143 4033 1268 4073 cum
1323 4033 1592 4090 perennes
1645 4029 1723 4075 tot
1776 4033 2039 4090 aquarum

471 4112 640 4181 copia;
669 4109 882 4166 saeculis
907 4109 1164 4164 omnibus
1200 4107 1453 4175 eiliuant,
1507 4119 1562 4166 et
1607 4111 1744 4165 nihil
1801 4125 2044 4181 unquam

471 4209 805 4273 reponatur,
876 4215 988 4256 non
1051 4201 1436 4257 exinaniantur
1510 4213 1694 4258 tamen
1771 4217 1872 4257 nec
1947 4218 2045 4257 ex-

473 4291 838 4347 hauriantur!
900 4289 1128 4346 Constat
1199 4291 1364 4360 igitur
1443 4307 1509 4345 ex
1579 4291 1648 4346 iis
1714 4307 1834 4362 qua:
1898 4290 2042 4346 dicta

475 4391 638 4448 sunt,
683 4381 805 4436 ideo
845 4379 1162 4436 ﬂuminibus
1198 4395 1396 4449 aquam
1449 4395 1557 4434 non
1594 4381 1862 4448 deiicere,
1899 4381 2044 4452 quod

477 4485 622 4530 terra
649 4475 703 4528 in
729 4475 876 4528 illam
899 4481 1316 4528 transmutetur.
1345 4470 1528 4528 Terrae
1547 4489 1676 4529 vero
1703 4475 2041 4544 magnitudo,

2127 1995 2522 2064 ἀνεστόμωσεν.
2558 1995 2729 2048 Τοῦτο
2755 1995 2812 2048 δὲ
2847 1995 2996 2067 πηγὴ
3025 1995 3368 2065 ὀνομάζεται.
3391 1995 3700 2066 Τεκμήριον

2126 2082 2183 2136 δέ
2213 2084 2308 2137 τοῦ
2339 2083 2696 2155 καθηγεῖσθαι
2740 2084 2837 2155 τὴν
2870 2083 3184 2156 ψυχρότητα
3231 2085 3328 2156 τῆς
3364 2083 3470 2140 τῶν
3495 2085 3702 2139 ὑδάτων

2127 2175 2413 2242 γενέσεως,
2465 2173 2525 2228 τὸ
2572 2177 2699 2240 τοὺς
2743 2176 2881 2247 πρὸς
2928 2175 3210 2247 ἀρκτῴους
3235 2178 3344 2230 τῶν
3387 2176 3567 2232 τόπων
3607 2177 3703 2230 καὶ

2131 2266 2329 2336 μᾶλλον
2371 2267 2819 2337 κατεψυγμένους
2855 2269 3194 2340 εὑθηνεϊσθαι
3228 2271 3338 2334 τοῖς
3381 2269 3588 2324 ὕδασιν.
3624 2265 3700 2322 Ἦ

2127 2356 2236 2428 γὰρ
2271 2356 2336 2410 ἂν
2365 2357 2560 2428 ἐπίσης
2597 2358 2667 2412 τὰ
2703 2358 2998 2430 ήλιούμενά
3042 2375 3102 2413 τε
3133 2361 3223 2414 καὶ
3251 2361 3418 2424 νότια,
3446 2357 3704 2433 διάϐροχα

2127 2449 2240 2512 τοῖς
2275 2447 2460 2502 ὕδασιν
2487 2445 2575 2521 ἦν,
2617 2449 2666 2503 εί
2713 2451 2878 2522 μηδὲν
2913 2449 2946 2521 ἡ
2987 2451 3223 2506 ἀπουσία
3251 2453 3351 2522 τῆς
3394 2451 3603 2524 ψύξεως
3635 2455 3704 2524 τῇ

2129 2541 2337 2610 γενέσει
2362 2541 2469 2595 τῶν
2510 2542 2693 2614 ὑγρῶν
2727 2543 3050 2609 ἐνεπόδιζεν.
3081 2545 3291 2616 Ὥσπερ
3324 2543 3378 2598 δέ
3405 2547 3464 2598 τὸ
3505 2543 3563 2612 ἐξ
3605 2547 3705 2618 δμ-

2132 2633 2292 2705 6ρίας
2321 2631 2462 2705 ὕδωρ
2491 2633 2775 2704 ἀθροισθὲν
2802 2635 2900 2706 μὲν
2931 2637 2996 2689 ἐκ
3013 2637 3112 2708 τῆς
3135 2636 3244 2689 τῶν
3270 2639 3544 2706 σταγόνων
3575 2641 3708 2711 συρ-

2133 2725 2300 2796 ροίας.
2331 2725 2663 2796 χειμάρρους
2691 2723 2919 2796 γίνεται,
2951 2727 2999 2779 εἰ
3021 2719 3276 2792 saneea;
3311 2729 3410 2792 τὰς
3436 2729 3702 2798 σταγόνας

2130 2811 2214 2879 ἐφ’
2235 2809 2440 2864 ἑαυτῶν
2460 2827 2544 2874 τις
2569 2811 2774 2882 βλέποι,
2795 2813 2966 2885 βραχύ
2983 2833 3034 2868 τι
3055 2815 3148 2868 καὶ
3178 2817 3290 2869 ἀντ’
3320 2817 3600 2882 οὑδενὸςτδ
3631 2820 3692 2872 ἐν

2138 2901 2346 2973 ἑκάστῃ
2369 2903 2695 2973 φανήσεται·
2723 2903 2864 2958 οὕτω
2880 2907 2971 2959 καί
2995 2907 3027 2976 ή
3046 2907 3146 2976 τῆς
3161 2907 3300 2962 κατά
3325 2905 3518 2962 λεπτὸν
3533 2909 3710 2964 κάτω⁵

2134 2992 2224 3045 θεν
2266 2993 2352 3046 ἀεὶ
2407 2993 2500 3046 τοῦ
2543 2991 2710 3066 ὑγροῦ
2762 2998 3155 3070 συνισταμένης
3195 3001 3523 3073 ποσότητος*
3581 3001 3710 3057 ὅταν

2133 3083 2190 3137 ἐν
2217 3086 2281 3138 ἐκ
2319 3085 2528 3139 πολλῶν
2568 3087 2798 3159 ῥείθρων
2821 3089 2882 3141 τὸ
2909 3089 3016 3143 τῶν
3052 3089 3263 3146 λεπτῶν
3300 3091 3572 3164 ἄθροισμα
3615 3095 3709 3164 γέ-

2133 3191 2312 3246 νηται,
2347 3176 2410 3229 τὸ
2450 3177 2690 3234 τοιοῦτον
2725 3182 2804 3244 είς
2843 3181 3088 3252 ποταμοῦ
3120 3185 3282 3253 φύσιν
3309 3185 3595 3243 ἐκδίδοται.
3651 3185 3712 3241 Ὀ

2137 3268 2194 3321 δέ
2218 3267 2422 3333 ταύτας
2444 3270 2544 3334 τὰς
2573 3271 2864 3344 ὑπολήψεις
2903 3279 3418 3348 παραγραφόμενος,
3454 3279 3616 3334 πόθεν
3645 3281 3710 3334 ἂν

2137 3362 2346 3433 οἰηθείη
2395 3364 2522 3426 τοὺς
2571 3366 2826 3428 ἀεννάους
2867 3365 2978 3420 τῶν
3021 3369 3283 3440 ποταμῶν
3330 3367 3708 3436 ἀναδίδοσθαις

2137 3445 2286 3524 Ἀρα
2335 3457 2407 3526 μή
2448 3473 2600 3519 τινας
2645 3455 2840 3528 λίμνας
2876 3458 3027 3524 ἐντὸς
3065 3459 3172 3514 τῶν
3209 3461 3310 3533 τῆς
3351 3463 3455 3534 γῆς
3496 3465 3712 3518 κόλπων

2139 3547 2516 3618 ὑπονοήσειεν;
2562 3548 2720 3603 Ἀλλὰ
2739 3549 2835 3602 καὶ
2855 3543 3014 3604 αὗται
3051 3549 3268 3618 πάντως
3297 3555 3346 3608 εί
3379 3555 3454 3625 μὴ
3483 3555 3544 3608 τδ
3565 3558 3712 3628 ἐπιρ-

2143 3641 2264 3711 ρέον
2315 3641 2523 3712 ἔχοιεν,
2577 3642 2636 3695 ἐν
2687 3641 2878 3713 βραχεῖ
2929 3643 3352 3716 κενωθήσονται,
3410 3647 3549 3702 ὥστε
3590 3649 3711 3704 κατ’

2139 3733 2382 3803 ἀνάγκην
2427 3733 2521 3786 καὶ
2565 3731 2730 3797 ἄλλας
2779 3733 2981 3789 τούτων
3011 3735 3364 3810 ὑπερκεῖσθαι
3405 3741 3644 3810 νομίσει·
3673 3743 3708 3814 η

2139 3823 2195 3876 δὲ
2233 3823 2520 3877 ἀκολουθία
2554 3824 2648 3878 τοῦ
2675 3825 2858 3894 λόγου,
2905 3827 2999 3880 καὶ
3047 3825 3145 3890 τὰς
3180 3828 3342 3892 ἄλλας
3369 3829 3711 3901 ἀναπληροῦν

2139 3913 2498 3986 ἀναζητήσει’
2525 3915 2628 3969 κᾶν
2669 3915 2832 3981 ἄλλας
2871 3917 3221 3987 ὑπερκεῖσθαι
3257 3919 3451 3990 λίμνας
3489 3921 3711 3974 ἐκείνων

2142 4005 2485 4076 ὑποτίθηται,
2527 4007 2622 4060 καὶ
2649 4007 2710 4060 τὸ
2739 4007 2844 4061 τῶν
2877 4007 3050 4064 ἄλλων
3097 4011 3366 4082 πλήρωμα
3406 4013 3561 4076 ποίας
3599 4013 3712 4084 ἔχει

2141 4097 2238 4160 τὰς
2285 4097 2538 4169 ἀφορμὰς
2577 4099 2886 4167 ἀναγκαίως
2932 4099 3352 4171 διερευνήσεται,
3399 4104 3508 4158 Καὶ
3538 4104 3711 4170 οὕτως

2144 4188 2224 4251 είς
2251 4189 2474 4260 ἄπειρον
2503 4187 2706 4261 προῖὼν
2727 4190 2755 4242 ὁ
2775 4191 2930 4260 λόγος
2949 4191 3183 4262 οὐδαμοῦ
3205 4195 3480 4265 στήσεται,
3505 4195 3711 4266 λιμνῶν

2143 4278 2338 4347 λίμνας
2371 4279 2681 4352 ὑπερτιθείς
2705 4298 2717 4311 ·
2766 4281 2851 4335 ἵνα
2880 4282 2935 4336 αί
2975 4282 3109 4354 πρὸς
3147 4287 3266 4347 ταῖς
3295 4289 3498 4354 πηγαῖς
3525 4285 3711 4358 λίμναι

2149 4371 2223 4442 μὴ
2261 4371 2634 4436 ἐπιλείπωσιν,
2665 4371 2768 4438 ἕως
2808 4373 2874 4428 ἂν
2910 4373 3020 4428 τῶν
3061 4376 3303 4445 ἐσχάτων
3327 4377 3424 4440 τὰς
3459 4379 3712 4449 ἀφορμὰς

2147 4462 2447 4535 καταλάϐῃ,
2490 4463 2558 4515 δι’
2603 4457 2737 4535 ῶνή
2775 4464 2870 4518 τοῦ
2917 4465 3106 4530 ὓδατος
3149 4468 3358 4536 γένεσις
3404 4467 3500 4540 τὴν
3540 4471 3714 4541 ἀρχὴν

481 4569 606 4623 licet
643 4574 852 4620 tantum
895 4581 958 4620 ex
1003 4581 1065 4620 ea
1105 4565 1262 4634 copia
1307 4579 1570 4636 aquarum
1611 4576 1891 4638 erumpat,
1936 4583 2036 4622 non

2148 4551 2432 4623 λαμϐάνει.
2473 4555 2648 4624 Ὅπερ
2692 4557 2867 4609 τοίνυν
2902 4558 3046 4621 εἰκός
3075 4559 3188 4612 ἐστι
3220 4557 3320 4628 τῆς
3359 4561 3579 4632 πρώτης
3615 4560 3710 4616 τοῦ

479 4659 839 4723 imminuitur,
872 4659 1126 4729 quoniam
1174 4657 1391 4714 assidue
1431 4657 1499 4712 ab
1543 4660 1833 4715 exsiccatis
1877 4675 2045 4730 vapo-

481 4755 634 4808 ribus
665 4753 1026 4808 instauratur.
1059 4751 1158 4808 liis
1184 4742 1262 4807 vita
1289 4753 1603 4808 constitutis
1623 4793 1638 4816 ,
1669 4769 1778 4808 non
1812 4755 2046 4824 amplius

482 4854 668 4900 mutua
724 4845 883 4901 nobis
935 4845 1330 4901 elementorum
1389 4847 1530 4900 inter
1580 4862 1639 4901 se
1689 4847 2046 4901 commutatio

480 4937 834 4992 rlaudicabit.
871 4938 1111 5008 Apparet
1139 4937 1284 4992 enim
1315 4937 1481 5002 ordo,
1514 4953 1621 5008 quo
1664 4939 1827 4993 unius
1872 4939 1926 4993 in
1970 4939 2048 4992 al-

479 5041 660 5085 terum
691 5032 1049 5086 commutatio
1083 5039 1167 5086 est
1198 5039 1352 5086 ortus
1387 5032 1530 5084 illius
1565 5047 1750 5086 causa.
1803 5031 2048 5102 Exempli

481 5123 656 5193 gratia
682 5137 696 5175 :
731 5137 869 5191 aqua
897 5137 992 5192 per
1021 5137 1250 5192 vapores
1279 5122 1494 5176 sublata
1541 5121 1596 5176 iit
1638 5139 1751 5178 aer.
1797 5123 1904 5177 Aer
1935 5139 2051 5176 ma-

483 5213 728 5268 defactus
759 5214 813 5266 in
847 5211 1131 5284 superiore
1160 5211 1374 5266 ﬂamma
1404 5212 1729 5268 exsiccatur.
1760 5213 1914 5280 Quod
1945 5225 2051 5268 ter-

483 5319 673 5358 renum
706 5311 790 5358 est
819 5318 914 5376 per
947 5305 1090 5374 ignis
1119 5312 1369 5357 naturam
1417 5303 1484 5358 ab
1532 5303 1754 5359 humido
1803 5306 2047 5360 secerni-

485 5415 591 5470 tur,
626 5413 893 5476 terraeque
929 5405 1198 5460 redditum
1236 5422 1331 5477 per
1359 5407 1676 5477 qualitatem
1712 5403 1960 5477 frigidam
1992 5409 2048 5462 in

487 5525 680 5580 aquam
707 5519 1098 5568 commutatur.
1135 5507 1210 5564 Ex
1239 5527 1349 5582 quo
1381 5512 1474 5577 iit,
1505 5523 1566 5566 ut
1597 5513 1714 5568 sine
1739 5515 1851 5568 ullo
1879 5513 2052 5584 impe-

486 5615 728 5670 dimento
771 5631 984 5686 semper
1028 5615 1295 5670 elementa
1347 5614 1589 5670 vicissim
1635 5616 1777 5670 inter
1815 5632 1876 5674 se
1903 5631 2052 5670 com-

489 5725 710 5782 meent,
741 5727 796 5773 et
823 5719 1300 5784 circumferantur,
1340 5721 1660 5790 nullumque
1701 5735 1766 5774 ex
1811 5721 1919 5775 illis
1959 5729 2052 5775 aut

487 5831 844 5890 consumatur
871 5832 964 5879 aut
987 5822 1252 5881 redundet
1283 5833 1444 5894 atque
1475 5823 1771 5888 exuberet,
1805 5823 1900 5878 sed
1933 5839 2053 5878 om-

2149 4645 2340 4707 ῦδατος
2357 4645 2569 4716 φύσεως
2598 4647 2778 4702 αἰτίαν
2808 4647 3177 4721 ἐξευρεθῆναι,
3196 4652 3330 4704 πολὺ
3347 4651 3412 4706 ἂν
3429 4653 3718 4722 εύλογώτε·

2151 4755 2244 4810 ρον
2275 4737 2358 4808 εῐη
2383 4737 2542 4791 τοῦτο
2580 4739 2706 4810 περὶ
2738 4739 2956 4812 τὴντῶν
2975 4741 3167 4812 πηγῶν
3199 4742 3452 4797 σύστασιν
3492 4747 3712 4810 ἐννοεῖν,

2149 4829 2245 4882 καὶ
2281 4829 2354 4898 μὴ
2395 4829 2494 4893 τὰς
2541 4829 2828 4898 ὑπογείους
2875 4830 3068 4901 λίμνας
3103 4834 3482 4901 φαντάζεσθαι,
3515 4837 3610 4906 ἀφ’
3639 4831 3715 4892 ὧν

2147 4918 2308 4982 εὐθὺς
2351 4919 2446 4972 καὶ
2481 4919 2542 4972 τὸ
2581 4919 2896 4991 κατωφερὲς
2927 4921 3026 4990 τῆς
3047 4923 3140 4975 τοῦ
3171 4921 3362 4988 ὓδατος
3399 4927 3610 4992 φύσεως
3655 4927 3716 4994 ἐξ

2147 5008 2389 5062 ἐναντίου
2435 5008 2570 5080 πρὸς
2610 5009 2702 5062 τὸν
2749 5009 2903 5078 λόγον
2941 5009 3173 5067 ἵσταται.
3231 5013 3354 5078 Πῶς
3385 5015 3494 5086 γάρ
3527 5017 3618 5071 ἐπὶ
3651 5017 3716 5074 τὸ

2147 5101 2260 5156 ἄνω
2311 5103 2569 5172 ρυήσεται
2615 5099 2676 5156 οὑ
2739 5103 2772 5172 ἠ
2821 5103 2980 5171 φύσις
3032 5103 3166 5158 ίδίαν
3215 5105 3326 5176 ἔχει
3372 5107 3470 5178 τὴν
3515 5111 3607 5162 ἐπὶ
3655 5111 3715 5164 τδ

2149 5192 2298 5246 κάτω
2327 5193 2531 5264 φοράν;
2584 5193 2816 5246 Ἔπειτα
2853 5193 2912 5247 δὲ
2957 5194 3049 5248 καὶ
3090 5197 3212 5250 ὅσον
3243 5197 3303 5250 τὸ
3349 5199 3576 5269 μέγεθος
3607 5201 3714 5254 τῶν

2149 5283 2355 5353 λιμνῶν
2407 5284 2630 5337 ἐκείνων
2675 5285 2709 5355 ἡ
2752 5286 3004 5358 διηνεκὴς
3049 5289 3155 5342 τῶν
3200 5290 3466 5344 τοσούτων
3511 5292 3717 5348 ὑδάτων

2149 5372 2394 5443 ἀπορροὴ
2433 5373 2787 5442 στοχάζεσθαι
2833 5375 3066 5444 δίδωσιν,
3097 5378 3236 5432 ὥστε
3283 5381 3533 5434 τοσοῦτον
3579 5401 3716 5455 προ-

2151 5463 2412 5534 χεύουσαν
2445 5465 2502 5516 ἐν
2526 5465 2798 5530 τοσούτοις
2818 5466 3050 5538 χρόνοις,
3073 5469 3343 5525 ἀκένωτον
3384 5475 3582 5542 μένειν,
3615 5493 3717 5548 μη-

2150 5553 2298 5616 δενὸς
2349 5553 2560 5607 ἔνδοθεν
2599 5557 2659 5608 τὸ
2699 5557 2838 5620 ἐξιὸν
2880 5557 3306 5628 ἀντεισάγοντος;
3358 5563 3516 5618 Ἀλλά
3560 5565 3717 5636 δῆλον

2151 5645 2218 5699 ἂν
2251 5643 2336 5716 εἴη
2367 5643 2456 5698 διά
2484 5645 2591 5700 τῶν
2621 5645 3021 5718 ἐξητασμένων,
3052 5649 3131 5703 ὅτι
3161 5651 3239 5722 τῷ
3279 5655 3504 5728 ποταμῷ
3532 5657 3630 5728 μὲν
3654 5656 3716 5712 οὑ

2151 5733 2326 5786 λείπει
2376 5737 2408 5803 ἡ
2456 5736 2684 5806 χορηγία
2729 5735 2821 5789 τοῦ
2868 5735 3077 5801 ὓδατος,
3107 5739 3208 5810 τῆς
3243 5741 3348 5810 γῆς
3387 5748 3522 5816 πρὸς
3559 5745 3716 5800 τοῦτο

2159 5824 2577 5899 μεθισταμένης.
2625 5827 2683 5880 '0
2719 5827 2776 5879 δὲ
2817 5827 2980 5896 ὄγκος
3013 5830 3114 5900 τῆς
3152 5831 3256 5903 γῆς
3281 5833 3379 5888 οὑκ
3404 5833 3714 5890 ἐλαττοῦται
