4110 6498
363 1172 375 1367 i

423 452 527 509 115
1623 466 1687 521 IN
1728 468 1996 525 HEXAEM

2093 473 2199 528 lON
2242 473 2304 527 ω
2315 472 2447 527 BER
3028 484 3037 497 '
3568 480 3629 532 Η
3648 481 3669 527 ι

416 568 502 623 διὰ
532 565 624 619 τοῦ
653 567 981 638 ὑπεξιόντος,
1004 573 1100 645 τῆς
1120 574 1347 629 πάντοτε
1371 577 1661 649 γινομένης
1678 580 1786 634 τῶν
1807 583 1987 654 ξηρῶν

2093 586 2179 639 nia
2207 586 2259 640 in
2289 604 2393 657 qua
2426 587 2660 658 primum
2691 595 2985 642 constituta
3018 598 3146 643 sunt
3182 606 3438 645 mensura
3473 611 3503 661 p
3540 612 3664 663 rpe-

415 657 606 727 ἀτμῶν
649 662 971 733 μεταῦολῆς,
1014 665 1074 717 τὸ
1124 667 1209 719 ἀεὶ
1258 667 1575 739 μειούμενον
1601 671 1667 723 ἐκ
1698 672 1791 726 τοῦ
1830 674 1991 742 ὄγκου

2101 689 2191 734 tuo
2223 688 2498 735 maneant.

421 748 858 835 ἀναπληρφύσης.
893 747 992 808 Ὧν
1036 757 1351 827 γινομένων,
1403 760 1580 812 οὐκέτ’
1622 760 1688 814 ἂν
1738 765 1869 833 ἡμῖν
1920 768 1952 836 ἡ
2007 768 2085 831 εἰς
2111 769 2314 840 ἄλληλα
2361 770 2468 823 τῶν
2525 766 2799 837 στοιχείων
2852 768 3132 835 ἀλλοίωσις
3181 770 3399 832 σκάζειν
3462 770 3669 837 δοκοίη,

415 842 549 937 άλλά
589 844 655 937 δι’
690 847 982 902 ἀκολούθου
1024 851 1298 922 δεσμεῐται
1334 856 1363 907 ὁ
1417 853 1609 924 λόγος,
1670 857 1768 927 τὴν
1815 859 2046 913 ἑκάστου
2106 864 2242 934 πρὸς
2288 864 2347 917 τὸ
2400 864 2583 937 ἕτερον
2638 861 2881 933 τροπὴν,
2926 864 3136 932 γένεσιν
3188 866 3391 917 ἐκείνου
3454 866 3548 917 τοῦ
3590 871 3669 929 εἰς

416 932 443 1029 ξι
468 936 773 1029 μετεϐλήθη
822 940 1050 1010 βλέπων,
1086 945 1179 999 καὶ
1211 948 1309 1017 τὴν
1338 948 1430 1003 ἀπ’
1466 949 1672 1003 ἐκείνου
1702 950 1839 1021 πρὸς
1890 953 1949 1006 τὸ
2000 932 2262 1027 ἐξάρχῆς
2303 958 2463 1011 πάλιν
2495 932 2957 1013 άποκατάστασιν.
2993 953 3114 1011 υἷον
3140 960 3200 1011 τὸ
3230 958 3371 1029 ὕδωρ
3412 959 3545 1028 πρὸς
3577 961 3668 1010 τὸν

418 1019 553 1100 ἀέρα
579 1028 664 1083 διὰ
695 1030 800 1085 τῶν
841 1034 1029 1104 ἀτμῶν
1072 1037 1335 1107 ἀνοιχθὲν.
1382 1041 1490 1113 ἀὴρ
1526 1019 1771 1109 ἐγένετολ
1813 1046 1841 1103 ὁ
1880 1046 1988 1117 ἀὴρ
2022 1019 2308 1120 ὑγραῦθ-εὶς
2353 1052 2411 1102 ἐν
2458 1050 2534 1121 τῷ
2584 1053 2965 1124 ὑπερκειμένη)
3006 1050 3231 1119 φλογμῷ
3253 1019 3625 1121 κατεξηράνθη
3649 1066 3665 1080 ο

418 1127 479 1173 τὸ
532 1123 731 1191 γεῶδες
776 1125 868 1179 τοῦ
917 1126 1083 1198 ὑγροῦ
1133 1129 1223 1183 διὰ
1276 1129 1376 1199 τῆς
1412 1131 1505 1187 τοῦ
1556 1132 1727 1203 πυρὸς
1781 1134 1995 1204 φύσεως
2052 1140 2360 1212 ἀπεκρίθη·
2411 1142 2568 1199 τοῦτο
2612 1145 2669 1199 ὲν
2712 1146 2777 1214 τῇ
2830 1146 2899 1214 γῇ
2938 1143 3224 1211 γενόμενον
3263 1140 3347 1194 διά
3408 1141 3503 1211 τῆς
3562 1143 3666 1211 ψυ·

418 1219 552 1290 χρᾶς
598 1219 881 1288 ποιότητος
918 1224 998 1286 εἰς
1052 1223 1193 1293 ὕδωρ
1244 1228 1574 1299 μετεποιήθη
1596 1245 1609 1258 ·
1659 1231 1751 1282 καὶ
1792 1230 1963 1294 οὕτως
1998 1233 2339 1300 ἀδιάλειπτος
2365 1232 2420 1303 ,“
2449 1238 2541 1291 καὶ
2556 1241 2833 1309 ἀνωμένου
2881 1238 2972 1295 καὶ
3008 1237 3220 1302 οὐδενὸς
3261 1238 3665 1305 πλεονάζοντος,

416 1311 528 1365 ἀλλ’
551 1312 609 1366 ὲν
634 1315 744 1377 τοῖς
768 1314 827 1377 ἐξ
846 1316 1019 1390 ἀρχῆς
1043 1317 1258 1389 μέτροις
1282 1321 1359 1383 είς
1381 1320 1442 1372 τὸ
1465 1320 1704 1395 διηνεκὲς
1732 1323 2093 1394 διαμένοντος.

503 1403 710 1458 Οὑκοῦν
781 1404 909 1458 ἄλλο
967 1424 1019 1459 τι
1081 1410 1230 1478 παρά
1301 1410 1401 1482 τὴν
1461 1412 1634 1483 ὑγρὰν
1702 1413 1863 1481 φύσιν
1927 1417 1997 1471 τὰ

416 1496 787 1565 ὑπερκείμενα
834 1497 927 1551 τοῦ
980 1500 1355 1571 στερεώματος
1404 1501 1570 1557 ύδατα
1612 1507 1770 1569 νοεῖν,
1805 1507 1839 1576 ἡ
1887 1504 1996 1559 τῶν

417 1586 811 1652 ὲξετασθέντων
865 1589 1153 1645 ἀκολουθία
1214 1592 1462 1657 δίδωσιν,
1523 1593 1680 1666 εἴπερ
1757 1595 1835 1666 τῷ
1919 1596 1994 1668 μὴ

415 1679 709 1751 τρέφεσθαι
765 1683 832 1753 τῇ
894 1679 987 1734 τοῦ
1046 1682 1214 1754 ὑγροῦ
1250 1683 1462 1757 δαπάνῃ
1537 1685 1637 1756 τὴν
1686 1686 1780 1739 τοῦ
1824 1686 1995 1757 πυρὸς

418 1770 579 1840 φύσιν
622 1771 689 1825 ἐκ
731 1770 841 1824 τῶν
883 1772 1186 1844 εἰρημένων
1233 1778 1660 1845 κατενοήσαμεν.
1715 1775 1993 1830 Δέδεικται

419 1863 527 1934 γάρ
564 1864 621 1916 ὲν
662 1864 773 1925 τοῖς
812 1862 1219 1935 ἐξητασμένοις,
1247 1866 1327 1917 ὅτι
1365 1865 1425 1918 τὸ
1454 1866 1653 1937 θερμόν
1689 1866 1766 1937 τῷ
1799 1865 1991 1938 ψυχρῷ

417 1954 540 2026 οὑχὶ
576 1954 856 2029 τρέφεται,
899 1956 1036 2010 ἀλλά
1086 1958 1402 2013 σϐέννυται·
1450 1962 1544 2014 καὶ
1587 1961 1649 2013 τὸ
1714 1962 1879 2032 ὑγρὸν
1916 1961 1993 2032 τῷ

416 2044 568 2115 ξηρῷ
612 2047 948 2116 ἀφανίζεται,
985 2047 1046 2101 οὑ
1072 2048 1373 2111 πλεονάζει.
1427 2050 1565 2103 Ἀλλ’
1592 2051 1684 2103 ἐπὶ
1712 2053 1772 2105 τὸ
1806 2052 1991 2123 ἕτερον

2171 1414 2246 1468 Ex
2278 1414 2366 1480 iis,
2394 1430 2516 1484 quae
2540 1415 2811 1485 disputata
2835 1424 2989 1478 sunt,
3017 1413 3289 1483 sequitur,
3316 1420 3372 1466 ut
3391 1428 3547 1483 aquze
3569 1432 3663 1469 su-

2093 1522 2191 1579 pra
2214 1507 2611 1561 ﬁrmamentum
2634 1508 2751 1562 sitae
2773 1508 2841 1560 ab
2864 1508 2965 1559 hac
2988 1506 3211 1567 humida
3236 1514 3429 1560 natura
3454 1506 3661 1563 discre-

2094 1606 2246 1671 pent.
2281 1599 2435 1653 Patet
2466 1600 2609 1652 enim
2642 1598 2850 1655 humidi
2881 1606 3041 1668 pastu
3073 1606 3327 1652 naturam
3359 1598 3500 1667 ignis
3549 1614 3658 1651 non

2096 1691 2165 1745 ali
2193 1689 2769 1759 :demonstratumque
2789 1698 2895 1755 est,
2919 1689 3155 1747 calidum
3174 1688 3373 1759 frigido
3396 1704 3505 1743 non
3532 1700 3691 1744 cmi-‘

2095 1782 2215 1839 triri
2234 1821 2249 1845 ,
2273 1781 2368 1837 sed
2391 1782 2661 1851 exstingui
2690 1800 2703 1835 :
2731 1788 2783 1836 et
2809 1780 3033 1836 humido
3060 1782 3267 1837 siccum
3298 1780 3467 1836 deleri
3489 1821 3505 1845 ,
3546 1796 3656 1833 non

2094 1873 2363 1942 adjuvari.
2391 1874 2755 1938 Quamobrem
2778 1882 2997 1943 tempus
3018 1881 3137 1935 est,
3161 1881 3221 1927 ut
3239 1871 3541 1927 orationem
3570 1887 3661 1925 no-

2093 1974 2263 2022 stram
2317 1966 2425 2021 alio
2463 1973 2884 2031 convertemus,
2926 1981 3349 2035 quaeramusque
3385 1964 3659 2032 quomodo

2095 2056 2255 2111 tertio
2272 2055 2360 2117 die
2378 2055 2532 2109 factae
2550 2065 2677 2110 sunt
2697 2070 2906 2119 omnes,
2927 2071 3047 2125 quae
3070 2056 3125 2111 in
3142 2056 3282 2109 caelo
3306 2065 3451 2120 sunt,
3467 2056 3656 2113 stellae.

416 2135 525 2189 τῶν
570 2135 914 2208 ζητουμένων
942 2139 1135 2211 καιρὸς
1166 2140 1232 2194 ἂν
1262 2141 1348 2210 εἴη
1367 2141 1562 2213 τρέψαι
1600 2142 1700 2214 τὴν
1738 2143 1990 2215 θεωρίαν,

2093 2146 2246 2213 Quod
2268 2147 2432 2216 igitur
2452 2147 2705 2201 omnibus
2730 2146 2892 2201 rebus
2919 2146 3256 2203 admirandis
3268 2161 3389 2214 qua:
3406 2161 3663 2213 procrea-

420 2228 539 2292 πῶς
579 2229 718 2303 μετά
746 2229 844 2300 τὴν
878 2230 1070 2302 τρίτην
1110 2231 1323 2303 ἡμέραν
1369 2234 1568 2297 πάντες
1598 2236 1646 2288 οἱ
1689 2236 1807 2289 κατ’
1833 2237 1994 2305 ούρα-

417 2318 509 2373 νὺν
540 2320 825 2393 φωστῆρες
852 2321 1195 2393 πεποίηνται.
1229 2322 1353 2376 Ὅτι
1382 2322 1480 2392 μὲν
1501 2320 1592 2377 οὖν
1616 2325 1845 2378 ἑκάστου
1885 2324 1993 2378 τῶν

417 2412 723 2482 γινομένων
774 2412 1065 2483 θαυμάτων
1126 2412 1284 2482 λόγος
1336 2432 1420 2479 τις
1476 2416 1617 2481 θεῖος
1668 2416 1993 2488 καθηγεῖται

419 2504 846 2574 προστακτικὸς,
893 2504 1035 2558 οὑτω
1084 2505 1177 2558 τοῦ
1225 2507 1470 2573 Μωσέως
1518 2507 1801 2578 ίστορικῶς
1845 2510 1993 2578 ἡμᾶς

416 2590 487 2645 τά
527 2590 707 2661 ὑψηλά
751 2590 860 2644 τῶν
904 2591 1187 2663 δογμάτων
1232 2594 1603 2659 διδάσκοντος,
1626 2598 1683 2653 ἐν
1712 2599 1821 2662 τοῖς
1859 2597 1995 2667 φθά-

420 2700 578 2736 σασιν
627 2682 966 2754 ἐξητάσαμεν
1003 2685 1216 2753 λόγοις,
1248 2688 1306 2739 ὲν
1344 2683 1425 2750 οἷς
1469 2687 1626 2743 τοῦτο
1663 2690 1993 2758 κατενοήσα-

422 2792 523 2845 μεν
548 2816 563 2842 ,
590 2776 651 2829 τὸ
678 2775 753 2847 μὴ
785 2776 1111 2847 πρόσταγμα
1142 2773 1280 2830 εἶναι
1303 2775 1391 2831 διὰ
1423 2779 1681 2850 ῥημάτων
1714 2780 1994 2851 γινόμενον

415 2868 518 2940 τὴν
550 2867 698 2923 θείαν
739 2869 950 2939 φωνὴν,
980 2869 1117 2923 ἀλλά
1155 2871 1253 2940 τὴν
1296 2874 1554 2942 τεχνικήν
1595 2889 1655 2925 τε
1693 2874 1786 2929 καὶ
1827 2872 1995 2944 σοφὴν

416 2961 648 3031 δύναμιν
676 2961 906 3016 ἑκάστου
940 2962 1047 3015 τῶν
1076 2963 1395 3033 γινομένων,
1432 2963 1554 3017 καθ’
1599 2966 1665 3035 ἥν
1693 2966 1994 3035 ἐνεργεῖται

418 3052 487 3106 τά
517 3053 575 3106 ὲν
602 3056 712 3116 τοῖς
743 3050 861 3108 οὖσι
884 3054 1156 3123 θαύματα,
1188 3054 1347 3111 τοῦτο
1378 3055 1533 3124 λόγον
1562 3056 1694 3110 Θεοῦ
1725 3061 1816 3111 καὶ
1848 3054 1991 3113 εἶναι

418 3144 515 3198 καὶ
539 3143 824 3213 λέγεσθαι,
865 3148 960 3199 καὶ
984 3147 1067 3199 ὃτι
1099 3147 1302 3212 παντὸς
1332 3148 1542 3217 ἀθρόως
1574 3148 1668 3201 τοῦ
1717 3148 1858 3204 κατὰ
1896 3149 1995 3218 τὴν

419 3236 602 3290 κτίσιν
646 3236 1011 3309 πληρώματος
1058 3241 1116 3293 ὲν
1156 3238 1235 3308 τῷ
1278 3238 1481 3310 πρώτῳ
1528 3240 1622 3292 τοῦ
1657 3240 1792 3293 Θεοῦ
1842 3239 1996 3312 θελήο

421 3340 554 3393 ματι
592 3327 913 3392 συστάντος,
940 3328 974 3398 ὴ
1014 3327 1324 3396 ἀναγκαίως
1368 3328 1511 3382 κατά
1543 3328 1640 3399 τὴν
1667 3329 1996 3401 ὲγκειμένην

416 3418 534 3479 τοῖς
558 3412 677 3471 οὖσι
712 3417 904 3486 σοφίαν
942 3419 1181 3490 ἑπομένη
1216 3419 1399 3485 τάξις,
1453 3420 1588 3490 πρὸς
1629 3421 1727 3491 τὴν
1760 3422 1995 3475 ἑκάστου

418 3506 530 3559 τῶν
581 3508 860 3578 στοιχείων
901 3509 1190 3576 ἀνάδειξιν,
1225 3510 1332 3565 τῶν
1365 3510 1523 3567 θείων
1556 3512 1996 3583 προσταγμάτων

416 3597 518 3669 τὴν
542 3600 860 3656 ἀκολουθίαν
896 3601 1028 3671 ἔχει.
1067 3602 1309 3657 Συνελὼν
1336 3602 1443 3674 γὰρ
1469 3604 1527 3657 ὲν
1564 3605 1630 3675 τῇ
1676 3602 1865 3674 πρώτῃ
1898 3604 1996 3674 τῆς

420 3689 747 3761 αίσθητικῆς
781 3692 1009 3755 κτίσεως
1046 3691 1373 3759 ὑποστάσει,
1414 3694 1779 3765 περιληπτικῇ
1807 3696 1957 3765 φωνῇ
1978 3732 1995 3759 ,

418 3781 483 3833 τὸ
532 3783 641 3835 πᾶν
688 3785 716 3835 ὁ
762 3781 964 3852 Μωσῆς
1018 3783 1321 3848 ἐνεδείξατο
1365 3785 1566 3838 εἰπών’
1635 3803 1654 3836 ι
1718 3786 1803 3838 Ἐν
1855 3786 1995 3856 ἀρχῇ

419 3872 677 3942 ἐποίησεν
714 3874 743 3926 ό
771 3873 903 3938 Θεὸς
938 3875 1028 3928 τὸν
1066 3875 1291 3947 οὐρανὸν
1323 3876 1416 3929 καὶ
1453 3875 1550 3946 τὴν
1580 3876 1706 3946 γῆν,
1746 3892 1765 3927 ι
1803 3875 1876 3928 Τὸ
1903 3872 1997 3930 οὖν

421 3962 699 4035 πλήρωμα
726 3964 835 4018 τῶν
860 3965 1029 4019 ὄντων
1066 3965 1233 4020 εἰπὼν
1257 3968 1340 4019 ὅτι
1367 3966 1643 4036 ἐποίησεν,
1670 3965 1902 4036 καθεξῆς
1940 3967 1999 4020 ὲν

419 4052 574 4118 τάξει
598 4056 709 4108 τινὶ
755 4061 956 4129 φυσικῇ
986 4057 1082 4128 τὴν
1120 4057 1410 4128 γινομένην
1440 4059 1670 4112 ἑκάστου
1700 4058 1807 4111 τῶν
1830 4058 1997 4112 ὄντων

419 4145 689 4215 ἀνάδειξιν
744 4148 1158 4219 ὲπισημειοῦται
1212 4148 1290 4220 τῷ
1349 4149 1511 4218 λόγῳ.
1571 4150 1765 4217 Γέγονε
1817 4150 1997 4203 τοίνυν

423 4242 561 4312 μετά
595 4240 813 4295 πάντων
848 4241 910 4294 τὺ
944 4241 1089 4309 φῶς,
1119 4241 1233 4295 ἀλλ’
1262 4241 1361 4295 οὑκ
1391 4240 1551 4302 εὐθὺς
1583 4239 1866 4311 προεφάνη
1889 4237 1997 4294 τῶν

419 4333 669 4397 πάντων,
696 4334 801 4395 ἕως
839 4331 910 4386 τά
936 4333 1154 4401 ἀφεγγῆ
1180 4335 1278 4403 τῆς
1316 4331 1545 4394 κτίσεως
1574 4330 1712 4401 μέρη
1742 4331 1839 4401 τῆς
1885 4347 1999 4398 φω-

417 4428 665 4498 τιστικῆς
696 4427 1128 4497 ἐπιπροσθοῦντα
1160 4426 1439 4496 δυνάμεως
1476 4426 1666 4496 ἔμενεν
1687 4441 1702 4457 ο
1738 4424 1890 4496 ’ὁμοῦ
1940 4425 1996 4481 δὲ

2093 2245 2161 2295 tae
2204 2246 2331 2292 sunt
2358 2276 2373 2299 .
2403 2237 2647 2290 divinum
2690 2234 2961 2304 quoddam
2995 2236 3308 2295 mandatum
3341 2235 3663 2303 imperium-

2093 2342 2198 2397 que
2240 2327 2517 2397 sigillatim
2568 2327 2947 2396 praecesserit,
2992 2341 3058 2380 ex
3100 2325 3268 2381 Mosis
3313 2326 3541 2379 historia
3583 2327 3665 2379 sic

2091 2419 2304 2483 excelsa
2346 2419 2463 2475 haec
2505 2417 2723 2474 decreta
2762 2417 3160 2486 complectente
3189 2418 3244 2470 in
3279 2416 3661 2486 superioribus

2091 2511 2609 2575 animadvertimus,
2662 2508 3111 2578 didicimusque,
3164 2508 3410 2563 divinam
3466 2522 3659 2562 vocem

2092 2619 2203 2659 non
2259 2586 2383 2657 esse
2416 2603 2731 2657 mandatum
2766 2604 2948 2657 verbis
2992 2615 3338 2670 expressum,
3386 2608 3441 2653 et
3485 2599 3663 2668 expli—

2092 2695 2301 2755 catum,
2336 2689 2431 2745 sed
2455 2690 2719 2745 artiﬁcem
2742 2704 2805 2744 ac
2833 2692 3133 2759 sapientem
3159 2689 3215 2743 in
3243 2690 3405 2744 rebus
3429 2687 3662 2757 singulis

2092 2788 2448 2851 potestatem,
2487 2796 2594 2850 qua
2627 2796 2713 2844 ea,
2743 2796 2867 2851 quae
2900 2782 2953 2835 in
2988 2782 3121 2850 ipsis
3149 2790 3454 2835 cernuntur
3484 2780 3661 2833 admi-

2092 2875 2318 2937 rabilia,
2367 2873 2613 2942 perfecta
2657 2883 2820 2936 sunt,
2879 2875 3168 2943 primaque
3216 2872 3311 2928 Dei
3380 2872 3662 2927 voluntate

2094 2966 2281 3025 statim
2310 2966 2534 3020 omnino
2568 2980 2749 3021 rerum
2782 2965 3195 3025 universitatem
3227 2964 3533 3028 exstitisse,
3571 2980 3665 3018 or-

2094 3056 2392 3127 dinemque
2451 3058 2741 3127 sapientiae
2800 3058 2857 3111 in
2914 3057 3051 3126 ipsis
3118 3057 3296 3115 insitae
3347 3057 3665 3111 necessario

2023 3195 2064 3251 C
2097 3156 2506 3221 permanentem
2525 3149 2836 3204 divinorum
2856 3150 3242 3204 mandatorum
3264 3149 3371 3201 vim
3389 3158 3443 3203 et
3466 3148 3665 3203 seriem

2097 3241 2364 3297 obtinere.
2413 3239 2657 3295 Breviter
2701 3240 2847 3294 enim
2900 3256 3111 3302 rerum,
3159 3254 3284 3308 qua:
3336 3255 3505 3293 sensu
3539 3253 3664 3307 per-

2095 3331 2396 3399 cipiuntur,
2453 3331 2896 3400 prOcreationem
2957 3334 3352 3401 complectens,
3400 3332 3665 3385 mundum

2097 3423 2413 3477 universum
2438 3422 2697 3487 ostendit,
2732 3424 2829 3479 «In
2852 3423 3145 3493 principio,
3181 3443 3198 3474 ι
3237 3423 3555 3492 ἱιιιιιιὶεηε,‹
3588 3421 3667 3476 fe-

2096 3512 2173 3567 cit
2202 3510 2350 3569 Deus
2390 3512 2592 3567 caelum
2624 3520 2679 3567 et
2706 3520 2930 3567 terram.
2955 3532 2974 3563 ι
3012 3512 3225 3577 Quibus
3262 3512 3442 3565 verbis
3477 3524 3663 3563 rerum

2095 3603 2462 3661 Iniversitate
2510 3603 2948 3672 comprehensa,
3018 3603 3283 3672 deinceps
3350 3603 3664 3655 naturalem

2098 3693 2384 3764 quemdam
2412 3694 2758 3764 singulorum
2790 3696 3043 3750 ordinem
3076 3694 3447 3765 persequitur.
3486 3691 3666 3746 Simul

2095 3785 2264 3856 igitur
2307 3798 2431 3838 cum
2483 3784 2716 3853 reliquis
2763 3784 2930 3843 rebus
2984 3783 3242 3837 omnibus
3297 3788 3555 3852 generata
3585 3788 3668 3831 cst

2097 3877 2214 3940 lux,
2260 3875 2355 3931 sed
2400 3890 2510 3933 non
2559 3876 2831 3943 extemplo
2884 3875 3049 3929 rebus
3097 3873 3355 3929 omnibus
3389 3871 3664 3941 praeluxit,

2097 3968 2339 4039 quandiu
2379 3977 2561 4036 partes
2591 3982 2772 4020 rerum
2804 3966 3055 4020 obscurae
3089 3965 3194 4019 vim
3228 3965 3349 4033 ejus
3384 3964 3667 4016 illustran-

2098 4066 2209 4115 tem
2243 4055 2681 4124 impediveru’nt;
2726 4063 2781 4108 at
2813 4055 2976 4109 simul
3032 4065 3198 4124 atque
3233 4054 3376 4109 ratio
3403 4068 3667 4109 concessa

2097 4151 2183 4200 est
2236 4160 2267 4201 a
2298 4143 2433 4210 Deo,
2471 4145 2628 4215 ignea
2657 4145 2741 4198 vis
2766 4143 3081 4200 illustrandi
3111 4140 3664 4212 praefulsitomnibus,

2100 4237 2315 4307 sibique
2358 4246 2565 4292 naturae
2603 4237 2841 4301 levitate,
2894 4251 2958 4289 ac
3012 4234 3338 4300 mobilitate,
3388 4231 3664 4303 patefacta

2097 4330 2208 4395 via,
2259 4330 2550 4399 prosilivit.
2610 4330 2689 4383 Ac
2737 4338 2871 4384 tunc
2927 4328 3148 4399 quidem
3192 4328 3447 4384 universa
3497 4325 3552 4378 in
3608 4340 3668 4377 se

2098 4431 2292 4485 coacta
2328 4422 2592 4477 mundum
2620 4422 2809 4475 obibat
2840 4439 2854 4476 :
2888 4436 3012 4477 mox
3065 4427 3249 4474 autem
3284 4415 3522 4487 propriis
3552 4430 3679 4484 par-

416 4519 499 4589 τῷ
536 4518 755 4589 δοθῆναι
801 4519 953 4590 παρά
988 4518 1081 4572 τοῦ
1122 4517 1257 4573 Θεοῦ
1284 4520 1350 4590 τῇ
1378 4517 1551 4571 κτίσει
1581 4516 1717 4588 πρὸς
1747 4516 1846 4589 τὴν
1876 4516 1996 4571 δια·

2098 4514 2247 4568 tibus
2278 4514 2331 4566 in
2357 4528 2443 4579 ea,
2469 4528 2591 4582 qua:
2634 4512 2737 4567 sibi
2775 4521 3010 4582 cognata
3042 4510 3452 4580 coniunctaque
3487 4514 3665 4566 erant,

418 4610 691 4679 κόσμησιν
732 4610 900 4680 αὑτῆς
939 4609 1000 4662 τὸ
1049 4608 1347 4679 ἐνδόσιμον,
1391 4610 1425 4677 ή
1482 4608 1737 4679 πυρώδης
1791 4625 1851 4660 τε
1896 4609 1994 4661 καὶ

420 4699 721 4770 φωτιστικὴ
767 4700 994 4770 δύναμις
1044 4701 1145 4770 τῆς
1194 4699 1423 4762 κτίσεως
1481 4701 1760 4771 προεφάνη
1806 4701 1864 4752 ὲν
1917 4698 1997 4769 τῷ

419 4789 609 4858 κούφῳ
662 4791 754 4844 καὶ
802 4793 1066 4861 εὑκινήτῳ
1116 4792 1216 4862 τῆς
1255 4790 1503 4860 φύσεως,
1552 4790 1994 4862 προεξαλλομένη

416 4881 529 4934 τῶν
559 4881 753 4936 ἄλλων.
806 4884 916 4937 Καὶ
968 4886 1104 4946 τέως
1153 4884 1250 4955 μὲν
1311 4879 1381 4955 ἦν
1418 4884 1569 4938 πᾶσα
1612 4883 1739 4953 περὶ
1787 4883 1993 4953 ἑαυτὴν

416 4972 752 5045 ἠθροισμένη
782 4975 876 5027 καὶ
905 4975 1270 5050 περιπολοῦσα
1298 4977 1358 5029 τὸ
1392 4977 1499 5029 πᾶν
1518 4992 1532 5005 ’
1565 4974 1701 5045 μετὰ
1732 4973 1890 5028 τοῦτο
1933 4974 1991 5028 δὲ

418 5064 586 5118 πάλιν
636 5069 749 5132 τοίς
798 5066 947 5130 ἰδίοις
994 5069 1201 5139 μορίοις
1250 5066 1386 5139 πρὸς
1428 5066 1497 5119 τὰ
1523 5066 1760 5136 συγγενῆ
1806 5082 1865 5118 τε
1896 5065 1992 5119 καὶ

418 5158 734 5229 κατάλληλα
770 5160 1122 5232 διακρίνεται.
1160 5161 1325 5231 Δῆλον
1362 5160 1470 5230 γάρ
1511 5161 1575 5211 ἐκ
1628 5157 1736 5210 τῶν
1777 5156 1989 5228 ὁρωμέ-

415 5269 548 5315 νων,
587 5253 670 5304 ὅτι
714 5254 774 5306 οὑ
812 5255 908 5324 μία
938 5256 1036 5323 τῆς
1061 5253 1388 5323 φωτιστικῆς
1417 5250 1629 5321 φύσεώς
1667 5253 1812 5303 ἐστιν
1837 5252 1870 5319 ἡ
1899 5248 1993 5302 δύ-

2098 4607 2269 4662 divisa
2308 4614 2413 4662 est.
2468 4605 2624 4672 Quod
2673 4613 2858 4660 autem
2903 4604 3025 4672 ejus
3075 4611 3273 4659 natura
3316 4616 3428 4655 non
3478 4603 3551 4655 sit
3603 4616 3669 4654 ex

2095 4700 2184 4764 iis,
2215 4714 2338 4768 qua:
2365 4697 2639 4759 videntur,
2674 4695 3026 4765 perspicuum
3063 4703 3169 4749 est.
3216 4690 3274 4745 Si
3318 4691 3444 4761 quis
3483 4699 3667 4743 tamen

2099 4791 2274 4846 lucem
2301 4806 2366 4844 ex
2404 4789 2663 4844 omnibus
2694 4796 2943 4842 coactam
2976 4800 3142 4841 unam
3177 4800 3303 4839 esse
3343 4798 3543 4852 genere
3586 4783 3668 4832 di-

2098 4891 2207 4947 cat,
2266 4897 2377 4936 non
2436 4880 2667 4945 errabit,
2730 4879 2953 4949 quando
3000 4880 3222 4932 divinus
3274 4878 3440 4931 etiam
3484 4889 3668 4930 sermo

2100 4972 2368 5044 singulari
2417 4988 2552 5028 voce
2608 4973 2922 5027 universam
2973 4971 3265 5047 signiﬁcat,
3319 4970 3665 5040 praecipiens,

2100 5074 2161 5120 ιιι
2186 5066 2275 5119 lux
2297 5105 2311 5129 ,
2349 5080 2457 5119 non
2489 5073 2691 5129 autem,
2738 5072 2795 5118 ut
2831 5065 3014 5133 plures
3044 5066 3197 5119 liant.
3232 5063 3430 5117 Verum
3466 5061 3513 5116 si
3543 5063 3668 5129 quis

2099 5170 2185 5221 ea,
2206 5170 2326 5225 quae
2356 5154 2635 5219 videntur,
2670 5155 2965 5224 aspexerit,
2997 5155 3355 5224 multiplicem
3387 5155 3667 5208 illustran-

2099 5248 2170 5302 tis
2201 5248 2457 5319 potentiae
2485 5247 2852 5303 diﬂ'erentiam
2903 5249 2957 5302 in
2994 5250 3162 5304 rebus
3211 5247 3629 5302 animadvertat.

416 5358 619 5412 ναμις·
644 5344 797 5405 ,ἀλλά
833 5345 910 5415 τῷ
955 5346 1051 5415 μὲν
1103 5342 1305 5413 γενικῷ
1342 5341 1482 5412 λόγῳ
1526 5341 1583 5394 ἒν
1635 5357 1717 5404 τις
1767 5339 2045 5411 ὀνομάζων
2084 5341 2199 5410 φῶς
2238 5341 2300 5395 τὸ
2338 5343 2403 5395 ἐκ
2445 5342 2663 5395 πάντων
2708 5341 3123 5412 ἀθροιζόμενον,
3168 5339 3267 5392 οὑκ
3296 5336 3362 5391 ἂν
3401 5336 3669 5407 ἁμάρτοι,

417 5437 543 5491 ἐπεὶ
567 5437 663 5489 καὶ
684 5439 712 5489 ὁ
742 5437 882 5500 θεῖος
911 5437 1064 5505 λόγος
1090 5439 1156 5508 τῇ
1188 5437 1338 5506 ἑνικῇ
1373 5436 1525 5505 φωνῇ
1554 5434 1834 5505 καταρχὰς
1855 5434 1917 5487 τὸ
1949 5436 2056 5486 πᾶν
2083 5434 2456 5505 διασημαίνει,
2501 5433 2636 5503 φῶς,
2683 5434 2801 5504 οὐχὶ
2831 5434 2983 5502 φῶτα
3017 5432 3311 5503 γενηθῆναι
3340 5431 3668 5500 προστάξας.

419 5532 482 5585 Et
518 5530 574 5582 δὲ
598 5528 734 5599 πρὸς
763 5529 831 5583 τὰ
860 5530 1158 5600 φαινόμενα
1187 5527 1371 5600 βλέποι
1396 5542 1497 5593 τις,
1539 5526 1739 5597 πολλὴν
1769 5527 1865 5596 τὴν
1894 5526 1994 5596 τῆς
2020 5527 2353 5596 φωτιστικῆς
2387 5527 2664 5599 δυνάμεως
2697 5525 2956 5597 διαφοράν
2984 5528 3040 5579 ὲν
3069 5527 3181 5587 τοῖς
3211 5520 3330 5575 οὖσι
3352 5522 3553 5592 κατόψε
3568 5541 3665 5577 ιιαι.

492 5621 655 5676 Ὅθεν
696 5621 790 5673 καὶ
846 5624 874 5675 ὁ
903 5621 1207 5693 Ψαλμῳδός
1260 5637 1451 5693 φησιν’
1513 5637 1531 5670 ι
1567 5618 1658 5688 Τῷ
1712 5620 1995 5689 ποιήσαντι

2169 5618 2512 5689 Quapmpter
2559 5620 2722 5673 etiam
2774 5617 3044 5688 Propheta
3098 5616 3229 5671 dicit
3267 5634 3281 5671 :
3322 5635 3339 5666 ι
3382 5614 3485 5681 Qui
3538 5616 3665 5669 lacit

414 5715 576 5785 φῶτα
631 5714 842 5785 μεγάλα
892 5715 1055 5785 μόνῳ.
1108 5737 1125 5769 ι
1160 5714 1305 5781 Καὶ,
1341 5733 1361 5767 ι
1414 5713 1582 5783 ’Ἄλλη
1612 5712 1737 5777 δόξα
1771 5713 1945 5783 ἡλίου,
1972 5732 1989 5764 ι

2102 5713 2392 5767 luminaria
2421 5726 2615 5781 magna
2648 5712 2800 5767 solus
2819 5712 2883 5763 ³³.
2915 5729 2933 5761 ι
2964 5710 3026 5763 Ει
3046 5708 3340 5778 Apostolus
3371 5726 3385 5762 :
3416 5726 3436 5760 ι
3471 5708 3613 5773 Alia,
3643 5725 3661 5759 ι

490 5899 537 5930 ⁸⁸
564 5897 711 5953 Psal.
743 5914 936 5961 cxxxv,
962 5900 1012 5954 ι.
