4110 6488
499 464 594 523 H5

1718 469 1770 527 S.
1816 470 2141 528 GREGORII
2179 468 2468 524 NYSSENI

3619 463 3723 523 H6

492 582 691 650 inquit,
741 599 758 632 ι
788 589 873 637 est
907 583 1131 637 claritas
1157 583 1314 648 solis,
1347 583 1452 638 alia
1485 585 1708 642 claritas
1755 589 1918 653 lunae,
1945 590 2043 643 alia

2154 590 2315 659 φησὶν
2347 589 2376 641 ό
2403 587 2751 650 Ἀπόστολος,
2809 602 2829 635 ι
2857 584 2951 638 καὶ
2997 581 3126 652 ἄλλη
3174 578 3298 644 δόξα
3344 580 3586 651 σελήνης,
3631 584 3723 635 καὶ

497 671 721 727 claritas
771 673 1053 728 stellarum
1087 691 1100 727 :
1138 673 1299 728 stella
1338 677 1485 730 enim
1527 676 1710 732 differt
1744 694 1774 733 a
1812 679 1968 734 stella
2000 681 2056 734 in

494 764 744 819 claritate
788 764 864 831 3‘;
915 785 935 816 ι
983 765 1170 834 itaque
1218 768 1387 821 multa
1449 769 1589 824 lucis
1650 770 1874 824 omnino
1930 780 2059 825 sunt

492 855 832 909 discrimina.
863 854 928 909 Et
958 871 1272 927 quanquam
1297 860 1502 923 omnia,
1529 876 1650 930 quze
1674 860 1877 915 Paulus
1913 877 2054 915 enu-

491 945 742 1008 ineravit,
768 944 1076 1000 illustrandi
1097 949 1205 1002 vim
1239 950 1460 1015 habent,
1485 960 1538 1005 et
1583 967 1681 1006 sua
1707 953 2054 1022 unumquod-

490 1051 597 1104 que
662 1044 933 1106 potestate
996 1040 1355 1111 claritateque
1422 1043 1936 1112 comprehenditur,
1997 1057 2056 1101 ut

490 1137 688 1182 cuncta
740 1133 1018 1186 communi
1072 1134 1292 1189 nomine
1337 1134 1426 1188 lux
1476 1149 1586 1189 una
1645 1145 1795 1190 recte
1841 1138 2056 1206 possint

488 1219 776 1289 appellari,
822 1231 987 1276 certae
1031 1230 1212 1278 tamen
1263 1224 1316 1277 in
1361 1224 1446 1278 his
1481 1225 1868 1295 distinctaeque
1898 1227 2053 1283 diﬂ‘e-

490 1309 679 1363 rentiae
723 1319 1063 1380 spectantur.
1101 1311 1232 1377 Quae
1263 1328 1388 1368 cum
1414 1314 1488 1368 ita
1519 1330 1577 1370 se
1607 1316 1858 1380 habeant,
1891 1334 1991 1374 nos
2021 1335 2052 1373 a

491 1413 620 1454 vero
643 1400 865 1455 minime
895 1417 1215 1457 recessuros
1243 1403 1513 1468 existimo,
1546 1405 1591 1460 si
1630 1406 1952 1473 dixerimus,
1977 1409 2050 1463 ita

490 1489 692 1546 Mosem
745 1492 1083 1549 intellexisse
1142 1510 1156 1546 :
1225 1495 1387 1550 initio
1443 1498 1662 1566 quidem
1713 1507 1885 1552 totam
1940 1501 2048 1553 vim

489 1579 804 1636 illustrandi
855 1583 909 1636 in
955 1599 1121 1637 unum
1162 1593 1546 1656 congregatam
1590 1587 1761 1644 fuisse
1795 1608 1812 1643 :
1837 1583 2073 1653 verum,

487 1683 612 1724 cum
666 1672 851 1726 multa:
895 1682 1078 1728 essent
1127 1675 1181 1728 in
1247 1676 1554 1732 subtilitate
1599 1678 2046 1751 mobilitateque,

486 1770 753 1830 quantum
818 1762 885 1817 ad
935 1764 1196 1832 majorem
1245 1767 1626 1836 minoremque
1675 1772 2048 1838 praastantiam

486 1850 744 1919 pertinet,
784 1851 837 1905 in
868 1853 1240 1908 universitatis
1282 1866 1477 1910 natura
1516 1857 1856 1924 differentia,
1885 1861 2048 1915 trium

2158 679 2288 749 άλλη
2343 677 2469 742 δόξα
2523 675 2796 746 ἀστέρων’
2845 671 3019 742 ἀστὴρ
3074 669 3181 740 γάρ
3206 668 3432 737 ἀστέρος
3479 668 3722 740 διαφέρει

2155 771 2214 823 ὲν
2238 767 2361 840 δόξῃ
2381 808 2395 832 ,
2431 786 2449 818 ›
2483 766 2556 830 ῶς
2585 766 2784 835 πολλῆς
2813 763 3029 824 πάντως
3046 761 3143 831 τῆς
3175 758 3316 812 κατὰ
3336 758 3395 811 τὸ
3417 758 3531 826 φῶς
3557 757 3725 829 οὔσης

2152 860 2434 930 διαφορᾶς.
2479 859 2541 911 Εἰ
2562 856 2670 928 γὰρ
2697 856 2790 910 καὶ
2817 854 2995 908 πάντα
3023 851 3278 920 φωτίζειν
3302 849 3543 919 πέφυκεν
3573 850 3675 904 ὅσα
3695 853 3723 903 ὁ

2155 951 2363 1014 Παῦλος
2395 951 2834 1021 ἁπηριθμήσατο,
2863 947 2958 1000 καὶ
2973 946 3201 998 ἕκαστον
3226 947 3282 997 ὲν
3313 942 3582 1015 ἰδιαζούσῃ
3612 943 3722 996 τινὶ

2152 1042 2376 1112 δυνάμει
2399 1042 2492 1094 καὶ
2525 1041 2649 1111 δόξῃ
2679 1037 3190 1108 καταλαμϐάνεται⁶
3239 1033 3420 1098 καλῶς
3471 1035 3536 1088 ἂν
3585 1034 3719 1104 ἔχοι,

2153 1134 2210 1186 ἓν
2249 1132 2362 1204 φῶς
2403 1131 2470 1185 τά
2494 1131 2666 1184 πάντα
2703 1129 2846 1183 κατά
2882 1130 2972 1181 τὸν
3001 1127 3215 1196 γενικδν
3247 1125 3608 1196 ὀνομάζεσθαι
3636 1125 3721 1179 λό-

2152 1241 2267 1293 γον,
2290 1224 2589 1294 ἀσύγχυτον
2620 1223 2675 1275 δὲ
2697 1218 2790 1275 καὶ
2815 1219 3151 1291 διῃρημένην
3169 1219 3271 1288 τὴν
3290 1219 3347 1271 ἐν
3371 1217 3578 1281 τούτοις
3603 1217 3718 1270 δια-

2153 1314 2325 1384 φορὰν
2362 1314 2603 1384 θεωρεῖν.
2644 1313 2708 1365 Εἰ
2741 1311 2798 1364 δὲ
2823 1311 2994 1363 ταῦτα
3017 1307 3203 1361 τοῦτον
3235 1307 3345 1378 ἔχει
3374 1307 3464 1361 τὸν
3495 1309 3716 1379 τρόπον,

2151 1406 2249 1457 οὐκ
2269 1405 2338 1457 ἂν
2355 1399 2507 1474 οἶμαι
2521 1403 2838 1473 διαμαρτεῖν
2863 1401 2961 1471 τῆς
2981 1397 3298 1460 ἀκολουθίας
3317 1398 3414 1467 τὴν
3444 1397 3719 1469 ἡμετέραν

2152 1493 2438 1564 ὑπόληψιν,
2452 1497 2497 1546 εἰ
2510 1493 2666 1546 τοῦτο
2681 1491 3044 1561 ὑπολάϐοιμεν
3056 1489 3368 1558 νενοηκέναι
3386 1490 3477 1543 τὸν
3498 1489 3712 1543 Μωσέα·

2150 1587 2232 1638 ὅτι
2258 1584 2537 1655 καταρχὰς
2552 1585 2648 1654 μὲν
2668 1586 2862 1654 πᾶσαή
2883 1581 3182 1653 φωτιστικὴ
3203 1579 3428 1651 δύναμις
3452 1582 3586 1652 πρὸς
3602 1585 3719 1635 ἑαυ-

2150 1676 2246 1746 τὴν
2263 1675 2608 1747 ἀθροισθεῖσα
2632 1674 2689 1727 ἓν
2706 1675 2920 1743 ἐγένετο
2936 1675 3072 1744 φῶς·
3092 1674 3212 1728 ἐπεὶ
3225 1673 3278 1727 δὲ
3296 1671 3460 1744 πολλή
3479 1669 3636 1744 τιςῆν
3659 1676 3717 1727 ὲν

2149 1766 2227 1836 τῷ
2249 1765 2424 1836 λεπτῷ
2445 1784 2504 1818 τε
2531 1766 2622 1819 καὶ
2651 1766 2918 1838 εὐκινητῳ
2948 1767 3095 1839 παρὰ
3127 1769 3189 1820 τὸ
3222 1769 3419 1839 μᾶλλον
3441 1766 3532 1819 καὶ
3555 1761 3715 1838 ἦττον

2150 1859 2184 1928 ἡ
2201 1858 2431 1928 διαφορά
2482 1859 2539 1912 ἐν
2561 1859 2624 1928 τῇ
2647 1858 2752 1910 τῶν
2771 1858 2906 1911 ὅλων
2938 1859 3095 1929 φύσει
3124 1859 3491 1932 θεωρουμένη,
3513 1859 3714 1930 ἢρκεσε

485 1943 695 1997 dierum
728 1944 965 2013 spatium
1002 1945 1176 2001 fuisse
1203 1953 1339 2003 satis
1376 1948 1444 2002 ad
1479 1965 1598 2003 eam
1637 1966 1762 2004 vera
1795 1961 2043 2023 certaque

2147 1951 2207 2002 τὸ
2239 1952 2533 2022 τριήμερον
2570 1950 2759 2020 χρόνου
2782 1949 3082 2022 διάστημα,
3114 1953 3214 2020 τὴν
3252 1953 3479 2006 ἑκάστου
3509 1950 3713 2003 τούτων

484 2032 697 2090 ratione
730 2035 1192 2106 distinguendam,
1241 2048 1320 2103 ut,
1364 2040 1510 2109 quod
1554 2045 1608 2094 in
1658 2053 1852 2096 natura
1894 2045 2049 2115 ignea

486 2123 722 2178 maxime
762 2133 880 2178 erat
925 2125 1144 2191 subtile,
1190 2144 1253 2183 ac
1287 2130 1422 2196 leve,
1473 2137 1527 2185 et
1577 2147 1713 2200 pure
1748 2148 1779 2187 a
1824 2137 2050 2191 materia

485 2225 777 2278 remotum,
810 2232 1084 2272 summum
1125 2235 1330 2288 rerum,
1381 2239 1501 2292 quae
1543 2225 1646 2278 ειιι)
1692 2241 1913 2281 sensum
1954 2244 2048 2282 ca-

483 2302 643 2366 dunt,
679 2301 960 2373 fastigium
994 2304 1265 2361 obtineret
1295 2325 1309 2361 :
1336 2307 1438 2362 hoc
1465 2324 1593 2363 vero
1621 2311 1972 2381 intelligibilis
1995 2321 2050 2368 et

485 2390 811 2460 incorporea
841 2398 1035 2446 natura
1079 2393 1356 2449 admittit:
1385 2397 1532 2464 quod
1577 2407 1756 2452 autem
1797 2401 2046 2468 inertius,

485 2494 551 2534 ac
573 2481 821 2551 segnius,
853 2482 994 2536 intra
1027 2483 1330 2540 subtilioris
1358 2485 1689 2556 leviorisque
1709 2490 2047 2558 complexum

483 2571 848 2639 consisteret;
893 2580 947 2628 et
983 2575 1086 2628 hoc
1123 2589 1344 2630 rursum
1381 2591 1448 2631 ex
1488 2577 1664 2632 insitae
1701 2581 2048 2649 proprietatis

481 2661 789 2718 diﬂ‘erentia
821 2664 876 2718 in
917 2675 1122 2735 septem
1158 2667 1296 2723 lucis
1327 2676 1509 2738 partes
1545 2670 1900 2738 divideretur,
1932 2687 2050 2727 om-

482 2768 582 2807 nes
622 2754 766 2808 inter
805 2770 864 2809 se
909 2757 1115 2813 similes
1211 2767 1374 2828 atque
1423 2770 1718 2830 cognatas,
1773 2763 2048 2832 sejunctas

481 2860 664 2904 autem
697 2866 726 2904 a
758 2852 940 2918 rebus,
963 2869 1082 2922 quae
1097 2854 1298 2909 diversi
1320 2857 1534 2926 generis
1559 2856 1753 2911 forent.
1779 2857 2046 2915 Omnibus

479 2955 609 3008 ergo
642 2940 942 3009 particulis,
977 2958 1096 3012 quae
1124 2943 1178 2996 in
1214 2944 1346 2999 solis
1395 2945 1759 3000 illustrantem
1794 2956 2046 3001 naturam

479 3031 746 3099 conjecta:
791 3040 961 3096 sunt,
1005 3035 1464 3102 concurrentibus
1494 3075 1510 3100 ,
1570 3052 1739 3090 unum
1787 3037 2046 3106 quiddam

478 3137 737 3192 magnum
763 3123 1012 3180 eﬁ‘ectnm
1051 3135 1155 3182 est.
1190 3127 1348 3193 Quod
1382 3127 1570 3183 itidem
1602 3130 1782 3184 evenit
1805 3131 1858 3182 in
1897 3131 2043 3194 luna,

477 3216 799 3282 caaterisque
813 3225 925 3268 tum
943 3216 1253 3272 errantibus
1270 3225 1383 3271 tum
1400 3232 1507 3271 non
1525 3219 1833 3274 errantibus
1849 3221 2041 3283 stellis,

2149 2042 2416 2112 διάκρισιν
2455 2041 2670 2111 τρανῶς
2707 2059 2767 2094 τε
2814 2043 2907 2095 καὶ
2944 2043 3264 2113 ἀσυγχύτως
3322 2044 3416 2097 ἀπ’
3470 2042 3713 2113 ἀλλήλων

2150 2132 2495 2204 ποιήσασθαι,
2543 2132 2682 2184 ὥστε
2720 2133 2778 2185 τὸ
2821 2133 2918 2203 μὲν
2943 2133 3127 2204 ἄκρως
3156 2134 3349 2186 λεπτόν
3369 2151 3430 2186 τε
3467 2135 3560 2187 καὶ
3584 2132 3711 2186 κοῦ-

2150 2240 2248 2292 φον
2269 2223 2367 2293 τῆς
2393 2221 2670 2294 πυρώδους
2683 2223 2892 2288 οὐσίας,
2909 2224 3004 2275 καὶ
3032 2222 3284 2294 καθαρῶς
3317 2223 3507 2287 ἄῦλον,
3540 2226 3596 2276 ὲν
3632 2223 3711 2292 τῷ

2149 2314 2433 2386 ἀκροτάτῳ
2471 2313 2717 2381 γενέσθαι
2753 2313 2852 2381 τῆς
2895 2315 3158 2386 αἰσθητῆς
3203 2317 3432 2378 κτίσεως
3480 2315 3645 2386 (ὅπερ
3675 2315 3709 2383 ἡ

2148 2405 2310 2473 νοητή
2356 2419 2414 2454 τε
2449 2403 2543 2455 καὶ
2581 2401 2871 2471 ἀσώματος
2921 2402 3219 2472 διαδέχεται
3262 2403 3492 2472 φύσις)⁹
3543 2405 3602 2456 τὸ
3652 2403 3710 2457 δὲ

2148 2493 2442 2565 ἀργότερόν
2499 2509 2558 2544 τε
2597 2493 2691 2546 καὶ
2730 2493 3164 2565 ναρκωδέστερον
3214 2493 3389 2560 ἆπαν,
3436 2493 3583 2557 ἐντὸς
3609 2493 3713 2564 τῆς

2149 2587 2410 2658 περιοχῆς
2457 2585 2552 2638 τοῦ
2593 2583 2790 2637 λεπτοῦ
2843 2601 2902 2636 τε
2942 2584 3037 2637 καὶ
3075 2583 3276 2653 κούφου
3310 2583 3436 2654 περί⁵
3514 2586 3708 2639 ἑαυτοῦ

2149 2677 2434 2747 συστῆναι·
2474 2675 2631 2730 τοῦτο
2669 2675 2726 2728 δὲ
2785 2673 2946 2727 πάλιν
2989 2677 3128 2730 κατά
3170 2677 3266 2745 τὴν
3307 2674 3570 2745 διαφορὰν
3609 2673 3709 2741 τῆς

2147 2768 2472 2839 ἐγκειμένης
2505 2766 2650 2838 αύτῷ
2675 2767 2931 2837 ἰδιότητος
2961 2767 3168 2837 έπταχῆ
3197 2767 3538 2838 μερισθῆναισ
3570 2767 3708 2820 πάν-

2147 2880 2254 2917 των
2297 2862 2404 2915 τῶν
2447 2860 2789 2932 καταλλήλων
2831 2877 2890 2912 τε
2931 2860 3025 2912 καὶ
3065 2858 3348 2928 ὁμοφύλων
3388 2856 3483 2910 τοῦ
3533 2857 3708 2926 φωτὸς

2151 2956 2352 3027 μορίων
2399 2953 2644 3024 ἀλλήλοις
2667 2952 2807 3007 κατά
2829 2952 2888 3004 τὸ
2911 2952 3166 3021 συγγενὲς
3191 2968 3252 3003 συ
3261 2950 3542 3021 μφυέντων
3558 2989 3572 3013 ,
3613 2948 3710 3001 καὶ

2147 3048 2254 3102 ἀπὸ
2286 3045 2394 3102 τῶν
2428 3041 2756 3116 ἑτερογενῶς
2793 3043 3022 3114 ἑχόντων
3065 3040 3469 3111 διακριθέντων.
3521 3037 3708 3100 Οὒτως

2147 3135 2238 3194 οὖν
2261 3139 2381 3192 ὅσον
2417 3139 2473 3190 ὲν
2504 3139 2570 3207 τῇ
2605 3137 2904 3205 φωτιστικῇ
2933 3133 3086 3204 οὐσίᾳ
3116 3134 3212 3203 τῆς
3235 3131 3464 3202 ἡλιακῆς
3495 3129 3709 3199 φύσεως

2147 3224 2561 3294 ὲνεσπαρμένων
2593 3222 2808 3274 πάντων
2837 3221 2946 3273 τῶν
2986 3219 3188 3290 μορίων
3224 3217 3425 3270 τούτων
3457 3216 3592 3286 πρὸς
3615 3214 3708 3268 άλ-

478 3311 539 3357 ut
562 3304 820 3359 similium
845 3306 1114 3376 cujusque
1140 3309 1533 3378 particularum
1551 3323 1856 3364 concursus
1879 3325 2040 3365 unam

2145 3316 2278 3387 ληλα
2301 3314 2729 3385 συνδραμόντων,
2754 3311 2810 3365 ἓν
2854 3311 2997 3381 μέγα
3051 3309 3264 3377 ἐγένετο
3284 3323 3300 3340 ο
3329 3307 3587 3371 ὡσαύτως
3613 3307 3708 3359 καὶ

478 3391 718 3461 aliquam
749 3408 938 3448 earum
966 3395 1231 3463 eﬂiccret;
1261 3404 1424 3466 atque
1450 3398 1528 3454 ita
1559 3413 1751 3454 omnes
1783 3399 2046 3454 confectae

479 3490 631 3538 sunt.
675 3482 979 3540 Contentus
1021 3495 1200 3542 autem
1223 3488 1422 3554 Moses,
1450 3505 1515 3545 ex
1542 3491 1608 3544 iis
1634 3490 1904 3546 luminare
1924 3502 2046 3546 tan-

478 3580 592 3626 tum
623 3573 801 3643 majus
829 3584 884 3630 et
922 3576 1188 3632 luminare
1223 3579 1406 3634 minus
1455 3581 1789 3646 nominasse,
1819 3593 2044 3639 caeteras

475 3678 668 3719 omnes
701 3667 976 3720 communi
1038 3669 1256 3724 nomine
1298 3671 1485 3726 stellas
1535 3673 1844 3741 appellavit.
1886 3674 2042 3741 Quod

484 3762 668 3812 autem
697 3755 959 3828 fatigetur
988 3775 1143 3816 mens
1171 3770 1379 3830 nostra,
1400 3773 1454 3819 et
1478 3767 1715 3834 pondere
1734 3781 1834 3821 suo
1853 3784 2041 3837 pressa

482 3863 595 3902 non
630 3849 802 3918 possit
847 3851 1045 3907 divinae
1093 3855 1374 3924 sapientiae
1403 3857 1766 3912 ‘subtilitatem
1800 3861 2038 3930 assequi,

472 3954 634 3995 nemo
677 3941 1010 4008 admiretur,
1070 3946 1164 3999 sed
1223 3955 1427 4001 naturae
1471 3956 1672 4002 nostrae
1721 3950 2040 4004 tenuitatem

470 4039 740 4100 excuset;
789 4049 912 4088 cum
949 4049 1056 4106 qua
1098 4038 1359 4106 praeclare
1401 4041 1600 4108 agitur,
1651 4055 1760 4094 non
1801 4040 1846 4094 si
1891 4041 2038 4095 nulla

469 4126 525 4177 in
558 4133 611 4180 te
661 4126 1026 4195 aberraverit,
1073 4130 1170 4184 sed
1215 4131 1263 4186 si
1308 4133 1390 4188 vel
1441 4149 1604 4187 unam
1646 4134 1908 4205 consequi
1943 4150 2041 4204 po-

469 4216 658 4270 tuerit.
703 4215 830 4272 Hzec
877 4227 1059 4276 autem
1093 4221 1238 4288 dico,
1276 4223 1405 4278 illuc
1434 4224 1758 4294 respiciens,
1799 4241 1918 4295 qua:
1969 4228 2039 4280 sit

469 4306 610 4360 ratio
657 4306 824 4377 hujus
848 4312 1014 4364 trium
1065 4311 1281 4368 dierum
1317 4315 1500 4384 spatii,
1535 4316 1682 4384 quod
1713 4317 1848 4371 satis
1875 4316 2038 4371 fuerit

468 4396 537 4449 ad
589 4412 652 4452 ea
701 4399 1113 4470 distinguenda,
1149 4419 1269 4473 quae
1303 4405 1423 4460 luce
1468 4405 1692 4476 praedita
1749 4416 1899 4461 sunt.
1942 4406 2038 4462 Est

466 4487 612 4540 enim
645 4489 828 4559 aliqua
873 4492 1133 4549 nimirum
1175 4496 1346 4562 ratio,
1389 4497 1517 4552 licet
1554 4499 1905 4567 praestantior
1943 4501 2034 4565 sit,

467 4590 632 4644 quam
670 4588 730 4632 ut
760 4597 878 4635 eam
911 4598 1012 4639 nos
1035 4585 1340 4654 intelligere
1367 4588 1666 4652 valeamus,
1698 4605 1804 4660 qua
1825 4600 2036 4661 tempo-

469 4667 547 4721 ris
599 4668 762 4739 hujus
810 4688 1069 4728 mensura
1098 4677 1262 4732 rebus
1292 4679 1492 4734 lucidis
1513 4681 1870 4751 disponendis
1899 4699 2036 4752 prae-

469 4761 671 4824 scripta
701 4770 805 4827 est,
853 4764 1102 4822 adhibito
1144 4772 1410 4840 temporis
1443 4774 1603 4826 modo
1647 4783 1701 4828 et
1731 4777 2034 4844 quantitate

469 4851 707 4907 actionis
740 4854 882 4923 ignis
905 4855 958 4910 in
983 4866 1156 4924 motu,
1189 4861 1441 4932 factaque
1471 4865 1607 4920 lucis
1638 4867 1912 4922 divisione
1934 4885 2033 4938 pro

468 4957 657 4996 earum
689 4955 917 5010 natura,
957 4947 1093 5005 adeo
1137 4959 1230 5018 ut,
1263 4968 1386 5007 cum
1427 4955 1539 5010 sint
1573 4957 1628 5010 in
1663 4960 1743 5013 eis
1776 4958 2029 5014 innume-

469 5032 668 5088 rabiles
706 5034 1043 5102 diﬂ‘erentiae,
1082 5042 1140 5096 in
1191 5058 1292 5098 suo
1337 5054 1515 5101 tamen
1557 5049 1792 5118 singulae:
1839 5051 1947 5105 situ
2002 5067 2032 5106 a

469 5125 706 5178 naturali
751 5132 1084 5199 proprietate
1127 5135 1406 5192 collocata:
1452 5139 1580 5202 sint,
1628 5156 1736 5208 quo
1770 5143 2030 5197 nimirum

469 5223 678 5270 natura:
719 5217 802 5274 vis
854 5219 1016 5276 insita
1060 5223 1302 5294 singulas
1345 5227 1520 5281 duxit.
1577 5228 1688 5284 Nec
1742 5232 1850 5284 ulla
1899 5247 2032 5286 con-

469 5315 656 5360 secuta
702 5309 955 5367 confusio
997 5325 1102 5378 est,
1151 5325 1244 5371 aut
1269 5320 1626 5388 perturbatio,
1666 5331 1887 5392 propter
1939 5338 2030 5376 or-

468 5396 648 5452 dinem
696 5415 727 5454 a
775 5401 960 5457 divina
1012 5406 1280 5475 sapientia
1335 5425 1434 5479 pro
1479 5411 1719 5464 naturali
1766 5412 2033 5481 cujusque

471 5490 796 5557 proprietate
838 5495 1068 5566 singulis
1121 5498 1450 5566 adhibitum,
1518 5502 1932 5568 immutabilem,
1973 5511 2034 5557 ut

468 5580 803 5646 superiorem
844 5587 1121 5656 regionem
1157 5590 1396 5645 circulus
1445 5592 1741 5662 obliquus,
1803 5611 1898 5650 seu
1959 5594 2033 5648 si-

467 5668 642 5736 gnifer
687 5687 1006 5747 occuparet,
1059 5681 1116 5736 in
1164 5681 1269 5737 hoc
1333 5693 1516 5739 autem
1580 5694 1786 5741 certam
1838 5701 2032 5741 unum-

537 5830 580 5864 “
618 5831 778 5887 lCor.
815 5852 864 5898 γ,
907 5838 989 5891 Η.

2145 3408 2238 3461 ἐπὶ
2270 3410 2369 3477 τῆς
2410 3405 2638 3476 σελήνης
2665 3405 2756 3456 καὶ
2779 3405 2864 3472 ἐφ’
2887 3402 3114 3455 ἑκάστου
3140 3397 3247 3454 τῶν
3275 3399 3448 3453 ἄλλων
3474 3399 3582 3450 τῶν
3604 3415 3705 3450 πε-

2144 3497 2500 3569 πλανημένων
2548 3494 2777 3549 καὶτῶν
2810 3492 3322 3563 κατεστηριγμένων
3359 3490 3633 3561 ἀστέρωι,
3670 3491 3705 3558 ἡ

2143 3592 2280 3662 πρὸς
2307 3590 2374 3643 τά
2395 3588 2626 3660 ὁμογενῆ
2653 3587 2760 3640 τῶν
2781 3585 3009 3639 ἑκάστου
3033 3584 3234 3656 μορίων
3254 3583 3544 3653 συνδρομὴ,
3565 3582 3625 3634 ’ἐν
3647 3595 3703 3634 τι

2142 3681 2248 3735 τῶν
2269 3681 2602 3750 φαινομένων
2625 3678 2896 3748 ἐποίησενο
2920 3677 3012 3729 καὶ
3031 3676 3170 3728 οὕτω
3190 3675 3255 3728 τά
3271 3677 3446 3727 πάντα
3464 3674 3699 3742 ἐγένετο.

2155 3773 2214 3825 Ἡ
2223 3773 2421 3844 ρκέσθη
2437 3772 2491 3824 δὲ
2513 3772 2540 3823 ὁ
2565 3771 2732 3840 μέγας
2753 3769 2957 3839 Μωσῆς
2974 3768 3042 3820 τά
3054 3766 3446 3838 γνωριμώτερα
3469 3765 3626 3834 μόνον
3645 3765 3703 3816 ὲν

2139 3866 2351 3928 τούτοις
2383 3863 2785 3932 κατονομάσας,
2828 3861 2920 3914 τὸν
2961 3859 3132 3930 μέγαν
3167 3858 3426 3929 φωστῆρα
3477 3857 3572 3908 καὶ
3610 3854 3702 3907 τὸν

2139 3959 2376 4022 ἐλάσσω,
2407 3956 2473 4009 τά
2498 3955 2630 4009 ἄλλα
2672 3955 2846 4008 πάντα
2879 3953 3109 4022 γενικῶς
3146 3953 3462 4022 προσειπεῖν
3494 3947 3572 4017 τῷ
3593 3947 3700 4000 τῶν

2139 4048 2381 4119 ἀστέρων
2407 4046 2644 4116 ὀνόματι.
2669 4045 2730 4097 Εἰ
2749 4044 2804 4096 δὲ
2825 4045 3008 4114 κάμνῃ
3025 4041 3180 4112 ἡμῶν
3212 4042 3245 4110 ἡ
3284 4039 3378 4093 τοῦ
3401 4040 3491 4091 νού
3525 4037 3700 4108 παχύ-

2137 4157 2255 4210 της,
2283 4140 2356 4210 μὴ
2379 4137 2650 4208 δυναμένη
2679 4138 2743 4207 τῇ
2768 4135 3053 4206 λεπτότητι
3081 4131 3409 4197 συνεξελθεῖν
3431 4131 3528 4200 τῆς
3550 4129 3700 4192 θείας

2141 4225 2363 4294 σοφίας,
2400 4223 2685 4290 ξενιζέσθω
2728 4223 2824 4293 μὲν
2874 4222 3060 4293 μηδεὶς
3099 4221 3235 4292 πρὸς
3276 4219 3374 4290 τὴν
3426 4219 3697 4289 πτωχείαν

2135 4317 2234 4387 τῆς
2266 4316 2477 4385 φύσεως
2508 4315 2662 4388 ἡμῶν
2689 4314 3008 4368 ἀποϐλέπων
3027 4319 3064 4378 ”,
3159 4312 3440 4382 ἀγαπητόν
3469 4313 3614 4364 ἐστιν
3637 4310 3696 4364 ού

2136 4410 2196 4462 τὸ
2231 4408 2456 4479 μηδενὸς
2499 4407 2835 4478 διαμαρτεῖν,
2865 4406 2999 4460 ἀλλά
3027 4406 3087 4458 τὸ
3109 4405 3224 4468 ἐνὸς
3256 4402 3384 4472 γοῦν
3423 4405 3700 4473 ἐπιτυχεῖν

2137 4500 2449 4572 δυνηθῆναι.
2484 4498 2668 4553 Ταῦτα
2706 4499 2763 4552 δέ
2797 4516 2936 4568 φημι
2985 4497 3118 4568 πρὸς
3139 4498 3313 4548 έκεῖνο
3352 4495 3584 4565 βλέπων,
3616 4494 3698 4558 τίς

2137 4593 2165 4644 ὁ
2185 4591 2340 4659 λόγος
2374 4589 2468 4643 τοῦ
2503 4606 2626 4660 τριη
2637 4589 2800 4659 μέρου
2821 4587 3010 4640 τούτου
3036 4585 3417 4654 διαστήματος,
3443 4582 3584 4634 ὥστε
3607 4581 3698 4633 τὸν

2139 4680 2390 4735 τοσοῦτον
2440 4681 2628 4750 χρόνον
2670 4678 2900 4750 ἀρκέσαι
2950 4677 3087 4748 πρὸς
3120 4675 3215 4746 τὴν
3243 4675 3472 4727 ἑκάστου
3501 4673 3609 4724 τῶν
3640 4673 3698 4726 ἐν

2138 4772 2215 4842 τῷ
2238 4771 2376 4842 φωτὶ
2399 4770 2780 4840 θεωρουμένων
2805 4768 3092 4839 διάκρισιν.
3130 4767 3295 4836 Δῆλον
3324 4765 3432 4835 γὰρ
3459 4765 3540 4817 ὅτι
3565 4763 3700 4816 πάν-

2136 4878 2242 4924 τως
2282 4861 2395 4914 ὲστί
2431 4878 2514 4922 τις
2547 4859 2729 4926 λόγος,
2775 4856 2876 4911 κᾶν
2914 4857 3172 4926 κρείττων
3280 4855 3377 4925 τῆς
3425 4854 3700 4924 ἡμετέρας

2136 4952 2412 5021 ἐπόψεως,
2454 4950 2574 5003 καθ’
2624 4950 2682 5002 ὃν
2719 4947 3003 5017 συμϐαίνει
3030 4946 3090 4998 τὸ
3125 4947 3340 5016 μέτριον
3369 4945 3462 4996 τοῦ
3504 4943 3694 5013 χρόνου

2139 5045 2324 5097 τούτου
2377 5043 2510 5111 πρὸς
2555 5041 2651 5110 τὴν
2695 5040 2962 5109 διάκρισιν
2991 5038 3088 5108 τῆς
3127 5035 3455 5104 φωτιστικῆς
3487 5033 3696 5096 οὐσίας,

2136 5136 2200 5204 τῇ
2229 5131 2611 5203 μεμετρημένῃ
2641 5129 2937 5199 παρατάσει
2958 5126 3051 5180 τοῦ
3079 5127 3288 5198 χρόνου,
3315 5126 3408 5177 καὶ
3443 5124 3521 5195 τῷ
3548 5123 3696 5194 ποσῷ

2134 5226 2234 5295 τῆς
2244 5225 2382 5277 κατὰ
2396 5225 2493 5293 τὴν
2514 5222 2720 5291 κίνησιν
2739 5220 2831 5273 τοῦ
2849 5221 3018 5291 πυρὸς
3033 5217 3325 5288 ἐνεργείας,
3342 5217 3439 5286 τῆς
3457 5215 3566 5268 τῶν
3590 5214 3698 5284 φώ-

2139 5316 2534 5386 τωνδιαστολῆς
2584 5317 2640 5367 ἓν
2673 5318 2738 5385 τῇ
2781 5314 2888 5366 τῶν
2925 5313 3226 5382 φωστήρων
3253 5310 3474 5379 ἰδιότητι
3493 5309 3697 5378 διαιρε-

2140 5409 2345 5479 θείσης,
2373 5407 2510 5462 ὥστε
2534 5407 2631 5469 τὰς
2655 5407 2914 5478 ἀπείρους
2942 5403 3142 5466 ταύτας
3162 5401 3273 5455 τῶν
3293 5399 3486 5470 φώτων
3507 5399 3696 5468 διιιφο⁴

2141 5499 2239 5569 ράς
2271 5499 2406 5568 πρὸς
2428 5499 2524 5569 τὴν
2543 5498 2747 5550 οἰκείαν
2776 5495 2920 5548 θέσιν
2937 5495 3170 5564 ἑκάστην
3193 5490 3571 5562 ἀποκριθῆναι,
3594 5487 3697 5542 ὑπὸ

2137 5591 2234 5659 τῆς
2257 5589 2490 5659 φυσικῆς
2539 5589 2796 5659 ἰδιότητος
2848 5589 2966 5641 ἐκεῖ
3007 5586 3320 5656 ταχθείσας,
3365 5585 3498 5638 ὅπου
3537 5585 3570 5652 ἡ
3602 5585 3693 5648 ὲγ-

2140 5682 2366 5752 κειμένη
2403 5681 2603 5751 φυσικὴ
2627 5680 2851 5751 δύναμις
2909 5678 3146 5748 ἑκάστην
3173 5680 3398 5750 ἤγαγεν,
3431 5673 3694 5748 μηδεμιᾶς
