4110 6490
388 467 485 524 117
1618 474 1688 531 ΙΝ
1727 475 2011 533 HEXAEM

2009 475 2202 533 lERON
2241 474 2468 530 LIBER.
3535 470 3632 526 H8

384 594 443 642 ἐν
469 590 679 656 τούτοις
722 592 968 661 ἀταξίας,
1008 596 1042 668 ἦ
1086 596 1397 668 συγχύσεως
1432 597 1750 670 γενομένης,
1775 598 1862 661 διὰ
1893 600 1954 652 τὸ
1982 608 2007 663 Α

2014 600 2306 671 iquodque
2357 597 2574 667 signum
2617 596 2799 652 sedem
2847 592 3159 657 obtineret,
3208 590 3263 644 in
3309 587 3480 658 signis
3508 601 3637 639 vero

387 680 669 756 κεκρίσθαι
708 686 767 739 ἐν
796 688 980 752 αὐτοῖς
1022 691 1086 742 ἐκ
1117 689 1264 754 θείας
1306 690 1518 761 σοφίας,
1560 691 1701 745 κατά
1746 691 1843 763 τὴν
1871 688 1957 747 ἒν-

2062 692 2292 762 singulis
2340 690 2511 744 stellae
2542 704 2652 743 non
2695 686 2943 749 fortuito,
2977 683 3072 740 sed
3109 681 3302 737 ordine
3345 678 3462 734 suis
3489 692 3637 747 quae-

384 775 628 830 τεθεῖσαν
651 778 864 850 ἑκάστῳ
899 781 1130 852 φυσικὴν
1162 782 1418 853 ἰδιότητα,
1461 783 1559 853 τὴν
1603 783 1958 855 ἀπαράϐατον

2064 798 2170 853 que
2202 780 2338 835 locis
2366 780 2796 840 collocarentur,
2841 773 3206 846 aaquabilique
3228 786 3292 825 ac
3322 768 3558 824 naturali
3586 767 3637 820 vi

384 866 557 933 τάξιν,
594 866 732 922 ὥστε
757 869 855 941 τὴν
880 871 978 941 μὲν
1006 873 1268 926 ἀνωτάτω
1293 871 1477 946 χώραν
1500 876 1745 946 ἐπισχεῖν
1777 877 1962 930 ἐκεῖνα

2070 886 2169 925 sua
2193 870 2459 934 adductae,
2492 867 2802 922 immobiles
2823 882 2886 920 ac
2919 866 3085 918 lirma‘.
3112 867 3515 932 permanerent,
3545 857 3638 913 ubi

386 959 454 1013 τὰ
480 960 660 1031 πάσης
692 961 1004 1034 ἀνωφεροῦς
1030 964 1217 1028 οὐσίας
1277 966 1699 1036 ἀνωφερέστερα
1719 982 1732 995 ο
1766 966 1861 1019 καὶ
1901 967 1959 1019 ἐν

1555 982 1732 1036 ςτεραο
1766 966 1861 1019 καὶ
1901 967 1959 1019 ἐν
2065 962 2430 1033 procreatoris
2473 960 2739 1031 sapientia
2769 956 3178 1029 praescribebat.

384 1048 613 1113 ἐκείνοις
636 1049 798 1105 πάλιν
827 1052 861 1123 ἢ
897 1056 956 1107 ἐν
996 1053 1075 1124 τῷ
1104 1055 1251 1125 μέσῳ
1297 1055 1580 1127 ταχθῆναι,
1616 1055 1648 1126 ἢ
1689 1055 1839 1109 νότια
1867 1072 1959 1124 γε-

384 1142 570 1197 νέσθαι
595 1144 737 1211 τινὰ,
769 1145 803 1217 ἢ
831 1145 965 1217 πρὸς
1011 1147 1228 1217 ἀρκτια,
1286 1148 1319 1218 ἢ
1373 1146 1471 1218 τὴν
1517 1145 1716 1217 μεταξὺ
1742 1145 1925 1218 χώραν
1981 1145 2395 1217 καταλαϐεῖν,ἢ
2446 1147 2537 1201 τὸν
2586 1146 2869 1216 γαλαξίαν,
2926 1143 2958 1215 ἦ
3004 1143 3093 1196 τὸν
3137 1141 3394 1207 ζωδιακὸν
3445 1137 3639 1193 κύκλον

384 1234 795 1306 ἀναπληρῶσαι,
825 1237 919 1290 καὶ
976 1238 1137 1291 πάλιν
1178 1239 1236 1293 ἐν
1283 1236 1477 1309 τούτῳ,
1519 1237 1553 1309 ἢ
1585 1238 1846 1309 ταύτηνῆ
1878 1236 1976 1308 τὴν
2004 1237 2194 1310 ἑτέραν
2239 1238 2332 1292 τοῦ
2374 1239 2575 1309 ἄστρου
2606 1236 2951 1310 περιγραφὴν
2995 1233 3428 1305 ἀπεργάσασθαι,
3460 1232 3554 1284 καὶ
3583 1232 3640 1284 ἐν

381 1329 462 1400 τῷ
487 1329 669 1401 ἄστρῳ
702 1331 882 1398 πάλιν,
909 1331 983 1403 μὴ
1012 1332 1152 1387 κατά
1180 1333 1238 1385 τὸ
1260 1333 1561 1403 αὐτόματον
1603 1333 1834 1387 ἕκαστον
1888 1331 1993 1385 τῶν
2025 1334 2082 1385 ἐν
2119 1332 2197 1403 τῷ
2232 1334 2467 1403 σχήματι
2510 1332 2777 1403 κειμένων
2836 1332 3069 1401 ἄστρων,
3113 1329 3145 1398 ἢ
3181 1321 3281 1380 ὧδε
3311 1328 3343 1397 ἢ
3387 1321 3486 1379 ὧδε
3541 1325 3641 1394 τὴν

382 1423 534 1477 θέσιν
579 1423 740 1495 ἔχειν,
777 1425 910 1480 ἀλλά
942 1426 1208 1497 ἰσομερῶς
1249 1428 1539 1498 ἐγκειμένη
1580 1426 1726 1498 αὐτῷ
1762 1426 1961 1496 ἰδιότης
1989 1428 2295 1498 ἀπήγαγεν,
2351 1430 2468 1480 ἐκεῖ
2520 1428 2701 1497 μένειν
2734 1429 2792 1480 ὲν
2835 1424 3154 1496 ἀμεταθέτῳ
3202 1425 3267 1493 τῇ
3327 1421 3638 1491 παγιότητι,

380 1518 452 1588 τῇ
493 1518 591 1587 τῆς
635 1518 769 1582 ἰδίας
801 1518 1014 1588 φύσεως
1041 1519 1287 1590 δυνάμει,
1331 1519 1472 1575 κατά
1503 1520 1602 1591 τὴν
1640 1520 1732 1573 τοῦ
1771 1521 2132 1590 πεποιηκότος
2192 1521 2384 1590 σοφίαν
2436 1519 2955 1592 περικρατούμενον.

455 1607 640 1661 ταῦτά
664 1610 777 1661 ἐστι
808 1609 902 1663 καὶ
927 1609 995 1663 τά
1025 1610 1266 1679 τοιαῦτα,
1297 1612 1433 1684 πρὸς
1459 1612 1495 1666 ἃ
1528 1612 1742 1683 βλέπων
1770 1615 1798 1667 ὁ
1842 1612 1967 1676 νοῦς

2140 1613 2267 1669 Haec
2303 1624 2356 1670 et
2397 1614 2593 1670 similia
2628 1622 2756 1668 sunt
2790 1628 2853 1667 ea
2884 1626 3006 1680 qua:
3037 1625 3194 1663 mens
3220 1608 3495 1678 ’aspiciens
3530 1607 3638 1662 lia:-

390 1699 644 1772 ἰλλιγγιᾷ,
664 1702 754 1755 καὶ
783 1702 881 1773 τῆς
905 1702 1039 1767 ἰδίας
1058 1703 1283 1769 νωθείας
1306 1700 1762 1777 καταψηφίζεται,
1785 1707 1859 1776 μὴ
1878 1704 1969 1757 δυ-

2072 1706 2223 1769 sitat,
2260 1713 2314 1761 et
2341 1705 2773 1760 imbecillitatem
2800 1718 2864 1758 ac
2899 1702 3181 1772 segnitiem
3212 1716 3367 1756 suam
3395 1708 3636 1764 accusat,

384 1790 612 1862 νάμενος
624 1791 863 1863 ἐξευρεῖν
877 1792 967 1847 τδν
980 1794 1155 1863 λόγον,
1171 1796 1289 1861 πῶς
1303 1798 1336 1868 ἡ
1354 1816 1383 1850 τ
1390 1798 1476 1868 ριή
1486 1815 1551 1868 με
1559 1815 1646 1867 ρος
1664 1796 1757 1850 τοῦ
1774 1798 1965 1867 χρόνου

2070 1796 2217 1866 quod
2264 1797 2532 1851 rationem
2576 1795 2887 1865 excogitare
2942 1810 3049 1848 non
3100 1793 3295 1862 possit,
3346 1806 3454 1861 qua
3500 1805 3639 1860 pra:-

387 1877 694 1949 παράτασις
709 1880 842 1951 πρὸς
852 1880 951 1955 τὴν
965 1884 1230 1938 τοσούτων
1251 1886 1495 1955 ἀστέρων
1515 1886 1784 1957 διάκρισιν
1800 1887 1966 1956 ἤρκε-

2071 1889 2284 1944 ﬁnitum
2336 1889 2496 1943 trium
2543 1888 2758 1943 dierum
2809 1886 3045 1956 spatium
3097 1884 3165 1937 ad
3223 1891 3306 1937 tot
3362 1882 3639 1937 stellarum

389 1986 504 2034 σεν,
528 1970 562 2040 ἢ
587 1971 806 2080 πῶςιδιά
822 1973 921 2045 τὴν
942 1974 1168 2045 ἄπειρον
1191 1976 1290 2046 τῆς
1309 1977 1580 2043 ἀπλανοῦς
1601 1978 1833 2049 σφαίρας
1858 1978 1970 2033 τῶν
1996 2024 2012 2080 1

2020 2025 2040 2079 3
2071 1980 2480 2037 distinctionem
2517 1979 2651 2035 satis
2679 1977 2879 2033 fuerit:
2911 1986 3003 2031 aut
3034 1975 3327 2045 quomodo,
3361 1990 3485 2028 cum
3520 1974 3643 2028 iuli-

384 2060 682 2129 περιγείων
703 2060 995 2118 ὑπόστασιν
1017 2065 1074 2117 ἐν
1098 2065 1244 2136 μέσῳ
1261 2065 1353 2120 τοῦ
1372 2068 1569 2132 παντὸς
1584 2068 1965 2140 διαστήματος,
1996 2060 2007 2080 ¹

2018 2060 2040 2079 ³
2069 2073 2182 2128 uita
2212 2080 2356 2129 esset
2383 2071 2677 2127 inerrantis
2707 2070 2929 2140 sphaerae
2959 2069 3027 2122 ab
3067 2069 3132 2123 iis
3176 2084 3295 2137 qua:
3333 2074 3460 2122 sunt
3493 2068 3641 2131 circa

384 2150 488 2221 τὴν
516 2150 743 2224 ἡλιακὴν
770 2152 929 2222 φύσιν
988 2156 1022 2226 ἡ
1065 2157 1272 2226 μεγάλη
1313 2159 1407 2211 τοῦ
1448 2159 1581 2213 Θεοῦ
1639 2160 1798 2229 σοφία
1838 2177 1970 2213 κατ-

2070 2174 2268 2220 terram
2291 2163 2569 2229 distantia,
2596 2163 2653 2217 in
2678 2161 2861 2216 medio
2889 2159 3076 2213 mundi
3108 2161 3283 2229 spatio
3318 2174 3516 2228 magna
3550 2158 3643 2211 Dei

388 2242 599 2313 ἑταξεν,
632 2245 707 2307 ὼς
750 2245 815 2299 ἂν
857 2245 931 2317 μὴ
972 2248 1192 2312 τελείως
1238 2252 1295 2304 ἐν
1332 2250 1410 2322 τῷ
1448 2252 1622 2323 σκότῳ
1649 2251 1967 2322 διαϐιῶμεν,

2070 2254 2341 2326 sapientia
2392 2254 2562 2309 solem
2611 2250 2986 2315 constituerit,
3046 2265 3134 2311 ne,
3184 2264 3307 2303 cum
3357 2247 3640 2301 stellarum

389 2338 493 2407 τῆς
524 2339 587 2391 ἐκ
610 2337 719 2392 τῶν
744 2338 956 2409 ἄστρων
982 2340 1446 2413 ἀπαυγαζομένης
1476 2343 1817 2414 λαμπηδόνος
1841 2344 1970 2415 πρὶν

2071 2346 2329 2417 splendor
2361 2355 2585 2415 propter
2632 2344 2958 2398 immensum
3000 2342 3350 2395 intervallum
3404 2348 3530 2393 ante
3553 2339 3642 2392 de-

388 2429 426 2502 ἢ
449 2431 527 2493 είς
548 2430 695 2501 ήμᾶς
727 2430 898 2485 ἐλθεῖν
927 2432 1379 2505 ὲνδαπανωμένης
1410 2433 1488 2505 τῷ
1511 2436 1709 2506 μεταξὺ
1746 2437 1969 2507 διαστή-

2072 2440 2239 2501 liciat,
2271 2452 2436 2506 quam
2464 2436 2528 2489 ad
2574 2450 2677 2490 nos
2711 2432 2998 2503 pervenire
3045 2432 3243 2501 possit,
3278 2431 3334 2485 in
3361 2432 3640 2500 perpetuis

390 2540 547 2593 ματι.
583 2515 657 2576 Οὐ
680 2523 838 2594 χάριν
860 2524 959 2595 τὴν
988 2525 1363 2599 ἐκλαμπτικὴν
1386 2528 1483 2599 τῆς
1504 2528 1737 2599 ἡλιακῆς
1758 2529 1971 2598 φύσεως

2072 2528 2315 2586 tenebris
2354 2528 2684 2582 viveremus.
2736 2524 3123 2595 Splendentem
3161 2523 3331 2593 igitur
3362 2522 3497 2577 solis
3530 2522 3640 2575 vim

388 2612 620 2685 δύναμιν
668 2615 919 2669 τοσοῦτον
992 2618 1148 2689 ήμῶν
1198 2620 1567 2691 ὐπερέθηκεν,
1635 2620 1775 2674 ὥστε
1834 2623 1969 2693 μήτε

2072 2619 2148 2674 ita
2188 2635 2356 2689 supra
2407 2635 2509 2675 nos
2549 2618 2861 2681 collocavit,
2902 2632 2973 2673 ne
3016 2616 3407 2671 obscuraretur
3451 2612 3642 2667 radius

391 2705 773 2775 ἀμαυροῦσθαι
796 2707 895 2778 τὴν
923 2709 1114 2763 ἀκτῖνα
1134 2709 1212 2781 τῷ
1244 2710 1422 2782 πολλῷ
1452 2712 1801 2784 διαστήματι,
1832 2715 1970 2783 μήτε

2071 2726 2182 2781 prae
2236 2710 2400 2780 longo
2447 2708 2775 2775 intervallo,
2824 2722 2960 2762 neve
3013 2703 3423 2776 pr0pinquitate
3472 2702 3642 2755 nimia

388 2796 473 2868 τῷ
498 2798 636 2866 άγαν
664 2802 1053 2873 προσεγγισμῴ
1083 2802 1330 2873 λυπηρὰν
1361 2799 1518 2869 εἶναι,
1553 2804 1587 2875 ἢ
1628 2806 1746 2867 πῶς
1778 2805 1837 2857 τὸ
1862 2803 1971 2857 ὐλι-

2071 2802 2377 2856 molestiam
2412 2799 2663 2863 aﬂ'erret,
2712 2808 2805 2852 aut
2857 2795 3133 2867 quomodo
3178 2793 3423 2849 materiae
3467 2791 3643 2860 magis

392 2890 633 2963 κώτερόν
661 2910 721 2945 τε
750 2893 847 2946 καὶ
881 2894 1186 2966 παχύτερον
1218 2900 1281 2950 ἐκ
1319 2897 1427 2950 τῶν
1452 2896 1879 2968 ὑπερκειμένων,
1912 2898 1972 2949 τὸ

2070 2891 2387 2946 immersum
2410 2891 2692 2960 magisque
2717 2904 2965 2943 crassum
2998 2888 3141 2940 lunae
3169 2898 3371 2952 corpus
3401 2880 3635 2937 inferius

394 2983 675 3055 σεληναῖον
706 2986 864 3057 σῶμά
898 3005 1060 3058 φημι,
1102 2989 1237 3059 πρὸς
1265 2989 1324 3041 τὸ
1356 2989 1663 3059 κατώτερον
1700 2990 1973 3043 κατεσπάο

2073 2982 2433 3036 conStitutum
2466 2982 2562 3043 sit,
2591 2981 2918 3048 oberretque
2948 2986 3109 3031 terrae
3133 2978 3437 3046 proximam
3466 2970 3643 3042 regio-

394 3074 522 3145 σθη,
544 3075 637 3128 καὶ
656 3076 745 3129 τὸν
769 3077 1045 3148 περίγειον
1063 3079 1237 3149 χῶρον
1260 3080 1577 3149 περιπολεῖ·
1606 3072 1665 3131 οὗ
1697 3079 1834 3149 μέση
1858 3097 1972 3143 πως

2073 3089 2195 3129 nem
2232 3092 2245 3128 :
2278 3080 2371 3127 aut
2400 3073 2525 3127 talis
2556 3073 2627 3126 sit
2652 3071 2912 3140 splendor
2941 3069 3083 3138 ejus,
3110 3083 3230 3138 quae
3251 3080 3375 3120 cum
3409 3065 3644 3120 obscura

393 3166 682 3239 θεωρεῖται
719 3169 754 3239 ἡ
784 3168 966 3241 φύσις,
995 3170 1095 3241 τῆς
1115 3187 1174 3223 τε
1213 3171 1518 3243 ἀλαμποῦς,
1553 3172 1646 3225 καὶ
1674 3173 1771 3242 τῆς
1802 3190 1971 3241 φωτι-

2074 3164 2168 3227 sit,
2204 3162 2519 3217 illustrandi
2569 3170 2755 3216 tamen
2800 3161 2998 3215 habeat
3045 3159 3383 3214 facultatem.
3425 3154 3646 3209 Naturae

394 3260 590 3329 στικῆς
616 3242 903 3331 δυνάμεως
937 3262 1077 3315 κατὰ
1118 3263 1179 3315 τὸ
1214 3242 1329 3318 ἴσον
1371 3262 1691 3334 μετέχουσα.
1726 3264 1837 3334 Τὴν
1875 3264 1973 3334 μὲν

2074 3255 2219 3309 enim
2245 3255 2418 3324 ipsius
2447 3253 2759 3309 crassitudo
2791 3251 3074 3322 proprium
3105 3251 3334 3304 nitorem
3370 3246 3643 3310 obtundit,

394 3350 507 3422 γὰρ
540 3352 748 3405 οἴκοθεν
776 3353 1097 3425 λαμπηδόνα
1119 3354 1152 3425 ή
1174 3354 1273 3423 τῆς
1298 3353 1484 3418 οὐσίας
1514 3354 1761 3425 παχύτης
1782 3356 1895 3426 ἀπή
1906 3374 1973 3426 μ·-
2002 3359 2017 3414 1

2024 3358 2044 3416 1
2076 3342 2173 3400 sed
2200 3343 2453 3414 opposito
2485 3344 2618 3398 solis
2650 3343 2928 3397 radiorum
2975 3340 3179 3395 lumine
3221 3340 3289 3394 ab
3334 3339 3647 3395 illustrandi

394 3441 579 3504 ὄλυνε,
593 3441 669 3512 τῷ
680 3442 736 3494 δὲ
748 3443 1130 3515 ἀντιφωτισμῷ
1145 3444 1476 3516 τῆςήλιακῆς
1492 3446 1707 3509 ἀκτῖνος
1722 3447 1781 3499 οὐ
1797 3448 1972 3519 πάντη

2076 3435 2131 3489 vi
2163 3450 2271 3488 non
2300 3442 2383 3491 est
2414 3449 2641 3504 prorsus
2686 3433 2887 3488 aliena.
2918 3431 3188 3486 (ἔπιθι-ιλιι]
3221 3428 3500 3498 sapientiae
3531 3430 3648 3484 sin-

394 3533 497 3604 τῆς
527 3535 854 3604 φωτιστικῆς
887 3536 1240 3606 ἠλλοτρίωται
1279 3536 1512 3606 φύσεως.
1558 3538 1716 3592 ⁹Αλλά
1751 3541 1843 3593 τὸν
1879 3542 1976 3611 μὲν

2077 3527 2220 3599 gulis
2250 3528 2306 3581 in
2334 3527 2499 3581 rebus
2526 3526 2846 3596 conspicua:
2892 3524 3158 3579 rationem
3206 3532 3415 3577 natura
3447 3529 3649 3576 nostrae

395 3624 557 3689 λόγον
584 3626 679 3696 τῆς
705 3628 760 3679 ἐν
795 3626 1007 3697 ἑκάστῳ
1049 3627 1156 3679 τῶν
1204 3628 1373 3681 ὄντων
1413 3631 1743 3702 φαινομένης
1786 3632 1977 3701 σοφίας

2076 3617 2366 3672 inﬁrmitas
2399 3616 2599 3672 intueri
2623 3631 2733 3670 non
2756 3623 2956 3686 potest,
2980 3614 3268 3684 quemdam
3288 3624 3465 3668 tamen
3491 3629 3648 3667 mun-

401 3715 534 3769 ἰδεῖν
581 3718 614 3788 ή
644 3718 885 3788 πτωχεία
921 3719 1019 3788 τῆς
1049 3718 1261 3789 φύσεως
1282 3720 1438 3791 ήμῶν
1464 3722 1735 3787 ἀδυνατεῖ,
1770 3723 1832 3777 τὸ
1860 3723 1979 3794 μέν·

2078 3708 2132 3763 di
2170 3710 2339 3764 totius
2372 3708 2621 3764 ordinem
2653 3707 2707 3761 in
2742 3708 2810 3762 iis
2831 3722 2951 3777 quae
2980 3706 3125 3760 facta
3148 3716 3299 3770 sunt,
3332 3722 3399 3761 ex
3426 3705 3638 3759 descri-

398 3824 483 3860 τοι
521 3807 660 3862 κατά
686 3810 784 3878 τὴν
830 3810 1138 3863 ἐκτεθεῑσαν
1182 3811 1332 3883 παρά
1372 3812 1466 3865 τοῦ
1503 3814 1791 3885 νομοθέτου
1820 3814 1971 3880 τάξιν

2080 3800 2265 3869 ptione
2312 3798 2665 3869 legislatoris,
2703 3799 2772 3854 ab
2814 3797 2882 3853 iis
2912 3798 3007 3868 qui
3046 3796 3395 3852 mediocriter
3444 3802 3649 3849 norunt

399 3899 496 3951 Eni.
535 3898 633 3968 τῆς
676 3900 784 3953 τῶν
829 3901 997 3954 ὄντων
1047 3904 1297 3969 κτίσεως,
1343 3904 1660 3959 ἀκολουθίαν
1704 3908 1826 3960 τινὰ⁹
1862 3910 1973 3971 τοῖς

2078 3887 2367 3959 dispicere,
2400 3903 2521 3958 quae
2548 3903 2613 3944 ex
2646 3889 2848 3958 quibus
2880 3896 3313 3956 consequantur,
3348 3900 3444 3954 per
3473 3898 3645 3953 quas-

401 3990 683 4059 γεγονόσιν
714 3991 1067 4063 ἐνθεωρῆσαι,
1113 3995 1321 4060 τούτοις
1368 3991 1520 4067 οἶμαι
1554 3998 1777 4051 δυνατὸν
1810 3998 1970 4064 εἶναι,
2078 3979 2205 4034 dam
2251 3980 2640 4051 conjecwrasi
2693 3990 2971 4050 Utcunque
3029 3977 3289 4049 εοειιοεοί
3352 3991 3511 4045 Ροδεθ
3556 3990 3647 4027 ³¹’⁶

399 4079 469 4132 τὸ
495 4080 728 4151 μετρίως
761 4083 897 4152 πρὸς
924 4083 982 4136 τὸ
1014 4083 1303 4138 ἀκόλουθον
1332 4086 1712 4156 ἐπισταμένοις
1734 4087 1971 4157 βλέπειν,
2078 4070 2274 4125 bim”-

402 4172 495 4225 διά
537 4192 695 4228 τινων
735 4177 1054 4246 ποχασμῶν
1100 4177 1345 4231 ὁπωσοῦν
1384 4179 1733 4250 κατανοῆσαι.

482 4265 688 4319 Οὐκοῦν
713 4267 1067 4338 ἀναλάϐωμεν
1082 4268 1180 4338 τὴν
1196 4269 1301 4322 τῶν
1318 4271 1615 4339 γεγονότων
1634 4272 1977 4329 ἀκολουθίαν.

2150 4272 2513 4340 Quamobrem
2588 4279 2901 4342 repetamus
2967 4270 3211 4327 ordinem
3276 4282 3466 4323 eorum
3526 4284 3645 4338 qua!

408 4359 568 4412 Ἐστι
583 4358 640 4412 δὲ
662 4359 799 4431 αῦτη
818 4375 833 4390 '
859 4360 951 4414 τοῦ
969 4360 1253 4416 καθολικοῦ
1270 4380 1328 4416 τε
1352 4365 1444 4416 καὶ
1456 4364 1671 4433 γενικοῦ
1702 4366 1878 4435 φωτὸς
1893 4366 1980 4420 διὰ

2080 4365 2223 4419 facta
2262 4375 2392 4419 sunt
2436 4382 2451 4419 :
2503 4364 2585 4419 sic
2625 4372 2807 4419 autem
2850 4363 3016 4418 habet
3048 4361 3289 4416 :Lucem
3336 4361 3646 4417 universam

403 4451 471 4505 τὸ
500 4452 779 4523 εὐκίνητον
815 4453 1181 4524 προφανέντος
1211 4454 1318 4507 τῶν
1356 4455 1550 4521 ἄλλων,
1571 4455 1977 4528 ἐπηκολούθησε

2082 4456 2385 4512 mobilitate
2404 4470 2505 4511 sua
2532 4461 2659 4509 ante
2684 4455 2793 4508 alia
2816 4453 3176 4525 prodeuntem
3205 4451 3527 4506 ﬁrmamenti
3561 4452 3648 4505 ab-

404 4542 501 4595 τοῦ
531 4541 906 4613 στερεώματος
935 4546 1271 4618 περιγραφὴ,
1304 4548 1369 4615 τῇ
1409 4545 1723 4617 κυκλοτερεῖ
1747 4546 1978 4617 περιόδῳ

2085 4548 2286 4603 solutio
2315 4548 2384 4602 ab
2425 4546 2570 4616 ignis
2604 4547 2814 4602 circulo
2843 4545 3066 4601 deﬁnita
3105 4545 3483 4614 consequitur.
3519 4543 3648 4597 Levi

405 4632 502 4686 τοῦ
531 4634 702 4704 πυρὸς
725 4633 1020 4705 όρισθεῖσα.
1044 4635 1153 4705 Τῆς
1180 4635 1238 4688 δέ
1270 4635 1475 4707 κούφης
1505 4635 1715 4705 φύσεως
1740 4636 1847 4689 τῶν
1881 4637 1975 4708 βα·
2011 4698 2028 4708 _

2027 4699 2049 4708 _
2084 4646 2264 4694 autem
2300 4646 2494 4692 natura
2535 4652 2564 4690 a
2596 4636 2943 4707 gravioribus
2974 4648 3247 4705 separata,
3281 4649 3471 4705 graves
3508 4635 3650 4687 inter

409 4698 654 4797 ρυτέρων
694 4698 1847 4799 ἀποκριθείσης,’ἀκολούθως-διαστέλλονται
1881 4698 1981 4782 ἀπ’
2011 4698 2032 4754 Ῑ

2027 4699 2057 4753 ί)
2094 4743 2154 4782 se
2187 4728 2479 4796 qualitates
2526 4698 2963 4796 distinguuntur,
2991 4698 3054 4779 iri
3074 4698 3241 4780 terra,
3262 4698 3316 4778 e-t
3347 4739 3486 4793 aqua
3518 4739 3650 4778 con-

405 4816 653 4887 ἀλλήλων
703 4820 758 4873 αἱ
799 4819 1009 4891 βαρεῖαι
1062 4820 1359 4891 ποιότητες,
1390 4822 1447 4873 ἐν
1489 4823 1558 4891 γῇ
1591 4838 1649 4873 τε
1694 4821 1787 4873 καὶ
1830 4818 1979 4874 ὕδατι

2091 4817 2297 4871 stitutae
2333 4837 2346 4871 :
2393 4815 2652 4871 inferiore
2682 4831 2814 4871 vero
2845 4826 3040 4870 natura
3077 4822 3361 4880 exornata,
3406 4815 3647 4872 subtilis.

405 4908 788 4979 διακριθεῖσαι.
826 4911 939 4980 Τῆς
968 4910 1024 4963 δὲ
1058 4911 1204 4965 κάτω
1246 4910 1459 4980 φύσεως
1502 4910 1979 4982 διακοσμηθείσης,

2083 4918 2137 4963 et
2170 4909 2324 4973 levis,
2356 4909 2703 4977 excelsaque,
2741 4908 2998 4977 quoniam
3027 4922 3134 4961 non
3162 4907 3339 4962 omnis
3365 4914 3482 4961 erat
3508 4908 3650 4961 inter

406 5001 442 5069 η
479 5000 648 5073 λεπτή
687 5019 747 5054 τε
790 5002 885 5055 καὶ
924 5002 1099 5073 κούφη
1133 5002 1224 5055 καὶ
1271 5002 1538 5073 μετέωρος
1577 5002 1752 5066 οὐσία,
1800 5002 1885 5055 διά
1920 5000 1982 5055 τὸ

2085 5012 2146 5053 se
2184 4998 2401 5062 similis,
2448 4999 2719 5069 interjecti
2753 4998 3018 5069 temporis
3062 4998 3241 5067 spatio
3273 5012 3337 5051 ex
3372 4997 3464 5051 illa
3500 5013 3650 5052 com-

410 5094 489 5165 μὴ
523 5096 703 5148 πᾶσαν
734 5094 903 5164 αὐτὴν
933 5092 1185 5163 ὁμοφυῶς
1206 5094 1341 5164 πρὸς
1374 5093 1570 5164 ἐαυτὴν
1600 5093 1763 5165 ἔχειν,
1792 5095 1849 5147 ἐν
1881 5110 1978 5163 με·

2085 5091 2352 5145 munitate
2378 5091 2434 5145 in
2456 5101 2715 5162 cognatas
2744 5091 3008 5145 dividitur
3044 5091 3438 5160 proprietates:
3465 5090 3516 5141 in
3543 5102 3649 5157 qua

405 5185 541 5249 ταξὺ
566 5185 892 5255 διαστήματι
920 5184 1013 5238 τοῦ
1046 5185 1434 5257 παρῳχηκότος
1461 5186 1676 5257 χρόνον,
1718 5186 1852 5257 πρὸς
1883 5185 1982 5249 τὰς

2088 5182 2503 5239 innumerabilis
2558 5185 2841 5239 stellarum
2891 5183 3182 5236 multitudo
3230 5182 3499 5251 explicata
3552 5194 3650 5248 pro

405 5278 691 5345 ὁμογενεῖς
721 5275 985 5347 ἰδιότητας
1021 5277 1084 5329 ἐκ
1110 5276 1205 5329 τοῦ
1241 5276 1418 5331 κοινοῦ
1465 5277 1819 5349 διακρίνεται,
1855 5280 1914 5333 ἐν

2088 5280 2251 5335 insita
2281 5280 2484 5350 cuique
2517 5281 2735 5350 propria
2762 5280 2837 5345 vi,
2868 5278 3055 5332 mundi
3092 5276 3369 5346 fastigium
3400 5280 3648 5341 occupat,

405 5366 468 5420 τὸ
494 5368 720 5439 ἄπειρον
749 5368 856 5421 τῶν
881 5368 1094 5440 ἄστρων
1127 5369 1328 5440 πλῆθος
1350 5370 1679 5437 ἐξαπλωθέν,
1715 5372 1858 5426 κατά
1882 5372 1981 5444 τὴν

2086 5382 2248 5444 atque
2276 5373 2350 5427 ita
2380 5374 2435 5427 in
2466 5389 2565 5429 sua
2598 5387 2827 5442 qumque
2859 5371 2988 5426 sede
3022 5370 3212 5432 haeret,
3251 5375 3310 5420 ut
3353 5380 3479 5419 cum
3509 5380 3650 5418 sem~

405 5459 737 5530 ἐγκειμένην
780 5460 994 5529 ἑκάστῳ
1026 5460 1180 5531 μέρει
1230 5463 1463 5533 φυσικὴν
1504 5462 1761 5533 ἰδιότητα,
1790 5464 1883 5516 ἐπὶ
1920 5464 1981 5517 τὸ

2087 5482 2185 5537 per
2207 5465 2646 5531 circumferatur,
2671 5478 2950 5535 nunquam
2974 5471 3155 5517 tamen
3178 5462 3357 5515 locum
3379 5458 3650 5527 relinquat

405 5547 712 5617 ἀκρότατον
755 5551 855 5620 τῆς
900 5549 1129 5613 κτίσεως
1173 5550 1478 5621 ἀνατρέχει,
1510 5550 1605 5605 καὶ
1640 5552 1697 5605 ἐν
1744 5550 1821 5621 τῷ
1868 5551 1980 5622 ἰδίῳ

2086 5572 2265 5612 suum.
2296 5555 2500 5612 Horum
2543 5557 2690 5612 enim
2735 5564 2795 5610 ut
2834 5555 2969 5610 ordo
3012 5550 3366 5608 immutabilis
3407 5556 3519 5612 est,
3570 5549 3649 5603 sic

406 5638 639 5691 ἕκαστον
666 5638 875 5707 γίνεται
910 5641 1080 5711 τόπῳ,
1114 5640 1237 5694 οὗτε
1272 5643 1573 5713 παυόμενον
1610 5642 1711 5713 τῆς
1743 5644 1987 5713 ἀεικινήο

2084 5654 2277 5699 natura
2312 5660 2526 5715 semper
2556 5645 2793 5700 mobilis.
2842 5643 2973 5698 Post
3003 5639 3405 5696 velocissimum
3442 5646 3641 5705 motum

406 5742 503 5781 του
539 5731 731 5801 φορᾶς,
772 5730 897 5784 οὔτε
933 5731 1388 5803 μετακινούμενον
1417 5734 1524 5788 ἀπὸ
1557 5735 1655 5806 τῆς
1692 5736 1750 5788 ἐν
1776 5726 1821 5801 ᾧ
1873 5736 1989 5786 ἐστι

2086 5738 2335 5806 sequitur
2363 5736 2609 5792 secundo
2628 5738 2769 5798 loco,
2801 5750 2922 5803 quae
2950 5732 3242 5786 velocitate
3276 5730 3521 5799 proxima
3543 5740 3624 5781 est

408 5819 636 5885 θέσεως.
690 5822 829 5876 Ἀλλ’
869 5825 903 5894 ή
950 5826 1048 5895 μὲν
1086 5824 1241 5890 τάξις
1284 5828 1342 5879 ἐν
1391 5826 1601 5889 τούτοις
1631 5826 1693 5878 τὸ
1732 5826 1987 5897 ἀκίνητον

2086 5827 2516 5897 subeuntemquc
2568 5825 2835 5880 circulum
2886 5821 3126 5885 obtinet,
3182 5818 3345 5874 tertio
3394 5818 3648 5884 deinceps

408 5911 543 5982 ἔχει,
580 5915 612 5984 ή
642 5914 695 5968 δὲ
728 5915 979 5990 φύσιςθτὸ
1016 5918 1339 5989 ἀεικίνητον.
1385 5917 1607 5991 Ἐφεξῆς
1641 5918 1698 5971 δέ
1739 5919 1774 5989 ή
1813 5917 1987 5971 δευτε-

2086 5921 2210 5985 alia,
2256 5928 2309 5975 et
2345 5928 2564 5992 quarto,
2616 5918 2682 5973 ad
2730 5916 3019 5987 septimum
3066 5927 3239 5983 usque
3296 5926 3395 5981 pro
3442 5908 3650 5963 ratione
