4054 6542
407 452 512 510 “9

1629 444 1688 500 S.
1719 443 2045 502 αιιεοοιυι
2088 442 2381 499 NYSSENI

3534 438 3641 494 120

409 562 730 619 velocitatis.
773 560 950 617 Tanto
1004 560 1147 616 enim
1186 574 1530 631 unaquaeque
1563 559 1780 630 longius
1820 558 1972 614 abest

2083 559 2305 632 ρονοῦσα
2347 558 2424 629 (α)
2460 556 2598 628 μετά
2627 556 2727 628 τὴν
2770 553 3033 625 ὀξυτάτην
3080 552 3289 622 κίνησιν
3320 552 3379 605 ὲν
3418 554 3485 623 τῇ
3536 554 3643 625 ίδίᾳ

410 673 438 710 a
489 655 792 726 superiore,
822 662 1026 725 quanto
1056 652 1146 706 illa
1182 652 1246 706 ad
1282 652 1604 707 movendum
1638 660 1829 705 natura
1862 661 1974 705 tar-

408 744 529 798 dior
555 751 658 798 est.
711 738 836 795 Haec
884 742 1049 809 igitur
1104 747 1304 808 quarto
1346 738 1433 794 die
1476 738 1616 792 facta
1663 748 1809 803 sunt,
1864 754 1971 792 non

410 834 553 905 quod
576 842 707 887 tunc
739 830 902 885 fuerit
927 830 1017 883 lux
1054 837 1364 899 procreata,
1393 828 1487 884 sed
1517 828 1663 898 quod
1695 829 1975 883 illustran-

410 925 464 979 di
488 926 539 978 vi
566 939 664 993 pro
696 932 892 976 natura
915 936 1013 976 sua
1052 922 1212 975 simul
1238 929 1447 985 coacta,
1475 921 1827 990 apparuerint
1849 935 1973 975 cum

410 1015 631 1084 reliqua:
664 1012 851 1074 stellae,
895 1020 1009 1065 tum
1048 1012 1152 1066 illa:
1189 1026 1309 1080 quae
1352 1009 1730 1080 magnitudine
1765 1011 1977 1065 caeteris

426 1111 707 1175 prmstant,
735 1103 817 1158 sol
847 1110 901 1157 et
934 1103 1082 1167 luna,
1106 1117 1340 1171 quorum
1376 1110 1529 1157 ortus
1565 1101 1784 1171 quidem
1813 1116 1976 1157 occa-

415 1198 498 1252 sio
533 1195 744 1249 exstitit
771 1194 911 1248 lucis
960 1195 1014 1247 in
1050 1194 1447 1264 procreatione,
1479 1192 1767 1263 utriusque
1796 1199 1973 1247 autem

414 1287 737 1341 constitutio
795 1285 1035 1356 (quando
1065 1294 1315 1339 movetur
1351 1283 1405 1337 in
1434 1291 1677 1353 tempore
1706 1283 1975 1354 quidquid

412 1385 682 1440 movetur,
719 1384 775 1431 et
800 1385 1027 1431 mutuus
1077 1374 1467 1444 particularum
1502 1387 1809 1428 concursus
1856 1381 1979 1443 eget

413 1471 596 1539 aliquo
636 1467 894 1537 temporis
940 1466 1252 1536 intervallo)
1296 1464 1474 1519 tribus
1502 1463 1697 1519 diebus
1735 1464 1977 1535 perfecta

412 1567 521 1613 cst.
566 1556 746 1625 Quare
792 1570 902 1610 non
944 1554 1183 1609 absurde
1227 1553 1482 1609 conditus
1513 1554 1665 1608 orbis
1702 1569 1733 1607 a
1782 1569 1979 1623 magno

418 1648 569 1702 Mose
625 1647 699 1700 ita
746 1646 1100 1707 describitur,
1152 1652 1212 1698 ut
1269 1652 1533 1714 quantum
1574 1645 1639 1699 ad
1694 1644 1976 1698 materiam

413 1740 668 1809 pertinet,
690 1736 853 1791 simul
876 1736 1059 1789 omnia
1093 1735 1346 1790 dicantur
1391 1735 1590 1789 virtute
1610 1733 1821 1804 opiﬁcis
1842 1749 1978 1788 con-

413 1830 605 1883 stituta
648 1844 664 1882 :
707 1826 1003 1897 singularis
1043 1834 1223 1880 autem
1269 1840 1479 1892 eorum,
1520 1840 1640 1895 quae
1676 1826 1731 1879 in
1774 1826 1978 1879 mundo

2032 666 2035 667 '
2071 651 2232 721 φορᾷ,
2261 649 2351 702 τὸν
2385 647 2761 719 ὑποϐεϐηκότα
2792 646 2988 699 κύκλον
3016 644 3396 715 διαλαμϐάνειο
3427 644 3519 697 καὶ
3539 646 3643 698 πά-

2070 743 2152 795 λιν
2186 745 2249 795 ἐκ
2296 741 2479 813 τρίτου
2522 742 2615 793 καὶ
2642 739 2903 809 τετάρτου
2949 737 3044 790 καὶ
3086 736 3190 799 ἕως
3232 735 3459 805 ἑϐδόμου
3507 736 3645 806 πρὸς

2072 831 2228 900 λόγον
2247 828 2344 899 τῆς
2374 828 2512 882 κατά
2532 829 2592 881 τὸ
2621 827 2783 897 τάχος
2816 824 3047 895 φύσεως.
3077 822 3339 877 Τοσοῦτον
3367 823 3646 877 ὑποκατα-

2073 921 2250 975 6αίνει
2282 920 2374 974 τοῦ
2403 920 2661 991 ἀνωτέρω
2690 919 2939 983 ἕκαστον,
2964 916 3089 969 ὅσον
3125 914 3272 986 αύτῷ
3297 915 3648 985 σχολαιοτέρα

2072 1012 2181 1065 τῶν
2226 1011 2631 1083 ὑπερκειμένων
2661 1012 2694 1080 ή
2736 1008 2896 1078 φύσις
2936 1008 3052 1061 ἐστὶ
3088 1008 3223 1079 πρὸς
3264 1008 3364 1081 τὴν
3406 1008 3641 1079 κίνησιν.

2074 1105 2258 1159 Ταῦτα
2276 1100 2368 1157 οὖν
2388 1104 2592 1171 γίνεται
2615 1100 2755 1155 κατά
2776 1101 2873 1172 τὴν
2895 1102 3158 1172 τετάρτην
3183 1101 3414 1173 ἡμέραν,
3439 1102 3501 1155 οὑ
3522 1102 3646 1154 τότε

2075 1200 2167 1255 τοῦ
2209 1200 2386 1269 φωτὸς
2431 1197 2944 1270 δημιουργηθέντος,
2988 1196 3126 1251 ἀλλά
3169 1197 3266 1267 τῆς
3320 1199 3649 1268 φωτιστικῆς

2080 1293 2341 1363 ἰδιότητος
2370 1291 2499 1361 περὶ
2533 1288 2595 1343 τὸ
2632 1288 2773 1342 κατὰ
2802 1286 2962 1357 φύσιν
2994 1288 3158 1357 ἑαυτῇ
3188 1287 3285 1341 καὶ
3321 1287 3650 1359 κατάλληλον

2076 1381 2481 1454 ἀθροισθείσης·
2509 1380 2579 1434 τά
2605 1396 2664 1431 τε
2685 1377 2819 1432 ἀλλα
2853 1378 3085 1448 ἐξεφάνη
3113 1378 3221 1430 τῶν
3261 1379 3525 1450 ἀστέρων,
3559 1380 3653 1433 καὶ

2075 1471 2126 1522 oi
2171 1469 2229 1521 ὲν
2271 1466 2473 1537 μείζονι
2520 1467 2670 1536 ὄγκῳ
2702 1466 2829 1535 περὶ¹
2873 1465 2943 1517 τὰ
2989 1464 3151 1518 λοιπά
3201 1465 3593 1537 καθορώμενοι,
3622 1469 3653 1522 ὁ

2076 1558 2225 1629 ἥλιός
2248 1574 2307 1611 τε
2336 1558 2427 1612 καὶ
2455 1557 2489 1627 ἡ
2506 1556 2721 1627 σελήνη,
2749 1550 2824 1610 ὧν
2854 1558 2887 1627 ἡ
2911 1556 3008 1626 μὲν
3032 1556 3264 1623 γένεσις,
3287 1559 3344 1610 ὲν
3365 1560 3431 1628 τῇ
3461 1556 3653 1629 πρώτῃ

2078 1650 2369 1722 καταϐολῇ,
2417 1649 2509 1702 τοῦ
2542 1650 2718 1718 φωτὸς
2751 1648 2850 1712 τάς
2886 1648 3139 1719 ἀφορμὰς
3178 1648 3356 1718 ἔσχεν,
3382 1652 3416 1721 ἠ
3464 1650 3523 1703 δὲ
3561 1650 3656 1703 σύ-

2080 1759 2266 1806 στασις
2285 1740 2513 1795 ἑκάστου
2536 1741 2739 1813 (ἐπειδὴ
2762 1740 2977 1805 πάντως
3002 1742 3058 1794 ὲν
3087 1741 3263 1813 χρόνῳ
3285 1745 3513 1797 κινεῖται
3547 1744 3654 1797 πᾶν

2078 1832 2143 1885 τὸ
2180 1833 2513 1902 κινούμενον,
2547 1833 2641 1885 καὶ
2676 1830 2756 1884 δεῖ
2778 1832 2877 1902 τὴν
2903 1831 3012 1885 τῶν
3058 1833 3261 1904 μορίων
3287 1834 3421 1906 πρὸς
3452 1833 3658 1900 ἄλληλα

411 1917 687 1982 videntur,
730 1917 1010 1971 distinctio
1061 1916 1251 1970 ordine
1278 1916 1512 1985 quodam
1550 1931 1614 1969 ac
1640 1915 1781 1971 serie
1819 1922 1983 1969 natu-

2088 1924 2412 1995 συνδρομὴν,
2441 1924 2533 1977 καὶ
2565 1922 2815 1994 χρονικοῦ
2832 1941 2975 1987 τινος
3003 1924 3391 1997 διαστήματος)
3463 1926 3523 1979 ἐν
3538 1928 3654 1990 ταῖς

412 2011 541 2075 rali,
574 2024 640 2065 eo
685 2009 861 2080 spatio
905 2008 1051 2079 quod
1103 2008 1319 2089 dictum
1339 2015 1446 2075 est,
1506 2007 1776 2062 absoluta.
1828 2004 1983 2062 Tunc

412 2105 580 2162 simul
617 2103 874 2159 universa
915 2102 1005 2155 lux
1050 2100 1282 2166 exstitit,
1313 2106 1445 2152 tunc
1481 2098 1662 2154 omnis
1690 2112 1873 2153 rerum
1916 2097 1984 2152 il-

413 2194 775 2250 lustrantium
820 2200 1015 2246 natura
1069 2190 1304 2260 propriis
1361 2189 1621 2243 distincta
1665 2188 1985 2245 diﬂerentiis

416 2290 694 2362 apparuit,
740 2303 974 2359 quarum
1014 2302 1045 2343 e
1079 2301 1308 2341 numero
1367 2286 1448 2341 sol
1492 2294 1596 2348 est,
1623 2292 1677 2341 et
1714 2286 1864 2339 luna.
1906 2286 1984 2340 Ac

416 2377 880 2450 quemadmodum
917 2390 979 2431 ea
1014 2391 1135 2446 quae
1176 2373 1432 2430 ﬂuentem
1479 2377 1589 2428 vim
1618 2375 1841 2439 habent,
1875 2391 1983 2430 non

417 2477 551 2527 sunt
594 2471 757 2524 unius
788 2469 1005 2540 generis
1041 2467 1248 2535 omnia,
1291 2468 1385 2522 sed
1416 2466 1719 2522 dill‘erentia
1748 2468 1984 2538 quadam

416 2563 560 2617 inter
580 2576 641 2617 se
667 2560 909 2617 vicissim
940 2559 1275 2629 discrepant,
1300 2566 1362 2611 ut
1386 2558 1573 2613 videre
1597 2558 1725 2614 licet
1753 2558 1808 2613 in
1840 2560 1983 2621 oleo,

414 2660 469 2709 ct
498 2667 661 2723 aqua,
690 2661 745 2707 et
777 2659 1002 2723 argento
1031 2651 1177 2716 vivo,
1214 2665 1341 2721 qua:
1379 2648 1425 2704 si
1458 2651 1585 2720 quis
1613 2649 1793 2704 omnia
1822 2650 1985 2704 simul

415 2744 474 2799 in
502 2758 613 2799 uno
648 2757 779 2799 vase
811 2741 1133 2804 confundat,
1169 2756 1335 2811 parva
1368 2740 1654 2810 interiecta
1690 2755 1843 2796 mora
1873 2742 1988 2810 pri-

412 2852 564 2893 mum
599 2834 830 2906 aspiciet
856 2841 1138 2905 argentum
1173 2833 1358 2889 vivum
1389 2834 1460 2889 ob
1493 2834 1799 2904 graviorem
1824 2833 1986 2889 deor-

415 2941 649 2998 sumque
688 2924 997 2981 tendentem
1046 2932 1298 2979 naturam
1346 2925 1403 2980 in
1438 2925 1609 2980 fundo
1648 2932 1824 2980 totum
1854 2941 1986 2981 con-

417 3019 618 3085 sidere,
664 3018 795 3074 licet
826 3017 1009 3073 omnia
1060 3016 1346 3073 commista
1388 3015 1758 3083 sint;deinde
1791 3032 1988 3087 aquam

418 3110 581 3167 simul
625 3117 875 3165 coactam
918 3123 1135 3164 omnem
1177 3107 1510 3175 succedere;
1565 3118 1842 3178 postremo
1883 3109 1989 3164 olei

417 3210 777 3273 congregatas
809 3200 1109 3271 particulas
1138 3207 1500 3270 supernatare
1543 3210 1597 3256 et
1631 3216 1795 3272 super
1824 3209 1991 3256 utro-

420 3312 531 3367 que
560 3296 864 3352 consistere
894 3311 909 3349 :
941 3293 1132 3349 eodem
1159 3302 1322 3363 pacto
1344 3291 1413 3348 de
1443 3308 1503 3348 re
1527 3293 1689 3349 nobis
1711 3294 1776 3348 ad
1806 3294 1996 3364 dispu-
2021 3276 2064 3335 C

421 3386 647 3443 tandum
688 3385 967 3457 proposita
996 3399 1294 3455 possumus
1330 3384 1627 3453 conjicere,
1657 3384 1791 3439 illud
1826 3401 1996 3439 unum

421 3479 479 3533 in
528 3478 777 3548 exemplo
828 3484 1043 3530 tantum
1092 3484 1522 3541 commutantes,
1578 3484 1640 3531 ut
1695 3477 1842 3547 quod
1889 3478 2001 3532 illic

425 3576 649 3639 propter
690 3567 1040 3637 gravitatem,
1094 3565 1183 3620 hic
1231 3574 1423 3621 contra
1471 3575 1693 3637 propter
1728 3569 1998 3625 levitatem

422 3661 658 3718 eveniat.
698 3660 758 3714 In
788 3659 967 3729 prima
1007 3658 1155 3713 enim
1184 3672 1371 3712 rerum
1413 3658 1828 3720 constitutione,
1881 3677 2002 3731 qua:

2085 2018 2262 2088 τρισὶν
2286 2015 2523 2087 ἡμέραις
2546 2014 2830 2086 ἐτελειώθη
2846 2032 2860 2046 ο
2884 2014 2960 2079 ὡς
2985 2014 3148 2087 μηδὲν
3171 2016 3276 2083 ἔξω
3299 2020 3397 2087 τῆς
3427 2016 3654 2071 ἀκολου-

2088 2109 2211 2173 θίας
2259 2107 2410 2179 παρὰ
2455 2106 2548 2160 τοῦ
2587 2106 2823 2178 μεγάλου
2849 2107 3093 2171 Μωσέως
3135 2109 3194 2161 ὲν
3227 2111 3295 2180 τῇ
3345 2109 3453 2162 τῶν
3488 2109 3659 2163 ὅντων

2087 2199 2341 2270 διασκευῇ
2370 2198 2695 2271 γεγράφθαι,
2722 2199 2769 2251 εί
2800 2198 3015 2252 πάντων
3041 2200 3181 2254 κατά
3204 2200 3266 2253 τὸ
3290 2199 3485 2270 ἀθρόον
3509 2201 3661 2272 παρὰ

2088 2292 2187 2363 τῆς
2216 2290 2309 2344 τοῦ
2328 2289 2670 2362 Δημιουργοῦ
2694 2289 2978 2361 δυνάμεως
2995 2290 3192 2354 ὑλικῶς
3214 2291 3662 2362 προκαταϐεόληο

2093 2384 2292 2454 μένων,
2314 2382 2450 2453 πρὸς
2470 2382 2568 2454 τὴν
2599 2381 2705 2435 τῶν
2730 2380 2899 2435 ὄντων
2930 2382 3206 2446 σύστασιν,
3245 2384 3279 2455 η
3313 2383 3511 2455 μερικὴ
3552 2384 3665 2437 τῶν

2090 2474 2147 2525 ὲν
2190 2472 2269 2544 τῷ
2316 2472 2504 2543 κόσμῳ
2540 2471 2965 2544 τεθεωρημένων
3019 2472 3308 2539 ἀνάδειξις,
3366 2472 3517 2537 τάξει
3554 2473 3665 2527 τινὶ

2091 2566 2292 2634 φυσικῇ
2320 2563 2411 2616 καὶ
2435 2562 2724 2633 ἀκολουθίᾳ
2747 2564 2805 2615 ὲν
2829 2563 2977 2635 ῥητῷ
2994 2564 3322 2634 διαστήματι
3353 2563 3663 2635 ἐτελειώθη*

2089 2654 2212 2707 τότε
2232 2654 2331 2724 μὲν
2359 2654 2555 2725 ἀθρόου
2581 2653 2676 2707 τοῦ
2715 2655 2890 2724 φωτὸς
2916 2655 3260 2725 ὲκφανέντος,
3290 2653 3384 2708 νῦν
3406 2655 3461 2708 δὲ
3486 2656 3668 2725 πάσης

2090 2747 2189 2816 τῆς
2220 2745 2555 2815 φωτιστικῆς
2587 2743 2804 2814 φύσεως
2843 2746 3023 2810 ίδικῶς
3054 2746 3424 2819 διαφανείσης,
3454 2740 3529 2803 ὧν
3548 2748 3669 2801 ἐστι

2092 2838 2187 2892 καὶ
2222 2839 2251 2891 ὁ
2276 2836 2445 2909 ἥλιος,
2475 2836 2569 2890 καὶ
2595 2837 2628 2907 ἡ
2670 2837 2889 2907 σελήνη.
2916 2838 3025 2891 Καὶ
3054 2838 3240 2909 ὥσπερ
3272 2839 3365 2891 ἐπὶ
3406 2838 3515 2891 τῶν
3541 2840 3668 2910 ρευ-

2095 2927 2225 2997 στήν
2259 2943 2381 2981 τινα
2410 2924 2638 2995 δύναμιν
2674 2926 2924 2996 ἐχόντων,
2962 2925 3063 2980 κᾶν
3092 2928 3270 2981 πάντα
3296 2928 3415 2998 ῥέῃ,
3446 2928 3505 2981 οὺ
3533 2928 3669 2981 πάν-

2091 3035 2200 3082 τως
2229 3017 2503 3089 ὁμογενῶς
2531 3018 2643 3088 ἔχει
2675 3016 2810 3089 πρὸς
2840 3017 3063 3089 ἄλληλα,
3088 3018 3225 3073 ἀλλά
3251 3019 3332 3083 τίς
3360 3022 3505 3072 ἐστιν
3541 3018 3671 3073 ἑκά-

2096 3126 2207 3180 στῳ
2250 3108 2483 3180 διαφορά
2539 3107 2675 3178 πρὸς
2727 3107 2788 3160 τὸ
2839 3107 3043 3180 ἕτερον,
3093 3104 3203 3163 οἷον
3245 3110 3304 3163 ὲν
3366 3109 3530 3180 ἐλαίῳ
3578 3109 3673 3162 καὶ

2096 3200 2420 3273 ύδραργύρῳ
2465 3200 2558 3253 καὶ
2606 3198 2779 3262 ὕδατι,
2824 3199 2967 3271 άπερ
3018 3199 3070 3253 et
3104 3217 3189 3263 τις
3220 3201 3455 3271 ἀναχέας
3493 3200 3672 3254 πάντα

2096 3294 2229 3366 πρὸς
2267 3292 2469 3363 άλληλα
2524 3291 2604 3344 ἑνὶ
2652 3290 2932 3361 περιϐάλοι
2976 3292 3202 3360 ἀγγείῳ,
3253 3292 3479 3363 βραχέος
3514 3294 3676 3360 ἐγγε-

2094 3384 2318 3455 νομένου
2346 3382 2562 3453 χρόνου,
2593 3379 2807 3451 πρῶτον
2838 3381 3026 3450 ὄψεται
3065 3382 3161 3452 τὴν
3192 3383 3551 3454 ὐδράργυρον,
3580 3382 3670 3436 διὰ

2095 3475 2157 3528 τὸ
2189 3472 2496 3546 βαρυτέραν
2531 3487 2592 3525 τε
2618 3471 2711 3525 καὶ
2752 3473 3236 3542 κατωφερεστέραν
3269 3469 3407 3527 εἶναι
3448 3472 3556 3527 τῶν
3581 3474 3676 3527 άλ-

2096 3569 2223 3633 λων,
2250 3568 2363 3629 τοῖς
2402 3565 2553 3628 ἰδίοις
2584 3564 2974 3634 συμφυομὲνην
3020 3565 3250 3634 μορίοις,
3286 3564 3390 3618 κᾶν
3427 3563 3675 3637 πανταχῆ

2096 3657 2268 3712 ταῦτα
2325 3654 2748 3725 διεσκεδασμένα
2799 3653 2968 3725 τύχῃ·
3019 3653 3208 3707 ἔπειτα
3243 3653 3304 3706 τὸ
3353 3652 3497 3724 ὕδωρ
3540 3653 3677 3724 πρὸς

425 3752 649 3807 levitate
696 3765 920 3806 sursum
961 3748 1280 3813 tendebant,
1319 3748 1565 3819 quandiu
1597 3750 1667 3804 ob
1690 3753 1994 3806 naturalem

2105 3749 2266 3804 ἑαυτὸ
2306 3747 2696 3817 συναγόμενον’
2728 3740 2849 3800 εἶτα
2882 3744 2974 3797 τοῦ
3005 3744 3185 3798 ἐλαίου
3228 3746 3297 3799 τὰ
3337 3745 3503 3815 μόρια
3540 3747 3676 3799 πᾶσι

424 3840 535 3895 vim
570 3839 790 3896 insitam
827 3838 1104 3895 celeritate
1129 3838 1399 3901 valebant,
1424 3838 1629 3908 pariter
1652 3840 1838 3893 omnia
1867 3854 1996 3895 con-

2102 3841 2214 3901 τοῖς
2239 3838 2619 3908 ὑποκειμένοις
2648 3835 3063 3900 ἐπιπολάζοντα,
3090 3837 3183 3890 καὶ
3213 3838 3340 3907 περ)⁸
3364 3834 3532 3889 ἑαυτὰ
3554 3852 3681 3889 συν-

427 3940 740 3997 currerunt,
770 3937 884 3983 tum
913 3944 978 3984 ex
1011 3928 1318 3985 velocitatis
1359 3929 1678 4000 prmstantia
1709 3931 1825 4001 ipsa
1860 3948 1996 4004 quo-

2106 3932 2398 4002 ιστάμενα·
2455 3929 2626 3992 οὕτως
2671 3923 2825 3999 οἶμαι
2863 3928 2974 3981 δεῖν
3005 3929 3099 3981 καὶ
3144 3927 3273 3998 περὶ
3311 3928 3411 3998 τῆς
3457 3944 3681 3999 προκει-

426 4033 533 4091 que
572 4019 714 4074 inter
752 4034 811 4074 se
841 4018 1104 4073 distincta
1138 4026 1286 4075 sunt.

2106 4024 2274 4094 μένης
2303 4021 2533 4093 θεωρίας
2581 4019 2957 4090 στοχάζεσθαι,
2986 4018 3238 4073 τοσοῦτον
3271 4018 3679 4083 ύπαλλάξαντας

430 4114 589 4186 μόνον
629 4111 724 4165 τοῦ
762 4110 1190 4180 ύποδείγματος,
1237 4110 1377 4164 ὥστε
1417 4109 1476 4163 τὸ
1503 4111 1562 4163 ὲν
1608 4113 1720 4175 τοῖς
1766 4114 2010 4182 ῥευστοῖς
2047 4109 2147 4170 ὧδε
2179 4114 2265 4168 διὰ
2312 4111 2405 4166 τοῦ
2471 4110 2670 4181 βάρους
2727 4108 3043 4179 γινόμενον,
3091 4108 3182 4161 ἐπὶ
3223 4108 3322 4177 τῆς
3368 4106 3679 4179 ἀνωφεροῦς

428 4207 645 4276 φύσεως
696 4203 836 4258 κατά
883 4203 943 4257 τὸ
996 4203 1230 4274 ἔμπαλιν
1286 4203 1578 4275 θεωρῆσαι.
1638 4204 1862 4260 Πάντων
1912 4209 2021 4279 γάρ
2060 4207 2480 4279 ἀναφερομένων
2539 4204 2642 4257 ὑπὸ
2682 4203 3011 4272 κουφότητος
3043 4201 3158 4271 ἅμα
3206 4204 3272 4272 τῇ
3321 4200 3509 4271 πρώτῃ
3568 4197 3680 4252 τῶν

430 4303 597 4357 ὅντων
642 4298 936 4368 καταϐολῇ,
977 4297 1053 4360 ώς
1096 4294 1209 4368 εἶχε
1256 4298 1452 4367 τάχους
1500 4299 1729 4352 ἕκαστον
1786 4300 1928 4354 κατὰ
1972 4303 2068 4374 τὴν
2098 4301 2422 4372 ὲγκειμένην
2448 4298 2761 4361 τοίς’πᾶσιν
2786 4299 2850 4349 ὲκ
2877 4295 3088 4367 φύσεως
3116 4293 3360 4366 δύναμιν,
3391 4292 3681 4347 ἀκόλουθον

427 4391 497 4466 ἦν
518 4392 598 4463 τῷ
625 4389 992 4461 ισοδρομοῦντι
1019 4388 1270 4460 ἀλλήλοις
1307 4389 1483 4441 πάντα
1526 4388 1870 4459 συνδραμεῖν,
1898 4392 1994 4445 καὶ
2021 4392 2163 4446 οὕτω
2212 4391 2554 4463 διακριθῆναι
2613 4388 2756 4442 κατά
2786 4388 2884 4459 τὴν
2919 4386 3014 4441 τοῦ
3041 4387 3238 4457 τάχους
3283 4386 3545 4456 διαφοράν
3580 4384 3679 4439 ἀπ’
3756 4426 3763 4444 .

428 4486 693 4560 ἀλλήλων,
720 4486 828 4540 τῶν
870 4485 1132 4548 ὡσαύτως
1160 4485 1480 4553 πεφυκότων
1521 4502 1581 4537 τε
1624 4487 1718 4539 καὶ
1759 4487 2088 4558 δυναμένων.

502 4577 572 4633 Ut
603 4577 768 4648 igitur
796 4578 851 4632 in
882 4574 1133 4648 exemplo
1172 4576 1453 4646 proposito
1499 4591 1681 4631 rerum
1716 4576 1997 4632 ﬂuentium
2033 4583 2076 4638 ι)

434 4670 665 4724 secretio
683 4674 739 4723 et
766 4667 1040 4738 separatio
1062 4666 1348 4721 materiam
1381 4666 1712 4737 singularem
1738 4681 1846 4721 non
1878 4682 1996 4722 οοηε

2113 4669 2252 4723 στῶν
2273 4665 2477 4720 τούτων
2506 4663 2772 4733 διάκρισις
2812 4661 2912 4712 οὐκ
2951 4660 3171 4729 ἐποίησε
3206 4657 3293 4711 διὰ
3334 4657 3434 4726 τῆς
3471 4656 3681 4709 διαστο-

434 4761 630 4823 stituit,
658 4760 752 4815 sed
780 4760 893 4831 jam
923 4759 1121 4814 factam
1142 4757 1416 4823 distinxit,
1450 4759 1872 4830 distinctamque
1910 4761 1996 4815 de-

2110 4758 2210 4828 λῆς
2234 4756 2331 4818 τὰς
2359 4753 2510 4817 ὕλας,
2539 4751 2674 4805 ἀλλὰ
2701 4752 2799 4813 τὰς
2834 4748 3202 4818 γεγενημένας
3223 4746 3316 4799 καὶ
3345 4747 3402 4798 ὲν
3425 4744 3679 4815 ἀλλήλαις

435 4852 800 4908 monstravit:
838 4852 918 4907 sic
947 4852 1002 4905 in
1052 4851 1217 4905 trium
1248 4850 1459 4906 dierum
1495 4852 1671 4921 spatio
1727 4852 1996 4907 illustrans

2112 4846 2415 4919 κεχυμένας
2460 4842 2715 4915 καθαρῶς
2752 4841 2989 4911 ἑκάστην
3012 4840 3119 4891 ἀπὸ
3155 4838 3251 4908 τῆς
3280 4837 3445 4907 ἄλλης
3472 4835 3683 4905 διακρι-

434 4943 569 4999 solis
590 4951 807 5011 natura,
835 4952 1187 5014 potestasque
1224 4942 1364 4997 facta
1392 4958 1498 4997 non
1533 4950 1639 5008 est,
1667 4944 1761 5000 sed
1796 4959 1920 4998 cum
1951 4944 1996 4997 iu

2114 4936 2297 4989 θεῖσαν
2342 4931 2627 4997 ἀνέδειξεν·
2665 4928 2810 4982 οὓτω
2847 4928 2941 4983 καὶ
2982 4926 3117 4998 μετὰ
3158 4926 3219 4979 τὸ
3250 4928 3544 4998 τριήμερον
3584 4924 3680 4978 τοῦ

436 5034 789 5090 universitate
839 5049 1022 5089 rerum
1068 5033 1262 5089 dill‘usa
1291 5044 1458 5097 esset,
1495 5033 1657 5089 simul
1708 5042 1899 5088 coacta
1927 5046 1996 5089 εει

2113 5030 2303 5100 χρόνου
2325 5026 2598 5094 διάστημα
2627 5023 2748 5093 οὐχὶ
2769 5021 2984 5088 ἐγένετο
3008 5021 3041 5089 ἡ
3073 5019 3372 5089 φωτιστικὴ
3404 5016 3497 5070 τοῦ
3525 5016 3679 5087 ἡλίου

435 5136 492 5184 et
540 5127 852 5196 conjuncta.
887 5123 947 5180 Si
979 5126 1104 5194 quis
1129 5135 1308 5180 autem
1338 5138 1369 5177 a
1403 5125 1561 5179 nobis
1590 5131 1645 5179 et
1697 5125 1843 5180 tertii
1884 5125 1996 5179 carl?

2116 5118 2276 5188 φύσις
2311 5116 2406 5170 καὶ
2445 5114 2691 5184 δύναμις,
2734 5112 2868 5165 ἀλλὰ
2898 5109 3263 5180 διακεχυμένη
3304 5109 3441 5179 πρὸς
3478 5109 3538 5162 τὸ
3575 5108 3683 5160 πᾶν

439 5218 711 5275 rationem
764 5224 934 5288 petat,
996 5217 1144 5288 quod
1208 5216 1386 5272 Moses
1443 5231 1551 5271 non
1614 5217 1857 5286 scripsit,
1915 5220 1996 5270 sec

2119 5210 2253 5281 πρὸς
2286 5205 2483 5277 ἑαυτὴν
2530 5203 2793 5275 διεκρίθη.
2828 5203 2889 5255 Ei
2917 5202 2974 5255 δέ
3004 5218 3089 5261 τις
3116 5201 3263 5270 ἡμᾶς
3312 5199 3557 5269 ὲπαιτοίη
3592 5198 3685 5252 καὶ

440 5309 643 5366 Paulus
668 5309 826 5372 vidit,
846 5315 903 5364 et
927 5310 984 5362 in
1017 5308 1138 5378 ipso
1161 5317 1415 5378 tanquam
1448 5308 1503 5362 in
1531 5307 1708 5377 adytis
1733 5308 1996 5377 sapientia

2122 5304 2247 5374 περὶ
2280 5300 2374 5353 τοῦ
2402 5298 2583 5369 τρίτου
2613 5294 2843 5367 οὐρανοῦ
2868 5294 3045 5361 λόγον,
3089 5292 3147 5344 ὃν
3175 5293 3203 5344 ὁ
3231 5292 3436 5361 Μωσῆς
3469 5289 3566 5360 μὲν
3587 5290 3687 5342 οὐκ

442 5401 753 5455 consistens
783 5412 984 5453 arcana
1016 5377 1222 5451 audivit
1246 5396 1313 5461 ⁸⁵,
1359 5396 1429 5450 ab
1468 5395 1576 5450 illis
1622 5410 1740 5467 qua:
1768 5395 1996 5464 exposita

2084 5386 2377 5461 Ἔγραψα,
2411 5386 2616 5447 Παῦλος
2642 5384 2698 5436 δὲ
2748 5380 2907 5445 εἶδεν,
2946 5381 3040 5433 καὶ
3067 5380 3125 5433 ὲν
3153 5377 3301 5449 αὑτῷ
3339 5378 3587 5448 καθάπερ
3628 5377 3687 5429 ἐν

445 5499 594 5554 sunt,
621 5490 844 5545 tertium
899 5486 1033 5544 illud
1064 5487 1261 5542 caelum
1297 5500 1403 5540 non
1436 5486 1629 5541 abesse
1655 5482 1996 5553 respondebi-

2123 5482 2335 5543 ἀδύτοις
2361 5479 2472 5531 τισὶ
2493 5476 2594 5546 τῆς
2615 5475 2805 5542 σοφίας
2824 5472 3134 5542 γενόμενος,
3161 5470 3270 5525 τῶν
3303 5470 3553 5541 ἀρρήτων
3597 5469 3687 5519 επ-

446 5599 588 5636 mus.
642 5581 869 5637 Videtur
896 5580 1041 5635 enim
1093 5578 1225 5632 mihi
1264 5592 1493 5648 magnus
1528 5576 1685 5632 etiam
1725 5574 1996 5645 Apostolu'

2129 5573 2457 5639 nxoodcato,
2478 5567 2635 5622 τοῦτό
2665 5583 2865 5638 φαμεν,
2890 5565 2972 5618 ὅτι
3002 5564 3104 5619 οὐκ
3132 5562 3235 5629 ἔξω
3255 5562 3363 5617 τῶν
3391 5557 3692 5633 ἐξητασμέ-

2174 4578 2386 4645 Ὠσπερ
2431 4568 2522 4627 οὖν
2586 4570 2679 4623 ἐπὶ
2737 4569 2830 4623 τοῦ
2872 4569 3267 4638 ύποδείγματος
3322 4568 3355 4637 ὴ
3414 4566 3521 4619 τῶν
3556 4568 3680 4637 ῥευ-

519 5720 563 5751 ⁸⁸
592 5717 633 5771 ll
663 5720 788 5773 Cor.
832 5737 923 5781 xu,
956 5717 1076 5772 2-4.

2158 5706 2167 5729 ρ
2804 5700 2811 5709 “
3288 5722 3291 5727 .
3368 5714 3371 5719 ‹
3498 5686 3505 5709 ί
3591 5696 3671 5727 μιν.

2136 5732 2169 5785 κς
2282 5728 2381 5783 ἠ
2432 5724 2527 5791 ι
2940 5723 3056 5783 γοα
3156 5730 3161 5773 ρ
3450 5710 3705 5763 «vx
3762 5712 3779 5747 κ-

523 5854 600 5924 (ιδ)
627 5850 741 5907 Vox
800 5861 1069 5922 suspecta.
1123 5848 1431 5918 Lrgendum
1485 5846 1735 5917 δεύτερον
1796 5837 1949 5897 οὖσα.
2004 5824 2185 5896 Ευιτβέ
