4110 6484
224 435 321 493 ίὲῒ

1458 438 1527 492 ΙΝ
1564 438 2037 498 ΠΕΧΛΕΜΕΒΟΝ
2075 441 2295 501 LIBER.

3364 449 3469 504 19%

225 571 330 608 νων
357 551 387 604 ὀ
411 548 592 621 τρίτος
631 548 833 611 ἐκεῖνος
865 542 1091 620 οὐρανός
1113 548 1250 603 ἐστι.
1294 551 1453 604 Δοκεῖ
1495 551 1602 623 γάρ
1649 570 1739 624 μοι
1758 555 1789 606 ό

1907 558 2116 611 vincens
2138 571 2329 612 omnes
2359 559 2670 627 superiores
2692 560 2862 618 totius
2883 568 3111 624 natum,
3148 575 3269 631 quae
3298 575 3462 616 sensu

228 643 401 713 μέγας
463 637 784 701 ’Δπόστολος
830 640 858 691 ὀ
902 640 1037 692 πᾶσι
1085 642 1197 702 τοῖς
1240 638 1551 711 ἔμπροσθεν
1596 644 1791 698 ἑαυτὸν

228 730 572 794 ιπεκτείνων,
600 728 792 792 διαϐάς
813 728 992 801 πάσης
1019 729 1117 799 τῆς
1145 732 1404 801 αἰσθητῆς
1426 730 1640 800 φύσεως
1666 734 1793 797 τοὺς

226 825 407 894 ὅρους,
446 823 525 884 είς
556 821 655 891 τὴν
692 821 887 891 νοητὴν
929 821 1258 875 κατάστασιν
1300 822 1673 893 παρεισδῦναι,
1729 824 1791 876 οὑ

227 915 547 987 σωματικῆς
566 913 809 985 ἀκριϐῶς
832 914 1123 985 γινομένης
1148 913 1296 985 αὑτῷ
1320 915 1418 983 τῆς
1447 914 1556 969 τῶν
1588 915 1794 986 νοητῶν

226 1007 478 1080 θεωρίας.
514 1004 682 1060 Τοῦτο
713 1006 823 1077 γάρ
866 1006 959 1058 καὶ
989 1006 1153 1070 αὑτὸς
1180 1005 1259 1076 τῷ
1294 1006 1410 1077 ίδίῳ
1439 1006 1582 1077 λόγῳ
1615 1024 1795 1079 παρα-

226 1099 549 1171 σημαίνεται
578 1097 767 1163 εἰπὼν,
788 1099 869 1152 ὅτι
893 1118 911 1150 ι
943 1098 1053 1153 εἴτε
1081 1101 1140 1153 ὲν
1166 1097 1378 1169 σώματι
1401 1099 1501 1153 οὐκ
1524 1096 1660 1164 οἶδα,
1684 1100 1795 1154 είτε

224 1195 383 1258 ἐκτὸς
402 1192 496 1249 τοῦ
523 1194 769 1263 σώματος
792 1194 891 1247 οὑκ
905 1189 1049 1249 οἶδα⁶
1079 1194 1107 1247 ὀ
1128 1194 1261 1258 Θεὸς
1298 1190 1440 1247 οἶδεν
1480 1194 1795 1266 ἁρπαγέντα

222 1290 316 1343 τὸν
338 1288 577 1342 τοιοῦτον
605 1288 713 1351 ἕως
740 1286 925 1358 τρίτου
959 1285 1208 1359 ούρανοῦ.
1237 1304 1256 1338 ι
1279 1286 1352 1339 Τὸ
1377 1281 1469 1339 οὖν
1499 1286 1797 1356 ἀκρότατον

221 1379 317 1432 τοῦ
346 1377 604 1449 αἰσθητοῦ
638 1379 843 1449 κόσμου
879 1378 1062 1449 τρίτον
1089 1373 1242 1448 οἶμαι
1280 1376 1508 1446 οὐρανὸν
1539 1391 1798 1446 προειρηι

223 1472 381 1526 κέναι
406 1472 499 1525 τὸν
518 1471 749 1536 Παῦλον,
774 1471 934 1542 τριχῆ
958 1470 1055 1540 μὲν
1074 1471 1307 1541 τεμόντα
1327 1469 1434 1522 πᾶν
1448 1467 1509 1522 τὸ
1538 1467 1797 1538 φαινόμε-

220 1580 337 1630 νον,
373 1563 515 1617 κατά
555 1563 612 1615 δὲ
666 1562 765 1633 τὴν
815 1562 1099 1633 συνήθειαν
1135 1562 1236 1631 τῆς
1276 1560 1520 1632 Γραφῆς,
1568 1558 1797 1613 ἕκαστον

220 1657 331 1709 τῶν
365 1655 669 1727 τμημάτων
695 1656 900 1709 τούτων
934 1654 1163 1727 οὐρανὸν
1200 1653 1560 1724 ὀνομάσαντα.
1598 1654 1658 1706 ’0
1688 1652 1798 1723 γὰρ

219 1749 322 1818 τῆς
346 1748 570 1819 Γραφῆς
602 1748 778 1816 λόγος,
808 1752 865 1801 ὲν
893 1748 1230 1819 καταχρήσει
1257 1747 1365 1801 τινὶ
1393 1747 1671 1817 ῥημάτων,
1701 1744 1799 1798 ’ἐνα

166 1868 169 1869 ν
225 1840 327 1911 μὲν
348 1840 575 1909 οὐρανὸν
611 1838 887 1909 ὀνομάζει,
915 1838 1006 1892 τὸν
1033 1840 1157 1910 ὅρον
1197 1838 1291 1891 τοῦ
1318 1836 1797 1909 παχυμερεστέρου

221 1933 407 2004 ἀέρος,
464 1933 655 2004 μέχρις
690 1926 752 1987 οὗ
787 1934 881 1986 καὶ
923 1932 1056 2003 νέφη
1096 1931 1191 1985 καὶ
1232 1932 1423 2001 ἄνεμοι
1464 1931 1560 1984 καὶ
1607 1931 1641 2001 ἡ
1691 1930 1799 1982 τῶν
1830 1914 1871 1969 Β

220 2022 503 2091 ὑψιπετῶν
537 2021 741 2093 ὀρνέων
772 2023 996 2094 φέρεται
1032 2020 1215 2091 φύσις.
1243 2020 1353 2073 Καὶ
1378 2018 1487 2091 γάρ
1517 2019 1611 2072 καὶ
1636 2017 1797 2086 νεφέ-

221 2114 321 2177 λας
352 2113 582 2186 ούρανοῦ
623 2113 790 2182 λέγει,
840 2114 934 2168 καὶ
981 2111 1201 2167 πετεινά
1250 2110 1481 2182 οὐρανοῦ
1504 2127 1518 2142 ο
1560 2109 1653 2165 καὶ
1702 2109 1802 2178 οὑχ

219 2206 412 2270 ἁπλῶς
462 2205 693 2279 οὐρανὸν
743 2204 891 2274 λέγει
938 2204 1147 2270 τοῦτον,
1201 2202 1337 2256 ἀλλά
1380 2203 1477 2255 καὶ
1525 2200 1664 2271 μετά
1704 2198 1800 2253 τοῦ

223 2298 627 2372 στερεώματος.
677 2298 840 2366 Λέγει
888 2297 1018 2367 γὰρ,
1053 2315 1073 2348 ι
1126 2294 1469 2364 Ἑξαγαγέτω
1512 2294 1583 2348 τά
1635 2293 1802 2346 ’ὑδατα

220 2395 434 2465 ἑρπετά
459 2392 647 2464 ψυχῶν
675 2390 885 2457 ζωσῶν,
914 2389 1005 2442 καὶ
1043 2388 1265 2441 πετεινά
1298 2387 1572 2457 πετόμενα
1592 2386 1683 2440 ἐπὶ
1702 2385 1802 2455 τῆς

190 2483 328 2552 ’τῆς
356 2482 499 2536 κατὰ
524 2481 585 2534 τὸ
630 2480 919 2551 στερέωμα
950 2477 1044 2532 τοῦ
1076 2475 1325 2548 ούρανοῦ.
1367 2495 1385 2527 ι
1423 2472 1555 2529 εἶτα
1586 2474 1647 2527 τὸ
1686 2474 1805 2527 ἓτε-

220 2591 340 2646 ρον,
363 2572 594 2642 οὐρανόν
618 2589 677 2625 τε
720 2571 813 2624 καὶ
853 2569 1139 2640 στερέωμα
1171 2566 1549 2637 κατονομάζει,
1578 2568 1640 2620 τὸ
1665 2566 1805 2638 μετὰ

218 2666 323 2735 τὴν
348 2663 565 2733 ἀπλανῆ
596 2663 831 2731 σφαῖραν
874 2660 1002 2731 περὶ
1038 2659 1100 2712 τὸ
1131 2658 1281 2721 ἐντὸς
1310 2658 1706 2730 θεωρούμενον,
1746 2659 1805 2713 ὲν

218 2750 264 2825 ᾧ
297 2756 350 2808 0i
402 2754 672 2825 πλανῆται
713 2752 821 2807 τῶν
856 2751 1099 2822 ἀστέρων
1161 2749 1593 2821 διαπορεύονται.
1642 2749 1805 2818 Λέγει

220 2850 356 2920 γὰρ,
407 2849 491 2902 δτι
521 2866 540 2899 ι
591 2844 876 2915 Ἐποίησεν
918 2845 947 2896 ὀ
993 2842 1124 2904 Θεὸς
1161 2841 1289 2904 τοὺς
1335 2843 1633 2912 φωστῆρας
1680 2842 1805 2904 τοὺς

222 2941 521 3014 μεγάλους,
565 2938 658 2993 καὶ
697 2937 849 2990 ἔθετο
882 2935 1079 2998 αὑτοὺς
1116 2935 1175 2988 ὲν
1217 2932 1296 3004 τῷ
1335 2934 1673 3005 στερεώματι
1709 2932 1806 2987 τοῦ

218 3032 482 3105 οὐρανοῦ,
510 3032 653 3087 ὥστε
697 3028 907 3099 φαίνειν
938 3027 1030 3081 ἐπὶ
1057 3026 1157 3095 τῆς
1184 3026 1309 3095 γῆς.
1350 3044 1368 3076 ι
1396 3027 1566 3078 Παντὶ
1597 3026 1654 3079 δὲ
1676 3025 1810 3096 πρό-

217 3127 387 3198 δηλον
402 3126 481 3196 τῷ
495 3122 740 3178 ὁπωσοῦν
754 3124 956 3174 ὲπεσκε
964 3118 1153 3189 μμένῳ
1170 3118 1263 3187 τὴν
1279 3115 1373 3169 τοῦ
1389 3116 1590 3179 παντὸς
1604 3116 1811 3169 διακόσ-

224 3237 420 3293 μησιν,
434 3221 556 3273 ὅσον
575 3214 913 3283 ὑποϐέϐληκε
930 3212 1104 3266 ταῦτα
1120 3215 1249 3282 περὶ
1263 3211 1362 3281 τὴν
1372 3211 1483 3265 ἀνω
1503 3209 1691 3281 φοράν,
1715 3210 1808 3262 καὶ

219 3312 363 3365 αὑτὸ
380 3311 438 3363 δὲ
456 3308 517 3362 τὸ
530 3309 824 3378 ἀκρότατον
841 3303 938 3357 τοῦ
966 3300 1227 3372 αἰσθητοῦ
1250 3302 1479 3372 κόσμου,
1508 3301 1536 3353 ὃ
1557 3300 1807 3372 μεθόριον

219 3405 331 3474 τῆς
346 3400 544 3473 νοητῆς
560 3399 807 3462 κτίσεως,
824 3395 1108 3467 στερέωμά
1122 3394 1287 3448 τεκαὶ
1297 3394 1521 3465 οὐρανὸν
1531 3392 1805 3464 ὀνομάζει.

315 3493 375 3545 ’0
422 3486 516 3544 οῦν
562 3487 902 3557 ἐπιθυμητὴς
930 3483 1040 3538 τῶν
1085 3484 1225 3554 ὑπὲρ
1252 3483 1431 3551 λόγον,
1465 3481 1562 3535 καὶ
1592 3481 1809 3535 σκοπῶν

224 3584 420 3649 καθὼς
482 3582 580 3636 καὶ
628 3582 759 3650 ἡμῖν
820 3575 1165 3646 ἑγκελεύεται
1226 3574 1393 3645 μηδὲν
1454 3571 1566 3625 τῶν
1619 3572 1811 3643 βλεποο

230 3679 453 3749 μένων⁸
504 3675 585 3727 ὅτι
636 3671 703 3725 τά
756 3670 852 3740 μὲν
895 3668 1200 3739 βλεπόμενα
1243 3666 1583 3737 πρόσκαιρα,
1635 3664 1705 3718 τά
1755 3664 1812 3717 δὲ

231 3770 313 3841 μὴ
379 3766 686 3839 βλεπόμενα
742 3761 971 3816 αίὼνιαο
1038 3761 1171 3813 ὅπου
1233 3759 1393 3811 αὑτὸν
1449 3758 1482 3827 ἡ
1543 3755 1812 3825 ἐπιθυμία

226 3852 465 3934 ἐπῆρεν,
512 3860 629 3911 ἐκεῖ
681 3857 895 3924 ἐγένετο
944 3853 1178 3923 ὑψωθεὶς
1227 3854 1293 3922 τῇ
1349 3851 1596 3921 δυνάμει.
1642 3849 1815 3902 Τοῦτο

228 3950 575 4022 ἐπιθυμητὸν
627 3946 773 4018 αὑτῷ
821 3943 1251 4016 προδεικνύντος,
1295 3943 1387 3996 καὶ
1435 3942 1557 3995 ἀντί⁸
1619 3943 1812 4009 εἰπεῖν,

227 4039 370 4098 Οἶδα
392 4042 677 4113 ἄνθρωπον
707 4040 885 4092 πᾶσαν
912 4038 1010 4106 τὴν
1040 4034 1302 4106 αἰσθητὴν
1329 4034 1586 4087 διαϐάντα
1617 4033 1813 4096 κτίσιν,

227 4138 332 4191 καὶ
373 4139 432 4189 ἐν
474 4138 586 4197 τοῖς
618 4132 827 4194 ἀδύτοις
866 4130 963 4199 τῆς
1008 4128 1204 4199 νοητῆς
1251 4127 1538 4197 γενόμενον
1572 4124 1812 4195 φύσεως·

227 4228 431 4299 ἐπειδὴ
461 4229 526 4280 ὲκ
555 4224 745 4287 παιδὸς
767 4222 836 4276 τά
877 4220 997 4293 ἱερὰ
1020 4221 1319 4291 γράμματα
1355 4214 1514 4283 οἶδεν,
1538 4219 1659 4279 ταῖς
1682 4232 1819 4287 γρα-

228 4324 432 4392 φικαῖς
465 4319 665 4389 φωναῖς
705 4312 1050 4387 διασημαίνει
1099 4312 1159 4365 τὸ
1198 4311 1390 4381 ὄνομα,
1430 4308 1611 4379 τρίτον
1653 4307 1818 4378 ούρα-

1893 649 2210 717 percipitur,
2261 651 2525 706 terminos
2571 655 2993 719 transcendisse,
3028 655 3094 708 ad
3123 669 3353 722 eamque
3382 655 3465 708 in-

1891 756 2137 811 gressum
2189 756 2333 805 esse,
2370 758 2489 813 qua:
2521 746 2704 800 animo
2734 755 3022 817 menteque
3050 748 3466 817 comprehendi-

1893 844 2004 898 tur,
2062 850 2187 890 cum
2248 837 2622 905 spectaculum
2675 838 2807 892 illud
2866 839 3088 894 minime
3142 853 3462 908 corporeum

1894 925 2078 992 fuerit,
2105 935 2167 981 ut
2196 926 2426 997 ipsemet
2449 928 2735 1000 signiﬁcat,
2767 948 2786 981 ‹
2819 931 2933 986 sive
2959 930 3014 984 in
3045 946 3293 1001 corpore,
3325 950 3343 981 ι
3382 930 3465 983 in-

1893 1019 2107 1089 quiens,
2146 1037 2166 1070 ι
2203 1019 2390 1076 nescio
2430 1039 2444 1074 :
2478 1022 2596 1076 sive
2640 1030 2793 1076 extra
2836 1037 3055 1091 corpus,
3080 1021 3295 1076 nescio:
3318 1020 3465 1075 Deus

1895 1109 1999 1163 scit
2046 1117 2259 1180 raptum
2286 1110 2555 1179 ejusmodi
2603 1112 2878 1168 hominem
2928 1128 3101 1183 usque
3140 1114 3206 1167 ad
3242 1114 3462 1167 tertium

1894 1200 2114 1255 caelum.
2153 1220 2173 1253 ι
2233 1199 2517 1257 Summum
2574 1203 2739 1274 igitur
2787 1204 2920 1259 illud
2973 1205 3187 1260 culmen
3237 1204 3467 1273 hujusce

1894 1291 2106 1358 mundi,
2136 1307 2296 1363 quem
2324 1293 2581 1358 dicimus,
2603 1295 2839 1349 arbitror
2859 1311 2887 1349 a
2911 1293 3081 1349 Paulo
3106 1295 3324 1351 tertium
3351 1310 3467 1349 coe-

1896 1385 2006 1438 lum
2041 1384 2300 1453 appellari
2335 1405 2347 1440 :
2388 1385 2678 1455 tripiiciter
2708 1387 2852 1441 enim
2882 1386 3077 1441 dividit
3117 1402 3278 1441 omne
3322 1386 3467 1454 quod

1896 1474 2160 1540 cernitur,
2208 1484 2263 1529 et
2287 1491 2354 1530 ex
2417 1474 2713 1546 Scripturae
2761 1478 3159 1532 consuetudine
3224 1478 3469 1546 singulas

1898 1574 2079 1635 partes
2125 1567 2325 1620 ccelum
2360 1574 2539 1621 vocat.
2573 1568 2817 1623 Abutens
2843 1569 2986 1622 enim
3018 1567 3251 1638 quodam
3308 1568 3470 1622 modo

1896 1657 2294 1728 signiﬁcatione
2352 1660 2662 1724 verborum,
2726 1662 2958 1728 spatium
3000 1661 3130 1713 illud
3181 1661 3470 1715 crassioris

1897 1752 2040 1807 aeris
2091 1766 2198 1821 quo
2224 1758 2278 1805 et
2329 1753 2522 1816 nubes,
2554 1762 2607 1806 et
2640 1752 2805 1814 venti,
2851 1762 2905 1807 et
2934 1752 3131 1807 excelsi
3191 1753 3470 1806 volucrum

1900 1844 2111 1897 volatus
2134 1843 2477 1912 perveniunt,
2517 1846 2715 1899 coelum
2748 1860 2916 1898 unum
2950 1846 3213 1907 nominat,
3256 1860 3378 1898 cum
3420 1852 3475 1898 et

1899 1936 2023 1990 caeli
2055 1936 2231 1991 nubes
2284 1934 2418 1990 dicit
2454 1942 2509 1991 et
2540 1936 2787 1991 volucres
2817 1937 2963 1991 cceli.
2999 1936 3108 1992 Nec
3157 1935 3476 2005 simpliciter

1900 2026 2099 2080 malum
2177 2026 2282 2080 hoc
2359 2032 2552 2092 vocat,
2627 2028 2721 2082 sed
2807 2028 3054 2099 adjungit
3119 2029 3279 2083 etiam
3355 2028 3474 2081 illas

1899 2132 2081 2183 voces,
2117 2117 2221 2173 sub
2257 2117 2620 2173 ﬁrmamento.
2646 2116 2787 2172 Dicit
2841 2120 2986 2174 enim
3027 2138 3041 2174 :
3090 2139 3108 2171 ι
3166 2119 3477 2174 Producant

1902 2225 2054 2279 aqua:
2077 2209 2289 2279 reptilia
2326 2211 2631 2264 animarum
2662 2212 2957 2265 viventium
3004 2219 3058 2265 et
3110 2212 3349 2265 volatilia
3380 2228 3477 2266 vo-

1902 2303 2071 2357 lantia
2123 2318 2291 2373 super
2330 2310 2569 2365 terram,
2611 2303 2714 2357 sub
2773 2303 3115 2358 ﬁrmamento
3179 2303 3305 2357 creli
3340 2303 3406 2357 ³⁵.
3452 2322 3471 2355 ι

1902 2392 2106 2448 Deinde
2158 2395 2386 2447 alterum
2433 2393 2632 2447 ctelum
2680 2400 2735 2447 et
2790 2393 3190 2447 ﬁrmamentum
3244 2393 3480 2461 appellat

1903 2486 2136 2556 spatium
2190 2484 2346 2549 illud,
2411 2483 2555 2554 quod
2613 2483 2876 2538 inerranti
2929 2484 3158 2554 sphaera:
3203 2483 3476 2538 inclusum

1903 2580 2308 2642 consideratur,
2368 2577 2421 2630 in
2452 2591 2564 2646 quo
2616 2576 2809 2638 stellae,
2842 2590 2980 2645 quas
3011 2584 3257 2630 errantes
3308 2575 3481 2629 nomio

1904 2679 2058 2733 naut,
2092 2676 2473 2739 pervagantur.
2505 2666 2598 2723 Sic
2625 2667 2739 2729 ait:
2776 2685 2794 2719 ι
2826 2665 2977 2721 Fecit
3012 2665 3156 2721 Deus
3188 2667 3480 2720 luminaria

1905 2777 2121 2831 magna,
2155 2767 2209 2815 et
2238 2759 2419 2830 posuit
2456 2774 2519 2814 ea
2562 2759 2617 2813 in
2665 2760 3006 2812 ﬁrmamento
3045 2758 3192 2818 coeli.
3225 2767 3283 2812 ut
3330 2758 3481 2813 luce-

1850 2896 1853 2901 .
1906 2860 2027 2906 rent
2051 2865 2217 2920 super
2253 2859 2453 2904 terram
2476 2850 2543 2903 ³⁷.
2577 2868 2596 2901 ι
2630 2849 2814 2904 Cuivis
2852 2849 3170 2904 distinctum
3212 2848 3362 2903 orbis
3393 2864 3457 2901 or

1906 2949 2093 2996 natum
2120 2948 2397 3009 utcunque
2435 2938 2807 2995 consideranti
2840 2938 3185 3009 perspicuum
3234 2946 3339 3003 est,
3367 2939 3484 2993 haec

1908 3030 2049 3085 infra
2092 3043 2406 3100 supremum
2448 3028 2582 3082 illud
2628 3028 2905 3099 fastigium
2954 3028 3267 3098 contigisse,
3333 3028 3483 3098 quod

1908 3124 2091 3179 omnia
2115 3122 2373 3178 sensibus
2410 3121 2644 3176 obnoxia
2667 3122 3056 3190 complectens,
3087 3136 3258 3189 eaque
3297 3122 3485 3189 sejun-

1910 3229 2043 3285 geus
2069 3228 2100 3267 a
2129 3212 2294 3267 rebus
2320 3210 2430 3266 illis
2474 3210 2797 3281 procreatis,
2836 3225 2959 3279 quae
2992 3218 3172 3264 mente
3200 3210 3399 3275 solum,
3430 3217 3484 3263 et

1914 3305 2267 3379 intelligentia
2331 3304 2884 3375 comprehenduntur,
2952 3302 3371 3367 ﬁrmamentum,
3431 3312 3486 3357 et

1910 3402 2109 3458 ctelum
2140 3395 2391 3469 appellat.

1978 3491 2054 3546 Ea
2081 3491 2267 3562 igitur,
2299 3505 2420 3559 quae
2448 3488 2630 3544 verbis
2659 3486 2923 3558 explicari
2954 3502 3059 3542 non
3097 3492 3351 3557 possunt,
3384 3500 3483 3539 cu-

1909 3587 2065 3658 piens
2098 3584 2418 3654 Apostolus,
2454 3591 2513 3638 et
2553 3580 3009 3653 quemadmodum
3050 3595 3150 3633 nos
3200 3581 3324 3632 item
3356 3578 3487 3632 lior-

1909 3685 2077 3739 tatur,
2114 3674 2247 3728 nihil
2280 3682 2736 3742 eorumspectans
2769 3687 2887 3741 quae
2904 3670 3054 3725 cerni
3091 3680 3320 3739 queunt,
3356 3684 3482 3722 cum

1911 3781 1975 3822 ea
2012 3782 2131 3837 quae
2156 3764 2433 3832 videntur,
2467 3762 2793 3835 temporaria
2836 3762 2970 3827 sint,
3013 3776 3132 3832 quin
3167 3768 3346 3814 autem
3374 3774 3485 3814 non

1911 3857 2187 3920 videntur,
2230 3865 2430 3911 interna
2482 3856 2568 3922 ’8;
2608 3855 2791 3909 divina
2839 3854 3038 3908 virtute
3070 3852 3323 3908 sublatus
3366 3867 3490 3921 per-

1913 3951 2060 4006 venit
2084 3966 2150 4005 eo
2182 3965 2289 4018 quo
2319 3948 2588 4003 desiderio
2632 3946 2907 4001 ferebatur
2932 3984 2947 4009 ,
3008 3958 3243 4011 cumque
3300 3956 3494 3998 sacras

1916 4040 2147 4095 Litteras
2177 4056 2205 4093 a
2227 4040 2457 4109 pueritia
2486 4037 2792 4103 didicisset,
2833 4036 3012 4091 verbis
3040 4032 3337 4103 Scriptura:
3373 4034 3489 4087 usi-

1916 4129 2043 4184 tatis
2068 4144 2178 4184 rein
2210 4129 2382 4196 ipsam
2404 4127 2695 4197 expressit,
2725 4126 2945 4181 tertium
2975 4125 3174 4179 ccelum
3210 4124 3491 4193 appellans

1918 4221 2109 4275 harum
2140 4222 2302 4273 trium
2348 4221 2674 4284 sectionum,
2724 4232 2845 4288 qua:
2894 4217 2950 4270 in
2982 4215 3183 4269 mundo
3214 4214 3489 4274 videntur,

1912 4320 2236 4367 extremam.
2278 4309 2487 4367 Relicto
2530 4311 2678 4365 enim
2720 4325 2865 4376 aere,
2897 4315 3262 4378 superatoque
3314 4304 3493 4359 medio

227 4421 330 4469 τὸν
384 4411 656 4479 ὀνομάσας
708 4408 807 4478 τὴν
854 4404 964 4460 τῶν
1001 4403 1169 4476 τριῶν
1224 4402 1426 4456 τούτων
1476 4400 1587 4453 τῶν
1637 4399 1695 4452 ὲν
1739 4396 1809 4468 τῷ

1918 4405 2013 4460 illo
2049 4405 2247 4475 spatio,
2279 4405 2334 4458 in
2378 4420 2487 4475 quo
2530 4404 2832 4460 errantium
2870 4402 3154 4458 stellarum
3197 4400 3358 4455 orbes
3384 4414 3497 4454 ver-

231 4505 411 4559 παντὶ
462 4500 847 4573 θεωρουμένων
897 4498 1200 4568 τμημάτων
1250 4492 1508 4557 διέξοδον’
1562 4489 1809 4543 κατέλιπε

1919 4504 2148 4559 saritur,
2209 4511 2481 4552 summum
2559 4494 2907 4550 anheriorum
2979 4494 3165 4546 ﬁnium
3231 4492 3497 4546 ambitum

229 4598 355 4667 γὰρ
385 4594 477 4648 τὸν
519 4593 691 4663 ἀέραο
726 4589 1041 4661 παρέδραμε
1094 4587 1188 4641 καὶ
1221 4585 1320 4656 τὴν
1366 4584 1452 4637 διά
1499 4583 1664 4653 μέσου
1711 4580 1809 4633 τῶι

1920 4587 2277 4652 transcendit,
2319 4597 2374 4643 et
2423 4587 2489 4641 ad
2522 4587 2730 4641 ﬁrmam
2783 4587 2950 4649 illam,
3006 4600 3124 4655 quae
3158 4584 3271 4638 sola
3319 4598 3502 4637 meme

227 4684 493 4755 ἀστέρων
521 4680 880 4752 κυκλοφορίαν
901 4699 913 4710 ·
941 4677 1174 4747 ἐπέρασε
1197 4675 1251 4728 δὲ
1273 4674 1368 4727 καὶ
1393 4674 1488 4745 τὴν
1513 4674 1686 4745 ἄκραν
1710 4670 1809 4724 τῶν

1920 4674 2255 4744 percipitur,
2328 4683 2579 4728 naturam
2640 4676 2995 4742 perveniens,
3062 4672 3298 4742 paradisi
3360 4672 3497 4725 vidit

229 4777 505 4848 αἱθερίων
536 4774 676 4845 ὅρων
729 4769 1036 4841 περιϐολὴν,
1081 4767 1173 4820 καὶ
1216 4767 1274 4819 ὲν
1311 4768 1377 4835 τῇ
1434 4763 1681 4833 στασίμῳ
1722 4761 1809 4815 καὶ

1919 4766 2400 4837 pulchritudinem,
2434 4774 2488 4821 et
2529 4766 2735 4820 audivit
2763 4782 2824 4819 ea
2848 4782 2967 4836 qua:
3015 4765 3250 4818 humana
3300 4772 3499 4817 natura

230 4872 413 4941 νοητῇ
438 4868 598 4939 φύσει
627 4866 934 4935 γενόμενος,
952 4859 1057 4915 οἶδε
1078 4860 1148 4914 τὰ
1169 4858 1263 4913 τοῦ
1286 4856 1608 4929 παραδείσου
1627 4855 1820 4926 κάλλη,

234 4964 343 5016 καὶ
368 4961 601 5031 ἧκουσεν
627 4957 664 5011 ἀ
690 4954 1000 5029 ἀνθρωπίνη
1026 4952 1189 5022 φύσις
1212 4953 1276 5006 οὑ
1302 4950 1615 5020 φθέγγεται.
1638 4947 1825 5001 Ταῦτά

237 5074 358 5121 σοι,
392 5048 439 5107 ὧ
481 5052 734 5123 ἄνθρωπε
774 5048 868 5103 τοῦ
901 5046 1061 5112 Θεοῦ,
1100 5046 1229 5118 περὶ
1270 5044 1377 5099 τῶν
1407 5042 1825 5115 προϐληθέντων

235 5151 387 5221 ἡμῖν
430 5146 582 5217 παρά
624 5144 727 5213 τῆς
766 5139 1034 5204 συνέσεώς
1071 5156 1162 5193 σου
1212 5134 1641 5207 ἀπεκρινάμεθα,
1691 5133 1829 5204 μήτε

236 5259 301 5294 τι
344 5240 449 5310 τῆς
501 5233 778 5307 γραφικῆς
810 5232 1009 5298 λέξεως
1055 5231 1136 5293 είς
1178 5225 1442 5298 τροπικὴν
1504 5222 1831 5295 ἀλληγορίαν

245 5330 747 5405 μεταποιήσαντες,
809 5325 945 5395 μήτε
998 5320 1312 5392 παριδόντες
1358 5335 1412 5370 τι
1464 5314 1573 5369 τῶν
1624 5316 1832 5368 ἀντιτε-

242 5425 461 5479 θέντων
516 5421 647 5491 ἡμῖν
712 5416 1092 5483 ἀνεξέταστον·
1162 5411 1277 5465 ἀλλ’
1337 5410 1413 5473 ὡς
1470 5404 1540 5479 ἦν
1608 5407 1832 5461 δυνατὸν

244 5513 533 5586 μενούσης
587 5511 686 5581 τῆς
739 5508 935 5573 λέξεως
1001 5505 1092 5558 ἐπὶ
1154 5504 1252 5574 τῆς
1320 5502 1456 5565 ἰδίας
1519 5499 1830 5570 ἐμφάσεως,

237 5607 335 5680 τῷ
366 5607 468 5677 τῆς
506 5604 722 5674 φύσεως
763 5600 937 5672 είρμῷ
976 5598 1065 5651 διά
1094 5596 1193 5666 τῆς
1240 5594 1470 5666 θεωρῑας
1501 5591 1610 5644 τῶν
1637 5592 1832 5663 ὀνομά-

238 5717 369 5755 των
404 5697 850 5771 ἠκολουθήσαμέν
872 5735 887 5761 ,
936 5692 1005 5746 δι’
1055 5684 1129 5746 ὧν
1176 5689 1236 5742 τὸ
1290 5686 1453 5760 μηδὲν
1502 5684 1832 5749 ὑπεναντίως

332 5876 383 5911 ιι
410 5875 551 5932 Gen.
589 5870 749 5940 1,20.
826 5871 866 5902 ετ
902 5837 1034 5925 ibid.
1068 5867 1151 5922 te.
1229 5864 1273 5897 ιι
1299 5862 1345 5917 ιι
1374 5862 1497 5919 Cor.
1523 5877 1596 5927 IV,
1632 5861 1717 5916 is.

1923 4872 2031 4913 non
2074 4857 2335 4927 loquitur.
2379 4856 2503 4911 Haec
2531 4858 2646 4921 tibi,
2688 4858 2771 4912 vir
2806 4857 2921 4923 Dei,
2949 4856 3015 4911 ad
3052 4856 3355 4927 propositas
3392 4870 3495 4909 no-

1924 4949 2010 5004 bis
2032 4964 2062 5002 a
2092 4948 2380 5019 prudentia
2403 4959 2495 5003 tua
2526 4950 2856 5020 quaestiones
2887 4947 3293 5019 respondimus,
3323 4945 3500 5001 nullis

1924 5041 2189 5096 orationis
2216 5040 2503 5111 pigmentis
2523 5042 2753 5096 morales
2777 5040 3060 5111 allegorias
3076 5038 3492 5108 conquirentes:

1929 5150 2031 5190 nec
2079 5134 2474 5203 inexploratum
2535 5141 2924 5204 praetereuntes
2967 5130 3264 5201 quidquam
3308 5145 3496 5184 eorum

1927 5240 2047 5294 quae
2104 5224 2262 5280 nobis
2297 5223 2731 5295 apponebantur,
2768 5223 2865 5279 sed
2926 5222 3145 5293 propria
3204 5221 3496 5275 verborum

1929 5319 2325 5391 signiﬁcatione
2350 5326 2587 5382 servata,
2620 5325 2828 5372 natura:
2881 5315 3125 5369 ordinem
3173 5309 3499 5382 disputando
3596 5318 3599 5321 ‘

1928 5409 2209 5479 persecuti
2227 5421 2436 5469 sumus,
2459 5415 2514 5462 et
2536 5406 2670 5459 nihil
2693 5419 2906 5467 eorum,
2931 5417 3050 5473 qua:
3078 5401 3253 5471 primo
3277 5405 3496 5467 aspectu

1932 5501 2203 5555 contraria
2268 5498 2611 5560 videbantur,
2652 5496 2719 5551 ab
2745 5495 2866 5553 aliis
2900 5494 3213 5563 discrepare
3236 5505 3334 5560 pro
3370 5489 3499 5543 viri-

1935 5590 2037 5646 bus
2073 5587 2583 5646 demonstravimus.
2619 5583 2680 5641 ln
2714 5584 2939 5655 reliquis
2973 5591 3152 5637 autem
3204 5578 3270 5633 ad
3307 5577 3494 5631 mundi

1938 5684 2363 5756 procreationem
2440 5680 2867 5752 pertinentibus.
2937 5691 3057 5747 quae
3127 5688 3223 5728 sex
3287 5669 3499 5726 dierum
