4110 6484
248 453 340 509 125
1471 444 1559 498 DE
1597 443 1878 501 HOMIle
1916 443 2230 500 OPIFlClO.

1728 548 1751 609 /
1811 568 1857 622 Α
1892 559 2169 628 Gregorius
2208 574 2393 627 magno
2423 558 2694 611 succedens
2721 560 2940 626 pectoris
2979 576 3129 626 ausu,

229 565 401 629 Αὐτὸς
447 559 818 628 ἐπεμϐεϐαὼς
853 558 1132 643 ὠχτῖσατο
1186 558 1419 643 ἰσόθεος
1444 558 1606 680 ἐζφὼς,

293 630 366 680 οὗ
393 632 489 680 καὶ
528 630 871 680 ἀνεπλήρου
918 645 1171 680 tenuata
1218 627 1442 680 ευωοαδ
1476 647 1571 680 ωε.

293 627 489 689 Οὖόιαὶ
528 627 871 696 ἀνεπλήρου
918 629 1171 697 τέοματα
1218 627 1553 697 εὐφραδέως

239 710 484 771 Ἐπρεπε
527 702 635 769 γὰρ
668 698 897 771 πλάσιν
919 697 1267 771 ἀνθρώποιο,
1303 699 1685 771 κατασκευήν
1722 716 1784 752 τε

299 767 363 841 ᾟ
409 767 960 838 πολὺφραδμοσύνῃ
1009 767 1268 841 ἐξερέειν
1310 768 1589 841 κοσμίως,

239 830 337 900 Τοῦ
360 841 455 894 καὶ
477 830 1352 908 ἀπῖστόματοςᾶατὰλείϐεται
1369 830 1561 908 ύλῇοὸνί
1578 838 1785 891 ἔλαιον

294 909 436 967 Ἥρω
473 911 637 979 μάλα
683 905 960 977 προχέον,
1007 908 1293 978 ἄφθονον,
1326 905 1650 960 βδύπλεον.

964 1029 1032 1039 ...-

238 1094 310 1161 Τῷ
353 1092 593 1165 ἀδελφῷ
631 1093 828 1155 δούλῳ
858 1090 1260 1165 Θεοῦῌῌέτρφ
1306 1089 1637 1159 Γρηγόριος
1664 1088 1784 1142 ἐπί-

724 1176 954 1227 σκοπος
1004 1162 1277 1229 Νύσσης.

292 1280 347 1332 Εί
388 1281 505 1341 ταῖς
530 1277 616 1330 διὰ
647 1276 754 1329 τῶν
799 1274 1097 1346 χρημάτων
1144 1276 1333 1343 τιμαῖς
1380 1272 1485 1326 ἔδει
1505 1273 1783 1343 γεραίρειν

228 1372 340 1433 τοὺς
379 1370 498 1422 κατ’
552 1369 753 1439 ἀρετὴν
808 1366 1179 1436 διαφέροντας,
1230 1365 1424 1437 μικρὸς
1472 1366 1568 1425 ἂν,
1602 1366 1853 1430 καθώςςίτι

229 1479 375 1532 φησιν
396 1461 427 1513 ὁ
454 1457 724 1529 Σολομὼν,
738 1459 857 1522 ὅλος
882 1460 910 1512 ό
928 1458 1127 1528 κόσμος
1158 1456 1266 1510 τῶν
1291 1457 1582 1527 χρημάτων
1609 1458 1782 1527 ἐφάνη

228 1554 351 1626 πρὸς
380 1552 444 1605 τὸ
467 1550 718 1620 γενέσθαι
746 1549 846 1620 τῆς
873 1550 971 1619 σῆς
1016 1550 1217 1620 ἀρετῆς
1243 1549 1569 1613 ἰσοστάσιοςο
1599 1548 1781 1620 ἐπειδὴ

227 1641 513 1715 κρεῖττονῆ
558 1641 699 1694 κατὰ
743 1640 971 1695 πλούτου
1005 1640 1169 1712 τιμὴν
1205 1643 1236 1711 ἡ
1268 1641 1681 1712 χρεωστουμένη
1715 1644 1781 1711 τῇ

227 1733 502 1804 σεμνότητι
562 1748 656 1784 σου
707 1731 864 1802 χάρις
900 1731 1065 1786 ἐστίν.
1124 1732 1371 1785 Ἀπαιτεῖ
1416 1732 1472 1785 δὲ
1516 1731 1578 1783 τὸ
1628 1730 1784 1799 ἅγιον

226 1823 404 1891 Πάσχα
428 1820 525 1892 τὴν
550 1821 752 1892 συνήθη
772 1822 871 1891 τῆς
897 1821 1116 1890 ἀγάπης
1146 1819 1498 1890 δωροφορίαν,
1524 1820 1589 1891 ἣν
1613 1818 1789 1889 inpos;

3353 449 3455 505 126

1961 628 2185 693 Perfecit
2226 629 2437 696 propria
2479 630 2663 695 fratris
2691 630 2755 681 ab
2791 639 2905 683 arte
2939 632 3148 693 librant,

1889 699 2131 753 Suaviter
2185 714 2493 750 enumerans
2550 700 2649 750 isto
2699 715 2931 753 sermone
2986 702 3179 754 diserto

1957 768 2348 839 Admirandum
2374 767 2596 839 Itominis
2638 767 2840 835 fabrica
2864 770 3113 839 quidquid
3139 772 3313 828 habet.

1994 837 2196 909 Nempe
2248 838 2352 890 olei
2384 838 2563 909 largus
2604 847 2852 909 tanquam
2876 837 2944 893 Vde
2973 841 3113 908 fonte
3138 844 3349 909 perenni

2118 907 2277 961 Rivus
2301 907 2516 975 facundi
2546 908 2718 961 stillat
2749 910 2813 961 ab
2846 926 2935 963 ore
2960 907 3078 964 uiri.

1887 1086 2172 1159 Gregorius
2211 1090 2481 1158 episcopus
2516 1089 2708 1160 Nyssa:
2739 1090 2796 1145 S.
2846 1090 2912 1144 D.
2960 1090 3120 1146 Petro
3161 1092 3320 1161 fratri
3360 1091 3455 1146 Dei

2590 1177 2757 1213 servo.

1955 1267 2010 1324 Si
2038 1277 2201 1333 esset,
2226 1269 2381 1325 Petre
2408 1269 2594 1335 frater,
2623 1272 2679 1324 in
2706 1285 2855 1325 more
2885 1271 3123 1341 positum
3158 1278 3321 1341 atque
3354 1273 3453 1327 ho-

1883 1361 2091 1417 minum
2150 1362 2439 1428 instituto,
2489 1370 2547 1416 ut
2602 1364 2884 1418 excellenti
2934 1365 3135 1419 virtute
3198 1364 3454 1433 praeditos

1884 1456 2029 1509 viros
2058 1469 2219 1524 opum
2249 1455 2405 1523 quasi
2426 1455 2750 1524 quibusdam
2778 1456 3016 1526 praemiis
3038 1457 3316 1511 ornandos
3348 1473 3453 1527 pu-

1883 1552 2122 1600 taremus
2146 1563 2159 1599 :
2197 1545 2341 1600 haud
2356 1547 2517 1603 dubie
2541 1562 2608 1600 ne
2627 1548 2864 1602 mundus
2884 1547 3103 1618 quidem
3132 1548 3451 1602 divitiarum

1883 1638 2135 1692 virtutem
2161 1645 2309 1692 tuam
2335 1639 2649 1707 aequaverit.
2673 1638 2859 1693 Liceat
2879 1640 3023 1694 enim
3050 1639 3180 1693 mihi
3204 1638 3451 1694 Salomo-

1883 1728 1968 1783 uis
1985 1728 2087 1781 hoc
2104 1728 2225 1782 loco
2245 1728 2425 1783 verbis
2455 1730 2531 1783 uti
2568 1728 2782 1799 quando
2794 1729 2975 1783 debita
2991 1730 3085 1783 tibi
3108 1729 3455 1785 sanctissimo

1854 1814 1859 1819 ’
1884 1818 2000 1871 viro
2016 1819 2189 1888 gratia
2212 1818 2386 1885 major
2402 1827 2672 1889 est,quam
2694 1834 2815 1889 quae
2830 1820 2938 1873 ullo
2948 1835 3108 1889 opum
3121 1821 3296 1889 pretio
3308 1822 3455 1876 aesti-

227 1913 416 1984 άγομέν
451 1929 543 1965 σου
586 1914 650 1983 τῇ
689 1910 1133 1982 μεγαλοφροσύνῃ
1154 1950 1169 1975 ,
1204 1910 1410 1981 δῶρον,
1443 1904 1488 1964 ὧ
1530 1911 1781 1983 ἄνθρωπε

1886 1909 2080 1963 manda
2126 1909 2325 1964 veniat.
2365 1909 2471 1965 Sed
2503 1924 2633 1964 cum
2658 1919 3071 1966 sacrosanctum
3108 1910 3319 1968 Pascha
3357 1928 3455 1983 po-

224 2004 365 2069 Θεοῦ,
386 2002 707 2074 μικρότερον
734 2003 832 2072 μὲν
859 2002 891 2073 ἢ
926 2004 1001 2065 ὼς
1033 2002 1180 2066 ἄξιον
1202 1997 1340 2054 εἷναί
1368 2018 1450 2055 σοι
1479 2004 1778 2074 προσκομί-

224 2095 422 2160 ζεσθαι,
451 2094 549 2163 τῆς
571 2111 634 2163 γε
665 2094 769 2164 μὴν
790 2095 1071 2164 δυνάμεως
1102 2093 1254 2164 ἡμῶν
1291 2094 1392 2147 οὐκ
1420 2094 1778 2167 ἐνδεέστερον.

224 2188 290 2240 Τὸ
317 2186 369 2239 δὲ
401 2185 574 2255 δῶρον
626 2184 781 2252 λόγος
812 2186 959 2238 ἐστὶν
981 2224 995 2248 ,
1026 2178 1137 2238 οἷον
1185 2185 1399 2255 ἱμάτιόν
1438 2203 1491 2238 τι
1529 2187 1782 2258 πενιχρὸν

224 2281 281 2331 ἐκ
307 2281 407 2347 τῆς.
436 2276 655 2347 πτωχῆς
711 2277 865 2347 ἡμῶν
916 2276 1154 2341 διανοίας
1197 2280 1297 2331 οὐκ
1340 2278 1554 2341 ἀπόνως
1583 2280 1783 2349 ἐξυφα-

224 2368 431 2438 σμὲνον.
472 2366 537 2420 Ἥ
569 2367 626 2419 δὲ
649 2368 742 2420 τοῦ
769 2367 926 2436 λόγου
972 2368 1225 2432 ὑπόθεσις
1254 2368 1500 2440 τολμηρὰ
1528 2370 1626 2440 μὲν
1655 2372 1784 2435 ἴσως

221 2462 322 2522 τοῖς
342 2458 555 2522 πολλοῖς
583 2453 721 2512 εἶναι
739 2459 899 2524 δόξει,
933 2459 1068 2531 πλὴν
1088 2460 1187 2513 οὑκ
1218 2459 1322 2526 ἔξω
1361 2458 1453 2513 τοῦ
1484 2462 1783 2530 πρέποντος

222 2546 494 2617 ἐνομίσθη.
518 2548 694 2611 Μόνος
720 2546 829 2618 γὰρ
846 2547 1011 2612 ἀξίως
1034 2548 1132 2618 τὴν
1151 2550 1327 2602 κτίσιν
1352 2549 1446 2602 τοῦ
1468 2549 1603 2603 Θεοῦ
1626 2567 1786 2603 κατε-

221 2637 425 2705 νόησεν,
448 2636 477 2688 ὁ
502 2636 645 2688 κατὰ
667 2636 798 2689 Θεὸν
820 2637 1058 2700 κτισθεὶς
1086 2637 1273 2705 ὅντως,
1302 2639 1396 2691 καὶ
1418 2642 1476 2691 ὲν
1505 2638 1672 2693 είκόνι
1692 2638 1783 2692 τοῦ

218 2727 616 2810 κτίσαντοςτὴν
648 2727 825 2800 ψυχὴν
854 2746 919 2798 με
928 2730 1279 2799 μορφωμένος
1304 2730 1599 2795 Βασίλειος,
1622 2734 1651 2785 ὁ
1670 2736 1791 2785 κοι-“

216 2819 298 2883 νὸς
324 2819 482 2889 ἡμῶν
514 2820 697 2891 πατὴρ
730 2820 823 2873 καὶ
855 2821 1201 2887 διδάσκαλος,
1224 2821 1283 2885 ὃς
1320 2822 1418 2892 τὴν
1452 2822 1659 2894 ὑψηλὴν
1690 2823 1784 2876 τοῦ

216 2910 410 2972 παντὸς
426 2910 784 2983 διακόσμησιν
799 2910 1063 2982 εὔληπτον
1081 2914 1195 2974 τοῖς
1206 2912 1417 2976 πολλοῖς
1435 2913 1522 2966 διὰ
1534 2916 1632 2985 τῆς
1655 2916 1788 2979 ιδίας

215 3001 445 3072 Θεωρίας
470 3003 715 3072 ἐποίησε,
744 3004 837 3055 καὶ
874 3004 963 3055 τὸν
996 3004 1054 3055 ὲν
1092 3006 1157 3073 τῇ
1184 3003 1409 3075 ἀληθινῇ
1444 3005 1604 3075 σοφίᾳ
1641 3006 1789 3075 παρὰ

212 3092 300 3146 τοῦ
349 3092 489 3147 θεοῦ
521 3095 788 3147 συστάντα
840 3095 1043 3164 κόσμον
1068 3097 1343 3166 γνώριμον
1396 3100 1507 3160 τοῖς
1555 3097 1643 3151 διὰ
1692 3099 1788 3168 τῆς

215 3186 478 3250 συνέσεως
506 3186 671 3240 αὑτοῦ
699 3190 763 3258 τῇ
795 3187 998 3259 θεωρίᾳ
1026 3190 1454 3260 προσαγομένοις
1477 3193 1727 3262 ποιήσας.

1884 2002 2068 2066 stulet,
2091 2010 2148 2055 ut
2170 2016 2235 2057 ex
2259 2017 2409 2057 more
2438 2002 2534 2058 tibi
2565 2005 2808 2058 muneris
2832 2005 3056 2075 aliquid,
3088 2005 3154 2060 de
3176 2021 3285 2076 quo
3305 2021 3456 2061 amo«

1882 2108 1995 2147 rem
2026 2108 2154 2164 erga
2180 2100 2233 2149 te
2261 2109 2439 2149 meum
2468 2095 2785 2165 perspicias,
2804 2097 3075 2152 tribuam:
3110 2098 3275 2154 atl‘ero
3299 2100 3457 2169 quid-

1883 2183 2004 2237 dam
2030 2183 2099 2238 ad
2121 2191 2174 2239 te
2200 2183 2472 2240 hominem
2496 2187 2815 2256 praeclarum
2838 2228 2854 2253 ,
2876 2188 3094 2258 Deoque
3135 2198 3415 2260 acceptum
3437 2231 3453 2257 ,

1884 2291 1994 2330 non
2039 2276 2174 2331 illud
2210 2277 2426 2347 quidem
2462 2286 2517 2332 te
2555 2277 2799 2347 dignum,
2837 2294 2957 2334 mea
2986 2289 3165 2334 tamen
3194 2281 3456 2336 facultate

1885 2385 2050 2441 prope
2080 2369 2275 2439 majus.
2303 2368 2394 2424 Est
2415 2380 2599 2424 autem
2616 2385 2819 2426 munus
2845 2371 2949 2426 hoc
2976 2380 3224 2426 nostrum
3256 2374 3456 2438 oratio.

1884 2461 2038 2531 quasi
2060 2460 2165 2515 vile
2194 2458 2465 2530 quoddam
2501 2461 2885 2514 vestimentum
2915 2461 2969 2515 in
2989 2475 3224 2531 paupere
3253 2461 3457 2533 ingenii

1886 2551 2056 2606 nostri
2074 2550 2303 2612 ollicina,
2323 2565 2429 2604 non
2454 2560 2634 2605 tamen
2657 2551 2805 2605 nullo
2830 2551 3015 2606 labore
3034 2560 3369 2607 contextum.
3392 2552 3459 2609 Et

1856 2657 2196 2711 [quanquam
2237 2642 2453 2697 futuros
2512 2643 2776 2707 arbitror,
2810 2644 2902 2713 qui
2938 2643 3220 2699 audaciam
3252 2646 3308 2701 in
3346 2646 3461 2702 ela-

1834 2738 1843 2751 ‘
1887 2734 2128 2788 borando
2179 2733 2269 2787 tali
2326 2747 2491 2802 opere
2526 2735 2638 2788 sint
2689 2735 3090 2804 reprehensuri,
3130 2751 3233 2793 nos
3276 2744 3457 2793 tamen

1887 2826 2021 2880 nihil
2053 2825 2109 2878 in
2162 2825 2266 2879 hoc
2319 2825 2585 2879 committi
2635 2826 2900 2881 adversus
2950 2827 3135 2882 decori
3186 2828 3453 2883 rationem

1888 2917 2135 2987 persuasi
2188 2931 2397 2970 sumus.
2446 2916 2678 2972 Basilius
2718 2920 2900 2982 enim,
2954 2932 3064 2988 quo
3112 2926 3339 2989 uterque
3398 2928 3457 2973 ut

1890 3019 2041 3080 patre
2070 3008 2438 3078 magistroque
2475 3011 2556 3064 usi
2605 3024 2821 3077 sumus,
2871 3010 3047 3066 factus
3099 3011 3245 3066 haud
3291 3010 3458 3067 dubie

1892 3102 2000 3157 Deo
2033 3101 2363 3165 simillimus,
2392 3109 2445 3156 et
2473 3102 2657 3156 animo
2714 3103 2781 3155 ad
2824 3118 3138 3173 expressam
3188 3103 3457 3158 creatoris

1891 3194 2180 3264 imaginem
2231 3192 2623 3257 conformatus,
2679 3192 2828 3249 solus
2855 3193 3098 3263 profecto
3141 3200 3323 3249 creata
3360 3192 3457 3248 Dei

210 3293 303 3345 pro
358 3278 606 3348 ipsorum
662 3284 971 3348 praestantia
1027 3282 1393 3336 consideravit
1439 3294 1493 3338 et
1549 3284 1780 3339 arduum
1840 3284 1943 3341 hoc
1998 3285 2370 3340 universitatis
2434 3300 2617 3340 rerum
2673 3285 3250 3356 elegantissimumque
3301 3284 3456 3356 Opiﬁ-

209 3369 353 3425 cium
408 3370 849 3425 consideratione
905 3386 1003 3427 sua
1057 3372 1139 3426 sic
1193 3373 1526 3437 illustravit,
1583 3384 1641 3428 ut
1675 3375 1810 3429 illud
1845 3376 1955 3445 jam
2012 3375 2399 3445 comprehendi
2461 3377 2672 3431 ratione
2737 3375 2981 3447 cujusvis
3034 3376 3241 3446 possit;
3294 3384 3456 3446 atque

207 3460 344 3517 adeo
397 3460 590 3516 mundi
638 3462 824 3531 hujus,
863 3479 989 3517 vera
1024 3463 1119 3519 Dei
1159 3466 1425 3535 sapientia
1477 3466 1703 3534 conditi,
1760 3471 2125 3541 cognitionem
2172 3470 2453 3524 hominum
2493 3470 2693 3526 animis
2732 3469 2961 3535 indidit,
3016 3484 3155 3541 quos
3208 3468 3455 3524 doctrina

208 3569 305 3611 sua
328 3556 397 3609 ad
433 3571 617 3611 rerum
650 3556 1165 3625 contemplationem
1198 3558 1441 3613 adduxit.

285 3647 478 3717 Ἡμεῖς
529 3647 586 3699 δὲ
640 3647 735 3700 καὶ
781 3624 885 3699 τοῦί
925 3647 1222 3717 θαυμάζειν
1265 3650 1424 3703 αὐτὸν
1459 3652 1579 3704 κατ’
1626 3651 1780 3716 ἀξίαν

1953 3646 2109 3701 llunc
2145 3661 2243 3701 nos
2273 3661 2397 3700 cum
2428 3646 2688 3701 admirari
2730 3647 2863 3702 satis
2898 3646 3053 3700 nullo
3077 3646 3236 3701 modo
3267 3664 3455 3718 posse-

207 3738 400 3801 ἐνδεῶς
431 3738 667 3808 ἔχοντες,
693 3737 826 3807 ὁμοῦ
873 3736 934 3789 τὸ
985 3736 1165 3789 λεῖπον
1211 3741 1323 3800 τοῖς
1358 3739 1782 3810 τεθεωρημένοις

208 3828 283 3900 τῷ
333 3830 562 3900 μεγάλῳ
606 3828 921 3899 προσθεῖναι
974 3829 1324 3901 διενοήθημεν
1353 3870 1367 3895 ,
1426 3832 1522 3901 οὐχ
1574 3832 1648 3895 ὡς
1692 3849 1779 3885 νο-

208 3919 463 3985 θεύοντες
520 3922 587 3975 δι’
650 3920 917 3991 ὑποϐολῆς
976 3920 1067 3975 τὸν
1128 3923 1335 3976 ἐκείνου
1408 3925 1567 3977 πόνον
1622 3925 1781 3993 (οὐδὲ

204 4014 315 4083 πάρ
360 4012 527 4083 θέμις
573 4012 636 4065 τὸ
687 4014 888 4085 ὑψηλὸν
948 4014 1123 4067 ἐκεῖνο
1176 4014 1601 4084 καθυϐρισθῆναι
1642 4010 1782 4068 ’στό-

209 4121 285 4173 μα
341 4106 462 4166 τοῖς
510 4104 795 4174 ἡμετέροις
844 4106 1307 4175 ἐπιφημιζόμενον
1363 4104 1610 4173 λόγοις),
1666 4105 1780 4157 ἀλλ’

204 4192 279 4257 ὡς
322 4193 402 4265 μὴ
457 4195 631 4247 δοκεῖν
680 4196 871 4265 ἐλλιπῆ
919 4194 1014 4247 τοῦ
1047 4194 1366 4248 διδασκάλου
1397 4195 1497 4264 τὴν
1540 4194 1694 4259 δόξαν
1724 4196 1782 4249 ἐν

204 4286 317 4346 τοῖς
369 4285 644 4355 μαθηταῖς
690 4286 853 4339 αὐτοῦ
902 4282 1061 4339 εἶναι.
1099 4287 1161 4338 El
1215 4284 1322 4356 γὰρ
1359 4284 1649 4356 λειπούσης
1684 4286 1783 4355 τῆς

214 4373 560 4446 Ἐξαημέρου
594 4378 692 4447 τῆς
741 4380 821 4441 είς
852 4378 943 4431 τὸν
978 4378 1261 4449 ἄνθρωπον
1305 4376 1553 4447 θεωρίας,
1596 4378 1783 4449 μηδεὶς

203 4466 311 4522 τῶν
338 4468 802 4538 μαθητευσάντων
831 4472 977 4542 αύτῷ
1003 4471 1238 4538 σπουδήν
1260 4487 1381 4525 τινα
1414 4470 1548 4539 πρὸς
1568 4470 1665 4541 τὴν
1686 4470 1779 4523 τοῦ

203 4557 491 4623 λείποντος
526 4561 907 4634 ἀναπλήρωσιν
960 4563 1345 4631 εἰσενέγκαιτο,
1377 4560 1532 4632 ἔσχεν
1590 4560 1655 4615 ἂν
1703 4563 1809 4614 εί-ί

204 4650 381 4716 κότως
414 4654 555 4707 κατὰ
592 4654 693 4725 τῆς
742 4656 979 4726 μεγάλης
1012 4654 1175 4709 αὑτοῦ
1227 4654 1383 4723 δόξης
1405 4656 1433 4707 ό
1460 4653 1646 4724 μῶμος
1685 4652 1779 4705 λα-

203 4742 327 4813 ϐὴν,
361 4745 445 4808 ὡς
477 4745 551 4816 μὴ
582 4746 931 4817 βουληθέντος
961 4747 1075 4812 ἕξιν
1104 4745 1224 4800 τινὰ
1247 4744 1641 4815 κατανοητικὴν
1666 4745 1779 4807 τοῖς

201 4833 515 4905 ἀκροαταῖς
535 4836 947 4907 ἐνεργάσασθαι.
968 4837 1103 4891 Νυνὶ
1130 4836 1186 4889 δὲ
1212 4836 1352 4891 κατὰ
1375 4835 1603 4905 δύναμιν
1624 4837 1655 4905 ἡ
1664 4834 1779 4904 μῶν

203 4922 697 4995 ὲπιτολμησάντων
724 4930 788 4998 τῇ
837 4927 1091 4998 ἐξηγήσει
1130 4926 1223 4980 τοῦ
1272 4926 1567 4990 λείποντος,
1597 4928 1643 4979 εί
1679 4926 1779 4996 μέν

1886 3752 2029 3800 mus,
2088 3737 2265 3791 visum
2302 3745 2387 3792 est.
2439 3738 2683 3807 quazdam
2724 3738 2790 3792 ad
2823 3752 2885 3792 ea
2928 3752 3048 3808 quae
3094 3753 3325 3809 magnus
3365 3743 3455 3797 ille

1884 3828 1967 3882 vir
2002 3824 2305 3897 indagando
2343 3827 2787 3897 pervestigasset,
2839 3826 3075 3897 adjicere
3111 3846 3124 3882 :
3156 3846 3264 3884 non
3307 3834 3453 3901 quod

1886 3921 2056 3991 ipsius
2102 3920 2339 3974 laborem
2374 3928 2533 3989 partu
2580 3920 2924 3989 supposititio
2968 3923 3340 3978 contaminare
3384 3925 3456 3979 sit

1888 4014 2121 4075 animus,
2146 4009 2364 4081 quando
2397 4012 2552 4068 nefas
2604 4011 2769 4067 fuerit
2798 4012 3272 4081 praeclarissimum
3319 4014 3453 4070 illud

1834 4114 1837 4119 '
1886 4123 1948 4163 os
1977 4107 2112 4162 allici
2140 4108 2360 4178 injuria,
2393 4107 2723 4160 celebratum
2753 4104 2998 4159 oratione
3024 4112 3232 4169 nostra,
3266 4106 3361 4161 sed
3395 4116 3453 4160 ut

1887 4200 2131 4268 magistri
2160 4201 2385 4271 gloriam
2413 4199 2467 4253 in
2497 4196 2779 4267 discipulis
2807 4210 3147 4267 nequaquam
3187 4196 3454 4254 defecisse

1886 4291 2225 4347 ostendatur.
2272 4291 2407 4345 Nam
2446 4306 2568 4345 cum
2602 4290 2656 4343 in
2696 4289 3041 4344 enarratione
3073 4304 3297 4358 operum
3333 4306 3453 4361 qum

1887 4379 2029 4437 Deus
2088 4398 2183 4437 sex
2238 4382 2429 4438 diebus
2480 4381 2735 4445 absolvit,
2788 4380 3025 4434 hominis
3088 4380 3452 4436 consideratio

1886 4474 2058 4539 desit;
2111 4474 2157 4529 si
2209 4473 2600 4544 discipulorum
2648 4486 2807 4525 nemo
2857 4471 2958 4524 hac
2998 4471 3053 4524 in
3098 4479 3251 4540 parte
3292 4474 3453 4543 perti-

1885 4566 2076 4622 cienda
2107 4581 2329 4637 operam
2364 4564 2719 4635 impendisset
2748 4579 2924 4629 suam,
2963 4563 3243 4618 habuisset
3271 4580 3450 4618 causae

1885 4658 2131 4712 nonnihil
2174 4658 2435 4713 adversus
2470 4657 2725 4711 eximiam
2756 4655 2857 4709 viri
2902 4654 3127 4724 gloriam
3160 4655 3451 4725 reprehen-

1886 4762 2069 4802 sorum
2114 4746 2297 4810 libido,
2333 4745 2489 4816 quasi
2538 4744 2631 4814 qui
2673 4744 2740 4799 ad
2784 4759 2871 4799 res
2902 4745 3082 4798 animo
3116 4745 3449 4814 indagandas

1885 4838 2163 4893 auditores
2213 4851 2343 4893 suos
2371 4834 2754 4891 consuefacere
2804 4835 3085 4890 noluisset.
3126 4834 3281 4889 Nunc
3325 4851 3448 4890 cum

1884 4944 1947 4983 ea
2002 4944 2102 4984 nos
2163 4942 2283 4997 quae
2336 4927 2571 4993 desunt,
2616 4926 2951 4996 explananda
3001 4926 3280 4995 suscipere
3329 4930 3450 4981 ausi

202 5031 252 5068 τι
297 5015 551 5070 τοιοῦτον
609 5020 667 5071 ὲν
719 5021 831 5083 τοῖς
877 5020 1164 5090 ἡμετέροις
1208 5018 1489 5089 εὑρεθείη,
1521 5013 1631 5072 οἷον
1680 5018 1785 5088 τῆς

1886 5023 2080 5086 simus,
2113 5026 2373 5089 quantum
2397 5019 2612 5089 quidem
2646 5019 2699 5073 in
2735 5019 2893 5073 nobis
2921 5019 3057 5086 erit;
3102 5019 3145 5073 si
3180 5018 3311 5089 quid
3344 5020 3449 5073 hac

203 5109 421 5163 ἐκείνου
470 5110 818 5176 διδασκαλίας
854 5113 927 5183 μὴ
963 5112 1175 5177 ἀνάξιον
1219 5107 1376 5177 εἶναι,
1410 5114 1489 5173 είς
1522 5112 1611 5163 τὸν
1639 5111 1783 5164 διδά-

203 5200 405 5253 σκαλον
453 5202 672 5267 πάντως
720 5203 817 5274 τὴν
866 5203 1141 5275 ἀναφορὰν
1176 5202 1287 5268 ἔξει
1309 5219 1322 5233 ·
1355 5204 1404 5255 εί
1435 5202 1492 5255 δὲ
1531 5203 1605 5272 μὴ
1643 5201 1780 5254 καθ-

205 5291 375 5345 ίκοιτο
409 5293 517 5364 τῆς
548 5290 921 5377 μεγαδυοῦς
957 5296 1187 5367 θεωρίας
1215 5297 1304 5375 Q‘
1294 5295 1557 5365 ἡμέτερος
1602 5292 1779 5361 λόγος,

200 5384 229 5435 ό
256 5384 362 5454 μὲν
397 5384 509 5451 ἔξω
554 5386 655 5455 τῆς
689 5388 943 5458 τοιαύτης
982 5385 1534 5466 ἔσταιικατηγορίας,
1566 5385 1661 5439 τοῦ
1706 5386 1781 5458 μὴ

203 5473 501 5543 βούλεσθαι
537 5476 712 5532 δοκεῖν
746 5480 856 5541 τοῖς
873 5479 1149 5553 ,μαθηταῖς
1176 5478 1486 5547 ἐγγενέσθαι
1511 5495 1562 5529 τι
1589 5477 1780 5543 δεξιὸν,

201 5566 471 5635 ἐκφυγὼν
500 5568 599 5639 τὴν
630 5558 877 5651 μέμψιν,ξ
888 5571 1047 5640 ἡμεῖς
1079 5571 1122 5622 δ’
1150 5569 1215 5623 ἂν
1241 5570 1463 5633 εἰκότως
1496 5568 1782 5623 ὑπεύθυνοι

200 5657 454 5729 δόξωμεν
489 5661 603 5723 τοῖς
639 5660 1088 5731 μωμοσκοποῦσιν
1107 5701 1120 5724 ,
1148 5661 1223 5724 ὡς
1256 5662 1313 5713 οὐ
1348 5662 1694 5731 χωρήσαντες
1723 5660 1783 5713 ὲν

201 5748 279 5819 τῷ
313 5753 622 5823 μικροφυεῖ
650 5752 749 5822 τῆς
777 5753 998 5823 καρδίας
1030 5754 1188 5823 ¹ἡμῶν
1222 5753 1314 5805 τοῦ
1346 5753 1656 5823 καθηγητοῦ
1681 5752 1780 5823 τὴν

206 5843 426 5913 σοφίαν.
468 5843 621 5897 Ἐστι
647 5843 693 5897 δ’
738 5844 799 5897 ού
849 5846 1039 5917 μικρὸς
1083 5848 1112 5898 ὁ
1145 5847 1495 5917 προκείμενος
1534 5848 1663 5916 ἡμῖν
1701 5848 1778 5911 είς

1887 5118 2071 5165 nostra
2120 5109 2176 5163 in
2220 5110 2676 5164 commentatione
2720 5108 3036 5179 reperietur,
3083 5108 3228 5178 quod
3276 5110 3449 5179 ipsius

1885 5202 2135 5257 doctrina
2168 5216 2277 5255 non
2316 5201 2388 5255 sit
2418 5200 2716 5279 indignum,
2751 5199 2803 5252 id
2836 5216 2996 5263 omne
3038 5201 3247 5255 scilicet
3278 5201 3447 5269 magi-

1886 5299 2001 5347 stro
2050 5298 2329 5360 acceptum
2374 5288 2653 5344 ferendum
2706 5289 2843 5353 erit;
2913 5290 2997 5345 sin
3047 5299 3223 5345 autem
3271 5290 3447 5343 oratio
3541 5340 3548 5350 ,

1884 5392 2068 5437 nostra
2094 5381 2593 5451 praestantissimum
2633 5379 2804 5448 ipsius
2829 5379 2883 5433 in
2911 5379 3305 5436 considerando
3334 5380 3441 5432 vim

1888 5489 1994 5528 non
2033 5480 2373 5543 assequetur,
2418 5470 2663 5526 accusari
2709 5471 2798 5526 ille
2839 5487 3176 5542 nequaquam
3205 5470 3440 5532 debebit,

1883 5565 2039 5635 quasi
2074 5565 2429 5619 eruditionem
2470 5563 2752 5633 discipulis
2780 5563 3050 5628 inviderit,
3084 5578 3113 5616 a
3149 5577 3254 5633 qua
3285 5562 3442 5631 culpa

1885 5657 2250 5713 alienissimus
2280 5655 2586 5711 censendus
2613 5655 2737 5719 erit,
2773 5664 2931 5725 atque
2950 5654 3083 5709 adeo
3112 5669 3211 5708 nos
3247 5655 3442 5707 merito

1886 5757 2074 5805 nostro
2099 5749 2167 5803 ab
2194 5748 2426 5803 curiosis
2450 5747 2569 5802 istis
2599 5747 3082 5817 reprehensoribus
3111 5746 3185 5800 rei
3220 5761 3440 5815 perage-

1848 5857 2041 5909 4mur,
2102 5842 2193 5911 qui
2255 5849 2483 5913 angusto
2542 5847 2762 5912 pectore
2814 5838 3054 5908 magistri
3122 5838 3439 5908 sapientiam
3546 5832 3547 5835 “
