4110 6550
612 428 710 485 127
1808 434 1867 493 S.
1908 437 2233 498 GREGORII
2272 443 2562 503 NYSSENI
3752 455 3863 510 £28

606 564 800 617 capere
830 564 937 603 non
974 549 1333 619 potuerimus.
1378 548 1487 606 Res
1514 552 1752 623 quidem,
1788 555 1842 611 in
1871 560 2181 626 considera-

2282 565 2510 636 θεωρίαν
2545 566 2762 630 σκοπὸς,
2795 566 2915 620 ούδέ
2951 584 3091 631 τινος
3126 566 3234 621 τῶν
3269 569 3326 622 ἐν
3349 570 3537 641 κόσμῳ
3562 571 3856 643 θαυμάτων

608 640 807 693 tionem
862 654 983 707 quae
1043 641 1208 705 venit,
1271 656 1378 695 non
1437 643 1633 713 exigua
1688 654 1795 709 est,
1858 664 2035 719 neque
2086 654 2181 707 ulli

2280 654 2349 708 τά
2393 654 2620 725 δεύτερα
2650 655 2963 726 φερόμενος,
2995 657 3135 727 τάχα
3159 656 3215 710 δὲ
3261 660 3358 712 καὶ
3389 640 3588 729 μείζων
3620 640 3853 723 ἑκάστου

606 746 792 785 earum
832 732 1029 786 cedens
1062 747 1198 801 quas
1226 733 1314 787 hic
1344 734 1580 790 mundus
1609 735 1959 795 admirandas
1990 744 2182 797 conti-

2280 744 2390 797 τῶν
2414 745 2888 816 γιγνωσκομένων,
2917 746 3050 803 διότι
3092 747 3242 801 οὐδὲν
3282 749 3469 820 ἕτερον
3503 750 3623 822 Θεῷ
3652 754 3715 806 ἐκ
3747 754 3855 808 τῶν

609 831 739 877 net:
773 832 932 892 atque
987 822 1131 878 haud
1175 825 1291 880 scio
1347 841 1414 879 an
1462 842 1569 881 non
1610 829 1851 884 omnium
1880 870 1895 895 ,
1945 848 2178 902 quarum

2279 836 2447 890 ὄντων
2495 836 2791 908 ὡμοίωται,
2814 838 2953 908 πλὴν
2981 839 3083 910 τῆς
3119 840 3258 896 κατά
3284 841 3376 896 τὸν
3411 842 3699 915 ἄνθρωπον
3737 849 3856 899 κτί-

608 916 971 983 cognitionem
1013 920 1341 987 expetimus,
1391 920 1650 975 maxima.
1688 920 1806 977 Non
1838 923 1983 977 enim
2026 927 2179 995 quid-

2282 945 2438 992 σεως,
2455 928 2595 981 ὥστε
2615 932 2764 1000 παρὰ
2787 933 2900 994 τοῖς
2927 930 3227 1003 εὐγνώμοσι
3257 933 3366 986 τῶν
3399 934 3686 1005 ἀκροατῶν
3721 938 3857 1007 πρό-

608 1022 768 1075 quam
816 1023 1006 1062 eorum
1050 1011 1316 1076 omnium,
1357 1027 1479 1080 quae
1514 1012 1567 1065 in
1596 1020 1791 1067 natura
1820 1031 2002 1070 rerum
2036 1019 2182 1073 exsi-

606 1105 777 1161 stunt,
814 1096 908 1153 Dei
950 1098 1016 1154 ad
1064 1100 1352 1169 imaginem
1389 1099 1591 1155 factum
1629 1113 1732 1167 est,
1777 1111 1975 1173 praeter
2012 1122 2178 1161 unum

606 1190 710 1243 hoc
738 1198 1004 1255 creatum,
1036 1191 1179 1260 quod
1222 1192 1495 1245 hominem
1526 1190 1781 1249 dicimus.
1830 1194 2042 1250 Idcirco
2080 1196 2179 1251 be-

606 1281 804 1350 nignos
833 1282 1110 1338 auditores
1150 1283 1492 1351 perlubenter
1526 1283 1681 1339 nobis
1712 1284 1924 1338 veniam
1952 1286 2178 1341 daturos

607 1370 952 1435 confidimus,
989 1372 1202 1427 etiamsi
1242 1372 1399 1442 longe
1448 1370 1590 1426 infra
1637 1372 1953 1441 dignitatem
1993 1376 2107 1430 haec
2148 1380 2267 1434 a/T

609 1463 764 1520 nobis
819 1472 1179 1532 exponentur.
1231 1462 1363 1519 Nam
1406 1465 1461 1519 in
1510 1464 1632 1528 hac,
1687 1465 1903 1535 opinor.
1956 1468 2179 1538 inquisi—

604 1554 751 1608 tione
780 1562 969 1609 nostra
990 1554 1122 1609 nihil
1150 1555 1391 1609 omnium
1414 1571 1602 1611 eorum
1634 1572 1753 1626 qua:
1784 1557 1990 1611 homini
2020 1558 2179 1613 initio

536 1692 544 1711 ,
604 1643 872 1701 accidisse
910 1644 1204 1707 Credimus,
1243 1654 1297 1700 et
1325 1653 1585 1703 eventura
1607 1646 1867 1718 deinceps
1891 1658 2179 1718 exspecta-

605 1751 767 1801 mus,
816 1742 982 1806 atque
1041 1736 1207 1793 etiam
1252 1753 1399 1794 nunc
1462 1739 1858 1810 perspicimus,
1926 1742 2179 1797 omitten-

2280 1034 2460 1088 χειρον
2482 1020 2612 1088 ἡμῖν
2629 1019 2726 1087 τὴν
2752 1022 2843 1074 ἐπὶ
2862 1025 2975 1085 τοῖς
3000 1021 3310 1093 λεγομένοις
3336 1024 3663 1097 συγγνώμην
3688 1021 3854 1089 εἶναι,

2278 1108 2385 1161 κάν
2426 1108 2559 1164 πολὺ
2590 1110 2816 1165 κατόπιν
2843 1112 2943 1183 τῆς
2969 1112 3124 1177 ἀξίας
3157 1116 3185 1168 ὁ
3213 1115 3365 1183 λόγος
3402 1115 3565 1171 ἔλθοι.
3602 1119 3693 1170 Δεῖ
3723 1119 3853 1187 γὰρ,

2278 1196 2431 1272 οἶμαι
2450 1241 2463 1265 ,
2490 1201 2597 1255 τῶν
2615 1202 2744 1272 περὶ
2771 1203 2862 1257 τὸν
2894 1204 3176 1275 ἄνθρωπον
3205 1207 3479 1269 ἀπάντων,
3498 1209 3607 1260 τῶν
3629 1227 3691 1262 τε
3721 1227 3855 1280 προ-

2281 1290 2610 1360 γεγενῆσθαι
2646 1293 3116 1361 πεπιστευμένων,
3144 1295 3238 1349 κα)⁵
3286 1295 3393 1348 τῶν
3418 1295 3733 1368 είσύστερον
3761 1299 3854 1350 ἐκ-

2279 1379 2542 1451 δήσεσθαι
2567 1382 3048 1452 προσδοκωμένων,
3084 1386 3178 1441 καὶ
3208 1386 3318 1438 τῶν
3337 1386 3431 1441 νῦν
3462 1387 3856 1459 θεωρουμένων

2282 1470 2445 1539 μηδὲν
2494 1472 2821 1541 παραλιπεῖν
2858 1473 3228 1538 ἀνεξέταστον.
3265 1472 3344 1530 Ἦ
3387 1478 3497 1549 γὰρ
3536 1479 3605 1532 ἂν
3641 1480 3857 1535 ἐλλιπε-

2280 1560 2445 1629 στέρα
2478 1560 2571 1615 τοῦ
2620 1564 3033 1634 ἐπαγγέλματος
3062 1569 3095 1638 ή
3145 1568 3347 1640 σπουδὴ
3402 1570 3731 1641 διελέγχοιτο
3758 1614 3775 1639 ,
3806 1575 3855 1625 εἱ

2277 1652 2371 1705 τοῦ
2404 1653 2689 1725 ἀνθρώπου
2724 1658 3084 1728 προκειμένου
3122 1662 3187 1731 τῇ
3228 1660 3466 1733 θεωρίᾳ,
3498 1664 3764 1736 παρεθείη
3800 1682 3852 1717 τι

2276 1743 2386 1796 τῶν
2412 1746 2793 1801 συντεινόντων
2842 1749 2979 1820 πρὸς
3012 1747 3111 1820 τὴν
3156 1751 3433 1808 ὑπόθεσιν.
3474 1753 3635 1808 Ἀλλά
3658 1756 3757 1807 καὶ
3785 1754 3855 1807 τά

604 1826 731 1881 dum
761 1826 883 1881 erit.
936 1825 1185 1883 Profecto
1217 1829 1361 1883 enim
1413 1831 1609 1885 merito
1651 1831 1891 1885 studium
1926 1840 2174 1888 nostrum

2276 1822 2534 1893 δοκοῦντα
2588 1839 2716 1908 περὶ
2744 1839 2903 1893 αὑτὸν
2932 1842 3189 1905 ἐναντίως
3233 1838 3397 1912 ἔχειν,
3441 1844 3528 1897 διὰ
3560 1845 3621 1899 τὸ
3655 1846 3729 1916 μὴ
3787 1846 3854 1899 τά

608 1919 1082 1990 reprehensionem
1124 1920 1450 1985 incurreret,
1492 1929 1750 1992 tanquam
1785 1923 2176 1993 pollicitatione

2276 1926 2415 1979 αὐτὰ
2451 1929 2563 1990 τοῖς
2585 1928 2646 1993 ἐξ
2674 1931 2848 2002 ἀρχῆς
2876 1909 3291 2005 γεγενημένοις,
3318 1937 3411 1991 καὶ
3450 1937 3543 1991 νῦν
3585 1909 3729 2010 περὶ.
3754 1940 3854 2009 τὴν

604 2025 705 2065 sua
740 2011 899 2081 longe
935 2010 1188 2077 inferius,
1215 2013 1270 2069 si
1298 2013 1537 2069 hominis
1561 2015 1838 2084 proposita
1868 2015 2178 2071 considera-

602 2101 751 2158 tione
773 2101 1177 2173 relinqueretur
1204 2103 1428 2174 aliquid,
1455 2104 1599 2174 quod
1629 2104 1696 2160 ad
1727 2104 2041 2160 institutum
2072 2107 2176 2161 hoc

602 2203 855 2251 nostrum
889 2194 1113 2252 faceret.
1163 2194 1450 2252 Enimvero
1479 2206 1533 2252 et
1562 2197 1653 2251 illa
1695 2214 1816 2268 quae
1854 2198 1910 2253 in
1938 2199 2177 2256 hominis

2276 2015 2438 2085 φύσιν
2477 2020 2707 2090 ὁρᾶσθαι
2747 2022 2836 2076 διά
2872 2040 3015 2088 τινος
3053 2026 3356 2094 ἀναγκαίας
3398 2028 3721 2093 ἀκολουθίας
3752 2048 3767 2061 ·
3791 2030 3852 2083 ἐκ

2274 2126 2334 2163 τε
2383 2108 2483 2180 τῆς
2514 2113 2788 2181 γραφικῆς
2820 2111 3147 2184 ὑφηγήσεως
3173 2114 3267 2168 καὶ
3307 2116 3373 2167 ἐκ
3403 2116 3504 2186 τῆς
3536 2116 3690 2188 παρά
3738 2117 3854 2171 τῶν

2273 2198 2547 2270 λογισμῶν
2577 2200 2974 2273 εύρισκομένης
3016 2204 3260 2268 ἐπινοίας
3292 2206 3626 2276 συναρτῆσαι
3682 2223 3853 2277 προσ.

603 2294 800 2343 natura
829 2302 976 2343 nunc
999 2300 1043 2341 .a
1071 2287 1244 2356 primo
1274 2288 1519 2354 ejusdem
1561 2297 1707 2344 statu
1756 2290 2183 2360 conditioneque;

2276 2293 2420 2363 ήκει,
2451 2292 2527 2356 ὡς
2567 2294 2635 2347 ἂν
2674 2294 2963 2365 συμϐαίνοι
2990 2297 3139 2349 πᾶσα
3169 2298 3202 2366 ή
3252 2296 3506 2362 ὑπόθεσις
3547 2299 3724 2370 εἱρμῷ
3759 2299 3853 2353 καὶ
3886 2320 3901 2332 ·

604 2378 823 2439 diversa
858 2393 1002 2445 esse,
1039 2380 1202 2436 rebus
1249 2378 1324 2434 ita
1374 2394 1495 2435 sese
1527 2377 1849 2444 ferentibus,
1881 2382 2123 2437 videmus
2154 2400 2170 2437 :

604 2486 727 2528 cum
756 2486 822 2528 ex
870 2486 1153 2527 sacrarum
1184 2470 1511 2526 Litterarum
1563 2471 1908 2536 auctoritate,
1940 2482 2052 2528 tum
2086 2489 2176 2527 ra—

604 2562 1025 2619 tiocinationum
1082 2562 1331 2617 acumine
1377 2560 1678 2631 adjicienda
1709 2570 1869 2615 erunt
1897 2571 1994 2617 :ut
2042 2577 2174 2617 con-

607 2664 766 2724 gruat
804 2655 1055 2711 universa
1092 2655 1346 2711 tractatio
1386 2654 1451 2708 ad
1497 2652 1692 2710 seriem
1721 2662 1885 2722 atque
1926 2651 2171 2708 ordinem

608 2762 814 2811 rerum,
863 2762 983 2817 quae
1029 2745 1279 2802 videntur
1334 2761 1459 2803 esse
1505 2746 1611 2800 illae,
1651 2744 1870 2815 quidem
1918 2745 2061 2799 inter
2114 2760 2175 2799 se

610 2835 860 2902 diverse,
882 2836 1125 2892 eamdem
1160 2845 1340 2893 tamen
1368 2837 1435 2892 ad
1474 2846 1670 2893 metam
1698 2836 1961 2891 tendunt:
1990 2836 2175 2891 divina

610 2930 869 2986 nimirum
894 2938 1163 3002 potestate
1200 2947 1349 3001 spem
1393 2931 1556 2986 rebus
1592 2938 1746 2985 extra
1773 2944 1987 2983 omnem
2022 2943 2173 2998 spem

2273 2384 2425 2449 τάξει
2460 2384 2568 2437 τῶν
2600 2386 2855 2449 ἐναντίως
2907 2386 3051 2457 ἔχειν
3089 2388 3388 2442 δοκούντων
3419 2390 3553 2461 πρὸς
3581 2390 3637 2443 ἒν
3664 2392 3760 2443 καὶ
3792 2392 3853 2443 τὸ

2275 2470 2407 2525 αὐτὸ
2434 2471 2608 2541 πέρας
2639 2475 3247 2544 συμφερομένων,οὖτω
3275 2479 3370 2531 καὶ⁵
3392 2479 3490 2549 τῆς
3514 2479 3665 2543 θείας
3692 2480 3853 2534 δυνά-

2278 2577 2423 2630 μεως
2448 2561 2640 2615 ἐλπίδα
2668 2566 2780 2626 τοῖς
2814 2564 2951 2636 ὑπὲρ
2998 2565 3207 2632 ἐλπίδα,
3232 2567 3327 2621 καὶ
3375 2570 3539 2639 πόρον
3572 2572 3684 2633 τοῖς
3707 2570 3855 2639 ἀμη-

2277 2653 2459 2725 χάνοις
2498 2654 2947 2726 ἐφευρισκούσης.
2985 2657 3287 2727 Σαφηνείας
3344 2659 3403 2712 δὲ
3452 2659 3613 2730 χάριν
3670 2660 3853 2723 καλῶς

2237 2742 2424 2815 εέχειν
2454 2745 2657 2816 ᾠήθην,
2675 2745 2767 2798 ἐπὶ
2793 2746 3100 2815 κεφαλαίων
3128 2766 3210 2805 σοι
3237 2750 3516 2821 προθεῖναι
3548 2751 3638 2819 iw
3670 2751 3853 2820 λόγον,

2280 2836 2356 2899 ὡς
2380 2834 2446 2889 ἂν
2477 2834 2620 2907 ἔχοις
2672 2837 2852 2908 πάσης
2900 2840 3000 2910 τῆς
3036 2841 3418 2911 πραγματείας
3458 2844 3517 2895 ἐν
3548 2843 3717 2912 ὀλίγῳ
3742 2843 3857 2896 τῶν

2280 2927 2612 2983 καθέκαστον
2637 2930 3079 3002 ἐπιχειρημάτων
3102 2933 3301 2986 εἰδέναι
3323 2935 3426 3003 τὴν
3460 2934 3743 2989 ὑπόθεσιν.

604 3024 829 3095 positis,
873 3033 928 3081 et
968 3025 1170 3080 exitum
1212 3016 1478 3096 perplexis
1527 3025 1854 3080 inveniente.
1902 3024 2166 3078 Caeterum
2233 3022 2373 3078 lucis
2415 3038 2479 3078 ac
2519 3024 2926 3095 perspicuitatis
2968 3029 3143 3097 gratia
3178 3030 3353 3081 visum
3401 3040 3485 3084 est
3522 3030 3716 3098 paucis
3771 3044 3856 3083 ca-

610 3120 813 3191 pitibus
869 3136 981 3177 rem
1015 3136 1229 3177 omnem
1282 3120 1380 3175 tibi
1416 3120 1709 3190 subjicere,
1748 3134 1858 3191 quo
1909 3120 2246 3190 singulorum
2282 3131 2721 3192 argumentorum
2770 3123 2940 3178 totius
2983 3124 3459 3179 commentationis
3503 3125 3630 3188 vim,
3674 3123 3855 3178 brevi-

609 3215 712 3271 bus
737 3213 916 3269 verbis
935 3213 1382 3284 comprehensam
1410 3213 1719 3283 perspicere
1746 3211 1954 3283 liquido
1976 3209 2176 3282 possis.

1116 3326 1346 3383 CAPUT
1382 3326 1671 3382 PRIMUM.

611 3418 677 3474 In
695 3436 796 3489 quo
839 3420 904 3474 de
947 3420 1143 3474 mundo
1180 3420 1538 3488 particulatim
1586 3419 1885 3481 disseritur,
1923 3418 2183 3486 jucunde-

677 3507 778 3559 (μω
803 3507 865 3544 ea
893 3506 1010 3561 qua:
1042 3489 1268 3567 hominis
1302 3500 1476 3544 ortum
1504 3506 1833 3559 pauescere,
1873 3505 2182 3542 commemo-

679 3570 888 3613 rantur.

679 3652 782 3708 llic
801 3661 904 3717 est,
932 3652 1184 3722 inquiunt
1202 3651 1418 3707 Litterae
1448 3666 1636 3718 sacrae,
1666 3652 1802 3709 liber
1824 3650 1891 3706 de
1905 3660 2027 3707 ortu
2054 3652 2178 3707 ειεΙί

613 3757 677 3798 ac
713 3752 891 3801 terra.
927 3740 1002 3795 Eo
1032 3742 1291 3797 nimirum
1316 3750 1575 3812 tempore,
1622 3742 1884 3813 quidquid
1914 3742 2176 3804 cernitur,

612 3835 913 3905 perlectum
948 3834 1051 3892 fuit
1081 3853 1095 3888 :
1127 3846 1290 3905 atque
1328 3843 1510 3891 creata
1542 3834 1755 3903 singula
1793 3842 2005 3889 secreta
2039 3834 2181 3889 inter

612 3944 693 3993 se,
744 3943 901 3984 suum
940 3928 1192 3997 quaelibet
1233 3928 1290 3983 in
1333 3927 1511 3982 locum
1562 3927 2012 3997 commigrarunt,
2062 3940 2191 3991 casa
2220 3980 2239 3990 ν

2691 3323 3089 3377 ΚΕΦΑΛᾹΙΟΝ
3138 3325 3431 3378 ΠΡΩΤΟΝ.

2294 3404 2466 3499 Ἐνχῷ
2497 3413 2983 3499 τίςοέστιθιέερικὴ
3014 3416 3145 3499 περ]
3169 3417 3273 3470 τοῦ
3297 3418 3528 3499 κόσμρυ
3548 3424 3855 3499 φυσιολο-

2352 3484 2470 3552 για,
2485 3485 2605 3561 ,καί
2623 3501 2717 3561 τις
2732 3486 3014 3561 ἁϐροῌτέμι
3036 3487 3318 3561 διήγησις
3337 3484 3469 3561 περὶ
3502 3484 3619 3541 τῶν
3644 3508 3858 3561 προτε-

2199 3532 2279 3613 30
2308 3532 2613 3623 -ιὲὸῖρὶάῶἇρ
2628 3532 2766 3621 ’ἐῆξ
2776 3532 2899 3615 ὶᾝῖ
2912 3532 3243 3624 Ziegel—£62}
3256 3532 3568 3627 ἀρὲἑὶῖἐωῖξ

2347 3635 2496 3713 Αὕτη
2525 3644 2558 3713 ἡ
2587 3642 2766 3713 βίϐλος
2795 3645 3060 3713 γενέσεως
3086 3647 3315 3718 ούρανοῦ
3352 3650 3442 3702 καὶ
3464 3650 3585 3719 γῆς,
3619 3650 3788 3719 φησιν
3820 3654 3853 3722 ή

2279 3730 2485 3803 Γραφή·
2511 3733 2599 3787 ὅτε
2622 3734 2974 3804 συνετελέσθη
3006 3737 3111 3790 πᾶν
3140 3737 3201 3788 τὸ
3229 3738 3564 3807 φαινόμενον,
3595 3743 3690 3795 καὶ
3714 3742 3854 3813 πρὸς

2276 3820 2374 3893 τὴν
2411 3821 2615 3877 οἰκείαν
2649 3823 2798 3877 θέσιν
2826 3825 3053 3879 ἕκαστον
3081 3826 3191 3880 τῶν
3221 3828 3387 3885 ὄντων
3420 3834 3715 3903 ἀποκριθὲν
3750 3837 3855 3888 ἀν-

2277 3914 2582 3986 εχώρησεν·
2614 3917 2703 3970 ὅτε
2734 3918 3022 3989 περιέσχεν
3052 3920 3108 3972 ἐν
3137 3920 3322 3992 κύκλῳ
3357 3923 3425 3977 τά
3455 3926 3630 3983 πάντα
3661 3928 3723 3980 τὸ
3753 3929 3854 3981 οὖ-

611 4020 851 4089 lesteque
877 4034 1077 4089 corpus
1110 4019 1243 4076 orbe
1282 4034 1383 4075 suo
1408 4019 1663 4075 universa
1686 4019 2177 4088 complectebatur;

2280 4008 2459 4077 ράνισν
2481 4007 2657 4079 σῶμα,
2682 4010 2780 4081 τὴν
2798 4010 2855 4064 δὲ
2882 4010 3159 4081 μέσηντοῦ
3184 4013 3382 4078 παντὸς
3400 4016 3638 4069 ἀπέλαϐε
3661 4016 3852 4087 χώραν

608 4112 868 4184 gravibus
897 4126 959 4166 ac
996 4112 1250 4169 deorsum
1279 4112 1625 4182 vergentibus
1649 4112 1994 4182 corporibus,
2032 4118 2179 4168 terra

607 4212 668 4259 et
707 4219 868 4273 aqua,
900 4202 1136 4258 medium
1166 4204 1223 4258 in
1264 4218 1447 4259 rerum
1491 4203 1841 4261 universitate
1877 4203 2054 4261 locum
2081 4219 2178 4260 oc-

612 4298 960 4366 cupantibus,
1006 4297 1365 4365 amplexuque
1408 4304 1599 4353 mutuo
1645 4312 1704 4353 se
1746 4297 2172 4357 continentibus.

616 4387 786 4444 ludita
810 4396 922 4443 tum
954 4395 1037 4442 est
1070 4396 1274 4442 naturae
1301 4402 1480 4445 rerum
1508 4386 1692 4441 divina
1723 4388 1969 4457 quaedam
1998 4404 2088 4443 ars
2112 4403 2177 4444 ac

615 4480 880 4545 facultas,
929 4494 1050 4550 qua:
1094 4494 1183 4535 res
1242 4478 1489 4535 conditas
1535 4477 1693 4549 quasi
1740 4493 1881 4533 nexu
1940 4480 2225 4549 quodam”

614 4568 880 4624 stabilitas
918 4575 1279 4637 perpetuaret,
1315 4566 1626 4637 duplicique
1667 4568 1718 4622 vi
1749 4576 1946 4623 cuncta
1993 4568 2178 4625 mode-

2277 4098 2346 4152 τά
2382 4098 2553 4171 βαρέα
2585 4102 2677 4154 καὶ
2718 4104 3007 4172 κατωφερῆ
3041 4102 3148 4155 τῶν
3179 4105 3469 4175 σωμάτων,
3521 4107 3591 4177 γῆ
3640 4124 3700 4161 τε
3749 4110 3852 4164 καὶ

2277 4190 2440 4261 ὕδωρ,
2476 4193 2532 4247 ἐν
2560 4194 2806 4265 ἀλλήλοις
2833 4196 3285 4269 διακρατούμενα.
3331 4198 3630 4269 Σύνδεσμος
3667 4200 3725 4253 δέ
3765 4217 3852 4264 τις

2276 4284 2369 4337 καὶ
2394 4285 2677 4356 βεϐαιότης
2703 4288 2811 4342 τῶν
2839 4290 3219 4359 γεγενημένων
3247 4292 3279 4360 ή
3303 4290 3419 4345 θεία
3447 4292 3609 4361 τέχνη
3634 4293 3730 4345 καὶ
3756 4292 3852 4344 δύ-

2275 4392 2439 4444 ναμις
2469 4379 2531 4448 τῇ
2558 4375 2717 4446 φύσει
2751 4378 2857 4433 τῶν
2884 4378 3052 4433 ὀντων
3085 4382 3403 4451 ἐναπετέθη,
3436 4383 3651 4447 διπλαῖς
3688 4386 3849 4455 ἐνερ-

2260 4467 2449 4534 γείαις
2484 4468 2769 4538 ήνιοχοῦσα
2798 4470 2867 4525 τά
2895 4472 3089 4526 πάντα.
3123 4474 3314 4527 Στάσει
3347 4474 3455 4542 γάρ
3494 4475 3589 4529 καὶ
3634 4477 3851 4543 κινήσει

2277 4555 2375 4626 τὴν
2399 4555 2609 4625 γένεσιν
2629 4560 2739 4622 τοῖς
2768 4561 2842 4630 μὴ
2870 4556 3010 4624 οὖσι,
3041 4562 3134 4614 καί
3159 4562 3256 4632 τὴν
3275 4562 3532 4634 διαμονὴν
3559 4567 3672 4627 τοῖς
3696 4560 3851 4618 οὖσιν

613 4669 847 4717 raretur.
896 4660 1029 4716 Nam
1065 4660 1245 4730 quiete
1283 4674 1346 4715 ac
1386 4669 1535 4716 motu
1559 4658 1811 4717 eﬂ‘ectum
1863 4668 1965 4726 est,
1996 4668 2055 4717 ut
2093 4677 2181 4719 res

2281 4650 2686 4719 ἐμηχανήσατο,
2738 4652 2865 4723 περὶ
2920 4653 2980 4706 τὸ
3032 4652 3170 4722 βαρὺ
3222 4654 3318 4708 καὶ
3366 4654 3696 4724 ἀμετάθετον
3746 4657 3852 4725 τῆς

616 4752 847 4807 necdum
888 4752 1213 4807 exsistentes
1258 4752 1550 4812 orirentur,
1605 4758 1659 4807 et
1707 4759 1840 4805 ortae
1888 4766 2179 4809 conserva-

2279 4740 2536 4809 ἀκινήτου
2573 4740 2817 4810 φύσεως,
2846 4738 2954 4796 οῗον
2992 4744 3120 4814 περί
3157 4760 3279 4798 τινα
3306 4746 3500 4811 πάγιον
3525 4743 3712 4811 ἄξονα,
3747 4749 3853 4818 τὴν

618 4850 826 4906 rentur,
861 4856 984 4897 cum
1032 4840 1178 4896 circa
1210 4854 1299 4895 res
1350 4842 1611 4910 gravitate
1652 4840 1859 4908 ﬁrmas,
1905 4856 1969 4897 ac
2000 4851 2179 4900 motus

2279 4830 2540 4901 ὀξυτάτην
2570 4832 2665 4886 τοῦ
2695 4833 2857 4888 πόλου
2891 4834 3105 4905 κίνησιν
3155 4836 3351 4907 τροχοῦ
3381 4836 3536 4907 δίκην
3571 4839 3630 4892 ἐν
3663 4838 3853 4908 κύκλῳ

617 4933 796 4988 omnis
859 4940 1148 5001 expertes,
1184 4932 1348 4987 veluti
1394 4934 1539 4991 circa
1593 4931 1827 4987 solidum
1872 4934 2178 5003 ,quemdam

2280 4922 2736 4993 περιελαύνουσα,
2768 4925 2863 4979 καὶ
2898 4925 2965 4979 δι’
2999 4927 3244 5001 ἀλλήλων
3280 4930 3612 5000 ἀμφοτέροις
3656 4947 3855 5001 συντη-

617 5038 797 5087 axem,
826 5023 1145 5078 celerrimus
1173 5022 1282 5092 poli
1323 5031 1502 5079 motus
1546 5022 1719 5078 instar
1744 5031 1878 5079 rota:
1925 5023 2176 5091 ferretur,

2283 5014 2449 5086 ροῦσα
2482 5016 2544 5070 τὸ
2575 5016 2852 5071 ἀδιάλυτον
2872 5035 2885 5047 ο
2921 5018 3019 5088 τῆς
3041 5035 3102 5070 τε
3132 5020 3637 5091 κυκλοφορουμὲνης
3662 5021 3854 5085 οὐσίας

617 5125 672 5171 et
704 5122 892 5170 mutua
923 5115 1081 5185 quasi
1131 5129 1232 5184 ope
1279 5125 1453 5171 semet
1484 5115 1598 5173 haec
1639 5126 1897 5187 perpetuo
1933 5119 2181 5176 contine-

2286 5105 2371 5162 διά
2398 5106 2496 5177 τῆς
2530 5105 2706 5172 ὀξείας
2738 5109 2999 5179 κινήσεως
3022 5109 3083 5162 τὸ
3105 5110 3296 5162 ναστὸν
3323 5111 3419 5180 τῆς
3453 5111 3554 5180 γῆς
3582 5112 3639 5165 ἐν
3665 5110 3854 5181 κύκλῳ

617 5215 773 5271 rent;
801 5214 994 5261 natura
1026 5221 1146 5274 quae
1174 5206 1231 5259 in
1261 5206 1447 5263 orbem
1476 5206 1675 5278 agitur,
1706 5209 1876 5265 veloci
1906 5220 2054 5266 motu
2081 5226 2182 5268 suo

2286 5200 2747 5272 περισφιγγούσης
2768 5240 2784 5266 ,
2821 5200 2915 5255 τοῦ
2966 5218 3026 5254 τε
3062 5201 3288 5272 στεῤῥοῦ
3319 5202 3414 5259 καὶ
3444 5202 3725 5259 ἀνενδότου
3760 5203 3854 5259 διὰ

617 5305 777 5355 ωτι-αι
826 5296 1150 5355 densitatem
1197 5297 1436 5367 undique
1479 5299 1778 5368 complexa,
1830 5314 1896 5354 ac
1940 5302 2181 5359 vicissim

2282 5294 2381 5364 τῆς
2407 5293 2739 5364 ἀμεταθέτου
2765 5293 3093 5379 παγιότητος
3113 5293 3469 5389 ἀδιαλεσως
3491 5294 3853 5359 ἐπιτείνοντος

617 5390 780 5446 rebus
814 5388 985 5445 ﬁrmis
1015 5388 1276 5459 nullaque
1311 5403 1382 5445 ex
1414 5396 1569 5459 parte
1596 5389 1939 5456 cedentibus,
1988 5393 2183 5448 immo-

2279 5388 2390 5442 τῶν
2424 5387 2549 5459 περί⁸
2590 5388 2760 5459 αὐτὴν
2800 5386 3182 5458 κυκλουμένων
3229 5381 3591 5457 τὴιῖδίνησιν.
3636 5389 3755 5457 Ἴση
3791 5388 3852 5441 δέ

618 5480 714 5535 bili
764 5478 1039 5535 soliditate
1066 5493 1165 5533 sua
1199 5479 1609 5537 conversionem
1630 5480 1946 5538 volubilium
1981 5500 2183 5557 augen-

2283 5479 2402 5535 καθ’
2445 5479 2699 5548 ἑκάτερον
2746 5478 2855 5530 τῶν
2904 5481 3023 5544 ταῖς
3073 5480 3371 5550 ἐνεργείαις
3410 5478 3768 5550 διεστηκότων
3819 5482 3852 5549 ἡ

617 5571 785 5628 tibus.
840 5572 1018 5643 Atque
1066 5571 1153 5628 his
1199 5572 1362 5629 rebus
1419 5570 1634 5627 diversa
1681 5573 1734 5628 vi
1763 5583 1817 5629 et
1868 5576 2183 5641 eﬂicacitate

2287 5570 2555 5642 ὑπερϐολή
2581 5571 2999 5642 ἐναπειργάσθη,
3025 5575 3093 5643 τῇ
3119 5590 3180 5626 τε
3204 5573 3449 5645 στασίμῳ
3478 5572 3635 5641 φύσει
3661 5574 3755 5627 καὶ
3782 5577 3849 5644 τῇ

621 5662 882 5732 praeditis,
924 5672 1132 5721 naturae
1154 5664 1406 5721 videlicet
1449 5664 1731 5730 immobili,
1771 5678 1825 5723 et
1844 5670 2000 5726 alteri
2031 5675 2183 5743 quie-

2288 5664 2502 5731 ἀστάτῳ
2531 5665 2821 5733 περιφορᾷ.
2857 5664 2996 5717 Οὔτε
3023 5664 3130 5735 γὰρ
3158 5666 3191 5735 ή
3227 5665 3296 5735 γῆ
3338 5666 3439 5735 τῆς
3471 5665 3602 5728 ἰδίας
3642 5663 3850 5733 βάσεως

621 5756 693 5810 tis
717 5754 949 5826 experti,
990 5770 1089 5826 par
1115 5757 1335 5827 quidem
1367 5757 1509 5815 inest
1554 5766 1841 5830 utramque
1882 5763 1935 5815 in
1970 5772 2180 5831 partem

2291 5755 2663 5823 μετατίθεται,
2697 5753 2819 5807 οὔτε
2851 5756 2880 5806 ὁ
2921 5756 3145 5827 οὐρανός
3187 5774 3317 5810 ποτε
3357 5758 3418 5812 τὸ
3458 5757 3683 5827 σφοδρὸν
3715 5756 3852 5810 ἐνδί·

620 5864 900 5910 exccssus.
923 5852 1057 5909 Nam
1079 5868 1254 5910 neouc
1278 5860 1425 5908 terra
1449 5869 1686 5924 unquam
1712 5870 1741 5911 a
1762 5856 2059 5915 stabilitate
2082 5874 2181 5914 sua

2288 5847 2417 5900 δωσι
2443 5847 2533 5900 καὶ
2558 5846 2800 5915 ὑποχαλᾷ
2825 5845 2920 5916 τῆς
2948 5847 3228 5917 κινήσεως.
3254 5847 3437 5904 Ταῦτα
3458 5848 3513 5903 δὲ
3540 5849 3631 5903 καὶ
3660 5844 3850 5919 πρῶτα
