4110 6544
285 409 383 470 199

1488 415 1572 469 DE
1611 415 1894 474 HOMINIS
1931 419 2240 478 OPIFICIO.

3424 429 3523 486 150

275 533 418 590 κατά
448 533 545 607 τὴν
574 533 666 588 τοῦ
703 533 1058 606 πεποιηκότος
1094 535 1303 603 σοφίαν,
1332 528 1442 588 οἷόν
1472 553 1554 599 τις
1577 536 1718 608 ἀρχὴ
1747 536 1842 591 τοῦ

1949 540 2208 598 dimoveri
2254 552 2462 615 potest;
2500 558 2676 613 neque
2709 541 2907 597 omium
2956 541 3022 597 de
3053 542 3370 599 vehemente
3413 563 3521 600 mo.

241 627 474 709 επαντὸς
519 627 908 698 μηχανήματος
948 627 1462 698 προκατεσκευάσθη
1505 628 1613 680 τῶν
1654 627 1842 691 ὄντων,

268 716 587 780 δεικνύντος,
622 710 798 786 οἶμαι,
831 716 923 770 τοῦ
975 717 1207 788 μεγάλου
1255 717 1497 781 Μωσέως
1535 717 1622 771 διὰ
1649 715 1742 771 τοῦ
1784 719 1843 770 ὲν

265 807 409 878 ἀρχῇ
442 805 532 858 τὸν
570 806 796 877 οὐρανὸν
825 807 919 860 καὶ
963 807 1062 879 τὴν
1092 807 1194 876 γῆν
1221 807 1368 877 παρὰ
1395 807 1490 860 τοῦ
1521 807 1653 860 Θεοῦ
1683 825 1845 876 γεγε-

266 896 462 965 νῆσθαι
489 898 694 961 εἰπεῖν,
729 898 809 950 ὅτι
852 896 1115 968 κινήσεώς
1142 915 1202 950 τε
1232 900 1325 951 καὶ
1363 899 1602 962 στάσεως
1646 898 1840 968 ἔκγονα
1859 913 1884 941 -"

259 989 333 1041 τά
362 991 418 1041 ὲν
447 992 513 1060 τῇ
549 989 722 1043 κτίσει
757 991 1053 1060 φαινόμενα
1088 992 1292 1055 πάντα,
1327 991 1397 1044 τά
1430 992 1570 1046 κατὰ
1599 993 1660 1045 τὸ
1701 975 1880 1046 θεῖονᾪ

260 1077 515 1150 βούλημα
545 1080 893 1151 παραχθέντα
937 1082 1015 1145 είς
1051 1080 1282 1150 γένεσιν.
1326 1081 1433 1134 Τοῦ
1471 1081 1649 1136 τοίνυν
1674 1082 1838 1154 οὐρα-

258 1169 354 1224 νοῦ
389 1172 606 1242 καὶτῆς
642 1173 745 1242 γῆς
773 1173 837 1225 ἐκ
868 1171 1158 1244 διαμέτρου
1203 1172 1339 1242 πρὸς
1368 1171 1570 1244 ἄλληλα
1608 1173 1748 1226 κατά
1779 1174 1840 1228 τὸ

257 1263 502 1316 ἐναντίον
535 1263 633 1332 τῆς
673 1263 946 1334 ἐνεργείας
987 1262 1363 1330 διεστηκότων,
1401 1263 1433 1333 ή
1478 1262 1681 1332 μεταξὺ
1722 1263 1837 1316 τῶν

256 1355 516 1408 ἐναντίων
556 1354 732 1418 κτίσις
768 1354 825 1407 ἐν
879 1354 1035 1425 μέρει
1075 1353 1183 1406 τῶν
1207 1354 1656 1426 ,παρακειμένων
1708 1369 1876 1424 μετ-χ

256 1445 480 1514 ἔχουσα,
505 1443 571 1497 δι’
594 1443 792 1516 ἑαυτῆς
819 1444 1087 1515 μεσιτεύει
1103 1446 1216 1508 τοῖς
1235 1446 1443 1516 ἄκροις,
1467 1445 1542 1509 ὡς
1565 1446 1630 1499 ἂν
1652 1445 1838 1516 ἐπίδη-

254 1535 349 1588 λον
378 1535 628 1604 γενέσθαι
663 1537 762 1606 τὴν
794 1537 929 1607 πρὸς
958 1535 1160 1607 ἄλληλα
1205 1537 1310 1590 τῶν
1339 1537 1596 1591 ἐναντίων
1626 1537 1714 1591 διὰ
1740 1537 1834 1590 τοῦ

255 1627 430 1697 μέσου
463 1629 773 1696 συνάφειαν.
816 1629 887 1681 Τὸ
919 1629 1026 1701 γάρ
1060 1622 1366 1700 ἀεικίνητον
1396 1632 1486 1683 καὶ
1514 1631 1709 1685 λεπτὸν
1736 1631 1836 1701 τῆς

252 1719 543 1789 πυρώδους
569 1720 752 1783 οὐσίας
789 1723 1032 1792 μιμεῖται
1072 1723 1168 1792 μέν
1202 1740 1319 1786 πως
1357 1723 1386 1774 ὁ
1415 1722 1540 1794 ἀὴρ,
1575 1721 1632 1775 έν
1668 1740 1725 1776 τε
1754 1721 1834 1794 τῷ

253 1812 447 1884 κούφῳ
487 1810 582 1884 τῆς
609 1810 821 1881 φύσεως
857 1813 950 1866 καὶ
978 1814 1056 1884 τῷ
1090 1814 1225 1885 πρὸς
1250 1813 1347 1884 τὴν
1392 1815 1604 1885 κίνησιν
1648 1815 1834 1886 έπιτη-
1883 1843 1886 1850 -

1951 638 2039 684 tus
2068 631 2269 702 impetu
2295 633 2606 704 quidquam
2645 633 2888 687 remittit.
2923 631 3047 686 Haec
3078 633 3249 702 prima
3283 636 3524 691 omnium

1950 722 2210 778 exstitere
2244 725 2299 778 in
2334 733 2456 778 ortu
2493 739 2698 786 rerum,
2733 724 2946 778 volente
2970 725 3234 779 creatoris
3260 727 3524 796 sapientia
3611 788 3615 795 ‘

1949 831 2071 870 esse
2091 832 2152 870 ea
2208 818 2479 887 quoddam
2518 816 2729 871 initium
2779 815 2975 886 Opificii
3026 817 3131 872 sui.
3173 817 3356 888 Itaque
3411 836 3523 873 ma-

1947 923 2112 978 gnum
2150 907 2298 962 illiilli
2342 907 2549 971 Mosen,
2590 923 2712 963 cum
2758 909 2833 962 ait
2867 909 3024 963 initio
3066 909 3263 964 caelum
3296 927 3358 966 ac
3413 920 3526 965 ter-

1948 1012 2062 1051 ram
2099 996 2264 1051 Deum
2305 999 2635 1062 condidisse,
2694 993 2798 1052 hoc
2847 997 3089 1052 indicare
3134 999 3373 1053 voluisse
3410 1002 3526 1054 exi-

1948 1087 2113 1141 stimo
2149 1105 2160 1140 :
2195 1103 2284 1142 res
2325 1087 2631 1152 universas,
2662 1103 2784 1158 qua:
2814 1087 2954 1141 inter
2983 1096 3163 1142 creata
3200 1099 3520 1156 cernuntur,

1946 1173 2120 1243 deque
2177 1176 2456 1230 voluntate
2516 1192 2579 1230 ac
2631 1178 2898 1231 sententia
2963 1175 3056 1230 Dei
3105 1189 3306 1233 exortae
3358 1189 3520 1246 sunt,

1945 1277 1974 1316 a
2010 1275 2156 1318 motu
2192 1274 2244 1319 et
2284 1267 2466 1334 quiete
2513 1266 2784 1336 profectas
2831 1283 2974 1322 esse.
3009 1268 3184 1338 Atque
3231 1269 3332 1323 hoc
3363 1281 3524 1340 pacto

1944 1355 2085 1409 (εωῑο
2134 1364 2186 1408 et
2223 1363 2365 1409 terra
2397 1371 2460 1411 ex
2509 1356 2776 1410 diametro
2817 1356 2959 1410 inter
2993 1373 3051 1412 se
3077 1358 3356 1412 contraria
3393 1359 3522 1414 all'e-

1943 1445 2126 1500 etione
2153 1445 2571 1510 dissidentibus,
2605 1455 2786 1503 creata
2826 1457 3041 1511 czetera,
3075 1465 3195 1519 quae
3223 1449 3309 1504 his
3350 1451 3515 1503 inter-

1937 1535 2078 1606 jecta
2110 1546 2259 1600 sunt,
2297 1553 2420 1590 cum
2464 1538 2710 1591 nonnihil
2743 1553 2866 1591 cum
2902 1539 3064 1592 rebus
3106 1540 3209 1594 sibi
3250 1539 3521 1610 contiguis

1943 1640 2235 1686 commune
2268 1633 2523 1694 habeant,
2565 1633 2707 1687 inter
2733 1640 2975 1686 extrema
3024 1631 3114 1684 illa
3155 1642 3327 1686 semet
3359 1634 3516 1702 quasi

1942 1721 2317 1793 interponunt,
2367 1733 2425 1776 ut
2475 1723 2632 1777 facile
2683 1731 2940 1793 appareat
2987 1738 3095 1792 quo
3128 1731 3286 1792 pacto
3320 1740 3414 1793 per
3455 1739 3517 1779 ea

1941 1825 2062 1879 qua:
2121 1811 2298 1865 media
2351 1809 2494 1865 inter
2554 1811 2669 1866 haec
2707 1812 3042 1873 consistunt,
3083 1827 3170 1866 res
3224 1815 3515 1881 caeternqui

251 1904 410 1968 δείως
434 1904 596 1975 ἔχειν.
627 1905 699 1958 Ού
725 1905 830 1976 μὴν
859 1906 1099 1970 τοιοῦτός
1134 1907 1300 1974 ἐστιν,
1340 1901 1450 1970 οἷος
1477 1909 1574 1978 τῆς
1603 1907 1739 1979 πρὸς
1762 1909 1831 1963 τὰ

1939 1900 2264 1956 dissidentes
2331 1910 2521 1955 mutuo
2563 1908 2990 1956 conuectantur,
3027 1899 3162 1956 Nam
3219 1915 3313 1957 aer
3356 1903 3519 1957 modo

252 1997 431 2065 πάγια
480 1997 799 2064 συγγενείας
848 1996 1294 2068 ἀλλοτριοῦσθαι,
1344 1996 1466 2050 οὗτε
1516 1997 1602 2050 ἀεὶ
1657 1987 1833 2068 μένων

250 2091 527 2161 ἀκίνητος,
563 2088 686 2143 οὔτε
732 2090 1022 2153 διαπαντὸς
1061 2091 1200 2162 ρέων
1234 2089 1326 2144 καὶ
1373 2089 1789 2161 σκεδαννύμενος
1814 2107 1829 2123 ο

250 2177 394 2233 ἀλλά
411 2183 478 2250 τῇ
493 2179 626 2250 πρὸς
643 2180 728 2232 ’έτε
736 2197 827 2250 ρον
840 2179 1128 2250 οἰκειότητι
1151 2175 1259 2233 οἶόν
1281 2198 1331 2233 τι
1352 2179 1599 2251 μεθόριον
1609 2180 1706 2250 τῆς
1728 2179 1834 2232 τῶν

249 2269 548 2341 ἐνεργειῶν
573 2271 940 2340 ἐναντιότητος
969 2270 1196 2338 γίνεται,
1218 2270 1410 2338 μιγνὺς
1439 2270 1553 2340 ἅμα
1585 2269 1676 2322 καὶ
1696 2269 1832 2322 διαι-
1860 2283 1861 2286 ‘

253 2361 365 2431 ρῶν
378 2361 436 2412 ἐν
452 2359 676 2430 αῦτῷτά
687 2360 942 2413 διεστῶτα
954 2364 1018 2432 τῇ
1035 2359 1367 2429 φύσει.Κατά
1378 2361 1468 2414 τὸν
1480 2361 1638 2413 αὑτὸν
1652 2360 1831 2429 λόγον,

253 2453 352 2506 καὶ
377 2454 410 2524 ἡ
442 2452 585 2524 ὑγρὰ
609 2453 762 2506 οῦσία
783 2453 992 2515 διπλαῖς
1016 2453 1256 2523 ποιότησι
1281 2454 1415 2524 πρὸς
1437 2453 1694 2525 ἑκάτερον
1723 2451 1832 2505 τῶν

249 2545 517 2596 ἐναντίων
547 2544 863 2616 ἁρμόζεται.
891 2543 980 2614 Τῷ
1019 2544 1115 2614 μὲν
1132 2545 1238 2615 γάρ
1260 2544 1450 2615 βαρεῖά
1470 2562 1528 2597 τε
1549 2545 1640 2598 καὶ
1654 2560 1830 2597 κατω-

248 2647 314 2700 φε
321 2632 428 2704 ρὴς
439 2629 802 2703 εἷναι,πολλὴν
817 2633 951 2703 πρὸς
963 2627 1020 2685 τὸ
1036 2634 1233 2702 γεῶδες
1243 2635 1339 2706 τὴν
1358 2635 1674 2704 συγγένειαν
1691 2634 1777 2706 ἔχε
1788 2652 1824 2688 ι.

1941 1990 2177 2061 quodam
2247 1992 2606 2046 mobilitatem
2651 2001 2990 2062 perpetuam,
3051 1992 3518 2063 subtilitatemque

1941 2081 2116 2154 ignea:
2151 2093 2363 2140 naturae
2401 2087 2664 2139 imitatur.
2705 2084 2799 2140 Est
2838 2086 2982 2138 enim
3015 2094 3069 2138 et
3101 2085 3314 2140 levitate
3352 2093 3515 2139 natu-

1938 2175 2036 2228 rali
2067 2177 2354 2246 praeditus,
2389 2187 2441 2232 et
2479 2177 2545 2230 ad
2590 2186 2795 2232 motum
2832 2178 3113 2246 aptissime
3141 2187 3512 2248 con'iparatus.

1936 2263 2120 2335 Neque
2159 2274 2339 2321 tamen
2372 2269 2576 2323 idcirco
2609 2269 2766 2338 plane
2812 2276 2894 2322 est
2925 2269 2993 2321 ab
3029 2269 3178 2321 omni
3211 2267 3512 2322 solidorum

1937 2357 2259 2424 cognatione
2305 2357 2548 2419 alienus,
2594 2373 2718 2411 nam
2763 2365 2819 2411 ut
2851 2373 3064 2428 semper
3104 2367 3281 2412 motus
3322 2375 3516 2428 expers

1936 2461 2044 2500 non
2077 2456 2194 2511 est,
2231 2447 2302 2502 ita
2340 2464 2555 2518 semper
2585 2448 2748 2503 etiam
2793 2464 2901 2504 non
2938 2449 3052 2504 fluit
3092 2459 3184 2504 aut
3219 2451 3516 2520 spargitur,

1933 2536 2029 2591 sed
2079 2539 2136 2593 fit
2165 2541 2397 2610 quadam
2435 2540 2499 2594 ad
2549 2549 2841 2610 utrumque
2883 2541 3228 2612 cognatione,
3266 2550 3326 2596 ut
3375 2543 3518 2601 inter

1925 2647 2019 2720 {es
2057 2629 2434 2688 eﬂ‘ectionibus
2466 2632 2696 2688 diversis
2732 2633 3081 2688 adversantes
3125 2634 3229 2689 sibi
3269 2633 3512 2704 quidam,

249 2727 414 2798 quasi
463 2725 617 2798 limes
665 2727 762 2794 sit;
803 2735 966 2798 atque
1009 2730 1144 2784 adeo
1202 2740 1397 2784 natura
1453 2733 1591 2786 inter
1646 2746 1705 2786 se
1740 2715 2059 2787 dissidentia
2094 2744 2218 2783 cum
2252 2727 2552 2791 consociet,
2595 2735 2710 2780 tum
2764 2733 3030 2782 secernat.
3094 2726 3293 2782 Eodem
3356 2728 3517 2783 modo

248 2829 302 2877 et
337 2795 542 2876 humor
570 2821 772 2894 duplici
801 2825 1062 2893 qualitate
1092 2825 1156 2879 ad
1189 2834 1480 2896 utrumque
1533 2827 1728 2882 horum
1786 2825 2192 2881 adversantium
2246 2831 2509 2893 perpetuo
2573 2821 2675 2876 sibi
2737 2830 2908 2876 semet
2951 2821 3345 2876 accommodat.
3382 2820 3515 2877 Nam

251 2936 364 2975 non
394 2920 588 2990 exigua
618 2935 742 2974 cum
774 2927 918 2974 terra
946 2922 1267 2992 cognatione
1299 2932 1534 2986 tenetur,
1578 2939 1684 2994 qua
1718 2923 1900 2994 gravis
1937 2929 2046 2984 est,
2077 2927 2130 2974 et
2165 2934 2271 2989 qua
2306 2919 2562 2972 deorsum
2595 2917 2787 2972 fertur.

321 3011 422 3084 Τῷ
475 3013 533 3066 δὲ
589 3014 835 3084 μετέχειν
879 3015 1112 3085 ῥοώδους
1157 3016 1302 3080 τινὸς
1355 3019 1449 3070 καὶ
1510 3018 1838 3090 πορευτικῆς

251 3105 583 3174 ἐνεργείας,
635 3106 696 3158 ού
733 3107 908 3179 πάντη
960 3108 1062 3178 τῆς
1119 3108 1440 3180 κινουμένης
1486 3109 1838 3181 ἠλλοτρίωται

2014 3016 2281 3070 Czeterum
2311 3028 2418 3084 qua
2454 3013 2614 3068 etiam
2661 3011 2886 3066 fluidum
2938 3011 3193 3081 quiddam
3241 3013 3289 3068 ei
3351 3013 3515 3075 inest,

1909 3167 1912 3170 ,
1942 3110 2135 3179 visque
2165 3106 2510 3179 permeabilis
2543 3122 2557 3159 :
2591 3121 2699 3158 non
2736 3120 2963 3174 prorsus
2998 3119 3027 3157 a
3061 3103 3224 3160 rebus
3263 3105 3352 3168 iis,
3398 3123 3522 3177 quzc

253 3196 511 3266 φύσεως.
567 3197 702 3251 ἀλλά
731 3199 815 3262 τίς
861 3201 977 3252 ἐστι
1036 3201 1129 3253 καὶ
1170 3200 1258 3254 διὰ
1306 3201 1495 3254 τούτου
1536 3203 1678 3273 μίξις
1731 3202 1836 3258 τῶν

1943 3217 2030 3256 res
2085 3208 2346 3270 perpetuo
2405 3206 2730 3261 moventur,
2797 3196 3008 3266 sejungi
3061 3205 3275 3266 potest;
3335 3199 3519 3269 itaque

253 3286 522 3338 ἐναντίων
570 3286 664 3339 καὶ
709 3285 942 3351 σύνοδος.
983 3289 1081 3359 τῆς
1108 3306 1166 3342 τε
1195 3289 1492 3362 βαρύτητος
1519 3294 1595 3355 εἰς
1627 3291 1836 3362 κίνησιν

255 3376 674 3449 μετατεθείσης,
729 3379 962 3458 καὶητῆς
1015 3381 1278 3452 κινήσεως
1327 3385 1384 3435 ὲν
1414 3383 1490 3454 τῷ
1549 3382 1702 3454 βάρει
1762 3382 1837 3454 μὴ

255 3467 631 3542 πεδηθείσης,
669 3469 830 3548 ,ὥστε
904 3472 1220 3542 συμϐαίνειν
1297 3475 1433 3545 πρὸς
1503 3476 1704 3545 ἄλληλα
1771 3475 1838 3529 τὰ

257 3563 410 3616 κατά
453 3563 513 3616 τὸ
555 3565 858 3636 ἀκρότατον
911 3569 976 3638 τῇ
1029 3567 1189 3636 φύσει
1235 3568 1554 3640 διεστηκότα
1600 3569 1687 3623 διὰ
1729 3569 1838 3622 τῶν

261 3657 661 3726 μεσιτευόντων
684 3656 930 3730 ἀλλήλοις
956 3659 1239 3730 ὲνούμενα.
1267 3662 1482 3715 Μᾶλλον
1506 3663 1562 3716 δὲ
1585 3661 1722 3716 κατά
1747 3663 1839 3716 τὸν

256 3747 470 3818 ἀκριϐῆ
505 3747 660 3816 λόγον
690 3747 810 3802 οὐδὲ
837 3749 974 3820 αὑτὴ
1022 3751 1129 3804 τῶν
1165 3751 1553 3822 ἀντικειμένων
1591 3756 1624 3825 ἡ
1678 3753 1840 3825 φύσις

258 3838 516 3908 ἀμίκτως
538 3839 711 3906 πάντη
744 3838 878 3910 πρὸς
900 3841 997 3911 τὴν
1036 3841 1227 3911 ἑτέραν
1255 3845 1366 3905 τοῖς
1397 3841 1680 3912 ίδιώμασιν
1705 3843 1839 3914 ἔχει,

256 3928 334 3993 ὡς
380 3927 466 3994 ἂν,
495 3923 675 4000 οἶμαι,
706 3932 881 3984 πάντα
909 3932 1044 4003 πρὸς
1069 3932 1272 4005 ἄλληλα
1312 3933 1454 3987 νεύοι
1484 3934 1554 3987 τὰ
1585 3935 1724 3988 κατὰ
1751 3936 1841 3990 τὸν

259 4023 472 4093 κόσμον
503 4024 804 4094 φαινόμενα
823 4065 838 4090 ,
864 4023 957 4078 καὶ
982 4021 1242 4096 ξυμπνέοι
1277 4027 1412 4098 πρὸς
1442 4027 1639 4099 ἑαυτὴν
1666 4029 1700 4099 ή
1726 4027 1844 4081 κτί-

258 4129 347 4178 σις

261 4205 589 4277 ρισκομένη.
637 4203 749 4277 Τῆς
780 4205 889 4280 γὰρ
933 4208 1200 4278 κινήσεως
1241 4210 1302 4263 οὐ
1357 4209 1514 4280 μόνον
1564 4211 1703 4271 κατά
1748 4209 1844 4281 τὴν

255 4297 496 4368 τοπικήν
543 4299 872 4367 μετάστασιν
922 4301 1234 4372 νοουμένης.
1269 4302 1405 4356 ἀλλὰ
1446 4304 1538 4355 καὶ
1572 4305 1629 4355 ἐν
1667 4289 1842 4374 ’τροπῇ

259 4389 356 4441 καὶ
423 4388 702 4442 ἀλλοιώσει
772 4390 1182 4464 θεωρουμένης·
1250 4393 1413 4447 πάλιν
1474 4394 1518 4447 δ’
1586 4391 1686 4460 αὖ,
1745 4396 1845 4466 τῆς

436 4115 495 4166 ὲν
564 4117 677 4178 τοῖς
749 4113 857 4168 τῶν
934 4116 1321 4188 ἀντικειμένων
1402 4119 1682 4189 ίδιώμασιν
1752 4119 1844 4182 at):

1937 3301 1991 3346 et
2035 3291 2091 3346 in
2136 3291 2364 3344 humore
2415 3289 2529 3344 haec
2564 3293 2841 3343 contraria
2874 3290 3018 3342 inter
3077 3305 3136 3344 se
3193 3291 3515 3345 consocian-

1935 3393 2058 3452 tur,
2095 3391 2149 3440 et
2205 3386 2362 3452 quasi
2408 3391 2641 3448 coeunt,
2685 3397 2809 3436 cum
2859 3381 3004 3451 quod
3058 3398 3222 3452 grave
3267 3391 3353 3436 est
3402 3399 3514 3437 tuo-

1937 3484 2051 3530 tum
2095 3476 2345 3544 recipiat,
2394 3482 2447 3528 et
2493 3481 2682 3528 contra
2728 3481 2909 3528 motus
2953 3488 2982 3526 a
3013 3471 3250 3542 pondere
3277 3488 3384 3528 non
3418 3475 3516 3527 imo

1938 3566 2205 3636 pediatur.
2254 3565 2368 3620 Hoc
2420 3563 2555 3619 adeo
2599 3571 2760 3634 pacto
2807 3574 3002 3616 natura
3041 3563 3288 3632 partibus
3330 3571 3516 3619 extre-

1942 3659 2049 3714 mis
2094 3657 2441 3718 dissidentia,
2489 3671 2585 3728 per
2635 3671 2698 3711 ea
2746 3671 2869 3725 quae
2911 3655 3149 3709 medium
3197 3654 3342 3710 inter.
3400 3656 3520 3724 ipsa

1939 3748 2121 3802 locum
2169 3747 2434 3808 obtinent,
2464 3745 2893 3816 coniunguntur.
2923 3744 2990 3798 Et
3015 3761 3143 3799 vero
3178 3747 3223 3800 si
3256 3754 3524 3800 accurate

1941 3855 2054 3895 rem
2086 3839 2486 3900 existimemus,
2524 3835 2930 3893 adversantium
2967 3837 3070 3892 sibi
3105 3844 3320 3900 natura,
3351 3837 3519 3891 etiam:

1943 3932 2162 4002 pr0pria
2189 3929 2369 4001 quoad
2419 3929 2758 3998 singulorum
2791 3929 3053 3983 attributa
3088 3929 3301 3990 attinet,
3350 3928 3516 3998 quid-

1941 4025 2065 4080 dam
2102 4025 2248 4077 inter
2274 4038 2334 4077 se
2374 4036 2663 4076 commune
2709 4020 2912 4075 habet:
2963 4035 3080 4073 eam
3134 4019 3392 4073 nimirum
3446 4019 3522 4074 ob

1920 4117 2192 4178 "causam,
2220 4125 2278 4168 ut
2307 4113 2543 4168 arbitror
2578 4111 2722 4182 quod
2753 4126 2841 4166 res
2876 4110 2980 4166 hoc
3036 4111 3088 4164 in
3134 4110 3340 4164 mundo
3390 4111 3515 4164 uui-

1944 4223 2117 4263 versae
2162 4205 2227 4259 ad
2279 4212 2522 4258 mutuam
2571 4203 2866 4274 quamdam
2916 4203 3265 4258 concordiam
3321 4212 3514 4256 natura

1943 4297 2255 4352 ducantur:
2307 4303 2361 4349 et
2408 4309 2530 4363 quae
2579 4293 2860 4347 attributis
2919 4293 3154 4362 propriis
3208 4308 3518 4361 repugnare

1945 4387 2050 4442 sibi
2104 4393 2286 4440 creata
2343 4384 2646 4441 sentimus.
2697 4383 2886 4438 eadem
2944 4383 3188 4437 vicissim
3254 4383 3397 4437 inter
3456 4399 3518 4439 se

258 4479 600 4549 ἀμεταθέτου
667 4480 880 4549 φύσεως
920 4483 1018 4554 τὴν
1055 4484 1192 4537 κατὰ
1224 4485 1285 4537 τὸ
1320 4485 1658 4539 ἀλλοιοῦσθαι
1692 4487 1844 4557 κίνη-

1939 4477 2293 4548 _conspirent.
2359 4473 2490 4528 Nam
2543 4489 2667 4528 cum
2719 4489 2826 4528 non
2879 4490 2983 4528 una
3043 4474 3157 4528 haec
3211 4486 3392 4528 motus
3444 4477 3516 4530 sit

261 4588 348 4624 σιν
410 4571 469 4624 οὐ
519 4573 912 4644 προσιεμένης
960 4573 1292 4639 ὲναλλάξασα
1341 4576 1439 4639 τὰς
1491 4576 1755 4647 ἰδιότητας
1803 4555 1841 4647 -ἡ

1939 4555 2182 4639 ⁵εροοίεε,
2212 4583 2337 4622 cum
2381 4567 2508 4637 quid
2553 4565 2620 4620 de
2652 4567 2774 4620 loco
2822 4567 2886 4620 ad
2935 4566 3111 4620 locum
3147 4566 3511 4632 transfertur;

259 4662 355 4716 τοῦ
406 4662 538 4716 Θεοῦ
585 4665 766 4731 σοφία,
803 4664 881 4734 τῷ
914 4666 1010 4735 μὲν
1043 4666 1333 4736 ἀεικινήτῳ
1365 4667 1426 4720 τὸ
1459 4667 1741 4738 ἄτρεπτον,
1770 4668 1848 4737 τῷ

257 4755 316 4808 δὲ
365 4757 610 4826 ἀκινήτῳ
659 4756 759 4826 τὴν
805 4758 1012 4828 τροπὴν
1057 4757 1359 4828 ἐνεποίησε,
1406 4759 1711 4830 προμηθείᾳ
1747 4762 1848 4812 τινὶ
1889 4775 1891 4778 ‘

259 4849 407 4916 τάχα
450 4847 513 4899 τὸ
559 4846 796 4900 τοιοῦτον
842 4849 1262 4919 οίκονομήσασα,
1305 4849 1380 4911 ὡς
1418 4847 1482 4902 ἂν
1529 4847 1602 4919 μὴ
1655 4847 1716 4901 τὸ
1751 4843 1850 4918 τῆς

262 4939 487 5009 φύσεως
520 4937 668 4999 ἴδιον,
702 4940 838 5010 ὅπερ
879 4939 996 4991 ἐστὶ
1035 4935 1094 4991 τὺ
1141 4940 1405 5010 ἄτρεπτόν
1433 4958 1490 4993 τε
1525 4941 1618 4994 καὶ
1644 4940 1850 5010 ἀμετά-

263 5029 440 5093 θετον,
475 5027 565 5079 ὲπί
597 5045 740 5091 τινος
781 5028 890 5081 τῶν
939 5028 1080 5082 κατὰ
1125 5030 1224 5100 τήν
1270 5029 1444 5082 κτίσιν
1477 5029 1846 5108 βλεπομένων,

262 5117 398 5169 Θεὸν
445 5116 761 5186 νομίζεσθαι
799 5116 860 5169 τὸ
905 5118 1108 5187 κτίσμα
1158 5113 1570 5208 ποιήσειενἾῘΟὑ
1624 5118 1732 5189 γὰρ
1771 5118 1851 5171 έτι

266 5203 521 5276 θεότητος
569 5206 834 5275 ὑπόληψιν
893 5207 1080 5278 σχοίη,
1137 5209 1272 5280 ὅπερ
1330 5209 1395 5264 ἂν
1447 5203 1764 5281 κινούμενον
1812 5211 1846 5282 ἢ

265 5295 646 5368 ἀλλοιούμενον
689 5298 846 5385 nun.
903 5300 1000 5354 Διά
1049 5300 1206 5354 τοῦτο
1251 5303 1284 5373 ἡ
1339 5285 1436 5373 μὲν
1478 5303 1548 5373 γῆ
1591 5302 1851 5373 στάσιμός

266 5389 406 5453 ἐστι,
453 5390 546 5443 καὶ
585 5391 686 5472 ούκ
729 5392 1021 5471 ἀτρεπτος·
1055 5394 1084 5459 ὁ
1126 5393 1182 5475 δέ
1207 5395 1436 5474 οὐρανός
1476 5395 1568 5449 τοῦ
1611 5397 1850 5450 ἐναντίου

268 5572 431 5640 φύσει
460 5573 677 5647 ἑστώσῃ
709 5576 807 5646 τὴν
848 5579 1074 5649 τροπὴν.
1105 5582 1170 5650 τῇ
1205 5579 1260 5633 δὲ
1302 5579 1379 5652 μὴ
1414 5580 1724 5654 τρεπομένη
1754 5580 1852 5652 τὴν

267 5666 484 5737 κίνησιν
514 5669 547 5739 ή
578 5666 708 5722 ’θεία
752 5669 1102 5741 συμπλέξασα
1144 5670 1390 5742 δύναμις,
1450 5673 1543 5727 καὶ
1597 5673 1852 5744 ἀλλήλαις

268 5760 585 5831 ἀμφοτέρας
644 5762 710 5831 τῇ
767 5759 1041 5827 ἐναλλάξει
1112 5762 1220 5814 τῶν
1282 5764 1581 5834 ἰδιωμάτων
1638 5784 1853 5838 προσοι-

272 5849 495 5925 κειώσῃ,
525 5853 618 5907 καὶ
648 5852 748 5923 τῆς
779 5854 904 5926 περὶ
938 5855 996 5907 τὸ
1027 5853 1167 5907 θεῖον
1202 5853 1518 5926 ὑπολήψεως
1561 5858 1849 5931 ἀλλοτριώ-

1949 4675 2138 4716 verum
2167 4659 2334 4713 etiam
2374 4673 2498 4712 cum
2529 4657 2660 4726 quid
2693 4656 2774 4711 vel
2815 4665 3080 4719 mutatur,
3117 4657 3200 4710 vel
3237 4658 3514 4710 converti-

1950 4763 2076 4822 tur;
2128 4761 2324 4808 natura
2366 4766 2530 4821 porro
2616 4749 3085 4804 incommutabilis
3160 4764 3278 4803 eam
3331 4758 3517 4804 motus

1950 4845 2208 4916 speciem,
2233 4859 2338 4914 qua
2379 4841 2509 4913 quid
2536 4851 2796 4904 mutatur,
2841 4857 2946 4894 non
2988 4841 3239 4898 admittat
3268 4858 3282 4906 ;
3311 4841 3517 4895 idcirco

1950 4940 2132 4993 divina
2183 4936 2453 5007 sapientia
2503 4934 2827 5005 permutatis
2871 4935 3130 5002 utrinque
3170 4933 3518 5003 proprietati-

1950 5033 2073 5091 bus.
2108 5039 2358 5085 naturam
2398 5043 2578 5084 rerum
2609 5043 2824 5099 semper
2855 5029 3134 5083 mobilium
3172 5029 3304 5083 nulli
3340 5037 3487 5082 muta

1951 5125 2087 5179 tioni
2139 5123 2462 5193 subiectam,
2512 5121 2740 5176 alteram
2774 5135 2923 5185 vero,
2980 5128 3161 5175 motus
3212 5123 3515 5188 expet-timui

1889 5282 1900 5294 .
1953 5216 2266 5270 mutabilem
2323 5229 2446 5269 esse
2502 5213 2695 5267 voluit.
2756 5213 2934 5282 Atque
2993 5214 3097 5267 hoc
3153 5214 3295 5266 haud
3354 5212 3519 5264 dubie

1952 5308 2238 5379 prudentia
2269 5306 2536 5375 singulari
2568 5304 2828 5368 instituit,
2858 5320 2925 5358 ne
2970 5304 3220 5359 homines
3269 5303 3322 5356 in
3353 5303 3518 5356 rebus

1923 5400 2172 5458 .creatis.
2219 5414 2356 5468 quas
2381 5399 2678 5460 cernimus,
2704 5411 2827 5452 esse
2867 5396 3073 5464 aliquid
3120 5402 3379 5465 perpetuo
3411 5394 3513 5446 im-

267 5481 328 5532 τὺ
360 5483 595 5559 τρεπτὴν
617 5469 723 5536 ὀὐκ
751 5469 908 5554 ἔχων,
943 5486 1058 5539 οὐδὲ
1093 5470 1352 5558 στάσιμον
1381 5469 1513 5559 ἔχει,
1544 5489 1630 5542 ἵνα
1655 5491 1719 5559 τῇ
1755 5488 1852 5559 μὲν
1873 5469 1926 5539 (λ

1954 5493 2214 5548 mutabile
2242 5491 2751 5552 animadvertentes,
2785 5497 2978 5544 natura
3010 5491 3111 5544 hoc
3135 5490 3184 5543 ei
3217 5488 3515 5549 tribuente,

1953 5586 2096 5640 idem
2116 5590 2238 5656 'pro
2269 5584 2379 5639 Deo
2425 5584 2686 5640 colerent.
2741 5581 2859 5636 Non
2891 5583 3036 5636 enim
3070 5594 3200 5636 vero
3229 5588 3516 5633 consenta-

1953 5692 2114 5732 neum
2150 5675 2319 5730 videri
2357 5683 2535 5746 potest
2565 5675 2616 5730 ei
2650 5675 2728 5728 rei
2773 5673 3114 5730 divinitatem
3160 5672 3364 5732 inesse,
3396 5684 3520 5739 qua:

1954 5784 2042 5823 res
2073 5768 2154 5823 vel
2203 5767 2372 5822 motui
2401 5767 2484 5821 vel
2534 5765 2822 5820 mutationi
2871 5765 3107 5818 obnoxia
3167 5762 3260 5818 sit.
3306 5763 3518 5816 lacirco

1957 5871 2153 5915 terram
2189 5859 2405 5930 quidem
2440 5860 2651 5912 firmam
2683 5872 2806 5914 esse
2853 5855 3120 5925 videmus,
3153 5865 3209 5910 at
3257 5855 3514 5911 mutatio-
