4054 6544
549 363 651 420 151

1755 350 1812 404 S.
1845 345 2175 404 GItEGORII
2210 343 2506 401 NYSSENI

3696 348 3808 404 132

553 477 714 530 uibus
759 468 1069 525 obnoxiam.
1123 466 1334 521 Caelum
1387 473 1600 533 contra,
1637 479 1761 520 cum
1817 467 1887 520 sit
1936 466 2116 520 onmis

2226 477 2312 533 σῃ.
2355 459 2648 531 Οὐδέτερον
2680 457 2786 531 γὰρ
2834 460 2901 514 ἂν
2937 458 3161 523 τούτων,
3210 458 3390 524 καθὼς
3433 461 3666 533 εἴρηται,
3701 463 3806 532 τῆς

549 580 747 635 expers
775 559 1116 620 mutationis.
1145 573 1428 626 nunquam
1457 557 1712 627 quiescit.
1741 556 1926 612 Voluit
1958 557 2120 612 nimi-

549 673 671 712 rum
708 655 870 718 Deus,
916 667 1040 706 cum
1092 649 1356 704 immobili
1411 657 1619 704 naturae
1672 649 2119 714 mutabilitatem,

550 754 855 813 contraque
882 740 1269 796 mutabilitatis
1292 741 1504 810 experti
1538 747 1745 795 motum
1777 741 2119 812 adiungeret,

552 847 844 904 utramque
877 834 1024 887 inter
1059 848 1117 888 se
1142 847 1240 902 per
1275 833 1415 886 hanc
1469 834 1861 903 proprietatum
1904 849 2124 903 permu-

551 932 835 994 tationem,
864 927 1100 997 quadam
1151 927 1310 996 quasi
1366 927 1691 997 cognatione
1718 926 2012 989 devincire,
2043 934 2124 980 at-

549 1038 657 1092 que
689 1020 850 1076 etiam
884 1019 1150 1090 impedire
1185 1019 1480 1088 quominus
1515 1020 1699 1074 inesse
1730 1035 1933 1074 numen
1972 1020 2125 1074 hisce

549 1115 714 1170 rebus
741 1112 1172 1168 existimaretur.
1208 1110 1368 1177 Nam,
1401 1113 1482 1165 uti
1528 1113 1691 1168 modo
1724 1114 2034 1182 expositum
2091 1128 2122 1168 a

549 1202 712 1257 nobis
746 1209 852 1260 est.
883 1217 1065 1271 neque
1094 1217 1183 1256 res
1229 1202 1428 1271 quietis
1461 1203 1640 1258 omnis
1681 1218 1898 1273 expers.
1948 1219 2125 1273 neque

551 1295 679 1350 item
708 1309 771 1346 ea
803 1309 926 1363 qua:
961 1293 1254 1347 mutationi
1286 1293 1524 1347 obnoxia
1556 1304 1661 1357 est,
1694 1293 1897 1350 habere
1925 1294 2126 1349 divini.

553 1387 684 1441 tatis
738 1384 947 1454 aliquid
997 1385 1212 1438 censeri
1263 1391 1463 1453 potest.
1523 1386 1701 1455 Atque
1751 1386 1855 1440 hoc
1905 1387 2124 1456 quidem

551 1477 715 1531 modo
734 1491 824 1531 res
855 1476 1123 1531 universae
1144 1475 1536 1545 perfectionem
1562 1491 1718 1533 suam
1746 1479 1955 1549 adeptae
1977 1491 2122 1537 sunt.

554 1569 645 1623 Sic
665 1569 808 1623 enim
836 1567 1018 1622 Moses
1049 1569 1291 1637 loquitur
1315 1586 1328 1622 :
1359 1568 1717 1640 Perfectaque
1747 1579 1875 1626 sunt
1899 1574 2125 1637 cmlum,

551 1671 719 1724 terra,
746 1670 798 1716 et
826 1677 914 1716 res
947 1676 1135 1716 eorum
1172 1661 1226 1714 in
1259 1659 1438 1717 medio
1470 1663 1881 1733 comprehensa:
1911 1681 2124 1732 omnes,

552 1768 618 1808 ac
650 1751 1058 1824 pulchritudine
1090 1753 1321 1822 singulis
1363 1756 1719 1832 conveniente
1766 1767 1964 1812 cuneta
1998 1766 2126 1813 sunt
2160 1765 2188 1832 ,ξ

551 1853 814 1901 exornata
845 1863 858 1899 :
893 1845 1094 1900 coelum
1126 1847 1347 1916 quidem
1394 1848 1700 1903 lucidorum
1731 1850 1970 1906 siderum
2015 1851 2125 1905 ful-

552 1951 722 2011 gore,
784 1954 935 1993 mare
1002 1954 1132 1993 vero
1193 1948 1246 1994 et
1307 1955 1400 1993 aer
1473 1941 1806 1998 animalibus
1885 1943 2128 1998 natando

554 2032 896 2100 volandoque
933 2040 1229 2101 utrumque
1251 2034 1686 2102 permeantibus,
1712 2043 1859 2089 terra
1891 2035 2128 2105 denique

551 2124 734 2178 omnis
791 2123 1009 2192 generis
1063 2124 1376 2192 plantarum
1433 2139 1497 2178 ac
1556 2132 1746 2195 pastus
1818 2126 2124 2190 varietate,

552 2216 737 2269 omnia
801 2215 992 2269 istbam
1065 2214 1281 2269 abunde
1338 2214 1526 2270 eodem
1604 2216 1760 2284 quasi
1850 2225 2172 2286 momento,

553 2307 793 2376 pariens.
844 2306 1075 2375 benigna
1124 2305 1213 2359 Dei
1249 2306 1533 2360 voluntate
1570 2306 1712 2361 vires
1754 2306 1874 2375 ejus
1927 2307 2128 2360 contir-

557 2403 760 2451 mante.
792 2393 980 2466 Itaque
1012 2412 1193 2451 rerum
1224 2397 1272 2452 ei
1301 2397 1793 2467 pulcherrimarum
1823 2399 1979 2467 copia
2017 2414 2125 2452 non

555 2489 762 2552 deerat,
795 2502 920 2541 cum
954 2496 1007 2540 et
1058 2488 1219 2542 flores
1263 2497 1316 2542 et
1361 2487 1572 2542 fructus
1619 2505 1725 2542 una
1778 2491 2126 2559 produceret.

557 2577 685 2632 Erat
709 2586 763 2632 et
809 2578 862 2631 in
910 2579 1081 2646 pratis
1125 2593 1310 2632 earum
1363 2595 1542 2632 rerum
1571 2581 1752 2649 copia,
1799 2597 1920 2650 qua:
1951 2596 2038 2634 res
2070 2583 2126 2635 in

555 2669 635 2723 eis
691 2669 1037 2738 proveniunt.
1087 2666 1353 2722 Praeterea
1389 2683 1552 2736 rupes
1607 2668 1804 2731 editas,
1833 2670 2128 2724 montium-

555 2777 662 2830 que
688 2760 964 2824 vertices,
1021 2768 1074 2814 et
1128 2760 1246 2813 loca
1305 2760 1360 2813 in
1418 2761 1506 2815 bis
1565 2762 1649 2814 vel
1704 2762 1872 2816 latera
1935 2777 2127 2817 versus

556 2851 808 2915 declivia,
856 2852 940 2906 vel
987 2852 1225 2921 supina;
1291 2852 1440 2920 ipsas
1469 2852 1705 2922 denique
1769 2853 1938 2908 valles
2010 2862 2128 2907 erat.

555 2957 780 2998 cernere
811 2942 1196 2996 venustissime
1219 2942 1494 2997 redimitas
1532 2942 1714 2997 herbis
1745 2950 1859 2997 tum
1892 2945 2127 3014 primum

557 3030 732 3089 natis.
765 3031 1133 3100 arborumque
1159 3030 1311 3084 varia
1358 3031 1627 3100 elegantia
1660 3051 1673 3086 :
1727 3047 1850 3101 quae
1911 3033 2128 3088 tametsi

2223 551 2495 622 θειοτέρας
2527 552 2744 621 φύσεως
2771 551 3054 623 νομισθείη
3074 568 3086 580 ·
3129 551 3251 604 οὕτε
3294 551 3356 604 τὸ
3398 551 3645 617 ἄστατον,
3672 552 3804 607 οὔτε

2220 643 2282 696 τὺ
2307 643 2702 714 ἀλλοιούμενον.
2735 644 2872 715 Ἤδη
2907 644 3083 696 τοίνυν
3112 642 3181 695 τὰ
3211 643 3387 696 πάντα
3417 643 3553 714 πρὸς
3582 647 3641 698 τὸ
3668 647 3805 700 ἴδιον

2222 734 2425 804 ἔφθασε
2457 735 2625 798 τέλος.
2674 735 3032 805 Συνετελέσθη
3067 735 3194 806 γὰρ,
3241 734 3421 798 καθώς
3464 752 3594 806 φησι
3633 739 3805 791 Μωῦ-

2181 848 2192 856 ο
2225 829 2344 898 σῆς,
2383 828 2412 880 ὃ
2435 846 2493 880 τε
2522 829 2750 899 οὐρανὸς
2784 830 2932 900 καὶὴ
2964 830 3036 898 γῆ
3067 830 3160 882 καὶ
3189 828 3256 882 τὰ
3279 828 3365 882 διὰ
3401 829 3566 898 μέσου
3599 831 3802 891 πάντα.

2223 921 2317 973 καὶ
2350 917 2426 989 τῷ
2453 920 2770 992 καταλλήλῳ
2790 921 2972 975 κάλλει
2997 922 3061 975 τὰ
3083 921 3416 976 καθέκαστον
3442 920 3802 993 διεκοσμήθη’

2223 1013 2252 1064 6
2284 1011 2509 1084 οὐρανὸς
2545 1012 2642 1082 μὲν
2671 1016 2792 1076 ταῖς
2825 1013 2934 1066 τῶν
2968 1015 3267 1086 φωστήρων
3311 1014 3523 1082 αὐγαῖς,
3565 1012 3807 1066 θάλαττα

2224 1103 2282 1157 δὲ
2320 1105 2412 1158 xui.
2453 1103 2560 1176 ἀὴρ
2585 1107 2696 1167 τοῖς
2727 1109 2940 1176 νηκτοῖς
2975 1124 3035 1160 τε
3071 1108 3164 1160 καὶ
3192 1106 3453 1177 ἐναερίοις
3489 1105 3594 1158 τῶν
3623 1103 3805 1169 ζώων,

2226 1197 2297 1266 γῆ
2328 1196 2384 1250 δὲ
2405 1200 2526 1259 ταῖς
2556 1181 2833 1261 παντοίαὶς
2863 1199 2971 1252 τῶν
2997 1199 3176 1268 φυτῶν
3207 1217 3266 1251 τε
3307 1198 3401 1252 καὶ
3441 1197 3807 1268 βοσκημάτων

2225 1287 2527 1359 διαφοραῖς,
2560 1288 2702 1360 ἅπερ
2734 1289 2941 1360 ἀθρόως
2972 1291 3184 1344 ᾶπαντα
3225 1290 3350 1360 θείῳ
3379 1289 3675 1360 βουλήματι
3708 1291 3805 1344 δυ-

2227 1381 2534 1452 ναμωθεῖσα
2572 1381 2708 1434 κατὰ
2743 1383 2936 1436 ταύτὸν
2979 1383 3288 1452 ἀπεκύησε.,
3313 1384 3421 1436 Καὶ
3459 1382 3667 1454 πλήρης
3703 1381 3808 1453 μὲν

2225 1468 2292 1545 ἦν
2319 1475 2428 1527 τῶν
2456 1475 2670 1544 ὡραίων
2699 1478 2732 1546 ή
2763 1476 2856 1545 γῆ,
2892 1474 3026 1546 ὁμοῦ
3057 1477 3166 1538 τοῖς
3196 1475 3378 1530 ἄνθεσι
3408 1475 3531 1538 τοὺς
3559 1475 3810 1546 καρποὺς

2227 1565 2638 1636 ὲκὸλαστήσασα
2657 1582 2672 1597 ·
2703 1567 2931 1637 πλήρεις
2955 1567 3010 1620 δὲ
3033 1569 3080 1620 οἱ
3105 1567 3363 1638 λειμῶνες
3388 1567 3516 1631 τῶν,
3548 1568 3647 1620 ὅσα
3677 1567 3809 1632 τοὺς

2227 1655 2494 1726 λειμῶνας
2519 1656 2826 1728 ἐπέρχεται.
2859 1659 3036 1712 Πᾶσαι
3066 1676 3122 1710 τε
3151 1659 3332 1729 ραχίαι
3361 1658 3454 1712 καὶ
3482 1657 3804 1731 ἁκρώρειαι,

2227 1751 2320 1803 καὶ
2365 1753 2471 1804 πᾶν
2533 1752 2654 1804 ὅσον
2693 1751 2919 1820 πλάγιόν
2959 1769 3017 1804 τε
3062 1752 3156 1805 καὶ
3204 1751 3411 1816 ὕπτιον,
3443 1752 3534 1805 καὶ
3582 1753 3705 1805 ὅσον
3747 1751 3808 1804 ὲν

2228 1842 2444 1906 κοίλοις,
2470 1846 2534 1913 τῇ
2570 1843 2808 1896 νεοθαλεῖ
2832 1844 2938 1915 πόᾳ
2966 1844 3059 1897 καὶ
3087 1847 3152 1915 τῇ
3189 1844 3404 1915 ποικίλῃ
3445 1845 3552 1898 τῶν
3573 1844 3808 1915 δένδρων

2228 1931 2346 2004 ὥρᾳ
2393 1936 2854 2002 κατεστεφανωτο,
2902 1935 3024 2006 ἄρτι
3061 1935 3158 2005 μὲν
3195 1937 3294 2006 τῆς
3321 1936 3426 2005 γῆς
3457 1936 3804 2008 ἀνισχόντων,

2228 2023 2387 2086 εὐθὺς
2411 2023 2466 2076 δὲ
2493 2025 2628 2095 πρὸς
2653 2025 2713 2078 τὺ
2743 2025 2944 2078 τέλειον
2971 2027 3162 2090 κάλλος
3191 2027 3626 2098 ἀναδραμόντων.
3661 2029 3808 2097 Ἐγε-

2229 2114 2386 2184 γήθει
2431 2114 2487 2167 δὲ
2537 2114 2712 2169 πάντα
2760 2117 2898 2170 κατὰ
2947 2117 3008 2170 τὸ
3060 2119 3233 2182 εἰκὸς.
3290 2121 3384 2172 καὶ⁸
3428 2119 3705 2191 διεσκίρτα
3738 2121 3810 2175 τὰ

2228 2207 2304 2276 τῷ
2333 2208 2706 2278 προστάγματι
2749 2208 2842 2262 τοῦ
2884 2210 3015 2263 Θεοῦ
3046 2211 3446 2282 ζωογονηθέντα
3484 2212 3634 2282 βοτὰ,
3675 2213 3812 2267 κατ’

2228 2299 2426 2366 ἀγέλας
2454 2317 2513 2352 τε
2544 2300 2637 2354 καὶ
2669 2303 2806 2354 κατὰ
2838 2304 2968 2372 γένη
3014 2307 3133 2367 ταῖς
3175 2305 3402 2374 λόχμαις
3446 2305 3808 2360 ὲνδιαθέοντα.

2229 2391 2360 2452 Ταῖς
2385 2391 2439 2444 δὲ
2462 2393 2568 2445 τῶν
2597 2394 2868 2463 μουσικῶν
2895 2396 3120 2467 ὀρνίθων
3153 2396 3316 2466 ᾠδαῖς
3346 2399 3628 2470 ἀπανταχῆ
3656 2416 3814 2470 περι-

2227 2484 2408 2552 ηχεῖτο
2447 2485 2574 2545 πᾶν,
2617 2485 2740 2538 ὅσον
2787 2488 3094 2556 κατηρεφές
3140 2504 3197 2539 τε
3233 2488 3326 2540 καὶ
3359 2489 3595 2542 σύσκιον.
3630 2492 3703 2543 Ἥ
3747 2507 3811 2543 τε

2229 2575 2368 2626 κατᾶ
2394 2574 2658 2628 θάλατταν
2697 2576 2837 2646 ὄψις,
2872 2579 2946 2642 ὼς
2978 2579 3142 2644 εἰκὸς,
3179 2580 3310 2650 ἄλλη
3348 2581 3569 2652 τοιαύτη
3607 2599 3691 2646 τις
3717 2577 3812 2654 ἦν,

2230 2664 2352 2736 ἄρτι
2378 2665 2515 2737 πρὸς
2543 2667 2769 2738 ἡσυχίαν
2805 2686 2865 2722 τε
2912 2672 3002 2725 καὶ
3037 2672 3274 2744 γαλήνην
3309 2674 3368 2726 ἐν
3406 2677 3525 2737 ταῖς
3564 2692 3815 2743 συναγωο

2229 2761 2353 2820 γαῖς
2399 2758 2507 2811 τῶν
2556 2759 2750 2812 κοίλων
2793 2762 3196 2834 καθισταμένη,
3241 2765 3362 2818 καθ’
3401 2767 3467 2838 ἣν
3508 2767 3665 2840 ὅρμοι
3716 2769 3814 2822 καὶ

2229 2850 2444 2921 λιμένες
2473 2850 2592 2923 θείᾳ
2625 2853 2870 2924 βουλήσει
2911 2858 3030 2920 ταῖς
3059 2858 3250 2920 ἀκταῖς
3279 2859 3596 2930 αὐτομάτως
3626 2861 3811 2928 ἐγκοι-

2230 2941 2531 3006 λανθέντες,
2589 2946 2970 3017 προσημέρουν
3017 2951 3082 3019 τῇ
3117 2950 3330 3021 ἠπείρῳ
3379 2950 3477 3022 τὴν
3519 2951 3810 3010 θάλατταν.

2232 3029 2300 3080 Αἵ
2329 3046 2388 3081 τε
2427 3031 2686 3100 ήρεμαῖαι
2744 3034 2853 3087 τῶν
2900 3037 3159 3107 κυμάτων
3206 3041 3446 3106 κινήσεις
3499 3041 3576 3110 τῷ
3624 3042 3812 3097 κάλλει

557 3135 750 3176 recens
782 3136 813 3175 e
862 3129 1004 3174 terra
1036 3129 1223 3175 essent
1265 3128 1490 3183 exortae,
1536 3120 1798 3175 continuo
1844 3129 2026 3175 tamen
2060 3121 2126 3175 ad

2232 3120 2339 3173 τῶν
2381 3122 2658 3192 λειμώνων
2692 3125 3104 3197 ἀνθωραῖζοντο,
3150 3131 3254 3185 ὑπὸ
3286 3132 3507 3198 λεπταῖς
3542 3134 3633 3186 καὶ
3665 3135 3814 3206 ἀπή-

559 3207 1019 3282 pulchritudinem
1051 3208 1306 3263 eximiam
1339 3218 1714 3265 excreverant.
1751 3210 1929 3280 Atque
1978 3209 2128 3264 haud

559 3303 726 3360 dubie
801 3304 1057 3358 universa
1148 3309 1264 3356 tum
1353 3309 1642 3364 armenta,
1721 3303 1924 3372 quibus
1991 3313 2130 3357 nutu

558 3407 659 3448 suo
697 3390 841 3448 Deus
874 3392 1039 3449 vitam
1065 3391 1294 3462 largitus
1318 3404 1468 3458 erat,
1515 3391 1776 3460 singulari
1852 3392 2130 3462 voluptate

559 3483 752 3539 affecta
799 3482 1198 3549 exsultabant,
1258 3483 1633 3553 gregatimque
1687 3499 1808 3539 cum
1860 3484 1983 3539 aliis
2043 3483 2126 3538 sui

2240 3229 2392 3282 μοσιν
2434 3213 2628 3286 αὓραις
2672 3221 2790 3270 κατ’
2824 3219 2997 3291 ἄκραν
3039 3223 3136 3293 τὴν
3175 3224 3492 3294 ἐπιφάνειαν
3519 3227 3815 3300 γλαφυρῶς

2237 3304 2671 3375 ἐπιφρίσσουσαι.
2709 3309 2819 3362 Καὶ
2854 3309 2999 3374 ἅπας
3034 3315 3063 3365 6
3101 3315 3239 3368 κατὰ
3289 3317 3385 3386 τὴν
3430 3316 3605 3371 κτίσιν
3646 3319 3813 3372 πλοῦ-

2234 3412 2344 3458 τος,
2370 3396 2511 3450 κατὰ
2549 3398 2652 3468 γῆν
2688 3416 2747 3451 τε
2783 3402 2876 3455 καὶ
2925 3402 3192 3461 θάλατταν
3236 3407 3452 3478 ἕτοιμος
3493 3405 3581 3481 ἦν,
3618 3410 3734 3464 ἀλλ’
3781 3411 3813 3464 6

2237 3486 2475 3557 μετέχων
2505 3489 2602 3542 οὐκ
2628 3485 2718 3562 ἦν.

558 3573 775 3642 generis
821 3589 918 3643 per
973 3574 1138 3630 silvas
1189 3575 1619 3645 obvagabantur.
1673 3575 1980 3631 Accedebat
2031 3571 2218 3654 avium'
2252 3580 2582 3636 musicarum
2637 3595 2956 3651 concentus,
3004 3605 3112 3659 quo
3156 3592 3274 3646 loca
3325 3598 3526 3664 passim
3577 3604 3716 3652 tecta
3756 3609 3814 3654 et

559 3677 728 3731 opaca
781 3663 1166 3733 personabant.
1223 3663 1414 3720 Fuisse
1467 3675 1521 3720 et
1571 3667 1735 3721 maris
1787 3675 2064 3738 aspectum
2115 3679 2541 3728 consentaneum
2588 3686 2671 3730 est
2717 3677 3027 3746 bujusmodi
3085 3663 3405 3753 quemdam,
3452 3701 3511 3741 ut
3557 3688 3685 3743 illud
3740 3691 3809 3746 ad

560 3754 798 3820 quietem
847 3757 1405 3827 tranquillitatemque
1453 3759 1814 3828 compositum
1861 3771 2043 3824 esset,
2102 3761 2170 3816 iis
2210 3765 2480 3834 prrecipue
2538 3767 2593 3821 in
2638 3768 2793 3836 locis,
2828 3771 2884 3825 in
2914 3774 3114 3843 quibus
3147 3780 3371 3832 concavi
3404 3781 3621 3850 quidam
3654 3783 3812 3840 sinus

563 3845 873 3914 frequentes
914 3855 1109 3912 erant;
1162 3857 1462 3919 portusque
1515 3859 1570 3906 et
1625 3852 1889 3907 stationes
1939 3855 2165 3907 marinae
2211 3865 2404 3923 sponte
2438 3873 2536 3911 sua
2568 3874 2635 3915 ex
2668 3861 2761 3916 Dei
2812 3874 2947 3919 nutu
2999 3866 3273 3923 littoribus
3311 3845 3608 3942 impressae,
3660 3890 3814 3931 mare

560 3939 716 4010 quasi
765 3939 1199 4040 mansuefactum
1258 3945 1560 3999 continenti
1624 3954 1785 4000 terrae
1841 3947 2160 4018 iungebant.
2221 3949 2327 4020 Ipsi
2385 3951 2644 4009 ﬂuctuum
2705 3967 2886 4015 motus
2940 3977 3200 4033 perquam
3260 3939 3470 4033 sedati,
3527 3980 3813 4040 pratorum

561 4033 834 4088 venustati
889 4035 1330 4104 respondebant,
1406 4037 1612 4093 teneris
1676 4047 1728 4092 et
1777 4038 2017 4096 innoxiis
2064 4040 2214 4096 auris
2270 4056 2366 4098 eos
2425 4055 2664 4102 extrema
2726 4051 2779 4104 in
2846 4055 3134 4124 superficie
3198 4057 3388 4112 leviter
3449 4033 3810 4133 eri-gentibus.

561 4123 800 4194 Denique
854 4125 1143 4182 universus
1193 4135 1502 4183 creatorum
1556 4128 1848 4187 thesaurus
1907 4129 2014 4185 ‘am
2049 4137 2194 4186 terra
2241 4135 2487 4192 marioue
2520 4147 2742 4206 paratus
2778 4123 2929 4208 erat,
2954 4161 3078 4200 cum
3115 4149 3162 4205 is
3197 4151 3373 4205 solum
3407 4123 3816 4214 desideraretur

560 4215 653 4285 qui
683 4229 750 4269 eo
785 4214 886 4269 frui
913 4225 1117 4286 posset.

1181 4377 1408 4436 CAPUT
1450 4381 1510 4436 II.

2769 4396 3164 4453 ΚΕΦΑΛΑΙΟΝ
3202 4401 3273 4454 B'.

565 4487 918 4554 Quamobrem
952 4491 1143 4588 creatis
1177 4495 1328 4548 rebus
1363 4497 1603 4588 frueris,
1631 4498 1848 4552 ultimus
1893 4499 2124 4551 omnium

2237 4503 2338 4555 Δια
2370 4502 2429 4555 τί
2461 4502 2606 4573 μετὰ
2644 4505 2759 4576 τὴν
2790 4492 2991 4566 κτίσιν
3021 4516 3356 4583 τελευταῖος
3400 4520 3433 4571 ό
3481 4519 3814 4588 ἄνθρωπος.

1070 4563 1222 4617 homo
1258 4567 1498 4622 conditus
1534 4569 1624 4622 sit.

635 4690 884 4747 Nondum
912 4693 1169 4750 eximium
1195 4697 1326 4752 illud
1352 4708 1405 4754 et
1427 4702 1645 4754 maximi
1678 4703 1836 4771 pretii
1863 4712 2128 4769 creatum,

2303 4703 2468 4758 Οῦπω
2515 4705 2622 4779 γὰρ
2661 4709 2721 4763 τὸ
2750 4711 2890 4781 μέγα
2925 4715 3081 4768 τοῦτο
3119 4716 3210 4770 καὶ
3234 4718 3410 4789 τίμιον
3447 4723 3632 4793 χρῆμα
3662 4727 3690 4778 ὁ
3719 4725 3819 4778 ἄν-

571 4787 717 4858 quod
753 4789 1032 4846 hominem
1065 4793 1322 4862 dicimus,
1351 4797 1404 4851 in
1433 4797 1538 4853 hoc
1571 4799 1944 4855 universitatis
1969 4814 2130 4854 orna-

2235 4801 2448 4898 θρωπος
2471 4799 2548 4875 τῷ
2575 4807 2763 4880 κόσμῳ
2789 4810 2897 4865 τῶν
2924 4811 3091 4867 ὄντων
3119 4784 3509 4888 ἐπεχωρίαζεν..
3540 4784 3675 4875 δύδὲ
3702 4824 3818 4898 γὰρ

567 4885 792 4940 tissimo
845 4886 1126 4945 domicilio
1176 4893 1517 4950 versabatur.
1581 4894 1789 4965 Quippe
1841 4906 2152 4956 consentas

567 4995 731 5035 neum
760 4996 869 5037 non
893 4993 1032 5048 erat,
1063 4986 1456 5057 imperatorem
1475 4991 1740 5047 exsistere
1768 4993 1940 5062 prius,
1967 5009 2131 5063 quam

565 5091 684 5138 eos,
709 5076 910 5146 quibus
933 5089 1076 5137 esset
1098 5099 1222 5137 cum
1246 5093 1520 5156 potestate
1542 5087 1893 5156 praefuturus.
1918 5088 2137 5160 Praepa-

567 5179 691 5226 rato
735 5173 996 5230 nimirum
1056 5188 1184 5235 ante
1234 5183 1418 5237 omnia
1462 5183 1715 5254 imperio,
1772 5195 1883 5239 tum
1941 5185 2137 5242 deinde

567 5269 876 5338 proximum
908 5282 1028 5329 erat
1063 5293 1245 5350 regem
1275 5279 1576 5350 designari.
1617 5279 1830 5336 Idcirco
1866 5284 2139 5340 universi-

567 5367 698 5423 tatis
753 5368 919 5439 bujus
975 5385 1232 5444 creator,
1285 5377 1336 5432 ei
1392 5377 1485 5448 qui
1547 5381 1914 5450 imperaturus
1974 5392 2134 5446 erat,

577 5463 860 5530 quamdam
886 5468 1070 5525 sedem
1099 5473 1303 5542 regiam
1332 5478 1668 5545 praestruxit.
1701 5477 1776 5533 Ea
1830 5495 1960 5536 vero
1992 5491 2138 5538 terra

566 5570 706 5626 erat,
741 5570 798 5616 et
827 5562 1039 5630 insulae,
1074 5575 1128 5620 et
1159 5582 1331 5632 mare,
1354 5578 1409 5625 et
1432 5570 1609 5642 ipsum
1641 5575 1863 5642 caelum,
1891 5593 2000 5648 quo
2025 5579 2138 5635 haec

569 5655 748 5710 omnia
777 5664 1037 5729 tanquam
1071 5669 1211 5718 tecto
1239 5677 1715 5724 concamerantur.
1745 5669 1922 5743 Atque
1954 5674 2041 5730 his
2081 5675 2136 5731 in

572 5750 789 5818 palatiis
813 5757 994 5814 omnis
1047 5761 1264 5829 generis
1307 5778 1437 5835 opes
1489 5767 1724 5824 conditae
1755 5780 1906 5828 sunt.
1959 5771 2134 5844 Opum

2203 4919 2206 4922 ’
2234 4893 2301 4968 ἦν
2333 4899 2477 4964 εἰκὸς
2508 4901 2597 4954 τὸν
2631 4903 2864 4976 ἄρχοντα
2889 4909 2995 4980 πρὸ
3041 4910 3149 4963 τῶν
3185 4912 3500 4983 ἀρχομένων
3531 4893 3817 4989 ἀναφανῆλ

2237 5011 2343 5059 ναι,
2365 4995 2498 5050 ἀλλὰ
2527 4999 2622 5069 τῆς
2659 5001 2834 5072 ἀρχῆς
2877 5005 3142 5076 πρότερον
3194 5009 3640 5083 ἐτοιμασθείσης,
3682 5015 3820 5068 6x6-

2237 5093 2422 5147 λουθον
2473 5091 2541 5166 ἦν
2601 5099 2979 5172 ἀναδειχθῆναι
3030 5103 3120 5157 τὸν
3185 5105 3565 5175 βασιλεύοντα,
3625 5111 3817 5184 ἐπειδὴ

2151 5257 2168 5275 .
2236 5192 2411 5249 τοίνυν
2445 5192 2556 5249 οἷόν
2603 5214 2726 5252 τινα
2763 5199 3030 5270 βασίλειον
3080 5207 3408 5278 καταγωγὴν
3451 5206 3528 5278 τῷ
3567 5208 3820 5278 μέλλοντι

2241 5289 2538 5360 βασιλεύειν
2581 5294 2610 5347 6
2655 5296 2748 5350 τοῦ
2805 5300 3005 5363 παντὸς
3058 5303 3315 5373 ποιητὴς
3358 5307 3815 5378 προηυτρέπισεν.

2239 5388 2384 5460 Αὕτη
2410 5391 2466 5444 δὲ
2488 5386 2556 5462 ἦν
2578 5393 2649 5463 γῆ
2673 5410 2730 5446 τε
2755 5396 2846 5448 καὶ
2863 5397 3033 5467 νῆσοι,
3064 5399 3157 5452 καὶ
3181 5399 3438 5467 θάλαττα,
3467 5403 3558 5456 καὶ
3589 5404 3819 5475 οὐρανὸς

2239 5484 2378 5556 ὑπὲρ
2397 5486 2599 5539 τούτων
2613 5488 2810 5558 ὀρόφου
2827 5490 2981 5563 δίκην
3002 5495 3293 5567 ὲπικυρτού
3301 5514 3458 5568 μενος
3474 5515 3486 5530 ο
3515 5499 3742 5563 πλοῦτος
3757 5501 3818 5554 δὲ

2241 5584 2577 5649 παντοδαπὸς
2607 5590 2720 5651 τοῖς
2755 5587 3041 5658 βασιλείοις
3071 5594 3276 5660 τούτοις
3297 5597 3612 5670 ἐναπετέθη.
3652 5598 3817 5652 Πλοῦδ

2238 5699 2330 5735 τον
2349 5681 2405 5736 δὲ
2427 5682 2568 5752 λέγω
2583 5685 2766 5739 πᾶσαν
2799 5688 2898 5760 τὴν
2920 5691 3114 5758 κτίσιν,
3131 5693 3251 5747 ὅσον
3287 5695 3344 5749 ὲν
3375 5698 3560 5764 φυτοῖς
3576 5695 3669 5749 καὶ
3696 5695 3798 5765 βλα

2243 5780 2499 5851 στήμασι,
2513 5781 2604 5836 καὶ
2626 5782 2749 5839 ὅσον
2764 5785 3076 5857 αἰσθητικόν
3092 5807 3148 5843 τε
3167 5789 3260 5868 καὶ
3276 5789 3513 5864 ἔμπνουν
3531 5792 3624 5847 καὶ
3639 5791 3813 5863 ἐμψυ-
