  <div class='ocr_page' id='page_1' title='image "/cluster/home/n/w/nwhite01/storage/ocr_20150623/44/hvd.32044012542270/076.png"; bbox 0 0 4110 6488; ppageno 0'>
   <div class='ocr_carea' id='block_1_1' title="bbox 271 378 385 436">
    <p class='ocr_par' dir='ltr' id='par_1_1' title="bbox 271 378 385 436">
     <span class='ocr_line' id='line_1_1' title="bbox 271 378 385 436; baseline -0.026 0"><span class='ocrx_word' id='word_1_1' title='bbox 271 378 385 436; x_wconf 71' lang='grc' dir='ltr'><strong>ηδ</strong></span> 
     </span>
    </p>
   </div>
   <div class='ocr_carea' id='block_1_2' title="bbox 1496 357 2259 420">
    <p class='ocr_par' dir='ltr' id='par_1_2' title="bbox 1496 357 2259 420">
     <span class='ocr_line' id='line_1_2' title="bbox 1496 357 2259 420; baseline -0.01 0"><span class='ocrx_word' id='word_1_2' title='bbox 1496 365 1585 420; x_wconf 86' lang='lat' dir='ltr'><strong>DE</strong></span> <span class='ocrx_word' id='word_1_3' title='bbox 1624 361 1910 419; x_wconf 81' lang='lat' dir='ltr'><strong>HOMINIS</strong></span> <span class='ocrx_word' id='word_1_4' title='bbox 1949 357 2259 417; x_wconf 85' lang='lat' dir='ltr'><strong>OPIFICIO.</strong></span> 
     </span>
    </p>
   </div>
   <div class='ocr_carea' id='block_1_3' title="bbox 3403 346 3510 401">
    <p class='ocr_par' dir='ltr' id='par_1_3' title="bbox 3403 346 3510 401">
     <span class='ocr_line' id='line_1_3' title="bbox 3403 346 3510 401; baseline 0 0"><span class='ocrx_word' id='word_1_5' title='bbox 3403 346 3510 401; x_wconf 68' lang='grc'><strong>1³56</strong></span> 
     </span>
    </p>
   </div>
   <div class='ocr_carea' id='block_1_4' title="bbox 268 463 1870 565">
    <p class='ocr_par' dir='ltr' id='par_1_4' title="bbox 268 479 1841 565">
     <span class='ocr_line' id='line_1_4' title="bbox 268 479 1841 565; baseline -0.008 -19"><span class='ocrx_word' id='word_1_6' title='bbox 268 510 385 565; x_wconf 80' lang='grc' dir='ltr'>χον.</span> <span class='ocrx_word' id='word_1_7' title='bbox 420 492 483 545; x_wconf 80' lang='lat' dir='ltr'><strong>Ei</strong></span> <span class='ocrx_word' id='word_1_8' title='bbox 503 491 559 545; x_wconf 76' lang='grc' dir='ltr'>δὲ</span> <span class='ocrx_word' id='word_1_9' title='bbox 590 488 696 560; x_wconf 79' lang='grc' dir='ltr'><strong>χρὴ</strong></span> <span class='ocrx_word' id='word_1_10' title='bbox 726 485 820 538; x_wconf 70' lang='grc' dir='ltr'>καὶ</span> <span class='ocrx_word' id='word_1_11' title='bbox 848 484 947 548; x_wconf 82' lang='grc' dir='ltr'>τὰς</span> <span class='ocrx_word' id='word_1_12' title='bbox 973 483 1103 547; x_wconf 79' lang='grc' dir='ltr'>ὕλας</span> <span class='ocrx_word' id='word_1_13' title='bbox 1140 481 1221 546; x_wconf 85' lang='grc' dir='ltr'><strong>είς</strong></span> <span class='ocrx_word' id='word_1_14' title='bbox 1248 480 1475 536; x_wconf 79' lang='grc' dir='ltr'>πλοῦτον</span> <span class='ocrx_word' id='word_1_15' title='bbox 1499 479 1841 551; x_wconf 70' lang='grc' dir='ltr'>καταριθμή-</span> 
     </span>
    </p>
   </div>
   <div class='ocr_carea' id='block_1_5' title="bbox 1954 463 3509 565">
    <p class='ocr_par' dir='ltr' id='par_1_5' title="bbox 1954 463 3509 534">
     <span class='ocr_line' id='line_1_5' title="bbox 1954 463 3509 534; baseline -0.006 -7"><span class='ocrx_word' id='word_1_16' title='bbox 1954 489 2075 531; x_wconf 81' lang='lat' dir='ltr'><strong>vero</strong></span> <span class='ocrx_word' id='word_1_17' title='bbox 2104 473 2323 527; x_wconf 86' lang='lat' dir='ltr'><strong>nomine</strong></span> <span class='ocrx_word' id='word_1_18' title='bbox 2353 474 2533 524; x_wconf 88' lang='lat' dir='ltr'><strong>creata</strong></span> <span class='ocrx_word' id='word_1_19' title='bbox 2570 467 2826 520; x_wconf 88' lang='lat' dir='ltr'><strong>universa</strong></span> <span class='ocrx_word' id='word_1_20' title='bbox 2862 463 3125 533; x_wconf 73' lang='lat' dir='ltr'><strong>intelligo,</strong></span> <span class='ocrx_word' id='word_1_21' title='bbox 3151 479 3271 519; x_wconf 79' lang='lat' dir='ltr'><strong>cum</strong></span> <span class='ocrx_word' id='word_1_22' title='bbox 3294 464 3509 534; x_wconf 76' lang='lat' dir='ltr'><strong>plantas</strong></span> 
     </span>
    </p>
   </div>
   <div class='ocr_carea' id='block_1_6' title="bbox 226 569 1844 645">
    <p class='ocr_par' dir='ltr' id='par_1_6' title="bbox 226 569 1844 645">
     <span class='ocr_line' id='line_1_6' title="bbox 226 569 1844 645; baseline -0.012 -5"><span class='ocrx_word' id='word_1_23' title='bbox 226 631 235 641; x_wconf 87' lang='lat'><strong>.</strong></span> <span class='ocrx_word' id='word_1_24' title='bbox 271 581 490 645; x_wconf 90' lang='grc' dir='ltr'>σασθαι,</span> <span class='ocrx_word' id='word_1_25' title='bbox 519 582 636 632; x_wconf 76' lang='grc' dir='ltr'>ὅσαι</span> <span class='ocrx_word' id='word_1_26' title='bbox 660 575 747 630; x_wconf 86' lang='grc' dir='ltr'><strong>διά</strong></span> <span class='ocrx_word' id='word_1_27' title='bbox 779 591 924 638; x_wconf 87' lang='grc' dir='ltr'>τινος</span> <span class='ocrx_word' id='word_1_28' title='bbox 962 572 1212 645; x_wconf 85' lang='grc' dir='ltr'>εὐχροίας</span> <span class='ocrx_word' id='word_1_29' title='bbox 1232 573 1406 644; x_wconf 86' lang='grc' dir='ltr'>τίμιαι</span> <span class='ocrx_word' id='word_1_30' title='bbox 1438 573 1547 636; x_wconf 85' lang='grc' dir='ltr'>τοῖς</span> <span class='ocrx_word' id='word_1_31' title='bbox 1572 569 1844 641; x_wconf 83' lang='grc' dir='ltr'>ἀνθρωπί-</span> 
     </span>
    </p>
   </div>
   <div class='ocr_carea' id='block_1_7' title="bbox 268 662 1843 741">
    <p class='ocr_par' dir='ltr' id='par_1_7' title="bbox 268 662 1843 741">
     <span class='ocr_line' id='line_1_7' title="bbox 268 662 1843 741; baseline -0.008 -12"><span class='ocrx_word' id='word_1_32' title='bbox 268 692 384 738; x_wconf 83' lang='grc' dir='ltr'>νοις</span> <span class='ocrx_word' id='word_1_33' title='bbox 409 668 704 741; x_wconf 75' lang='grc' dir='ltr'><strong>ὀφθαλμοῖς</strong></span> <span class='ocrx_word' id='word_1_34' title='bbox 729 666 1111 739; x_wconf 80' lang='grc' dir='ltr'><strong>ἐνομίσθησαν,</strong></span> <span class='ocrx_word' id='word_1_35' title='bbox 1144 662 1254 719; x_wconf 73' lang='grc' dir='ltr'>οἷον</span> <span class='ocrx_word' id='word_1_36' title='bbox 1279 664 1497 737; x_wconf 87' lang='grc' dir='ltr'>χρυσίον</span> <span class='ocrx_word' id='word_1_37' title='bbox 1522 681 1580 718; x_wconf 82' lang='grc' dir='ltr'><strong>τε</strong></span> <span class='ocrx_word' id='word_1_38' title='bbox 1618 663 1714 717; x_wconf 71' lang='grc' dir='ltr'><strong>καὶ</strong></span> <span class='ocrx_word' id='word_1_39' title='bbox 1746 664 1843 733; x_wconf 83' lang='grc' dir='ltr'>ἀρ-</span> 
     </span>
    </p>
   </div>
   <div class='ocr_carea' id='block_1_8' title="bbox 270 753 1842 836">
    <p class='ocr_par' dir='ltr' id='par_1_8' title="bbox 270 753 1842 836">
     <span class='ocr_line' id='line_1_8' title="bbox 270 753 1842 836; baseline -0.006 -22"><span class='ocrx_word' id='word_1_40' title='bbox 270 764 478 836; x_wconf 78' lang='grc' dir='ltr'>γύριον,</span> <span class='ocrx_word' id='word_1_41' title='bbox 527 758 621 811; x_wconf 70' lang='grc' dir='ltr'><strong>καὶ</strong></span> <span class='ocrx_word' id='word_1_42' title='bbox 663 756 771 810; x_wconf 89' lang='grc' dir='ltr'><strong>τῶν</strong></span> <span class='ocrx_word' id='word_1_43' title='bbox 810 756 973 810; x_wconf 92' lang='grc' dir='ltr'>λίθων</span> <span class='ocrx_word' id='word_1_44' title='bbox 1010 754 1073 826; x_wconf 81' lang='grc' dir='ltr'>δὴ</span> <span class='ocrx_word' id='word_1_45' title='bbox 1118 754 1318 808; x_wconf 88' lang='grc' dir='ltr'>τούτων</span> <span class='ocrx_word' id='word_1_46' title='bbox 1363 754 1427 818; x_wconf 78' lang='grc' dir='ltr'>ἃς</span> <span class='ocrx_word' id='word_1_47' title='bbox 1471 753 1757 823; x_wconf 84' lang='grc' dir='ltr'><strong>ἀγαπῶσιν</strong></span> <span class='ocrx_word' id='word_1_48' title='bbox 1791 754 1842 805; x_wconf 86' lang='grc' dir='ltr'>οἰ</span> 
     </span>
    </p>
   </div>
   <div class='ocr_carea' id='block_1_9' title="bbox 1950 556 3509 636">
    <p class='ocr_par' dir='ltr' id='par_1_9' title="bbox 1950 556 3509 636">
     <span class='ocr_line' id='line_1_9' title="bbox 1950 556 3509 636; baseline -0.007 -16"><span class='ocrx_word' id='word_1_49' title='bbox 1950 577 2003 620; x_wconf 85' lang='lat' dir='ltr'><strong>et</strong></span> <span class='ocrx_word' id='word_1_50' title='bbox 2031 565 2298 636; x_wconf 83' lang='lat' dir='ltr'><strong>germina,</strong></span> <span class='ocrx_word' id='word_1_51' title='bbox 2329 570 2442 614; x_wconf 93' lang='lat' dir='ltr'><strong>tum</strong></span> <span class='ocrx_word' id='word_1_52' title='bbox 2476 567 2670 614; x_wconf 72' lang='lat' dir='ltr'><strong>caetera</strong></span> <span class='ocrx_word' id='word_1_53' title='bbox 2702 571 2891 617; x_wconf 90' lang='lat' dir='ltr'><strong>sensu,</strong></span> <span class='ocrx_word' id='word_1_54' title='bbox 2916 556 3026 608; x_wconf 85' lang='lat' dir='ltr'><strong>vita</strong></span> <span class='ocrx_word' id='word_1_55' title='bbox 3066 565 3119 608; x_wconf 91' lang='lat' dir='ltr'><strong>et</strong></span> <span class='ocrx_word' id='word_1_56' title='bbox 3153 556 3334 609; x_wconf 90' lang='lat' dir='ltr'><strong>animo</strong></span> <span class='ocrx_word' id='word_1_57' title='bbox 3371 571 3509 626; x_wconf 67' lang='lat' dir='ltr'><strong>prae-</strong></span> 
     </span>
    </p>
   </div>
   <div class='ocr_carea' id='block_1_10' title="bbox 1943 647 3506 721">
    <p class='ocr_par' dir='ltr' id='par_1_10' title="bbox 1943 647 3506 721">
     <span class='ocr_line' id='line_1_10' title="bbox 1943 647 3506 721; baseline -0.008 -10"><span class='ocrx_word' id='word_1_58' title='bbox 1943 657 2075 711; x_wconf 91' lang='lat' dir='ltr'><strong>dita.</strong></span> <span class='ocrx_word' id='word_1_59' title='bbox 2096 654 2247 721; x_wconf 82' lang='lat' dir='ltr'><strong>Quod</strong></span> <span class='ocrx_word' id='word_1_60' title='bbox 2274 653 2318 707; x_wconf 87' lang='lat' dir='ltr'><strong>si</strong></span> <span class='ocrx_word' id='word_1_61' title='bbox 2342 653 2504 707; x_wconf 91' lang='lat' dir='ltr'><strong>etiam</strong></span> <span class='ocrx_word' id='word_1_62' title='bbox 2536 664 2625 704; x_wconf 88' lang='lat' dir='ltr'><strong>res</strong></span> <span class='ocrx_word' id='word_1_63' title='bbox 2650 648 2767 702; x_wconf 67' lang='lat' dir='ltr'><strong>alim</strong></span> <span class='ocrx_word' id='word_1_64' title='bbox 2789 648 2931 702; x_wconf 90' lang='lat' dir='ltr'><strong>inter</strong></span> <span class='ocrx_word' id='word_1_65' title='bbox 2957 647 3054 700; x_wconf 92' lang='lat' dir='ltr'><strong>has</strong></span> <span class='ocrx_word' id='word_1_66' title='bbox 3080 662 3210 716; x_wconf 90' lang='lat' dir='ltr'><strong>opes</strong></span> <span class='ocrx_word' id='word_1_67' title='bbox 3232 648 3506 702; x_wconf 89' lang='lat' dir='ltr'><strong>recenseri</strong></span> 
     </span>
    </p>
   </div>
   <div class='ocr_carea' id='block_1_11' title="bbox 1944 736 3511 814">
    <p class='ocr_par' dir='ltr' id='par_1_11' title="bbox 1944 736 3511 814">
     <span class='ocr_line' id='line_1_11' title="bbox 1944 736 3511 814; baseline -0.004 -14"><span class='ocrx_word' id='word_1_68' title='bbox 1944 755 2244 808; x_wconf 90' lang='lat' dir='ltr'><strong>merentur,</strong></span> <span class='ocrx_word' id='word_1_69' title='bbox 2284 758 2420 814; x_wconf 88' lang='lat' dir='ltr'><strong>quas</strong></span> <span class='ocrx_word' id='word_1_70' title='bbox 2460 742 2531 795; x_wconf 88' lang='lat' dir='ltr'><strong>oh</strong></span> <span class='ocrx_word' id='word_1_71' title='bbox 2587 740 2910 808; x_wconf 78' lang='lat' dir='ltr'><strong>elegantiam</strong></span> <span class='ocrx_word' id='word_1_72' title='bbox 2973 736 3266 806; x_wconf 84' lang='lat' dir='ltr'><strong>quamdam</strong></span> <span class='ocrx_word' id='word_1_73' title='bbox 3330 738 3511 808; x_wconf 80' lang='lat' dir='ltr'><strong>magni</strong></span> 
     </span>
    </p>
   </div>
   <div class='ocr_carea' id='block_1_12' title="bbox 270 829 1870 920">
    <p class='ocr_par' dir='ltr' id='par_1_12' title="bbox 270 829 1870 920">
     <span class='ocr_line' id='line_1_12' title="bbox 270 829 1870 920; baseline -0.005 -16"><span class='ocrx_word' id='word_1_74' title='bbox 270 829 573 920; x_wconf 61' lang='grc' dir='ltr'>ἀνθρωπον</span> <span class='ocrx_word' id='word_1_75' title='bbox 592 846 687 901; x_wconf 75' lang='grc' dir='ltr'>καὶ</span> <span class='ocrx_word' id='word_1_76' title='bbox 710 845 913 900; x_wconf 90' lang='grc' dir='ltr'>τούτων</span> <span class='ocrx_word' id='word_1_77' title='bbox 943 845 1156 899; x_wconf 89' lang='grc' dir='ltr'>πάντων</span> <span class='ocrx_word' id='word_1_78' title='bbox 1177 844 1276 916; x_wconf 82' lang='grc' dir='ltr'>τὴν</span> <span class='ocrx_word' id='word_1_79' title='bbox 1309 843 1567 913; x_wconf 81' lang='grc' dir='ltr'><strong>ἀφθονίαν</strong></span> <span class='ocrx_word' id='word_1_80' title='bbox 1596 844 1870 915; x_wconf 39' lang='grc' dir='ltr'>καθάπερκ</span> 
     </span>
    </p>
   </div>
   <div class='ocr_carea' id='block_1_13' title="bbox 1954 829 3513 920">
    <p class='ocr_par' dir='ltr' id='par_1_13' title="bbox 1954 829 3513 909">
     <span class='ocr_line' id='line_1_13' title="bbox 1954 829 3513 909; baseline -0.006 -16"><span class='ocrx_word' id='word_1_81' title='bbox 1954 840 2103 909; x_wconf 79' lang='lat' dir='ltr'><strong>pretii</strong></span> <span class='ocrx_word' id='word_1_82' title='bbox 2126 853 2249 893; x_wconf 87' lang='lat' dir='ltr'><strong>esse</strong></span> <span class='ocrx_word' id='word_1_83' title='bbox 2272 836 2552 890; x_wconf 82' lang='lat' dir='ltr'><strong>hominum</strong></span> <span class='ocrx_word' id='word_1_84' title='bbox 2578 831 2718 885; x_wconf 90' lang='lat' dir='ltr'><strong>oculi</strong></span> <span class='ocrx_word' id='word_1_85' title='bbox 2739 830 3018 900; x_wconf 89' lang='lat' dir='ltr'><strong>judicant:</strong></span> <span class='ocrx_word' id='word_1_86' title='bbox 3039 829 3187 884; x_wconf 81' lang='lat' dir='ltr'><strong>verbi</strong></span> <span class='ocrx_word' id='word_1_87' title='bbox 3207 830 3399 899; x_wconf 87' lang='lat' dir='ltr'><strong>gratia.</strong></span> <span class='ocrx_word' id='word_1_88' title='bbox 3417 844 3513 884; x_wconf 90' lang='lat' dir='ltr'><strong>au-</strong></span> 
     </span>
    </p>
   </div>
   <div class='ocr_carea' id='block_1_14' title="bbox 268 935 1845 1009">
    <p class='ocr_par' dir='ltr' id='par_1_14' title="bbox 268 935 1845 1009">
     <span class='ocr_line' id='line_1_14' title="bbox 268 935 1845 1009; baseline -0.005 -16"><span class='ocrx_word' id='word_1_89' title='bbox 268 940 382 993; x_wconf 77' lang='grc' dir='ltr'>τισὶ</span> <span class='ocrx_word' id='word_1_90' title='bbox 420 938 715 1009; x_wconf 74' lang='grc' dir='ltr'><strong>βασιλικοῖς</strong></span> <span class='ocrx_word' id='word_1_91' title='bbox 743 937 1033 1008; x_wconf 79' lang='grc' dir='ltr'><strong>θησαυροῖς</strong></span> <span class='ocrx_word' id='word_1_92' title='bbox 1060 937 1171 999; x_wconf 86' lang='grc' dir='ltr'>τοῖς</span> <span class='ocrx_word' id='word_1_93' title='bbox 1212 935 1311 1006; x_wconf 85' lang='grc' dir='ltr'><strong>τῆς</strong></span> <span class='ocrx_word' id='word_1_94' title='bbox 1355 935 1459 1006; x_wconf 85' lang='grc' dir='ltr'>γῆς</span> <span class='ocrx_word' id='word_1_95' title='bbox 1499 935 1719 998; x_wconf 79' lang='grc' dir='ltr'><strong>κόλποις</strong></span> <span class='ocrx_word' id='word_1_96' title='bbox 1750 936 1845 1001; x_wconf 81' lang='grc' dir='ltr'>ἑγ-</span> 
     </span>
    </p>
   </div>
   <div class='ocr_carea' id='block_1_15' title="bbox 270 1022 1844 1100">
    <p class='ocr_par' dir='ltr' id='par_1_15' title="bbox 270 1022 1844 1100">
     <span class='ocr_line' id='line_1_15' title="bbox 270 1022 1844 1100; baseline -0.004 -17"><span class='ocrx_word' id='word_1_97' title='bbox 270 1027 650 1100; x_wconf 78' lang='grc' dir='ltr'>κατακρύψας,</span> <span class='ocrx_word' id='word_1_98' title='bbox 684 1026 855 1090; x_wconf 80' lang='grc' dir='ltr'>οὕτως</span> <span class='ocrx_word' id='word_1_99' title='bbox 890 1025 1261 1080; x_wconf 82' lang='grc' dir='ltr'>ἀναδείκνυσιν</span> <span class='ocrx_word' id='word_1_100' title='bbox 1291 1027 1349 1078; x_wconf 86' lang='grc' dir='ltr'><strong>ἑν</strong></span> <span class='ocrx_word' id='word_1_101' title='bbox 1392 1024 1469 1095; x_wconf 84' lang='grc' dir='ltr'>τῷ</span> <span class='ocrx_word' id='word_1_102' title='bbox 1514 1024 1705 1093; x_wconf 86' lang='grc' dir='ltr'>κόσμῳ</span> <span class='ocrx_word' id='word_1_103' title='bbox 1751 1022 1844 1077; x_wconf 81' lang='grc' dir='ltr'><strong>τὸν</strong></span> 
     </span>
    </p>
   </div>
   <div class='ocr_carea' id='block_1_16' title="bbox 268 1114 1845 1192">
    <p class='ocr_par' dir='ltr' id='par_1_16' title="bbox 268 1114 1845 1192">
     <span class='ocr_line' id='line_1_16' title="bbox 268 1114 1845 1192; baseline -0.006 -17"><span class='ocrx_word' id='word_1_104' title='bbox 268 1120 580 1192; x_wconf 79' lang='grc' dir='ltr'>ἄνθρωπον,</span> <span class='ocrx_word' id='word_1_105' title='bbox 612 1119 718 1173; x_wconf 86' lang='grc' dir='ltr'><strong>τῶν</strong></span> <span class='ocrx_word' id='word_1_106' title='bbox 741 1119 800 1171; x_wconf 89' lang='grc' dir='ltr'><strong>ἑν</strong></span> <span class='ocrx_word' id='word_1_107' title='bbox 826 1117 996 1189; x_wconf 84' lang='grc' dir='ltr'>τούτῳ</span> <span class='ocrx_word' id='word_1_108' title='bbox 1028 1116 1337 1187; x_wconf 84' lang='grc' dir='ltr'><strong>θαυμάτων,</strong></span> <span class='ocrx_word' id='word_1_109' title='bbox 1368 1116 1477 1169; x_wconf 90' lang='grc' dir='ltr'><strong>τῶν</strong></span> <span class='ocrx_word' id='word_1_110' title='bbox 1518 1116 1615 1186; x_wconf 83' lang='grc' dir='ltr'><strong>μὲν</strong></span> <span class='ocrx_word' id='word_1_111' title='bbox 1648 1114 1845 1185; x_wconf 79' lang='grc' dir='ltr'>θεατὴν</span> 
     </span>
    </p>
   </div>
   <div class='ocr_carea' id='block_1_17' title="bbox 269 1204 1845 1284">
    <p class='ocr_par' dir='ltr' id='par_1_17' title="bbox 269 1204 1845 1284">
     <span class='ocr_line' id='line_1_17' title="bbox 269 1204 1845 1284; baseline -0.006 -17"><span class='ocrx_word' id='word_1_112' title='bbox 269 1215 549 1284; x_wconf 74' lang='grc' dir='ltr'>ἐσόμενον,</span> <span class='ocrx_word' id='word_1_113' title='bbox 575 1211 683 1266; x_wconf 88' lang='grc' dir='ltr'><strong>τῶν</strong></span> <span class='ocrx_word' id='word_1_114' title='bbox 709 1211 767 1264; x_wconf 87' lang='grc' dir='ltr'>δὲ</span> <span class='ocrx_word' id='word_1_115' title='bbox 794 1210 1000 1281; x_wconf 85' lang='grc' dir='ltr'>κύριον,</span> <span class='ocrx_word' id='word_1_116' title='bbox 1031 1209 1107 1272; x_wconf 87' lang='grc' dir='ltr'>ὡς</span> <span class='ocrx_word' id='word_1_117' title='bbox 1131 1207 1217 1261; x_wconf 80' lang='grc' dir='ltr'>διὰ</span> <span class='ocrx_word' id='word_1_118' title='bbox 1248 1208 1344 1279; x_wconf 85' lang='grc' dir='ltr'><strong>μὲν</strong></span> <span class='ocrx_word' id='word_1_119' title='bbox 1366 1207 1465 1277; x_wconf 87' lang='grc' dir='ltr'>τῆς</span> <span class='ocrx_word' id='word_1_120' title='bbox 1494 1204 1845 1269; x_wconf 74' lang='grc' dir='ltr'>ἀπολαύσεως</span> 
     </span>
    </p>
   </div>
   <div class='ocr_carea' id='block_1_18' title="bbox 270 1293 1937 1375">
    <p class='ocr_par' dir='ltr' id='par_1_18' title="bbox 270 1293 1937 1375">
     <span class='ocr_line' id='line_1_18' title="bbox 270 1293 1937 1375; baseline -0.007 -19"><span class='ocrx_word' id='word_1_121' title='bbox 270 1302 370 1373; x_wconf 83' lang='grc' dir='ltr'><strong>τὴν</strong></span> <span class='ocrx_word' id='word_1_122' title='bbox 400 1302 614 1355; x_wconf 88' lang='grc' dir='ltr'>σύνεσιν</span> <span class='ocrx_word' id='word_1_123' title='bbox 635 1299 729 1353; x_wconf 81' lang='grc' dir='ltr'>τοῦ</span> <span class='ocrx_word' id='word_1_124' title='bbox 757 1297 1117 1372; x_wconf 82' lang='grc' dir='ltr'>χορηγοῦντος</span> <span class='ocrx_word' id='word_1_125' title='bbox 1156 1295 1321 1367; x_wconf 76' lang='grc' dir='ltr'>ἔχειν,</span> <span class='ocrx_word' id='word_1_126' title='bbox 1361 1296 1450 1349; x_wconf 84' lang='grc' dir='ltr'>διὰ</span> <span class='ocrx_word' id='word_1_127' title='bbox 1485 1296 1542 1349; x_wconf 81' lang='grc' dir='ltr'>δὲ</span> <span class='ocrx_word' id='word_1_128' title='bbox 1578 1293 1670 1348; x_wconf 82' lang='grc' dir='ltr'>τοῦ</span> <span class='ocrx_word' id='word_1_129' title='bbox 1711 1293 1937 1375; x_wconf 63' lang='grc' dir='ltr'>κάλ-χ</span> 
     </span>
    </p>
   </div>
   <div class='ocr_carea' id='block_1_19' title="bbox 269 1385 1847 1461">
    <p class='ocr_par' dir='ltr' id='par_1_19' title="bbox 269 1385 1847 1461">
     <span class='ocr_line' id='line_1_19' title="bbox 269 1385 1847 1461; baseline -0.006 -14"><span class='ocrx_word' id='word_1_130' title='bbox 269 1394 398 1458; x_wconf 90' lang='grc' dir='ltr'>λους</span> <span class='ocrx_word' id='word_1_131' title='bbox 430 1409 491 1445; x_wconf 89' lang='grc' dir='ltr'><strong>τε</strong></span> <span class='ocrx_word' id='word_1_132' title='bbox 515 1392 609 1445; x_wconf 56' lang='grc' dir='ltr'><strong>καὶ⁵</strong></span> <span class='ocrx_word' id='word_1_133' title='bbox 639 1389 894 1461; x_wconf 86' lang='grc' dir='ltr'>μεγέθους</span> <span class='ocrx_word' id='word_1_134' title='bbox 924 1388 1033 1443; x_wconf 89' lang='grc' dir='ltr'><strong>τῶν</strong></span> <span class='ocrx_word' id='word_1_135' title='bbox 1066 1386 1356 1460; x_wconf 81' lang='grc' dir='ltr'><strong>ὁρωμένων</strong></span> <span class='ocrx_word' id='word_1_136' title='bbox 1395 1387 1494 1456; x_wconf 81' lang='grc' dir='ltr'>τὴν</span> <span class='ocrx_word' id='word_1_137' title='bbox 1527 1385 1760 1458; x_wconf 82' lang='grc' dir='ltr'>ἄρῤητόν</span> <span class='ocrx_word' id='word_1_138' title='bbox 1788 1402 1847 1438; x_wconf 81' lang='grc' dir='ltr'><strong>τε</strong></span> 
     </span>
    </p>
   </div>
   <div class='ocr_carea' id='block_1_20' title="bbox 271 1474 1842 1554">
    <p class='ocr_par' dir='ltr' id='par_1_20' title="bbox 271 1474 1842 1554">
     <span class='ocr_line' id='line_1_20' title="bbox 271 1474 1842 1554; baseline -0.006 -14"><span class='ocrx_word' id='word_1_139' title='bbox 271 1487 369 1539; x_wconf 79' lang='grc' dir='ltr'>καὶ</span> <span class='ocrx_word' id='word_1_140' title='bbox 398 1484 539 1554; x_wconf 78' lang='grc' dir='ltr'>ὑπὲρ</span> <span class='ocrx_word' id='word_1_141' title='bbox 564 1483 721 1551; x_wconf 91' lang='grc' dir='ltr'>λόγον</span> <span class='ocrx_word' id='word_1_142' title='bbox 756 1480 850 1534; x_wconf 76' lang='grc' dir='ltr'>τοῦ</span> <span class='ocrx_word' id='word_1_143' title='bbox 886 1479 1242 1550; x_wconf 83' lang='grc' dir='ltr'>πεποιηκότος</span> <span class='ocrx_word' id='word_1_144' title='bbox 1270 1477 1497 1548; x_wconf 87' lang='grc' dir='ltr'>δύναμιν</span> <span class='ocrx_word' id='word_1_145' title='bbox 1525 1474 1842 1546; x_wconf 86' lang='grc' dir='ltr'>ἀνιχνεύειν.</span> 
     </span>
    </p>
   </div>
   <div class='ocr_carea' id='block_1_21' title="bbox 270 1567 1847 1643">
    <p class='ocr_par' dir='ltr' id='par_1_21' title="bbox 270 1567 1847 1643">
     <span class='ocr_line' id='line_1_21' title="bbox 270 1567 1847 1643; baseline -0.008 -11"><span class='ocrx_word' id='word_1_146' title='bbox 270 1578 375 1631; x_wconf 83' lang='grc' dir='ltr'>Διά</span> <span class='ocrx_word' id='word_1_147' title='bbox 417 1576 592 1631; x_wconf 80' lang='grc' dir='ltr'>ταῦτα</span> <span class='ocrx_word' id='word_1_148' title='bbox 633 1573 938 1636; x_wconf 85' lang='grc' dir='ltr'>τελευταῖος</span> <span class='ocrx_word' id='word_1_149' title='bbox 993 1571 1132 1641; x_wconf 88' lang='grc' dir='ltr'><strong>μετά</strong></span> <span class='ocrx_word' id='word_1_150' title='bbox 1179 1571 1274 1643; x_wconf 81' lang='grc' dir='ltr'>τὴν</span> <span class='ocrx_word' id='word_1_151' title='bbox 1321 1569 1499 1623; x_wconf 86' lang='grc' dir='ltr'>κτίσιν</span> <span class='ocrx_word' id='word_1_152' title='bbox 1544 1567 1772 1638; x_wconf 77' lang='grc' dir='ltr'>εἰσήχθη</span> <span class='ocrx_word' id='word_1_153' title='bbox 1818 1568 1847 1619; x_wconf 88' lang='grc' dir='ltr'><strong>ό</strong></span> 
     </span>
    </p>
   </div>
   <div class='ocr_carea' id='block_1_22' title="bbox 271 1658 1846 1741">
    <p class='ocr_par' dir='ltr' id='par_1_22' title="bbox 271 1658 1846 1741">
     <span class='ocr_line' id='line_1_22' title="bbox 271 1658 1846 1741; baseline -0.009 -18"><span class='ocrx_word' id='word_1_154' title='bbox 271 1669 579 1741; x_wconf 79' lang='grc' dir='ltr'>ἄνθρωπος,</span> <span class='ocrx_word' id='word_1_155' title='bbox 609 1666 707 1736; x_wconf 83' lang='grc' dir='ltr'><strong>οὐχ</strong></span> <span class='ocrx_word' id='word_1_156' title='bbox 730 1665 805 1727; x_wconf 87' lang='grc' dir='ltr'>ὡς</span> <span class='ocrx_word' id='word_1_157' title='bbox 825 1663 1128 1734; x_wconf 88' lang='grc' dir='ltr'>ἀπόϐλητος</span> <span class='ocrx_word' id='word_1_158' title='bbox 1150 1662 1208 1715; x_wconf 82' lang='grc' dir='ltr'>ἐν</span> <span class='ocrx_word' id='word_1_159' title='bbox 1231 1662 1479 1732; x_wconf 77' lang='grc' dir='ltr'>ἐσχάτοις</span> <span class='ocrx_word' id='word_1_160' title='bbox 1504 1658 1846 1731; x_wconf 74' lang='grc' dir='ltr'>ἀπορριφεὶς,</span> 
     </span>
    </p>
   </div>
   <div class='ocr_carea' id='block_1_23' title="bbox 271 1748 1905 1833">
    <p class='ocr_par' dir='ltr' id='par_1_23' title="bbox 271 1748 1905 1833">
     <span class='ocr_line' id='line_1_23' title="bbox 271 1748 1905 1833; baseline -0.01 -20"><span class='ocrx_word' id='word_1_161' title='bbox 271 1760 392 1814; x_wconf 82' lang='grc' dir='ltr'>ἀλλ’</span> <span class='ocrx_word' id='word_1_162' title='bbox 428 1758 503 1822; x_wconf 85' lang='grc' dir='ltr'><strong>ὡς</strong></span> <span class='ocrx_word' id='word_1_163' title='bbox 541 1757 655 1828; x_wconf 78' lang='grc' dir='ltr'>ἅμα</span> <span class='ocrx_word' id='word_1_164' title='bbox 682 1758 747 1827; x_wconf 83' lang='grc' dir='ltr'>τῇ</span> <span class='ocrx_word' id='word_1_165' title='bbox 784 1753 995 1833; x_wconf 58' lang='grc' dir='ltr'>γενέσει</span> <span class='ocrx_word' id='word_1_166' title='bbox 1038 1752 1287 1823; x_wconf 84' lang='grc' dir='ltr'>βασιλεὺς</span> <span class='ocrx_word' id='word_1_167' title='bbox 1316 1748 1454 1804; x_wconf 77' lang='grc' dir='ltr'>εἶναι</span> <span class='ocrx_word' id='word_1_168' title='bbox 1490 1749 1597 1801; x_wconf 89' lang='grc' dir='ltr'><strong>τῶν</strong></span> <span class='ocrx_word' id='word_1_169' title='bbox 1627 1748 1905 1817; x_wconf 63' lang='grc' dir='ltr'>ὑποχει-ἰ</span> 
     </span>
    </p>
   </div>
   <div class='ocr_carea' id='block_1_24' title="bbox 276 1838 1849 1935">
    <p class='ocr_par' dir='ltr' id='par_1_24' title="bbox 276 1838 1849 1935">
     <span class='ocr_line' id='line_1_24' title="bbox 276 1838 1849 1935; baseline -0.011 -28"><span class='ocrx_word' id='word_1_170' title='bbox 276 1856 410 1925; x_wconf 87' lang='grc' dir='ltr'>ρίων</span> <span class='ocrx_word' id='word_1_171' title='bbox 455 1838 789 1935; x_wconf 52' lang='grc' dir='ltr'>προσήκωκφί</span> <span class='ocrx_word' id='word_1_172' title='bbox 808 1843 917 1896; x_wconf 85' lang='grc' dir='ltr'>Καί</span> <span class='ocrx_word' id='word_1_173' title='bbox 958 1842 1146 1911; x_wconf 83' lang='grc' dir='ltr'>ὥσπερ</span> <span class='ocrx_word' id='word_1_174' title='bbox 1201 1856 1285 1902; x_wconf 90' lang='grc' dir='ltr'><strong>τις</strong></span> <span class='ocrx_word' id='word_1_175' title='bbox 1333 1838 1536 1907; x_wconf 80' lang='grc' dir='ltr'>ἀγαθὸς</span> <span class='ocrx_word' id='word_1_176' title='bbox 1583 1838 1849 1908; x_wconf 79' lang='grc' dir='ltr'>ἑστιάτωρ</span> 
     </span>
    </p>
   </div>
   <div class='ocr_carea' id='block_1_25' title="bbox 272 1917 1919 2014">
    <p class='ocr_par' dir='ltr' id='par_1_25' title="bbox 272 1917 1919 2014">
     <span class='ocr_line' id='line_1_25' title="bbox 272 1917 1919 2014; baseline -0.012 -15"><span class='ocrx_word' id='word_1_177' title='bbox 272 1917 339 1999; x_wconf 76' lang='grc' dir='ltr'><strong>οὐ</strong></span> <span class='ocrx_word' id='word_1_178' title='bbox 366 1917 593 2014; x_wconf 79' lang='grc' dir='ltr'>πρὸτῆς</span> <span class='ocrx_word' id='word_1_179' title='bbox 629 1917 978 2007; x_wconf 67' lang='grc' dir='ltr'>παρασκευῆς</span> <span class='ocrx_word' id='word_1_180' title='bbox 1017 1931 1124 1985; x_wconf 88' lang='grc' dir='ltr'><strong>τῶν</strong></span> <span class='ocrx_word' id='word_1_181' title='bbox 1154 1931 1425 2001; x_wconf 76' lang='grc' dir='ltr'><strong>ἐδωδίμων</strong></span> <span class='ocrx_word' id='word_1_182' title='bbox 1456 1930 1547 1983; x_wconf 81' lang='grc' dir='ltr'><strong>τὸν</strong></span> <span class='ocrx_word' id='word_1_183' title='bbox 1586 1917 1919 1999; x_wconf 79' lang='grc' dir='ltr'>ἑστιώμε-“Β</span> 
     </span>
    </p>
   </div>
   <div class='ocr_carea' id='block_1_26' title="bbox 275 2019 1852 2095">
    <p class='ocr_par' dir='ltr' id='par_1_26' title="bbox 275 2019 1852 2095">
     <span class='ocr_line' id='line_1_26' title="bbox 275 2019 1852 2095; baseline -0.011 -6"><span class='ocrx_word' id='word_1_184' title='bbox 275 2052 368 2090; x_wconf 88' lang='grc' dir='ltr'><strong>νον</strong></span> <span class='ocrx_word' id='word_1_185' title='bbox 396 2030 759 2092; x_wconf 80' lang='grc' dir='ltr'>είσοικίζεται,</span> <span class='ocrx_word' id='word_1_186' title='bbox 788 2025 900 2078; x_wconf 85' lang='grc' dir='ltr'>ἀλλ’</span> <span class='ocrx_word' id='word_1_187' title='bbox 925 2022 1174 2095; x_wconf 80' lang='grc' dir='ltr'>εὐπρεπῆ</span> <span class='ocrx_word' id='word_1_188' title='bbox 1193 2021 1264 2074; x_wconf 84' lang='grc' dir='ltr'>τὰ</span> <span class='ocrx_word' id='word_1_189' title='bbox 1299 2020 1476 2073; x_wconf 86' lang='grc' dir='ltr'>πάντα</span> <span class='ocrx_word' id='word_1_190' title='bbox 1506 2019 1852 2091; x_wconf 85' lang='grc' dir='ltr'>παρασκευά-</span> 
     </span>
    </p>
   </div>
   <div class='ocr_carea' id='block_1_27' title="bbox 278 2107 1851 2190">
    <p class='ocr_par' dir='ltr' id='par_1_27' title="bbox 278 2107 1851 2190">
     <span class='ocr_line' id='line_1_27' title="bbox 278 2107 1851 2190; baseline -0.011 -10"><span class='ocrx_word' id='word_1_191' title='bbox 278 2144 400 2190; x_wconf 90' lang='grc' dir='ltr'>σας,</span> <span class='ocrx_word' id='word_1_192' title='bbox 437 2125 529 2177; x_wconf 72' lang='grc' dir='ltr'><strong>καὶ</strong></span> <span class='ocrx_word' id='word_1_193' title='bbox 573 2118 866 2190; x_wconf 85' lang='grc' dir='ltr'>φαιδρύνας</span> <span class='ocrx_word' id='word_1_194' title='bbox 910 2117 1020 2179; x_wconf 85' lang='grc' dir='ltr'>τοῖς</span> <span class='ocrx_word' id='word_1_195' title='bbox 1052 2113 1348 2184; x_wconf 86' lang='grc' dir='ltr'>καθήκουσι</span> <span class='ocrx_word' id='word_1_196' title='bbox 1395 2112 1618 2182; x_wconf 85' lang='grc' dir='ltr'>κόσμοις</span> <span class='ocrx_word' id='word_1_197' title='bbox 1652 2111 1741 2164; x_wconf 83' lang='grc' dir='ltr'><strong>τὸν</strong></span> <span class='ocrx_word' id='word_1_198' title='bbox 1771 2107 1851 2165; x_wconf 77' lang='grc' dir='ltr'><strong>οϊ-</strong></span> 
     </span>
    </p>
   </div>
   <div class='ocr_carea' id='block_1_28' title="bbox 277 2201 1851 2284">
    <p class='ocr_par' dir='ltr' id='par_1_28' title="bbox 277 2201 1851 2284">
     <span class='ocr_line' id='line_1_28' title="bbox 277 2201 1851 2284; baseline -0.013 -12"><span class='ocrx_word' id='word_1_199' title='bbox 277 2236 395 2282; x_wconf 90' lang='grc' dir='ltr'>κον,</span> <span class='ocrx_word' id='word_1_200' title='bbox 430 2216 528 2284; x_wconf 86' lang='grc' dir='ltr'><strong>τὴν</strong></span> <span class='ocrx_word' id='word_1_201' title='bbox 573 2211 784 2266; x_wconf 85' lang='grc' dir='ltr'>κλισίαν</span> <span class='ocrx_word' id='word_1_202' title='bbox 810 2248 824 2272; x_wconf 96' lang='grc'><strong>,</strong></span> <span class='ocrx_word' id='word_1_203' title='bbox 880 2206 977 2278; x_wconf 87' lang='grc' dir='ltr'>τὴν</span> <span class='ocrx_word' id='word_1_204' title='bbox 1009 2202 1303 2275; x_wconf 80' lang='grc' dir='ltr'>τράπεζαν,</span> <span class='ocrx_word' id='word_1_205' title='bbox 1349 2201 1433 2272; x_wconf 75' lang='grc' dir='ltr'><strong>ἐφ’</strong></span> <span class='ocrx_word' id='word_1_206' title='bbox 1473 2202 1708 2272; x_wconf 77' lang='grc' dir='ltr'>ἑτοίμοις</span> <span class='ocrx_word' id='word_1_207' title='bbox 1751 2201 1851 2271; x_wconf 72' lang='grc' dir='ltr'>ἤδη</span> 
     </span>
    </p>
   </div>
   <div class='ocr_carea' id='block_1_29' title="bbox 274 2292 1851 2377">
    <p class='ocr_par' dir='ltr' id='par_1_29' title="bbox 274 2292 1851 2377">
     <span class='ocr_line' id='line_1_29' title="bbox 274 2292 1851 2377; baseline -0.013 -13"><span class='ocrx_word' id='word_1_208' title='bbox 274 2312 393 2371; x_wconf 84' lang='grc' dir='ltr'>τοῖς</span> <span class='ocrx_word' id='word_1_209' title='bbox 418 2306 553 2377; x_wconf 85' lang='grc' dir='ltr'>πρὸς</span> <span class='ocrx_word' id='word_1_210' title='bbox 593 2303 692 2373; x_wconf 82' lang='grc' dir='ltr'>τὴν</span> <span class='ocrx_word' id='word_1_211' title='bbox 733 2299 935 2371; x_wconf 81' lang='grc' dir='ltr'>τροφὴν</span> <span class='ocrx_word' id='word_1_212' title='bbox 975 2295 1317 2366; x_wconf 71' lang='grc' dir='ltr'>ἐπιτηδείοις,</span> <span class='ocrx_word' id='word_1_213' title='bbox 1343 2292 1587 2362; x_wconf 76' lang='grc' dir='ltr'>ἐφέστιον</span> <span class='ocrx_word' id='word_1_214' title='bbox 1623 2294 1851 2345; x_wconf 79' lang='grc' dir='ltr'>ποιεῖται</span> 
     </span>
    </p>
   </div>
   <div class='ocr_carea' id='block_1_30' title="bbox 276 2382 1852 2466">
    <p class='ocr_par' dir='ltr' id='par_1_30' title="bbox 276 2382 1852 2466">
     <span class='ocr_line' id='line_1_30' title="bbox 276 2382 1852 2466; baseline -0.014 -10"><span class='ocrx_word' id='word_1_215' title='bbox 276 2400 373 2455; x_wconf 87' lang='grc' dir='ltr'>τὸν</span> <span class='ocrx_word' id='word_1_216' title='bbox 401 2395 698 2466; x_wconf 80' lang='grc' dir='ltr'>δαιτυμόνα</span> <span class='ocrx_word' id='word_1_217' title='bbox 718 2409 731 2423; x_wconf 80' lang='grc'><em>’</em></span> <span class='ocrx_word' id='word_1_218' title='bbox 759 2390 898 2445; x_wconf 83' lang='grc' dir='ltr'><strong>κατά</strong></span> <span class='ocrx_word' id='word_1_219' title='bbox 926 2390 1017 2442; x_wconf 78' lang='grc' dir='ltr'><strong>τὸν</strong></span> <span class='ocrx_word' id='word_1_220' title='bbox 1039 2388 1198 2441; x_wconf 82' lang='grc' dir='ltr'>αὑτὸν</span> <span class='ocrx_word' id='word_1_221' title='bbox 1229 2386 1427 2456; x_wconf 85' lang='grc' dir='ltr'>τρόπον</span> <span class='ocrx_word' id='word_1_222' title='bbox 1456 2387 1484 2438; x_wconf 90' lang='grc' dir='ltr'><strong>ό</strong></span> <span class='ocrx_word' id='word_1_223' title='bbox 1519 2382 1770 2445; x_wconf 88' lang='grc' dir='ltr'>πλούσιός</span> <span class='ocrx_word' id='word_1_224' title='bbox 1791 2399 1852 2434; x_wconf 89' lang='grc' dir='ltr'><strong>τε</strong></span> 
     </span>
    </p>
   </div>
   <div class='ocr_carea' id='block_1_31' title="bbox 278 2474 1853 2555">
    <p class='ocr_par' dir='ltr' id='par_1_31' title="bbox 278 2474 1853 2555">
     <span class='ocr_line' id='line_1_31' title="bbox 278 2474 1853 2555; baseline -0.013 -9"><span class='ocrx_word' id='word_1_225' title='bbox 278 2493 377 2546; x_wconf 76' lang='grc' dir='ltr'>καὶ</span> <span class='ocrx_word' id='word_1_226' title='bbox 395 2484 691 2555; x_wconf 76' lang='grc' dir='ltr'>πολυτελὴς</span> <span class='ocrx_word' id='word_1_227' title='bbox 718 2483 816 2552; x_wconf 76' lang='grc' dir='ltr'><strong>τῆς</strong></span> <span class='ocrx_word' id='word_1_228' title='bbox 849 2480 1060 2549; x_wconf 87' lang='grc' dir='ltr'>φύσεως</span> <span class='ocrx_word' id='word_1_229' title='bbox 1097 2476 1250 2548; x_wconf 81' lang='grc' dir='ltr'>ἡμῶν</span> <span class='ocrx_word' id='word_1_230' title='bbox 1289 2474 1554 2546; x_wconf 78' lang='grc' dir='ltr'>ἑστιάτωρ</span> <span class='ocrx_word' id='word_1_231' title='bbox 1583 2474 1853 2537; x_wconf 87' lang='grc' dir='ltr'>παντοίοις</span> 
     </span>
    </p>
   </div>
   <div class='ocr_carea' id='block_1_32' title="bbox 279 2564 1853 2642">
    <p class='ocr_par' dir='ltr' id='par_1_32' title="bbox 279 2564 1853 2642">
     <span class='ocr_line' id='line_1_32' title="bbox 279 2564 1853 2642; baseline -0.013 -6"><span class='ocrx_word' id='word_1_232' title='bbox 279 2581 505 2637; x_wconf 79' lang='grc' dir='ltr'>κάλλεσι</span> <span class='ocrx_word' id='word_1_233' title='bbox 527 2574 950 2642; x_wconf 81' lang='grc' dir='ltr'>κατακοσμήσας</span> <span class='ocrx_word' id='word_1_234' title='bbox 974 2570 1071 2639; x_wconf 82' lang='grc' dir='ltr'>τὴν</span> <span class='ocrx_word' id='word_1_235' title='bbox 1098 2569 1327 2637; x_wconf 86' lang='grc' dir='ltr'>οἴκησιν,</span> <span class='ocrx_word' id='word_1_236' title='bbox 1351 2568 1445 2619; x_wconf 76' lang='grc' dir='ltr'>καὶ</span> <span class='ocrx_word' id='word_1_237' title='bbox 1484 2565 1581 2636; x_wconf 79' lang='grc' dir='ltr'>τὴν</span> <span class='ocrx_word' id='word_1_238' title='bbox 1612 2564 1853 2635; x_wconf 83' lang='grc' dir='ltr'>μεγάλην</span> 
     </span>
    </p>
   </div>
   <div class='ocr_carea' id='block_1_33' title="bbox 1944 918 3515 999">
    <p class='ocr_par' dir='ltr' id='par_1_33' title="bbox 1944 918 3515 999">
     <span class='ocr_line' id='line_1_33' title="bbox 1944 918 3515 999; baseline -0.005 -15"><span class='ocrx_word' id='word_1_239' title='bbox 1944 946 2086 994; x_wconf 89' lang='lat' dir='ltr'><strong>rum,</strong></span> <span class='ocrx_word' id='word_1_240' title='bbox 2144 918 2451 999; x_wconf 81' lang='lat' dir='ltr'><strong>argentum,</strong></span> <span class='ocrx_word' id='word_1_241' title='bbox 2486 923 2678 993; x_wconf 86' lang='lat' dir='ltr'><strong>lapilli,</strong></span> <span class='ocrx_word' id='word_1_242' title='bbox 2717 936 2855 990; x_wconf 90' lang='lat' dir='ltr'><strong>quos</strong></span> <span class='ocrx_word' id='word_1_243' title='bbox 2896 920 3144 975; x_wconf 86' lang='lat' dir='ltr'><strong>homines</strong></span> <span class='ocrx_word' id='word_1_244' title='bbox 3176 936 3351 989; x_wconf 89' lang='lat' dir='ltr'><strong>usque</strong></span> <span class='ocrx_word' id='word_1_245' title='bbox 3380 921 3515 976; x_wconf 87' lang='lat' dir='ltr'><strong>adeo</strong></span> 
     </span>
    </p>
   </div>
   <div class='ocr_carea' id='block_1_34' title="bbox 1944 1012 3517 1090">
    <p class='ocr_par' dir='ltr' id='par_1_34' title="bbox 1944 1012 3517 1090">
     <span class='ocr_line' id='line_1_34' title="bbox 1944 1012 3517 1090; baseline -0.006 -15"><span class='ocrx_word' id='word_1_246' title='bbox 1944 1028 2204 1090; x_wconf 83' lang='lat' dir='ltr'><strong>expetunt</strong></span> <span class='ocrx_word' id='word_1_247' title='bbox 2230 1039 2242 1074; x_wconf 88' lang='lat'><strong>:</strong></span> <span class='ocrx_word' id='word_1_248' title='bbox 2268 1019 2460 1072; x_wconf 89' lang='lat' dir='ltr'><strong>horum</strong></span> <span class='ocrx_word' id='word_1_249' title='bbox 2498 1016 2659 1070; x_wconf 88' lang='lat' dir='ltr'><strong>etiam</strong></span> <span class='ocrx_word' id='word_1_250' title='bbox 2696 1018 2748 1067; x_wconf 89' lang='lat' dir='ltr'><strong>in</strong></span> <span class='ocrx_word' id='word_1_251' title='bbox 2787 1020 2948 1066; x_wconf 63' lang='lat' dir='ltr'><strong>terra:</strong></span> <span class='ocrx_word' id='word_1_252' title='bbox 2978 1012 3133 1065; x_wconf 87' lang='lat' dir='ltr'><strong>sinus</strong></span> <span class='ocrx_word' id='word_1_253' title='bbox 3165 1012 3391 1067; x_wconf 88' lang='lat' dir='ltr'><strong>intimos</strong></span> <span class='ocrx_word' id='word_1_254' title='bbox 3423 1028 3517 1067; x_wconf 87' lang='lat' dir='ltr'><strong>co-</strong></span> 
     </span>
    </p>
   </div>
   <div class='ocr_carea' id='block_1_35' title="bbox 1944 1101 3517 1180">
    <p class='ocr_par' dir='ltr' id='par_1_35' title="bbox 1944 1101 3517 1180">
     <span class='ocr_line' id='line_1_35' title="bbox 1944 1101 3517 1180; baseline -0.005 -15"><span class='ocrx_word' id='word_1_255' title='bbox 1944 1112 2110 1180; x_wconf 89' lang='lat' dir='ltr'><strong>piam,</strong></span> <span class='ocrx_word' id='word_1_256' title='bbox 2141 1110 2292 1165; x_wconf 88' lang='lat' dir='ltr'><strong>velut</strong></span> <span class='ocrx_word' id='word_1_257' title='bbox 2326 1110 2379 1161; x_wconf 94' lang='lat' dir='ltr'><strong>in</strong></span> <span class='ocrx_word' id='word_1_258' title='bbox 2421 1107 2710 1161; x_wconf 85' lang='lat' dir='ltr'><strong>thesauros</strong></span> <span class='ocrx_word' id='word_1_259' title='bbox 2740 1104 2919 1172; x_wconf 87' lang='lat' dir='ltr'><strong>regios</strong></span> <span class='ocrx_word' id='word_1_260' title='bbox 2951 1101 3180 1156; x_wconf 88' lang='lat' dir='ltr'><strong>abdidit.</strong></span> <span class='ocrx_word' id='word_1_261' title='bbox 3220 1103 3294 1155; x_wconf 91' lang='lat' dir='ltr'><strong>Ita</strong></span> <span class='ocrx_word' id='word_1_262' title='bbox 3319 1103 3517 1157; x_wconf 85' lang='lat' dir='ltr'><strong>deinde</strong></span> 
     </span>
    </p>
   </div>
   <div class='ocr_carea' id='block_1_36' title="bbox 1946 1192 3515 1268">
    <p class='ocr_par' dir='ltr' id='par_1_36' title="bbox 1946 1192 3515 1268">
     <span class='ocr_line' id='line_1_36' title="bbox 1946 1192 3515 1268; baseline -0.005 -13"><span class='ocrx_word' id='word_1_263' title='bbox 1946 1202 2222 1255; x_wconf 88' lang='lat' dir='ltr'><strong>hominem</strong></span> <span class='ocrx_word' id='word_1_264' title='bbox 2277 1197 2587 1268; x_wconf 78' lang='lat' dir='ltr'><strong>designavit</strong></span> <span class='ocrx_word' id='word_1_265' title='bbox 2640 1195 2835 1248; x_wconf 90' lang='lat' dir='ltr'><strong>horum</strong></span> <span class='ocrx_word' id='word_1_266' title='bbox 2888 1192 3078 1245; x_wconf 89' lang='lat' dir='ltr'><strong>mundi</strong></span> <span class='ocrx_word' id='word_1_267' title='bbox 3127 1193 3515 1247; x_wconf 84' lang='lat' dir='ltr'><strong>miraculorum</strong></span> 
     </span>
    </p>
   </div>
   <div class='ocr_carea' id='block_1_37' title="bbox 1948 1283 3617 1363">
    <p class='ocr_par' dir='ltr' id='par_1_37' title="bbox 1948 1283 3617 1363">
     <span class='ocr_line' id='line_1_37' title="bbox 1948 1283 3617 1363; baseline -0.004 -19"><span class='ocrx_word' id='word_1_268' title='bbox 1948 1293 2144 1363; x_wconf 84' lang='lat' dir='ltr'><strong>partim</strong></span> <span class='ocrx_word' id='word_1_269' title='bbox 2170 1298 2552 1360; x_wconf 88' lang='lat' dir='ltr'><strong>spectatorem,</strong></span> <span class='ocrx_word' id='word_1_270' title='bbox 2580 1286 2779 1357; x_wconf 78' lang='lat' dir='ltr'><strong>partim</strong></span> <span class='ocrx_word' id='word_1_271' title='bbox 2806 1283 3217 1352; x_wconf 89' lang='lat' dir='ltr'><strong>dominum,qui</strong></span> <span class='ocrx_word' id='word_1_272' title='bbox 3236 1284 3302 1337; x_wconf 92' lang='lat' dir='ltr'><strong>de</strong></span> <span class='ocrx_word' id='word_1_273' title='bbox 3321 1284 3516 1338; x_wconf 89' lang='lat' dir='ltr'><strong>horum</strong></span> <span class='ocrx_word' id='word_1_274' title='bbox 3599 1308 3617 1327; x_wconf 65' lang='grc' dir='ltr'><em>ν</em></span> 
     </span>
    </p>
   </div>
   <div class='ocr_carea' id='block_1_38' title="bbox 1951 1376 3519 1451">
    <p class='ocr_par' dir='ltr' id='par_1_38' title="bbox 1951 1376 3519 1451">
     <span class='ocr_line' id='line_1_38' title="bbox 1951 1376 3519 1451; baseline -0.004 -13"><span class='ocrx_word' id='word_1_275' title='bbox 1951 1384 2212 1451; x_wconf 82' lang='lat' dir='ltr'><strong>fruitione</strong></span> <span class='ocrx_word' id='word_1_276' title='bbox 2261 1380 2589 1451; x_wconf 84' lang='lat' dir='ltr'><strong>sapientiam</strong></span> <span class='ocrx_word' id='word_1_277' title='bbox 2643 1379 2782 1446; x_wconf 85' lang='lat' dir='ltr'><strong>ejus,</strong></span> <span class='ocrx_word' id='word_1_278' title='bbox 2820 1376 2912 1446; x_wconf 82' lang='lat' dir='ltr'><strong>qui</strong></span> <span class='ocrx_word' id='word_1_279' title='bbox 2948 1376 3063 1430; x_wconf 55' lang='lat' dir='ltr'><strong>haec</strong></span> <span class='ocrx_word' id='word_1_280' title='bbox 3106 1376 3519 1432; x_wconf 79' lang='lat' dir='ltr'><strong>Stthministras-</strong></span> 
     </span>
    </p>
   </div>
   <div class='ocr_carea' id='block_1_39' title="bbox 1949 1468 3520 1543">
    <p class='ocr_par' dir='ltr' id='par_1_39' title="bbox 1949 1468 3520 1543">
     <span class='ocr_line' id='line_1_39' title="bbox 1949 1468 3520 1543; baseline -0.004 -14"><span class='ocrx_word' id='word_1_281' title='bbox 1949 1483 2051 1537; x_wconf 89' lang='lat' dir='ltr'><strong>set,</strong></span> <span class='ocrx_word' id='word_1_282' title='bbox 2095 1484 2455 1543; x_wconf 80' lang='lat' dir='ltr'><strong>agnosceret:</strong></span> <span class='ocrx_word' id='word_1_283' title='bbox 2489 1472 2555 1525; x_wconf 90' lang='lat' dir='ltr'><strong>de</strong></span> <span class='ocrx_word' id='word_1_284' title='bbox 2589 1468 2999 1536; x_wconf 84' lang='lat' dir='ltr'><strong>pulchritudine</strong></span> <span class='ocrx_word' id='word_1_285' title='bbox 3024 1482 3154 1521; x_wconf 89' lang='lat' dir='ltr'><strong>vero</strong></span> <span class='ocrx_word' id='word_1_286' title='bbox 3186 1468 3520 1537; x_wconf 87' lang='lat' dir='ltr'><strong>magnitudi-</strong></span> 
     </span>
    </p>
   </div>
   <div class='ocr_carea' id='block_1_40' title="bbox 1948 1560 3521 1636">
    <p class='ocr_par' dir='ltr' id='par_1_40' title="bbox 1948 1560 3521 1636">
     <span class='ocr_line' id='line_1_40' title="bbox 1948 1560 3521 1636; baseline -0.004 -16"><span class='ocrx_word' id='word_1_287' title='bbox 1948 1581 2124 1636; x_wconf 84' lang='lat' dir='ltr'><strong>neque</strong></span> <span class='ocrx_word' id='word_1_288' title='bbox 2155 1566 2493 1627; x_wconf 88' lang='lat' dir='ltr'><strong>eorumdem,</strong></span> <span class='ocrx_word' id='word_1_289' title='bbox 2523 1563 2792 1617; x_wconf 86' lang='lat' dir='ltr'><strong>creatoris</strong></span> <span class='ocrx_word' id='word_1_290' title='bbox 2825 1569 3145 1632; x_wconf 85' lang='lat' dir='ltr'><strong>potestatem</strong></span> <span class='ocrx_word' id='word_1_291' title='bbox 3171 1560 3521 1629; x_wconf 88' lang='lat' dir='ltr'><strong>investigaret</strong></span> 
     </span>
    </p>
   </div>
   <div class='ocr_carea' id='block_1_41' title="bbox 1950 1654 3520 1726">
    <p class='ocr_par' dir='ltr' id='par_1_41' title="bbox 1950 1654 3520 1726">
     <span class='ocr_line' id='line_1_41' title="bbox 1950 1654 3520 1726; baseline -0.003 -14"><span class='ocrx_word' id='word_1_292' title='bbox 1950 1658 2245 1726; x_wconf 62' lang='lat' dir='ltr'><strong>illam,qum</strong></span> <span class='ocrx_word' id='word_1_293' title='bbox 2261 1670 2439 1725; x_wconf 90' lang='lat' dir='ltr'><strong>neque</strong></span> <span class='ocrx_word' id='word_1_294' title='bbox 2457 1654 2845 1723; x_wconf 86' lang='lat' dir='ltr'><strong>comprehendi</strong></span> <span class='ocrx_word' id='word_1_295' title='bbox 2870 1654 3290 1722; x_wconf 81' lang='lat' dir='ltr'><strong>rationc,neque</strong></span> <span class='ocrx_word' id='word_1_296' title='bbox 3318 1669 3382 1707; x_wconf 84' lang='lat' dir='ltr'><strong>ex</strong></span> <span class='ocrx_word' id='word_1_297' title='bbox 3394 1654 3520 1722; x_wconf 88' lang='lat' dir='ltr'><strong>poni</strong></span> 
     </span>
    </p>
   </div>
   <div class='ocr_carea' id='block_1_42' title="bbox 1949 1745 3519 1816">
    <p class='ocr_par' dir='ltr' id='par_1_42' title="bbox 1949 1745 3519 1816">
     <span class='ocr_line' id='line_1_42' title="bbox 1949 1745 3519 1816; baseline -0.002 -13"><span class='ocrx_word' id='word_1_298' title='bbox 1949 1748 2255 1803; x_wconf 81' lang='lat' dir='ltr'><strong>enarranda</strong></span> <span class='ocrx_word' id='word_1_299' title='bbox 2273 1756 2466 1816; x_wconf 86' lang='lat' dir='ltr'><strong>potest.</strong></span> <span class='ocrx_word' id='word_1_300' title='bbox 2489 1745 2578 1798; x_wconf 70' lang='grc' dir='ltr'>Ηςιι</span> <span class='ocrx_word' id='word_1_301' title='bbox 2604 1746 2768 1816; x_wconf 79' lang='lat' dir='ltr'><strong>igitur</strong></span> <span class='ocrx_word' id='word_1_302' title='bbox 2789 1762 2971 1800; x_wconf 70' lang='lat' dir='ltr'><strong>causae</strong></span> <span class='ocrx_word' id='word_1_303' title='bbox 2993 1755 3143 1808; x_wconf 91' lang='lat' dir='ltr'><strong>sunt,</strong></span> <span class='ocrx_word' id='word_1_304' title='bbox 3165 1745 3519 1814; x_wconf 87' lang='lat' dir='ltr'><strong>quamobrem</strong></span> 
     </span>
    </p>
   </div>
   <div class='ocr_carea' id='block_1_43' title="bbox 1949 1820 3520 1907">
    <p class='ocr_par' dir='ltr' id='par_1_43' title="bbox 1949 1820 3520 1907">
     <span class='ocr_line' id='line_1_43' title="bbox 1949 1820 3520 1907; baseline 0.001 -17"><span class='ocrx_word' id='word_1_305' title='bbox 1949 1846 2070 1907; x_wconf 87' lang='lat' dir='ltr'><strong>post</strong></span> <span class='ocrx_word' id='word_1_306' title='bbox 2121 1848 2305 1892; x_wconf 87' lang='lat' dir='ltr'><strong>creata</strong></span> <span class='ocrx_word' id='word_1_307' title='bbox 2341 1820 2535 1892; x_wconf 63' lang='lat' dir='ltr'><strong>caetera</strong></span> <span class='ocrx_word' id='word_1_308' title='bbox 2589 1838 2846 1891; x_wconf 89' lang='lat' dir='ltr'><strong>conditus</strong></span> <span class='ocrx_word' id='word_1_309' title='bbox 2895 1837 3060 1892; x_wconf 91' lang='lat' dir='ltr'><strong>homo</strong></span> <span class='ocrx_word' id='word_1_310' title='bbox 3089 1838 3179 1893; x_wconf 90' lang='lat' dir='ltr'><strong>sit.</strong></span> <span class='ocrx_word' id='word_1_311' title='bbox 3217 1836 3335 1891; x_wconf 84' lang='lat' dir='ltr'><strong>Non</strong></span> <span class='ocrx_word' id='word_1_312' title='bbox 3373 1837 3520 1891; x_wconf 88' lang='lat' dir='ltr'><strong>enim</strong></span> 
     </span>
    </p>
   </div>
   <div class='ocr_carea' id='block_1_44' title="bbox 1948 1926 3520 1997">
    <p class='ocr_par' dir='ltr' id='par_1_44' title="bbox 1948 1926 3520 1997">
     <span class='ocr_line' id='line_1_44' title="bbox 1948 1926 3520 1997; baseline 0.001 -17"><span class='ocrx_word' id='word_1_313' title='bbox 1948 1928 2250 1997; x_wconf 84' lang='lat' dir='ltr'><strong>putandum</strong></span> <span class='ocrx_word' id='word_1_314' title='bbox 2279 1935 2382 1993; x_wconf 90' lang='lat' dir='ltr'><strong>est,</strong></span> <span class='ocrx_word' id='word_1_315' title='bbox 2410 1926 2616 1980; x_wconf 85' lang='lat' dir='ltr'><strong>idcirco</strong></span> <span class='ocrx_word' id='word_1_316' title='bbox 2647 1926 2715 1979; x_wconf 90' lang='lat' dir='ltr'><strong>ad</strong></span> <span class='ocrx_word' id='word_1_317' title='bbox 2745 1934 2991 1981; x_wconf 79' lang='lat' dir='ltr'><strong>extrema</strong></span> <span class='ocrx_word' id='word_1_318' title='bbox 3031 1927 3296 1996; x_wconf 84' lang='lat' dir='ltr'><strong>rejectum</strong></span> <span class='ocrx_word' id='word_1_319' title='bbox 3329 1926 3520 1991; x_wconf 78' lang='lat' dir='ltr'><strong>fuisse,</strong></span> 
     </span>
    </p>
   </div>
   <div class='ocr_carea' id='block_1_45' title="bbox 1950 2017 3526 2092">
    <p class='ocr_par' dir='ltr' id='par_1_45' title="bbox 1950 2017 3526 2092">
     <span class='ocr_line' id='line_1_45' title="bbox 1950 2017 3526 2092; baseline 0 -19"><span class='ocrx_word' id='word_1_320' title='bbox 1950 2020 2093 2092; x_wconf 89' lang='lat' dir='ltr'><strong>quod</strong></span> <span class='ocrx_word' id='word_1_321' title='bbox 2128 2020 2252 2073; x_wconf 85' lang='lat' dir='ltr'><strong>vilis</strong></span> <span class='ocrx_word' id='word_1_322' title='bbox 2280 2026 2446 2077; x_wconf 85' lang='lat' dir='ltr'><strong>esset.</strong></span> <span class='ocrx_word' id='word_1_323' title='bbox 2481 2018 2576 2072; x_wconf 91' lang='lat' dir='ltr'><strong>sed</strong></span> <span class='ocrx_word' id='word_1_324' title='bbox 2609 2017 2752 2085; x_wconf 89' lang='lat' dir='ltr'><strong>quod</strong></span> <span class='ocrx_word' id='word_1_325' title='bbox 2788 2033 2912 2071; x_wconf 91' lang='lat' dir='ltr'><strong>eum</strong></span> <span class='ocrx_word' id='word_1_326' title='bbox 2944 2018 3129 2070; x_wconf 88' lang='lat' dir='ltr'><strong>statim</strong></span> <span class='ocrx_word' id='word_1_327' title='bbox 3169 2017 3236 2070; x_wconf 89' lang='lat' dir='ltr'><strong>ab</strong></span> <span class='ocrx_word' id='word_1_328' title='bbox 3266 2028 3391 2071; x_wconf 85' lang='lat' dir='ltr'><strong>ortu</strong></span> <span class='ocrx_word' id='word_1_329' title='bbox 3421 2033 3526 2073; x_wconf 90' lang='lat' dir='ltr'><strong>suo</strong></span> 
     </span>
    </p>
   </div>
   <div class='ocr_carea' id='block_1_46' title="bbox 1950 2109 3523 2179">
    <p class='ocr_par' dir='ltr' id='par_1_46' title="bbox 1950 2109 3523 2179">
     <span class='ocr_line' id='line_1_46' title="bbox 1950 2109 3523 2179; baseline 0.001 -16"><span class='ocrx_word' id='word_1_330' title='bbox 1950 2110 2285 2179; x_wconf 85' lang='lat' dir='ltr'><strong>reliquorum</strong></span> <span class='ocrx_word' id='word_1_331' title='bbox 2316 2110 2563 2162; x_wconf 90' lang='lat' dir='ltr'><strong>omnium</strong></span> <span class='ocrx_word' id='word_1_332' title='bbox 2603 2116 2864 2176; x_wconf 84' lang='lat' dir='ltr'><strong>tanquam</strong></span> <span class='ocrx_word' id='word_1_333' title='bbox 2916 2109 3286 2174; x_wconf 86' lang='lat' dir='ltr'><strong>subditorum,</strong></span> <span class='ocrx_word' id='word_1_334' title='bbox 3340 2126 3523 2179; x_wconf 86' lang='lat' dir='ltr'><strong>regem</strong></span> 
     </span>
    </p>
   </div>
   <div class='ocr_carea' id='block_1_47' title="bbox 1891 2199 3521 2282">
    <p class='ocr_par' dir='ltr' id='par_1_47' title="bbox 1891 2199 3521 2282">
     <span class='ocr_line' id='line_1_47' title="bbox 1891 2199 3521 2282; baseline 0 -28"><span class='ocrx_word' id='word_1_335' title='bbox 1891 2215 2074 2282; x_wconf 56' lang='lat' dir='ltr'><strong>:.esse</strong></span> <span class='ocrx_word' id='word_1_336' title='bbox 2125 2200 2438 2268; x_wconf 82' lang='lat' dir='ltr'><strong>oportebat.</strong></span> <span class='ocrx_word' id='word_1_337' title='bbox 2510 2200 2688 2268; x_wconf 84' lang='lat' dir='ltr'><strong>Atque</strong></span> <span class='ocrx_word' id='word_1_338' title='bbox 2750 2209 2810 2251; x_wconf 88' lang='lat' dir='ltr'><strong>ut</strong></span> <span class='ocrx_word' id='word_1_339' title='bbox 2858 2199 3111 2269; x_wconf 80' lang='lat' dir='ltr'><strong>egregius</strong></span> <span class='ocrx_word' id='word_1_340' title='bbox 3164 2202 3521 2264; x_wconf 86' lang='lat' dir='ltr'><strong>convivator,</strong></span> 
     </span>
    </p>
   </div>
   <div class='ocr_carea' id='block_1_48' title="bbox 1946 2278 3519 2359">
    <p class='ocr_par' dir='ltr' id='par_1_48' title="bbox 1946 2278 3519 2359">
     <span class='ocr_line' id='line_1_48' title="bbox 1946 2278 3519 2359; baseline 0.001 -14"><span class='ocrx_word' id='word_1_341' title='bbox 1946 2278 2243 2359; x_wconf 82' lang='lat' dir='ltr'><strong>antequam</strong></span> <span class='ocrx_word' id='word_1_342' title='bbox 2271 2289 2378 2343; x_wconf 91' lang='lat' dir='ltr'><strong>cibi</strong></span> <span class='ocrx_word' id='word_1_343' title='bbox 2415 2290 2590 2358; x_wconf 83' lang='lat' dir='ltr'><strong>parati</strong></span> <span class='ocrx_word' id='word_1_344' title='bbox 2625 2290 2755 2351; x_wconf 90' lang='lat' dir='ltr'><strong>sint,</strong></span> <span class='ocrx_word' id='word_1_345' title='bbox 2789 2291 3073 2343; x_wconf 82' lang='lat' dir='ltr'><strong>convivam</strong></span> <span class='ocrx_word' id='word_1_346' title='bbox 3107 2291 3326 2345; x_wconf 88' lang='lat' dir='ltr'><strong>domum</strong></span> <span class='ocrx_word' id='word_1_347' title='bbox 3363 2308 3519 2347; x_wconf 87' lang='lat' dir='ltr'><strong>suam</strong></span> 
     </span>
    </p>
   </div>
   <div class='ocr_carea' id='block_1_49' title="bbox 1952 2379 3526 2451">
    <p class='ocr_par' dir='ltr' id='par_1_49' title="bbox 1952 2379 3526 2451">
     <span class='ocr_line' id='line_1_49' title="bbox 1952 2379 3526 2451; baseline 0.003 -17"><span class='ocrx_word' id='word_1_348' title='bbox 1952 2395 2061 2435; x_wconf 89' lang='lat' dir='ltr'><strong>non</strong></span> <span class='ocrx_word' id='word_1_349' title='bbox 2129 2380 2388 2444; x_wconf 87' lang='lat' dir='ltr'><strong>deducit;</strong></span> <span class='ocrx_word' id='word_1_350' title='bbox 2465 2379 2557 2434; x_wconf 89' lang='lat' dir='ltr'><strong>sed</strong></span> <span class='ocrx_word' id='word_1_351' title='bbox 2620 2381 2877 2435; x_wconf 84' lang='lat' dir='ltr'><strong>omnibus</strong></span> <span class='ocrx_word' id='word_1_352' title='bbox 2943 2382 3180 2451; x_wconf 90' lang='lat' dir='ltr'><strong>primum</strong></span> <span class='ocrx_word' id='word_1_353' title='bbox 3249 2383 3526 2451; x_wconf 81' lang='lat' dir='ltr'><strong>eleganter</strong></span> 
     </span>
    </p>
   </div>
   <div class='ocr_carea' id='block_1_50' title="bbox 1953 2472 3528 2543">
    <p class='ocr_par' dir='ltr' id='par_1_50' title="bbox 1953 2472 3528 2543">
     <span class='ocr_line' id='line_1_50' title="bbox 1953 2472 3528 2543; baseline 0 -16"><span class='ocrx_word' id='word_1_354' title='bbox 1953 2472 2260 2537; x_wconf 90' lang='lat' dir='ltr'><strong>instructis,</strong></span> <span class='ocrx_word' id='word_1_355' title='bbox 2313 2473 2558 2537; x_wconf 70' lang='lat' dir='ltr'><strong>aedibus,</strong></span> <span class='ocrx_word' id='word_1_356' title='bbox 2615 2473 2938 2535; x_wconf 74' lang='lat' dir='ltr'><strong>ccenaculo,</strong></span> <span class='ocrx_word' id='word_1_357' title='bbox 3000 2487 3191 2526; x_wconf 88' lang='lat' dir='ltr'><strong>mensa</strong></span> <span class='ocrx_word' id='word_1_358' title='bbox 3242 2474 3528 2543; x_wconf 80' lang='lat' dir='ltr'><strong>Splendide</strong></span> 
     </span>
    </p>
   </div>
   <div class='ocr_carea' id='block_1_51' title="bbox 1952 2563 3527 2632">
    <p class='ocr_par' dir='ltr' id='par_1_51' title="bbox 1952 2563 3527 2632">
     <span class='ocr_line' id='line_1_51' title="bbox 1952 2563 3527 2632; baseline 0.001 -13"><span class='ocrx_word' id='word_1_359' title='bbox 1952 2564 2255 2627; x_wconf 81' lang='lat' dir='ltr'><strong>exornatis,</strong></span> <span class='ocrx_word' id='word_1_360' title='bbox 2312 2564 2477 2618; x_wconf 87' lang='lat' dir='ltr'><strong>rebus</strong></span> <span class='ocrx_word' id='word_1_361' title='bbox 2520 2563 2758 2632; x_wconf 86' lang='lat' dir='ltr'><strong>denique</strong></span> <span class='ocrx_word' id='word_1_362' title='bbox 2792 2564 2857 2617; x_wconf 87' lang='lat' dir='ltr'><strong>ad</strong></span> <span class='ocrx_word' id='word_1_363' title='bbox 2936 2564 3139 2618; x_wconf 87' lang='lat' dir='ltr'><strong>victum</strong></span> <span class='ocrx_word' id='word_1_364' title='bbox 3191 2567 3527 2621; x_wconf 84' lang='lat' dir='ltr'><strong>necessariis</strong></span> 
     </span>
    </p>
   </div>
   <div class='ocr_carea' id='block_1_52' title="bbox 276 2624 1870 2741">
    <p class='ocr_par' dir='ltr' id='par_1_52' title="bbox 276 2624 1850 2741">
     <span class='ocr_line' id='line_1_52' title="bbox 280 2624 1818 2642; baseline -0.013 7"><span class='ocrx_word' id='word_1_365' title='bbox 280 2624 505 2637; x_wconf 67' lang='lat' dir='ltr'><strong>&quot;&#39;&quot;m&#39;&quot;</strong></span> <span class='ocrx_word' id='word_1_366' title='bbox 530 2624 787 2642; x_wconf 59' lang='lat'><strong>&quot;&quot;&quot;&quot;&quot;&#39;§</strong></span> <span class='ocrx_word' id='word_1_367' title='bbox 837 2624 847 2642; x_wconf 79' lang='grc' dir='ltr'><strong>ι</strong></span> <span class='ocrx_word' id='word_1_368' title='bbox 932 2624 948 2634; x_wconf 85' lang='lat'><strong>-</strong></span> <span class='ocrx_word' id='word_1_369' title='bbox 1031 2624 1041 2639; x_wconf 85' lang='grc' dir='ltr'><strong>ι</strong></span> <span class='ocrx_word' id='word_1_370' title='bbox 1207 2624 1218 2637; x_wconf 77' lang='grc' dir='ltr'><strong>ο</strong></span> <span class='ocrx_word' id='word_1_371' title='bbox 1315 2624 1326 2631; x_wconf 84' lang='grc' dir='ltr'><em>ι</em></span> <span class='ocrx_word' id='word_1_372' title='bbox 1539 2624 1552 2636; x_wconf 89' lang='grc'><strong>.</strong></span> <span class='ocrx_word' id='word_1_373' title='bbox 1612 2624 1624 2635; x_wconf 90' lang='grc'><strong>.</strong></span> <span class='ocrx_word' id='word_1_374' title='bbox 1693 2624 1704 2632; x_wconf 90' lang='grc'>.</span> <span class='ocrx_word' id='word_1_375' title='bbox 1807 2624 1818 2634; x_wconf 87' lang='grc'><strong>,</strong></span> 
     </span>
     <span class='ocr_line' id='line_1_53' title="bbox 276 2655 1850 2741; baseline -0.011 -17"><span class='ocrx_word' id='word_1_376' title='bbox 276 2673 489 2741; x_wconf 84' lang='grc' dir='ltr'>ταύτην</span> <span class='ocrx_word' id='word_1_377' title='bbox 538 2666 633 2721; x_wconf 72' lang='grc' dir='ltr'><strong>καὶ</strong></span> <span class='ocrx_word' id='word_1_378' title='bbox 679 2662 991 2730; x_wconf 84' lang='grc' dir='ltr'>παντοδαπῆ</span> <span class='ocrx_word' id='word_1_379' title='bbox 1041 2657 1358 2712; x_wconf 88' lang='grc' dir='ltr'>πανδαισίαν</span> <span class='ocrx_word' id='word_1_380' title='bbox 1409 2655 1850 2725; x_wconf 81' lang='grc' dir='ltr'>ἑτοιμασάμενος,</span> 
     </span>
    </p>
   </div>
   <div class='ocr_carea' id='block_1_53' title="bbox 1954 2624 3525 2741">
    <p class='ocr_par' dir='ltr' id='par_1_53' title="bbox 1954 2654 3525 2726">
     <span class='ocr_line' id='line_1_54' title="bbox 1954 2654 3525 2726; baseline 0.002 -16"><span class='ocrx_word' id='word_1_381' title='bbox 1954 2656 2206 2710; x_wconf 90' lang='lat' dir='ltr'><strong>omnibus</strong></span> <span class='ocrx_word' id='word_1_382' title='bbox 2224 2654 2580 2723; x_wconf 89' lang='lat' dir='ltr'><strong>comparatis,</strong></span> <span class='ocrx_word' id='word_1_383' title='bbox 2604 2662 2717 2715; x_wconf 90' lang='lat' dir='ltr'><strong>tum</strong></span> <span class='ocrx_word' id='word_1_384' title='bbox 2746 2654 2943 2710; x_wconf 89' lang='lat' dir='ltr'><strong>deinde</strong></span> <span class='ocrx_word' id='word_1_385' title='bbox 2967 2655 3253 2709; x_wconf 89' lang='lat' dir='ltr'><strong>convivam</strong></span> <span class='ocrx_word' id='word_1_386' title='bbox 3277 2658 3481 2726; x_wconf 76' lang='lat' dir='ltr'><strong>excipit</strong></span> <span class='ocrx_word' id='word_1_387' title='bbox 3509 2677 3525 2713; x_wconf 92' lang='lat'><strong>:</strong></span> 
     </span>
    </p>
   </div>
   <div class='ocr_carea' id='block_1_54' title="bbox 277 2745 1854 2825">
    <p class='ocr_par' dir='ltr' id='par_1_54' title="bbox 277 2745 1854 2825">
     <span class='ocr_line' id='line_1_55' title="bbox 277 2745 1854 2825; baseline -0.011 -9"><span class='ocrx_word' id='word_1_388' title='bbox 277 2763 457 2823; x_wconf 70' lang='grc' dir='ltr'>οὕτως</span> <span class='ocrx_word' id='word_1_389' title='bbox 485 2757 693 2825; x_wconf 81' lang='grc' dir='ltr'>εἰσάγει</span> <span class='ocrx_word' id='word_1_390' title='bbox 717 2754 805 2807; x_wconf 78' lang='grc' dir='ltr'>τὸν</span> <span class='ocrx_word' id='word_1_391' title='bbox 835 2751 1139 2821; x_wconf 79' lang='grc' dir='ltr'>ἄνθρωπον,</span> <span class='ocrx_word' id='word_1_392' title='bbox 1176 2747 1332 2818; x_wconf 81' lang='grc' dir='ltr'>ἔργον</span> <span class='ocrx_word' id='word_1_393' title='bbox 1354 2746 1501 2817; x_wconf 81' lang='grc' dir='ltr'>αὐτῷ</span> <span class='ocrx_word' id='word_1_394' title='bbox 1527 2747 1650 2809; x_wconf 77' lang='grc' dir='ltr'>δοὺς</span> <span class='ocrx_word' id='word_1_395' title='bbox 1674 2747 1733 2799; x_wconf 89' lang='grc' dir='ltr'><strong>ού</strong></span> <span class='ocrx_word' id='word_1_396' title='bbox 1757 2745 1854 2815; x_wconf 87' lang='grc' dir='ltr'>τὴν</span> 
     </span>
    </p>
   </div>
   <div class='ocr_carea' id='block_1_55' title="bbox 278 2836 1854 2923">
    <p class='ocr_par' dir='ltr' id='par_1_55' title="bbox 278 2836 1854 2923">
     <span class='ocr_line' id='line_1_56' title="bbox 278 2836 1854 2923; baseline -0.013 -15"><span class='ocrx_word' id='word_1_397' title='bbox 278 2854 479 2923; x_wconf 79' lang='grc' dir='ltr'>κτῆσιν</span> <span class='ocrx_word' id='word_1_398' title='bbox 516 2849 622 2902; x_wconf 88' lang='grc' dir='ltr'><strong>τῶν</strong></span> <span class='ocrx_word' id='word_1_399' title='bbox 649 2846 723 2917; x_wconf 78' lang='grc' dir='ltr'>μὴ</span> <span class='ocrx_word' id='word_1_400' title='bbox 751 2844 1078 2915; x_wconf 88' lang='grc' dir='ltr'>προσόντων,</span> <span class='ocrx_word' id='word_1_401' title='bbox 1108 2840 1244 2894; x_wconf 87' lang='grc' dir='ltr'><strong>ἀλλά</strong></span> <span class='ocrx_word' id='word_1_402' title='bbox 1284 2839 1383 2910; x_wconf 83' lang='grc' dir='ltr'>τὴν</span> <span class='ocrx_word' id='word_1_403' title='bbox 1416 2837 1710 2891; x_wconf 83' lang='grc' dir='ltr'>ἀπόλαυσιν</span> <span class='ocrx_word' id='word_1_404' title='bbox 1747 2836 1854 2889; x_wconf 91' lang='grc' dir='ltr'><strong>τῶν</strong></span> 
     </span>
    </p>
   </div>
   <div class='ocr_carea' id='block_1_56' title="bbox 279 2929 1857 3015">
    <p class='ocr_par' dir='ltr' id='par_1_56' title="bbox 279 2929 1857 3015">
     <span class='ocr_line' id='line_1_57' title="bbox 279 2929 1857 3015; baseline -0.012 -15"><span class='ocrx_word' id='word_1_405' title='bbox 279 2945 591 3015; x_wconf 81' lang='grc' dir='ltr'>παρόντων.</span> <span class='ocrx_word' id='word_1_406' title='bbox 645 2938 756 2993; x_wconf 68' lang='grc' dir='ltr'><strong>Κα)⁸</strong></span> <span class='ocrx_word' id='word_1_407' title='bbox 797 2935 885 2989; x_wconf 80' lang='grc' dir='ltr'>διὰ</span> <span class='ocrx_word' id='word_1_408' title='bbox 934 2933 1088 2987; x_wconf 82' lang='grc' dir='ltr'>τοῦτο</span> <span class='ocrx_word' id='word_1_409' title='bbox 1135 2931 1327 2994; x_wconf 79' lang='grc' dir='ltr'>διπλᾶς</span> <span class='ocrx_word' id='word_1_410' title='bbox 1363 2929 1512 2999; x_wconf 87' lang='grc' dir='ltr'>αύτῷ</span> <span class='ocrx_word' id='word_1_411' title='bbox 1558 2929 1656 2999; x_wconf 81' lang='grc' dir='ltr'>τῆς</span> <span class='ocrx_word' id='word_1_412' title='bbox 1697 2946 1857 2981; x_wconf 89' lang='grc' dir='ltr'>κατα-</span> 
     </span>
    </p>
   </div>
   <div class='ocr_carea' id='block_1_57' title="bbox 282 3019 1858 3102">
    <p class='ocr_par' dir='ltr' id='par_1_57' title="bbox 282 3019 1858 3102">
     <span class='ocr_line' id='line_1_58' title="bbox 282 3019 1858 3102; baseline -0.011 -13"><span class='ocrx_word' id='word_1_413' title='bbox 282 3033 491 3102; x_wconf 81' lang='grc' dir='ltr'>σκευῆς</span> <span class='ocrx_word' id='word_1_414' title='bbox 512 3030 609 3093; x_wconf 80' lang='grc' dir='ltr'><strong>τὰς</strong></span> <span class='ocrx_word' id='word_1_415' title='bbox 629 3025 880 3098; x_wconf 85' lang='grc' dir='ltr'>ἀφορμὰς</span> <span class='ocrx_word' id='word_1_416' title='bbox 902 3022 1313 3085; x_wconf 84' lang='grc' dir='ltr'>καταϐάλλεται,</span> <span class='ocrx_word' id='word_1_417' title='bbox 1338 3020 1414 3091; x_wconf 81' lang='grc' dir='ltr'><strong>τῷ</strong></span> <span class='ocrx_word' id='word_1_418' title='bbox 1434 3020 1604 3091; x_wconf 73' lang='grc' dir='ltr'>γηίνῳ</span> <span class='ocrx_word' id='word_1_419' title='bbox 1633 3019 1693 3071; x_wconf 79' lang='grc' dir='ltr'><strong>τὸ</strong></span> <span class='ocrx_word' id='word_1_420' title='bbox 1717 3020 1858 3073; x_wconf 87' lang='grc' dir='ltr'>θεῖον</span> 
     </span>
    </p>
   </div>
   <div class='ocr_carea' id='block_1_58' title="bbox 282 3110 1901 3193">
    <p class='ocr_par' dir='ltr' id='par_1_58' title="bbox 282 3110 1901 3193">
     <span class='ocr_line' id='line_1_59' title="bbox 282 3110 1901 3193; baseline -0.01 -15"><span class='ocrx_word' id='word_1_421' title='bbox 282 3120 684 3193; x_wconf 78' lang='grc' dir='ltr'>ἐγκαταμίξας·</span> <span class='ocrx_word' id='word_1_422' title='bbox 737 3119 823 3171; x_wconf 87' lang='grc' dir='ltr'><strong>ἴνα</strong></span> <span class='ocrx_word' id='word_1_423' title='bbox 868 3115 937 3168; x_wconf 85' lang='grc' dir='ltr'>δι’</span> <span class='ocrx_word' id='word_1_424' title='bbox 976 3111 1297 3183; x_wconf 81' lang='grc' dir='ltr'>ἀμφοτέρων</span> <span class='ocrx_word' id='word_1_425' title='bbox 1352 3110 1624 3179; x_wconf 83' lang='grc' dir='ltr'>συγγενῶς</span> <span class='ocrx_word' id='word_1_426' title='bbox 1663 3127 1721 3165; x_wconf 89' lang='grc' dir='ltr'><strong>τε</strong></span> <span class='ocrx_word' id='word_1_427' title='bbox 1764 3112 1858 3163; x_wconf 59' lang='grc' dir='ltr'><strong>καὶ⁸</strong></span> <span class='ocrx_word' id='word_1_428' title='bbox 1880 3116 1901 3147; x_wconf 54' lang='lat'><strong>&#39;1</strong></span> 
     </span>
    </p>
   </div>
   <div class='ocr_carea' id='block_1_59' title="bbox 280 3203 1855 3287">
    <p class='ocr_par' dir='ltr' id='par_1_59' title="bbox 280 3203 1855 3287">
     <span class='ocr_line' id='line_1_60' title="bbox 280 3203 1855 3287; baseline -0.012 -13"><span class='ocrx_word' id='word_1_429' title='bbox 280 3219 504 3281; x_wconf 83' lang='grc' dir='ltr'>οἰκείως</span> <span class='ocrx_word' id='word_1_430' title='bbox 546 3213 681 3287; x_wconf 82' lang='grc' dir='ltr'>πρὸς</span> <span class='ocrx_word' id='word_1_431' title='bbox 716 3208 980 3281; x_wconf 82' lang='grc' dir='ltr'>ἑκατέραν</span> <span class='ocrx_word' id='word_1_432' title='bbox 1016 3206 1309 3258; x_wconf 85' lang='grc' dir='ltr'>ἀπόλαυσιν</span> <span class='ocrx_word' id='word_1_433' title='bbox 1340 3204 1438 3277; x_wconf 76' lang='grc' dir='ltr'><strong>ἔχῃ</strong></span> <span class='ocrx_word' id='word_1_434' title='bbox 1473 3203 1565 3256; x_wconf 77' lang='grc' dir='ltr'>τοῦ</span> <span class='ocrx_word' id='word_1_435' title='bbox 1596 3203 1729 3256; x_wconf 88' lang='grc' dir='ltr'><strong>Θεοῦ</strong></span> <span class='ocrx_word' id='word_1_436' title='bbox 1758 3204 1855 3273; x_wconf 87' lang='grc' dir='ltr'>μὲν</span> 
     </span>
    </p>
   </div>
   <div class='ocr_carea' id='block_1_60' title="bbox 282 3294 1855 3380">
    <p class='ocr_par' dir='ltr' id='par_1_60' title="bbox 282 3294 1855 3380">
     <span class='ocr_line' id='line_1_61' title="bbox 282 3294 1855 3380; baseline -0.015 -14"><span class='ocrx_word' id='word_1_437' title='bbox 282 3311 374 3366; x_wconf 81' lang='grc' dir='ltr'><strong>διά</strong></span> <span class='ocrx_word' id='word_1_438' title='bbox 393 3311 492 3380; x_wconf 83' lang='grc' dir='ltr'><strong>τῆς</strong></span> <span class='ocrx_word' id='word_1_439' title='bbox 516 3304 787 3374; x_wconf 86' lang='grc' dir='ltr'>θειοτέρας</span> <span class='ocrx_word' id='word_1_440' title='bbox 810 3300 1040 3370; x_wconf 84' lang='grc' dir='ltr'>φύσεως,</span> <span class='ocrx_word' id='word_1_441' title='bbox 1067 3296 1174 3350; x_wconf 88' lang='grc' dir='ltr'><strong>τῶν</strong></span> <span class='ocrx_word' id='word_1_442' title='bbox 1202 3296 1259 3349; x_wconf 86' lang='grc' dir='ltr'>δὲ</span> <span class='ocrx_word' id='word_1_443' title='bbox 1295 3294 1437 3350; x_wconf 87' lang='grc' dir='ltr'><strong>κατά</strong></span> <span class='ocrx_word' id='word_1_444' title='bbox 1465 3294 1565 3365; x_wconf 80' lang='grc' dir='ltr'>τὴν</span> <span class='ocrx_word' id='word_1_445' title='bbox 1590 3296 1692 3364; x_wconf 82' lang='grc' dir='ltr'>γῆν</span> <span class='ocrx_word' id='word_1_446' title='bbox 1719 3294 1855 3363; x_wconf 88' lang='grc' dir='ltr'>ἀγα-</span> 
     </span>
    </p>
   </div>
   <div class='ocr_carea' id='block_1_61' title="bbox 283 3385 1600 3468">
    <p class='ocr_par' dir='ltr' id='par_1_61' title="bbox 283 3385 1600 3468">
     <span class='ocr_line' id='line_1_62' title="bbox 283 3385 1600 3468; baseline -0.016 -10"><span class='ocrx_word' id='word_1_447' title='bbox 283 3402 397 3458; x_wconf 74' lang='grc' dir='ltr'><strong>θῶν</strong></span> <span class='ocrx_word' id='word_1_448' title='bbox 422 3398 513 3454; x_wconf 80' lang='grc' dir='ltr'>διὰ</span> <span class='ocrx_word' id='word_1_449' title='bbox 530 3398 627 3468; x_wconf 80' lang='grc' dir='ltr'><strong>τῆς</strong></span> <span class='ocrx_word' id='word_1_450' title='bbox 649 3389 939 3466; x_wconf 78' lang='grc' dir='ltr'>ὁμογενοῦς</span> <span class='ocrx_word' id='word_1_451' title='bbox 968 3387 1267 3459; x_wconf 78' lang='grc' dir='ltr'>αἰσθήσεως</span> <span class='ocrx_word' id='word_1_452' title='bbox 1292 3385 1600 3440; x_wconf 88' lang='grc' dir='ltr'>ἀπολαύων.</span> 
     </span>
    </p>
   </div>
   <div class='ocr_carea' id='block_1_62' title="bbox 1955 2746 3530 2816">
    <p class='ocr_par' dir='ltr' id='par_1_62' title="bbox 1955 2746 3530 2816">
     <span class='ocr_line' id='line_1_63' title="bbox 1955 2746 3530 2816; baseline 0.001 -15"><span class='ocrx_word' id='word_1_453' title='bbox 1955 2747 2028 2801; x_wconf 90' lang='lat' dir='ltr'><strong>ita</strong></span> <span class='ocrx_word' id='word_1_454' title='bbox 2104 2748 2400 2815; x_wconf 89' lang='lat' dir='ltr'><strong>opulentus</strong></span> <span class='ocrx_word' id='word_1_455' title='bbox 2469 2746 2594 2809; x_wconf 92' lang='lat' dir='ltr'><strong>ille,</strong></span> <span class='ocrx_word' id='word_1_456' title='bbox 2669 2754 3139 2816; x_wconf 86' lang='lat' dir='ltr'><strong>sumptuosusque</strong></span> <span class='ocrx_word' id='word_1_457' title='bbox 3207 2748 3530 2803; x_wconf 86' lang='lat' dir='ltr'><strong>convivator</strong></span> 
     </span>
    </p>
   </div>
   <div class='ocr_carea' id='block_1_63' title="bbox 1958 2835 3526 2908">
    <p class='ocr_par' dir='ltr' id='par_1_63' title="bbox 1958 2835 3526 2908">
     <span class='ocr_line' id='line_1_64' title="bbox 1958 2835 3526 2908; baseline -0.001 -17"><span class='ocrx_word' id='word_1_458' title='bbox 1958 2844 2169 2899; x_wconf 89' lang='lat' dir='ltr'><strong>noster,</strong></span> <span class='ocrx_word' id='word_1_459' title='bbox 2204 2835 2369 2889; x_wconf 92' lang='lat' dir='ltr'><strong>domo</strong></span> <span class='ocrx_word' id='word_1_460' title='bbox 2401 2835 2554 2906; x_wconf 91' lang='lat' dir='ltr'><strong>prius</strong></span> <span class='ocrx_word' id='word_1_461' title='bbox 2590 2836 2761 2889; x_wconf 81' lang='lat' dir='ltr'><strong>variis</strong></span> <span class='ocrx_word' id='word_1_462' title='bbox 2800 2837 2968 2890; x_wconf 91' lang='lat' dir='ltr'><strong>rebus</strong></span> <span class='ocrx_word' id='word_1_463' title='bbox 2998 2837 3278 2908; x_wconf 78' lang='lat' dir='ltr'><strong>eleganter</strong></span> <span class='ocrx_word' id='word_1_464' title='bbox 3312 2848 3526 2900; x_wconf 88' lang='lat' dir='ltr'><strong>ornata,</strong></span> 
     </span>
    </p>
   </div>
   <div class='ocr_carea' id='block_1_64' title="bbox 1955 2927 3528 2999">
    <p class='ocr_par' dir='ltr' id='par_1_64' title="bbox 1955 2927 3528 2999">
     <span class='ocr_line' id='line_1_65' title="bbox 1955 2927 3528 2999; baseline 0.002 -19"><span class='ocrx_word' id='word_1_465' title='bbox 1955 2928 2227 2997; x_wconf 85' lang='lat' dir='ltr'><strong>epuloque</strong></span> <span class='ocrx_word' id='word_1_466' title='bbox 2277 2942 2476 2996; x_wconf 90' lang='lat' dir='ltr'><strong>magno</strong></span> <span class='ocrx_word' id='word_1_467' title='bbox 2532 2927 2824 2990; x_wconf 87' lang='lat' dir='ltr'><strong>instructo,</strong></span> <span class='ocrx_word' id='word_1_468' title='bbox 2883 2928 3029 2997; x_wconf 91' lang='lat' dir='ltr'><strong>quod</strong></span> <span class='ocrx_word' id='word_1_469' title='bbox 3075 2928 3256 2983; x_wconf 91' lang='lat' dir='ltr'><strong>omnis</strong></span> <span class='ocrx_word' id='word_1_470' title='bbox 3311 2930 3528 2999; x_wconf 77' lang='lat' dir='ltr'><strong>generis</strong></span> 
     </span>
    </p>
   </div>
   <div class='ocr_carea' id='block_1_65' title="bbox 1928 3017 3527 3093">
    <p class='ocr_par' dir='ltr' id='par_1_65' title="bbox 1928 3017 3527 3093">
     <span class='ocr_line' id='line_1_66' title="bbox 1928 3017 3527 3093; baseline 0 -21"><span class='ocrx_word' id='word_1_471' title='bbox 1928 3018 2183 3093; x_wconf 24' lang='lat' dir='ltr'><strong>Idelicias</strong></span> <span class='ocrx_word' id='word_1_472' title='bbox 2214 3018 2459 3081; x_wconf 84' lang='lat' dir='ltr'><strong>haberet,</strong></span> <span class='ocrx_word' id='word_1_473' title='bbox 2493 3025 2606 3071; x_wconf 90' lang='lat' dir='ltr'><strong>tum</strong></span> <span class='ocrx_word' id='word_1_474' title='bbox 2641 3017 2857 3071; x_wconf 87' lang='lat' dir='ltr'><strong>demum</strong></span> <span class='ocrx_word' id='word_1_475' title='bbox 2891 3019 3167 3073; x_wconf 89' lang='lat' dir='ltr'><strong>hominem</strong></span> <span class='ocrx_word' id='word_1_476' title='bbox 3206 3020 3527 3085; x_wconf 87' lang='lat' dir='ltr'><strong>introducit,</strong></span> 
     </span>
    </p>
   </div>
   <div class='ocr_carea' id='block_1_66' title="bbox 1958 3110 3528 3181">
    <p class='ocr_par' dir='ltr' id='par_1_66' title="bbox 1958 3110 3528 3181">
     <span class='ocr_line' id='line_1_67' title="bbox 1958 3110 3528 3181; baseline 0.002 -17"><span class='ocrx_word' id='word_1_477' title='bbox 1958 3111 2117 3178; x_wconf 84' lang='lat' dir='ltr'><strong>cujus</strong></span> <span class='ocrx_word' id='word_1_478' title='bbox 2148 3118 2295 3164; x_wconf 89' lang='lat' dir='ltr'><strong>esset</strong></span> <span class='ocrx_word' id='word_1_479' title='bbox 2319 3124 2477 3177; x_wconf 84' lang='lat' dir='ltr'><strong>opus,</strong></span> <span class='ocrx_word' id='word_1_480' title='bbox 2512 3124 2623 3162; x_wconf 92' lang='lat' dir='ltr'><strong>non</strong></span> <span class='ocrx_word' id='word_1_481' title='bbox 2660 3124 2723 3163; x_wconf 90' lang='lat' dir='ltr'><strong>ea</strong></span> <span class='ocrx_word' id='word_1_482' title='bbox 2750 3125 2871 3178; x_wconf 88' lang='lat' dir='ltr'><strong>quae</strong></span> <span class='ocrx_word' id='word_1_483' title='bbox 2909 3110 3163 3165; x_wconf 88' lang='lat' dir='ltr'><strong>abessent</strong></span> <span class='ocrx_word' id='word_1_484' title='bbox 3192 3126 3408 3181; x_wconf 87' lang='lat' dir='ltr'><strong>parare,</strong></span> <span class='ocrx_word' id='word_1_485' title='bbox 3432 3111 3528 3166; x_wconf 85' lang='lat' dir='ltr'><strong>sed</strong></span> 
     </span>
    </p>
   </div>
   <div class='ocr_carea' id='block_1_67' title="bbox 1959 3198 3529 3271">
    <p class='ocr_par' dir='ltr' id='par_1_67' title="bbox 1959 3198 3529 3271">
     <span class='ocr_line' id='line_1_68' title="bbox 1959 3198 3529 3271; baseline 0.001 -17"><span class='ocrx_word' id='word_1_486' title='bbox 1959 3200 2158 3255; x_wconf 88' lang='lat' dir='ltr'><strong>oblatis</strong></span> <span class='ocrx_word' id='word_1_487' title='bbox 2187 3198 2315 3253; x_wconf 79' lang='lat' dir='ltr'><strong>frui.</strong></span> <span class='ocrx_word' id='word_1_488' title='bbox 2337 3201 2632 3269; x_wconf 84' lang='lat' dir='ltr'><strong>Propterea</strong></span> <span class='ocrx_word' id='word_1_489' title='bbox 2655 3198 2869 3255; x_wconf 89' lang='lat' dir='ltr'><strong>duabus</strong></span> <span class='ocrx_word' id='word_1_490' title='bbox 2892 3209 2951 3253; x_wconf 94' lang='lat' dir='ltr'><strong>ut</strong></span> <span class='ocrx_word' id='word_1_491' title='bbox 2970 3201 3135 3256; x_wconf 89' lang='lat' dir='ltr'><strong>rebus</strong></span> <span class='ocrx_word' id='word_1_492' title='bbox 3150 3200 3390 3255; x_wconf 87' lang='lat' dir='ltr'><strong>hominis</strong></span> <span class='ocrx_word' id='word_1_493' title='bbox 3409 3201 3529 3271; x_wconf 83' lang='lat' dir='ltr'><strong>Opi-</strong></span> 
     </span>
    </p>
   </div>
   <div class='ocr_carea' id='block_1_68' title="bbox 1959 3291 3529 3357">
    <p class='ocr_par' dir='ltr' id='par_1_68' title="bbox 1959 3291 3529 3357">
     <span class='ocr_line' id='line_1_69' title="bbox 1959 3291 3529 3357; baseline -0.001 -9"><span class='ocrx_word' id='word_1_494' title='bbox 1959 3293 2141 3348; x_wconf 83' lang='lat' dir='ltr'><strong>ﬁcium</strong></span> <span class='ocrx_word' id='word_1_495' title='bbox 2160 3299 2458 3355; x_wconf 89' lang='lat' dir='ltr'><strong>constaret,</strong></span> <span class='ocrx_word' id='word_1_496' title='bbox 2474 3291 2621 3357; x_wconf 80' lang='lat' dir='ltr'><strong>fecit,</strong></span> <span class='ocrx_word' id='word_1_497' title='bbox 2644 3293 2947 3348; x_wconf 88' lang='lat' dir='ltr'><strong>commistis</strong></span> <span class='ocrx_word' id='word_1_498' title='bbox 2961 3293 3220 3348; x_wconf 90' lang='lat' dir='ltr'><strong>nimirum</strong></span> <span class='ocrx_word' id='word_1_499' title='bbox 3240 3292 3443 3349; x_wconf 89' lang='lat' dir='ltr'><strong>divinis</strong></span> <span class='ocrx_word' id='word_1_500' title='bbox 3464 3308 3529 3347; x_wconf 88' lang='lat' dir='ltr'><strong>ac</strong></span> 
     </span>
    </p>
   </div>
   <div class='ocr_carea' id='block_1_69' title="bbox 1958 3383 3533 3454">
    <p class='ocr_par' dir='ltr' id='par_1_69' title="bbox 1958 3383 3533 3454">
     <span class='ocr_line' id='line_1_70' title="bbox 1958 3383 3533 3454; baseline 0 -14"><span class='ocrx_word' id='word_1_501' title='bbox 1958 3383 2289 3446; x_wconf 85' lang='lat' dir='ltr'><strong>terrenis,ut</strong></span> <span class='ocrx_word' id='word_1_502' title='bbox 2305 3383 2407 3453; x_wconf 91' lang='lat' dir='ltr'><strong>ipsi</strong></span> <span class='ocrx_word' id='word_1_503' title='bbox 2427 3393 2536 3438; x_wconf 91' lang='lat' dir='ltr'><strong>tam</strong></span> <span class='ocrx_word' id='word_1_504' title='bbox 2552 3383 2646 3438; x_wconf 91' lang='lat' dir='ltr'><strong>Dei</strong></span> <span class='ocrx_word' id='word_1_505' title='bbox 2664 3399 2824 3454; x_wconf 90' lang='lat' dir='ltr'><strong>quam</strong></span> <span class='ocrx_word' id='word_1_506' title='bbox 2839 3385 3181 3440; x_wconf 86' lang='lat' dir='ltr'><strong>terrestrium</strong></span> <span class='ocrx_word' id='word_1_507' title='bbox 3204 3401 3385 3441; x_wconf 90' lang='lat' dir='ltr'><strong>rerum</strong></span> <span class='ocrx_word' id='word_1_508' title='bbox 3405 3384 3533 3440; x_wconf 70' lang='lat' dir='ltr'><strong>frui-</strong></span> 
     </span>
    </p>
   </div>
   <div class='ocr_carea' id='block_1_70' title="bbox 1959 3459 3533 3549">
    <p class='ocr_par' dir='ltr' id='par_1_70' title="bbox 1959 3459 3533 3549">
     <span class='ocr_line' id='line_1_71' title="bbox 1959 3459 3533 3549; baseline 0.001 -20"><span class='ocrx_word' id='word_1_509' title='bbox 1959 3475 2161 3530; x_wconf 88' lang='lat' dir='ltr'><strong>tionem</strong></span> <span class='ocrx_word' id='word_1_510' title='bbox 2191 3483 2399 3531; x_wconf 67' lang='lat' dir='ltr'><strong>naturae</strong></span> <span class='ocrx_word' id='word_1_511' title='bbox 2433 3491 2545 3532; x_wconf 79' lang='lat' dir='ltr'><strong>suae</strong></span> <span class='ocrx_word' id='word_1_512' title='bbox 2572 3484 2995 3532; x_wconf 83' lang='lat' dir='ltr'><strong>consentaneam</strong></span> <span class='ocrx_word' id='word_1_513' title='bbox 3026 3459 3089 3531; x_wconf 80' lang='lat' dir='ltr'><strong>ac</strong></span> <span class='ocrx_word' id='word_1_514' title='bbox 3116 3478 3389 3549; x_wconf 88' lang='lat' dir='ltr'><strong>propriam</strong></span> <span class='ocrx_word' id='word_1_515' title='bbox 3419 3485 3533 3532; x_wconf 70' lang='lat' dir='ltr'><strong>sta&lt;</strong></span> 
     </span>
    </p>
   </div>
   <div class='ocr_carea' id='block_1_71' title="bbox 287 3564 3530 3646">
    <p class='ocr_par' dir='ltr' id='par_1_71' title="bbox 287 3564 3530 3646">
     <span class='ocr_line' id='line_1_72' title="bbox 287 3564 3530 3646; baseline -0.002 -11"><span class='ocrx_word' id='word_1_516' title='bbox 287 3587 469 3635; x_wconf 89' lang='lat' dir='ltr'><strong>tueret</strong></span> <span class='ocrx_word' id='word_1_517' title='bbox 488 3576 737 3646; x_wconf 85' lang='lat' dir='ltr'><strong>:Deoque</strong></span> <span class='ocrx_word' id='word_1_518' title='bbox 752 3586 849 3643; x_wconf 87' lang='lat' dir='ltr'><strong>per</strong></span> <span class='ocrx_word' id='word_1_519' title='bbox 863 3576 1110 3624; x_wconf 87' lang='lat' dir='ltr'><strong>naturam</strong></span> <span class='ocrx_word' id='word_1_520' title='bbox 1130 3564 1451 3621; x_wconf 87' lang='lat' dir='ltr'><strong>diviniorem</strong></span> <span class='ocrx_word' id='word_1_521' title='bbox 1463 3605 1478 3632; x_wconf 94' lang='lat'><strong>,</strong></span> <span class='ocrx_word' id='word_1_522' title='bbox 1491 3564 1647 3622; x_wconf 91' lang='lat' dir='ltr'><strong>bonis</strong></span> <span class='ocrx_word' id='word_1_523' title='bbox 1660 3574 1838 3624; x_wconf 87' lang='lat' dir='ltr'><strong>autem</strong></span> <span class='ocrx_word' id='word_1_524' title='bbox 1856 3571 2089 3628; x_wconf 87' lang='lat' dir='ltr'><strong>terrenis</strong></span> <span class='ocrx_word' id='word_1_525' title='bbox 2101 3585 2197 3642; x_wconf 86' lang='lat' dir='ltr'><strong>per</strong></span> <span class='ocrx_word' id='word_1_526' title='bbox 2210 3571 2552 3642; x_wconf 88' lang='lat' dir='ltr'><strong>sensum,qui</strong></span> <span class='ocrx_word' id='word_1_527' title='bbox 2569 3571 2815 3643; x_wconf 85' lang='lat' dir='ltr'><strong>ejusdem</strong></span> <span class='ocrx_word' id='word_1_528' title='bbox 2835 3581 2980 3628; x_wconf 88' lang='lat' dir='ltr'><strong>esset</strong></span> <span class='ocrx_word' id='word_1_529' title='bbox 2998 3573 3474 3641; x_wconf 83' lang='lat' dir='ltr'><strong>generis,frueretu</strong></span> <span class='ocrx_word' id='word_1_530' title='bbox 3483 3587 3530 3630; x_wconf 87' lang='lat' dir='ltr'><strong>r.</strong></span> 
     </span>
    </p>
   </div>
   <div class='ocr_carea' id='block_1_72' title="bbox 819 3741 1329 3801">
    <p class='ocr_par' dir='ltr' id='par_1_72' title="bbox 819 3741 1329 3801">
     <span class='ocr_line' id='line_1_73' title="bbox 819 3741 1329 3801; baseline -0.016 1"><span class='ocrx_word' id='word_1_531' title='bbox 819 3742 1211 3801; x_wconf 77' lang='grc' dir='ltr'><strong>ΚΕΦΑΛΑΙΟΝ</strong></span> <span class='ocrx_word' id='word_1_532' title='bbox 1254 3741 1294 3795; x_wconf 91' lang='grc' dir='ltr'><strong>Γ</strong></span> <span class='ocrx_word' id='word_1_533' title='bbox 1296 3748 1329 3795; x_wconf 92' lang='lat'><strong>&#39;.</strong></span> 
     </span>
    </p>
   </div>
   <div class='ocr_carea' id='block_1_73' title="bbox 288 3854 1947 3965">
    <p class='ocr_par' dir='ltr' id='par_1_73' title="bbox 288 3854 1947 3965">
     <span class='ocr_line' id='line_1_74' title="bbox 288 3854 1947 3965; baseline -0.009 -21"><span class='ocrx_word' id='word_1_534' title='bbox 288 3890 423 3947; x_wconf 84' lang='grc' dir='ltr'>Ὅτι</span> <span class='ocrx_word' id='word_1_535' title='bbox 469 3883 770 3965; x_wconf 68' lang='grc' dir='ltr'>τιμιωτέρα</span> <span class='ocrx_word' id='word_1_536' title='bbox 817 3880 1027 3965; x_wconf 53' lang='lat' dir='ltr'><strong>{ciqu</strong></span> <span class='ocrx_word' id='word_1_537' title='bbox 1068 3876 1181 3965; x_wconf 59' lang='grc' dir='ltr'>τῆς</span> <span class='ocrx_word' id='word_1_538' title='bbox 1211 3874 1575 3965; x_wconf 46' lang='lat' dir='ltr'><strong>spata-ch</strong></span> <span class='ocrx_word' id='word_1_539' title='bbox 1608 3875 1860 3943; x_wconf 80' lang='grc' dir='ltr'>κτίσεως</span> <span class='ocrx_word' id='word_1_540' title='bbox 1886 3854 1943 3965; x_wconf 46' lang='grc' dir='ltr'>αἱ</span> 
     </span>
    </p>
   </div>
   <div class='ocr_carea' id='block_1_74' title="bbox 690 3947 1464 4023">
    <p class='ocr_par' dir='ltr' id='par_1_74' title="bbox 690 3947 1464 4023">
     <span class='ocr_line' id='line_1_75' title="bbox 690 3947 1464 4023; baseline -0.006 -17"><span class='ocrx_word' id='word_1_541' title='bbox 690 3947 730 4023; x_wconf 72' lang='grc' dir='ltr'><strong>ἢ</strong></span> <span class='ocrx_word' id='word_1_542' title='bbox 763 3951 869 4006; x_wconf 82' lang='grc' dir='ltr'>τοῦ</span> <span class='ocrx_word' id='word_1_543' title='bbox 918 3948 1228 4016; x_wconf 76' lang='grc' dir='ltr'>ἀνθρώπου</span> <span class='ocrx_word' id='word_1_544' title='bbox 1260 3947 1464 4015; x_wconf 70' lang='grc' dir='ltr'>φύσις.</span> 
     </span>
    </p>
   </div>
   <div class='ocr_carea' id='block_1_75' title="bbox 368 4059 1860 4139">
    <p class='ocr_par' dir='ltr' id='par_1_75' title="bbox 368 4059 1860 4139">
     <span class='ocr_line' id='line_1_76' title="bbox 368 4059 1860 4139; baseline -0.009 -13"><span class='ocrx_word' id='word_1_545' title='bbox 368 4073 552 4138; x_wconf 73' lang='grc' dir='ltr'>’Ἄξιον</span> <span class='ocrx_word' id='word_1_546' title='bbox 577 4069 633 4123; x_wconf 86' lang='grc' dir='ltr'>δὲ</span> <span class='ocrx_word' id='word_1_547' title='bbox 664 4066 800 4139; x_wconf 86' lang='grc' dir='ltr'>μηδὲ</span> <span class='ocrx_word' id='word_1_548' title='bbox 825 4064 980 4118; x_wconf 81' lang='grc' dir='ltr'>τοῦτο</span> <span class='ocrx_word' id='word_1_549' title='bbox 1007 4062 1253 4133; x_wconf 87' lang='grc' dir='ltr'>παριδεῖν</span> <span class='ocrx_word' id='word_1_550' title='bbox 1296 4059 1622 4131; x_wconf 88' lang='grc' dir='ltr'>ἀθεώρητον,</span> <span class='ocrx_word' id='word_1_551' title='bbox 1656 4060 1735 4113; x_wconf 84' lang='grc' dir='ltr'><strong>ὅτι</strong></span> <span class='ocrx_word' id='word_1_552' title='bbox 1767 4059 1860 4113; x_wconf 81' lang='grc' dir='ltr'>τοῦ</span> 
     </span>
    </p>
   </div>
   <div class='ocr_carea' id='block_1_76' title="bbox 288 4153 1864 4236">
    <p class='ocr_par' dir='ltr' id='par_1_76' title="bbox 288 4153 1864 4236">
     <span class='ocr_line' id='line_1_77' title="bbox 288 4153 1864 4236; baseline -0.01 -17"><span class='ocrx_word' id='word_1_553' title='bbox 288 4163 611 4236; x_wconf 83' lang='grc' dir='ltr'>τηλικούτου</span> <span class='ocrx_word' id='word_1_554' title='bbox 648 4160 851 4229; x_wconf 82' lang='grc' dir='ltr'>κόσμου</span> <span class='ocrx_word' id='word_1_555' title='bbox 898 4157 992 4211; x_wconf 79' lang='grc' dir='ltr'><strong>καὶ</strong></span> <span class='ocrx_word' id='word_1_556' title='bbox 1022 4156 1130 4209; x_wconf 89' lang='grc' dir='ltr'><strong>τῶν</strong></span> <span class='ocrx_word' id='word_1_557' title='bbox 1162 4155 1278 4207; x_wconf 88' lang='grc' dir='ltr'>κατ’</span> <span class='ocrx_word' id='word_1_558' title='bbox 1316 4154 1478 4207; x_wconf 79' lang='grc' dir='ltr'>αὐτὸν</span> <span class='ocrx_word' id='word_1_559' title='bbox 1514 4153 1692 4224; x_wconf 84' lang='grc' dir='ltr'>μερῶν</span> <span class='ocrx_word' id='word_1_560' title='bbox 1724 4170 1864 4206; x_wconf 89' lang='grc' dir='ltr'>στοι-</span> 
     </span>
    </p>
   </div>
   <div class='ocr_carea' id='block_1_77' title="bbox 292 4243 1865 4327">
    <p class='ocr_par' dir='ltr' id='par_1_77' title="bbox 292 4243 1865 4327">
     <span class='ocr_line' id='line_1_78' title="bbox 292 4243 1865 4327; baseline -0.009 -18"><span class='ocrx_word' id='word_1_561' title='bbox 292 4254 534 4327; x_wconf 87' lang='grc' dir='ltr'>χειωδῶς</span> <span class='ocrx_word' id='word_1_562' title='bbox 563 4252 696 4323; x_wconf 86' lang='grc' dir='ltr'>πρὸς</span> <span class='ocrx_word' id='word_1_563' title='bbox 725 4251 823 4320; x_wconf 84' lang='grc' dir='ltr'><strong>τὴν</strong></span> <span class='ocrx_word' id='word_1_564' title='bbox 864 4248 958 4301; x_wconf 81' lang='grc' dir='ltr'><strong>τοῦ</strong></span> <span class='ocrx_word' id='word_1_565' title='bbox 1005 4246 1201 4309; x_wconf 82' lang='grc' dir='ltr'>παντὸς</span> <span class='ocrx_word' id='word_1_566' title='bbox 1249 4245 1505 4299; x_wconf 90' lang='grc' dir='ltr'>σύστασιν</span> <span class='ocrx_word' id='word_1_567' title='bbox 1538 4243 1865 4315; x_wconf 84' lang='grc' dir='ltr'>ὑποϐληθέν-</span> 
     </span>
    </p>
   </div>
   <div class='ocr_carea' id='block_1_78' title="bbox 290 4334 1927 4411">
    <p class='ocr_par' dir='ltr' id='par_1_78' title="bbox 290 4334 1927 4411">
     <span class='ocr_line' id='line_1_79' title="bbox 290 4334 1927 4411; baseline -0.009 -12"><span class='ocrx_word' id='word_1_568' title='bbox 290 4362 428 4407; x_wconf 91' lang='grc' dir='ltr'>των,</span> <span class='ocrx_word' id='word_1_569' title='bbox 457 4338 901 4411; x_wconf 74' lang='grc' dir='ltr'>ἀποσχεδιάζεταί</span> <span class='ocrx_word' id='word_1_570' title='bbox 948 4354 1063 4401; x_wconf 87' lang='grc' dir='ltr'><strong>πως</strong></span> <span class='ocrx_word' id='word_1_571' title='bbox 1110 4339 1143 4408; x_wconf 84' lang='grc' dir='ltr'><strong>ἡ</strong></span> <span class='ocrx_word' id='word_1_572' title='bbox 1192 4337 1367 4400; x_wconf 86' lang='grc' dir='ltr'>κτίσις</span> <span class='ocrx_word' id='word_1_573' title='bbox 1412 4335 1517 4388; x_wconf 81' lang='grc' dir='ltr'>ὑπὸ</span> <span class='ocrx_word' id='word_1_574' title='bbox 1561 4336 1659 4405; x_wconf 87' lang='grc' dir='ltr'>τῆς</span> <span class='ocrx_word' id='word_1_575' title='bbox 1716 4334 1865 4399; x_wconf 88' lang='grc' dir='ltr'>θείας</span> <span class='ocrx_word' id='word_1_576' title='bbox 1886 4338 1927 4385; x_wconf 45' lang='grc' dir='ltr'><em>ἐ</em></span> 
     </span>
    </p>
   </div>
   <div class='ocr_carea' id='block_1_79' title="bbox 292 4425 1866 4504">
    <p class='ocr_par' dir='ltr' id='par_1_79' title="bbox 292 4425 1866 4504">
     <span class='ocr_line' id='line_1_80' title="bbox 292 4425 1866 4504; baseline -0.006 -15"><span class='ocrx_word' id='word_1_577' title='bbox 292 4435 579 4504; x_wconf 86' lang='grc' dir='ltr'>δυνάμεως</span> <span class='ocrx_word' id='word_1_578' title='bbox 619 4430 752 4501; x_wconf 78' lang='grc' dir='ltr'>ὁμοῦ</span> <span class='ocrx_word' id='word_1_579' title='bbox 802 4429 879 4499; x_wconf 84' lang='grc' dir='ltr'>τῷ</span> <span class='ocrx_word' id='word_1_580' title='bbox 919 4426 1699 4497; x_wconf 83' lang='grc' dir='ltr'>προστάγματιύφισταμένη.</span> <span class='ocrx_word' id='word_1_581' title='bbox 1755 4425 1866 4498; x_wconf 89' lang='grc' dir='ltr'>Τῆς</span> 
     </span>
    </p>
   </div>
   <div class='ocr_carea' id='block_1_80' title="bbox 295 4518 1867 4594">
    <p class='ocr_par' dir='ltr' id='par_1_80' title="bbox 295 4518 1867 4594">
     <span class='ocr_line' id='line_1_81' title="bbox 295 4518 1867 4594; baseline -0.006 -13"><span class='ocrx_word' id='word_1_582' title='bbox 295 4528 356 4581; x_wconf 83' lang='grc' dir='ltr'><strong>δὲ</strong></span> <span class='ocrx_word' id='word_1_583' title='bbox 393 4525 486 4579; x_wconf 78' lang='grc' dir='ltr'><strong>τοῦ</strong></span> <span class='ocrx_word' id='word_1_584' title='bbox 521 4523 803 4594; x_wconf 80' lang='grc' dir='ltr'>ἀνθρώπου</span> <span class='ocrx_word' id='word_1_585' title='bbox 833 4520 1173 4590; x_wconf 80' lang='grc' dir='ltr'>κατασκευῆς</span> <span class='ocrx_word' id='word_1_586' title='bbox 1206 4518 1365 4589; x_wconf 83' lang='grc' dir='ltr'>βουλὴ</span> <span class='ocrx_word' id='word_1_587' title='bbox 1410 4520 1746 4591; x_wconf 85' lang='grc' dir='ltr'>προηγεῖται,</span> <span class='ocrx_word' id='word_1_588' title='bbox 1774 4519 1867 4573; x_wconf 77' lang='grc' dir='ltr'><strong>καὶ</strong></span> 
     </span>
    </p>
   </div>
   <div class='ocr_carea' id='block_1_81' title="bbox 297 4606 1866 4685">
    <p class='ocr_par' dir='ltr' id='par_1_81' title="bbox 297 4606 1866 4685">
     <span class='ocr_line' id='line_1_82' title="bbox 297 4606 1866 4685; baseline -0.004 -17"><span class='ocrx_word' id='word_1_589' title='bbox 297 4611 670 4685; x_wconf 65' lang='grc' dir='ltr'>πρπυποῦται</span> <span class='ocrx_word' id='word_1_590' title='bbox 716 4608 864 4678; x_wconf 86' lang='grc' dir='ltr'><strong>παρά</strong></span> <span class='ocrx_word' id='word_1_591' title='bbox 903 4607 994 4660; x_wconf 78' lang='grc' dir='ltr'>τοῦ</span> <span class='ocrx_word' id='word_1_592' title='bbox 1044 4606 1432 4679; x_wconf 89' lang='grc' dir='ltr'>τεχνιτεύοντος</span> <span class='ocrx_word' id='word_1_593' title='bbox 1494 4608 1581 4661; x_wconf 84' lang='grc' dir='ltr'>διὰ</span> <span class='ocrx_word' id='word_1_594' title='bbox 1626 4608 1724 4677; x_wconf 82' lang='grc' dir='ltr'><strong>τῆς</strong></span> <span class='ocrx_word' id='word_1_595' title='bbox 1773 4608 1866 4661; x_wconf 78' lang='grc' dir='ltr'>τοῦ</span> 
     </span>
    </p>
   </div>
   <div class='ocr_carea' id='block_1_82' title="bbox 293 4697 1866 4775">
    <p class='ocr_par' dir='ltr' id='par_1_82' title="bbox 293 4697 1866 4775">
     <span class='ocr_line' id='line_1_83' title="bbox 293 4697 1866 4775; baseline -0.002 -17"><span class='ocrx_word' id='word_1_596' title='bbox 293 4707 459 4775; x_wconf 76' lang='grc' dir='ltr'>λόγου</span> <span class='ocrx_word' id='word_1_597' title='bbox 497 4704 711 4774; x_wconf 81' lang='grc' dir='ltr'>γραφῆς</span> <span class='ocrx_word' id='word_1_598' title='bbox 746 4703 805 4755; x_wconf 84' lang='grc' dir='ltr'>τὸ</span> <span class='ocrx_word' id='word_1_599' title='bbox 845 4703 1118 4773; x_wconf 78' lang='grc' dir='ltr'>ἐσόμενον,</span> <span class='ocrx_word' id='word_1_600' title='bbox 1152 4704 1247 4757; x_wconf 80' lang='grc' dir='ltr'><strong>καὶ</strong></span> <span class='ocrx_word' id='word_1_601' title='bbox 1281 4698 1392 4755; x_wconf 75' lang='grc' dir='ltr'>οἷον</span> <span class='ocrx_word' id='word_1_602' title='bbox 1415 4697 1553 4755; x_wconf 73' lang='grc' dir='ltr'>εἶναι</span> <span class='ocrx_word' id='word_1_603' title='bbox 1582 4704 1866 4774; x_wconf 82' lang='grc' dir='ltr'>προσήκει,</span> 
     </span>
    </p>
   </div>
   <div class='ocr_carea' id='block_1_83' title="bbox 295 4792 1911 4866">
    <p class='ocr_par' dir='ltr' id='par_1_83' title="bbox 295 4792 1911 4866">
     <span class='ocr_line' id='line_1_84' title="bbox 295 4792 1911 4866; baseline -0.005 -15"><span class='ocrx_word' id='word_1_604' title='bbox 295 4797 395 4851; x_wconf 73' lang='grc' dir='ltr'>καὶ</span> <span class='ocrx_word' id='word_1_605' title='bbox 428 4795 565 4866; x_wconf 75' lang='grc' dir='ltr'>πρὸς</span> <span class='ocrx_word' id='word_1_606' title='bbox 592 4796 741 4847; x_wconf 85' lang='grc' dir='ltr'>ποῖον</span> <span class='ocrx_word' id='word_1_607' title='bbox 772 4793 1072 4863; x_wconf 87' lang='grc' dir='ltr'>ἀρχέτυπον</span> <span class='ocrx_word' id='word_1_608' title='bbox 1108 4792 1205 4863; x_wconf 80' lang='grc' dir='ltr'>τὴν</span> <span class='ocrx_word' id='word_1_609' title='bbox 1234 4793 1521 4862; x_wconf 83' lang='grc' dir='ltr'>ὁμοιότητα</span> <span class='ocrx_word' id='word_1_610' title='bbox 1547 4792 1751 4862; x_wconf 88' lang='grc' dir='ltr'>φέρειν,</span> <span class='ocrx_word' id='word_1_611' title='bbox 1776 4793 1869 4844; x_wconf 76' lang='grc' dir='ltr'>καὶ</span> <span class='ocrx_word' id='word_1_612' title='bbox 1906 4830 1911 4835; x_wconf 85' lang='grc'><strong>-</strong></span> 
     </span>
    </p>
   </div>
   <div class='ocr_carea' id='block_1_84' title="bbox 297 4883 1872 4955">
    <p class='ocr_par' dir='ltr' id='par_1_84' title="bbox 297 4883 1872 4955">
     <span class='ocr_line' id='line_1_85' title="bbox 297 4883 1872 4955; baseline -0.004 -13"><span class='ocrx_word' id='word_1_613' title='bbox 297 4889 393 4942; x_wconf 71' lang='grc' dir='ltr'>ἐπὶ</span> <span class='ocrx_word' id='word_1_614' title='bbox 427 4887 533 4940; x_wconf 89' lang='grc' dir='ltr'>τίνι</span> <span class='ocrx_word' id='word_1_615' title='bbox 562 4886 864 4955; x_wconf 81' lang='grc' dir='ltr'>γενήσεται,</span> <span class='ocrx_word' id='word_1_616' title='bbox 892 4884 985 4936; x_wconf 73' lang='grc' dir='ltr'><strong>καὶ</strong></span> <span class='ocrx_word' id='word_1_617' title='bbox 1024 4883 1076 4936; x_wconf 84' lang='grc' dir='ltr'><strong>τί</strong></span> <span class='ocrx_word' id='word_1_618' title='bbox 1122 4885 1400 4954; x_wconf 78' lang='grc' dir='ltr'>ἐνεργήσει</span> <span class='ocrx_word' id='word_1_619' title='bbox 1433 4884 1718 4954; x_wconf 84' lang='grc' dir='ltr'>γενόμενον</span> <span class='ocrx_word' id='word_1_620' title='bbox 1776 4884 1872 4936; x_wconf 76' lang='grc' dir='ltr'>καὶ</span> 
     </span>
    </p>
   </div>
   <div class='ocr_carea' id='block_1_85' title="bbox 294 4971 1867 5047">
    <p class='ocr_par' dir='ltr' id='par_1_85' title="bbox 294 4971 1867 5047">
     <span class='ocr_line' id='line_1_86' title="bbox 294 4971 1867 5047; baseline -0.006 -14"><span class='ocrx_word' id='word_1_621' title='bbox 294 4981 462 5032; x_wconf 85' lang='grc' dir='ltr'>τίνων</span> <span class='ocrx_word' id='word_1_622' title='bbox 492 4975 868 5047; x_wconf 77' lang='grc' dir='ltr'>ἡγεμονεύσει·</span> <span class='ocrx_word' id='word_1_623' title='bbox 901 4975 1075 5029; x_wconf 88' lang='grc' dir='ltr'>πάντα</span> <span class='ocrx_word' id='word_1_624' title='bbox 1113 4975 1587 5044; x_wconf 85' lang='grc' dir='ltr'>προδιασκοπεῖται</span> <span class='ocrx_word' id='word_1_625' title='bbox 1628 4972 1655 5022; x_wconf 88' lang='grc' dir='ltr'><strong>ὁ</strong></span> <span class='ocrx_word' id='word_1_626' title='bbox 1693 4971 1867 5040; x_wconf 88' lang='grc' dir='ltr'>λόγος,</span> 
     </span>
    </p>
   </div>
   <div class='ocr_carea' id='block_1_86' title="bbox 2571 3747 2930 3804">
    <p class='ocr_par' dir='ltr' id='par_1_86' title="bbox 2571 3747 2930 3804">
     <span class='ocr_line' id='line_1_87' title="bbox 2571 3747 2930 3804; baseline 0.003 -1"><span class='ocrx_word' id='word_1_627' title='bbox 2571 3747 2800 3803; x_wconf 85' lang='lat' dir='ltr'><strong>CAPUT</strong></span> <span class='ocrx_word' id='word_1_628' title='bbox 2841 3747 2930 3804; x_wconf 86' lang='lat' dir='ltr'><strong>Ill.</strong></span> 
     </span>
    </p>
   </div>
   <div class='ocr_carea' id='block_1_87' title="bbox 2066 3881 3427 3949">
    <p class='ocr_par' dir='ltr' id='par_1_87' title="bbox 2066 3881 3427 3949">
     <span class='ocr_line' id='line_1_88' title="bbox 2066 3881 3427 3949; baseline 0.003 -14"><span class='ocrx_word' id='word_1_629' title='bbox 2066 3881 2310 3935; x_wconf 79' lang='lat' dir='ltr'><strong>Hominis</strong></span> <span class='ocrx_word' id='word_1_630' title='bbox 2338 3891 2584 3934; x_wconf 84' lang='lat' dir='ltr'><strong>naturam</strong></span> <span class='ocrx_word' id='word_1_631' title='bbox 2619 3883 2762 3934; x_wconf 82' lang='lat' dir='ltr'><strong>omni</strong></span> <span class='ocrx_word' id='word_1_632' title='bbox 2794 3893 2967 3935; x_wconf 70' lang='lat' dir='ltr'><strong>creato</strong></span> <span class='ocrx_word' id='word_1_633' title='bbox 2996 3882 3132 3949; x_wconf 85' lang='lat' dir='ltr'><strong>quod</strong></span> <span class='ocrx_word' id='word_1_634' title='bbox 3165 3886 3427 3939; x_wconf 80' lang='lat' dir='ltr'><strong>cernimus</strong></span> 
     </span>
    </p>
   </div>
   <div class='ocr_carea' id='block_1_88' title="bbox 2450 3955 3040 4020">
    <p class='ocr_par' dir='ltr' id='par_1_88' title="bbox 2450 3955 3040 4020">
     <span class='ocr_line' id='line_1_89' title="bbox 2450 3955 3040 4020; baseline 0 -15"><span class='ocrx_word' id='word_1_635' title='bbox 2450 3955 2875 4020; x_wconf 73' lang='lat' dir='ltr'><strong>prwstantiorem</strong></span> <span class='ocrx_word' id='word_1_636' title='bbox 2911 3969 3040 4005; x_wconf 81' lang='lat' dir='ltr'><strong>esse.</strong></span> 
     </span>
    </p>
   </div>
   <div class='ocr_carea' id='block_1_89' title="bbox 2031 4060 3531 4135">
    <p class='ocr_par' dir='ltr' id='par_1_89' title="bbox 2031 4060 3531 4135">
     <span class='ocr_line' id='line_1_90' title="bbox 2031 4060 3531 4135; baseline 0.005 -21"><span class='ocrx_word' id='word_1_637' title='bbox 2031 4060 2169 4115; x_wconf 88' lang='lat' dir='ltr'><strong>Illud</strong></span> <span class='ocrx_word' id='word_1_638' title='bbox 2220 4062 2382 4117; x_wconf 90' lang='lat' dir='ltr'><strong>etiam</strong></span> <span class='ocrx_word' id='word_1_639' title='bbox 2431 4062 2867 4117; x_wconf 84' lang='lat' dir='ltr'><strong>consideratione</strong></span> <span class='ocrx_word' id='word_1_640' title='bbox 2906 4070 3091 4118; x_wconf 88' lang='lat' dir='ltr'><strong>nostra</strong></span> <span class='ocrx_word' id='word_1_641' title='bbox 3136 4064 3361 4135; x_wconf 87' lang='lat' dir='ltr'><strong>dignum</strong></span> <span class='ocrx_word' id='word_1_642' title='bbox 3410 4076 3531 4131; x_wconf 83' lang='lat' dir='ltr'><strong>est,</strong></span> 
     </span>
    </p>
   </div>
   <div class='ocr_carea' id='block_1_90' title="bbox 1963 4150 3543 4226">
    <p class='ocr_par' dir='ltr' id='par_1_90' title="bbox 1963 4150 3543 4226">
     <span class='ocr_line' id='line_1_91' title="bbox 1963 4150 3543 4226; baseline 0.004 -23"><span class='ocrx_word' id='word_1_643' title='bbox 1963 4150 2108 4220; x_wconf 89' lang='lat' dir='ltr'><strong>quod</strong></span> <span class='ocrx_word' id='word_1_644' title='bbox 2142 4165 2266 4203; x_wconf 93' lang='lat' dir='ltr'><strong>cum</strong></span> <span class='ocrx_word' id='word_1_645' title='bbox 2302 4152 2540 4204; x_wconf 85' lang='lat' dir='ltr'><strong>mundus</strong></span> <span class='ocrx_word' id='word_1_646' title='bbox 2569 4150 2658 4204; x_wconf 91' lang='lat' dir='ltr'><strong>hic</strong></span> <span class='ocrx_word' id='word_1_647' title='bbox 2701 4152 2825 4205; x_wconf 64' lang='lat' dir='ltr'><strong>talis</strong></span> <span class='ocrx_word' id='word_1_648' title='bbox 2872 4166 2935 4206; x_wconf 89' lang='lat' dir='ltr'><strong>ac</strong></span> <span class='ocrx_word' id='word_1_649' title='bbox 2982 4160 3194 4217; x_wconf 88' lang='lat' dir='ltr'><strong>tantus,</strong></span> <span class='ocrx_word' id='word_1_650' title='bbox 3238 4162 3543 4226; x_wconf 89' lang='lat' dir='ltr'><strong>omnesque’</strong></span> 
     </span>
    </p>
   </div>
   <div class='ocr_carea' id='block_1_91' title="bbox 1964 4241 3532 4311">
    <p class='ocr_par' dir='ltr' id='par_1_91' title="bbox 1964 4241 3532 4311">
     <span class='ocr_line' id='line_1_92' title="bbox 1964 4241 3532 4311; baseline 0.004 -15"><span class='ocrx_word' id='word_1_651' title='bbox 1964 4241 2083 4311; x_wconf 86' lang='lat' dir='ltr'><strong>ejus</strong></span> <span class='ocrx_word' id='word_1_652' title='bbox 2112 4249 2294 4311; x_wconf 88' lang='lat' dir='ltr'><strong>partes</strong></span> <span class='ocrx_word' id='word_1_653' title='bbox 2324 4242 2388 4296; x_wconf 92' lang='lat' dir='ltr'><strong>ad</strong></span> <span class='ocrx_word' id='word_1_654' title='bbox 2436 4241 2742 4297; x_wconf 86' lang='lat' dir='ltr'><strong>machinam</strong></span> <span class='ocrx_word' id='word_1_655' title='bbox 2778 4242 3151 4300; x_wconf 90' lang='lat' dir='ltr'><strong>universitatis</strong></span> <span class='ocrx_word' id='word_1_656' title='bbox 3179 4260 3375 4305; x_wconf 81' lang='lat' dir='ltr'><strong>rerum</strong></span> <span class='ocrx_word' id='word_1_657' title='bbox 3395 4262 3532 4301; x_wconf 87' lang='lat' dir='ltr'><strong>con-</strong></span> 
     </span>
    </p>
   </div>
   <div class='ocr_carea' id='block_1_92' title="bbox 1964 4334 3532 4405">
    <p class='ocr_par' dir='ltr' id='par_1_92' title="bbox 1964 4334 3532 4405">
     <span class='ocr_line' id='line_1_93' title="bbox 1964 4334 3532 4405; baseline 0.004 -15"><span class='ocrx_word' id='word_1_658' title='bbox 1964 4334 2294 4390; x_wconf 85' lang='lat' dir='ltr'><strong>stituendam</strong></span> <span class='ocrx_word' id='word_1_659' title='bbox 2326 4335 2518 4390; x_wconf 90' lang='lat' dir='ltr'><strong>ordine</strong></span> <span class='ocrx_word' id='word_1_660' title='bbox 2549 4344 2821 4405; x_wconf 67' lang='lat' dir='ltr'><strong>congesta:</strong></span> <span class='ocrx_word' id='word_1_661' title='bbox 2850 4344 3074 4402; x_wconf 88' lang='lat' dir='ltr'><strong>essent,</strong></span> <span class='ocrx_word' id='word_1_662' title='bbox 3123 4339 3304 4403; x_wconf 88' lang='lat' dir='ltr'><strong>nullo,</strong></span> <span class='ocrx_word' id='word_1_663' title='bbox 3352 4347 3411 4393; x_wconf 91' lang='lat' dir='ltr'><strong>ut</strong></span> <span class='ocrx_word' id='word_1_664' title='bbox 3458 4341 3532 4396; x_wconf 82' lang='lat' dir='ltr'><strong>ita</strong></span> 
     </span>
    </p>
   </div>
   <div class='ocr_carea' id='block_1_93' title="bbox 1964 4425 3535 4496">
    <p class='ocr_par' dir='ltr' id='par_1_93' title="bbox 1964 4425 3535 4496">
     <span class='ocr_line' id='line_1_94' title="bbox 1964 4425 3535 4496; baseline 0.004 -16"><span class='ocrx_word' id='word_1_665' title='bbox 1964 4425 2140 4481; x_wconf 92' lang='lat' dir='ltr'><strong>dicam</strong></span> <span class='ocrx_word' id='word_1_666' title='bbox 2165 4465 2181 4491; x_wconf 93' lang='lat'><strong>,</strong></span> <span class='ocrx_word' id='word_1_667' title='bbox 2213 4427 2428 4496; x_wconf 83' lang='lat' dir='ltr'><strong>negotio</strong></span> <span class='ocrx_word' id='word_1_668' title='bbox 2453 4434 2646 4482; x_wconf 89' lang='lat' dir='ltr'><strong>natura</strong></span> <span class='ocrx_word' id='word_1_669' title='bbox 2680 4442 2861 4481; x_wconf 89' lang='lat' dir='ltr'><strong>rerum</strong></span> <span class='ocrx_word' id='word_1_670' title='bbox 2906 4443 2937 4481; x_wconf 91' lang='lat' dir='ltr'><strong>a</strong></span> <span class='ocrx_word' id='word_1_671' title='bbox 2978 4426 3088 4483; x_wconf 90' lang='lat' dir='ltr'><strong>Deo</strong></span> <span class='ocrx_word' id='word_1_672' title='bbox 3118 4439 3300 4484; x_wconf 89' lang='lat' dir='ltr'><strong>creata</strong></span> <span class='ocrx_word' id='word_1_673' title='bbox 3345 4431 3449 4495; x_wconf 91' lang='lat' dir='ltr'><strong>sit,</strong></span> <span class='ocrx_word' id='word_1_674' title='bbox 3480 4440 3535 4487; x_wconf 87' lang='lat' dir='ltr'><strong>et</strong></span> 
     </span>
    </p>
   </div>
   <div class='ocr_carea' id='block_1_94' title="bbox 1967 4518 3535 4589">
    <p class='ocr_par' dir='ltr' id='par_1_94' title="bbox 1967 4518 3535 4589">
     <span class='ocr_line' id='line_1_95' title="bbox 1967 4518 3535 4589; baseline 0.004 -16"><span class='ocrx_word' id='word_1_675' title='bbox 1967 4520 2230 4574; x_wconf 87' lang='lat' dir='ltr'><strong>continuo</strong></span> <span class='ocrx_word' id='word_1_676' title='bbox 2262 4519 2328 4573; x_wconf 90' lang='lat' dir='ltr'><strong>ad</strong></span> <span class='ocrx_word' id='word_1_677' title='bbox 2365 4518 2611 4589; x_wconf 85' lang='lat' dir='ltr'><strong>ejusdem</strong></span> <span class='ocrx_word' id='word_1_678' title='bbox 2648 4531 2837 4573; x_wconf 88' lang='lat' dir='ltr'><strong>nutum</strong></span> <span class='ocrx_word' id='word_1_679' title='bbox 2871 4522 3157 4576; x_wconf 79' lang='lat' dir='ltr'><strong>exstiterit.</strong></span> <span class='ocrx_word' id='word_1_680' title='bbox 3198 4524 3265 4576; x_wconf 81' lang='lat' dir='ltr'><strong>At</strong></span> <span class='ocrx_word' id='word_1_681' title='bbox 3297 4523 3535 4580; x_wconf 88' lang='lat' dir='ltr'><strong>hominis</strong></span> 
     </span>
    </p>
   </div>
   <div class='ocr_carea' id='block_1_95' title="bbox 1966 4610 3535 4685">
    <p class='ocr_par' dir='ltr' id='par_1_95' title="bbox 1966 4610 3535 4685">
     <span class='ocr_line' id='line_1_96' title="bbox 1966 4610 3535 4685; baseline 0.003 -20"><span class='ocrx_word' id='word_1_682' title='bbox 1966 4610 2382 4665; x_wconf 83' lang='lat' dir='ltr'><strong>fabricationem</strong></span> <span class='ocrx_word' id='word_1_683' title='bbox 2410 4610 2731 4665; x_wconf 86' lang='lat' dir='ltr'><strong>deliberatio</strong></span> <span class='ocrx_word' id='word_1_684' title='bbox 2758 4613 3047 4680; x_wconf 85' lang='lat' dir='ltr'><strong>praecedit,</strong></span> <span class='ocrx_word' id='word_1_685' title='bbox 3077 4621 3131 4668; x_wconf 92' lang='lat' dir='ltr'><strong>et</strong></span> <span class='ocrx_word' id='word_1_686' title='bbox 3161 4613 3328 4668; x_wconf 80' lang='lat' dir='ltr'><strong>futuri</strong></span> <span class='ocrx_word' id='word_1_687' title='bbox 3352 4616 3535 4685; x_wconf 88' lang='lat' dir='ltr'><strong>operis</strong></span> 
     </span>
    </p>
   </div>
   <div class='ocr_carea' id='block_1_96' title="bbox 1968 4704 3535 4777">
    <p class='ocr_par' dir='ltr' id='par_1_96' title="bbox 1968 4704 3535 4777">
     <span class='ocr_line' id='line_1_97' title="bbox 1968 4704 3535 4777; baseline 0.003 -19"><span class='ocrx_word' id='word_1_688' title='bbox 1968 4709 2037 4760; x_wconf 90' lang='lat' dir='ltr'><strong>ab</strong></span> <span class='ocrx_word' id='word_1_689' title='bbox 2064 4704 2273 4759; x_wconf 84' lang='lat' dir='ltr'><strong>artiﬁce</strong></span> <span class='ocrx_word' id='word_1_690' title='bbox 2304 4705 2477 4759; x_wconf 83' lang='lat' dir='ltr'><strong>forma</strong></span> <span class='ocrx_word' id='word_1_691' title='bbox 2510 4706 2777 4762; x_wconf 87' lang='lat' dir='ltr'><strong>orationis</strong></span> <span class='ocrx_word' id='word_1_692' title='bbox 2804 4709 3015 4777; x_wconf 89' lang='lat' dir='ltr'><strong>pictura</strong></span> <span class='ocrx_word' id='word_1_693' title='bbox 3044 4706 3370 4766; x_wconf 85' lang='lat' dir='ltr'><strong>delineatur.</strong></span> <span class='ocrx_word' id='word_1_694' title='bbox 3394 4707 3535 4774; x_wconf 82' lang='lat' dir='ltr'><strong>Qua-</strong></span> 
     </span>
    </p>
   </div>
   <div class='ocr_carea' id='block_1_97' title="bbox 1966 4794 3538 4870">
    <p class='ocr_par' dir='ltr' id='par_1_97' title="bbox 1966 4794 3538 4870">
     <span class='ocr_line' id='line_1_98' title="bbox 1966 4794 3538 4870; baseline 0.005 -23"><span class='ocrx_word' id='word_1_695' title='bbox 1966 4795 2072 4848; x_wconf 92' lang='lat' dir='ltr'><strong>lem</strong></span> <span class='ocrx_word' id='word_1_696' title='bbox 2122 4794 2378 4849; x_wconf 90' lang='lat' dir='ltr'><strong>videlicet</strong></span> <span class='ocrx_word' id='word_1_697' title='bbox 2425 4794 2702 4851; x_wconf 91' lang='lat' dir='ltr'><strong>hominem</strong></span> <span class='ocrx_word' id='word_1_698' title='bbox 2747 4812 2870 4852; x_wconf 91' lang='lat' dir='ltr'><strong>esse</strong></span> <span class='ocrx_word' id='word_1_699' title='bbox 2917 4806 3202 4866; x_wconf 88' lang='lat' dir='ltr'><strong>oporteat,</strong></span> <span class='ocrx_word' id='word_1_700' title='bbox 3247 4801 3538 4870; x_wconf 87' lang='lat' dir='ltr'><strong>qualisque</strong></span> 
     </span>
    </p>
   </div>
   <div class='ocr_carea' id='block_1_98' title="bbox 1968 4886 3537 4960">
    <p class='ocr_par' dir='ltr' id='par_1_98' title="bbox 1968 4886 3537 4960">
     <span class='ocr_line' id='line_1_99' title="bbox 1968 4886 3537 4960; baseline 0.004 -20"><span class='ocrx_word' id='word_1_701' title='bbox 1968 4886 2293 4956; x_wconf 83' lang='lat' dir='ltr'><strong>exemplaris</strong></span> <span class='ocrx_word' id='word_1_702' title='bbox 2337 4887 2624 4957; x_wconf 85' lang='lat' dir='ltr'><strong>imaginem</strong></span> <span class='ocrx_word' id='word_1_703' title='bbox 2672 4889 2910 4951; x_wconf 80' lang='lat' dir='ltr'><strong>referre,</strong></span> <span class='ocrx_word' id='word_1_704' title='bbox 2944 4891 3297 4960; x_wconf 86' lang='lat' dir='ltr'><strong>quamobrem</strong></span> <span class='ocrx_word' id='word_1_705' title='bbox 3340 4906 3537 4947; x_wconf 88' lang='lat' dir='ltr'><strong>crean-</strong></span> 
     </span>
    </p>
   </div>
   <div class='ocr_carea' id='block_1_99' title="bbox 1970 4980 3537 5055">
    <p class='ocr_par' dir='ltr' id='par_1_99' title="bbox 1970 4980 3537 5055">
     <span class='ocr_line' id='line_1_100' title="bbox 1970 4980 3537 5055; baseline 0.006 -23"><span class='ocrx_word' id='word_1_706' title='bbox 1970 4980 2105 5043; x_wconf 90' lang='lat' dir='ltr'><strong>dus,</strong></span> <span class='ocrx_word' id='word_1_707' title='bbox 2156 4986 2209 5034; x_wconf 91' lang='lat' dir='ltr'><strong>et</strong></span> <span class='ocrx_word' id='word_1_708' title='bbox 2247 4980 2415 5033; x_wconf 91' lang='lat' dir='ltr'><strong>creati</strong></span> <span class='ocrx_word' id='word_1_709' title='bbox 2459 4997 2579 5050; x_wconf 87' lang='lat' dir='ltr'><strong>quae</strong></span> <span class='ocrx_word' id='word_1_710' title='bbox 2618 4980 2814 5039; x_wconf 66' lang='lat' dir='ltr'><strong>futurae</strong></span> <span class='ocrx_word' id='word_1_711' title='bbox 2858 4985 2968 5040; x_wconf 89' lang='lat' dir='ltr'><strong>sint</strong></span> <span class='ocrx_word' id='word_1_712' title='bbox 3011 4985 3290 5049; x_wconf 87' lang='lat' dir='ltr'><strong>actiones,</strong></span> <span class='ocrx_word' id='word_1_713' title='bbox 3335 4985 3537 5055; x_wconf 88' lang='lat' dir='ltr'><strong>quibus</strong></span> 
     </span>
    </p>
   </div>
   <div class='ocr_carea' id='block_1_100' title="bbox 296 5059 1870 5147">
    <p class='ocr_par' dir='ltr' id='par_1_100' title="bbox 296 5060 1864 5140">
     <span class='ocr_line' id='line_1_101' title="bbox 296 5060 1864 5140; baseline -0.005 -18"><span class='ocrx_word' id='word_1_714' title='bbox 296 5071 377 5133; x_wconf 85' lang='grc' dir='ltr'>ὡς</span> <span class='ocrx_word' id='word_1_715' title='bbox 404 5067 776 5140; x_wconf 81' lang='grc' dir='ltr'>πρεσϐυτέραν</span> <span class='ocrx_word' id='word_1_716' title='bbox 814 5065 974 5118; x_wconf 83' lang='grc' dir='ltr'>αὑτὸν</span> <span class='ocrx_word' id='word_1_717' title='bbox 1002 5065 1099 5134; x_wconf 85' lang='grc' dir='ltr'>τῆς</span> <span class='ocrx_word' id='word_1_718' title='bbox 1140 5064 1402 5133; x_wconf 88' lang='grc' dir='ltr'>γενέσεως</span> <span class='ocrx_word' id='word_1_719' title='bbox 1453 5061 1552 5132; x_wconf 83' lang='grc' dir='ltr'>τὴν</span> <span class='ocrx_word' id='word_1_720' title='bbox 1581 5061 1736 5125; x_wconf 80' lang='grc' dir='ltr'>ἀξίαν</span> <span class='ocrx_word' id='word_1_721' title='bbox 1770 5060 1864 5114; x_wconf 77' lang='grc' dir='ltr'>λα-</span> 
     </span>
    </p>
   </div>
   <div class='ocr_carea' id='block_1_101' title="bbox 1954 5059 3537 5147">
    <p class='ocr_par' dir='ltr' id='par_1_101' title="bbox 1966 5068 3537 5147">
     <span class='ocr_line' id='line_1_102' title="bbox 1966 5068 3537 5147; baseline 0.007 -25"><span class='ocrx_word' id='word_1_722' title='bbox 1966 5084 2088 5122; x_wconf 83' lang='grc' dir='ltr'>οιιιη</span> <span class='ocrx_word' id='word_1_723' title='bbox 2114 5068 2344 5139; x_wconf 89' lang='lat' dir='ltr'><strong>imperio</strong></span> <span class='ocrx_word' id='word_1_724' title='bbox 2371 5070 2442 5125; x_wconf 88' lang='lat' dir='ltr'><strong>sit</strong></span> <span class='ocrx_word' id='word_1_725' title='bbox 2470 5072 2800 5142; x_wconf 71' lang='lat' dir='ltr'><strong>praefuturus</strong></span> <span class='ocrx_word' id='word_1_726' title='bbox 2828 5094 2841 5131; x_wconf 90' lang='lat'><strong>:</strong></span> <span class='ocrx_word' id='word_1_727' title='bbox 2874 5076 2941 5131; x_wconf 92' lang='lat' dir='ltr'><strong>de</strong></span> <span class='ocrx_word' id='word_1_728' title='bbox 2971 5076 3057 5132; x_wconf 89' lang='lat' dir='ltr'><strong>his</strong></span> <span class='ocrx_word' id='word_1_729' title='bbox 3089 5076 3255 5147; x_wconf 87' lang='lat' dir='ltr'><strong>igitur</strong></span> <span class='ocrx_word' id='word_1_730' title='bbox 3280 5078 3537 5133; x_wconf 87' lang='lat' dir='ltr'><strong>omnibus</strong></span> 
     </span>
    </p>
   </div>
   <div class='ocr_carea' id='block_1_102' title="bbox 297 5149 1925 5234">
    <p class='ocr_par' dir='ltr' id='par_1_102' title="bbox 297 5149 1925 5234">
     <span class='ocr_line' id='line_1_103' title="bbox 297 5149 1925 5234; baseline -0.007 -21"><span class='ocrx_word' id='word_1_731' title='bbox 297 5163 439 5231; x_wconf 81' lang='grc' dir='ltr'>χεῖν,</span> <span class='ocrx_word' id='word_1_732' title='bbox 475 5158 603 5229; x_wconf 79' lang='grc' dir='ltr'>πρὶν</span> <span class='ocrx_word' id='word_1_733' title='bbox 628 5156 915 5228; x_wconf 84' lang='grc' dir='ltr'>παρελθεῖν</span> <span class='ocrx_word' id='word_1_734' title='bbox 940 5156 1019 5218; x_wconf 80' lang='grc' dir='ltr'><strong>είς</strong></span> <span class='ocrx_word' id='word_1_735' title='bbox 1041 5154 1102 5207; x_wconf 84' lang='grc' dir='ltr'>τὸ</span> <span class='ocrx_word' id='word_1_736' title='bbox 1131 5149 1270 5207; x_wconf 84' lang='grc' dir='ltr'>εἶναι</span> <span class='ocrx_word' id='word_1_737' title='bbox 1306 5152 1403 5224; x_wconf 81' lang='grc' dir='ltr'><strong>τὴν</strong></span> <span class='ocrx_word' id='word_1_738' title='bbox 1424 5152 1529 5205; x_wconf 89' lang='grc' dir='ltr'><strong>τῶν</strong></span> <span class='ocrx_word' id='word_1_739' title='bbox 1557 5151 1722 5205; x_wconf 71' lang='grc' dir='ltr'>ὄντων</span> <span class='ocrx_word' id='word_1_740' title='bbox 1747 5152 1872 5221; x_wconf 83' lang='grc' dir='ltr'>ὴγε-</span> <span class='ocrx_word' id='word_1_741' title='bbox 1911 5221 1925 5234; x_wconf 37' lang='grc' dir='ltr'><strong>ρ</strong></span> 
     </span>
    </p>
   </div>
   <div class='ocr_carea' id='block_1_103' title="bbox 301 5242 1903 5322">
    <p class='ocr_par' dir='ltr' id='par_1_103' title="bbox 301 5242 1903 5322">
     <span class='ocr_line' id='line_1_104' title="bbox 301 5242 1903 5322; baseline -0.007 -18"><span class='ocrx_word' id='word_1_742' title='bbox 301 5252 494 5322; x_wconf 82' lang='grc' dir='ltr'>μονίαν</span> <span class='ocrx_word' id='word_1_743' title='bbox 506 5247 869 5317; x_wconf 87' lang='grc' dir='ltr'>κτησάμενον.</span> <span class='ocrx_word' id='word_1_744' title='bbox 887 5243 1083 5300; x_wconf 68' lang='grc' dir='ltr'><strong>«Εἶπεν</strong></span> <span class='ocrx_word' id='word_1_745' title='bbox 1110 5245 1240 5316; x_wconf 87' lang='grc' dir='ltr'>γὰρ,</span> <span class='ocrx_word' id='word_1_746' title='bbox 1254 5244 1438 5315; x_wconf 74' lang='grc' dir='ltr'>φησὶν,</span> <span class='ocrx_word' id='word_1_747' title='bbox 1458 5263 1476 5294; x_wconf 77' lang='grc' dir='ltr'>ί</span> <span class='ocrx_word' id='word_1_748' title='bbox 1499 5243 1688 5309; x_wconf 85' lang='grc' dir='ltr'>όΘεὸς,</span> <span class='ocrx_word' id='word_1_749' title='bbox 1708 5242 1903 5313; x_wconf 53' lang='grc' dir='ltr'>Ποιήοε</span> 
     </span>
    </p>
   </div>
   <div class='ocr_carea' id='block_1_104' title="bbox 299 5332 1869 5413">
    <p class='ocr_par' dir='ltr' id='par_1_104' title="bbox 299 5332 1869 5413">
     <span class='ocr_line' id='line_1_105' title="bbox 299 5332 1869 5413; baseline -0.008 -16"><span class='ocrx_word' id='word_1_750' title='bbox 299 5360 483 5413; x_wconf 75' lang='grc' dir='ltr'>σωμεν</span> <span class='ocrx_word' id='word_1_751' title='bbox 508 5338 928 5410; x_wconf 58' lang='grc' dir='ltr'>ἀνθρωποφκατ⁹</span> <span class='ocrx_word' id='word_1_752' title='bbox 952 5338 1131 5391; x_wconf 81' lang='grc' dir='ltr'>εἰκόνα</span> <span class='ocrx_word' id='word_1_753' title='bbox 1151 5335 1444 5407; x_wconf 83' lang='grc' dir='ltr'>ἡμετέραν,</span> <span class='ocrx_word' id='word_1_754' title='bbox 1476 5336 1567 5388; x_wconf 63' lang='grc' dir='ltr'><strong>καὶ¹</strong></span> <span class='ocrx_word' id='word_1_755' title='bbox 1594 5332 1869 5404; x_wconf 83' lang='grc' dir='ltr'>ὁμοίωσιν,</span> 
     </span>
    </p>
   </div>
   <div class='ocr_carea' id='block_1_105' title="bbox 295 5424 1874 5503">
    <p class='ocr_par' dir='ltr' id='par_1_105' title="bbox 295 5424 1874 5503">
     <span class='ocr_line' id='line_1_106' title="bbox 295 5424 1874 5503; baseline -0.006 -16"><span class='ocrx_word' id='word_1_756' title='bbox 295 5434 395 5488; x_wconf 55' lang='grc' dir='ltr'><strong>καὶ⁸</strong></span> <span class='ocrx_word' id='word_1_757' title='bbox 414 5431 731 5503; x_wconf 84' lang='grc' dir='ltr'>ἀρχέτωσαν</span> <span class='ocrx_word' id='word_1_758' title='bbox 750 5429 855 5482; x_wconf 89' lang='grc' dir='ltr'><strong>τῶν</strong></span> <span class='ocrx_word' id='word_1_759' title='bbox 878 5428 1073 5499; x_wconf 82' lang='grc' dir='ltr'>ἰχθύων</span> <span class='ocrx_word' id='word_1_760' title='bbox 1090 5428 1185 5498; x_wconf 85' lang='grc' dir='ltr'>τῆς</span> <span class='ocrx_word' id='word_1_761' title='bbox 1211 5427 1502 5497; x_wconf 87' lang='grc' dir='ltr'>θαλάσσης,</span> <span class='ocrx_word' id='word_1_762' title='bbox 1533 5426 1625 5479; x_wconf 76' lang='grc' dir='ltr'><strong>κα)⁵</strong></span> <span class='ocrx_word' id='word_1_763' title='bbox 1651 5425 1758 5478; x_wconf 87' lang='grc' dir='ltr'><strong>τῶν</strong></span> <span class='ocrx_word' id='word_1_764' title='bbox 1776 5424 1874 5496; x_wconf 86' lang='grc' dir='ltr'>θη-</span> 
     </span>
    </p>
   </div>
   <div class='ocr_carea' id='block_1_106' title="bbox 298 5516 1872 5597">
    <p class='ocr_par' dir='ltr' id='par_1_106' title="bbox 298 5516 1872 5597">
     <span class='ocr_line' id='line_1_107' title="bbox 298 5516 1872 5597; baseline -0.004 -19"><span class='ocrx_word' id='word_1_765' title='bbox 298 5524 433 5597; x_wconf 82' lang='grc' dir='ltr'>ρίων</span> <span class='ocrx_word' id='word_1_766' title='bbox 460 5524 557 5594; x_wconf 83' lang='grc' dir='ltr'>τῆς</span> <span class='ocrx_word' id='word_1_767' title='bbox 577 5521 701 5592; x_wconf 83' lang='grc' dir='ltr'>γῆς,</span> <span class='ocrx_word' id='word_1_768' title='bbox 725 5522 818 5574; x_wconf 72' lang='grc' dir='ltr'><strong>καὶ</strong></span> <span class='ocrx_word' id='word_1_769' title='bbox 841 5519 948 5572; x_wconf 89' lang='grc' dir='ltr'><strong>τῶν</strong></span> <span class='ocrx_word' id='word_1_770' title='bbox 971 5518 1229 5572; x_wconf 88' lang='grc' dir='ltr'>πετεινῶν</span> <span class='ocrx_word' id='word_1_771' title='bbox 1248 5518 1341 5571; x_wconf 83' lang='grc' dir='ltr'>τοῦ</span> <span class='ocrx_word' id='word_1_772' title='bbox 1374 5516 1622 5588; x_wconf 80' lang='grc' dir='ltr'>ούρανοῦ,</span> <span class='ocrx_word' id='word_1_773' title='bbox 1642 5516 1740 5571; x_wconf 74' lang='grc' dir='ltr'>καὶ</span> <span class='ocrx_word' id='word_1_774' title='bbox 1765 5516 1872 5571; x_wconf 88' lang='grc' dir='ltr'><strong>τῶν</strong></span> 
     </span>
    </p>
   </div>
   <div class='ocr_carea' id='block_1_107' title="bbox 295 5609 1921 5695">
    <p class='ocr_par' dir='ltr' id='par_1_107' title="bbox 295 5609 1921 5695">
     <span class='ocr_line' id='line_1_108' title="bbox 295 5609 1921 5695; baseline 0.003 -26"><span class='ocrx_word' id='word_1_775' title='bbox 295 5614 535 5685; x_wconf 83' lang='grc' dir='ltr'>κτηνῶν,</span> <span class='ocrx_word' id='word_1_776' title='bbox 562 5613 656 5667; x_wconf 55' lang='grc' dir='ltr'><strong>καί⁵</strong></span> <span class='ocrx_word' id='word_1_777' title='bbox 677 5612 857 5683; x_wconf 86' lang='grc' dir='ltr'>πάσης</span> <span class='ocrx_word' id='word_1_778' title='bbox 880 5609 976 5680; x_wconf 79' lang='grc' dir='ltr'>τῆς</span> <span class='ocrx_word' id='word_1_779' title='bbox 995 5611 1116 5682; x_wconf 80' lang='grc' dir='ltr'>γῆς.</span> <span class='ocrx_word' id='word_1_780' title='bbox 1143 5629 1161 5661; x_wconf 70' lang='grc' dir='ltr'><strong>ι</strong></span> <span class='ocrx_word' id='word_1_781' title='bbox 1184 5610 1247 5662; x_wconf 84' lang='grc' dir='ltr'>Ὢ</span> <span class='ocrx_word' id='word_1_782' title='bbox 1277 5609 1369 5662; x_wconf 81' lang='grc' dir='ltr'>τοῦ</span> <span class='ocrx_word' id='word_1_783' title='bbox 1391 5609 1693 5680; x_wconf 62' lang='grc' dir='ltr'>θαύματοςῖ</span> <span class='ocrx_word' id='word_1_784' title='bbox 1722 5609 1885 5695; x_wconf 68' lang='grc' dir='ltr'>ἣλιος</span> <span class='ocrx_word' id='word_1_785' title='bbox 1917 5671 1921 5674; x_wconf 84' lang='lat'><strong>.</strong></span> 
     </span>
    </p>
   </div>
   <div class='ocr_carea' id='block_1_108' title="bbox 297 5696 1925 5772">
    <p class='ocr_par' dir='ltr' id='par_1_108' title="bbox 297 5696 1925 5772">
     <span class='ocr_line' id='line_1_109' title="bbox 297 5696 1925 5772; baseline -0.007 -12"><span class='ocrx_word' id='word_1_786' title='bbox 297 5702 787 5769; x_wconf 81' lang='grc' dir='ltr'>κατασκευάζεται,</span> <span class='ocrx_word' id='word_1_787' title='bbox 803 5703 897 5757; x_wconf 78' lang='grc' dir='ltr'>καὶ</span> <span class='ocrx_word' id='word_1_788' title='bbox 919 5701 1138 5772; x_wconf 81' lang='grc' dir='ltr'>οὐδεμία</span> <span class='ocrx_word' id='word_1_789' title='bbox 1163 5703 1479 5772; x_wconf 83' lang='grc' dir='ltr'>προηγεῖται</span> <span class='ocrx_word' id='word_1_790' title='bbox 1503 5700 1663 5771; x_wconf 78' lang='grc' dir='ltr'>βουλή</span> <span class='ocrx_word' id='word_1_791' title='bbox 1680 5717 1693 5731; x_wconf 82' lang='grc'><em>’</em></span> <span class='ocrx_word' id='word_1_792' title='bbox 1718 5700 1873 5771; x_wconf 78' lang='grc' dir='ltr'>ούρα-</span> <span class='ocrx_word' id='word_1_793' title='bbox 1890 5696 1925 5749; x_wconf 61' lang='grc' dir='ltr'><strong>Ἴ)</strong></span> 
     </span>
    </p>
   </div>
   <div class='ocr_carea' id='block_1_109' title="bbox 301 5788 1868 5873">
    <p class='ocr_par' dir='ltr' id='par_1_109' title="bbox 301 5788 1868 5873">
     <span class='ocr_line' id='line_1_110' title="bbox 301 5788 1868 5873; baseline -0.004 -21"><span class='ocrx_word' id='word_1_794' title='bbox 301 5799 389 5865; x_wconf 62' lang='grc' dir='ltr'>ὡς</span> <span class='ocrx_word' id='word_1_795' title='bbox 407 5796 690 5864; x_wconf 83' lang='grc' dir='ltr'>ὡσαύτως,</span> <span class='ocrx_word' id='word_1_796' title='bbox 708 5788 781 5853; x_wconf 79' lang='grc' dir='ltr'>ὧν</span> <span class='ocrx_word' id='word_1_797' title='bbox 800 5792 947 5873; x_wconf 69' lang='grc' dir='ltr'>οὐδέν</span> <span class='ocrx_word' id='word_1_798' title='bbox 958 5811 1010 5847; x_wconf 89' lang='grc' dir='ltr'><strong>τι</strong></span> <span class='ocrx_word' id='word_1_799' title='bbox 1026 5793 1134 5847; x_wconf 90' lang='grc' dir='ltr'><strong>τῶν</strong></span> <span class='ocrx_word' id='word_1_800' title='bbox 1149 5791 1285 5848; x_wconf 84' lang='grc' dir='ltr'>κατὰ</span> <span class='ocrx_word' id='word_1_801' title='bbox 1300 5792 1393 5864; x_wconf 81' lang='grc' dir='ltr'>τὴν</span> <span class='ocrx_word' id='word_1_802' title='bbox 1412 5793 1584 5848; x_wconf 88' lang='grc' dir='ltr'>κτίσιν</span> <span class='ocrx_word' id='word_1_803' title='bbox 1604 5792 1716 5846; x_wconf 73' lang='grc' dir='ltr'>ἴσον</span> <span class='ocrx_word' id='word_1_804' title='bbox 1731 5792 1868 5860; x_wconf 74' lang='grc' dir='ltr'>ἐστὶ,</span> 
     </span>
    </p>
   </div>
   <div class='ocr_carea' id='block_1_110' title="bbox 1967 5160 3537 5237">
    <p class='ocr_par' dir='ltr' id='par_1_110' title="bbox 1967 5160 3537 5237">
     <span class='ocr_line' id='line_1_111' title="bbox 1967 5160 3537 5237; baseline 0.004 -22"><span class='ocrx_word' id='word_1_805' title='bbox 1967 5160 2277 5232; x_wconf 87' lang='lat' dir='ltr'><strong>dispicitur,</strong></span> <span class='ocrx_word' id='word_1_806' title='bbox 2334 5171 2395 5216; x_wconf 93' lang='lat' dir='ltr'><strong>ut</strong></span> <span class='ocrx_word' id='word_1_807' title='bbox 2448 5165 2816 5235; x_wconf 67' lang='lat' dir='ltr'><strong>praestantiam</strong></span> <span class='ocrx_word' id='word_1_808' title='bbox 2875 5166 3039 5220; x_wconf 88' lang='lat' dir='ltr'><strong>homo</strong></span> <span class='ocrx_word' id='word_1_809' title='bbox 3101 5166 3537 5237; x_wconf 85' lang='lat' dir='ltr'><strong>dignitatemque</strong></span> 
     </span>
    </p>
   </div>
   <div class='ocr_carea' id='block_1_111' title="bbox 1935 5250 3534 5327">
    <p class='ocr_par' dir='ltr' id='par_1_111' title="bbox 1935 5250 3534 5327">
     <span class='ocr_line' id='line_1_112' title="bbox 1935 5250 3534 5327; baseline 0.006 -21"><span class='ocrx_word' id='word_1_810' title='bbox 1935 5250 1943 5318; x_wconf 81' lang='grc' dir='ltr'><strong>ς</strong></span> <span class='ocrx_word' id='word_1_811' title='bbox 1965 5267 2121 5307; x_wconf 87' lang='lat' dir='ltr'><strong>suam</strong></span> <span class='ocrx_word' id='word_1_812' title='bbox 2154 5255 2458 5320; x_wconf 88' lang='lat' dir='ltr'><strong>obtineret,</strong></span> <span class='ocrx_word' id='word_1_813' title='bbox 2491 5266 2546 5313; x_wconf 88' lang='lat' dir='ltr'><strong>et</strong></span> <span class='ocrx_word' id='word_1_814' title='bbox 2576 5258 2727 5327; x_wconf 86' lang='lat' dir='ltr'><strong>prius</strong></span> <span class='ocrx_word' id='word_1_815' title='bbox 2755 5258 2915 5313; x_wconf 89' lang='lat' dir='ltr'><strong>etiam</strong></span> <span class='ocrx_word' id='word_1_816' title='bbox 2942 5276 3122 5315; x_wconf 90' lang='lat' dir='ltr'><strong>rerum</strong></span> <span class='ocrx_word' id='word_1_817' title='bbox 3155 5262 3534 5316; x_wconf 87' lang='lat' dir='ltr'><strong>universarum</strong></span> 
     </span>
    </p>
   </div>
   <div class='ocr_carea' id='block_1_112' title="bbox 1964 5342 3536 5418">
    <p class='ocr_par' dir='ltr' id='par_1_112' title="bbox 1964 5342 3536 5418">
     <span class='ocr_line' id='line_1_113' title="bbox 1964 5342 3536 5418; baseline 0.006 -23"><span class='ocrx_word' id='word_1_818' title='bbox 1964 5342 2327 5413; x_wconf 89' lang='lat' dir='ltr'><strong>principatum</strong></span> <span class='ocrx_word' id='word_1_819' title='bbox 2358 5358 2807 5416; x_wconf 86' lang='lat' dir='ltr'><strong>consequeretur.</strong></span> <span class='ocrx_word' id='word_1_820' title='bbox 2843 5365 3008 5418; x_wconf 89' lang='lat' dir='ltr'><strong>quam</strong></span> <span class='ocrx_word' id='word_1_821' title='bbox 3044 5358 3199 5405; x_wconf 90' lang='lat' dir='ltr'><strong>ortus</strong></span> <span class='ocrx_word' id='word_1_822' title='bbox 3241 5358 3407 5404; x_wconf 90' lang='lat' dir='ltr'><strong>esset.</strong></span> <span class='ocrx_word' id='word_1_823' title='bbox 3450 5348 3536 5404; x_wconf 84' lang='lat' dir='ltr'><strong>ld-</strong></span> 
     </span>
    </p>
   </div>
   <div class='ocr_carea' id='block_1_113' title="bbox 1965 5434 3537 5511">
    <p class='ocr_par' dir='ltr' id='par_1_113' title="bbox 1965 5434 3537 5511">
     <span class='ocr_line' id='line_1_114' title="bbox 1965 5434 3537 5511; baseline 0.004 -22"><span class='ocrx_word' id='word_1_824' title='bbox 1965 5434 2113 5489; x_wconf 92' lang='lat' dir='ltr'><strong>circo</strong></span> <span class='ocrx_word' id='word_1_825' title='bbox 2153 5434 2331 5493; x_wconf 84' lang='lat' dir='ltr'><strong>Moses</strong></span> <span class='ocrx_word' id='word_1_826' title='bbox 2371 5438 2483 5502; x_wconf 89' lang='lat' dir='ltr'><strong>ait,</strong></span> <span class='ocrx_word' id='word_1_827' title='bbox 2534 5437 2698 5494; x_wconf 91' lang='lat' dir='ltr'><strong>Deum</strong></span> <span class='ocrx_word' id='word_1_828' title='bbox 2756 5441 2859 5496; x_wconf 92' lang='lat' dir='ltr'><strong>hoc</strong></span> <span class='ocrx_word' id='word_1_829' title='bbox 2914 5442 3149 5511; x_wconf 88' lang='lat' dir='ltr'><strong>quodam</strong></span> <span class='ocrx_word' id='word_1_830' title='bbox 3190 5442 3353 5496; x_wconf 89' lang='lat' dir='ltr'><strong>modo</strong></span> <span class='ocrx_word' id='word_1_831' title='bbox 3384 5442 3537 5497; x_wconf 90' lang='lat' dir='ltr'><strong>locu-</strong></span> 
     </span>
    </p>
   </div>
   <div class='ocr_carea' id='block_1_114' title="bbox 1978 5527 3536 5600">
    <p class='ocr_par' dir='ltr' id='par_1_114' title="bbox 1978 5527 3536 5600">
     <span class='ocr_line' id='line_1_115' title="bbox 1978 5527 3536 5600; baseline 0.007 -22"><span class='ocrx_word' id='word_1_832' title='bbox 1978 5534 2090 5579; x_wconf 90' lang='lat' dir='ltr'><strong>tum</strong></span> <span class='ocrx_word' id='word_1_833' title='bbox 2120 5540 2245 5583; x_wconf 89' lang='lat' dir='ltr'><strong>esse</strong></span> <span class='ocrx_word' id='word_1_834' title='bbox 2269 5546 2283 5583; x_wconf 89' lang='lat'><strong>:</strong></span> <span class='ocrx_word' id='word_1_835' title='bbox 2311 5546 2332 5579; x_wconf 71' lang='grc' dir='ltr'><strong>ι</strong></span> <span class='ocrx_word' id='word_1_836' title='bbox 2362 5527 2656 5587; x_wconf 88' lang='lat' dir='ltr'><strong>Faciamus</strong></span> <span class='ocrx_word' id='word_1_837' title='bbox 2688 5532 2962 5589; x_wconf 90' lang='lat' dir='ltr'><strong>hominem</strong></span> <span class='ocrx_word' id='word_1_838' title='bbox 2993 5533 3061 5588; x_wconf 88' lang='lat' dir='ltr'><strong>ad</strong></span> <span class='ocrx_word' id='word_1_839' title='bbox 3100 5534 3391 5600; x_wconf 87' lang='lat' dir='ltr'><strong>imaginem</strong></span> <span class='ocrx_word' id='word_1_840' title='bbox 3431 5548 3536 5589; x_wconf 90' lang='lat' dir='ltr'><strong>no-</strong></span> 
     </span>
    </p>
   </div>
   <div class='ocr_carea' id='block_1_115' title="bbox 1944 5616 3539 5694">
    <p class='ocr_par' dir='ltr' id='par_1_115' title="bbox 1944 5616 3539 5694">
     <span class='ocr_line' id='line_1_116' title="bbox 1944 5616 3539 5694; baseline 0.004 -23"><span class='ocrx_word' id='word_1_841' title='bbox 1944 5616 2076 5687; x_wconf 12' lang='lat' dir='ltr'><strong>‘stri</strong></span> <span class='ocrx_word' id='word_1_842' title='bbox 2126 5631 2189 5672; x_wconf 88' lang='lat' dir='ltr'><strong>ac</strong></span> <span class='ocrx_word' id='word_1_843' title='bbox 2239 5618 2683 5686; x_wconf 87' lang='lat' dir='ltr'><strong>similitudinem,</strong></span> <span class='ocrx_word' id='word_1_844' title='bbox 2730 5631 2962 5693; x_wconf 89' lang='lat' dir='ltr'><strong>estoque</strong></span> <span class='ocrx_word' id='word_1_845' title='bbox 3008 5622 3325 5678; x_wconf 86' lang='lat' dir='ltr'><strong>hominibus</strong></span> <span class='ocrx_word' id='word_1_846' title='bbox 3365 5625 3539 5694; x_wconf 88' lang='lat' dir='ltr'><strong>impe-</strong></span> 
     </span>
    </p>
   </div>
   <div class='ocr_carea' id='block_1_116' title="bbox 1975 5706 3539 5785">
    <p class='ocr_par' dir='ltr' id='par_1_116' title="bbox 1975 5706 3539 5785">
     <span class='ocr_line' id='line_1_117' title="bbox 1975 5706 3539 5785; baseline 0.007 -25"><span class='ocrx_word' id='word_1_847' title='bbox 1975 5706 2118 5762; x_wconf 86' lang='lat' dir='ltr'><strong>rium</strong></span> <span class='ocrx_word' id='word_1_848' title='bbox 2163 5709 2219 5764; x_wconf 92' lang='lat' dir='ltr'><strong>in</strong></span> <span class='ocrx_word' id='word_1_849' title='bbox 2250 5710 2418 5767; x_wconf 88' lang='lat' dir='ltr'><strong>maris</strong></span> <span class='ocrx_word' id='word_1_850' title='bbox 2447 5712 2660 5782; x_wconf 88' lang='lat' dir='ltr'><strong>pisces,</strong></span> <span class='ocrx_word' id='word_1_851' title='bbox 2695 5724 2807 5767; x_wconf 93' lang='lat' dir='ltr'><strong>tum</strong></span> <span class='ocrx_word' id='word_1_852' title='bbox 2839 5722 2997 5769; x_wconf 85' lang='lat' dir='ltr'><strong>terrae</strong></span> <span class='ocrx_word' id='word_1_853' title='bbox 3024 5715 3254 5778; x_wconf 88' lang='lat' dir='ltr'><strong>belluas,</strong></span> <span class='ocrx_word' id='word_1_854' title='bbox 3284 5715 3539 5785; x_wconf 83' lang='lat' dir='ltr'><strong>aerisque</strong></span> 
     </span>
    </p>
   </div>
   <div class='ocr_carea' id='block_1_117' title="bbox 1975 5799 3537 5878">
    <p class='ocr_par' dir='ltr' id='par_1_117' title="bbox 1975 5799 3537 5878">
     <span class='ocr_line' id='line_1_118' title="bbox 1975 5799 3537 5878; baseline 0.004 -22"><span class='ocrx_word' id='word_1_855' title='bbox 1975 5799 2256 5870; x_wconf 76' lang='lat' dir='ltr'><strong>volucres,</strong></span> <span class='ocrx_word' id='word_1_856' title='bbox 2290 5803 2344 5860; x_wconf 92' lang='lat' dir='ltr'><strong>in</strong></span> <span class='ocrx_word' id='word_1_857' title='bbox 2381 5803 2657 5875; x_wconf 84' lang='lat' dir='ltr'><strong>jumenta,</strong></span> <span class='ocrx_word' id='word_1_858' title='bbox 2695 5806 2749 5861; x_wconf 93' lang='lat' dir='ltr'><strong>in</strong></span> <span class='ocrx_word' id='word_1_859' title='bbox 2788 5814 2987 5862; x_wconf 88' lang='lat' dir='ltr'><strong>terram</strong></span> <span class='ocrx_word' id='word_1_860' title='bbox 3034 5806 3271 5878; x_wconf 90' lang='lat' dir='ltr'><strong>denique</strong></span> <span class='ocrx_word' id='word_1_861' title='bbox 3318 5809 3537 5862; x_wconf 86' lang='lat' dir='ltr'><strong>univer-</strong></span> 
     </span>
    </p>
   </div>
  </div>
