4054 6530
558 339 670 395 155

1793 333 1851 389 S.
1888 332 2217 391 GREGOBII
2256 333 2554 394 NYSSENI

3717 354 3827 410 136

559 471 677 512 satu
710 454 849 506 '9'“.
888 472 907 504 ι
947 450 991 507 0
1028 466 1141 506 rem
1173 448 1582 505 admirandam!
1619 450 1711 507 Sol
1743 461 1962 507 creatur
1990 452 2131 507 nulla

2244 456 2448 526 ῥήματι
2470 434 2617 529 μόνῳ
2634 459 2697 513 τὸ
2716 459 2951 515 τοιοῦτον
2976 461 3159 534 θαῦμα
3184 467 3515 532 συνίσταται,
3531 468 3655 522 οὔτε
3673 470 3821 537 ὅθεν,

560 546 953 602 deliberatione
986 543 1357 613 praecedente,
1385 544 1687 613 eodemque
1725 555 1885 616 pacto
1910 547 2133 612 caelum,

558 641 760 710 quibus
778 638 993 692 duobus
1014 636 1150 690 nihil
1173 650 1299 691 esse
1324 651 1422 706 par
1442 637 1644 693 creatis
1667 638 1721 691 in
1747 639 1912 694 rebus
1932 645 2133 708 potest.

560 730 682 787 Uno
704 731 870 785 verbo
897 727 1214 798 huiusmodi
1244 729 1299 782 in
1344 743 1528 783 rerum
1568 736 1766 783 natura
1809 730 2163 791 miraculum,

558 824 767 879 exstitit
798 839 811 874 :
849 835 1025 889 neque
1071 820 1248 885 unde,
1282 820 1367 873 vel
1407 819 1684 889 quomodo
1708 835 1773 875 ea
1803 818 1946 874 facta
1989 820 2171 884 sint,

554 916 861 985 expositum
892 920 995 966 est.
1028 910 1173 965 idem
1207 912 1422 966 caeteris
1452 912 1507 965 in
1535 912 1703 966 rebus
1737 911 1971 984 singulis
1998 927 2136 967 usu-

555 1005 723 1058 venit.
757 1001 973 1064 Ether,
1006 1001 1186 1058 sidera
1210 1041 1225 1065 ,
1256 1000 1577 1070 interiectus
1608 1001 1752 1056 inter
1782 1002 1898 1055 haec
1943 1010 1998 1057 et
2035 1016 2137 1057 nos

555 1112 669 1161 aer,
709 1111 891 1161 mare,
944 1104 1119 1160 terra,
1172 1094 1466 1159 animalia,
1516 1094 1748 1164 plantae,
1794 1094 1978 1149 omnia
2026 1109 2138 1149 uno

554 1189 650 1243 Dei
680 1190 847 1243 verbo
875 1187 928 1240 in
955 1196 1138 1240 ortum
1169 1186 1438 1255 producta
1467 1195 1617 1242 sunt.
1647 1187 1834 1241 Solius
1862 1186 1927 1241 ad
1959 1186 2137 1240 homi-

2238 546 2361 600 οὔτε
2393 549 2562 615 ὅπως,
2596 551 2722 605 οὔτε
2756 552 2884 608 ἄλλο
2910 571 2963 606 τι
3004 555 3245 611 τοιοῦτον
3283 564 3821 634 παρασημηναμένου

2235 638 2329 691 τοῦ
2356 639 2536 708 λόγου.
2567 641 2723 697 Οὕτω
2761 645 2854 698 καὶ
2896 646 2963 698 τὰ
2996 646 3115 700 καθ’
3137 647 3368 702 ἕκαστον
3398 649 3603 714 πάντα,
3631 652 3822 724 αἰθὴρ,

2238 733 2486 806 ἀστέρες,
2520 739 2549 791 ὁ
2575 738 2665 793 διά
2699 740 2867 810 μέσου
2908 744 3037 815 ἀὴρ,
3062 744 3322 809 Θάλαττα,
3362 746 3455 816 γῆ,
3497 746 3630 810 ζῶα,
3651 752 3820 816 φυτὰ,

2239 825 2419 879 πάντα
2458 827 2603 901 λόγῳ
2649 832 2785 902 πρὸς
2830 834 3042 901 γένεσιν
3079 837 3291 905 ἄγεται.
3335 839 3485 910 Μόνη
3524 839 3581 892 δὲ
3614 842 3683 911 τῇ
3726 843 3821 897 τοῦ

2237 916 2526 989 ἀνθρώπου
2576 928 2894 997 κατασκευῇ.
2947 928 3425 1000 περιεσκεμμένως
3470 930 3753 1000 πρόσεισιν
3794 932 3825 983 ὁ

2236 1008 2333 1062 τοῦ
2363 1013 2563 1075 παντὸς
2593 1017 2843 1087 ποιητὴς,
2886 1018 2962 1084 ὡς
3006 1020 3097 1075 καὶ
3136 1020 3269 1091 ὕλην
3308 1023 3457 1093 αὐτῷ
3498 1023 3595 1093 τῆς
3623 1024 3825 1078 συστά-

2239 1115 2377 1164 σεως
2422 1107 2837 1175 προετοιμάσαι,
2877 1111 2971 1163 καὶ
3016 1112 3309 1184 ἀρχετύπῳ
3346 1114 3453 1166 τινὶ
3493 1113 3677 1167 κάλλει
3722 1114 3826 1185 τὴν
3886 1146 3889 1147 ν

2240 1192 2454 1263 μορφὴν
2475 1198 2757 1267 ὁμοιῶσαι,
2803 1204 2899 1255 καὶ
2953 1205 3220 1276 προθέντα
3258 1206 3351 1259 τδν
3378 1206 3597 1271 σκοπὸν,
3631 1200 3693 1260 οὗ
3722 1209 3825 1279 χάο

555 1283 642 1336 nis
682 1280 1102 1334 fabricationem
1136 1288 1353 1331 creator
1392 1277 1484 1333 ille
1525 1279 1909 1335 universitatis
1952 1294 2131 1334 rerum

2238 1297 2325 1350 ριν
2367 1286 2689 1356 γενήσεται,
2732 1293 3064 1367 κατάλληλον
3109 1296 3259 1367 αὐτῷ
3310 1299 3404 1351 καὶ
3442 1300 3649 1352 οἰκείαν
3697 1277 3823 1363 ταῖς

552 1373 789 1442 quadam
832 1387 956 1425 cum
1010 1371 1455 1425 consideratione
1495 1371 1754 1426 accedit:
1805 1381 2133 1442 praeparata-

552 1481 657 1535 que
700 1464 933 1534 primum
978 1462 1179 1532 Opificii
1226 1463 1489 1527 materie,
1540 1463 1798 1533 illiusque
1842 1462 2017 1518 forma
2063 1460 2132 1515 ad

2238 1372 2541 1446 ἐνεργείαις
2566 1382 2965 1457 δημιουργῆσαι
3007 1389 3105 1463 τὴν
3126 1390 3308 1460 φύσιν,
3338 1392 3656 1463 ἐπιτηδείως
3682 1393 3821 1463 πρὸς

2236 1464 2298 1518 τὸ
2327 1472 2685 1542 προκείμενον
2705 1476 2953 1548 ἔχουσαν.

550 1557 765 1611 eximiae
796 1552 1223 1625 pulchritudinis
1254 1553 1534 1623 exemplar
1558 1553 1974 1624 exprimendum
2006 1552 2288 1622 designata
2308 1597 2323 1622 ,
2357 1557 2465 1615 line
2490 1564 2654 1619 etiam
2685 1571 2992 1639 proposito,
3026 1572 3094 1627 ad
3134 1586 3297 1643 quem
3336 1572 3607 1629 creandos
3634 1582 3815 1627 esset:

551 1662 663 1707 tum
695 1651 892 1707 deinde
920 1659 1170 1706 naturam
1206 1650 1311 1705 sibi
1342 1650 1686 1705 consimilem
1716 1660 1771 1705 et
1802 1649 2114 1705 actionibus
2140 1647 2354 1706 amnem
2388 1656 2652 1728 fabricat,
2707 1679 2831 1735 qua
2867 1668 3055 1737 operi,
3087 1670 3175 1723 cui
3219 1668 3613 1734 destinaretur,
3667 1676 3820 1723 esset

548 1745 855 1815 aptissima.

1152 1921 1380 1977 CAPUT
1423 1920 1509 1975 IV.

658 2082 906 2139 Hominis
947 2080 1214 2150 opiﬁcium
1251 2081 1302 2132 in
1339 2080 1581 2132 omnibus
1622 2078 2019 2147 imperatoriam

826 2151 1117 2224 quamdam
1152 2152 1524 2203 auctoritatem
1556 2160 1839 2204 ostentare.

614 2312 751 2367 Nam
772 2272 1243 2381 ‘quemadmodum
1295 2310 1348 2363 in
1392 2308 1561 2363 rebus
1596 2307 1852 2362 humanis
1890 2304 2127 2360 artifices

546 2407 616 2460 iis
663 2404 1047 2460 instrumentis
1097 2416 1220 2472 qua:
1267 2400 1631 2463 fabricantur,
1683 2397 1913 2453 formam
1962 2398 2124 2453 talem

546 2500 833 2562 tribuunt,
881 2495 1063 2566 qualis
1110 2508 1232 2548 esse
1272 2492 1340 2546 ad
1387 2507 1584 2557 usum,
1626 2490 1715 2545 cui
1756 2490 2122 2551 destinantur,

2766 1924 3163 1983 ΚΕΦΑΔΔΙΟΝ
3205 1933 3279 1984 A'.

2200 2050 2366 2125 ζνᾸιὍτι
2410 2071 2507 2126 διὰ
2548 2073 2792 2154 πάντων
2832 2080 3216 2154 ἐπισημαίνει
3258 2083 3374 2151 τὴν
3418 2084 3679 2154 ἀρχικὴν
3724 2086 3819 2152 ἐξ·

2429 2146 2649 2199 ουσίαν
2681 2146 2719 2214 ἡ
2759 2148 2866 2202 τοῦ
2893 2146 3204 2220 ἀνθρώπου
3244 2146 3612 2223 κη’τασοὶέὺή.

2303 2306 2571 2376 Καθάπερ
2609 2308 2720 2379 γὰρ
2766 2309 2825 2361 ἐν
2870 2308 2952 2379 τῷ
3003 2309 3101 2381 βίῳ
3139 2310 3311 2382 τούτῳ
3350 2312 3696 2384 καταλλήλως
3745 2317 3813 2386 τῇ

2232 2392 2392 2462 χρείᾳ
2426 2394 2820 2465 σχηματίζεται
2861 2398 3009 2467 παρά
3047 2398 3156 2451 τῶν
3178 2401 3593 2470 τεχνιτευόντων
3625 2403 3685 2457 τὸ
3720 2403 3815 2475 ὅρ-

2216 2500 2396 2575 κγανον
2415 2500 2430 2515 ο
2456 2482 2628 2550 οὕτως
2659 2481 2770 2540 οἷόν
2798 2505 2850 2540 τι
2891 2488 3082 2552 σκεῦος
3119 2492 3198 2554 εἰς
3226 2491 3502 2560 βασιλείας
3532 2492 3815 2565 ἐνέργειαν

548 2591 833 2663 aptissima
880 2586 1058 2642 videri
1107 2593 1329 2656 potest:
1373 2584 1455 2640 sic
1498 2582 1988 2654 praestantissimus
2033 2581 2126 2636 ille

2222 2578 2533 2654 βπιτήδειον
2556 2580 2657 2651 τὴν
2694 2579 2969 2652 ἡμετέραν
3003 2581 3163 2650 φύσιν
3202 2584 3230 2635 ὁ
3266 2583 3650 2656 ἀριστοτέχνης
3685 2585 3813 2655 ἐδη-

546 2696 733 2738 rerum
762 2678 961 2734 artifex
995 2684 1244 2732 naturam
1272 2684 1517 2731 nostram
1562 2673 1806 2729 condidit
1840 2673 1991 2729 velut
2034 2672 2122 2726 in-

547 2780 918 2831 strumentum
965 2768 1237 2839 quoddam
1286 2783 1454 2838 regno
1506 2764 1944 2821 administrando
2005 2764 2125 2819 ido-

545 2878 731 2927 neum,
765 2869 933 2929 utque
956 2866 1102 2913 esset
1134 2857 1201 2911 ad
1238 2856 1343 2910 hoc
1375 2856 1538 2909 homo
1567 2868 1731 2923 quam
1768 2851 2119 2922 aptissimus,

546 2970 669 3010 cum
699 2949 1168 3025 praestantissimis
1197 2947 1364 3002 animi
1395 2947 1615 3001 dotibus
1638 2985 1652 3009 ,
1686 2952 1800 2999 tum
1828 2959 1891 2999 ea
1913 2986 1928 3009 ,
1956 2958 2120 3014 quam

2234 2667 2555 2740 μιούργησε,
2603 2672 2717 2734 τοῖς
2767 2688 2828 2723 τε
2876 2671 3015 2725 κατά
3062 2671 3161 2743 τὴν
3207 2671 3385 2744 ψυχὴν
3431 2671 3813 2747 προτερήμασι

2229 2759 2323 2811 καὶ
2366 2758 2513 2829 αὐτῷ
2553 2759 2633 2830 τῷ
2671 2758 2765 2812 τοῦ
2810 2759 3057 2831 σώματος
3112 2764 3349 2833 σχήματι
3392 2763 3631 2818 τοιοῦτον
3669 2762 3813 2822 εἰναι

2228 2849 2675 2920 παρασκευάσας,
2697 2844 2808 2904 οἷον
2838 2852 3155 2923 ἐπιτηδείως
3180 2854 3315 2925 πρὸς
3345 2853 3617 2925 βασιλείαν
3640 2856 3806 2927 ἔχειν.

2199 2942 2303 3041 ὶδἩ
2336 2942 2435 3013 μὲν
2462 2942 2571 3014 γὰρ
2599 2943 2746 3015 ψυχὴ
2763 2945 2824 2997 τὸ
2847 2944 3122 3029 βασιλικόν
3157 2963 3216 2999 τε
3242 2948 3335 3000 καὶ
3367 2948 3678 3019 ἐπηρμένον
3705 2952 3810 3003 αὒ-

544 3024 858 3110 cernintus,
889 3042 1137 3113 corporis
1166 3055 1292 3096 eum
1327 3038 1505 3094 forma
1551 3036 1859 3093 exornavit.
1893 3034 1958 3088 Et
2000 3033 2121 3089 ani-

2222 3024 2380 3131 ᾗόθεν
2402 3035 2641 3088 δείκνυσι
2670 3036 2856 3107 πόρρω
2877 3036 2976 3105 τῆς
3004 3026 3278 3108 ίδιωτικῆς
3301 3041 3686 3113 ταπεινότητος
3715 3060 3811 3096 κε-

546 3153 670 3193 tnus
701 3136 919 3207 quidem
947 3133 1151 3203 regiam
1190 3130 1574 3200 exceISamque
1612 3128 1927 3197 dignitatem
1964 3140 2118 3182 suam

2222 3127 2584 3198 ’χωρισμένον,
2633 3128 2698 3180 ὲκ
2741 3128 2836 3182 τοῦ
2869 3129 3160 3183 ἀδέσποτον
3194 3130 3363 3202 αὐτὴν
3387 3129 3524 3187 εῖναι
3551 3133 3644 3187 καὶ
3677 3135 3810 3189 αύτ⁸

541 3196 811 3301 longe-ab
851 3196 1160 3281 humilitate
1203 3223 1415 3294 privata
1455 3196 1799 3291 sejunctam,
1830 3219 1888 3273 in
1929 3231 1994 3273 eo
2021 3216 2118 3272 de-

2224 3196 2482 3284 εξούσιον,
2512 3219 2659 3284 ἰδίοις
2684 3220 2808 3291 θελή
2819 3238 2981 3292 μασιν
3002 3196 3478 3295 αὐτοκρατορικῶς
3499 3226 3811 3296 διοικουμέ-

543 3326 719 3379 clarat
748 3337 763 3375 :
790 3318 937 3390 quod
975 3318 1260 3372 dominum
1300 3314 1575 3369 neminem
1607 3311 1891 3382 agnoscit,
1920 3319 1976 3365 et
2020 3322 2123 3364 suo

543 3430 609 3468 ea
641 3412 869 3466 arbitrio
899 3409 1011 3478 agit.
1038 3409 1260 3472 omnia;
1308 3419 1570 3474 meroque
1598 3412 1653 3457 et
1692 3416 1912 3457 summo
1952 3400 2123 3471 impe-

545 3506 628 3559 rio
648 3546 662 3569 ,
694 3512 756 3557 ut
782 3501 884 3571 ipsi
917 3501 1080 3566 libet,
1110 3505 1282 3553 semet
1308 3496 1601 3567 gubernat.
1628 3493 1763 3547 Nam
1788 3494 1877 3547 cui
1901 3493 2119 3547 tandem

545 3595 648 3647 hoc
676 3590 971 3652 convenit,
1004 3589 1052 3643 si
1084 3602 1191 3641 non
1224 3586 1386 3657 regi?
1415 3584 1686 3638 Praeterea
1720 3583 1991 3637 hominem
2030 3598 2125 3637 na-

545 3696 680 3738 tura:
718 3681 952 3743 divinaz,
986 3679 1145 3748 cujus
1174 3674 1357 3733 omnia
1386 3684 1579 3747 parent
1618 3674 1889 3745 imperio,
1929 3675 2122 3747 imagi-

546 3792 669 3831 nem
705 3789 864 3840 esse,
910 3772 1047 3826 nihil
1089 3786 1213 3826 esse
1256 3769 1560 3841 putandum
1601 3776 1685 3823 est
1724 3769 1909 3834 aliud,
1952 3784 2121 3840 quam

544 3871 753 3942 regium
783 3869 833 3923 ei
862 3867 1030 3922 decus
1074 3866 1131 3920 in
1175 3865 1295 3936 ipsa
1339 3865 1617 3919 creatione
1665 3863 1928 3918 tributum
1975 3877 2117 3918 esse.

543 3958 1011 4028 Quemadmodum
1040 3956 1184 4012 enim
1217 3969 1369 4009 more
1395 3953 1658 4014 humano,
1690 3952 1782 4021 qui
1812 3951 2118 4022 principum
2150 3990 2179 4018 ρ,

543 4022 809 4124 ἱῙιιιιεὶιιεε
839 4049 1082 4113 faciunt,
1113 4046 1299 4102 nativa
1344 4044 1535 4100 forma:
1579 4041 1783 4098 indicia
1821 4042 2119 4114 eﬂingunt,
2174 4022 2195 4043 ³

542 4156 707 4215 atque
751 4144 917 4199 etiam
968 4155 1228 4212 purpurae
1276 4140 1483 4194 amictu
1531 4139 1740 4208 regiam
1796 4136 2118 4208 dignitatem

541 4239 894 4309 exprimunt:
926 4250 1099 4304 eaque
1137 4233 1333 4289 deinde
1357 4233 1474 4289 suis
1515 4233 1695 4302 imago
1733 4232 1982 4287 numeris
2022 4230 2121 4287 ab—

544 4332 721 4388 soluta
748 4344 814 4384 ex
844 4324 1242 4382 consuetudine
1287 4340 1380 4379 rex
1426 4324 1765 4394 appellatur;
1820 4328 1893 4378 ita
1934 4335 1988 4380 et
2031 4323 2123 4379 ho-

544 4424 711 4479 minis
739 4428 935 4475 uatura
952 4458 968 4486 ,
996 4419 1080 4475 sic
1104 4418 1330 4474 condita
1355 4427 1414 4472 ut
1442 4418 1783 4487 reliquorum
1809 4426 2120 4472 creatorum

540 4515 762 4572 domina
787 4522 969 4577 esset,
1001 4520 1223 4583 propter
1264 4525 1423 4576 eam,
1472 4524 1581 4580 qua
1626 4524 1804 4580 regem
1848 4510 2117 4565 universi-

543 4607 671 4661 tatis
700 4605 866 4674 hujus
890 4603 1096 4668 refert,
1121 4602 1539 4658 similitudinem
1562 4644 1577 4667 ,
1606 4603 1786 4673 imago
1808 4603 1967 4674 quasi
1994 4603 2115 4658 viva

2122 4460 2165 4504 Κλ
2176 4454 2203 4479 ’λζ

2224 3327 2348 3382 νην.
2367 3311 2526 3376 Τίνος
2554 3312 2662 3384 γάρ
2690 3311 2849 3367 ἄλλου
2881 3312 3058 3379 τοῦτο,
3078 3314 3172 3368 καὶ
3201 3315 3320 3385 οὐχὶ
3344 3315 3604 3386 βασιλέως
3618 3318 3805 3384 ὲστίνς

2222 3401 2336 3456 Καὶ
2357 3401 2439 3454 ἔτι
2463 3402 2600 3473 πρὸς
2612 3400 2843 3468 τούτοις,
2869 3404 2931 3457 τὸ
2959 3404 3060 3475 τῆς
3085 3401 3515 3479 δυναστευούσης
3542 3408 3648 3462 τῶν
3672 3410 3807 3462 πάν-

2176 3492 2329 3548 των
2362 3494 2581 3563 φύσεως
2622 3496 2808 3549 εἰκόνα
2849 3497 3143 3564 γενέσθαι,
3174 3497 3327 3551 οὐδὲν
3350 3497 3538 3570 ἕτερόν
3568 3500 3734 3566 ἐστιν,
3765 3501 3802 3573 ἢ

2222 3585 2386 3650 εὐθὺς
2419 3584 2664 3657 βασιλίδα
2714 3586 3188 3660 δημιουργηθῆναι
3228 3588 3326 3661 τὴν
3366 3589 3550 3659 φύσιν.
3586 3591 3804 3663 Ὠσπερ

2222 3679 2330 3750 γάρ
2362 3679 2505 3733 κατὰ
2537 3680 2638 3752 τὴν
2684 3680 3034 3752 ἀνθρωπίνην
3068 3682 3352 3753 συνήθειαν
3381 3682 3432 3735 οἰ
3462 3682 3562 3746 τάς
3588 3684 3803 3747 εἰκόνας

2221 3770 2328 3824 τῶν
2353 3772 2700 3842 κρατούντων
2727 3772 3249 3839 κατασκευάζοντες,
3276 3774 3366 3827 τόν
3390 3791 3450 3827 τε
3478 3775 3801 3846 χαρακτῆρα

2219 3862 2319 3935 τῆς
2347 3865 2563 3936 μορφῆς
2590 3865 3019 3937 ἀναμάσσονται,
3043 3868 3138 3920 καὶ
3164 3868 3230 3937 τῇ
3254 3866 3514 3939 περιϐολῇ
3539 3867 3641 3937 τῆς
3666 3885 3800 3937 πορ-

2198 3952 2446 4027 Ϊφυρίδος
2481 3955 2579 4027 τὴν
2611 3955 2897 4029 βασιλικὴν
2921 3957 3079 4023 ἀξίαν
3110 3958 3671 4030 συμπαρατράφουσι,
3702 3962 3801 4013 καὶ

2220 4047 2599 4115 λέγεταικατά
2628 4050 2917 4120 συνήθειαν
2944 4051 3037 4104 καὶ
3058 4052 3092 4121 ἡ
3121 4049 3303 4115 εἰκὼν,
3337 4048 3588 4120 βασιλεύς
3606 4066 3619 4078 ·
3652 4050 3801 4104 οὕτω

2221 4144 2366 4216 καὶὴ
2390 4142 2703 4215 ἀνθρωπίνη
2719 4142 2902 4212 φύσις,
2935 4143 3118 4213 ἐπειδὴ
3140 4143 3276 4214 πρὸς
3292 4141 3389 4213 τὴν
3420 4143 3594 4213 ἀρχὴν
3622 4141 3800 4196 ἄλλων

2220 4238 2673 4302 κατεσκευάζετο,
2704 4236 2793 4289 διὰ
2813 4236 2912 4307 τῆς
2942 4236 3079 4308 πρὸς
3107 4236 3197 4289 τὸν
3231 4234 3452 4305 βασιλέα
3480 4234 3573 4288 τοῦ
3594 4234 3799 4298 παντὸς

2219 4329 2556 4402 δμοιότητος,
2581 4325 2691 4382 οἷόν
2722 4346 2808 4393 τις
2837 4328 3075 4400 ἔμψυχος
3099 4327 3263 4381 εἰκὼν
3284 4326 3573 4397 ἀνεστάθη.
3599 4344 3798 4382 κοινω-

2219 4422 2391 4478 νοῦσα
2425 4421 2503 4493 τῷ
2534 4421 2826 4493 ἀρχετύπῳ
2866 4422 2961 4475 καὶ
3000 4421 3099 4492 τῆς
3140 4419 3295 4486 ἀξίας
3342 4419 3434 4473 καὶ
3465 4418 3557 4472 τοῦ
3597 4419 3798 4489 ὀνόμα-

2223 4532 2348 4579 τοςο
2383 4515 2445 4568 οὐ
2483 4514 2788 4585 πορφυρίδα
2825 4513 3205 4584 περικειμένη,
3245 4512 3364 4566 οὐδὲ
3394 4514 3654 4584 σκήπτρῳ
3699 4513 3799 4567 καὶ

2219 4607 2512 4677 διαδήματι
2563 4606 2663 4677 τὴν
2705 4604 2860 4670 ἀξίαν
2901 4605 3336 4675 έπισημαίνουσα
3385 4604 3547 4675 (οὐδὲ
3587 4606 3693 4676 γὰρ
3733 4605 3798 4657 τὸ

540 4706 723 4753 erecta
748 4707 833 4752 est
853 4736 870 4761 ,
896 4711 1022 4751 cum
1050 4709 1157 4766 qua
1184 4702 1239 4749 et
1263 4694 1502 4765 dignitas
1528 4704 1583 4750 et
1608 4709 1807 4749 nomen
1834 4696 2111 4767 archetypi

2222 4698 2525 4769 ἀρχέτυπον
2574 4697 2633 4749 ὲν
2688 4696 2901 4758 τούτοις
2946 4694 3129 4767 ἐστὶν)
3156 4735 3170 4760 ,
3204 4696 3317 4749 ἀλλ’
3363 4697 3484 4749 ἀντί
3538 4695 3635 4762 μὲν
3688 4695 3794 4763 τῆς

542 4789 1062 4844 communicaretur.
1110 4786 1289 4857 Atque
1331 4792 1449 4841 haec
1490 4788 1673 4856 imago
1715 4802 1826 4842 non
1870 4802 2112 4858 purpura

2222 4758 2536 4860 dio‘upyiﬁo;
2585 4788 2685 4859 τὴν
2722 4786 2923 4858 ἀρετὴν
2974 4758 3357 4857 ἠμφιεσμένη,
3400 4786 3428 4839 ὃ
3467 4758 3548 4857 δὴ⁷
3570 4758 3792 4839 πάντων

540 4890 627 4937 est
668 4888 963 4943 exornata,
1005 4893 1183 4948 neque
1228 4886 1444 4949 sceptro
1484 4886 1539 4932 et
1578 4878 1725 4950 regia
1766 4877 1935 4934 fascia
1976 4893 2115 4947 [ιι-ω·-
2145 4892 2167 4931 .7.

543 4972 936 5029 stantissimam
982 4970 1303 5041 dignitatem
1362 4986 1522 5026 suam
1571 4980 1630 5026 ut
1675 4980 1977 5028 ostentaret
2026 4987 2116 5027 ne-

543 5079 698 5121 cesse
743 5063 1010 5127 habebat,
1058 5062 1279 5132 quando
1325 5078 1394 5119 ne
1437 5063 1617 5133 ipsum
1665 5065 1882 5134 quidem
1932 5079 2115 5119 exem-

551 5158 730 5228 plum,
776 5156 843 5210 ad
884 5153 1030 5224 quod
1073 5164 1157 5210 est
1198 5154 1571 5223 conformata,
1615 5158 1782 5212 rebus
1824 5157 1879 5211 in
1928 5157 2117 5226 hujus-

544 5250 691 5306 modi
738 5248 1031 5311 consistit,
1085 5246 1178 5303 sed
1233 5263 1332 5318 pro
1377 5264 1620 5320 purpura
1665 5250 1867 5305 virtute
1911 5251 2113 5306 amicta

542 5351 655 5406 est,
695 5355 805 5412 quo
839 5340 989 5395 cultu
1023 5340 1157 5394 nihil
1190 5341 1361 5411 magis
1388 5358 1512 5397 esse
1536 5342 1741 5413 regium
1771 5349 1988 5412 potest:
2019 5354 2141 5413 pro‘

2198 4874 2644 4952 ’βασιλικώτατον
2686 4880 3008 4951 ἐσθημάτων
3031 4878 3207 4932 ἐστίν’
3240 4878 3359 4933 ἀντί
3395 4878 3451 4931 δὲ
3484 4878 3579 4932 τοῦ
3612 4882 3794 4949 σκήπ-

2221 4990 2352 5045 τρου
2372 4975 2438 5043 τῇ
2470 4973 2829 5044 μακαριότητι
2854 4972 2953 5042 τῆς
2977 4970 3276 5035 ἀθανασίας
3298 4971 3611 5043 ἐρειδομένη
3631 4986 3645 5000 ·
3671 4972 3793 5025 ἀντὶ

2217 5066 2275 5119 δὲ
2304 5065 2398 5119 τοῦ
2429 5063 2705 5135 βασιλικοῦ
2726 5063 3054 5134 διαδήματος
3077 5062 3155 5133 τῷ
3178 5063 3278 5135 τῆς
3300 5063 3793 5134 δικαιοσύνης-σεε·

2220 5160 2376 5230 φάνῳ
2406 5156 2817 5227 κεκοσμημένη,
2850 5156 2990 5209 ὥστε
3016 5155 3104 5209 διὰ
3137 5156 3354 5210 πάντων
3380 5156 3437 5207 έν
3470 5154 3666 5227 τῷ.τῆς
3696 5155 3792 5225 βα-

2224 5250 2426 5313 σιλείας
2473 5246 2743 5318 ἀξιώματι
2778 5246 3089 5301 δείκνυσθαι
3124 5246 3189 5301 δι’
3225 5246 3515 5319 ἀκριϐείας
3547 5248 3685 5317 πρὸς
3728 5249 3794 5301 τὸ

2222 5341 2528 5413 ἀρχέτυπον
2553 5338 2745 5401 κάλλος
2777 5337 3153 5409 ὁμοιωθεῖσαν.
3284 5333 3301 5352 '

544 5442 798 5505 sceptro,
830 5434 1122 5489 immortali
1160 5435 1419 5491 beatitate
1449 5435 1713 5491 sullulta:
1750 5450 1849 5504 pro
1880 5436 2027 5506 regia
2062 5435 2265 5501 fascia,
2294 5435 2522 5504 iustitia:
2550 5447 2753 5489 corona
2810 5439 3093 5487 exornata.
3142 5428 3385 5501 Denique
3418 5430 3487 5487 de
3531 5431 3795 5488 omnibus

543 5548 666 5602 quae
698 5527 967 5600 majestati
1004 5530 1166 5599 regia
1192 5530 1559 5598 conveniunt,
1597 5537 1853 5601 apparet,
1905 5545 2067 5584 unam
2116 5531 2257 5585 hanc
2309 5530 2634 5601 imaginem,
2672 5525 3136 5598 pulchritudinem
3166 5525 3429 5596 principis
3460 5527 3792 5598 exemplaris

543 5636 794 5684 accurate
824 5625 1045 5681 referre.

616 5785 733 5818 "-W
761 5784 892 5840 Gen.
931 5800 967 5849 ι,
1001 5780 1082 5839 li.
