4110 6486
388 258 488 312 157

915 366 1312 425 ’ΚΕΦᾹΛΑΙΘΝ
1352 368 1425 420 E'.

382 463 517 518 Ὀτι
550 466 813 533 ὁμοίωμα
852 462 963 530 τῆς
1006 462 1168 527 θείας
1194 450 1515 523 βασιλείας
1547 452 1579 502 ὀ
1618 449 1951 517 ἄνθρωπος.
1987 459 2033 513 Α

456 557 530 609 Τδ
557 556 615 609 δὲ
654 555 797 609 θεῖον
834 554 1030 617 κάλλος
1055 553 1115 607 οὗ
1146 543 1385 614 σχήματί
1428 559 1564 605 τινι.
1611 543 1703 594 καὶ
1736 542 1949 611 μορφῆς

383 648 669 718 εὐμοιρίᾳ,
716 646 803 700 διά
844 658 984 699 τινος
1032 636 1281 705 εὐχροίας
1328 633 1676 702 ἀγλαΐζεται,
1728 632 1840 684 ἀλλ’
1895 634 1953 684 ὲν

383 737 648 807 ἀφράστῳ
672 726 1027 805 μακαριότητι
1054 727 1170 777 κατ’
1190 723 1389 795 άρετὴν
1405 723 1707 793 θεωρεῖται.
1742 723 1953 791 ’Ὠσπερ

1651 242 1742 298 DE
1788 232 2071 291 HOMINIS
2119 233 2426 290 OPIFICIO.

3535 234 3633 295 ita

2682 355 2909 412 CAPUT
2942 355 3007 410 V.

2196 447 2477 503 Hominem
2508 447 2674 501 divini
2708 449 2915 518 imperii
2945 448 3225 519 imaginem
3253 448 3516 506 exhibere.

2132 539 2402 593 Caeterum
2433 539 2783 608 pulchritudo
2809 539 2907 594 illa
2944 541 3149 604 divina,
3185 555 3293 595 non
3322 542 3428 595 ulla
3460 542 3633 599 forma

2064 632 2146 687 vel
2192 630 2392 686 eximia
2440 639 2726 686 venustate
2774 639 2999 688 externa
3054 632 3380 701 resplendet,
3438 634 3532 689 sed
3578 636 3633 689 in

2062 720 2320 775 beatitate
2376 721 2676 775 secundum
2728 720 2983 776 virtutem
3040 722 3302 777 iuetfabili
3356 725 3631 779 consistit.

590 787 689 889 τέὶξ
712 787 1058 887 ἀνθρωπίνας
1090 787 1302 885 μορφάς
1330 787 1418 866 διὰ
1446 787 1752 885 χρωμάτων
1788 787 1957 865 τινῶν

2063 809 2271 865 idcirco
2313 809 2769 881 quemadmodum
2805 811 3042 881 pictores
3071 812 3349 867 coloribus
3400 813 3624 882 quibus-

384 916 477 968 ἐπὶ
510 918 630 972 τοὺς
677 908 909 971 πίνακας
933 907 982 959 οἱ
1013 909 1244 977 γραφεῖς
1295 905 1696 976 μεταφέρουσι,
1723 904 1821 967 τὰς
1876 906 1954 957 oi-

385 1006 531 1063 κείις
565 1017 622 1051 τε
658 1000 750 1052 καὶ
794 998 1161 1068 καταλλήλους
1212 996 1389 1066 βαφάς
1437 996 1828 1065 ἁπαλείφοντες
1874 994 1952 1065 τῷ

381 1092 692 1161 μιμήματι,
717 1090 792 1152 ὡς
821 1090 886 1142 ἂν
916 1089 983 1141 δι’
1022 1087 1306 1159 ἀκριϐείας
1334 1086 1395 1139 τὸ
1423 1087 1726 1157 ἀρχέτυπον
1758 1085 1952 1148 καλλος

380 1182 728 1253 μετενεχθείη
758 1180 893 1250 πρὸς
912 1180 973 1233 τὸ
996 1180 1247 1250 ὁμοίωμα
1273 1195 1287 1209 °
1311 1178 1453 1232 οὕτω
1486 1196 1574 1252 μοι
1600 1178 1709 1232 νόει
1741 1178 1834 1233 καὶ
1861 1178 1953 1230 τὸν

2063 902 2188 956 dam
2223 903 2424 973 ﬁguras
2457 902 2727 958 humanas
2761 903 2815 956 in
2856 904 3054 958 tabulis
3076 905 3416 973 exprimunt,
3457 907 3635 961 omni-

2062 1009 2169 1061 que
2200 994 2379 1049 studio
2400 995 2615 1049 colores
2641 995 2897 1065 proprios
2922 1004 2980 1049 et
3013 998 3405 1053 convenientes
3434 998 3635 1053 addere

2064 1084 2292 1154 picturae
2344 1101 2458 1140 sua:
2514 1096 2806 1149 conantur,
2860 1095 2920 1139 ut
2971 1088 3432 1156 pulchritudinem
3491 1088 3633 1156 ejus,

2061 1174 2205 1244 quod
2230 1176 2563 1244 exprimunt,
2594 1176 2942 1245 exemplaris,
2967 1185 3221 1231 accurate
3253 1178 3305 1229 in
3343 1177 3632 1246 imaginem

376 1277 645 1346 ἡμέτερον
678 1275 943 1344 πλάστην,
976 1271 1089 1326 οἷόν
1117 1290 1226 1325 τισι
1256 1272 1452 1341 βαφαῖς
1484 1274 1550 1342 τῇ
1594 1271 1700 1324 τῶν
1745 1270 1953 1340 ἀρετῶν

2060 1268 2235 1337 ipsam
2269 1266 2605 1322 transferant
2635 1285 2647 1320 :
2698 1268 2779 1322 sic
2809 1276 3053 1322 nostrum
3085 1268 3248 1321 etiam
3295 1270 3631 1327 conditorem

377 1368 602 1437 ἐπιϐολῇ
621 1367 751 1437 πρὸς
768 1366 827 1418 τὸ
849 1366 977 1418 ἴδιον
994 1364 1186 1427 κάλλος
1199 1363 1294 1434 τὴν
1310 1363 1491 1415 εἰκόνα
1511 1361 1953 1435 περιανθίσαντα,

378 1462 436 1511 ἐν
463 1461 595 1529 ἡμῖν
616 1457 783 1521 δεῖξαι
818 1457 913 1526 τὴν
941 1456 1075 1508 ἰδίαν
1111 1456 1304 1525 ἀρχήν.
1336 1454 1595 1523 Πολυειδῆ
1623 1454 1679 1506 δὲ
1704 1454 1798 1508 καὶ
1834 1469 1954 1505 ποι-

377 1556 504 1607 κίλα
530 1554 598 1606 τά
615 1554 779 1607 οἱονεὶ
800 1551 1066 1625 χρώματα
1088 1552 1187 1619 τῆς
1215 1548 1440 1611 εἰκόνος,
1466 1548 1532 1603 δι’
1559 1544 1637 1602 ὧν
1661 1549 1694 1618 ἡ
1724 1547 1953 1619 ἀληθινὴ

378 1644 861 1713 ἀναζωγραφεῖται
893 1642 1075 1713 μορφὴ
1098 1681 1112 1705 ,
1146 1643 1245 1697 οὐκ
1269 1640 1556 1713 ὲρύθρημα
1585 1640 1679 1692 καὶ
1708 1639 1955 1711 λαμττρό⁹

2059 1361 2422 1427 existimabis,
2472 1361 2750 1416 iudentem
2792 1362 3020 1417 virtutes
3048 1360 3245 1415 animis
3278 1362 3505 1421 nostris,
3539 1361 3634 1417 iis.-

2059 1453 2182 1508 dem
2228 1454 2393 1508 veluti
2427 1454 2704 1509 coloribus
2739 1455 3027 1525 imaginem
3078 1469 3232 1508 suam
3266 1454 3333 1508 ad
3374 1454 3634 1509 similitu-

2060 1545 2244 1601 dinem
2282 1547 2517 1617 propriae
2563 1548 2987 1617 pulchritudinis
3033 1562 3284 1613 ornasse,
3329 1558 3388 1602 ut
3424 1546 3631 1618 princiv

2060 1647 2221 1708 patus
2251 1641 2337 1695 sui
2368 1641 2548 1711 imago
2572 1641 2625 1696 in
2656 1642 2813 1697 nobis
2836 1642 3259 1713 perspiceretur.
3285 1640 3426 1699 Sunt
3450 1650 3632 1702 autem

375 1699 621 1806 1134;12:1‘
639 1737 672 1805 ἡ
692 1699 831 1788 ’ποιὰ
1234 1699 1437 1803 ἄλληλα
1461 1699 1633 1801 μίξις,
1663 1699 1954 1795 οὑδέτινος

2057 1731 2388 1801 multiplices
2426 1748 2498 1789 ac
2534 1734 2671 1788 varii
2712 1734 2879 1803 hujus
2926 1734 3179 1805 imaginis
3228 1735 3461 1798 colores,
3504 1734 3630 1805 qui-

379 1828 609 1898 μὲλανος
636 1825 926 1897 ὑπογραφὴ
964 1824 1139 1896 ὀφρύν
1173 1842 1232 1878 τε
1268 1824 1361 1883 καί
1392 1824 1704 1895 ὀφθαλμοὺς
1734 1824 1957 1878 ὑπαλει-

378 1937 575 1988 φουσα,
602 1919 695 1972 καὶ
725 1917 865 1971 κατά
894 1934 1017 1971 τινα
1050 1917 1244 1988 κρᾶσιν
1275 1917 1342 1969 τά
1375 1915 1528 1971 κοῖλα
1553 1915 1647 1969 τοῦ
1674 1917 1955 1988 χαρακτῆ-

381 2027 471 2081 ρος
494 2008 917 2071 ύποσκιάζουσα,
946 2007 1040 2059 καὶ
1066 2006 1166 2061 ὅσα
1194 2004 1419 2059 τοιαῦτα
1445 2007 1750 2077 ζωγράφων
1771 2009 1952 2077 χεῖρες

378 2102 807 2171 ὲπετεχνήσαντο
828 2117 841 2130 ·
889 2099 1003 2152 ἀλλ’
1031 2099 1151 2153 ἀντὶ
1184 2097 1389 2151 τούτων
1427 2097 1735 2169 καθαρότης
1758 2140 1773 2163 ,
1802 2099 1953 2153 άπάφ

2054 1820 2160 1876 bus
2205 1823 2387 1878 nativa
2418 1822 2513 1880 Dei
2563 1825 2736 1879 forma
2764 1826 2829 1880 ad
2862 1826 3041 1881 vivum
3096 1828 3423 1896 exprimitur
3456 1846 3469 1883 :
3520 1842 3632 1887 non

2054 1910 2133 1967 illi
2173 1912 2391 1982 quidem
2428 1915 2514 1970 vel
2571 1915 2758 1981 rubor,
2800 1916 2884 1971 vel
2938 1916 3216 1986 splendor,
3248 1918 3332 1974 vel
3360 1919 3507 1978 facta
3540 1933 3631 1975 sea

2052 2002 2291 2057 cundum
2338 2005 2665 2074 qualitatum
2699 2008 3101 2077 proportionem
3151 2008 3345 2065 horum
3398 2008 3541 2064 inter
3570 2023 3633 2065 se

2052 2094 2385 2155 commistio,
2416 2094 2500 2148 vel
2532 2097 2822 2151 atramenti
2854 2096 2922 2151 ad
2964 2098 3146 2153 fucum
3182 2100 3493 2169 usurpatio,
3522 2115 3630 2172 qua

378 2195 499 2247 θεια
522 2232 537 2254 ,
576 2193 941 2264 μακαριότης,
982 2190 1153 2244 κακοῦ
1192 2189 1393 2253 παντὸς
1433 2189 1809 2260 άλλοτρίωσις,
1856 2190 1951 2243 καὶ

2057 2186 2341 2254 supercilia
2381 2187 2596 2243 oculive
2642 2188 3013 2253 sublinantur,
3055 2206 3119 2246 ac
3156 2191 3393 2261 quodam
3427 2201 3631 2262 tempev

375 2289 476 2340 ὃσα
501 2286 594 2339 τοῦ
623 2285 862 2339 τοιούτου
903 2284 1093 2353 γένους
1121 2283 1259 2346 ἐστὶ,
1294 2283 1360 2340 δι’
1404 2275 1479 2339 ὧν
1513 2283 1809 2353 μορφοῦται
1837 2286 1951 2349 τοῖς

2057 2285 2301 2333 ramento
2328 2285 2511 2347 partes
2537 2279 2810 2349 depressae
2838 2282 3147 2337 sublustres
3182 2283 3500 2349 reddantur,
3544 2283 3629 2343 vel

374 2375 683 2446 ἀνθρώποις
709 2378 741 2447 ἠ
765 2376 899 2447 πρὸς
922 2376 981 2428 τὸ
1006 2374 1161 2429 Θεῖον
1189 2375 1465 2446 ὁμοίωσις.
1494 2374 1767 2437 Τοιούτοις
1794 2374 1951 2431 ἄνθε-

2057 2368 2098 2424 si
2126 2368 2258 2439 quid
2287 2376 2373 2426 est
2403 2370 2718 2441 hujusmodi
2750 2374 2895 2445 quod
2930 2374 3200 2433 artiﬁcum
3236 2375 3507 2437 industria
3539 2394 3629 2433 re.

378 2484 463 2520 σιν
492 2469 519 2518 ό
546 2466 873 2537 δημιουργὸς
898 2466 996 2535 τῆς
1022 2465 1159 2529 ἰδίας
1206 2465 1413 2529 εἰκόνος
1434 2464 1533 2536 τὴν
1559 2466 1839 2535 ἡμετέραν
1867 2464 1948 2518 δι-

2057 2462 2193 2530 perit
2223 2477 2236 2510 :
2277 2462 2373 2518 sed
2402 2464 2639 2533 puritas,
2677 2464 2993 2521 immunitas
3021 2482 3052 2523 a
3092 2469 3628 2538 perturbationibus.

376 2557 611 2628 εχάραξε
641 2557 820 2625 φύσιν.
863 2558 924 2609 Et
962 2557 1019 2612 δὲ
1051 2557 1233 2610 καὶτὰ
1268 2556 1403 2613 ἄλλα
1442 2555 1849 2621 συνεξεταζοις,
1881 2556 1950 2611 δι’

2057 2552 2354 2617 beatitudo,
2401 2554 2644 2610 conditio
2678 2558 2805 2611 mali
2848 2559 3027 2617 omnis
3060 2575 3276 2630 expers,
3310 2570 3365 2620 et
3396 2562 3482 2618 his
3524 2563 3632 2623 alia

375 2643 452 2702 ὧν
492 2650 554 2702 τὸ
594 2648 736 2701 θεῖον
778 2647 972 2710 κάλλος
1006 2646 1507 2718 χαρακτηρίζεται·
1554 2638 1807 2718 εὑρήσεις
1857 2647 1951 2703 καὶ

2057 2644 2385 2711 consimilia,
2449 2662 2572 2715 qua:
2624 2647 2899 2705 hominem
2972 2650 3078 2708 Ι)εο
3128 2628 3314 2721 parem
3367 2652 3628 2716 efﬁciunt.

377 2741 514 2812 πρὸς
536 2742 714 2795 ἐκεῖνα
737 2741 804 2793 δι’
832 2739 1115 2810 ἀκριϐείας
1150 2738 1461 2809 σωζομένην
1481 2742 1537 2792 ὲν
1562 2742 1629 2809 τῇ
1651 2738 1772 2796 καθ’
1801 2739 1950 2809 ἡμᾶς

375 2833 545 2885 εἰκόνι
565 2832 663 2902 τὴν
683 2829 994 2902 ὁμοιότητα.
1022 2828 1160 2893 Νοῦς
1187 2831 1281 2884 καὶ
1308 2830 1468 2898 λόγος
1496 2828 1752 2902 ήθειότης
1781 2828 1948 2880 ὲστίνο

374 2928 434 2981 ὲν
479 2926 619 2996 ἀρχῇ
654 2940 711 2976 τε
744 2921 852 2995 γάρ
879 2918 947 2994 ἦν
980 2923 1008 2974 ὁ
1040 2924 1233 2991 Λόγος.
1265 2923 1374 2976 Καὶ
1409 2923 1458 2977 oi
1502 2923 1775 2994 προφῆται
1812 2921 1951 2975 κατὰ

376 3016 588 3070 Παῦλον
611 3014 735 3069 νοῦν
759 3013 997 3086 Χριστοῦ
1023 3012 1224 3083 ἔχουσι,
1255 3012 1346 3065 τὸν
1376 3014 1434 3066 ὲν
1462 3012 1643 3075 αὐτοῖς
1666 3011 1948 3067 λαλοῦντα.

1977 3061 2033 3131 Ω

2055 2735 2337 2805 Ejusmodi
2392 2736 2621 2794 ﬂoribus
2670 2739 2951 2801 hominum
3006 2754 3258 2805 naturam
3302 2745 3498 2805 artifex
3540 2748 3632 2807 ille

2055 2828 2289 2897 propria:
2316 2826 2569 2899 imaginis
2600 2831 2839 2887 ornavit.
2871 2832 3027 2905 Quod
3063 2834 3110 2891 si
3135 2842 3191 2893 et
3224 2836 3327 2894 alia
3348 2836 3479 2893 libet
3506 2853 3633 2909 per.

2054 2918 2295 2987 quirere,
2326 2920 2527 2989 quibus
2554 2921 2736 2976 divina
2762 2924 3111 2993 pulchritudo
3146 2926 3510 2995 exprimitur:
3547 2928 3632 2983 in.

2058 3008 2265 3079 telliges
2322 3009 2487 3064 etiam
2536 3009 2628 3065 illa
2672 3012 2819 3081 quod
2858 3015 3073 3081 attinet,
3125 3016 3537 3077 similitudinem
3574 3019 3630 3081 in

373 3108 452 3162 Οὐ
502 3105 689 3178 πόρρω
729 3104 933 3158 τούτων
986 3106 1077 3157 καὶ
1123 3102 1185 3157 τὸ
1237 3102 1597 3173 ἀνθρώπινον,
1666 3103 1829 3172 Ὁρᾷς
1892 3104 1949 3156 ὲν

2057 3099 2295 3170 imagine
2329 3109 2518 3157 nostra
2546 3113 2801 3165 accurate
2826 3116 3098 3162 servatam
3144 3123 3285 3168 esse.
3335 3110 3395 3166 In
3438 3118 3631 3174 natura

376 3198 591 3268 σεαυτῷ
616 3197 707 3250 καὶ
726 3197 818 3250 τὸν
847 3195 1028 3264 λόγον,
1070 3196 1165 3249 καὶ
1189 3194 1448 3257 διάνοιαν.
1483 3195 1707 3267 μίμημα
1736 3194 1843 3248 τοῦ
1863 3194 1951 3249 δν‹

371 3308 485 3355 τως
532 3289 622 3343 νοῦ
666 3307 725 3342 τε
770 3289 863 3341 καὶ
916 3288 1096 3357 λόγου.
1145 3287 1356 3358 Ἀγάπη
1393 3287 1553 3346 πάλιν
1591 3289 1618 3343 ό
1648 3286 1817 3351 Θεὸς,
1856 3288 1952 3342 καὶ

373 3381 597 3450 ἀγάπης
638 3380 810 3450 πηγή.
839 3379 882 3430 Τ
884 3378 1009 3431 οῦτο
1024 3378 1143 3448 ξγόιρ
1192 3396 1354 3449 φησιν
1399 3378 1651 3448 Ἰωάννης
1683 3379 1712 3431 ό
1753 3378 1947 3449 μέγας,

373 3472 459 3523 ὃτι
482 3490 499 3521 ι
520 3471 733 3540 ’Λγάπη
750 3473 813 3523 ἐκ
829 3467 921 3522 τοῦ
937 3468 1069 3521 Θεοῦ
1086 3486 1099 3499 ·
1123 3490 1141 3521 ι
1167 3470 1280 3532 καὶ,
1304 3489 1320 3520 ι
1344 3469 1401 3521 ὐ
1420 3469 1549 3525 Θεὸς
1568 3469 1756 3540 ἀγάπη
1770 3470 1884 3523 ἐστί
1899 3487 1910 3497 ·
1928 3489 1947 3524 ι

2056 3192 2239 3246 divina
2265 3200 2349 3247 est
2380 3208 2535 3248 mens
2561 3202 2615 3248 et
2640 3209 2844 3256 sermo.
2874 3198 2969 3255 Est
2990 3197 3133 3257 enim
3167 3201 3342 3260 sacris
3375 3202 3428 3255 in
3458 3201 3633 3259 Litteo

2044 3284 2134 3363 {is
2163 3284 2463 3354 proditum,
2491 3286 2647 3345 initio
2679 3303 2857 3341 rerum
2876 3290 3200 3351 Sermonem
3226 3293 3339 3362 jam
3369 3294 3539 3352 fuisse
3562 3296 3628 3359 ",

2054 3368 2262 3431 Paulus
2294 3377 2457 3433 etiam
2490 3386 2643 3438 vates
2665 3378 2870 3433 Christi
2895 3389 3129 3441 mentem
3162 3384 3421 3447 habuisse
3444 3387 3627 3453 tradit,

2058 3484 2155 3538 per
2188 3483 2285 3524 eos
2331 3469 2645 3539 loquentem
2669 3470 2735 3529 δε.
2769 3469 3208 3535 Consentaneum
3256 3476 3341 3531 his
3370 3477 3630 3549 quiddam

375 3561 535 3615 τοῦτο
556 3563 650 3614 καὶ
673 3562 937 3632 ἡμέτερον
960 3562 1249 3632 πεποίηται
1268 3562 1558 3632 πρόσωπον
1574 3564 1602 3616 ὁ
1622 3562 1719 3632 τῆς
1741 3561 1955 3629 φύσεως

2057 3568 2141 3616 εει
2171 3561 2224 3615 in
2256 3561 2493 3623 homine.
2542 3562 2676 3617 Nam
2708 3564 2764 3618 in
2809 3565 2987 3635 tcipso
3020 3566 3411 3632 animadvertis
3436 3582 3489 3627 et
3514 3588 3633 3635 ser-

374 3653 643 3723 πλάστης.
671 3673 687 3705 ι
710 3655 800 3712 Ἐν
817 3652 989 3723 τούτῳ
1009 3674 1025 3705 ι
1048 3654 1176 3725 γὰρ,
1199 3655 1351 3724 φησι,
1372 3672 1390 3704 ι
1414 3652 1708 3722 γνώσονται
1732 3654 1951 3719 πάντες,

372 3746 458 3798 ὅτι
492 3744 724 3816 μαθηταί
756 3763 858 3815 μου
890 3746 1035 3808 ἐστὲ,
1070 3746 1165 3801 ἐάν
1195 3746 1444 3813 ἀγαπᾶτε
1475 3745 1757 3815 ἀλλήλους.
1780 3764 1800 3797 ›
1856 3747 1955 3800 Οὐ·

374 3834 510 3888 κοῦν
542 3836 616 3906 μὴ
649 3834 927 3906 παρούσης
960 3834 1181 3905 ταύτης,
1214 3834 1356 3896 ἄπας
1389 3835 1417 3887 ὁ
1450 3832 1733 3905 χαρακτὴρ
1754 3834 1852 3903 τῆς
1877 3835 1954 3885 εἰ·

376 3929 534 3991 κόνος
576 3928 1025 3999 μεταπεποίηται.
1069 3928 1255 3983 Πάντα
1299 3926 1617 3992 ὲπιϐλέπει,
1651 3927 1745 3979 καὶ
1775 3924 1952 3979 πάντα

375 4019 637 4074 ἐπακούει
662 4021 720 4073 τὸ
748 4021 921 4084 Θεῖον,
948 4021 1041 4073 καὶ
1064 4021 1241 4075 πάντα
1255 4020 1613 4091 διερευνᾶται.
1642 4020 1827 4088 Ἔχεις
1856 4017 1952 4071 καὶ
1976 4014 2009 4061 *ἶ

381 4114 448 4165 σὺ
482 4113 581 4184 τὴν
608 4114 675 4167 δι’
727 4113 900 4183 ὅψεως
941 4115 1033 4169 καὶ
1062 4113 1233 4184 άκοῆς
1276 4113 1382 4166 τῶν
1426 4112 1593 4165 ὄντων
1626 4109 1909 4182 ἀντίληψιν
1932 4150 1948 4174 ,

378 4206 477 4258 καὶ
510 4205 609 4274 τὴν
648 4204 944 4275 {qs-rictan
976 4222 1033 4259 τε
1074 4206 1168 4259 καὶ
1205 4204 1612 4276 διερευνητικὴν
1644 4203 1750 4255 τῶν
1782 4203 1949 4259 ὄντων

374 4298 640 4353 διάνοιαν.

2057 3668 2274 3709 monent
2306 3668 2450 3719 esse,
2488 3663 2545 3711 ει
2581 3657 2688 3715 vim
2736 3656 3148 3729 intelligentcm,
3172 3676 3293 3730 quae
3330 3672 3458 3725 sunt
3488 3680 3657 3729 vera:

2056 3742 2205 3798 illius
2230 3746 2429 3803 mentis
2457 3753 2511 3797 et
2534 3748 2805 3804 sermonis
2833 3748 3030 3815 imago.
3059 3749 3203 3809 Deus
3239 3752 3364 3812 item
3391 3754 3631 3811 charitas

2056 3843 2162 3898 est.
2197 3846 2255 3909 et
2292 3834 2416 3893 fons
2454 3837 2569 3907 ipse
2609 3840 2813 3896 amoris
2859 3842 3053 3901 mutui.
3096 3842 3191 3901 ‘Sic
3224 3846 3367 3905 enim
3401 3862 3631 3917 magnus

2057 3927 2146 3983 ille
2172 3926 2412 3982 Joannes
2444 3931 2707 3998 loquitur,
2745 3946 2870 3993 cum
2899 3934 2975 3987 ait
3002 3950 3019 3991 ,ι
3063 3954 3080 3986 ι
3104 3934 3180 3994 Ex
3210 3936 3319 3996 Deo
3345 3946 3429 3994 cst
3451 3939 3631 3995 chari-

2054 4028 2159 4082 ta‘s,
2174 4039 2191 4071 ι
2214 4029 2290 4085 et,
2320 4040 2338 4072 ι
2364 4020 2504 4081 Deus
2528 4023 2640 4091 ipse
2662 4022 2796 4084 nihil
2821 4033 2905 4084 est
2923 4026 3067 4086 aliud
3086 4044 3250 4099 quam
3271 4031 3512 4091 charitas
3530 4034 3591 4089 ⁵⁸.
3606 4053 3625 4091 ι

2054 4112 2229 4172 Etiam
2262 4115 2404 4167 hanc
2438 4114 2600 4170 faciei
2633 4128 2831 4175 nostra:
2858 4128 3040 4176 notam
3074 4137 3253 4183 rerum
3282 4122 3507 4179 Creator
3538 4127 3632 4184 im.

2054 4206 2290 4274 pressit:
2340 4206 2525 4277 itaque
2561 4209 2781 4279 inquit:
2819 4228 2837 4261 ι
2872 4212 2955 4273 Ex
2996 4228 3061 4267 eo
3090 4208 3391 4287 intelligent
3419 4233 3629 4300 omnes,

2051 4310 2151 4350 vos
2204 4313 2356 4353 meos
2407 4314 2530 4355 esse
2575 4301 2896 4387 discipulos,
2957 4306 3003 4358 si
3057 4314 3247 4361 mutuo
3297 4323 3396 4363 vos
3447 4324 3633 4366 amore

375 4389 802 4458 complectimini
826 4391 891 4444 ".
928 4410 945 4442 ι
991 4390 1200 4446 Idcirco
1227 4392 1271 4444 si
1302 4398 1526 4445 mutuus
1561 4388 1650 4443 hic
1678 4402 1832 4441 amor
1862 4387 1917 4443 in
1940 4387 2099 4465 nobis
2124 4388 2488 4454 desideretur,
2526 4394 2690 4451 totius
2723 4395 2974 4465 imaginis
3002 4406 3141 4454 none
3173 4407 3393 4460 mutata:
3425 4402 3634 4462 scilicet

374 4456 564 4537 erunt.
592 4482 785 4538 Omnia
827 4485 1070 4540 intuetur
1095 4486 1338 4540 divinum
1383 4484 1617 4550 Numen,
1648 4484 1831 4538 omnia
1881 4456 2125 4549 exaudit,
2180 4486 2359 4538 omnia
2423 4497 2815 4555 perscrutatur,
2868 4488 3043 4549 Etiam
3091 4499 3149 4546 tu
3182 4492 3302 4549 visu
3336 4494 3634 4567 audituque

378 4593 471 4633 res
498 4578 756 4649 percipis,
795 4588 847 4633 et
878 4582 1077 4637 mentis
1106 4580 1462 4650 intelligentia
1496 4580 1748 4635 universa
1781 4578 2013 4653 inquiris
2040 4587 2093 4634 et
2118 4582 2500 4649 perscrutaris.

906 4674 1299 4727 ΚΕΦΑΛΔΙΟΝ
1328 4675 1417 4739 ς’.

2676 4673 2905 4732 CAPUT
2942 4675 3028 4733 Vl.

392 4762 705 4841 Ἐεέτασις
736 4765 845 4841 τῇς
888 4765 994 4841 τοῦ
1024 4766 1134 4819 νοῦ
1162 4765 1328 4841 -.πρὸς
1361 4764 1486 4841 ⁸τὴζ·
1532 4764 1720 4841 φύσιν
1752 4778 1956 4841 (ξυγγε-

2061 4760 2401 4841 ϐοῃιιᾳιὶρῃίε
2444 4780 2563 4841 quae
2602 4766 2763 4841 menti
2794 4782 2910 4821 cum
2940 4777 3139 4841 natura
3177 4778 3282 4834 ut,
3317 4770 3631 4841 indagatio;

450 4835 635 4896 νείας,
664 4828 913 4901 καὶ
933 4836 1001 4888 ἐκ
1017 4828 1282 4904 παρόδου
1306 4828 1377 4887 ’τὸ
1408 4828 1859 4905 τῶν-’Ἀνομοίωνῖ
1877 4828 1960 4893 δι-

449 4904 754 4977 ελέγχεται
782 4907 988 4977 δόγμα.

452 4994 559 5046 Καί
594 5012 658 5063 με
698 4995 885 5064 μηδεὶς
910 4996 1103 5049 οἰέσθω
1145 4996 1267 5049 καθ’
1298 4996 1591 5065 ὁμοιότητα
1622 4994 1720 5063 τῆς
1743 4992 1955 5063 ἀνορω-
2020 4988 2035 5013 θ

376 5085 544 5154 πίνης
567 5085 845 5156 ἐνεργείας
862 5089 919 5139 ὲν
940 5077 1213 5159 διαφόροις
1239 5087 1497 5156 δυνάμεσι
1522 5086 1580 5137 τὸ
1606 5085 1759 5138 Θεῖον
1779 5084 1956 5153 λέγειν

374 5177 492 5228 τῶν
520 5176 691 5230 ὄντων
725 5178 1079 5245 ἐφάπτεσθαι.
1116 5179 1191 5229 Οὐ
1224 5178 1332 5248 γάρ
1371 5178 1487 5229 ἐστι
1541 5174 1763 5229 δυνατὸν
1796 5176 1855 5228 ἐν
1883 5178 1949 5246 τῇ

374 5268 644 5339 ἁπλότητι
672 5270 772 5339 τῆς
796 5269 1078 5341 θειότητος
1107 5270 1167 5322 τὸ
1197 5269 1436 5322 ποικίλον
1465 5285 1523 5320 τε
1555 5267 1648 5321 καὶ
1676 5265 1950 5329 πολυειδὲς
1978 5294 1983 5297 -

375 5358 479 5427 τῆς
528 5358 922 5429 ἅντιληπτικῆς
974 5360 1250 5429 ἐνεργείας
1284 5359 1632 5430 κατανοῆσαι.
1664 5357 1800 5411 Οὐδὲ
1842 5358 1950 5427 γὰρ

374 5451 514 5518 ἡμῖν
562 5449 753 5503 πολλαί
794 5451 938 5513 τινες
974 5453 1109 5503 εἰσιν
1139 5452 1194 5504 αἱ
1242 5450 1625 5520 ἀντιληπτικαὶ
1660 5451 1768 5503 τῶν
1814 5467 1969 5520 τερα-ί
2004 5462 2013 5471 ‘

374 5538 607 5608 γμάτων
632 5539 909 5609 δυνάμεις,
947 5542 994 5593 εί
1019 5542 1111 5593 καὶ
1137 5541 1486 5611 πολυτρόπως
1510 5540 1599 5593 διὰ
1626 5540 1733 5593 τῶν
1762 5539 1953 5610 αἰσθή-

457 5674 695 5759 “duan.
726 5691 763 5739 ι,
805 5677 853 5729 l.
941 5678 985 5708 "
1020 5676 1036 5730 l
1072 5678 1198 5731 Cor.
1232 5695 1329 5742 vn,
1362 5678 1471 5743 ιον
1501 5677 1542 5731 ll
1570 5679 1695 5733 Cor.
1737 5693 1855 5743 xm,
1890 5678 1940 5731 5.

624 5776 892 5835 Parum.
940 5776 1061 5839 Gn.
1108 5774 1321 5839 XLIV.

2131 4834 2219 4909 ubi
2247 4833 2411 4909 obiter
2451 4844 2499 4909 et
2544 4835 2928 4901 Itwreticorum,
2974 4840 3063 4906 qui
3089 4833 3328 4894 Ariamazi
3358 4833 3627 4909 dicuntur;

2129 4903 2373 4955 doctrina
2404 4905 2687 4971 refutatur.

2129 4991 2299 5048 Nemo
2327 5003 2506 5048 autem
2541 4996 2819 5052 existimet
2859 4997 2931 5050 ita
2958 5013 3042 5052 me
3074 4998 3241 5068 loqui,
3274 5002 3427 5070 quasi
3458 5001 3628 5061 Deum

2059 5092 2292 5139 statuam
2326 5086 2407 5141 sie
2458 5101 2638 5157 agere,
2668 5096 2726 5141 ut
2784 5088 3059 5146 hominem
3109 5091 3355 5147 videmus
3399 5092 3630 5149 diversis

2060 5176 2408 5232 facultatibus
2480 5178 2534 5231 in
2596 5180 2809 5248 agendo
2864 5182 2965 5236 uti.
3028 5181 3144 5237 Non
3200 5184 3342 5237 enim
3411 5182 3493 5237 fas
3544 5192 3633 5240 est

2059 5267 2125 5319 de
2182 5264 2328 5329 Deo,
2390 5266 2548 5335 cujus
2597 5277 2682 5323 est
2746 5279 2939 5324 natura
3006 5270 3228 5342 Simplex
3265 5312 3278 5335 ,
3351 5272 3628 5343 cogitare:

2060 5358 2215 5426 quasi
2274 5358 2424 5411 varia
2478 5358 2874 5428 multiplicique
2899 5359 3153 5416 facultate
3180 5363 3437 5431 prtediltts
3468 5374 3645 5432 agenp"

2060 5450 2113 5503 di
2171 5449 2257 5503 sit.
2316 5448 2447 5503 Nam
2508 5451 2554 5504 si
2610 5451 2663 5504 in
2692 5452 2849 5508 nobis
2892 5453 3110 5524 quidem
3160 5456 3340 5507 multa:
3381 5462 3509 5508 sunt
3554 5453 3632 5509 fa—

2062 5543 2294 5597 cultates
2332 5559 2430 5612 per
2472 5559 2609 5613 quas
2648 5545 2892 5616 agimus,
2958 5547 3169 5600 etiamsi
3222 5545 3452 5600 diversis
3512 5561 3633 5607 mo-

2043 5678 2087 5709 “
2134 5678 2151 5733 Ι
2191 5677 2347 5736 Joan.
2384 5696 2455 5743 tv,
2499 5680 2547 5747 7,
2583 5682 2633 5737 8.
2730 5683 2773 5713 “
2803 5680 2954 5740 Joau.
2996 5698 3114 5750 xm,
3151 5682 3238 5737 55..

3342 5776 3386 5845 ὅ
