  <div class='ocr_page' id='page_1' title='image "/cluster/home/n/w/nwhite01/storage/ocr_20150623/44/hvd.32044012542270/079.png"; bbox 0 0 4110 6524; ppageno 0'>
   <div class='ocr_carea' id='block_1_1' title="bbox 441 231 2017 313">
    <p class='ocr_par' dir='ltr' id='par_1_1' title="bbox 441 231 2017 302">
     <span class='ocr_line' id='line_1_1' title="bbox 441 231 2017 302; baseline -0.005 0"><span class='ocrx_word' id='word_1_1' title='bbox 441 245 546 302; x_wconf 71' lang='grc'><strong>139</strong></span> <span class='ocrx_word' id='word_1_2' title='bbox 1692 237 1754 297; x_wconf 81' lang='lat' dir='ltr'><strong>S.</strong></span> <span class='ocrx_word' id='word_1_3' title='bbox 1793 231 2017 296; x_wconf 73' lang='lat' dir='ltr'><strong>GRECO</strong></span> 
     </span>
    </p>
   </div>
   <div class='ocr_carea' id='block_1_2' title="bbox 2112 231 3716 313">
    <p class='ocr_par' dir='ltr' id='par_1_2' title="bbox 2112 238 3716 313">
     <span class='ocr_line' id='line_1_2' title="bbox 2112 238 3716 313; baseline 0.011 -18"><span class='ocrx_word' id='word_1_4' title='bbox 2112 238 2129 296; x_wconf 93' lang='lat' dir='ltr'><strong>I</strong></span> <span class='ocrx_word' id='word_1_5' title='bbox 2161 239 2452 301; x_wconf 66' lang='lat' dir='ltr'><strong>NYSSENI</strong></span> <span class='ocrx_word' id='word_1_6' title='bbox 3609 254 3716 313; x_wconf 72' lang='lat'><strong>“0</strong></span> 
     </span>
    </p>
   </div>
   <div class='ocr_carea' id='block_1_3' title="bbox 439 351 2017 442">
    <p class='ocr_par' dir='ltr' id='par_1_3' title="bbox 439 351 2017 432">
     <span class='ocr_line' id='line_1_3' title="bbox 439 351 2017 432; baseline -0.008 -14"><span class='ocrx_word' id='word_1_7' title='bbox 439 362 525 418; x_wconf 82' lang='lat' dir='ltr'><strong>dis</strong></span> <span class='ocrx_word' id='word_1_8' title='bbox 575 373 672 432; x_wconf 83' lang='lat' dir='ltr'><strong>per</strong></span> <span class='ocrx_word' id='word_1_9' title='bbox 725 371 924 414; x_wconf 78' lang='lat' dir='ltr'><strong>sensus</strong></span> <span class='ocrx_word' id='word_1_10' title='bbox 982 357 1169 412; x_wconf 83' lang='lat' dir='ltr'><strong>omnia</strong></span> <span class='ocrx_word' id='word_1_11' title='bbox 1221 351 1580 426; x_wconf 75' lang='lat' dir='ltr'><strong>suscipimus.</strong></span> <span class='ocrx_word' id='word_1_12' title='bbox 1628 351 1726 409; x_wconf 86' lang='lat' dir='ltr'><strong>Est</strong></span> <span class='ocrx_word' id='word_1_13' title='bbox 1767 352 1918 410; x_wconf 89' lang='lat' dir='ltr'><strong>enim</strong></span> <span class='ocrx_word' id='word_1_14' title='bbox 1966 351 2017 406; x_wconf 90' lang='lat' dir='ltr'><strong>in</strong></span> 
     </span>
    </p>
   </div>
   <div class='ocr_carea' id='block_1_4' title="bbox 2112 351 3713 442">
    <p class='ocr_par' dir='ltr' id='par_1_4' title="bbox 2129 355 3713 442">
     <span class='ocr_line' id='line_1_4' title="bbox 2129 355 3713 442; baseline 0.011 -34"><span class='ocrx_word' id='word_1_15' title='bbox 2129 357 2270 408; x_wconf 69' lang='grc' dir='ltr'>σεων</span> <span class='ocrx_word' id='word_1_16' title='bbox 2298 355 2409 412; x_wconf 77' lang='grc' dir='ltr'>τῶν</span> <span class='ocrx_word' id='word_1_17' title='bbox 2436 355 2580 411; x_wconf 76' lang='grc' dir='ltr'>κατὰ</span> <span class='ocrx_word' id='word_1_18' title='bbox 2609 363 2752 431; x_wconf 67' lang='grc' dir='ltr'>ζωὴν</span> <span class='ocrx_word' id='word_1_19' title='bbox 2779 360 3170 438; x_wconf 77' lang='grc' dir='ltr'>ἑφαπτὼμεθα.</span> <span class='ocrx_word' id='word_1_20' title='bbox 3201 365 3314 422; x_wconf 81' lang='grc' dir='ltr'>Μία</span> <span class='ocrx_word' id='word_1_21' title='bbox 3343 365 3452 442; x_wconf 86' lang='grc' dir='ltr'><strong>γάρ</strong></span> <span class='ocrx_word' id='word_1_22' title='bbox 3475 369 3561 435; x_wconf 82' lang='grc' dir='ltr'><strong>τίς</strong></span> <span class='ocrx_word' id='word_1_23' title='bbox 3591 372 3713 427; x_wconf 76' lang='grc' dir='ltr'>ἐστι</span> 
     </span>
    </p>
   </div>
   <div class='ocr_carea' id='block_1_5' title="bbox 439 443 2017 525">
    <p class='ocr_par' dir='ltr' id='par_1_5' title="bbox 439 445 2017 524">
     <span class='ocr_line' id='line_1_5' title="bbox 439 445 2017 524; baseline -0.008 -13"><span class='ocrx_word' id='word_1_24' title='bbox 439 453 600 510; x_wconf 83' lang='lat' dir='ltr'><strong>nobis</strong></span> <span class='ocrx_word' id='word_1_25' title='bbox 627 465 738 508; x_wconf 79' lang='lat' dir='ltr'><strong>una</strong></span> <span class='ocrx_word' id='word_1_26' title='bbox 765 447 1016 524; x_wconf 72' lang='lat' dir='ltr'><strong>quedam</strong></span> <span class='ocrx_word' id='word_1_27' title='bbox 1041 448 1126 504; x_wconf 85' lang='lat' dir='ltr'><strong>vis</strong></span> <span class='ocrx_word' id='word_1_28' title='bbox 1161 461 1228 502; x_wconf 90' lang='lat' dir='ltr'><strong>ac</strong></span> <span class='ocrx_word' id='word_1_29' title='bbox 1260 445 1517 509; x_wconf 80' lang='lat' dir='ltr'><strong>facultas,</strong></span> <span class='ocrx_word' id='word_1_30' title='bbox 1553 445 1819 502; x_wconf 85' lang='lat' dir='ltr'><strong>nimirum</strong></span> <span class='ocrx_word' id='word_1_31' title='bbox 1841 459 2017 510; x_wconf 81' lang='lat' dir='ltr'><strong>mens,</strong></span> 
     </span>
    </p>
   </div>
   <div class='ocr_carea' id='block_1_6' title="bbox 2112 443 3709 525">
    <p class='ocr_par' dir='ltr' id='par_1_6' title="bbox 2127 443 3709 525">
     <span class='ocr_line' id='line_1_6' title="bbox 2127 443 3709 525; baseline 0.011 -23"><span class='ocrx_word' id='word_1_32' title='bbox 2127 443 2570 520; x_wconf 60' lang='lat' dir='ltr'><strong>66vapt;,&#39;&amp;6r6;</strong></span> <span class='ocrx_word' id='word_1_33' title='bbox 2601 453 2630 505; x_wconf 88' lang='lat'><strong>6</strong></span> <span class='ocrx_word' id='word_1_34' title='bbox 2657 450 2971 524; x_wconf 70' lang='grc' dir='ltr'>ἑγκείμενος</span> <span class='ocrx_word' id='word_1_35' title='bbox 3001 457 3148 525; x_wconf 78' lang='grc' dir='ltr'><strong>νοῦς,</strong></span> <span class='ocrx_word' id='word_1_36' title='bbox 3175 462 3206 514; x_wconf 83' lang='lat'><strong>6</strong></span> <span class='ocrx_word' id='word_1_37' title='bbox 3232 461 3300 516; x_wconf 83' lang='grc' dir='ltr'><strong>δι’</strong></span> <span class='ocrx_word' id='word_1_38' title='bbox 3333 461 3572 516; x_wconf 78' lang='grc' dir='ltr'><strong>ἑκάστου</strong></span> <span class='ocrx_word' id='word_1_39' title='bbox 3597 465 3709 519; x_wconf 84' lang='grc' dir='ltr'><strong>τῶν</strong></span> 
     </span>
    </p>
   </div>
   <div class='ocr_carea' id='block_1_7' title="bbox 439 535 2017 628">
    <p class='ocr_par' dir='ltr' id='par_1_7' title="bbox 439 535 2017 618">
     <span class='ocr_line' id='line_1_7' title="bbox 439 535 2017 618; baseline -0.008 -16"><span class='ocrx_word' id='word_1_40' title='bbox 439 559 562 618; x_wconf 67' lang='grc' dir='ltr'>τινα</span> <span class='ocrx_word' id='word_1_41' title='bbox 583 544 830 614; x_wconf 70' lang='lat' dir='ltr'><strong>singulas</strong></span> <span class='ocrx_word' id='word_1_42' title='bbox 883 553 1146 596; x_wconf 78' lang='lat' dir='ltr'><strong>sensuum</strong></span> <span class='ocrx_word' id='word_1_43' title='bbox 1193 537 1354 593; x_wconf 83' lang='lat' dir='ltr'><strong>sedes</strong></span> <span class='ocrx_word' id='word_1_44' title='bbox 1385 535 1720 608; x_wconf 87' lang='lat' dir='ltr'><strong>permeando</strong></span> <span class='ocrx_word' id='word_1_45' title='bbox 1763 538 2017 592; x_wconf 85' lang='lat' dir='ltr'><strong>universa</strong></span> 
     </span>
    </p>
   </div>
   <div class='ocr_carea' id='block_1_8' title="bbox 2112 535 3709 628">
    <p class='ocr_par' dir='ltr' id='par_1_8' title="bbox 2126 541 3709 628">
     <span class='ocr_line' id='line_1_8' title="bbox 2126 541 3709 628; baseline 0.006 -32"><span class='ocrx_word' id='word_1_46' title='bbox 2126 541 2500 615; x_wconf 70' lang='grc' dir='ltr'><strong>αἰσθητηρίων</strong></span> <span class='ocrx_word' id='word_1_47' title='bbox 2518 543 2753 609; x_wconf 82' lang='grc' dir='ltr'>διεξιὼν,</span> <span class='ocrx_word' id='word_1_48' title='bbox 2778 545 2873 598; x_wconf 80' lang='grc' dir='ltr'>καὶ</span> <span class='ocrx_word' id='word_1_49' title='bbox 2891 545 3000 598; x_wconf 85' lang='grc' dir='ltr'><strong>τῶν</strong></span> <span class='ocrx_word' id='word_1_50' title='bbox 3019 553 3190 608; x_wconf 54' lang='grc' dir='ltr'>οντων</span> <span class='ocrx_word' id='word_1_51' title='bbox 3223 554 3709 628; x_wconf 69' lang='grc' dir='ltr'>ἐπιδρασσόμενος,</span> 
     </span>
    </p>
   </div>
   <div class='ocr_carea' id='block_1_9' title="bbox 439 629 2017 718">
    <p class='ocr_par' dir='ltr' id='par_1_9' title="bbox 439 629 2017 704">
     <span class='ocr_line' id='line_1_9' title="bbox 439 629 2017 704; baseline -0.008 -9"><span class='ocrx_word' id='word_1_52' title='bbox 439 637 632 696; x_wconf 79' lang='lat' dir='ltr'><strong>efﬁcit.</strong></span> <span class='ocrx_word' id='word_1_53' title='bbox 665 635 790 692; x_wconf 72' lang='lat' dir='ltr'><strong>Haec</strong></span> <span class='ocrx_word' id='word_1_54' title='bbox 822 634 1000 691; x_wconf 82' lang='lat' dir='ltr'><strong>oculis</strong></span> <span class='ocrx_word' id='word_1_55' title='bbox 1041 631 1306 704; x_wconf 76' lang='lat' dir='ltr'><strong>quidquid</strong></span> <span class='ocrx_word' id='word_1_56' title='bbox 1360 631 1612 696; x_wconf 80' lang='lat' dir='ltr'><strong>oﬂ&#39;ertur,</strong></span> <span class='ocrx_word' id='word_1_57' title='bbox 1659 629 1850 686; x_wconf 89' lang='lat' dir='ltr'><strong>videt:</strong></span> <span class='ocrx_word' id='word_1_58' title='bbox 1907 629 2017 684; x_wconf 66' lang='lat' dir='ltr'><strong>haec</strong></span> 
     </span>
    </p>
   </div>
   <div class='ocr_carea' id='block_1_10' title="bbox 2112 629 3712 718">
    <p class='ocr_par' dir='ltr' id='par_1_10' title="bbox 2131 629 3712 718">
     <span class='ocr_line' id='line_1_10' title="bbox 2131 629 3712 718; baseline 0.003 -30"><span class='ocrx_word' id='word_1_59' title='bbox 2131 629 2304 699; x_wconf 78' lang='grc' dir='ltr'>οὗτος</span> <span class='ocrx_word' id='word_1_60' title='bbox 2333 635 2532 707; x_wconf 81' lang='grc' dir='ltr'><strong>θεωρεῖ</strong></span> <span class='ocrx_word' id='word_1_61' title='bbox 2566 635 2654 690; x_wconf 81' lang='grc' dir='ltr'><strong>διὰ</strong></span> <span class='ocrx_word' id='word_1_62' title='bbox 2681 635 2792 691; x_wconf 82' lang='grc' dir='ltr'><strong>τῶν</strong></span> <span class='ocrx_word' id='word_1_63' title='bbox 2821 635 3118 708; x_wconf 72' lang='grc' dir='ltr'>ὀφθαλμῶν</span> <span class='ocrx_word' id='word_1_64' title='bbox 3143 645 3202 691; x_wconf 64' lang='grc' dir='ltr'><strong>τι</strong></span> <span class='ocrx_word' id='word_1_65' title='bbox 3229 645 3554 718; x_wconf 78' lang='grc' dir='ltr'>φαινόμενον</span> <span class='ocrx_word' id='word_1_66' title='bbox 3571 665 3588 680; x_wconf 80' lang='grc' dir='ltr'><strong>ο</strong></span> <span class='ocrx_word' id='word_1_67' title='bbox 3619 641 3712 702; x_wconf 76' lang='grc' dir='ltr'><strong>οὗ.</strong></span> 
     </span>
    </p>
   </div>
   <div class='ocr_carea' id='block_1_11' title="bbox 439 719 2017 812">
    <p class='ocr_par' dir='ltr' id='par_1_11' title="bbox 439 719 2017 804">
     <span class='ocr_line' id='line_1_11' title="bbox 439 719 2017 804; baseline -0.006 -18"><span class='ocrx_word' id='word_1_68' title='bbox 439 729 708 804; x_wconf 87' lang='lat' dir='ltr'><strong>quidquid</strong></span> <span class='ocrx_word' id='word_1_69' title='bbox 745 727 970 791; x_wconf 87' lang='lat' dir='ltr'><strong>dicitur,</strong></span> <span class='ocrx_word' id='word_1_70' title='bbox 1011 723 1228 778; x_wconf 89' lang='lat' dir='ltr'><strong>auriutn</strong></span> <span class='ocrx_word' id='word_1_71' title='bbox 1260 737 1366 794; x_wconf 87' lang='lat' dir='ltr'><strong>ope</strong></span> <span class='ocrx_word' id='word_1_72' title='bbox 1410 723 1661 793; x_wconf 80' lang='lat' dir='ltr'><strong>percipit.</strong></span> <span class='ocrx_word' id='word_1_73' title='bbox 1724 719 1852 776; x_wconf 69' lang='lat' dir='ltr'><strong>Haec</strong></span> <span class='ocrx_word' id='word_1_74' title='bbox 1901 737 2017 792; x_wconf 68' lang='lat' dir='ltr'><strong>qua:</strong></span> 
     </span>
    </p>
   </div>
   <div class='ocr_carea' id='block_1_12' title="bbox 2112 719 3712 812">
    <p class='ocr_par' dir='ltr' id='par_1_12' title="bbox 2112 726 3712 812">
     <span class='ocr_line' id='line_1_12' title="bbox 2112 726 3712 812; baseline 0.006 -34"><span class='ocrx_word' id='word_1_75' title='bbox 2112 741 2218 790; x_wconf 73' lang='grc' dir='ltr'><strong>τος</strong></span> <span class='ocrx_word' id='word_1_76' title='bbox 2241 726 2529 807; x_wconf 68' lang='grc' dir='ltr'>συνιεῖδιὰ</span> <span class='ocrx_word' id='word_1_77' title='bbox 2565 727 2668 798; x_wconf 82' lang='grc' dir='ltr'>τῆς</span> <span class='ocrx_word' id='word_1_78' title='bbox 2703 728 2872 800; x_wconf 80' lang='grc' dir='ltr'><strong>ἀκοῆς</strong></span> <span class='ocrx_word' id='word_1_79' title='bbox 2897 727 2960 782; x_wconf 86' lang='grc' dir='ltr'><strong>τδ</strong></span> <span class='ocrx_word' id='word_1_80' title='bbox 2986 727 3277 799; x_wconf 86' lang='grc' dir='ltr'>λεγόμενον</span> <span class='ocrx_word' id='word_1_81' title='bbox 3293 770 3308 794; x_wconf 83' lang='grc'>,</span> <span class='ocrx_word' id='word_1_82' title='bbox 3341 739 3533 812; x_wconf 73' lang='grc' dir='ltr'>ἀγαπᾷ</span> <span class='ocrx_word' id='word_1_83' title='bbox 3557 757 3618 793; x_wconf 80' lang='grc' dir='ltr'>τε</span> <span class='ocrx_word' id='word_1_84' title='bbox 3647 741 3712 794; x_wconf 78' lang='grc' dir='ltr'><strong>τὸ</strong></span> 
     </span>
    </p>
   </div>
   <div class='ocr_carea' id='block_1_13' title="bbox 440 815 2017 899">
    <p class='ocr_par' dir='ltr' id='par_1_13' title="bbox 440 815 2017 893">
     <span class='ocr_line' id='line_1_13' title="bbox 440 815 2017 893; baseline -0.008 -15"><span class='ocrx_word' id='word_1_85' title='bbox 440 831 594 893; x_wconf 88' lang='lat' dir='ltr'><strong>grata</strong></span> <span class='ocrx_word' id='word_1_86' title='bbox 629 829 758 876; x_wconf 89' lang='lat' dir='ltr'><strong>sunt</strong></span> <span class='ocrx_word' id='word_1_87' title='bbox 799 815 1168 886; x_wconf 87' lang='lat' dir='ltr'><strong>amplectitur,</strong></span> <span class='ocrx_word' id='word_1_88' title='bbox 1223 815 1439 884; x_wconf 81' lang='lat' dir='ltr'><strong>ingrata</strong></span> <span class='ocrx_word' id='word_1_89' title='bbox 1501 825 1634 869; x_wconf 85' lang='lat' dir='ltr'><strong>vero</strong></span> <span class='ocrx_word' id='word_1_90' title='bbox 1691 823 2017 878; x_wconf 73' lang='lat' dir='ltr'><strong>aversatur;</strong></span> 
     </span>
    </p>
   </div>
   <div class='ocr_carea' id='block_1_14' title="bbox 2112 815 3704 899">
    <p class='ocr_par' dir='ltr' id='par_1_14' title="bbox 2125 815 3704 899">
     <span class='ocr_line' id='line_1_14' title="bbox 2125 815 3704 899; baseline 0.008 -32"><span class='ocrx_word' id='word_1_91' title='bbox 2125 815 2508 888; x_wconf 83' lang='grc' dir='ltr'>κατευθύμιον,</span> <span class='ocrx_word' id='word_1_92' title='bbox 2558 817 2654 870; x_wconf 75' lang='grc' dir='ltr'>καὶ</span> <span class='ocrx_word' id='word_1_93' title='bbox 2682 815 2744 872; x_wconf 81' lang='grc' dir='ltr'><strong>τδ</strong></span> <span class='ocrx_word' id='word_1_94' title='bbox 2779 818 2854 888; x_wconf 78' lang='grc' dir='ltr'>μὴ</span> <span class='ocrx_word' id='word_1_95' title='bbox 2883 817 3006 870; x_wconf 82' lang='grc' dir='ltr'>καθ’</span> <span class='ocrx_word' id='word_1_96' title='bbox 3036 819 3234 892; x_wconf 76' lang='grc' dir='ltr'>ἡδονὴν</span> <span class='ocrx_word' id='word_1_97' title='bbox 3281 821 3704 899; x_wconf 56' lang='grc' dir='ltr'>ἀποστρέφεται</span> 
     </span>
    </p>
   </div>
   <div class='ocr_carea' id='block_1_15' title="bbox 441 903 2017 984">
    <p class='ocr_par' dir='ltr' id='par_1_15' title="bbox 441 903 2017 977">
     <span class='ocr_line' id='line_1_15' title="bbox 441 903 2017 977; baseline -0.007 -8"><span class='ocrx_word' id='word_1_98' title='bbox 441 915 556 969; x_wconf 66' lang='lat' dir='ltr'><strong>haec</strong></span> <span class='ocrx_word' id='word_1_99' title='bbox 597 925 759 966; x_wconf 79' lang='lat' dir='ltr'><strong>manu</strong></span> <span class='ocrx_word' id='word_1_100' title='bbox 803 909 1054 962; x_wconf 86' lang='lat' dir='ltr'><strong>ministra</strong></span> <span class='ocrx_word' id='word_1_101' title='bbox 1105 919 1494 977; x_wconf 89' lang='lat' dir='ltr'><strong>quamcunque</strong></span> <span class='ocrx_word' id='word_1_102' title='bbox 1544 904 1610 959; x_wconf 87' lang='lat' dir='ltr'><strong>ad</strong></span> <span class='ocrx_word' id='word_1_103' title='bbox 1678 919 1796 960; x_wconf 91' lang='lat' dir='ltr'><strong>rem</strong></span> <span class='ocrx_word' id='word_1_104' title='bbox 1840 903 2017 960; x_wconf 83' lang='lat' dir='ltr'><strong>visum</strong></span> 
     </span>
    </p>
   </div>
   <div class='ocr_carea' id='block_1_16' title="bbox 2112 903 3710 984">
    <p class='ocr_par' dir='ltr' id='par_1_16' title="bbox 2124 907 3710 984">
     <span class='ocr_line' id='line_1_16' title="bbox 2124 907 3710 984; baseline 0.004 -24"><span class='ocrx_word' id='word_1_105' title='bbox 2124 909 2218 960; x_wconf 70' lang='lat' dir='ltr'><strong>xci.</strong></span> <span class='ocrx_word' id='word_1_106' title='bbox 2252 909 2317 978; x_wconf 75' lang='grc' dir='ltr'>τῇ</span> <span class='ocrx_word' id='word_1_107' title='bbox 2357 909 2501 979; x_wconf 73' lang='grc' dir='ltr'>χειρὶ</span> <span class='ocrx_word' id='word_1_108' title='bbox 2532 907 2730 980; x_wconf 84' lang='grc' dir='ltr'>χρῆται</span> <span class='ocrx_word' id='word_1_109' title='bbox 2777 907 2916 978; x_wconf 78' lang='grc' dir='ltr'>πρὸς</span> <span class='ocrx_word' id='word_1_110' title='bbox 2952 907 3016 962; x_wconf 86' lang='grc' dir='ltr'><strong>τδ</strong></span> <span class='ocrx_word' id='word_1_111' title='bbox 3051 909 3080 962; x_wconf 85' lang='grc' dir='ltr'><strong>ὅ</strong></span> <span class='ocrx_word' id='word_1_112' title='bbox 3106 926 3158 962; x_wconf 86' lang='grc' dir='ltr'><strong>τι</strong></span> <span class='ocrx_word' id='word_1_113' title='bbox 3189 909 3460 980; x_wconf 83' lang='grc' dir='ltr'>βούλεται,</span> <span class='ocrx_word' id='word_1_114' title='bbox 3493 920 3710 984; x_wconf 68' lang='grc' dir='ltr'>κρατῶν</span> 
     </span>
    </p>
   </div>
   <div class='ocr_carea' id='block_1_17' title="bbox 439 995 2017 1078">
    <p class='ocr_par' dir='ltr' id='par_1_17' title="bbox 439 995 2017 1070">
     <span class='ocr_line' id='line_1_17' title="bbox 439 995 2017 1070; baseline -0.007 -10"><span class='ocrx_word' id='word_1_115' title='bbox 439 1005 624 1064; x_wconf 87' lang='lat' dir='ltr'><strong>fuerit.</strong></span> <span class='ocrx_word' id='word_1_116' title='bbox 653 1001 843 1066; x_wconf 87' lang='lat' dir='ltr'><strong>utitur,</strong></span> <span class='ocrx_word' id='word_1_117' title='bbox 871 997 1120 1070; x_wconf 84' lang='lat' dir='ltr'><strong>ejusdem</strong></span> <span class='ocrx_word' id='word_1_118' title='bbox 1151 1005 1212 1052; x_wconf 91' lang='lat' dir='ltr'><strong>ut</strong></span> <span class='ocrx_word' id='word_1_119' title='bbox 1250 996 1601 1050; x_wconf 86' lang='lat' dir='ltr'><strong>instrumenti</strong></span> <span class='ocrx_word' id='word_1_120' title='bbox 1646 1009 1752 1066; x_wconf 91' lang='lat' dir='ltr'><strong>ope</strong></span> <span class='ocrx_word' id='word_1_121' title='bbox 1797 1011 1886 1052; x_wconf 88' lang='lat' dir='ltr'><strong>res</strong></span> <span class='ocrx_word' id='word_1_122' title='bbox 1933 995 2017 1052; x_wconf 90' lang='lat' dir='ltr'><strong>vel</strong></span> 
     </span>
    </p>
   </div>
   <div class='ocr_carea' id='block_1_18' title="bbox 2112 995 3704 1078">
    <p class='ocr_par' dir='ltr' id='par_1_18' title="bbox 2121 999 3704 1078">
     <span class='ocr_line' id='line_1_18' title="bbox 2121 999 3704 1078; baseline 0.003 -24"><span class='ocrx_word' id='word_1_123' title='bbox 2121 1000 2189 1054; x_wconf 85' lang='grc' dir='ltr'><strong>δι’</strong></span> <span class='ocrx_word' id='word_1_124' title='bbox 2211 999 2381 1072; x_wconf 65' lang='grc' dir='ltr'>αὐτῆς</span> <span class='ocrx_word' id='word_1_125' title='bbox 2404 1001 2498 1054; x_wconf 80' lang='grc' dir='ltr'>καὶ</span> <span class='ocrx_word' id='word_1_126' title='bbox 2523 999 2912 1071; x_wconf 64' lang='grc' dir='ltr'>ἀπωθούμενος</span> <span class='ocrx_word' id='word_1_127' title='bbox 2939 1001 3086 1073; x_wconf 79' lang='grc' dir='ltr'>άπερ</span> <span class='ocrx_word' id='word_1_128' title='bbox 3108 1000 3176 1054; x_wconf 77' lang='grc' dir='ltr'><strong>ἄν</strong></span> <span class='ocrx_word' id='word_1_129' title='bbox 3201 1002 3502 1057; x_wconf 76' lang='grc' dir='ltr'><strong>λυσιτελεῖν</strong></span> <span class='ocrx_word' id='word_1_130' title='bbox 3519 1006 3704 1078; x_wconf 59' lang='grc' dir='ltr'>κρίνῃ,</span> 
     </span>
    </p>
   </div>
   <div class='ocr_carea' id='block_1_19' title="bbox 435 1086 2017 1168">
    <p class='ocr_par' dir='ltr' id='par_1_19' title="bbox 435 1086 2016 1161">
     <span class='ocr_line' id='line_1_19' title="bbox 435 1086 2016 1161; baseline -0.007 -9"><span class='ocrx_word' id='word_1_131' title='bbox 435 1096 704 1159; x_wconf 79' lang='lat' dir='ltr'><strong>continet,</strong></span> <span class='ocrx_word' id='word_1_132' title='bbox 731 1093 814 1148; x_wconf 83' lang='lat' dir='ltr'><strong>vel</strong></span> <span class='ocrx_word' id='word_1_133' title='bbox 849 1089 1048 1161; x_wconf 82' lang='lat' dir='ltr'><strong>reiicit,</strong></span> <span class='ocrx_word' id='word_1_134' title='bbox 1075 1099 1232 1161; x_wconf 82' lang='lat' dir='ltr'><strong>prout</strong></span> <span class='ocrx_word' id='word_1_135' title='bbox 1259 1104 1324 1144; x_wconf 79' lang='lat' dir='ltr'><strong>ex</strong></span> <span class='ocrx_word' id='word_1_136' title='bbox 1347 1103 1451 1144; x_wconf 90' lang='lat' dir='ltr'><strong>usu</strong></span> <span class='ocrx_word' id='word_1_137' title='bbox 1481 1087 1598 1143; x_wconf 87' lang='lat' dir='ltr'><strong>fore</strong></span> <span class='ocrx_word' id='word_1_138' title='bbox 1623 1088 1834 1143; x_wconf 82' lang='lat' dir='ltr'><strong>statuit.</strong></span> <span class='ocrx_word' id='word_1_139' title='bbox 1857 1086 2016 1154; x_wconf 84' lang='lat' dir='ltr'><strong>Quod</strong></span> 
     </span>
    </p>
   </div>
   <div class='ocr_carea' id='block_1_20' title="bbox 2112 1086 3712 1168">
    <p class='ocr_par' dir='ltr' id='par_1_20' title="bbox 2121 1091 3712 1168">
     <span class='ocr_line' id='line_1_20' title="bbox 2121 1091 3712 1168; baseline 0.004 -22"><span class='ocrx_word' id='word_1_140' title='bbox 2121 1093 2188 1164; x_wconf 76' lang='grc' dir='ltr'><strong>τῇ</strong></span> <span class='ocrx_word' id='word_1_141' title='bbox 2217 1091 2310 1145; x_wconf 80' lang='grc' dir='ltr'><strong>τοῦ</strong></span> <span class='ocrx_word' id='word_1_142' title='bbox 2333 1091 2569 1164; x_wconf 79' lang='grc' dir='ltr'><strong>ὀργάνου</strong></span> <span class='ocrx_word' id='word_1_143' title='bbox 2597 1091 2860 1165; x_wconf 77' lang='grc' dir='ltr'><strong>συνεργίᾳ</strong></span> <span class='ocrx_word' id='word_1_144' title='bbox 2901 1093 2984 1157; x_wconf 87' lang='grc' dir='ltr'><strong>είς</strong></span> <span class='ocrx_word' id='word_1_145' title='bbox 3009 1092 3171 1147; x_wconf 82' lang='grc' dir='ltr'>τοῦτο</span> <span class='ocrx_word' id='word_1_146' title='bbox 3206 1095 3614 1168; x_wconf 77' lang='grc' dir='ltr'>συγχρώμενος.</span> <span class='ocrx_word' id='word_1_147' title='bbox 3645 1099 3712 1152; x_wconf 80' lang='grc' dir='ltr'><strong>Εἰ</strong></span> 
     </span>
    </p>
   </div>
   <div class='ocr_carea' id='block_1_21' title="bbox 439 1178 2017 1264">
    <p class='ocr_par' dir='ltr' id='par_1_21' title="bbox 439 1179 2016 1258">
     <span class='ocr_line' id='line_1_21' title="bbox 439 1179 2016 1258; baseline -0.004 -16"><span class='ocrx_word' id='word_1_148' title='bbox 439 1189 486 1244; x_wconf 88' lang='lat' dir='ltr'><strong>si</strong></span> <span class='ocrx_word' id='word_1_149' title='bbox 517 1187 686 1258; x_wconf 78' lang='lat' dir='ltr'><strong>igitur</strong></span> <span class='ocrx_word' id='word_1_150' title='bbox 729 1184 784 1241; x_wconf 91' lang='lat' dir='ltr'><strong>in</strong></span> <span class='ocrx_word' id='word_1_151' title='bbox 835 1184 1056 1239; x_wconf 88' lang='lat' dir='ltr'><strong>homine</strong></span> <span class='ocrx_word' id='word_1_152' title='bbox 1097 1197 1266 1236; x_wconf 90' lang='lat' dir='ltr'><strong>unum</strong></span> <span class='ocrx_word' id='word_1_153' title='bbox 1307 1179 1571 1252; x_wconf 81' lang='lat' dir='ltr'><strong>quiddam</strong></span> <span class='ocrx_word' id='word_1_154' title='bbox 1618 1191 1704 1236; x_wconf 88' lang='lat' dir='ltr'><strong>est</strong></span> <span class='ocrx_word' id='word_1_155' title='bbox 1741 1187 1798 1236; x_wconf 90' lang='lat' dir='ltr'><strong>et</strong></span> <span class='ocrx_word' id='word_1_156' title='bbox 1848 1179 2016 1246; x_wconf 79' lang='lat' dir='ltr'><strong>idem,</strong></span> 
     </span>
    </p>
   </div>
   <div class='ocr_carea' id='block_1_22' title="bbox 2112 1178 3712 1264">
    <p class='ocr_par' dir='ltr' id='par_1_22' title="bbox 2120 1178 3712 1261">
     <span class='ocr_line' id='line_1_22' title="bbox 2120 1178 3712 1261; baseline 0.004 -25"><span class='ocrx_word' id='word_1_157' title='bbox 2120 1184 2300 1238; x_wconf 79' lang='grc' dir='ltr'>τοίνυν</span> <span class='ocrx_word' id='word_1_158' title='bbox 2346 1185 2404 1237; x_wconf 83' lang='grc' dir='ltr'><strong>ὲν</strong></span> <span class='ocrx_word' id='word_1_159' title='bbox 2439 1183 2519 1256; x_wconf 81' lang='grc' dir='ltr'>τῷ</span> <span class='ocrx_word' id='word_1_160' title='bbox 2561 1183 2837 1257; x_wconf 79' lang='grc' dir='ltr'><strong>ἀνθρώπῳ</strong></span> <span class='ocrx_word' id='word_1_161' title='bbox 2885 1185 2994 1239; x_wconf 82' lang='grc' dir='ltr'><strong>κᾶν</strong></span> <span class='ocrx_word' id='word_1_162' title='bbox 3025 1185 3260 1258; x_wconf 78' lang='grc' dir='ltr'>διάφορα</span> <span class='ocrx_word' id='word_1_163' title='bbox 3299 1187 3440 1259; x_wconf 81' lang='grc' dir='ltr'>τύχῃ</span> <span class='ocrx_word' id='word_1_164' title='bbox 3469 1187 3538 1242; x_wconf 72' lang='grc' dir='ltr'><strong>τά</strong></span> <span class='ocrx_word' id='word_1_165' title='bbox 3574 1178 3712 1261; x_wconf 74' lang='grc' dir='ltr'>πρδς</span> 
     </span>
    </p>
   </div>
   <div class='ocr_carea' id='block_1_23' title="bbox 435 1271 2017 1352">
    <p class='ocr_par' dir='ltr' id='par_1_23' title="bbox 435 1271 2017 1352">
     <span class='ocr_line' id='line_1_23' title="bbox 435 1271 2017 1352; baseline -0.005 -18"><span class='ocrx_word' id='word_1_166' title='bbox 435 1279 584 1352; x_wconf 90' lang='lat' dir='ltr'><strong>quod</strong></span> <span class='ocrx_word' id='word_1_167' title='bbox 621 1291 718 1347; x_wconf 88' lang='lat' dir='ltr'><strong>per</strong></span> <span class='ocrx_word' id='word_1_168' title='bbox 759 1275 942 1331; x_wconf 82' lang='lat' dir='ltr'><strong>omnia</strong></span> <span class='ocrx_word' id='word_1_169' title='bbox 973 1275 1026 1328; x_wconf 85' lang='lat' dir='ltr'><strong>vi</strong></span> <span class='ocrx_word' id='word_1_170' title='bbox 1063 1273 1426 1343; x_wconf 83' lang='lat' dir='ltr'><strong>facultateque</strong></span> <span class='ocrx_word' id='word_1_171' title='bbox 1462 1287 1562 1327; x_wconf 85' lang='lat' dir='ltr'><strong>sua</strong></span> <span class='ocrx_word' id='word_1_172' title='bbox 1599 1271 1708 1343; x_wconf 89' lang='lat' dir='ltr'><strong>agit</strong></span> <span class='ocrx_word' id='word_1_173' title='bbox 1741 1285 1804 1325; x_wconf 89' lang='lat' dir='ltr'><strong>ac</strong></span> <span class='ocrx_word' id='word_1_174' title='bbox 1835 1287 2017 1327; x_wconf 84' lang='lat' dir='ltr'><strong>move-</strong></span> 
     </span>
    </p>
   </div>
   <div class='ocr_carea' id='block_1_24' title="bbox 2112 1271 3704 1352">
    <p class='ocr_par' dir='ltr' id='par_1_24' title="bbox 2121 1276 3704 1352">
     <span class='ocr_line' id='line_1_24' title="bbox 2121 1276 3704 1352; baseline 0.004 -23"><span class='ocrx_word' id='word_1_175' title='bbox 2121 1276 2374 1348; x_wconf 85' lang='grc' dir='ltr'>αῖσθησιν</span> <span class='ocrx_word' id='word_1_176' title='bbox 2406 1277 2892 1348; x_wconf 80' lang='grc' dir='ltr'><strong>κατεσκευασμένα</strong></span> <span class='ocrx_word' id='word_1_177' title='bbox 2915 1279 3068 1350; x_wconf 73' lang='grc' dir='ltr'>παρὰ</span> <span class='ocrx_word' id='word_1_178' title='bbox 3088 1278 3190 1350; x_wconf 84' lang='grc' dir='ltr'>τῆς</span> <span class='ocrx_word' id='word_1_179' title='bbox 3222 1279 3442 1348; x_wconf 84' lang='grc' dir='ltr'>φύσεως</span> <span class='ocrx_word' id='word_1_180' title='bbox 3467 1279 3704 1352; x_wconf 76' lang='grc' dir='ltr'>ὕργανὰ,</span> 
     </span>
    </p>
   </div>
   <div class='ocr_carea' id='block_1_25' title="bbox 435 1361 2017 1444">
    <p class='ocr_par' dir='ltr' id='par_1_25' title="bbox 435 1361 2017 1434">
     <span class='ocr_line' id='line_1_25' title="bbox 435 1361 2017 1434; baseline -0.007 -8"><span class='ocrx_word' id='word_1_181' title='bbox 435 1381 550 1434; x_wconf 84' lang='lat' dir='ltr'><strong>tur,</strong></span> <span class='ocrx_word' id='word_1_182' title='bbox 589 1377 644 1426; x_wconf 87' lang='lat' dir='ltr'><strong>et</strong></span> <span class='ocrx_word' id='word_1_183' title='bbox 663 1367 906 1424; x_wconf 82' lang='lat' dir='ltr'><strong>vicissim</strong></span> <span class='ocrx_word' id='word_1_184' title='bbox 934 1381 1080 1422; x_wconf 88' lang='lat' dir='ltr'><strong>nunc</strong></span> <span class='ocrx_word' id='word_1_185' title='bbox 1133 1364 1238 1420; x_wconf 89' lang='lat' dir='ltr'><strong>hoc</strong></span> <span class='ocrx_word' id='word_1_186' title='bbox 1277 1379 1425 1418; x_wconf 91' lang='lat' dir='ltr'><strong>nunc</strong></span> <span class='ocrx_word' id='word_1_187' title='bbox 1479 1363 1572 1416; x_wconf 91' lang='lat' dir='ltr'><strong>illo</strong></span> <span class='ocrx_word' id='word_1_188' title='bbox 1622 1377 1788 1419; x_wconf 90' lang='lat' dir='ltr'><strong>sensu</strong></span> <span class='ocrx_word' id='word_1_189' title='bbox 1821 1361 2017 1426; x_wconf 88' lang='lat' dir='ltr'><strong>utitur,</strong></span> 
     </span>
    </p>
   </div>
   <div class='ocr_carea' id='block_1_26' title="bbox 2112 1361 3711 1444">
    <p class='ocr_par' dir='ltr' id='par_1_26' title="bbox 2119 1365 3711 1444">
     <span class='ocr_line' id='line_1_26' title="bbox 2119 1365 3711 1444; baseline 0.003 -22"><span class='ocrx_word' id='word_1_190' title='bbox 2119 1369 2248 1422; x_wconf 80' lang='grc' dir='ltr'>ὁδιὰ</span> <span class='ocrx_word' id='word_1_191' title='bbox 2273 1369 2490 1422; x_wconf 86' lang='grc' dir='ltr'>πάντων</span> <span class='ocrx_word' id='word_1_192' title='bbox 2511 1368 2752 1440; x_wconf 74' lang='grc' dir='ltr'>ἐνεργῶν</span> <span class='ocrx_word' id='word_1_193' title='bbox 2777 1369 2874 1422; x_wconf 71' lang='grc' dir='ltr'>καὶ</span> <span class='ocrx_word' id='word_1_194' title='bbox 2896 1369 3220 1440; x_wconf 85' lang='grc' dir='ltr'>κινούμενος</span> <span class='ocrx_word' id='word_1_195' title='bbox 3237 1371 3332 1424; x_wconf 70' lang='grc' dir='ltr'><strong>καὶ</strong></span> <span class='ocrx_word' id='word_1_196' title='bbox 3355 1365 3711 1444; x_wconf 81' lang='grc' dir='ltr'>καταλλήλως</span> 
     </span>
    </p>
   </div>
   <div class='ocr_carea' id='block_1_27' title="bbox 438 1457 2017 1538">
    <p class='ocr_par' dir='ltr' id='par_1_27' title="bbox 438 1457 2016 1538">
     <span class='ocr_line' id='line_1_27' title="bbox 438 1457 2016 1538; baseline -0.008 -18"><span class='ocrx_word' id='word_1_197' title='bbox 438 1465 694 1538; x_wconf 77' lang='lat' dir='ltr'><strong>quodque</strong></span> <span class='ocrx_word' id='word_1_198' title='bbox 720 1462 793 1517; x_wconf 85' lang='lat' dir='ltr'><strong>ob</strong></span> <span class='ocrx_word' id='word_1_199' title='bbox 819 1459 1012 1531; x_wconf 86' lang='lat' dir='ltr'><strong>agendi</strong></span> <span class='ocrx_word' id='word_1_200' title='bbox 1039 1457 1360 1514; x_wconf 87' lang='lat' dir='ltr'><strong>varietatem</strong></span> <span class='ocrx_word' id='word_1_201' title='bbox 1401 1464 1656 1511; x_wconf 86' lang='lat' dir='ltr'><strong>naturam</strong></span> <span class='ocrx_word' id='word_1_202' title='bbox 1707 1471 1864 1510; x_wconf 88' lang='lat' dir='ltr'><strong>suam</strong></span> <span class='ocrx_word' id='word_1_203' title='bbox 1908 1471 2016 1510; x_wconf 89' lang='lat' dir='ltr'><strong>non</strong></span> 
     </span>
    </p>
   </div>
   <div class='ocr_carea' id='block_1_28' title="bbox 2112 1457 3708 1538">
    <p class='ocr_par' dir='ltr' id='par_1_28' title="bbox 2120 1459 3708 1535">
     <span class='ocr_line' id='line_1_28' title="bbox 2120 1459 3708 1535; baseline 0.003 -22"><span class='ocrx_word' id='word_1_204' title='bbox 2120 1462 2336 1533; x_wconf 77' lang='grc' dir='ltr'>ἑκάστῳ</span> <span class='ocrx_word' id='word_1_205' title='bbox 2371 1461 2507 1534; x_wconf 86' lang='grc' dir='ltr'>πρὸς</span> <span class='ocrx_word' id='word_1_206' title='bbox 2551 1461 2614 1514; x_wconf 85' lang='grc' dir='ltr'><strong>τὺ</strong></span> <span class='ocrx_word' id='word_1_207' title='bbox 2653 1459 3018 1531; x_wconf 83' lang='grc' dir='ltr'>προκείμενον</span> <span class='ocrx_word' id='word_1_208' title='bbox 3055 1463 3432 1535; x_wconf 78' lang='grc' dir='ltr'><strong>κεχρημένος,</strong></span> <span class='ocrx_word' id='word_1_209' title='bbox 3475 1459 3558 1528; x_wconf 70' lang='grc' dir='ltr'>εἷς</span> <span class='ocrx_word' id='word_1_210' title='bbox 3587 1466 3708 1518; x_wconf 69' lang='grc' dir='ltr'>ἐστι</span> 
     </span>
    </p>
   </div>
   <div class='ocr_carea' id='block_1_29' title="bbox 437 1546 2017 1625">
    <p class='ocr_par' dir='ltr' id='par_1_29' title="bbox 437 1546 2017 1624">
     <span class='ocr_line' id='line_1_29' title="bbox 437 1546 2017 1624; baseline -0.01 -8"><span class='ocrx_word' id='word_1_211' title='bbox 437 1566 635 1621; x_wconf 85' lang='lat' dir='ltr'><strong>mutat,</strong></span> <span class='ocrx_word' id='word_1_212' title='bbox 667 1564 945 1624; x_wconf 86' lang='lat' dir='ltr'><strong>utcunque</strong></span> <span class='ocrx_word' id='word_1_213' title='bbox 965 1563 1230 1606; x_wconf 77' lang='lat' dir='ltr'><strong>sensuum</strong></span> <span class='ocrx_word' id='word_1_214' title='bbox 1255 1549 1626 1604; x_wconf 85' lang='lat' dir='ltr'><strong>instrumenta</strong></span> <span class='ocrx_word' id='word_1_215' title='bbox 1643 1546 1862 1604; x_wconf 85' lang='lat' dir='ltr'><strong>diversa</strong></span> <span class='ocrx_word' id='word_1_216' title='bbox 1907 1548 2017 1603; x_wconf 89' lang='lat' dir='ltr'><strong>sint</strong></span> 
     </span>
    </p>
   </div>
   <div class='ocr_carea' id='block_1_30' title="bbox 2112 1546 3710 1625">
    <p class='ocr_par' dir='ltr' id='par_1_30' title="bbox 2119 1552 3710 1625">
     <span class='ocr_line' id='line_1_30' title="bbox 2119 1552 3710 1625; baseline 0 -17"><span class='ocrx_word' id='word_1_217' title='bbox 2119 1556 2214 1608; x_wconf 79' lang='grc' dir='ltr'>καὶ</span> <span class='ocrx_word' id='word_1_218' title='bbox 2239 1557 2268 1608; x_wconf 91' lang='lat'><strong>6</strong></span> <span class='ocrx_word' id='word_1_219' title='bbox 2293 1552 2456 1618; x_wconf 76' lang='grc' dir='ltr'>αὐτὸς</span> <span class='ocrx_word' id='word_1_220' title='bbox 2480 1593 2497 1618; x_wconf 83' lang='grc'>,</span> <span class='ocrx_word' id='word_1_221' title='bbox 2535 1556 2657 1618; x_wconf 86' lang='grc' dir='ltr'>ταῖς</span> <span class='ocrx_word' id='word_1_222' title='bbox 2688 1554 2972 1625; x_wconf 73' lang='grc' dir='ltr'><strong>διαφοραῖς</strong></span> <span class='ocrx_word' id='word_1_223' title='bbox 3011 1553 3122 1608; x_wconf 80' lang='grc' dir='ltr'>τῶν</span> <span class='ocrx_word' id='word_1_224' title='bbox 3159 1555 3448 1625; x_wconf 71' lang='grc' dir='ltr'><strong>ἐνεργειῶν</strong></span> <span class='ocrx_word' id='word_1_225' title='bbox 3489 1555 3550 1608; x_wconf 84' lang='grc' dir='ltr'><strong>ού</strong></span> <span class='ocrx_word' id='word_1_226' title='bbox 3580 1559 3710 1609; x_wconf 70' lang='grc' dir='ltr'>συν-</span> 
     </span>
    </p>
   </div>
   <div class='ocr_carea' id='block_1_31' title="bbox 437 1641 2017 1718">
    <p class='ocr_par' dir='ltr' id='par_1_31' title="bbox 437 1641 2017 1716">
     <span class='ocr_line' id='line_1_31' title="bbox 437 1641 2017 1716; baseline -0.008 -8"><span class='ocrx_word' id='word_1_227' title='bbox 437 1670 468 1708; x_wconf 91' lang='lat' dir='ltr'><strong>a</strong></span> <span class='ocrx_word' id='word_1_228' title='bbox 497 1657 694 1708; x_wconf 86' lang='lat' dir='ltr'><strong>natura</strong></span> <span class='ocrx_word' id='word_1_229' title='bbox 727 1647 949 1706; x_wconf 86' lang='lat' dir='ltr'><strong>condita</strong></span> <span class='ocrx_word' id='word_1_230' title='bbox 981 1663 994 1702; x_wconf 90' lang='lat'>:</span> <span class='ocrx_word' id='word_1_231' title='bbox 1019 1659 1132 1716; x_wconf 90' lang='lat' dir='ltr'><strong>quo</strong></span> <span class='ocrx_word' id='word_1_232' title='bbox 1149 1647 1312 1715; x_wconf 84' lang='lat' dir='ltr'><strong>pacto</strong></span> <span class='ocrx_word' id='word_1_233' title='bbox 1334 1641 1460 1714; x_wconf 89' lang='lat' dir='ltr'><strong>quis</strong></span> <span class='ocrx_word' id='word_1_234' title='bbox 1487 1641 1626 1699; x_wconf 88' lang='lat' dir='ltr'><strong>adeo</strong></span> <span class='ocrx_word' id='word_1_235' title='bbox 1639 1641 1868 1697; x_wconf 83' lang='lat' dir='ltr'><strong>demens</strong></span> <span class='ocrx_word' id='word_1_236' title='bbox 1893 1653 2017 1696; x_wconf 88' lang='lat' dir='ltr'><strong>esse</strong></span> 
     </span>
    </p>
   </div>
   <div class='ocr_carea' id='block_1_32' title="bbox 2112 1641 3710 1718">
    <p class='ocr_par' dir='ltr' id='par_1_32' title="bbox 2123 1645 3710 1718">
     <span class='ocr_line' id='line_1_32' title="bbox 2123 1645 3710 1718; baseline -0.001 -15"><span class='ocrx_word' id='word_1_237' title='bbox 2123 1647 2472 1716; x_wconf 81' lang='grc' dir='ltr'>εξαλλάσσων</span> <span class='ocrx_word' id='word_1_238' title='bbox 2497 1646 2599 1718; x_wconf 81' lang='grc' dir='ltr'>τὴν</span> <span class='ocrx_word' id='word_1_239' title='bbox 2630 1646 2794 1716; x_wconf 79' lang='grc' dir='ltr'>φύσιν</span> <span class='ocrx_word' id='word_1_240' title='bbox 2818 1663 2832 1677; x_wconf 76' lang='grc'><strong>’</strong></span> <span class='ocrx_word' id='word_1_241' title='bbox 2863 1645 2979 1707; x_wconf 84' lang='grc' dir='ltr'><strong>πῶς</strong></span> <span class='ocrx_word' id='word_1_242' title='bbox 3019 1645 3080 1700; x_wconf 76' lang='grc' dir='ltr'><strong>άν</strong></span> <span class='ocrx_word' id='word_1_243' title='bbox 3107 1661 3192 1710; x_wconf 85' lang='grc' dir='ltr'><strong>τις</strong></span> <span class='ocrx_word' id='word_1_244' title='bbox 3217 1645 3311 1699; x_wconf 75' lang='grc' dir='ltr'><strong>ἐπὶ</strong></span> <span class='ocrx_word' id='word_1_245' title='bbox 3337 1645 3430 1700; x_wconf 81' lang='grc' dir='ltr'><strong>τοῦ</strong></span> <span class='ocrx_word' id='word_1_246' title='bbox 3461 1646 3596 1702; x_wconf 76' lang='grc' dir='ltr'>Θεοῦ</span> <span class='ocrx_word' id='word_1_247' title='bbox 3613 1648 3710 1701; x_wconf 73' lang='grc' dir='ltr'>διὰ</span> 
     </span>
    </p>
   </div>
   <div class='ocr_carea' id='block_1_33' title="bbox 439 1733 2017 1817">
    <p class='ocr_par' dir='ltr' id='par_1_33' title="bbox 439 1733 2015 1817">
     <span class='ocr_line' id='line_1_33' title="bbox 439 1733 2015 1817; baseline -0.011 -14"><span class='ocrx_word' id='word_1_248' title='bbox 439 1745 636 1817; x_wconf 87' lang='lat' dir='ltr'><strong>possit,</strong></span> <span class='ocrx_word' id='word_1_249' title='bbox 675 1749 736 1798; x_wconf 89' lang='lat' dir='ltr'><strong>ut</strong></span> <span class='ocrx_word' id='word_1_250' title='bbox 763 1739 858 1796; x_wconf 88' lang='lat' dir='ltr'><strong>Dei</strong></span> <span class='ocrx_word' id='word_1_251' title='bbox 887 1747 1142 1795; x_wconf 88' lang='lat' dir='ltr'><strong>naturam</strong></span> <span class='ocrx_word' id='word_1_252' title='bbox 1177 1751 1278 1808; x_wconf 88' lang='lat' dir='ltr'><strong>per</strong></span> <span class='ocrx_word' id='word_1_253' title='bbox 1310 1735 1604 1792; x_wconf 77' lang='lat' dir='ltr'><strong>facultates</strong></span> <span class='ocrx_word' id='word_1_254' title='bbox 1629 1733 1814 1790; x_wconf 87' lang='lat' dir='ltr'><strong>varias</strong></span> <span class='ocrx_word' id='word_1_255' title='bbox 1858 1733 2015 1800; x_wconf 87' lang='lat' dir='ltr'><strong>quasi</strong></span> 
     </span>
    </p>
   </div>
   <div class='ocr_carea' id='block_1_34' title="bbox 2112 1733 3710 1817">
    <p class='ocr_par' dir='ltr' id='par_1_34' title="bbox 2118 1737 3710 1810">
     <span class='ocr_line' id='line_1_34' title="bbox 2118 1737 3710 1810; baseline 0.001 -18"><span class='ocrx_word' id='word_1_256' title='bbox 2118 1739 2228 1793; x_wconf 83' lang='grc' dir='ltr'>τῶν</span> <span class='ocrx_word' id='word_1_257' title='bbox 2257 1739 2518 1792; x_wconf 77' lang='grc' dir='ltr'><strong>ποικίλων</strong></span> <span class='ocrx_word' id='word_1_258' title='bbox 2531 1738 2812 1809; x_wconf 80' lang='grc' dir='ltr'><strong>δυνάμεων</strong></span> <span class='ocrx_word' id='word_1_259' title='bbox 2832 1737 2894 1791; x_wconf 79' lang='grc' dir='ltr'>τὸ</span> <span class='ocrx_word' id='word_1_260' title='bbox 2924 1737 3229 1810; x_wconf 75' lang='grc' dir='ltr'>πολυμερὲς</span> <span class='ocrx_word' id='word_1_261' title='bbox 3251 1738 3348 1808; x_wconf 81' lang='grc' dir='ltr'>τῆς</span> <span class='ocrx_word' id='word_1_262' title='bbox 3368 1739 3554 1804; x_wconf 86' lang='grc' dir='ltr'>ούσίας</span> <span class='ocrx_word' id='word_1_263' title='bbox 3575 1741 3710 1794; x_wconf 81' lang='grc' dir='ltr'>κατ-</span> 
     </span>
    </p>
   </div>
   <div class='ocr_carea' id='block_1_35' title="bbox 436 1825 2017 1903">
    <p class='ocr_par' dir='ltr' id='par_1_35' title="bbox 436 1825 2015 1902">
     <span class='ocr_line' id='line_1_35' title="bbox 436 1825 2015 1902; baseline -0.008 -9"><span class='ocrx_word' id='word_1_264' title='bbox 436 1835 900 1894; x_wconf 88' lang='lat' dir='ltr'><strong>multimemhrem</strong></span> <span class='ocrx_word' id='word_1_265' title='bbox 940 1831 960 1902; x_wconf 93' lang='lat'><strong>(</strong></span> <span class='ocrx_word' id='word_1_266' title='bbox 987 1841 1048 1888; x_wconf 91' lang='lat' dir='ltr'><strong>ut</strong></span> <span class='ocrx_word' id='word_1_267' title='bbox 1077 1831 1153 1886; x_wconf 88' lang='lat' dir='ltr'><strong>ita</strong></span> <span class='ocrx_word' id='word_1_268' title='bbox 1182 1829 1443 1898; x_wconf 80' lang='lat' dir='ltr'><strong>dixerim)</strong></span> <span class='ocrx_word' id='word_1_269' title='bbox 1476 1827 1849 1900; x_wconf 84' lang='lat' dir='ltr'><strong>imaginctur?</strong></span> <span class='ocrx_word' id='word_1_270' title='bbox 1879 1825 2015 1881; x_wconf 84' lang='lat' dir='ltr'><strong>Nam</strong></span> 
     </span>
    </p>
   </div>
   <div class='ocr_carea' id='block_1_36' title="bbox 2112 1825 3710 1903">
    <p class='ocr_par' dir='ltr' id='par_1_36' title="bbox 2119 1825 3710 1903">
     <span class='ocr_line' id='line_1_36' title="bbox 2119 1825 3710 1903; baseline 0 -19"><span class='ocrx_word' id='word_1_271' title='bbox 2119 1829 2434 1884; x_wconf 79' lang='grc' dir='ltr'>οπτεύσειεν</span> <span class='ocrx_word' id='word_1_272' title='bbox 2447 1825 2522 1903; x_wconf 80' lang='lat' dir='ltr'><strong>t</strong></span> <span class='ocrx_word' id='word_1_273' title='bbox 2545 1829 2607 1884; x_wconf 81' lang='grc' dir='ltr'>Ὀ</span> <span class='ocrx_word' id='word_1_274' title='bbox 2626 1849 2644 1883; x_wconf 75' lang='grc' dir='ltr'><strong>ι</strong></span> <span class='ocrx_word' id='word_1_275' title='bbox 2670 1831 2778 1903; x_wconf 79' lang='grc' dir='ltr'><strong>γάρ</strong></span> <span class='ocrx_word' id='word_1_276' title='bbox 2800 1849 2820 1882; x_wconf 91' lang='lat' dir='ltr'><strong>t</strong></span> <span class='ocrx_word' id='word_1_277' title='bbox 2839 1829 3051 1894; x_wconf 80' lang='grc' dir='ltr'>πλάσας</span> <span class='ocrx_word' id='word_1_278' title='bbox 3063 1830 3152 1884; x_wconf 83' lang='grc' dir='ltr'>τὸν</span> <span class='ocrx_word' id='word_1_279' title='bbox 3175 1830 3470 1900; x_wconf 74' lang='grc' dir='ltr'>ὀφθαλμὸν,</span> <span class='ocrx_word' id='word_1_280' title='bbox 3483 1845 3504 1882; x_wconf 70' lang='grc' dir='ltr'><strong>ι</strong></span> <span class='ocrx_word' id='word_1_281' title='bbox 3523 1829 3710 1895; x_wconf 70' lang='grc' dir='ltr'>καθώς</span> 
     </span>
    </p>
   </div>
   <div class='ocr_carea' id='block_1_37' title="bbox 441 1825 2017 2002">
    <p class='ocr_par' dir='ltr' id='par_1_37' title="bbox 441 1825 2017 1996">
     <span class='ocr_line' id='line_1_37' title="bbox 441 1825 2015 1902; baseline -0.008 -9"><span class='ocrx_word' id='word_1_282' title='bbox 441 1835 900 1894; x_wconf 88' lang='lat' dir='ltr'><strong>multimemhrem</strong></span> <span class='ocrx_word' id='word_1_283' title='bbox 940 1831 960 1902; x_wconf 93' lang='lat'><strong>(</strong></span> <span class='ocrx_word' id='word_1_284' title='bbox 987 1841 1048 1888; x_wconf 91' lang='lat' dir='ltr'><strong>ut</strong></span> <span class='ocrx_word' id='word_1_285' title='bbox 1077 1831 1153 1886; x_wconf 88' lang='lat' dir='ltr'><strong>ita</strong></span> <span class='ocrx_word' id='word_1_286' title='bbox 1182 1829 1443 1898; x_wconf 80' lang='lat' dir='ltr'><strong>dixerim)</strong></span> <span class='ocrx_word' id='word_1_287' title='bbox 1476 1827 1849 1900; x_wconf 84' lang='lat' dir='ltr'><strong>imaginctur?</strong></span> <span class='ocrx_word' id='word_1_288' title='bbox 1879 1825 2015 1881; x_wconf 84' lang='lat' dir='ltr'><strong>Nam</strong></span> 
     </span>
     <span class='ocr_line' id='line_1_38' title="bbox 441 1919 2017 1996; baseline -0.005 -16"><span class='ocrx_word' id='word_1_289' title='bbox 441 1949 460 1980; x_wconf 75' lang='grc' dir='ltr'><strong>ι</strong></span> <span class='ocrx_word' id='word_1_290' title='bbox 499 1927 603 1996; x_wconf 78' lang='lat' dir='ltr'><strong>Qui</strong></span> <span class='ocrx_word' id='word_1_291' title='bbox 631 1925 849 1982; x_wconf 90' lang='lat' dir='ltr'><strong>oculum</strong></span> <span class='ocrx_word' id='word_1_292' title='bbox 879 1923 1054 1988; x_wconf 78' lang='lat' dir='ltr'><strong>finxit,</strong></span> <span class='ocrx_word' id='word_1_293' title='bbox 1076 1941 1096 1975; x_wconf 71' lang='grc' dir='ltr'><strong>ι</strong></span> <span class='ocrx_word' id='word_1_294' title='bbox 1123 1923 1202 1976; x_wconf 88' lang='lat' dir='ltr'><strong>uti</strong></span> <span class='ocrx_word' id='word_1_295' title='bbox 1237 1919 1401 1977; x_wconf 80' lang='lat' dir='ltr'><strong>Vates</strong></span> <span class='ocrx_word' id='word_1_296' title='bbox 1423 1919 1668 1990; x_wconf 86' lang='lat' dir='ltr'><strong>loquitur</strong></span> <span class='ocrx_word' id='word_1_297' title='bbox 1693 1920 1761 1986; x_wconf 82' lang='lat'><strong>“,</strong></span> <span class='ocrx_word' id='word_1_298' title='bbox 1797 1937 1818 1972; x_wconf 79' lang='lat' dir='ltr'><strong>t</strong></span> <span class='ocrx_word' id='word_1_299' title='bbox 1843 1927 1898 1975; x_wconf 89' lang='lat' dir='ltr'><strong>et</strong></span> <span class='ocrx_word' id='word_1_300' title='bbox 1919 1935 2017 1973; x_wconf 88' lang='lat' dir='ltr'><strong>au-</strong></span> 
     </span>
    </p>
   </div>
   <div class='ocr_carea' id='block_1_38' title="bbox 2112 1825 3708 2002">
    <p class='ocr_par' dir='ltr' id='par_1_38' title="bbox 2119 1825 3708 2002">
     <span class='ocr_line' id='line_1_39' title="bbox 2119 1825 3708 2002; baseline 0 -118"><span class='ocrx_word' id='word_1_301' title='bbox 2119 1829 2434 1884; x_wconf 79' lang='grc' dir='ltr'>οπτεύσειεν</span> <span class='ocrx_word' id='word_1_302' title='bbox 2447 1825 2522 2002; x_wconf 80' lang='lat' dir='ltr'><strong>t</strong></span> <span class='ocrx_word' id='word_1_303' title='bbox 2545 1829 2607 1884; x_wconf 81' lang='grc' dir='ltr'>Ὀ</span> <span class='ocrx_word' id='word_1_304' title='bbox 2626 1849 2644 1883; x_wconf 75' lang='grc' dir='ltr'><strong>ι</strong></span> <span class='ocrx_word' id='word_1_305' title='bbox 2670 1831 2778 1903; x_wconf 79' lang='grc' dir='ltr'><strong>γάρ</strong></span> <span class='ocrx_word' id='word_1_306' title='bbox 2800 1849 2820 1882; x_wconf 91' lang='lat' dir='ltr'><strong>t</strong></span> <span class='ocrx_word' id='word_1_307' title='bbox 2839 1829 3051 1894; x_wconf 80' lang='grc' dir='ltr'>πλάσας</span> <span class='ocrx_word' id='word_1_308' title='bbox 3063 1830 3152 1884; x_wconf 83' lang='grc' dir='ltr'>τὸν</span> <span class='ocrx_word' id='word_1_309' title='bbox 3175 1830 3504 1900; x_wconf 69' lang='grc' dir='ltr'>ὀφθαλμὸν.»</span> <span class='ocrx_word' id='word_1_310' title='bbox 3523 1829 3708 1895; x_wconf 70' lang='grc' dir='ltr'>καθώς</span> 
     </span>
     <span class='ocr_line' id='line_1_40' title="bbox 2121 1917 3708 1997; baseline 0.001 -22"><span class='ocrx_word' id='word_1_311' title='bbox 2121 1939 2287 1994; x_wconf 84' lang='grc' dir='ltr'>φησιν</span> <span class='ocrx_word' id='word_1_312' title='bbox 2315 1922 2344 1975; x_wconf 97' lang='lat'><strong>6</strong></span> <span class='ocrx_word' id='word_1_313' title='bbox 2375 1923 2458 1997; x_wconf 89' lang='lat' dir='ltr'><strong>II9</strong></span> <span class='ocrx_word' id='word_1_314' title='bbox 2489 1923 2684 1995; x_wconf 82' lang='grc' dir='ltr'>φήτης,</span> <span class='ocrx_word' id='word_1_315' title='bbox 2705 1924 2800 1976; x_wconf 70' lang='grc' dir='ltr'>καὶ</span> <span class='ocrx_word' id='word_1_316' title='bbox 2840 1941 2857 1973; x_wconf 79' lang='grc' dir='ltr'><strong>ι</strong></span> <span class='ocrx_word' id='word_1_317' title='bbox 2877 1923 2904 1974; x_wconf 92' lang='grc' dir='ltr'><strong>ό</strong></span> <span class='ocrx_word' id='word_1_318' title='bbox 2935 1921 3208 1994; x_wconf 66' lang='grc' dir='ltr'>φυτεύσας</span> <span class='ocrx_word' id='word_1_319' title='bbox 3232 1921 3294 1975; x_wconf 85' lang='grc' dir='ltr'><strong>τὺ</strong></span> <span class='ocrx_word' id='word_1_320' title='bbox 3319 1917 3464 1986; x_wconf 74' lang='grc' dir='ltr'>οὗς,ι</span> <span class='ocrx_word' id='word_1_321' title='bbox 3485 1923 3620 1994; x_wconf 78' lang='grc' dir='ltr'>πρὸς</span> <span class='ocrx_word' id='word_1_322' title='bbox 3635 1925 3708 1977; x_wconf 77' lang='grc' dir='ltr'><strong>τά</strong></span> 
     </span>
    </p>
   </div>
   <div class='ocr_carea' id='block_1_39' title="bbox 435 2009 2017 2089">
    <p class='ocr_par' dir='ltr' id='par_1_39' title="bbox 435 2010 2017 2089">
     <span class='ocr_line' id='line_1_41' title="bbox 435 2010 2017 2089; baseline -0.008 -13"><span class='ocrx_word' id='word_1_323' title='bbox 435 2033 551 2076; x_wconf 87' lang='lat' dir='ltr'><strong>rem</strong></span> <span class='ocrx_word' id='word_1_324' title='bbox 587 2015 874 2089; x_wconf 84' lang='lat' dir='ltr'><strong>plantavit,</strong></span> <span class='ocrx_word' id='word_1_325' title='bbox 905 2031 924 2064; x_wconf 73' lang='grc' dir='ltr'><strong>ι</strong></span> <span class='ocrx_word' id='word_1_326' title='bbox 965 2011 1256 2067; x_wconf 83' lang='lat' dir='ltr'><strong>facultates</strong></span> <span class='ocrx_word' id='word_1_327' title='bbox 1313 2010 1478 2064; x_wconf 83' lang='lat' dir='ltr'><strong>hasce</strong></span> <span class='ocrx_word' id='word_1_328' title='bbox 1535 2017 1794 2078; x_wconf 86' lang='lat' dir='ltr'><strong>tanquam</strong></span> <span class='ocrx_word' id='word_1_329' title='bbox 1858 2016 2017 2064; x_wconf 91' lang='lat' dir='ltr'><strong>notas</strong></span> 
     </span>
    </p>
   </div>
   <div class='ocr_carea' id='block_1_40' title="bbox 2112 2009 3710 2089">
    <p class='ocr_par' dir='ltr' id='par_1_40' title="bbox 2121 2009 3710 2086">
     <span class='ocr_line' id='line_1_42' title="bbox 2121 2009 3710 2086; baseline 0.003 -20"><span class='ocrx_word' id='word_1_330' title='bbox 2121 2015 2179 2066; x_wconf 77' lang='grc' dir='ltr'><strong>ἐν</strong></span> <span class='ocrx_word' id='word_1_331' title='bbox 2208 2015 2358 2086; x_wconf 83' lang='grc' dir='ltr'>αὐτῷ</span> <span class='ocrx_word' id='word_1_332' title='bbox 2389 2013 2808 2086; x_wconf 83' lang='grc' dir='ltr'>παραδείγματα</span> <span class='ocrx_word' id='word_1_333' title='bbox 2829 2015 2927 2077; x_wconf 82' lang='grc' dir='ltr'>τὰς</span> <span class='ocrx_word' id='word_1_334' title='bbox 2957 2013 3236 2083; x_wconf 75' lang='grc' dir='ltr'>ἐνεργείας</span> <span class='ocrx_word' id='word_1_335' title='bbox 3259 2014 3462 2078; x_wconf 79' lang='grc' dir='ltr'>ταύτας</span> <span class='ocrx_word' id='word_1_336' title='bbox 3489 2009 3602 2069; x_wconf 66' lang='grc' dir='ltr'>οἷόν</span> <span class='ocrx_word' id='word_1_337' title='bbox 3623 2029 3710 2070; x_wconf 66' lang='grc' dir='ltr'><strong>’τιὁ</strong></span> 
     </span>
    </p>
   </div>
   <div class='ocr_carea' id='block_1_41' title="bbox 435 2101 2017 2184">
    <p class='ocr_par' dir='ltr' id='par_1_41' title="bbox 435 2102 2017 2184">
     <span class='ocr_line' id='line_1_43' title="bbox 435 2102 2017 2184; baseline -0.008 -17"><span class='ocrx_word' id='word_1_338' title='bbox 435 2113 700 2184; x_wconf 87' lang='lat' dir='ltr'><strong>quasdam</strong></span> <span class='ocrx_word' id='word_1_339' title='bbox 729 2107 796 2163; x_wconf 91' lang='lat' dir='ltr'><strong>de</strong></span> <span class='ocrx_word' id='word_1_340' title='bbox 817 2107 1020 2177; x_wconf 85' lang='lat' dir='ltr'><strong>quibus</strong></span> <span class='ocrx_word' id='word_1_341' title='bbox 1041 2105 1169 2161; x_wconf 89' lang='lat' dir='ltr'><strong>facti</strong></span> <span class='ocrx_word' id='word_1_342' title='bbox 1203 2104 1270 2158; x_wconf 87' lang='lat' dir='ltr'><strong>ad</strong></span> <span class='ocrx_word' id='word_1_343' title='bbox 1300 2105 1478 2174; x_wconf 87' lang='lat' dir='ltr'><strong>ipsius</strong></span> <span class='ocrx_word' id='word_1_344' title='bbox 1507 2102 1814 2172; x_wconf 73' lang='lat' dir='ltr'><strong>exemplum</strong></span> <span class='ocrx_word' id='word_1_345' title='bbox 1845 2115 2017 2172; x_wconf 87' lang='lat' dir='ltr'><strong>agno-</strong></span> 
     </span>
    </p>
   </div>
   <div class='ocr_carea' id='block_1_42' title="bbox 2112 2101 3706 2184">
    <p class='ocr_par' dir='ltr' id='par_1_42' title="bbox 2112 2101 3706 2178">
     <span class='ocr_line' id='line_1_44' title="bbox 2112 2101 3706 2178; baseline 0 -20"><span class='ocrx_word' id='word_1_346' title='bbox 2112 2101 2218 2170; x_wconf 56' lang='lat' dir='ltr'><strong>7w;</strong></span> <span class='ocrx_word' id='word_1_347' title='bbox 2233 2105 2626 2178; x_wconf 78' lang='grc' dir='ltr'>γνωριστικοὺς</span> <span class='ocrx_word' id='word_1_348' title='bbox 2643 2105 2996 2178; x_wconf 79' lang='grc' dir='ltr'>χαρακτῆρας</span> <span class='ocrx_word' id='word_1_349' title='bbox 3009 2107 3076 2177; x_wconf 80' lang='grc' dir='ltr'>τῇ</span> <span class='ocrx_word' id='word_1_350' title='bbox 3099 2106 3258 2176; x_wconf 84' lang='grc' dir='ltr'>φύσει</span> <span class='ocrx_word' id='word_1_351' title='bbox 3277 2105 3386 2159; x_wconf 79' lang='grc' dir='ltr'>τῶν</span> <span class='ocrx_word' id='word_1_352' title='bbox 3403 2105 3498 2159; x_wconf 83' lang='grc' dir='ltr'>ἀνθ</span> <span class='ocrx_word' id='word_1_353' title='bbox 3507 2104 3706 2178; x_wconf 71' lang='grc' dir='ltr'>ρὼταυν</span> 
     </span>
    </p>
   </div>
   <div class='ocr_carea' id='block_1_43' title="bbox 436 2192 2017 2268">
    <p class='ocr_par' dir='ltr' id='par_1_43' title="bbox 436 2192 2017 2266">
     <span class='ocr_line' id='line_1_45' title="bbox 436 2192 2017 2266; baseline -0.008 -6"><span class='ocrx_word' id='word_1_354' title='bbox 436 2217 738 2262; x_wconf 84' lang='lat' dir='ltr'><strong>sceremur.</strong></span> <span class='ocrx_word' id='word_1_355' title='bbox 772 2199 1054 2254; x_wconf 84' lang='lat' dir='ltr'><strong>hominum</strong></span> <span class='ocrx_word' id='word_1_356' title='bbox 1089 2205 1300 2251; x_wconf 65' lang='lat' dir='ltr'><strong>natura:</strong></span> <span class='ocrx_word' id='word_1_357' title='bbox 1344 2195 1648 2266; x_wconf 85' lang='lat' dir='ltr'><strong>impressit.</strong></span> <span class='ocrx_word' id='word_1_358' title='bbox 1687 2192 1898 2248; x_wconf 85' lang='lat' dir='ltr'><strong>Idcirco</strong></span> <span class='ocrx_word' id='word_1_359' title='bbox 1929 2193 2017 2248; x_wconf 88' lang='lat' dir='ltr'><strong>in—</strong></span> 
     </span>
    </p>
   </div>
   <div class='ocr_carea' id='block_1_44' title="bbox 2112 2192 3710 2268">
    <p class='ocr_par' dir='ltr' id='par_1_44' title="bbox 2119 2194 3710 2268">
     <span class='ocr_line' id='line_1_46' title="bbox 2119 2194 3710 2268; baseline 0.001 -20"><span class='ocrx_word' id='word_1_360' title='bbox 2119 2197 2512 2267; x_wconf 78' lang='grc' dir='ltr'>ὲνεσημήνατο.</span> <span class='ocrx_word' id='word_1_361' title='bbox 2543 2215 2563 2248; x_wconf 73' lang='grc' dir='ltr'>ί</span> <span class='ocrx_word' id='word_1_362' title='bbox 2589 2195 2910 2266; x_wconf 78' lang='grc' dir='ltr'>Ποιήσωμεν</span> <span class='ocrx_word' id='word_1_363' title='bbox 2932 2214 2951 2248; x_wconf 73' lang='grc' dir='ltr'><strong>ι</strong></span> <span class='ocrx_word' id='word_1_364' title='bbox 2981 2194 3114 2267; x_wconf 81' lang='grc' dir='ltr'>γὰρ,</span> <span class='ocrx_word' id='word_1_365' title='bbox 3155 2195 3342 2266; x_wconf 77' lang='grc' dir='ltr'>φησὶν,</span> <span class='ocrx_word' id='word_1_366' title='bbox 3380 2215 3398 2247; x_wconf 80' lang='lat' dir='ltr'><strong>t</strong></span> <span class='ocrx_word' id='word_1_367' title='bbox 3416 2194 3710 2268; x_wconf 71' lang='grc' dir='ltr'>ἄνθρωπον</span> 
     </span>
    </p>
   </div>
   <div class='ocr_carea' id='block_1_45' title="bbox 435 2285 2017 2369">
    <p class='ocr_par' dir='ltr' id='par_1_45' title="bbox 435 2285 2012 2369">
     <span class='ocr_line' id='line_1_47' title="bbox 435 2285 2012 2369; baseline -0.01 -17"><span class='ocrx_word' id='word_1_368' title='bbox 435 2298 556 2369; x_wconf 88' lang='lat' dir='ltr'><strong>quit</strong></span> <span class='ocrx_word' id='word_1_369' title='bbox 583 2316 598 2351; x_wconf 88' lang='lat'><strong>:</strong></span> <span class='ocrx_word' id='word_1_370' title='bbox 629 2316 646 2347; x_wconf 82' lang='grc' dir='ltr'>σ</span> <span class='ocrx_word' id='word_1_371' title='bbox 665 2291 954 2348; x_wconf 79' lang='lat' dir='ltr'><strong>Faciamus</strong></span> <span class='ocrx_word' id='word_1_372' title='bbox 984 2289 1258 2345; x_wconf 85' lang='lat' dir='ltr'><strong>hominem</strong></span> <span class='ocrx_word' id='word_1_373' title='bbox 1289 2287 1354 2342; x_wconf 88' lang='lat' dir='ltr'><strong>ad</strong></span> <span class='ocrx_word' id='word_1_374' title='bbox 1373 2285 1664 2358; x_wconf 72' lang='lat' dir='ltr'><strong>imaginem</strong></span> <span class='ocrx_word' id='word_1_375' title='bbox 1693 2296 1961 2340; x_wconf 86' lang='lat' dir='ltr'><strong>nostram.</strong></span> <span class='ocrx_word' id='word_1_376' title='bbox 1992 2303 2012 2337; x_wconf 72' lang='grc' dir='ltr'><strong>ι</strong></span> 
     </span>
    </p>
   </div>
   <div class='ocr_carea' id='block_1_46' title="bbox 2112 2285 3704 2369">
    <p class='ocr_par' dir='ltr' id='par_1_46' title="bbox 2123 2286 3704 2361">
     <span class='ocr_line' id='line_1_48' title="bbox 2123 2286 3704 2361; baseline 0.002 -20"><span class='ocrx_word' id='word_1_377' title='bbox 2123 2289 2246 2341; x_wconf 81' lang='grc' dir='ltr'>κατ’</span> <span class='ocrx_word' id='word_1_378' title='bbox 2273 2289 2459 2342; x_wconf 85' lang='grc' dir='ltr'>εἰκόνα</span> <span class='ocrx_word' id='word_1_379' title='bbox 2481 2287 2811 2360; x_wconf 73' lang='grc' dir='ltr'>ἡμετέραν.»</span> <span class='ocrx_word' id='word_1_380' title='bbox 2847 2286 3007 2342; x_wconf 81' lang='grc' dir='ltr'>’Δλλά</span> <span class='ocrx_word' id='word_1_381' title='bbox 3033 2286 3138 2341; x_wconf 78' lang='grc' dir='ltr'>ποῦ</span> <span class='ocrx_word' id='word_1_382' title='bbox 3165 2305 3252 2360; x_wconf 86' lang='grc' dir='ltr'><strong>μοι</strong></span> <span class='ocrx_word' id='word_1_383' title='bbox 3277 2289 3386 2342; x_wconf 83' lang='grc' dir='ltr'><strong>τῶν</strong></span> <span class='ocrx_word' id='word_1_384' title='bbox 3409 2290 3704 2361; x_wconf 78' lang='grc' dir='ltr'>Ἀνομοίων</span> 
     </span>
    </p>
   </div>
   <div class='ocr_carea' id='block_1_47' title="bbox 438 2376 2017 2456">
    <p class='ocr_par' dir='ltr' id='par_1_47' title="bbox 438 2376 2017 2450">
     <span class='ocr_line' id='line_1_49' title="bbox 438 2376 2017 2450; baseline -0.011 -4"><span class='ocrx_word' id='word_1_385' title='bbox 438 2387 544 2446; x_wconf 87' lang='lat' dir='ltr'><strong>Sed</strong></span> <span class='ocrx_word' id='word_1_386' title='bbox 573 2387 666 2443; x_wconf 87' lang='lat' dir='ltr'><strong>ubi</strong></span> <span class='ocrx_word' id='word_1_387' title='bbox 707 2385 867 2440; x_wconf 84' lang='lat' dir='ltr'><strong>nobis</strong></span> <span class='ocrx_word' id='word_1_388' title='bbox 898 2381 1184 2438; x_wconf 72' lang='lat' dir='ltr'><strong>Anommi?</strong></span> <span class='ocrx_word' id='word_1_389' title='bbox 1229 2379 1360 2450; x_wconf 91' lang='lat' dir='ltr'><strong>quid</strong></span> <span class='ocrx_word' id='word_1_390' title='bbox 1405 2378 1470 2432; x_wconf 92' lang='lat' dir='ltr'><strong>ad</strong></span> <span class='ocrx_word' id='word_1_391' title='bbox 1511 2379 1626 2432; x_wconf 58' lang='lat' dir='ltr'><strong>hac</strong></span> <span class='ocrx_word' id='word_1_392' title='bbox 1671 2376 1890 2433; x_wconf 88' lang='lat' dir='ltr'><strong>tandem</strong></span> <span class='ocrx_word' id='word_1_393' title='bbox 1929 2377 2017 2430; x_wconf 87' lang='lat' dir='ltr'><strong>di-</strong></span> 
     </span>
    </p>
   </div>
   <div class='ocr_carea' id='block_1_48' title="bbox 2112 2376 3705 2456">
    <p class='ocr_par' dir='ltr' id='par_1_48' title="bbox 2119 2379 3705 2456">
     <span class='ocr_line' id='line_1_50' title="bbox 2119 2379 3705 2456; baseline 0.002 -22"><span class='ocrx_word' id='word_1_394' title='bbox 2119 2381 2154 2452; x_wconf 81' lang='grc' dir='ltr'><strong>ή</strong></span> <span class='ocrx_word' id='word_1_395' title='bbox 2181 2381 2425 2453; x_wconf 83' lang='grc' dir='ltr'>αἴρεσις;</span> <span class='ocrx_word' id='word_1_396' title='bbox 2471 2379 2524 2433; x_wconf 82' lang='grc' dir='ltr'><strong>τί</strong></span> <span class='ocrx_word' id='word_1_397' title='bbox 2553 2380 2689 2452; x_wconf 78' lang='grc' dir='ltr'>πρὸς</span> <span class='ocrx_word' id='word_1_398' title='bbox 2713 2380 2812 2452; x_wconf 83' lang='grc' dir='ltr'><strong>τὴν</strong></span> <span class='ocrx_word' id='word_1_399' title='bbox 2832 2381 3086 2453; x_wconf 82' lang='grc' dir='ltr'>τοιαύτην</span> <span class='ocrx_word' id='word_1_400' title='bbox 3119 2380 3304 2454; x_wconf 70' lang='grc' dir='ltr'>ἐροῦσι</span> <span class='ocrx_word' id='word_1_401' title='bbox 3336 2385 3551 2456; x_wconf 61' lang='grc' dir='ltr'>φίννήη</span> <span class='ocrx_word' id='word_1_402' title='bbox 3583 2385 3705 2450; x_wconf 80' lang='grc' dir='ltr'><strong>πῶς</strong></span> 
     </span>
    </p>
   </div>
   <div class='ocr_carea' id='block_1_49' title="bbox 439 2465 2017 2546">
    <p class='ocr_par' dir='ltr' id='par_1_49' title="bbox 439 2465 2017 2546">
     <span class='ocr_line' id='line_1_51' title="bbox 439 2465 2017 2546; baseline -0.009 -10"><span class='ocrx_word' id='word_1_403' title='bbox 439 2481 584 2536; x_wconf 87' lang='lat' dir='ltr'><strong>cturi</strong></span> <span class='ocrx_word' id='word_1_404' title='bbox 613 2484 744 2533; x_wconf 86' lang='lat' dir='ltr'><strong>sunt</strong></span> <span class='ocrx_word' id='word_1_405' title='bbox 763 2477 788 2529; x_wconf 72' lang='grc' dir='ltr'>’ί</span> <span class='ocrx_word' id='word_1_406' title='bbox 807 2489 918 2546; x_wconf 91' lang='lat' dir='ltr'><strong>quo</strong></span> <span class='ocrx_word' id='word_1_407' title='bbox 940 2481 1101 2544; x_wconf 89' lang='lat' dir='ltr'><strong>pacto</strong></span> <span class='ocrx_word' id='word_1_408' title='bbox 1131 2471 1394 2526; x_wconf 81' lang='lat' dir='ltr'><strong>adversus</strong></span> <span class='ocrx_word' id='word_1_409' title='bbox 1419 2484 1482 2524; x_wconf 89' lang='lat' dir='ltr'><strong>ea</strong></span> <span class='ocrx_word' id='word_1_410' title='bbox 1498 2484 1620 2540; x_wconf 66' lang='lat' dir='ltr'><strong>qum</strong></span> <span class='ocrx_word' id='word_1_411' title='bbox 1641 2465 1841 2524; x_wconf 85' lang='lat' dir='ltr'><strong>tradita</strong></span> <span class='ocrx_word' id='word_1_412' title='bbox 1869 2483 1898 2523; x_wconf 87' lang='lat' dir='ltr'><strong>a</strong></span> <span class='ocrx_word' id='word_1_413' title='bbox 1921 2482 2017 2523; x_wconf 86' lang='lat' dir='ltr'><strong>no-</strong></span> 
     </span>
    </p>
   </div>
   <div class='ocr_carea' id='block_1_50' title="bbox 2112 2465 3704 2546">
    <p class='ocr_par' dir='ltr' id='par_1_50' title="bbox 2125 2471 3704 2546">
     <span class='ocr_line' id='line_1_52' title="bbox 2125 2471 3704 2546; baseline 0.001 -20"><span class='ocrx_word' id='word_1_414' title='bbox 2125 2471 2486 2528; x_wconf 87' lang='grc' dir='ltr'>διασώσουσιν</span> <span class='ocrx_word' id='word_1_415' title='bbox 2517 2473 2576 2526; x_wconf 78' lang='grc' dir='ltr'><strong>ὲν</strong></span> <span class='ocrx_word' id='word_1_416' title='bbox 2599 2473 2714 2536; x_wconf 84' lang='grc' dir='ltr'>τοῖς</span> <span class='ocrx_word' id='word_1_417' title='bbox 2751 2473 3062 2546; x_wconf 76' lang='grc' dir='ltr'>εἰρημένοις</span> <span class='ocrx_word' id='word_1_418' title='bbox 3089 2473 3182 2528; x_wconf 82' lang='grc' dir='ltr'>τοῦ</span> <span class='ocrx_word' id='word_1_419' title='bbox 3217 2475 3486 2546; x_wconf 86' lang='grc' dir='ltr'>δόγματος</span> <span class='ocrx_word' id='word_1_420' title='bbox 3521 2475 3704 2531; x_wconf 75' lang='grc' dir='ltr'>αὐτῶν</span> 
     </span>
    </p>
   </div>
   <div class='ocr_carea' id='block_1_51' title="bbox 435 2557 2017 2638">
    <p class='ocr_par' dir='ltr' id='par_1_51' title="bbox 435 2557 2017 2634">
     <span class='ocr_line' id='line_1_53' title="bbox 435 2557 2017 2634; baseline -0.008 -9"><span class='ocrx_word' id='word_1_421' title='bbox 435 2570 523 2626; x_wconf 84' lang='lat' dir='ltr'><strong>his</strong></span> <span class='ocrx_word' id='word_1_422' title='bbox 553 2575 703 2634; x_wconf 90' lang='lat' dir='ltr'><strong>sunt,</strong></span> <span class='ocrx_word' id='word_1_423' title='bbox 750 2565 1056 2621; x_wconf 87' lang='lat' dir='ltr'><strong>doctrinam</strong></span> <span class='ocrx_word' id='word_1_424' title='bbox 1105 2577 1262 2619; x_wconf 89' lang='lat' dir='ltr'><strong>suam</strong></span> <span class='ocrx_word' id='word_1_425' title='bbox 1313 2559 1615 2616; x_wconf 84' lang='lat' dir='ltr'><strong>absurdam</strong></span> <span class='ocrx_word' id='word_1_426' title='bbox 1679 2557 2017 2614; x_wconf 80' lang='lat' dir='ltr'><strong>tuebuntur?</strong></span> 
     </span>
    </p>
   </div>
   <div class='ocr_carea' id='block_1_52' title="bbox 2112 2557 3702 2638">
    <p class='ocr_par' dir='ltr' id='par_1_52' title="bbox 2117 2559 3702 2638">
     <span class='ocr_line' id='line_1_54' title="bbox 2117 2559 3702 2638; baseline 0.005 -23"><span class='ocrx_word' id='word_1_427' title='bbox 2117 2563 2217 2636; x_wconf 79' lang='grc' dir='ltr'><strong>τὴν</strong></span> <span class='ocrx_word' id='word_1_428' title='bbox 2249 2564 2552 2636; x_wconf 73' lang='grc' dir='ltr'>κενότητας</span> <span class='ocrx_word' id='word_1_429' title='bbox 2581 2559 2691 2636; x_wconf 85' lang='grc' dir='ltr'>ἆρα</span> <span class='ocrx_word' id='word_1_430' title='bbox 2720 2563 2946 2618; x_wconf 81' lang='grc' dir='ltr'>δυνατὸν</span> <span class='ocrx_word' id='word_1_431' title='bbox 2976 2561 3117 2619; x_wconf 74' lang='grc' dir='ltr'>εἷναι</span> <span class='ocrx_word' id='word_1_432' title='bbox 3158 2567 3392 2638; x_wconf 81' lang='grc' dir='ltr'>φήσουσι</span> <span class='ocrx_word' id='word_1_433' title='bbox 3415 2593 3433 2630; x_wconf 69' lang='grc' dir='ltr'>δ</span> <span class='ocrx_word' id='word_1_434' title='bbox 3466 2567 3598 2638; x_wconf 86' lang='grc' dir='ltr'>μίαν</span> <span class='ocrx_word' id='word_1_435' title='bbox 3621 2571 3702 2622; x_wconf 85' lang='grc' dir='ltr'>εί-</span> 
     </span>
    </p>
   </div>
   <div class='ocr_carea' id='block_1_53' title="bbox 439 2653 2017 2731">
    <p class='ocr_par' dir='ltr' id='par_1_53' title="bbox 439 2653 2016 2729">
     <span class='ocr_line' id='line_1_55' title="bbox 439 2653 2016 2729; baseline -0.006 -11"><span class='ocrx_word' id='word_1_436' title='bbox 439 2664 672 2718; x_wconf 86' lang='lat' dir='ltr'><strong>hoccine</strong></span> <span class='ocrx_word' id='word_1_437' title='bbox 701 2661 913 2716; x_wconf 83' lang='lat' dir='ltr'><strong>scilicet</strong></span> <span class='ocrx_word' id='word_1_438' title='bbox 943 2655 1376 2729; x_wconf 84' lang='lat' dir='ltr'><strong>respondebunt,</strong></span> <span class='ocrx_word' id='word_1_439' title='bbox 1425 2653 1540 2709; x_wconf 79' lang='lat' dir='ltr'><strong>fieri</strong></span> <span class='ocrx_word' id='word_1_440' title='bbox 1589 2667 1756 2724; x_wconf 84' lang='lat' dir='ltr'><strong>posse</strong></span> <span class='ocrx_word' id='word_1_441' title='bbox 1791 2663 1854 2707; x_wconf 91' lang='lat' dir='ltr'><strong>ut</strong></span> <span class='ocrx_word' id='word_1_442' title='bbox 1907 2667 2016 2708; x_wconf 87' lang='lat' dir='ltr'><strong>una</strong></span> 
     </span>
    </p>
   </div>
   <div class='ocr_carea' id='block_1_54' title="bbox 2112 2653 3702 2731">
    <p class='ocr_par' dir='ltr' id='par_1_54' title="bbox 2117 2655 3702 2731">
     <span class='ocr_line' id='line_1_56' title="bbox 2117 2655 3702 2731; baseline 0.003 -21"><span class='ocrx_word' id='word_1_443' title='bbox 2117 2657 2252 2710; x_wconf 85' lang='grc' dir='ltr'>κόνα</span> <span class='ocrx_word' id='word_1_444' title='bbox 2297 2655 2578 2729; x_wconf 79' lang='grc' dir='ltr'>διαφόροις</span> <span class='ocrx_word' id='word_1_445' title='bbox 2625 2656 2957 2728; x_wconf 79' lang='grc' dir='ltr'>ὁμοιωθῆναι</span> <span class='ocrx_word' id='word_1_446' title='bbox 3003 2659 3273 2729; x_wconf 83' lang='grc' dir='ltr'>μορφαῖ;;</span> <span class='ocrx_word' id='word_1_447' title='bbox 3329 2659 3391 2712; x_wconf 79' lang='lat' dir='ltr'><strong>El</strong></span> <span class='ocrx_word' id='word_1_448' title='bbox 3439 2660 3702 2731; x_wconf 80' lang='grc' dir='ltr'>ἀνόμοιος</span> 
     </span>
    </p>
   </div>
   <div class='ocr_carea' id='block_1_55' title="bbox 435 2742 2017 2825">
    <p class='ocr_par' dir='ltr' id='par_1_55' title="bbox 435 2742 2017 2825">
     <span class='ocr_line' id='line_1_57' title="bbox 435 2742 2017 2825; baseline -0.008 -15"><span class='ocrx_word' id='word_1_449' title='bbox 435 2755 736 2825; x_wconf 84' lang='lat' dir='ltr'><strong>eademque</strong></span> <span class='ocrx_word' id='word_1_450' title='bbox 793 2751 974 2822; x_wconf 85' lang='lat' dir='ltr'><strong>imago</strong></span> <span class='ocrx_word' id='word_1_451' title='bbox 1023 2748 1218 2804; x_wconf 89' lang='lat' dir='ltr'><strong>formis</strong></span> <span class='ocrx_word' id='word_1_452' title='bbox 1267 2745 1504 2802; x_wconf 86' lang='lat' dir='ltr'><strong>diversis</strong></span> <span class='ocrx_word' id='word_1_453' title='bbox 1543 2742 2017 2816; x_wconf 79' lang='lat' dir='ltr'><strong>respondeat?At</strong></span> 
     </span>
    </p>
   </div>
   <div class='ocr_carea' id='block_1_56' title="bbox 2112 2742 3702 2825">
    <p class='ocr_par' dir='ltr' id='par_1_56' title="bbox 2118 2747 3702 2821">
     <span class='ocr_line' id='line_1_58' title="bbox 2118 2747 3702 2821; baseline 0.001 -18"><span class='ocrx_word' id='word_1_454' title='bbox 2118 2749 2260 2804; x_wconf 82' lang='grc' dir='ltr'>κατὰ</span> <span class='ocrx_word' id='word_1_455' title='bbox 2300 2749 2398 2820; x_wconf 78' lang='grc' dir='ltr'>τὴν</span> <span class='ocrx_word' id='word_1_456' title='bbox 2436 2748 2596 2818; x_wconf 79' lang='grc' dir='ltr'>φύσιν</span> <span class='ocrx_word' id='word_1_457' title='bbox 2633 2747 2714 2820; x_wconf 84' lang='grc' dir='ltr'>τῷ</span> <span class='ocrx_word' id='word_1_458' title='bbox 2751 2749 2929 2820; x_wconf 71' lang='grc' dir='ltr'>Πατρὶ</span> <span class='ocrx_word' id='word_1_459' title='bbox 2959 2749 2988 2801; x_wconf 87' lang='lat'><strong>6</strong></span> <span class='ocrx_word' id='word_1_460' title='bbox 3025 2749 3170 2812; x_wconf 81' lang='grc' dir='ltr'>Υἱὸς,</span> <span class='ocrx_word' id='word_1_461' title='bbox 3213 2750 3332 2813; x_wconf 83' lang='grc' dir='ltr'>πῶς</span> <span class='ocrx_word' id='word_1_462' title='bbox 3364 2750 3494 2821; x_wconf 84' lang='grc' dir='ltr'>μίαν</span> <span class='ocrx_word' id='word_1_463' title='bbox 3533 2769 3702 2806; x_wconf 87' lang='grc' dir='ltr'>κατα-</span> 
     </span>
    </p>
   </div>
   <div class='ocr_carea' id='block_1_57' title="bbox 435 2833 2017 2906">
    <p class='ocr_par' dir='ltr' id='par_1_57' title="bbox 435 2833 2017 2906">
     <span class='ocr_line' id='line_1_59' title="bbox 435 2833 2017 2906; baseline -0.012 0"><span class='ocrx_word' id='word_1_464' title='bbox 435 2863 570 2906; x_wconf 87' lang='lat' dir='ltr'><strong>vero</strong></span> <span class='ocrx_word' id='word_1_465' title='bbox 607 2845 653 2903; x_wconf 89' lang='lat' dir='ltr'><strong>si</strong></span> <span class='ocrx_word' id='word_1_466' title='bbox 683 2855 881 2901; x_wconf 87' lang='lat' dir='ltr'><strong>natura</strong></span> <span class='ocrx_word' id='word_1_467' title='bbox 915 2841 1062 2897; x_wconf 80' lang='lat' dir='ltr'><strong>Patri</strong></span> <span class='ocrx_word' id='word_1_468' title='bbox 1087 2839 1373 2896; x_wconf 86' lang='lat' dir='ltr'><strong>dissimilis</strong></span> <span class='ocrx_word' id='word_1_469' title='bbox 1403 2845 1489 2892; x_wconf 87' lang='lat' dir='ltr'><strong>est</strong></span> <span class='ocrx_word' id='word_1_470' title='bbox 1517 2833 1715 2899; x_wconf 81' lang='lat' dir='ltr'><strong>Filius,</strong></span> <span class='ocrx_word' id='word_1_471' title='bbox 1739 2834 2017 2906; x_wconf 87' lang='lat' dir='ltr'><strong>quomodo</strong></span> 
     </span>
    </p>
   </div>
   <div class='ocr_carea' id='block_1_58' title="bbox 437 2927 2017 3001">
    <p class='ocr_par' dir='ltr' id='par_1_58' title="bbox 437 2927 2017 3001">
     <span class='ocr_line' id='line_1_60' title="bbox 437 2927 2017 3001; baseline -0.009 -5"><span class='ocrx_word' id='word_1_472' title='bbox 437 2951 760 2997; x_wconf 79' lang='lat' dir='ltr'><strong>naturarum</strong></span> <span class='ocrx_word' id='word_1_473' title='bbox 811 2937 1152 2994; x_wconf 87' lang='lat' dir='ltr'><strong>diversarum</strong></span> <span class='ocrx_word' id='word_1_474' title='bbox 1186 2932 1378 2990; x_wconf 86' lang='lat' dir='ltr'><strong>eadem</strong></span> <span class='ocrx_word' id='word_1_475' title='bbox 1437 2929 1630 2986; x_wconf 80' lang='lat' dir='ltr'><strong>effecta</strong></span> <span class='ocrx_word' id='word_1_476' title='bbox 1683 2929 1864 3001; x_wconf 89' lang='lat' dir='ltr'><strong>imago</strong></span> <span class='ocrx_word' id='word_1_477' title='bbox 1899 2927 2017 2985; x_wconf 71' lang='lat' dir='ltr'><strong>est?</strong></span> 
     </span>
    </p>
   </div>
   <div class='ocr_carea' id='block_1_59' title="bbox 2119 2833 3692 2916">
    <p class='ocr_par' dir='ltr' id='par_1_59' title="bbox 2119 2833 3692 2916">
     <span class='ocr_line' id='line_1_61' title="bbox 2119 2833 3692 2916; baseline 0.004 -22"><span class='ocrx_word' id='word_1_478' title='bbox 2119 2841 2370 2906; x_wconf 73' lang='grc' dir='ltr'>σκευάζει</span> <span class='ocrx_word' id='word_1_479' title='bbox 2393 2841 2502 2894; x_wconf 85' lang='grc' dir='ltr'><strong>τῶν</strong></span> <span class='ocrx_word' id='word_1_480' title='bbox 2527 2841 2797 2911; x_wconf 85' lang='grc' dir='ltr'>διαφόρων</span> <span class='ocrx_word' id='word_1_481' title='bbox 2825 2839 3041 2911; x_wconf 80' lang='grc' dir='ltr'>φύσεων</span> <span class='ocrx_word' id='word_1_482' title='bbox 3071 2842 3171 2912; x_wconf 81' lang='grc' dir='ltr'><strong>τὴν</strong></span> <span class='ocrx_word' id='word_1_483' title='bbox 3202 2843 3422 2908; x_wconf 75' lang='grc' dir='ltr'>εἰκόνας</span> <span class='ocrx_word' id='word_1_484' title='bbox 3465 2833 3528 2897; x_wconf 63' lang='grc'><strong>⁵0</strong></span> <span class='ocrx_word' id='word_1_485' title='bbox 3558 2845 3692 2916; x_wconf 79' lang='grc' dir='ltr'>γάρ.</span> 
     </span>
    </p>
   </div>
   <div class='ocr_carea' id='block_1_60' title="bbox 2124 2931 3698 3008">
    <p class='ocr_par' dir='ltr' id='par_1_60' title="bbox 2124 2931 3698 3008">
     <span class='ocr_line' id='line_1_62' title="bbox 2124 2931 3698 3008; baseline 0.003 -22"><span class='ocrx_word' id='word_1_486' title='bbox 2124 2953 2140 2986; x_wconf 79' lang='grc' dir='ltr'><strong>ι</strong></span> <span class='ocrx_word' id='word_1_487' title='bbox 2171 2935 2490 3005; x_wconf 76' lang='grc' dir='ltr'>Ποιήσωμεν</span> <span class='ocrx_word' id='word_1_488' title='bbox 2502 2931 3428 3008; x_wconf 75' lang='grc' dir='ltr'>άνθρωπονκατ⁹εικόναήμετέραν,</span> <span class='ocrx_word' id='word_1_489' title='bbox 3455 2954 3475 2988; x_wconf 71' lang='grc' dir='ltr'><strong>ι</strong></span> <span class='ocrx_word' id='word_1_490' title='bbox 3503 2935 3698 3002; x_wconf 63' lang='lat' dir='ltr'><strong>clauim,-</strong></span> 
     </span>
    </p>
   </div>
   <div class='ocr_carea' id='block_1_61' title="bbox 435 3022 2017 3102">
    <p class='ocr_par' dir='ltr' id='par_1_61' title="bbox 435 3022 2014 3093">
     <span class='ocr_line' id='line_1_63' title="bbox 435 3022 2014 3093; baseline -0.008 -3"><span class='ocrx_word' id='word_1_491' title='bbox 435 3035 575 3090; x_wconf 80' lang='lat' dir='ltr'><strong>Natn</strong></span> <span class='ocrx_word' id='word_1_492' title='bbox 603 3047 730 3088; x_wconf 85' lang='lat' dir='ltr'><strong>cum</strong></span> <span class='ocrx_word' id='word_1_493' title='bbox 755 3030 994 3093; x_wconf 86' lang='lat' dir='ltr'><strong>dicatur.</strong></span> <span class='ocrx_word' id='word_1_494' title='bbox 1047 3045 1068 3079; x_wconf 73' lang='grc' dir='ltr'>α</span> <span class='ocrx_word' id='word_1_495' title='bbox 1103 3023 1393 3080; x_wconf 83' lang='lat' dir='ltr'><strong>Faciamus</strong></span> <span class='ocrx_word' id='word_1_496' title='bbox 1419 3023 1696 3079; x_wconf 85' lang='lat' dir='ltr'><strong>hominem</strong></span> <span class='ocrx_word' id='word_1_497' title='bbox 1738 3022 1806 3078; x_wconf 92' lang='lat' dir='ltr'><strong>ad</strong></span> <span class='ocrx_word' id='word_1_498' title='bbox 1837 3022 2014 3078; x_wconf 86' lang='lat' dir='ltr'><strong>nostri</strong></span> 
     </span>
    </p>
   </div>
   <div class='ocr_carea' id='block_1_62' title="bbox 2112 3022 3700 3102">
    <p class='ocr_par' dir='ltr' id='par_1_62' title="bbox 2121 3023 3700 3102">
     <span class='ocr_line' id='line_1_64' title="bbox 2121 3023 3700 3102; baseline 0.003 -23"><span class='ocrx_word' id='word_1_499' title='bbox 2121 3025 2214 3080; x_wconf 71' lang='grc' dir='ltr'><strong>καλ⁸</strong></span> <span class='ocrx_word' id='word_1_500' title='bbox 2248 3025 2337 3079; x_wconf 69' lang='grc' dir='ltr'><strong>διὰ</strong></span> <span class='ocrx_word' id='word_1_501' title='bbox 2363 3028 2464 3096; x_wconf 72' lang='grc' dir='ltr'>τῆς</span> <span class='ocrx_word' id='word_1_502' title='bbox 2485 3024 2856 3095; x_wconf 81' lang='grc' dir='ltr'>πληθὺντικῆς</span> <span class='ocrx_word' id='word_1_503' title='bbox 2888 3023 3162 3096; x_wconf 76' lang='grc' dir='ltr'>σημασίας</span> <span class='ocrx_word' id='word_1_504' title='bbox 3187 3025 3286 3096; x_wconf 85' lang='grc' dir='ltr'>τὴν</span> <span class='ocrx_word' id='word_1_505' title='bbox 3303 3027 3464 3096; x_wconf 88' lang='grc' dir='ltr'>άγίαν</span> <span class='ocrx_word' id='word_1_506' title='bbox 3491 3029 3700 3102; x_wconf 83' lang='grc' dir='ltr'>Τριάδα</span> 
     </span>
    </p>
   </div>
   <div class='ocr_carea' id='block_1_63' title="bbox 435 3087 2017 3201">
    <p class='ocr_par' dir='ltr' id='par_1_63' title="bbox 435 3117 2012 3201">
     <span class='ocr_line' id='line_1_65' title="bbox 435 3117 2012 3201; baseline -0.012 -12"><span class='ocrx_word' id='word_1_507' title='bbox 435 3129 760 3201; x_wconf 76' lang='lat' dir='ltr'><strong>imaginem;</strong></span> <span class='ocrx_word' id='word_1_508' title='bbox 802 3142 824 3177; x_wconf 76' lang='grc' dir='ltr'><strong>ι</strong></span> <span class='ocrx_word' id='word_1_509' title='bbox 867 3135 1208 3192; x_wconf 89' lang='lat' dir='ltr'><strong>numeroque</strong></span> <span class='ocrx_word' id='word_1_510' title='bbox 1241 3117 1611 3174; x_wconf 90' lang='lat' dir='ltr'><strong>multitudinis</strong></span> <span class='ocrx_word' id='word_1_511' title='bbox 1654 3125 2012 3174; x_wconf 89' lang='lat' dir='ltr'><strong>sacrosancta</strong></span> 
     </span>
    </p>
   </div>
   <div class='ocr_carea' id='block_1_64' title="bbox 2112 3087 3700 3201">
    <p class='ocr_par' dir='ltr' id='par_1_64' title="bbox 2126 3087 3700 3194">
     <span class='ocr_line' id='line_1_66' title="bbox 2126 3087 3700 3194; baseline 0.004 -24"><span class='ocrx_word' id='word_1_512' title='bbox 2126 3118 2380 3190; x_wconf 82' lang='grc' dir='ltr'>δηλώσας</span> <span class='ocrx_word' id='word_1_513' title='bbox 2404 3087 2541 3182; x_wconf 67' lang='grc' dir='ltr'>,ὀίοκ</span> <span class='ocrx_word' id='word_1_514' title='bbox 2568 3087 2634 3170; x_wconf 62' lang='grc' dir='ltr'>ἀν</span> <span class='ocrx_word' id='word_1_515' title='bbox 2650 3115 2750 3188; x_wconf 86' lang='grc' dir='ltr'><strong>τῆς</strong></span> <span class='ocrx_word' id='word_1_516' title='bbox 2782 3087 2988 3181; x_wconf 75' lang='grc' dir='ltr'>είκόνος</span> <span class='ocrx_word' id='word_1_517' title='bbox 3030 3087 3330 3188; x_wconf 70' lang='grc' dir='ltr'>μοναδικῶς</span> <span class='ocrx_word' id='word_1_518' title='bbox 3351 3087 3700 3194; x_wconf 54' lang='grc' dir='ltr'>ίπεμνήσθή.</span> 
     </span>
    </p>
   </div>
   <div class='ocr_carea' id='block_1_65' title="bbox 435 3209 2009 3281">
    <p class='ocr_par' dir='ltr' id='par_1_65' title="bbox 435 3209 2009 3281">
     <span class='ocr_line' id='line_1_67' title="bbox 435 3209 2009 3281; baseline -0.01 -2"><span class='ocrx_word' id='word_1_519' title='bbox 435 3224 682 3280; x_wconf 86' lang='lat' dir='ltr'><strong>Trinitas</strong></span> <span class='ocrx_word' id='word_1_520' title='bbox 723 3215 995 3274; x_wconf 89' lang='lat' dir='ltr'><strong>indicetur</strong></span> <span class='ocrx_word' id='word_1_521' title='bbox 1047 3232 1061 3269; x_wconf 90' lang='lat'>:</span> <span class='ocrx_word' id='word_1_522' title='bbox 1119 3227 1228 3268; x_wconf 92' lang='lat' dir='ltr'><strong>non</strong></span> <span class='ocrx_word' id='word_1_523' title='bbox 1282 3219 1401 3266; x_wconf 86' lang='lat' dir='ltr'><strong>erat</strong></span> <span class='ocrx_word' id='word_1_524' title='bbox 1455 3224 1688 3265; x_wconf 89' lang='lat' dir='ltr'><strong>numero</strong></span> <span class='ocrx_word' id='word_1_525' title='bbox 1743 3209 2009 3281; x_wconf 85' lang='lat' dir='ltr'><strong>singulari</strong></span> 
     </span>
    </p>
   </div>
   <div class='ocr_carea' id='block_1_66' title="bbox 435 3301 2014 3388">
    <p class='ocr_par' dir='ltr' id='par_1_66' title="bbox 435 3301 2014 3388">
     <span class='ocr_line' id='line_1_68' title="bbox 435 3301 2014 3388; baseline -0.01 -16"><span class='ocrx_word' id='word_1_526' title='bbox 435 3313 692 3388; x_wconf 86' lang='lat' dir='ltr'><strong>imaginis</strong></span> <span class='ocrx_word' id='word_1_527' title='bbox 709 3307 956 3366; x_wconf 85' lang='lat' dir='ltr'><strong>facienda</strong></span> <span class='ocrx_word' id='word_1_528' title='bbox 981 3305 1206 3370; x_wconf 85' lang='lat' dir='ltr'><strong>mentio,</strong></span> <span class='ocrx_word' id='word_1_529' title='bbox 1231 3303 1502 3375; x_wconf 90' lang='lat' dir='ltr'><strong>siquidem</strong></span> <span class='ocrx_word' id='word_1_530' title='bbox 1529 3301 1826 3359; x_wconf 88' lang='lat' dir='ltr'><strong>dissimiles</strong></span> <span class='ocrx_word' id='word_1_531' title='bbox 1855 3311 2014 3359; x_wconf 89' lang='lat' dir='ltr'><strong>erant</strong></span> 
     </span>
    </p>
   </div>
   <div class='ocr_carea' id='block_1_67' title="bbox 403 3391 2013 3478">
    <p class='ocr_par' dir='ltr' id='par_1_67' title="bbox 403 3391 2013 3478">
     <span class='ocr_line' id='line_1_69' title="bbox 403 3391 2013 3478; baseline -0.009 -13"><span class='ocrx_word' id='word_1_532' title='bbox 403 3391 504 3465; x_wconf 53' lang='lat' dir='ltr'><strong>&#39;ad</strong></span> <span class='ocrx_word' id='word_1_533' title='bbox 567 3417 800 3478; x_wconf 91' lang='lat' dir='ltr'><strong>quorum</strong></span> <span class='ocrx_word' id='word_1_534' title='bbox 858 3399 1142 3470; x_wconf 77' lang='lat' dir='ltr'><strong>exemplar</strong></span> <span class='ocrx_word' id='word_1_535' title='bbox 1205 3411 1270 3452; x_wconf 89' lang='lat' dir='ltr'><strong>ea</strong></span> <span class='ocrx_word' id='word_1_536' title='bbox 1339 3394 1816 3452; x_wconf 86' lang='lat' dir='ltr'><strong>conformahatur.</strong></span> <span class='ocrx_word' id='word_1_537' title='bbox 1863 3393 2013 3452; x_wconf 83' lang='lat' dir='ltr'><strong>Fieri</strong></span> 
     </span>
    </p>
   </div>
   <div class='ocr_carea' id='block_1_68' title="bbox 433 3486 2014 3568">
    <p class='ocr_par' dir='ltr' id='par_1_68' title="bbox 433 3486 2014 3568">
     <span class='ocr_line' id='line_1_70' title="bbox 433 3486 2014 3568; baseline -0.01 -11"><span class='ocrx_word' id='word_1_538' title='bbox 433 3501 582 3557; x_wconf 89' lang='lat' dir='ltr'><strong>enim</strong></span> <span class='ocrx_word' id='word_1_539' title='bbox 617 3496 1043 3568; x_wconf 84' lang='lat' dir='ltr'><strong>haudquaquam</strong></span> <span class='ocrx_word' id='word_1_540' title='bbox 1077 3498 1311 3562; x_wconf 86' lang='lat' dir='ltr'><strong>poterat,</strong></span> <span class='ocrx_word' id='word_1_541' title='bbox 1353 3497 1414 3544; x_wconf 90' lang='lat' dir='ltr'><strong>ut</strong></span> <span class='ocrx_word' id='word_1_542' title='bbox 1453 3486 1754 3545; x_wconf 88' lang='lat' dir='ltr'><strong>dissimiles</strong></span> <span class='ocrx_word' id='word_1_543' title='bbox 1807 3501 1872 3542; x_wconf 91' lang='lat' dir='ltr'><strong>ac</strong></span> <span class='ocrx_word' id='word_1_544' title='bbox 1927 3487 2014 3542; x_wconf 91' lang='lat' dir='ltr'><strong>di-</strong></span> 
     </span>
    </p>
   </div>
   <div class='ocr_carea' id='block_1_69' title="bbox 431 3581 2013 3652">
    <p class='ocr_par' dir='ltr' id='par_1_69' title="bbox 431 3581 2013 3652">
     <span class='ocr_line' id='line_1_71' title="bbox 431 3581 2013 3652; baseline -0.009 -3"><span class='ocrx_word' id='word_1_545' title='bbox 431 3591 582 3650; x_wconf 86' lang='lat' dir='ltr'><strong>versi</strong></span> <span class='ocrx_word' id='word_1_546' title='bbox 623 3591 769 3645; x_wconf 85' lang='lat' dir='ltr'><strong>iuter</strong></span> <span class='ocrx_word' id='word_1_547' title='bbox 818 3601 880 3644; x_wconf 86' lang='lat' dir='ltr'><strong>sc</strong></span> <span class='ocrx_word' id='word_1_548' title='bbox 919 3599 1026 3641; x_wconf 90' lang='lat' dir='ltr'><strong>una</strong></span> <span class='ocrx_word' id='word_1_549' title='bbox 1065 3582 1365 3652; x_wconf 88' lang='lat' dir='ltr'><strong>eademque</strong></span> <span class='ocrx_word' id='word_1_550' title='bbox 1419 3581 1658 3651; x_wconf 85' lang='lat' dir='ltr'><strong>imagine</strong></span> <span class='ocrx_word' id='word_1_551' title='bbox 1706 3593 2013 3652; x_wconf 74' lang='lat' dir='ltr'><strong>repraesen—</strong></span> 
     </span>
    </p>
   </div>
   <div class='ocr_carea' id='block_1_70' title="bbox 433 3669 2012 3748">
    <p class='ocr_par' dir='ltr' id='par_1_70' title="bbox 433 3669 2012 3748">
     <span class='ocr_line' id='line_1_72' title="bbox 433 3669 2012 3748; baseline -0.01 -8"><span class='ocrx_word' id='word_1_552' title='bbox 433 3689 687 3742; x_wconf 88' lang='lat' dir='ltr'><strong>tarentur</strong></span> <span class='ocrx_word' id='word_1_553' title='bbox 711 3693 729 3734; x_wconf 90' lang='lat'><strong>:</strong></span> <span class='ocrx_word' id='word_1_554' title='bbox 757 3677 1003 3748; x_wconf 87' lang='lat' dir='ltr'><strong>adeoque</strong></span> <span class='ocrx_word' id='word_1_555' title='bbox 1034 3674 1082 3732; x_wconf 88' lang='lat' dir='ltr'><strong>si</strong></span> <span class='ocrx_word' id='word_1_556' title='bbox 1109 3682 1266 3729; x_wconf 86' lang='lat' dir='ltr'><strong>erant</strong></span> <span class='ocrx_word' id='word_1_557' title='bbox 1295 3679 1510 3727; x_wconf 69' lang='lat' dir='ltr'><strong>natura</strong></span> <span class='ocrx_word' id='word_1_558' title='bbox 1533 3669 1787 3735; x_wconf 67' lang='lat' dir='ltr'><strong>diversae,</strong></span> <span class='ocrx_word' id='word_1_559' title='bbox 1845 3671 2012 3726; x_wconf 87' lang='lat' dir='ltr'><strong>etiam</strong></span> 
     </span>
    </p>
   </div>
   <div class='ocr_carea' id='block_1_71' title="bbox 437 3761 2010 3848">
    <p class='ocr_par' dir='ltr' id='par_1_71' title="bbox 437 3761 2010 3848">
     <span class='ocr_line' id='line_1_73' title="bbox 437 3761 2010 3848; baseline -0.011 -14"><span class='ocrx_word' id='word_1_560' title='bbox 437 3777 709 3848; x_wconf 81' lang='lat' dir='ltr'><strong>imagines</strong></span> <span class='ocrx_word' id='word_1_561' title='bbox 766 3787 863 3829; x_wconf 88' lang='lat' dir='ltr'><strong>eos</strong></span> <span class='ocrx_word' id='word_1_562' title='bbox 902 3769 990 3826; x_wconf 90' lang='lat' dir='ltr'><strong>sui</strong></span> <span class='ocrx_word' id='word_1_563' title='bbox 1049 3769 1294 3825; x_wconf 81' lang='lat' dir='ltr'><strong>diversas</strong></span> <span class='ocrx_word' id='word_1_564' title='bbox 1333 3763 1572 3821; x_wconf 88' lang='lat' dir='ltr'><strong>condere</strong></span> <span class='ocrx_word' id='word_1_565' title='bbox 1619 3777 1844 3820; x_wconf 85' lang='lat' dir='ltr'><strong>necesse</strong></span> <span class='ocrx_word' id='word_1_566' title='bbox 1887 3761 2010 3828; x_wconf 86' lang='lat' dir='ltr'><strong>fuit,</strong></span> 
     </span>
    </p>
   </div>
   <div class='ocr_carea' id='block_1_72' title="bbox 433 3853 2009 3942">
    <p class='ocr_par' dir='ltr' id='par_1_72' title="bbox 433 3853 2009 3942">
     <span class='ocr_line' id='line_1_74' title="bbox 433 3853 2009 3942; baseline -0.008 -18"><span class='ocrx_word' id='word_1_567' title='bbox 433 3881 670 3942; x_wconf 88' lang='lat' dir='ltr'><strong>quarutn</strong></span> <span class='ocrx_word' id='word_1_568' title='bbox 704 3861 962 3937; x_wconf 64' lang='lat' dir='ltr'><strong>quaelibet</strong></span> <span class='ocrx_word' id='word_1_569' title='bbox 995 3859 1294 3930; x_wconf 74' lang='lat' dir='ltr'><strong>exemplari</strong></span> <span class='ocrx_word' id='word_1_570' title='bbox 1344 3870 1448 3913; x_wconf 88' lang='lat' dir='ltr'><strong>suo</strong></span> <span class='ocrx_word' id='word_1_571' title='bbox 1479 3853 1855 3929; x_wconf 86' lang='lat' dir='ltr'><strong>responderet.</strong></span> <span class='ocrx_word' id='word_1_572' title='bbox 1903 3853 2009 3912; x_wconf 88' lang='lat' dir='ltr'><strong>Sed</strong></span> 
     </span>
    </p>
   </div>
   <div class='ocr_carea' id='block_1_73' title="bbox 435 3952 2076 4024">
    <p class='ocr_par' dir='ltr' id='par_1_73' title="bbox 435 3952 2076 4024">
     <span class='ocr_line' id='line_1_75' title="bbox 435 3952 2076 4024; baseline -0.008 -8"><span class='ocrx_word' id='word_1_573' title='bbox 435 3977 562 4016; x_wconf 88' lang='lat' dir='ltr'><strong>cum</strong></span> <span class='ocrx_word' id='word_1_574' title='bbox 621 3973 732 4015; x_wconf 91' lang='lat' dir='ltr'><strong>una</strong></span> <span class='ocrx_word' id='word_1_575' title='bbox 786 3963 996 4012; x_wconf 89' lang='lat' dir='ltr'><strong>tantum</strong></span> <span class='ocrx_word' id='word_1_576' title='bbox 1048 3955 1226 4024; x_wconf 83' lang='lat' dir='ltr'><strong>imago</strong></span> <span class='ocrx_word' id='word_1_577' title='bbox 1284 3952 1393 4018; x_wconf 90' lang='lat' dir='ltr'><strong>sit,</strong></span> <span class='ocrx_word' id='word_1_578' title='bbox 1449 3963 1562 4007; x_wconf 90' lang='lat' dir='ltr'><strong>non</strong></span> <span class='ocrx_word' id='word_1_579' title='bbox 1609 3963 1780 4004; x_wconf 89' lang='lat' dir='ltr'><strong>unum</strong></span> <span class='ocrx_word' id='word_1_580' title='bbox 1826 3957 2009 4004; x_wconf 85' lang='lat' dir='ltr'><strong>tamen</strong></span> <span class='ocrx_word' id='word_1_581' title='bbox 2047 3975 2076 4010; x_wconf 73' lang='grc' dir='ltr'>,ι</span> 
     </span>
    </p>
   </div>
   <div class='ocr_carea' id='block_1_74' title="bbox 435 4039 2012 4122">
    <p class='ocr_par' dir='ltr' id='par_1_74' title="bbox 435 4039 2012 4122">
     <span class='ocr_line' id='line_1_76' title="bbox 435 4039 2012 4122; baseline -0.008 -13"><span class='ocrx_word' id='word_1_582' title='bbox 435 4054 601 4108; x_wconf 88' lang='lat' dir='ltr'><strong>unius</strong></span> <span class='ocrx_word' id='word_1_583' title='bbox 658 4049 914 4122; x_wconf 85' lang='lat' dir='ltr'><strong>imaginis</strong></span> <span class='ocrx_word' id='word_1_584' title='bbox 973 4048 1374 4118; x_wconf 87' lang='lat' dir='ltr'><strong>archetypum:</strong></span> <span class='ocrx_word' id='word_1_585' title='bbox 1429 4041 1557 4116; x_wconf 91' lang='lat' dir='ltr'><strong>quis</strong></span> <span class='ocrx_word' id='word_1_586' title='bbox 1611 4042 1751 4098; x_wconf 88' lang='lat' dir='ltr'><strong>adeo</strong></span> <span class='ocrx_word' id='word_1_587' title='bbox 1809 4039 2012 4097; x_wconf 89' lang='lat' dir='ltr'><strong>mentis</strong></span> 
     </span>
    </p>
   </div>
   <div class='ocr_carea' id='block_1_75' title="bbox 437 4132 2014 4218">
    <p class='ocr_par' dir='ltr' id='par_1_75' title="bbox 437 4132 2014 4218">
     <span class='ocr_line' id='line_1_77' title="bbox 437 4132 2014 4218; baseline -0.008 -17"><span class='ocrx_word' id='word_1_588' title='bbox 437 4145 596 4218; x_wconf 84' lang='lat' dir='ltr'><strong>inops</strong></span> <span class='ocrx_word' id='word_1_589' title='bbox 627 4143 811 4208; x_wconf 88' lang='lat' dir='ltr'><strong>fuerit,</strong></span> <span class='ocrx_word' id='word_1_590' title='bbox 843 4149 901 4196; x_wconf 91' lang='lat' dir='ltr'><strong>ut</strong></span> <span class='ocrx_word' id='word_1_591' title='bbox 934 4139 1167 4211; x_wconf 88' lang='lat' dir='ltr'><strong>ignoret,</strong></span> <span class='ocrx_word' id='word_1_592' title='bbox 1192 4153 1316 4210; x_wconf 65' lang='lat' dir='ltr'><strong>quae</strong></span> <span class='ocrx_word' id='word_1_593' title='bbox 1341 4135 1438 4192; x_wconf 90' lang='lat' dir='ltr'><strong>uni</strong></span> <span class='ocrx_word' id='word_1_594' title='bbox 1471 4133 1760 4205; x_wconf 88' lang='lat' dir='ltr'><strong>eidemque</strong></span> <span class='ocrx_word' id='word_1_595' title='bbox 1797 4133 1876 4189; x_wconf 86' lang='lat' dir='ltr'><strong>rei</strong></span> <span class='ocrx_word' id='word_1_596' title='bbox 1935 4132 2014 4189; x_wconf 86' lang='lat' dir='ltr'><strong>si-</strong></span> 
     </span>
    </p>
   </div>
   <div class='ocr_carea' id='block_1_76' title="bbox 435 4226 2014 4300">
    <p class='ocr_par' dir='ltr' id='par_1_76' title="bbox 435 4226 2014 4300">
     <span class='ocr_line' id='line_1_78' title="bbox 435 4226 2014 4300; baseline -0.007 -8"><span class='ocrx_word' id='word_1_597' title='bbox 435 4237 588 4292; x_wconf 85' lang='lat' dir='ltr'><strong>milia</strong></span> <span class='ocrx_word' id='word_1_598' title='bbox 618 4241 768 4299; x_wconf 88' lang='lat' dir='ltr'><strong>sunt,</strong></span> <span class='ocrx_word' id='word_1_599' title='bbox 807 4231 997 4289; x_wconf 89' lang='lat' dir='ltr'><strong>eadem</strong></span> <span class='ocrx_word' id='word_1_600' title='bbox 1029 4231 1174 4286; x_wconf 89' lang='lat' dir='ltr'><strong>inter</strong></span> <span class='ocrx_word' id='word_1_601' title='bbox 1218 4244 1278 4286; x_wconf 86' lang='lat' dir='ltr'><strong>se</strong></span> <span class='ocrx_word' id='word_1_602' title='bbox 1325 4233 1547 4300; x_wconf 80' lang='lat' dir='ltr'><strong>&quot;quoque</strong></span> <span class='ocrx_word' id='word_1_603' title='bbox 1597 4227 1800 4282; x_wconf 86' lang='lat' dir='ltr'><strong>similia</strong></span> <span class='ocrx_word' id='word_1_604' title='bbox 1847 4226 2014 4282; x_wconf 75' lang='lat' dir='ltr'><strong>esse?</strong></span> 
     </span>
    </p>
   </div>
   <div class='ocr_carea' id='block_1_77' title="bbox 2113 3209 3702 3288">
    <p class='ocr_par' dir='ltr' id='par_1_77' title="bbox 2113 3209 3702 3288">
     <span class='ocr_line' id='line_1_79' title="bbox 2113 3209 3702 3288; baseline 0.003 -23"><span class='ocrx_word' id='word_1_605' title='bbox 2113 3212 2271 3286; x_wconf 79' lang='grc' dir='ltr'>εἴπερ</span> <span class='ocrx_word' id='word_1_606' title='bbox 2285 3211 2552 3284; x_wconf 76' lang='grc' dir='ltr'>ἀνομοίως</span> <span class='ocrx_word' id='word_1_607' title='bbox 2568 3211 2682 3282; x_wconf 78' lang='grc' dir='ltr'>ἔχοι</span> <span class='ocrx_word' id='word_1_608' title='bbox 2707 3211 2845 3281; x_wconf 83' lang='grc' dir='ltr'>πρὸς</span> <span class='ocrx_word' id='word_1_609' title='bbox 2859 3209 3061 3282; x_wconf 74' lang='grc' dir='ltr'>ἄλληλα</span> <span class='ocrx_word' id='word_1_610' title='bbox 3074 3210 3146 3264; x_wconf 82' lang='grc' dir='ltr'><strong>τά</strong></span> <span class='ocrx_word' id='word_1_611' title='bbox 3161 3213 3464 3284; x_wconf 71' lang='grc' dir='ltr'>ἀρχέτυπα.</span> <span class='ocrx_word' id='word_1_612' title='bbox 3489 3215 3564 3268; x_wconf 84' lang='grc' dir='ltr'><strong>Οὐ</strong></span> <span class='ocrx_word' id='word_1_613' title='bbox 3587 3216 3702 3288; x_wconf 82' lang='grc' dir='ltr'><strong>γάρ</strong></span> 
     </span>
    </p>
   </div>
   <div class='ocr_carea' id='block_1_78' title="bbox 2111 3301 3702 3378">
    <p class='ocr_par' dir='ltr' id='par_1_78' title="bbox 2111 3301 3702 3378">
     <span class='ocr_line' id='line_1_80' title="bbox 2111 3301 3702 3378; baseline 0.003 -19"><span class='ocrx_word' id='word_1_614' title='bbox 2111 3301 2182 3378; x_wconf 83' lang='grc' dir='ltr'><strong>ἦν</strong></span> <span class='ocrx_word' id='word_1_615' title='bbox 2225 3305 2446 3360; x_wconf 82' lang='grc' dir='ltr'>δυνατὸν</span> <span class='ocrx_word' id='word_1_616' title='bbox 2486 3305 2596 3359; x_wconf 84' lang='grc' dir='ltr'><strong>τῶν</strong></span> <span class='ocrx_word' id='word_1_617' title='bbox 2634 3305 2880 3377; x_wconf 83' lang='grc' dir='ltr'>ἀλλήλοις</span> <span class='ocrx_word' id='word_1_618' title='bbox 2928 3304 3004 3378; x_wconf 83' lang='grc' dir='ltr'>μὴ</span> <span class='ocrx_word' id='word_1_619' title='bbox 3049 3307 3453 3377; x_wconf 73' lang='grc' dir='ltr'>συμϐαινόντων</span> <span class='ocrx_word' id='word_1_620' title='bbox 3498 3311 3578 3372; x_wconf 86' lang='grc' dir='ltr'><strong>είς</strong></span> <span class='ocrx_word' id='word_1_621' title='bbox 3627 3307 3702 3364; x_wconf 77' lang='grc' dir='ltr'><strong>ἓν</strong></span> 
     </span>
    </p>
   </div>
   <div class='ocr_carea' id='block_1_79' title="bbox 2114 3395 3696 3472">
    <p class='ocr_par' dir='ltr' id='par_1_79' title="bbox 2114 3395 3696 3472">
     <span class='ocr_line' id='line_1_81' title="bbox 2114 3395 3696 3472; baseline 0.001 -19"><span class='ocrx_word' id='word_1_622' title='bbox 2114 3397 2499 3470; x_wconf 82' lang='grc' dir='ltr'>ἀναδειχθῆναι</span> <span class='ocrx_word' id='word_1_623' title='bbox 2545 3397 2840 3468; x_wconf 83' lang='grc' dir='ltr'>ὁμοίωμα·</span> <span class='ocrx_word' id='word_1_624' title='bbox 2885 3397 3004 3452; x_wconf 77' lang='grc' dir='ltr'>ἀλλ’</span> <span class='ocrx_word' id='word_1_625' title='bbox 3049 3397 3102 3452; x_wconf 77' lang='grc' dir='ltr'>εἳ</span> <span class='ocrx_word' id='word_1_626' title='bbox 3151 3397 3400 3470; x_wconf 83' lang='grc' dir='ltr'>διάφοροι</span> <span class='ocrx_word' id='word_1_627' title='bbox 3447 3395 3582 3472; x_wconf 66' lang='grc' dir='ltr'>ἦσαν</span> <span class='ocrx_word' id='word_1_628' title='bbox 3640 3402 3696 3454; x_wconf 75' lang='lat' dir='ltr'><strong>ai</strong></span> 
     </span>
    </p>
   </div>
   <div class='ocr_carea' id='block_1_80' title="bbox 2095 3489 3698 3561">
    <p class='ocr_par' dir='ltr' id='par_1_80' title="bbox 2095 3489 3698 3561">
     <span class='ocr_line' id='line_1_82' title="bbox 2095 3489 3698 3561; baseline 0.001 -19"><span class='ocrx_word' id='word_1_629' title='bbox 2095 3489 2325 3561; x_wconf 54' lang='grc' dir='ltr'>φύσεις,</span> <span class='ocrx_word' id='word_1_630' title='bbox 2343 3489 2632 3560; x_wconf 73' lang='grc' dir='ltr'>διαφόρους</span> <span class='ocrx_word' id='word_1_631' title='bbox 2659 3489 2874 3552; x_wconf 84' lang='grc' dir='ltr'>πάντως</span> <span class='ocrx_word' id='word_1_632' title='bbox 2897 3489 2990 3543; x_wconf 71' lang='grc' dir='ltr'>καὶ</span> <span class='ocrx_word' id='word_1_633' title='bbox 3012 3489 3113 3544; x_wconf 68' lang='grc' dir='ltr'><strong>τὰς</strong></span> <span class='ocrx_word' id='word_1_634' title='bbox 3137 3491 3347 3554; x_wconf 75' lang='grc' dir='ltr'>εἰκόνας</span> <span class='ocrx_word' id='word_1_635' title='bbox 3375 3491 3554 3544; x_wconf 71' lang='grc' dir='ltr'>αὐτῶν</span> <span class='ocrx_word' id='word_1_636' title='bbox 3617 3493 3698 3544; x_wconf 85' lang='grc' dir='ltr'><strong>ὲν-</strong></span> 
     </span>
    </p>
   </div>
   <div class='ocr_carea' id='block_1_81' title="bbox 2120 3572 3695 3654">
    <p class='ocr_par' dir='ltr' id='par_1_81' title="bbox 2120 3572 3695 3654">
     <span class='ocr_line' id='line_1_83' title="bbox 2120 3572 3695 3654; baseline 0.002 -22"><span class='ocrx_word' id='word_1_637' title='bbox 2120 3583 2418 3651; x_wconf 80' lang='grc' dir='ltr'>εστήσατο,</span> <span class='ocrx_word' id='word_1_638' title='bbox 2471 3579 2570 3650; x_wconf 80' lang='grc' dir='ltr'><strong>τὴν</strong></span> <span class='ocrx_word' id='word_1_639' title='bbox 2616 3577 2952 3651; x_wconf 86' lang='grc' dir='ltr'>κατάλληλον</span> <span class='ocrx_word' id='word_1_640' title='bbox 3005 3572 3214 3653; x_wconf 74' lang='grc' dir='ltr'>ἑκάστῃ</span> <span class='ocrx_word' id='word_1_641' title='bbox 3263 3579 3695 3654; x_wconf 67' lang='grc' dir='ltr'>δημιουργήσας.</span> 
     </span>
    </p>
   </div>
   <div class='ocr_carea' id='block_1_82' title="bbox 2131 3663 3700 3742">
    <p class='ocr_par' dir='ltr' id='par_1_82' title="bbox 2131 3663 3700 3742">
     <span class='ocr_line' id='line_1_84' title="bbox 2131 3663 3700 3742; baseline 0.001 -18"><span class='ocrx_word' id='word_1_642' title='bbox 2131 3670 2273 3725; x_wconf 83' lang='grc' dir='ltr'>Ἀλλ’</span> <span class='ocrx_word' id='word_1_643' title='bbox 2304 3669 2497 3742; x_wconf 76' lang='grc' dir='ltr'>ἐπειδὴ</span> <span class='ocrx_word' id='word_1_644' title='bbox 2528 3670 2627 3740; x_wconf 86' lang='grc' dir='ltr'><strong>μία</strong></span> <span class='ocrx_word' id='word_1_645' title='bbox 2668 3670 2768 3741; x_wconf 80' lang='grc' dir='ltr'>μὲν</span> <span class='ocrx_word' id='word_1_646' title='bbox 2795 3671 2830 3742; x_wconf 78' lang='grc' dir='ltr'><strong>ἡ</strong></span> <span class='ocrx_word' id='word_1_647' title='bbox 2863 3665 3048 3732; x_wconf 78' lang='grc' dir='ltr'>είκὼν.</span> <span class='ocrx_word' id='word_1_648' title='bbox 3087 3663 3187 3742; x_wconf 88' lang='grc' dir='ltr'><strong>ούχ</strong></span> <span class='ocrx_word' id='word_1_649' title='bbox 3222 3671 3282 3724; x_wconf 78' lang='grc' dir='ltr'><strong>ἓν</strong></span> <span class='ocrx_word' id='word_1_650' title='bbox 3319 3671 3374 3725; x_wconf 84' lang='grc' dir='ltr'>δὲ</span> <span class='ocrx_word' id='word_1_651' title='bbox 3403 3671 3464 3724; x_wconf 82' lang='grc' dir='ltr'>τὸ</span> <span class='ocrx_word' id='word_1_652' title='bbox 3493 3673 3592 3742; x_wconf 77' lang='grc' dir='ltr'>τῆς</span> <span class='ocrx_word' id='word_1_653' title='bbox 3621 3675 3700 3727; x_wconf 79' lang='grc' dir='ltr'>εί-</span> 
     </span>
    </p>
   </div>
   <div class='ocr_carea' id='block_1_83' title="bbox 2118 3753 3697 3834">
    <p class='ocr_par' dir='ltr' id='par_1_83' title="bbox 2118 3753 3697 3834">
     <span class='ocr_line' id='line_1_85' title="bbox 2118 3753 3697 3834; baseline 0.001 -17"><span class='ocrx_word' id='word_1_654' title='bbox 2118 3763 2274 3827; x_wconf 88' lang='grc' dir='ltr'>κόνος</span> <span class='ocrx_word' id='word_1_655' title='bbox 2310 3762 2647 3834; x_wconf 80' lang='grc' dir='ltr'>ἀρχέτυπον·</span> <span class='ocrx_word' id='word_1_656' title='bbox 2677 3763 2761 3827; x_wconf 86' lang='grc' dir='ltr'><strong>τίς</strong></span> <span class='ocrx_word' id='word_1_657' title='bbox 2793 3753 2968 3828; x_wconf 76' lang='grc' dir='ltr'>οὕτως</span> <span class='ocrx_word' id='word_1_658' title='bbox 3007 3759 3115 3831; x_wconf 75' lang='grc' dir='ltr'><strong>ἔξω</strong></span> <span class='ocrx_word' id='word_1_659' title='bbox 3158 3765 3394 3828; x_wconf 75' lang='grc' dir='ltr'>διανοίας</span> <span class='ocrx_word' id='word_1_660' title='bbox 3436 3765 3583 3818; x_wconf 77' lang='grc' dir='ltr'>ἐστὶν</span> <span class='ocrx_word' id='word_1_661' title='bbox 3621 3759 3697 3830; x_wconf 75' lang='grc' dir='ltr'>ὡς</span> 
     </span>
    </p>
   </div>
   <div class='ocr_carea' id='block_1_84' title="bbox 2119 3851 3692 3930">
    <p class='ocr_par' dir='ltr' id='par_1_84' title="bbox 2119 3851 3692 3930">
     <span class='ocr_line' id='line_1_86' title="bbox 2119 3851 3692 3930; baseline 0.001 -20"><span class='ocrx_word' id='word_1_662' title='bbox 2119 3855 2360 3926; x_wconf 74' lang='grc' dir='ltr'>ἀγνοεῖν,</span> <span class='ocrx_word' id='word_1_663' title='bbox 2390 3855 2474 3908; x_wconf 83' lang='grc' dir='ltr'>ὅτι</span> <span class='ocrx_word' id='word_1_664' title='bbox 2505 3854 2576 3909; x_wconf 84' lang='grc' dir='ltr'><strong>τὰ</strong></span> <span class='ocrx_word' id='word_1_665' title='bbox 2603 3854 2682 3928; x_wconf 82' lang='grc' dir='ltr'><strong>τῷ</strong></span> <span class='ocrx_word' id='word_1_666' title='bbox 2705 3855 2786 3910; x_wconf 78' lang='grc' dir='ltr'><strong>ἐνὶ</strong></span> <span class='ocrx_word' id='word_1_667' title='bbox 2812 3851 3177 3928; x_wconf 68' lang='grc' dir='ltr'>όμοιούμενα.</span> <span class='ocrx_word' id='word_1_668' title='bbox 3209 3857 3466 3930; x_wconf 54' lang='grc' dir='ltr'>καὶπρὸς</span> <span class='ocrx_word' id='word_1_669' title='bbox 3491 3857 3692 3930; x_wconf 70' lang='grc' dir='ltr'>ἄλληλα</span> 
     </span>
    </p>
   </div>
   <div class='ocr_carea' id='block_1_85' title="bbox 2099 3942 3692 4021">
    <p class='ocr_par' dir='ltr' id='par_1_85' title="bbox 2099 3942 3692 4021">
     <span class='ocr_line' id='line_1_87' title="bbox 2099 3942 3692 4021; baseline 0.006 -25"><span class='ocrx_word' id='word_1_670' title='bbox 2099 3947 2342 4012; x_wconf 62' lang='grc' dir='ltr'>πάντως</span> <span class='ocrx_word' id='word_1_671' title='bbox 2370 3945 2573 4018; x_wconf 83' lang='grc' dir='ltr'>ὁμοίως</span> <span class='ocrx_word' id='word_1_672' title='bbox 2607 3947 2755 4020; x_wconf 71' lang='grc' dir='ltr'>ἔχεις</span> <span class='ocrx_word' id='word_1_673' title='bbox 2784 3947 2884 4002; x_wconf 83' lang='grc' dir='ltr'><strong>Διὰ</strong></span> <span class='ocrx_word' id='word_1_674' title='bbox 2913 3942 3072 4001; x_wconf 79' lang='grc' dir='ltr'>τοῦτό</span> <span class='ocrx_word' id='word_1_675' title='bbox 3114 3965 3279 4019; x_wconf 70' lang='grc' dir='ltr'>φησι,</span> <span class='ocrx_word' id='word_1_676' title='bbox 3305 3950 3442 4020; x_wconf 83' lang='grc' dir='ltr'>τάχα</span> <span class='ocrx_word' id='word_1_677' title='bbox 3469 3949 3572 4021; x_wconf 76' lang='grc' dir='ltr'><strong>τὴν</strong></span> <span class='ocrx_word' id='word_1_678' title='bbox 3596 3965 3692 4005; x_wconf 61' lang='grc' dir='ltr'><strong>καί</strong></span> 
     </span>
    </p>
   </div>
   <div class='ocr_carea' id='block_1_86' title="bbox 2119 4037 3694 4114">
    <p class='ocr_par' dir='ltr' id='par_1_86' title="bbox 2119 4037 3694 4114">
     <span class='ocr_line' id='line_1_88' title="bbox 2119 4037 3694 4114; baseline -0.002 -21"><span class='ocrx_word' id='word_1_679' title='bbox 2119 4039 2244 4094; x_wconf 82' lang='grc' dir='ltr'>κίαν</span> <span class='ocrx_word' id='word_1_680' title='bbox 2286 4037 2490 4108; x_wconf 81' lang='grc' dir='ltr'>ταύτην</span> <span class='ocrx_word' id='word_1_681' title='bbox 2518 4039 2577 4092; x_wconf 81' lang='grc' dir='ltr'><strong>ὲν</strong></span> <span class='ocrx_word' id='word_1_682' title='bbox 2612 4041 2680 4110; x_wconf 80' lang='grc' dir='ltr'><strong>τῇ</strong></span> <span class='ocrx_word' id='word_1_683' title='bbox 2709 4040 3022 4110; x_wconf 62' lang='grc' dir='ltr'>κατασκευῇ</span> <span class='ocrx_word' id='word_1_684' title='bbox 3049 4039 3150 4110; x_wconf 81' lang='grc' dir='ltr'>τῆς</span> <span class='ocrx_word' id='word_1_685' title='bbox 3179 4039 3522 4112; x_wconf 79' lang='grc' dir='ltr'>ἀνθρωπίνης</span> <span class='ocrx_word' id='word_1_686' title='bbox 3549 4043 3694 4114; x_wconf 74' lang='grc' dir='ltr'>ζωῆς</span> 
     </span>
    </p>
   </div>
   <div class='ocr_carea' id='block_1_87' title="bbox 2117 4127 3698 4203">
    <p class='ocr_par' dir='ltr' id='par_1_87' title="bbox 2117 4127 3698 4203">
     <span class='ocr_line' id='line_1_89' title="bbox 2117 4127 3698 4203; baseline 0 -17"><span class='ocrx_word' id='word_1_687' title='bbox 2117 4134 2146 4186; x_wconf 91' lang='lat'><strong>6</strong></span> <span class='ocrx_word' id='word_1_688' title='bbox 2177 4129 2336 4200; x_wconf 86' lang='grc' dir='ltr'>λόγος</span> <span class='ocrx_word' id='word_1_689' title='bbox 2364 4129 2832 4201; x_wconf 81' lang='grc' dir='ltr'>ὑποτεμνόμενος,</span> <span class='ocrx_word' id='word_1_690' title='bbox 2865 4149 2886 4184; x_wconf 76' lang='lat' dir='ltr'><strong>r</strong></span> <span class='ocrx_word' id='word_1_691' title='bbox 2913 4127 3238 4203; x_wconf 85' lang='grc' dir='ltr'>Ποιήσωμεν</span> <span class='ocrx_word' id='word_1_692' title='bbox 3258 4132 3540 4203; x_wconf 78' lang='grc' dir='ltr'>ἄνθρωπον</span> <span class='ocrx_word' id='word_1_693' title='bbox 3576 4135 3698 4186; x_wconf 77' lang='grc' dir='ltr'>κατ’</span> 
     </span>
    </p>
   </div>
   <div class='ocr_carea' id='block_1_88' title="bbox 2119 4217 3102 4296">
    <p class='ocr_par' dir='ltr' id='par_1_88' title="bbox 2119 4217 3102 4296">
     <span class='ocr_line' id='line_1_90' title="bbox 2119 4217 3102 4296; baseline -0.003 -17"><span class='ocrx_word' id='word_1_694' title='bbox 2119 4217 2302 4280; x_wconf 82' lang='grc' dir='ltr'>είκόνα</span> <span class='ocrx_word' id='word_1_695' title='bbox 2333 4221 2428 4275; x_wconf 76' lang='grc' dir='ltr'>καὶ</span> <span class='ocrx_word' id='word_1_696' title='bbox 2463 4221 2721 4294; x_wconf 81' lang='grc' dir='ltr'>ὁμοίωσιν</span> <span class='ocrx_word' id='word_1_697' title='bbox 2749 4224 3048 4296; x_wconf 69' lang='grc' dir='ltr'>ἡμετέρανι</span> <span class='ocrx_word' id='word_1_698' title='bbox 3085 4243 3102 4276; x_wconf 83' lang='grc' dir='ltr'><strong>ι</strong></span> 
     </span>
    </p>
   </div>
   <div class='ocr_carea' id='block_1_89' title="bbox 434 4313 3698 4396">
    <p class='ocr_par' dir='ltr' id='par_1_89' title="bbox 434 4313 3698 4396">
     <span class='ocr_line' id='line_1_91' title="bbox 434 4313 3698 4396; baseline -0.005 -9"><span class='ocrx_word' id='word_1_699' title='bbox 434 4329 648 4387; x_wconf 88' lang='lat' dir='ltr'><strong>Idcirco</strong></span> <span class='ocrx_word' id='word_1_700' title='bbox 673 4326 757 4383; x_wconf 90' lang='lat' dir='ltr'><strong>sic</strong></span> <span class='ocrx_word' id='word_1_701' title='bbox 786 4323 1046 4396; x_wconf 87' lang='lat' dir='ltr'><strong>loquitur,</strong></span> <span class='ocrx_word' id='word_1_702' title='bbox 1081 4322 1334 4378; x_wconf 89' lang='lat' dir='ltr'><strong>fortassis</strong></span> <span class='ocrx_word' id='word_1_703' title='bbox 1359 4321 1499 4376; x_wconf 91' lang='lat' dir='ltr'><strong>utin</strong></span> <span class='ocrx_word' id='word_1_704' title='bbox 1527 4319 1645 4390; x_wconf 85' lang='lat' dir='ltr'><strong>ipsa</strong></span> <span class='ocrx_word' id='word_1_705' title='bbox 1677 4319 1918 4376; x_wconf 88' lang='lat' dir='ltr'><strong>hominis</strong></span> <span class='ocrx_word' id='word_1_706' title='bbox 1952 4321 2228 4376; x_wconf 85' lang='lat' dir='ltr'><strong>creatione</strong></span> <span class='ocrx_word' id='word_1_707' title='bbox 2261 4332 2484 4392; x_wconf 66' lang='lat' dir='ltr'><strong>pravam</strong></span> <span class='ocrx_word' id='word_1_708' title='bbox 2517 4315 2712 4371; x_wconf 87' lang='lat' dir='ltr'><strong>horqu</strong></span> <span class='ocrx_word' id='word_1_709' title='bbox 2754 4316 3002 4371; x_wconf 77' lang='lat' dir='ltr'><strong>Ineresim</strong></span> <span class='ocrx_word' id='word_1_710' title='bbox 3033 4316 3347 4388; x_wconf 69' lang='lat' dir='ltr'><strong>praecideret</strong></span> <span class='ocrx_word' id='word_1_711' title='bbox 3379 4331 3394 4368; x_wconf 90' lang='lat'><strong>:</strong></span> <span class='ocrx_word' id='word_1_712' title='bbox 3433 4334 3453 4369; x_wconf 74' lang='grc' dir='ltr'><strong>ι</strong></span> <span class='ocrx_word' id='word_1_713' title='bbox 3493 4313 3698 4372; x_wconf 74' lang='lat' dir='ltr'><strong>Facia-</strong></span> 
     </span>
    </p>
   </div>
   <div class='ocr_carea' id='block_1_90' title="bbox 437 4409 2191 4482">
    <p class='ocr_par' dir='ltr' id='par_1_90' title="bbox 437 4409 2191 4482">
     <span class='ocr_line' id='line_1_92' title="bbox 437 4409 2191 4482; baseline -0.007 -9"><span class='ocrx_word' id='word_1_714' title='bbox 437 4431 561 4473; x_wconf 86' lang='lat' dir='ltr'><strong>mus</strong></span> <span class='ocrx_word' id='word_1_715' title='bbox 586 4413 863 4471; x_wconf 86' lang='lat' dir='ltr'><strong>hominem</strong></span> <span class='ocrx_word' id='word_1_716' title='bbox 882 4411 950 4466; x_wconf 89' lang='lat' dir='ltr'><strong>ad</strong></span> <span class='ocrx_word' id='word_1_717' title='bbox 987 4410 1281 4482; x_wconf 89' lang='lat' dir='ltr'><strong>imaginem</strong></span> <span class='ocrx_word' id='word_1_718' title='bbox 1315 4409 1844 4479; x_wconf 82' lang='lat' dir='ltr'><strong>similitudinemque</strong></span> <span class='ocrx_word' id='word_1_719' title='bbox 1869 4418 2139 4463; x_wconf 88' lang='lat' dir='ltr'><strong>nostram.</strong></span> <span class='ocrx_word' id='word_1_720' title='bbox 2172 4427 2191 4460; x_wconf 77' lang='grc' dir='ltr'><strong>ι</strong></span> 
     </span>
    </p>
   </div>
   <div class='ocr_carea' id='block_1_91' title="bbox 1027 4522 1412 4583">
    <p class='ocr_par' dir='ltr' id='par_1_91' title="bbox 1027 4522 1412 4583">
     <span class='ocr_line' id='line_1_93' title="bbox 1027 4522 1412 4583; baseline -0.008 -1"><span class='ocrx_word' id='word_1_721' title='bbox 1027 4522 1258 4583; x_wconf 78' lang='lat' dir='ltr'><strong>CAPUT</strong></span> <span class='ocrx_word' id='word_1_722' title='bbox 1296 4523 1412 4580; x_wconf 72' lang='lat' dir='ltr'><strong>VII.</strong></span> 
     </span>
    </p>
   </div>
   <div class='ocr_carea' id='block_1_92' title="bbox 2647 4519 3153 4578">
    <p class='ocr_par' dir='ltr' id='par_1_92' title="bbox 2647 4519 3153 4578">
     <span class='ocr_line' id='line_1_94' title="bbox 2647 4519 3153 4578; baseline 0 -1"><span class='ocrx_word' id='word_1_723' title='bbox 2647 4521 3049 4577; x_wconf 76' lang='grc' dir='ltr'><strong>ΚΕΦΑΛΜΟΝ</strong></span> <span class='ocrx_word' id='word_1_724' title='bbox 3079 4519 3153 4578; x_wconf 87' lang='grc' dir='ltr'><strong>Ζ’.</strong></span> 
     </span>
    </p>
   </div>
   <div class='ocr_carea' id='block_1_93' title="bbox 439 4613 2017 4691">
    <p class='ocr_par' dir='ltr' id='par_1_93' title="bbox 439 4616 2015 4691">
     <span class='ocr_line' id='line_1_95' title="bbox 439 4616 2015 4691; baseline -0.004 -12"><span class='ocrx_word' id='word_1_725' title='bbox 439 4621 788 4691; x_wconf 69' lang='lat' dir='ltr'><strong>Quamobrem</strong></span> <span class='ocrx_word' id='word_1_726' title='bbox 819 4617 980 4675; x_wconf 71' lang='lat' dir='ltr'><strong>natiiis</strong></span> <span class='ocrx_word' id='word_1_727' title='bbox 997 4634 1028 4672; x_wconf 84' lang='grc' dir='ltr'><strong>α</strong></span> <span class='ocrx_word' id='word_1_728' title='bbox 1046 4629 1240 4691; x_wconf 80' lang='lat' dir='ltr'><strong>natura</strong></span> <span class='ocrx_word' id='word_1_729' title='bbox 1249 4619 1324 4691; x_wconf 75' lang='lat' dir='ltr'><strong>sit</strong></span> <span class='ocrx_word' id='word_1_730' title='bbox 1353 4617 1519 4672; x_wconf 82' lang='lat' dir='ltr'><strong>armis</strong></span> <span class='ocrx_word' id='word_1_731' title='bbox 1543 4616 1719 4681; x_wconf 83' lang='lat' dir='ltr'><strong>homo,</strong></span> <span class='ocrx_word' id='word_1_732' title='bbox 1751 4617 2015 4688; x_wconf 77' lang='lat' dir='ltr'><strong>nullisque</strong></span> 
     </span>
    </p>
   </div>
   <div class='ocr_carea' id='block_1_94' title="bbox 2112 4613 3698 4691">
    <p class='ocr_par' dir='ltr' id='par_1_94' title="bbox 2117 4613 3698 4691">
     <span class='ocr_line' id='line_1_96' title="bbox 2117 4613 3698 4691; baseline 0.001 -19"><span class='ocrx_word' id='word_1_733' title='bbox 2117 4617 2220 4673; x_wconf 85' lang='grc' dir='ltr'><strong>Διὰ</strong></span> <span class='ocrx_word' id='word_1_734' title='bbox 2245 4619 2301 4672; x_wconf 85' lang='grc' dir='ltr'><strong>τί</strong></span> <span class='ocrx_word' id='word_1_735' title='bbox 2337 4616 2566 4688; x_wconf 73' lang='grc' dir='ltr'>γυμνὸς</span> <span class='ocrx_word' id='word_1_736' title='bbox 2593 4615 2720 4691; x_wconf 72' lang='grc' dir='ltr'><strong>τῶν</strong></span> <span class='ocrx_word' id='word_1_737' title='bbox 2741 4617 2810 4691; x_wconf 53' lang='lat' dir='ltr'><strong>ex</strong></span> <span class='ocrx_word' id='word_1_738' title='bbox 2838 4618 3080 4691; x_wconf 62' lang='grc' dir='ltr'>φύσεως</span> <span class='ocrx_word' id='word_1_739' title='bbox 3105 4613 3309 4672; x_wconf 71' lang='grc' dir='ltr'>ὅπλων</span> <span class='ocrx_word' id='word_1_740' title='bbox 3336 4635 3402 4672; x_wconf 75' lang='grc' dir='ltr'><strong>τε</strong></span> <span class='ocrx_word' id='word_1_741' title='bbox 3421 4619 3519 4674; x_wconf 77' lang='grc' dir='ltr'><strong>καί</strong></span> <span class='ocrx_word' id='word_1_742' title='bbox 3554 4633 3698 4690; x_wconf 76' lang='grc' dir='ltr'>προ-</span> 
     </span>
    </p>
   </div>
   <div class='ocr_carea' id='block_1_95' title="bbox 901 4689 1551 4759">
    <p class='ocr_par' dir='ltr' id='par_1_95' title="bbox 901 4689 1551 4759">
     <span class='ocr_line' id='line_1_97' title="bbox 901 4689 1551 4759; baseline 0.002 -16"><span class='ocrx_word' id='word_1_743' title='bbox 901 4690 1207 4759; x_wconf 80' lang='lat' dir='ltr'><strong>tegumentt&#39;s</strong></span> <span class='ocrx_word' id='word_1_744' title='bbox 1240 4689 1551 4744; x_wconf 70' lang='lat' dir='ltr'><strong>instructus.</strong></span> 
     </span>
    </p>
   </div>
   <div class='ocr_carea' id='block_1_96' title="bbox 507 4777 2011 4854">
    <p class='ocr_par' dir='ltr' id='par_1_96' title="bbox 507 4777 2011 4854">
     <span class='ocr_line' id='line_1_98' title="bbox 507 4777 2011 4854; baseline -0.003 -16"><span class='ocrx_word' id='word_1_745' title='bbox 507 4781 652 4854; x_wconf 82' lang='lat' dir='ltr'><strong>Quid</strong></span> <span class='ocrx_word' id='word_1_746' title='bbox 684 4795 813 4838; x_wconf 86' lang='lat' dir='ltr'><strong>vero</strong></span> <span class='ocrx_word' id='word_1_747' title='bbox 843 4781 950 4838; x_wconf 82' lang='lat' dir='ltr'><strong>sibi</strong></span> <span class='ocrx_word' id='word_1_748' title='bbox 979 4781 1098 4837; x_wconf 85' lang='lat' dir='ltr'><strong>vult</strong></span> <span class='ocrx_word' id='word_1_749' title='bbox 1121 4791 1305 4836; x_wconf 84' lang='lat' dir='ltr'><strong>erecta</strong></span> <span class='ocrx_word' id='word_1_750' title='bbox 1335 4779 1392 4835; x_wconf 89' lang='lat' dir='ltr'><strong>in</strong></span> <span class='ocrx_word' id='word_1_751' title='bbox 1424 4779 1644 4836; x_wconf 89' lang='lat' dir='ltr'><strong>homine</strong></span> <span class='ocrx_word' id='word_1_752' title='bbox 1671 4777 1888 4850; x_wconf 80' lang='lat' dir='ltr'><strong>ﬁgura?</strong></span> <span class='ocrx_word' id='word_1_753' title='bbox 1915 4785 2011 4836; x_wconf 88' lang='lat' dir='ltr'><strong>aut</strong></span> 
     </span>
    </p>
   </div>
   <div class='ocr_carea' id='block_1_97' title="bbox 437 4871 2010 4946">
    <p class='ocr_par' dir='ltr' id='par_1_97' title="bbox 437 4871 2010 4946">
     <span class='ocr_line' id='line_1_99' title="bbox 437 4871 2010 4946; baseline -0.003 -14"><span class='ocrx_word' id='word_1_754' title='bbox 437 4891 537 4932; x_wconf 89' lang='lat' dir='ltr'><strong>cur</strong></span> <span class='ocrx_word' id='word_1_755' title='bbox 565 4891 673 4930; x_wconf 92' lang='lat' dir='ltr'><strong>nou</strong></span> <span class='ocrx_word' id='word_1_756' title='bbox 711 4875 926 4944; x_wconf 83' lang='lat' dir='ltr'><strong>corpori</strong></span> <span class='ocrx_word' id='word_1_757' title='bbox 943 4875 1104 4946; x_wconf 90' lang='lat' dir='ltr'><strong>quasi</strong></span> <span class='ocrx_word' id='word_1_758' title='bbox 1135 4873 1441 4944; x_wconf 73' lang='lat' dir='ltr'><strong>congenitte</strong></span> <span class='ocrx_word' id='word_1_759' title='bbox 1483 4879 1614 4928; x_wconf 85' lang='lat' dir='ltr'><strong>sunt</strong></span> <span class='ocrx_word' id='word_1_760' title='bbox 1645 4871 1892 4943; x_wconf 65' lang='lat' dir='ltr'><strong>quaedam</strong></span> <span class='ocrx_word' id='word_1_761' title='bbox 1941 4872 2010 4927; x_wconf 90' lang='lat' dir='ltr'><strong>ad</strong></span> 
     </span>
    </p>
   </div>
   <div class='ocr_carea' id='block_1_98' title="bbox 435 4961 2060 5036">
    <p class='ocr_par' dir='ltr' id='par_1_98' title="bbox 435 4961 2060 5036">
     <span class='ocr_line' id='line_1_100' title="bbox 435 4961 2060 5036; baseline 0 -18"><span class='ocrx_word' id='word_1_762' title='bbox 435 4963 693 5018; x_wconf 82' lang='lat' dir='ltr'><strong>tuendam</strong></span> <span class='ocrx_word' id='word_1_763' title='bbox 725 4963 888 5018; x_wconf 83' lang='lat' dir='ltr'><strong>vitam</strong></span> <span class='ocrx_word' id='word_1_764' title='bbox 923 4961 1247 5018; x_wconf 63' lang='lat' dir='ltr'><strong>necessariae</strong></span> <span class='ocrx_word' id='word_1_765' title='bbox 1285 4961 1476 5017; x_wconf 75' lang='lat' dir='ltr'><strong>vires?</strong></span> <span class='ocrx_word' id='word_1_766' title='bbox 1517 4961 1819 5032; x_wconf 86' lang='lat' dir='ltr'><strong>imparatus</strong></span> <span class='ocrx_word' id='word_1_767' title='bbox 1873 4961 2010 5019; x_wconf 87' lang='lat' dir='ltr'><strong>adeo</strong></span> 
     </span>
    </p>
   </div>
   <div class='ocr_carea' id='block_1_99' title="bbox 435 5053 2006 5126">
    <p class='ocr_par' dir='ltr' id='par_1_99' title="bbox 435 5053 2006 5126">
     <span class='ocr_line' id='line_1_101' title="bbox 435 5053 2006 5126; baseline 0.001 -16"><span class='ocrx_word' id='word_1_768' title='bbox 435 5055 505 5110; x_wconf 85' lang='lat' dir='ltr'><strong>ab</strong></span> <span class='ocrx_word' id='word_1_769' title='bbox 553 5053 812 5112; x_wconf 80' lang='lat' dir='ltr'><strong>omnibus</strong></span> <span class='ocrx_word' id='word_1_770' title='bbox 861 5062 1072 5110; x_wconf 72' lang='lat' dir='ltr'><strong>natura:</strong></span> <span class='ocrx_word' id='word_1_771' title='bbox 1127 5053 1421 5125; x_wconf 67' lang='lat' dir='ltr'><strong>prasidiis,</strong></span> <span class='ocrx_word' id='word_1_772' title='bbox 1469 5055 1728 5119; x_wconf 86' lang='lat' dir='ltr'><strong>inermis,</strong></span> <span class='ocrx_word' id='word_1_773' title='bbox 1781 5071 2006 5126; x_wconf 85' lang='lat' dir='ltr'><strong>pauper,</strong></span> 
     </span>
    </p>
   </div>
   <div class='ocr_carea' id='block_1_100' title="bbox 433 5146 2006 5219">
    <p class='ocr_par' dir='ltr' id='par_1_100' title="bbox 433 5146 2006 5219">
     <span class='ocr_line' id='line_1_102' title="bbox 433 5146 2006 5219; baseline 0.003 -19"><span class='ocrx_word' id='word_1_774' title='bbox 433 5147 678 5202; x_wconf 81' lang='lat' dir='ltr'><strong>omnium</strong></span> <span class='ocrx_word' id='word_1_775' title='bbox 701 5146 766 5201; x_wconf 91' lang='lat' dir='ltr'><strong>ad</strong></span> <span class='ocrx_word' id='word_1_776' title='bbox 793 5161 954 5203; x_wconf 86' lang='lat' dir='ltr'><strong>usum</strong></span> <span class='ocrx_word' id='word_1_777' title='bbox 969 5148 1094 5202; x_wconf 66' lang='lat' dir='ltr'><strong>vitae</strong></span> <span class='ocrx_word' id='word_1_778' title='bbox 1113 5147 1548 5204; x_wconf 76' lang='lat' dir='ltr'><strong>necessariorum</strong></span> <span class='ocrx_word' id='word_1_779' title='bbox 1575 5162 1743 5219; x_wconf 85' lang='lat' dir='ltr'><strong>egens</strong></span> <span class='ocrx_word' id='word_1_780' title='bbox 1768 5159 2006 5217; x_wconf 82' lang='lat' dir='ltr'><strong>creatur,</strong></span> 
     </span>
    </p>
   </div>
   <div class='ocr_carea' id='block_1_101' title="bbox 435 5235 2007 5310">
    <p class='ocr_par' dir='ltr' id='par_1_101' title="bbox 435 5235 2007 5310">
     <span class='ocr_line' id='line_1_103' title="bbox 435 5235 2007 5310; baseline 0.004 -20"><span class='ocrx_word' id='word_1_781' title='bbox 435 5235 655 5308; x_wconf 83' lang='lat' dir='ltr'><strong>dignior</strong></span> <span class='ocrx_word' id='word_1_782' title='bbox 710 5237 1225 5304; x_wconf 83' lang='lat' dir='ltr'><strong>commiseratione,</strong></span> <span class='ocrx_word' id='word_1_783' title='bbox 1285 5237 1364 5294; x_wconf 88' lang='lat' dir='ltr'><strong>uti</strong></span> <span class='ocrx_word' id='word_1_784' title='bbox 1419 5238 1642 5310; x_wconf 83' lang='lat' dir='ltr'><strong>quidem</strong></span> <span class='ocrx_word' id='word_1_785' title='bbox 1690 5240 2007 5310; x_wconf 81' lang='lat' dir='ltr'><strong>apparebat,</strong></span> 
     </span>
    </p>
   </div>
   <div class='ocr_carea' id='block_1_102' title="bbox 435 5327 2009 5397">
    <p class='ocr_par' dir='ltr' id='par_1_102' title="bbox 435 5327 2009 5397">
     <span class='ocr_line' id='line_1_104' title="bbox 435 5327 2009 5397; baseline 0.003 -14"><span class='ocrx_word' id='word_1_786' title='bbox 435 5341 602 5396; x_wconf 79' lang='lat' dir='ltr'><strong>quam</strong></span> <span class='ocrx_word' id='word_1_787' title='bbox 629 5327 724 5397; x_wconf 90' lang='lat' dir='ltr'><strong>qui</strong></span> <span class='ocrx_word' id='word_1_788' title='bbox 753 5327 951 5384; x_wconf 78' lang='lat' dir='ltr'><strong>beatus</strong></span> <span class='ocrx_word' id='word_1_789' title='bbox 982 5327 1392 5396; x_wconf 68' lang='lat' dir='ltr'><strong>pradicareIur.</strong></span> <span class='ocrx_word' id='word_1_790' title='bbox 1419 5327 1540 5386; x_wconf 84' lang='lat' dir='ltr'><strong>Non</strong></span> <span class='ocrx_word' id='word_1_791' title='bbox 1567 5345 1836 5386; x_wconf 88' lang='lat' dir='ltr'><strong>cornuum</strong></span> <span class='ocrx_word' id='word_1_792' title='bbox 1887 5347 2009 5388; x_wconf 87' lang='lat' dir='ltr'><strong>mu-</strong></span> 
     </span>
    </p>
   </div>
   <div class='ocr_carea' id='block_1_103' title="bbox 438 5417 2042 5490">
    <p class='ocr_par' dir='ltr' id='par_1_103' title="bbox 438 5417 2042 5490">
     <span class='ocr_line' id='line_1_105' title="bbox 438 5417 2042 5490; baseline 0.003 -18"><span class='ocrx_word' id='word_1_793' title='bbox 438 5417 644 5474; x_wconf 83' lang='lat' dir='ltr'><strong>nitione</strong></span> <span class='ocrx_word' id='word_1_794' title='bbox 661 5425 932 5480; x_wconf 86' lang='lat' dir='ltr'><strong>armatus.</strong></span> <span class='ocrx_word' id='word_1_795' title='bbox 969 5431 1076 5474; x_wconf 87' lang='lat' dir='ltr'><strong>non</strong></span> <span class='ocrx_word' id='word_1_796' title='bbox 1107 5419 1370 5490; x_wconf 85' lang='lat' dir='ltr'><strong>unguium</strong></span> <span class='ocrx_word' id='word_1_797' title='bbox 1397 5421 1672 5485; x_wconf 87' lang='lat' dir='ltr'><strong>acumine,</strong></span> <span class='ocrx_word' id='word_1_798' title='bbox 1697 5435 1806 5476; x_wconf 88' lang='lat' dir='ltr'><strong>non</strong></span> <span class='ocrx_word' id='word_1_799' title='bbox 1828 5421 2008 5478; x_wconf 85' lang='lat' dir='ltr'><strong>denti-</strong></span> <span class='ocrx_word' id='word_1_800' title='bbox 2039 5435 2042 5438; x_wconf 84' lang='lat'>&#39;</span> 
     </span>
    </p>
   </div>
   <div class='ocr_carea' id='block_1_104' title="bbox 435 5505 2008 5580">
    <p class='ocr_par' dir='ltr' id='par_1_104' title="bbox 435 5505 2008 5580">
     <span class='ocr_line' id='line_1_106' title="bbox 435 5505 2008 5580; baseline 0.001 -16"><span class='ocrx_word' id='word_1_801' title='bbox 435 5505 562 5572; x_wconf 74' lang='lat' dir='ltr'><strong>bus,</strong></span> <span class='ocrx_word' id='word_1_802' title='bbox 593 5521 704 5566; x_wconf 85' lang='lat' dir='ltr'><strong>non</strong></span> <span class='ocrx_word' id='word_1_803' title='bbox 743 5507 989 5580; x_wconf 84' lang='lat' dir='ltr'><strong>ungulis,</strong></span> <span class='ocrx_word' id='word_1_804' title='bbox 1009 5522 1118 5562; x_wconf 88' lang='lat' dir='ltr'><strong>non</strong></span> <span class='ocrx_word' id='word_1_805' title='bbox 1147 5506 1336 5564; x_wconf 86' lang='lat' dir='ltr'><strong>aculeo</strong></span> <span class='ocrx_word' id='word_1_806' title='bbox 1375 5517 1662 5575; x_wconf 81' lang='lat' dir='ltr'><strong>venenato,</strong></span> <span class='ocrx_word' id='word_1_807' title='bbox 1693 5507 2008 5580; x_wconf 81' lang='lat' dir='ltr'><strong>cujusmodi</strong></span> 
     </span>
    </p>
   </div>
   <div class='ocr_carea' id='block_1_105' title="bbox 521 5686 1022 5754">
    <p class='ocr_par' dir='ltr' id='par_1_105' title="bbox 521 5686 1022 5754">
     <span class='ocr_line' id='line_1_107' title="bbox 521 5686 1022 5754; baseline 0.006 -13"><span class='ocrx_word' id='word_1_808' title='bbox 521 5687 572 5722; x_wconf 73' lang='grc'><strong>⁵⁸</strong></span> <span class='ocrx_word' id='word_1_809' title='bbox 609 5686 752 5744; x_wconf 82' lang='lat' dir='ltr'><strong>Psal.</strong></span> <span class='ocrx_word' id='word_1_810' title='bbox 785 5703 939 5754; x_wconf 69' lang='lat' dir='ltr'><strong>XCIII.</strong></span> <span class='ocrx_word' id='word_1_811' title='bbox 967 5691 1022 5746; x_wconf 79' lang='lat'><strong>9.</strong></span> 
     </span>
    </p>
   </div>
   <div class='ocr_carea' id='block_1_106' title="bbox 2487 4685 3312 4758">
    <p class='ocr_par' dir='ltr' id='par_1_106' title="bbox 2487 4685 3312 4758">
     <span class='ocr_line' id='line_1_108' title="bbox 2487 4685 3312 4758; baseline 0.001 -16"><span class='ocrx_word' id='word_1_812' title='bbox 2487 4685 2892 4758; x_wconf 71' lang='grc' dir='ltr'>καλυμμάτων</span> <span class='ocrx_word' id='word_1_813' title='bbox 2913 4691 2947 4742; x_wconf 83' lang='lat' dir='ltr'><strong>d</strong></span> <span class='ocrx_word' id='word_1_814' title='bbox 2979 4689 3312 4758; x_wconf 74' lang='grc' dir='ltr'>ἄνθρωπος.</span> 
     </span>
    </p>
   </div>
   <div class='ocr_carea' id='block_1_107' title="bbox 2199 4777 3694 4853">
    <p class='ocr_par' dir='ltr' id='par_1_107' title="bbox 2199 4777 3694 4853">
     <span class='ocr_line' id='line_1_109' title="bbox 2199 4777 3694 4853; baseline 0.002 -20"><span class='ocrx_word' id='word_1_815' title='bbox 2199 4779 2358 4834; x_wconf 76' lang='grc' dir='ltr'>Ἀλλὰ</span> <span class='ocrx_word' id='word_1_816' title='bbox 2387 4777 2442 4834; x_wconf 84' lang='grc' dir='ltr'><strong>τί</strong></span> <span class='ocrx_word' id='word_1_817' title='bbox 2471 4777 2720 4852; x_wconf 82' lang='grc' dir='ltr'>βούλεται</span> <span class='ocrx_word' id='word_1_818' title='bbox 2756 4780 2818 4833; x_wconf 81' lang='grc' dir='ltr'>τὸ</span> <span class='ocrx_word' id='word_1_819' title='bbox 2851 4779 2944 4834; x_wconf 80' lang='grc' dir='ltr'><strong>τοῦ</strong></span> <span class='ocrx_word' id='word_1_820' title='bbox 2985 4783 3261 4852; x_wconf 83' lang='grc' dir='ltr'>σχήματος</span> <span class='ocrx_word' id='word_1_821' title='bbox 3296 4781 3512 4853; x_wconf 81' lang='grc' dir='ltr'>δρθιον;</span> <span class='ocrx_word' id='word_1_822' title='bbox 3543 4782 3610 4836; x_wconf 83' lang='grc' dir='ltr'>Τί</span> <span class='ocrx_word' id='word_1_823' title='bbox 3638 4783 3694 4836; x_wconf 82' lang='grc' dir='ltr'>δὲ</span> 
     </span>
    </p>
   </div>
   <div class='ocr_carea' id='block_1_108' title="bbox 2115 4867 3696 4958">
    <p class='ocr_par' dir='ltr' id='par_1_108' title="bbox 2115 4867 3696 4958">
     <span class='ocr_line' id='line_1_110' title="bbox 2115 4867 3696 4958; baseline 0 -33"><span class='ocrx_word' id='word_1_824' title='bbox 2115 4869 2237 4943; x_wconf 75' lang='grc' dir='ltr'><strong>οὐχὶ</strong></span> <span class='ocrx_word' id='word_1_825' title='bbox 2285 4873 2550 4944; x_wconf 80' lang='grc' dir='ltr'>συμφυεῖς</span> <span class='ocrx_word' id='word_1_826' title='bbox 2591 4873 2728 4926; x_wconf 81' lang='grc' dir='ltr'>εἰσιν</span> <span class='ocrx_word' id='word_1_827' title='bbox 2771 4872 2830 4925; x_wconf 81' lang='grc' dir='ltr'>αἱ</span> <span class='ocrx_word' id='word_1_828' title='bbox 2861 4869 3000 4942; x_wconf 75' lang='grc' dir='ltr'>πρὸς</span> <span class='ocrx_word' id='word_1_829' title='bbox 3037 4867 3128 4926; x_wconf 75' lang='grc' dir='ltr'><strong>τόν</strong></span> <span class='ocrx_word' id='word_1_830' title='bbox 3168 4872 3284 4944; x_wconf 84' lang='grc' dir='ltr'>βίον</span> <span class='ocrx_word' id='word_1_831' title='bbox 3326 4871 3586 4958; x_wconf 57' lang='grc' dir='ltr'>δυνάμεις</span> <span class='ocrx_word' id='word_1_832' title='bbox 3615 4874 3696 4944; x_wconf 82' lang='grc' dir='ltr'>τῷ</span> 
     </span>
    </p>
   </div>
   <div class='ocr_carea' id='block_1_109' title="bbox 2091 4961 3788 5036">
    <p class='ocr_par' dir='ltr' id='par_1_109' title="bbox 2091 4961 3788 5036">
     <span class='ocr_line' id='line_1_111' title="bbox 2091 4961 3788 5036; baseline -0.002 -14"><span class='ocrx_word' id='word_1_833' title='bbox 2091 4961 2330 5035; x_wconf 62' lang='lat' dir='ltr'><strong>estbth</strong></span> <span class='ocrx_word' id='word_1_834' title='bbox 2354 4982 2371 5032; x_wconf 84' lang='lat'><strong>;</strong></span> <span class='ocrx_word' id='word_1_835' title='bbox 2395 4961 2530 5018; x_wconf 74' lang='grc' dir='ltr'>ἀλλὰ</span> <span class='ocrx_word' id='word_1_836' title='bbox 2561 4962 2768 5035; x_wconf 75' lang='grc' dir='ltr'>γυμνὸς</span> <span class='ocrx_word' id='word_1_837' title='bbox 2797 4963 2898 5036; x_wconf 80' lang='grc' dir='ltr'><strong>μὲν</strong></span> <span class='ocrx_word' id='word_1_838' title='bbox 2941 4962 3050 5018; x_wconf 73' lang='grc' dir='ltr'><strong>τῶν</strong></span> <span class='ocrx_word' id='word_1_839' title='bbox 3084 4964 3334 5034; x_wconf 70' lang='grc' dir='ltr'>φυσικῶν</span> <span class='ocrx_word' id='word_1_840' title='bbox 3372 4966 3696 5036; x_wconf 79' lang='grc' dir='ltr'>σκεπασμά-</span> <span class='ocrx_word' id='word_1_841' title='bbox 3781 4997 3788 5002; x_wconf 89' lang='grc'><strong>-</strong></span> 
     </span>
    </p>
   </div>
   <div class='ocr_carea' id='block_1_110' title="bbox 2117 5055 3696 5127">
    <p class='ocr_par' dir='ltr' id='par_1_110' title="bbox 2117 5055 3696 5127">
     <span class='ocr_line' id='line_1_112' title="bbox 2117 5055 3696 5127; baseline 0.001 -19"><span class='ocrx_word' id='word_1_842' title='bbox 2117 5071 2244 5121; x_wconf 74' lang='grc' dir='ltr'>των,</span> <span class='ocrx_word' id='word_1_843' title='bbox 2285 5056 2486 5120; x_wconf 73' lang='grc' dir='ltr'>ἄοπλος</span> <span class='ocrx_word' id='word_1_844' title='bbox 2514 5056 2572 5110; x_wconf 77' lang='grc' dir='ltr'>δέ</span> <span class='ocrx_word' id='word_1_845' title='bbox 2605 5073 2690 5119; x_wconf 77' lang='grc' dir='ltr'><strong>τις</strong></span> <span class='ocrx_word' id='word_1_846' title='bbox 2720 5057 2816 5110; x_wconf 77' lang='grc' dir='ltr'><strong>καὶ</strong></span> <span class='ocrx_word' id='word_1_847' title='bbox 2841 5055 3010 5127; x_wconf 63' lang='grc' dir='ltr'>πένης</span> <span class='ocrx_word' id='word_1_848' title='bbox 3035 5058 3064 5110; x_wconf 86' lang='lat'><strong>6</strong></span> <span class='ocrx_word' id='word_1_849' title='bbox 3107 5055 3416 5126; x_wconf 78' lang='grc' dir='ltr'>ἄνθρωπος,</span> <span class='ocrx_word' id='word_1_850' title='bbox 3447 5056 3544 5111; x_wconf 79' lang='grc' dir='ltr'>καὶ</span> <span class='ocrx_word' id='word_1_851' title='bbox 3587 5058 3696 5110; x_wconf 80' lang='grc' dir='ltr'>τῶν</span> 
     </span>
    </p>
   </div>
   <div class='ocr_carea' id='block_1_111' title="bbox 2113 5147 3695 5222">
    <p class='ocr_par' dir='ltr' id='par_1_111' title="bbox 2113 5147 3695 5222">
     <span class='ocr_line' id='line_1_113' title="bbox 2113 5147 3695 5222; baseline 0.001 -23"><span class='ocrx_word' id='word_1_852' title='bbox 2113 5147 2251 5222; x_wconf 76' lang='grc' dir='ltr'>πρὸς</span> <span class='ocrx_word' id='word_1_853' title='bbox 2297 5149 2396 5220; x_wconf 74' lang='grc' dir='ltr'>τὴν</span> <span class='ocrx_word' id='word_1_854' title='bbox 2428 5149 2617 5221; x_wconf 83' lang='grc' dir='ltr'>χρείαν</span> <span class='ocrx_word' id='word_1_855' title='bbox 2647 5148 2829 5219; x_wconf 74' lang='grc' dir='ltr'>ἐνδεὴς</span> <span class='ocrx_word' id='word_1_856' title='bbox 2863 5149 3122 5204; x_wconf 77' lang='grc' dir='ltr'>ἁπάντων</span> <span class='ocrx_word' id='word_1_857' title='bbox 3159 5148 3254 5202; x_wconf 72' lang='grc' dir='ltr'><strong>ἐπὶ</strong></span> <span class='ocrx_word' id='word_1_858' title='bbox 3289 5148 3382 5203; x_wconf 75' lang='grc' dir='ltr'>τὸν</span> <span class='ocrx_word' id='word_1_859' title='bbox 3411 5147 3526 5219; x_wconf 82' lang='grc' dir='ltr'>βίον</span> <span class='ocrx_word' id='word_1_860' title='bbox 3555 5163 3695 5219; x_wconf 83' lang='grc' dir='ltr'>παρ-</span> 
     </span>
    </p>
   </div>
   <div class='ocr_carea' id='block_1_112' title="bbox 2109 5240 3696 5314">
    <p class='ocr_par' dir='ltr' id='par_1_112' title="bbox 2109 5240 3696 5314">
     <span class='ocr_line' id='line_1_114' title="bbox 2109 5240 3696 5314; baseline -0.001 -18"><span class='ocrx_word' id='word_1_861' title='bbox 2109 5242 2324 5311; x_wconf 84' lang='grc' dir='ltr'>άγεται,</span> <span class='ocrx_word' id='word_1_862' title='bbox 2345 5240 2609 5296; x_wconf 75' lang='grc' dir='ltr'>ἐλεεῖσθαι</span> <span class='ocrx_word' id='word_1_863' title='bbox 2631 5241 2830 5314; x_wconf 81' lang='grc' dir='ltr'>μᾶλλον</span> <span class='ocrx_word' id='word_1_864' title='bbox 2847 5243 2882 5313; x_wconf 82' lang='grc' dir='ltr'>ἢ</span> <span class='ocrx_word' id='word_1_865' title='bbox 2905 5241 3304 5314; x_wconf 78' lang='grc' dir='ltr'>μακαρίζεσθαι</span> <span class='ocrx_word' id='word_1_866' title='bbox 3324 5241 3472 5296; x_wconf 78' lang='grc' dir='ltr'>κατὰ</span> <span class='ocrx_word' id='word_1_867' title='bbox 3485 5240 3548 5296; x_wconf 73' lang='grc' dir='ltr'>τὸ</span> <span class='ocrx_word' id='word_1_868' title='bbox 3569 5258 3696 5312; x_wconf 74' lang='grc' dir='ltr'>φαι-</span> 
     </span>
    </p>
   </div>
   <div class='ocr_carea' id='block_1_113' title="bbox 2111 5330 3692 5406">
    <p class='ocr_par' dir='ltr' id='par_1_113' title="bbox 2111 5330 3692 5406">
     <span class='ocr_line' id='line_1_115' title="bbox 2111 5330 3692 5406; baseline -0.001 -21"><span class='ocrx_word' id='word_1_869' title='bbox 2111 5331 2334 5403; x_wconf 82' lang='grc' dir='ltr'>νόμενον</span> <span class='ocrx_word' id='word_1_870' title='bbox 2355 5331 2524 5398; x_wconf 68' lang='grc' dir='ltr'>ἄξιος,</span> <span class='ocrx_word' id='word_1_871' title='bbox 2549 5331 2609 5386; x_wconf 87' lang='grc' dir='ltr'>ού</span> <span class='ocrx_word' id='word_1_872' title='bbox 2638 5331 2932 5405; x_wconf 76' lang='grc' dir='ltr'>προϐολαῖς</span> <span class='ocrx_word' id='word_1_873' title='bbox 2956 5332 3201 5406; x_wconf 78' lang='grc' dir='ltr'>κεράτων</span> <span class='ocrx_word' id='word_1_874' title='bbox 3224 5330 3692 5402; x_wconf 74' lang='grc' dir='ltr'>καθωπλισμένος,</span> 
     </span>
    </p>
   </div>
   <div class='ocr_carea' id='block_1_114' title="bbox 2087 5421 3692 5498">
    <p class='ocr_par' dir='ltr' id='par_1_114' title="bbox 2087 5421 3692 5498">
     <span class='ocr_line' id='line_1_116' title="bbox 2087 5421 3692 5498; baseline 0 -22"><span class='ocrx_word' id='word_1_875' title='bbox 2087 5423 2212 5476; x_wconf 81' lang='grc' dir='ltr'>οὐκ</span> <span class='ocrx_word' id='word_1_876' title='bbox 2241 5421 2447 5494; x_wconf 79' lang='grc' dir='ltr'>ὀνύχων</span> <span class='ocrx_word' id='word_1_877' title='bbox 2497 5423 2703 5495; x_wconf 80' lang='grc' dir='ltr'>ἀκμαῖς</span> <span class='ocrx_word' id='word_1_878' title='bbox 2725 5465 2741 5489; x_wconf 85' lang='grc'><em>,</em></span> <span class='ocrx_word' id='word_1_879' title='bbox 2780 5425 2880 5496; x_wconf 77' lang='grc' dir='ltr'>οὐχ</span> <span class='ocrx_word' id='word_1_880' title='bbox 2903 5425 3131 5492; x_wconf 80' lang='grc' dir='ltr'>ὁπλαῖς,</span> <span class='ocrx_word' id='word_1_881' title='bbox 3173 5426 3210 5498; x_wconf 76' lang='grc' dir='ltr'>ἢ</span> <span class='ocrx_word' id='word_1_882' title='bbox 3241 5423 3472 5486; x_wconf 76' lang='grc' dir='ltr'>ὀδοῦσιν.</span> <span class='ocrx_word' id='word_1_883' title='bbox 3506 5425 3540 5496; x_wconf 73' lang='grc' dir='ltr'>ἦ</span> <span class='ocrx_word' id='word_1_884' title='bbox 3583 5439 3692 5476; x_wconf 77' lang='grc' dir='ltr'>τινι</span> 
     </span>
    </p>
   </div>
   <div class='ocr_carea' id='block_1_115' title="bbox 2110 5509 3695 5590">
    <p class='ocr_par' dir='ltr' id='par_1_115' title="bbox 2110 5509 3695 5590">
     <span class='ocr_line' id='line_1_117' title="bbox 2110 5509 3695 5590; baseline 0.002 -23"><span class='ocrx_word' id='word_1_885' title='bbox 2110 5513 2323 5586; x_wconf 75' lang='grc' dir='ltr'>κέντρῳ</span> <span class='ocrx_word' id='word_1_886' title='bbox 2349 5514 2726 5588; x_wconf 79' lang='grc' dir='ltr'>θανατηφόρον</span> <span class='ocrx_word' id='word_1_887' title='bbox 2751 5518 2828 5573; x_wconf 75' lang='grc' dir='ltr'>ιδν</span> <span class='ocrx_word' id='word_1_888' title='bbox 2857 5519 2920 5572; x_wconf 80' lang='grc' dir='ltr'>ὲκ</span> <span class='ocrx_word' id='word_1_889' title='bbox 2944 5517 3159 5588; x_wconf 76' lang='grc' dir='ltr'>φύσεως</span> <span class='ocrx_word' id='word_1_890' title='bbox 3195 5517 3396 5590; x_wconf 71' lang='grc' dir='ltr'>ἔχοντι,</span> <span class='ocrx_word' id='word_1_891' title='bbox 3419 5511 3510 5572; x_wconf 76' lang='grc' dir='ltr'>οἷα</span> <span class='ocrx_word' id='word_1_892' title='bbox 3531 5509 3600 5587; x_wconf 78' lang='grc' dir='ltr'><strong>δή</strong></span> <span class='ocrx_word' id='word_1_893' title='bbox 3623 5509 3695 5570; x_wconf 68' lang='grc' dir='ltr'><strong>τά</strong></span> 
     </span>
    </p>
   </div>
  </div>
