4110 6484
412 351 514 406 ιιι

1630 345 1720 400 DE
1762 341 2044 401 HOMINIS
2101 339 2416 398 OPIFICIO.

3563 349 3666 406 162

411 458 586 515 πολλὰ
609 459 718 514 τῶν
748 460 903 526 ζώων
923 458 981 513 ἐν
1010 457 1222 520 ἑαυτοῖς
1253 456 1386 526 πρὸς
1408 455 1506 526 τὴν
1536 453 1644 506 τῶν
1677 452 1988 506 λυπούντων

2090 453 2257 508 rebus
2288 453 2557 507 instructa
2593 452 2851 523 pleraque
2886 454 3144 512 animalia
3189 457 3300 514 vim
3354 458 3663 520 ladentium

414 553 628 626 ἄμυναν
642 553 926 622 κέκτηται’
951 551 1012 604 οὐ
1031 553 1098 620 τῇ
1117 548 1225 603 τῶν
1244 547 1449 619 τριχῶν
1465 546 1726 619 περιϐολῇ
1739 546 1801 600 τὸ
1818 546 1980 616 σῶμα

413 646 771 703 καλύπτεταιδ
805 645 1046 710 καίτοιγε
1075 641 1206 703 ἴσως
1235 640 1326 695 τὸν
1358 639 1439 704 εἰς
1471 641 1646 712 ἀρχὴν
1667 639 1777 693 τῶν
1805 638 1981 694 ἄλλων

411 737 872 815 προτεταγμένον.
911 731 1130 795 οἰκείοις
1162 731 1348 796 ὅπλοις
1384 732 1491 785 ἔδει
1535 728 1983 802 περιπεφράχθαι

414 809 568 904 πᾲρὰ
591 830 689 896 τῆς
710 813 946 893 φύσεως,
965 823 1044 887 ὡς
1071 822 1139 877 ἂν
1159 821 1234 894 μὴ
1257 823 1356 894 τῆς
1381 823 1510 894 παρ’
1541 821 1746 894 ἑτέρων
1765 819 2054 887 tanton-5
2079 809 2086 812 ’

418 920 540 992 ρίας
573 914 708 986 πρὸς
736 913 833 984 τὴν
875 912 1012 966 ίδίαν
1043 911 1340 979 ἀσφάλειαν
1377 911 1568 967 δέοιτο.
1595 912 1732 966 Νυνὶ
1762 910 1821 965 δὲ
1851 909 1988 965 λέων

418 1013 536 1082 μὶν,
573 1006 666 1062 καὶ
703 1004 828 1070 σῦς,
865 1005 960 1059 καὶ
1009 1004 1188 1075 τίγρις
1212 1043 1226 1067 ,
1273 1004 1368 1056 καὶ
1393 1003 1658 1075 πάρδαλις
1679 1045 1694 1069 ,
1725 1003 1820 1058 καὶ
1849 1003 1904 1056 εί
1931 1021 2025 1072 τι,

410 1097 654 1153 τοιοῦτον
685 1097 871 1166 ἕτερον
897 1135 912 1159 ,
943 1095 1222 1165 ἀρκοῦσαν
1260 1094 1374 1165 ἔχει
1419 1092 1554 1165 πρὸς
1583 1093 1856 1164 σωτηρίαν
1885 1092 1986 1164 τὴν

410 1191 478 1246 ὲκ
505 1189 721 1261 φύσεως
763 1187 1014 1258 δύναμιν.
1058 1187 1168 1241 Καὶ
1202 1185 1284 1255 τῷ
1320 1185 1506 1258 ταύρῳ
1546 1185 1643 1256 μὲν
1686 1184 1748 1238 τὸ
1778 1185 1946 1256 κέρας
1968 1222 1990 1249 ,,

409 1283 509 1336 καὶ
536 1280 614 1351 τῷ
641 1279 836 1350 λαγωῷ
863 1278 925 1331 τὸ
949 1277 1144 1350 τάχος,
1185 1277 1280 1330 καὶ
1311 1280 1377 1348 τῇ
1411 1275 1632 1348 δορκάδι
1657 1275 1719 1329 τὺ
1755 1275 1987 1347 πήδημα
2011 1300 2024 1328 ,ι

411 1374 506 1430 καὶ
532 1372 730 1426 τὸκατ’
759 1370 1035 1442 ὀφθαλμὸν
1053 1369 1313 1439 ἀσφαλὲς,
1345 1369 1441 1423 καὶ
1467 1368 1612 1440 ἄλλῳ
1635 1369 1746 1422 τινὶ
1778 1367 1902 1440 ζώῳ
1921 1369 1984 1421 τὸ

414 1465 666 1538 μέγεθος,
698 1465 792 1520 καὶ
819 1462 1026 1536 ἑτέροις
1053 1462 1430 1534 ήπρονομαία,
1465 1463 1559 1517 καὶ
1584 1465 1694 1526 τοῖς
1719 1464 1988 1542 πετεινοῖς

408 1557 473 1613 τὸ
493 1556 708 1626 πτερὸν,
740 1555 833 1609 καὶ
861 1559 926 1626 τῇ
956 1553 1185 1626 μελίσσῃ
1208 1554 1270 1608 τὸ
1295 1554 1540 1637 κέντρον,
1568 1554 1664 1608 καὶ
1693 1555 1829 1606 πᾶσι
1852 1551 1987 1605 πάν-

2092 559 2151 600 se
2182 543 2504 614 propulsare
2535 543 2808 611 videmus,
2833 559 2902 600 ne
2927 545 3052 616 pilis
3081 547 3300 617 quidem
3347 565 3548 623 corpus
3587 567 3661 612 se.

2093 638 2258 708 gitur.
2316 637 2386 692 At
2426 651 2558 693 vero
2583 651 2729 705 eum,
2775 653 2864 692 CIII
2905 639 2960 694 in
3001 655 3088 694 res
3119 649 3344 700 caeteras
3375 646 3662 718 imperium

2093 728 2498 794 destinabatur,
2523 730 2693 784 armis
2709 745 2741 783 a
2767 739 2961 784 natura
2990 733 3228 804 pr0priis
3255 738 3522 794 munitum
3543 757 3666 799 esse

2093 820 2397 890 oportebat,
2429 835 2496 875 ne
2520 819 2586 876 ad
2642 821 2904 877 tuendum
2928 838 3050 879 sese
3088 839 3192 896 ope
3230 827 3407 883 aliena
3459 844 3660 899 egeret.

2091 909 2210 965 Jam
2237 910 2344 975 leo,
2373 925 2525 981 aper,
2557 912 2738 984 tigris,
2781 913 3041 983 pardalis,
3083 926 3277 974 caetera
3334 926 3665 983 necessariis

2093 1015 2125 1055 a
2155 1010 2351 1057 natura
2389 1003 2600 1059 viribus
2627 1003 2694 1057 ad
2728 1005 2983 1060 tuendam
3005 1006 3235 1063 salutem
3259 1025 3418 1067 suam
3444 1015 3665 1088 egregie

2093 1092 2363 1148 instructa
2390 1101 2540 1149 sunt.
2565 1092 2748 1149 Tauro
2777 1111 3003 1163 cornua,
3035 1097 3206 1171 lepori
3257 1103 3530 1172 celeritas,
3565 1123 3658 1163 ca-

2093 1197 2237 1253 preae
2291 1185 2376 1240 vis
2427 1185 2678 1252 saliendi,
2730 1188 3124 1260 oculorumque
3167 1195 3521 1263 praestantia;
3569 1198 3664 1255 alii

2095 1273 2317 1329 animali
2341 1277 2682 1347 magnitudo,
2707 1278 2801 1334 alii
2835 1281 3119 1350 proboscis
3146 1300 3163 1349 ;
3202 1283 3518 1342 volucribus
3542 1292 3662 1353 alie,

2093 1365 2182 1436 api
2212 1367 2460 1430 aculeus,
2497 1378 2662 1439 atque
2693 1370 2830 1426 adeo
2865 1372 3121 1427 omnibus
3173 1374 3403 1444 aliquid,
3450 1395 3560 1449 quo
3605 1397 3668 1439 se

2093 1465 2444 1522 conservent,
2475 1467 2674 1516 natura
2709 1459 2902 1532 largita
2932 1470 3036 1518 est.
3071 1462 3234 1522 Solus
3267 1465 3430 1522 homo
3481 1474 3667 1540 perni-

2092 1547 2251 1603 cibus
2268 1548 2497 1636 tardior,
2531 1553 2870 1624 corpulentis
2892 1554 3092 1622 minor,
3139 1557 3220 1612 eis
3277 1574 3400 1630 qua:
3441 1563 3610 1618 armis
3632 1579 3664 1619 a

407 1669 518 1716 τως
541 1652 601 1706 tv
627 1668 679 1704 τι
709 1651 790 1714 εἰς
823 1649 1099 1721 σωτηρίαν
1125 1648 1277 1719 παρὰ
1312 1641 1416 1718 τῆς
1434 1647 1650 1718 φύσεως
1676 1647 1982 1716 ἐμπέφυκε·

2090 1651 2290 1705 natura
2318 1641 2464 1699 datis
2489 1638 2604 1699 tuta
2635 1651 2784 1710 sunt,
2818 1645 3140 1702 imbecillior
3168 1656 3274 1705 est.
3322 1650 3427 1716 Qui
3475 1653 3662 1724 igitur,

410 1741 572 1813 μόνος
596 1740 654 1795 δὲ
683 1741 899 1794 πάντων
935 1739 965 1792 ὁ
993 1737 1278 1812 ἄνθρωπος
1306 1739 1414 1792 τῶν
1451 1738 1549 1808 μὲν
1582 1737 2011 1810 ταχυδρομούν-κ¹
2031 1740 2046 1759 ί

2047 1762 2052 1785 λ
2092 1731 2298 1788 dixerit
2316 1733 2545 1804 aliquis,
2578 1744 3008 1794 consentaneum
3029 1748 3146 1804 est.
3173 1741 3264 1796 tali
3291 1757 3475 1800 rerum
3509 1761 3666 1802 sum-

405 1851 516 1888 των
543 1834 860 1905 ἀργότερος,
889 1831 998 1886 τῶν
1023 1829 1082 1884 δὲ
1115 1829 1602 1902 πολυσαρκούντων
1627 1825 1984 1902 βραχύτερος,

2090 1839 2232 1878 mam
2255 1825 2556 1897 obtigisse?
2570 1827 2681 1898 Ego
2699 1844 2830 1886 vero
2859 1829 3003 1886 haud
3028 1832 3324 1892 difﬁculter
3345 1838 3662 1903 ostendero,

405 1924 518 1978 τῶν
548 1923 607 1978 δὲ
629 1925 743 1986 τοῖς
783 1920 1084 1992 συμφύτοις
1117 1921 1304 1985 ὅπλοις
1330 1921 1753 1994 ἠσφαλισμένων
1781 1921 1987 1975 εὐαλω-

406 2016 646 2087 τότερος.
672 2014 784 2069 Καὶ
811 2013 949 2078 πῶς,
979 1994 1222 2084 τρεῖιτις,
1250 2014 1277 2065 ὁ
1295 2013 1535 2078 τοιοῦτος
1558 2011 1658 2083 τὴν
1687 2011 1862 2085 ἀρχὴν
1887 2011 1989 2082 τὴν

407 2105 550 2158 κατὰ
573 2101 792 2158 πάντων
820 2099 1204 2173 κεκλήρωται;
1236 2098 1373 2154 Ἀλλ’
1403 2100 1556 2153 οὐδὲν
1578 2094 1734 2170 οἶμαι
1755 2098 1988 2170 χαλεπὸν

2094 1915 2149 1971 id
2181 1917 2328 1985 quod
2353 1933 2385 1972 a
2414 1926 2610 1975 natura
2635 1920 2795 1977 nobis
2834 1921 3030 1979 deesse
3073 1925 3306 1991 videtur,
3345 1943 3510 1984 unam
3540 1945 3667 1988 esse

2093 2023 2320 2065 causam
2357 2011 2429 2067 ob
2461 2027 2625 2084 quam
2652 2022 2850 2070 caetera
2893 2026 3081 2071 nostra
3115 2018 3226 2072 sint
3267 2019 3322 2074 in
3370 2030 3662 2090 potestate.

2091 2097 2228 2154 Nam
2262 2100 2415 2158 siem
2445 2101 2683 2159 hominis
2703 2105 2848 2159 vires
2894 2103 3094 2172 forent,
3136 2115 3196 2160 ut
3245 2123 3422 2180 equos
3463 2112 3664 2169 celeri.

407 2197 613 2263 δεῖξαι,
667 2195 749 2248 ὅτι
797 2193 858 2248 τὸ
895 2192 1088 2246 δοκοῦν
1127 2191 1340 2256 ἐπιδεὲς
1384 2193 1486 2263 τῆς
1535 2191 1750 2261 φύσεως
1789 2186 1999 2262 muva

2092 2201 2205 2248 tate
2241 2204 2619 2264 praecurreret,
2669 2212 2733 2250 ac
2769 2197 2933 2266 pedes
2980 2197 3205 2254 haberet
3243 2217 3306 2256 ea
3345 2201 3566 2270 duritie,
3608 2217 3666 2261 ut

409 2288 633 2360 ἀφορμὴ
670 2287 804 2357 πρὸς
840 2286 902 2338 τὸ
940 2286 1161 2357 κρατεῖν
1202 2283 1312 2338 τῶν
1350 2281 1677 2352 ὑποχειρίων
1723 2281 1891 2336 ἐστίν.
1923 2283 1986 2335 Εἰ

408 2382 519 2454 γὰρ
558 2379 702 2433 οὕτω
731 2377 1014 2448 δυνάμεως
1062 2371 1208 2445 εἶχεν
1239 2377 1268 2428 ὁ
1307 2373 1595 2444 ἄνθρωπος
1622 2412 1638 2437 ,
1669 2372 1745 2436 ὡς
1783 2375 1851 2443 τῇ
1884 2373 1984 2442 μὲν

2093 2284 2213 2340 lmdi
2237 2301 2349 2341 non
2388 2293 2634 2357 possent,
2669 2286 2890 2356 ungulis
2923 2287 3179 2344 nimirum
3209 2292 3399 2348 solidis
3425 2295 3510 2350 vel
3532 2295 3663 2350 cheo

2095 2374 2162 2430 lis
2189 2376 2473 2443 munitos;
2519 2383 2778 2447 praeterea
2817 2376 2921 2447 ipsi
2959 2393 3060 2434 nec
3092 2394 3297 2436 cornua
3345 2398 3448 2439 nec
3491 2387 3666 2443 aculei

410 2473 656 2544 ὠκύτητι
704 2468 1074 2542 παρατρέχειν
1103 2466 1196 2520 τὸν
1243 2466 1430 2528 ἵππον,
1477 2464 1740 2537 ἄτριπτον
1790 2464 1847 2517 δὲ
1883 2463 1988 2516 ὑπὸ

2094 2480 2196 2520 nec
2232 2480 2443 2537 ungues
2471 2466 2725 2524 deessent
2754 2485 2766 2520 :
2803 2467 3038 2538 primum
3073 2471 3292 2540 quidem
3323 2476 3669 2532 immanitate

413 2561 768 2634 στερρότητος
796 2558 939 2629 ἔχειν
983 2555 1075 2610 τὸν
1106 2553 1261 2620 πόδα,
1309 2553 1506 2618 ὁπλαῖς
1550 2570 1693 2607 τισιν
1733 2553 1769 2624 ἢ
1801 2552 1994 2624 χηλαῖς

2090 2554 2246 2620 [ει-υς
2272 2573 2336 2612 ac
2360 2557 2599 2615 crudelis
2632 2567 2801 2626 esset,
2843 2561 3010 2617 rebus
3038 2561 3105 2617 ad
3158 2567 3517 2624 exercendam
3564 2585 3667 2625 sae-

411 2652 773 2727 ἐρειδόμενον,
808 2650 1016 2722 κέρατα
1057 2647 1116 2702 δὲ
1160 2647 1254 2700 καὶ
1293 2647 1495 2719 κέντρα
1543 2645 1637 2698 καὶ
1677 2645 1878 2716 ὄνυχας
1929 2645 1999 2697 ἐνῖ

2095 2647 2281 2703 vitiam
2312 2651 2644 2720 comparatis
2672 2667 2705 2705 a
2744 2663 2941 2709 natura
2977 2653 3296 2716 instructus.
3329 2655 3536 2716 Deinde
3566 2660 3666 2715 imo

412 2743 592 2813 ἑαυτῷ
632 2740 853 2812 φέρειν·
902 2738 1118 2810 πρῶτον
1157 2736 1257 2809 μὲν
1309 2737 1582 2810 θηριώδης
1637 2754 1724 2799 τις
1776 2737 1842 2790 ἂν
1886 2732 1954 2807 ἦν
1981 2776 1996 2801 ,

2094 2740 2304 2810 perium
2343 2741 2399 2794 in
2433 2756 2522 2798 res
2546 2748 2773 2799 ceteras
2805 2759 2914 2799 non
2952 2756 3298 2816 occupasset,
3327 2751 3550 2820 quando
3586 2754 3669 2808 eis

413 2835 510 2890 καὶ
556 2834 916 2904 δυσάντητος,
965 2830 1221 2885 τοιούτων
1269 2830 1436 2884 αὐτοῦ
1483 2829 1563 2901 τῷ
1610 2829 1822 2900 σώματι
1857 2847 1996 2900 συμ-

2093 2830 2258 2885 etiam
2289 2830 2518 2902 imperio
2554 2847 2656 2888 suo
2679 2833 2944 2905 subjectis
2977 2837 3179 2891 nullam
3224 2839 3291 2894 ad
3325 2855 3442 2897 rem
3487 2845 3669 2914 eguis-

413 2927 755 2999 πεφυκότων.
799 2926 1030 2978 Ἔπειτα
1064 2923 1121 2976 δὲ
1161 2921 1412 2994 παρεῖδεν
1437 2921 1505 2975 ἂν
1532 2919 1630 2994 τὴν
1678 2920 1788 2974 τῶν
1817 2919 1996 2975 ἄλλων

2095 2929 2197 2977 set.
2234 2920 2391 2977 Nunc
2428 2924 2530 2980 hac
2551 2924 2669 2995 ipsa
2702 2925 2771 2981 de
2807 2942 2972 2982 causa
3017 2930 3229 3000 singula
3253 2933 3408 3002 quasi
3460 2938 3666 2992 manci-

413 3018 627 3092 ἀρχὴν,
677 3016 830 3071 οὐδὲν
877 3016 978 3086 τῆς
1026 3014 1317 3086 συνεργίας
1367 3012 1476 3067 τῶν
1514 3013 1842 3084 ὑποχειρίων
1879 3013 1994 3066 δεό-

2094 3015 2182 3085 pia
2222 3024 2406 3070 nostra
2435 3017 2682 3074 diversos
2707 3019 2776 3074 ad
2815 3035 2950 3076 usus
2971 3021 3094 3077 vita:
3139 3024 3558 3093 destinavimus,
3608 3038 3670 3084 ut

418 3129 599 3184 μενος.
648 3110 787 3165 Νυνὶ
817 3107 876 3163 δὲ
918 3107 1108 3163 τούτου
1151 3106 1310 3178 χάριν
1351 3105 1438 3176 ἐφ’
1470 3105 1698 3160 ἕκαστον
1736 3107 1844 3160 τῶν
1887 3107 1993 3160 ὑπ-

2094 3106 2319 3162 omnino
2339 3107 2497 3162 nobis
2517 3123 2740 3166 necesse
2767 3111 2841 3168 sit
2862 3113 2994 3182 ipsis
3019 3129 3143 3168 cum
3169 3117 3398 3186 imperio
3412 3135 3664 3190 praeesse.

416 3203 759 3276 εζευγμὲνων
779 3204 910 3274 ἡμῖν
934 3203 992 3254 αί
1029 3199 1124 3254 τοῦ
1149 3199 1262 3270 βίου
1288 3201 1470 3271 χρεῖαι
1497 3197 1988 3270 κατεμερίσθησαν,

2099 3195 2285 3268 Itaque
2321 3213 2445 3254 cum
2469 3200 2540 3256 ob
2569 3203 2818 3272 corporis
2841 3204 3196 3275 exiguitatem
3237 3207 3358 3264 loco
3381 3225 3488 3266 non
3531 3215 3668 3269 satis

415 3296 492 3360 ὡς
519 3294 819 3364 ἀναγκαίαν
845 3295 1019 3346 ποιεῖν
1044 3291 1142 3362 τὴν
1169 3289 1288 3344 κατ’
1321 3289 1546 3342 ἐκείνων
1577 3289 1772 3360 ἀρχήν.
1801 3287 1874 3342 Τὸ
1896 3287 1996 3358 μὲν

2098 3290 2310 3362 agiliter
2359 3307 2693 3360 moveamur,
2749 3310 2951 3366 equum
3009 3297 3220 3354 scilicet
3279 3300 3547 3359 domitum
3598 3305 3668 3362 ad

348 3365 354 3372 θ
419 3387 588 3461 βραδὺ
621 3385 717 3440 τοῦ
752 3383 1004 3457 σώματος
1031 3381 1380 3453 δυσκίνητον,
1423 3380 1513 3434 τὸν
1543 3381 1709 3435 ἵππον
1741 3381 1807 3451 τῇ
1839 3379 1998 3452 χρεία

2099 3398 2258 3439 usum
2293 3391 2542 3440 nostrum
2570 3365 2891 3442 accivimus.
2925 3387 3183 3459 Corporis
3229 3393 3471 3460 nuditas,
3508 3402 3570 3450 ut
3598 3396 3666 3451 in
3768 3429 3770 3431 ν

422 3477 742 3552 προσήγαγὲ
781 3494 840 3530 τε
882 3476 976 3530 καὶ
1023 3473 1350 3546 ὲδαμάσατο.
1442 3472 1509 3527 Ἠ
1555 3472 1613 3526 δὲ
1651 3471 1754 3542 τῆς
1797 3474 1998 3544 σαρκὸς

2090 3476 2228 3532 oves
2277 3475 2565 3549 imperium
2604 3478 2918 3535 necessario
2979 3496 3406 3552 usurparemus,
3448 3483 3666 3543 eil‘ecit:

421 3548 696 3643 γυμνότης
723 3569 1028 3638 ἀναγκαίαν
1071 3568 1171 3639 τὴν
1212 3566 1321 3622 τῶν
1367 3564 1653 3639 προϐάτων
1677 3564 1998 3619 ἐπιστασίαν

2097 3581 2208 3638 quo
2234 3582 2303 3623 ex
2328 3548 2526 3627 annuis
2559 3584 2748 3626 earum
2794 3570 2960 3635 lanis,
3010 3548 3155 3644 quod
3213 3548 3422 3630 natura;
3471 3585 3671 3634 nostra:

422 3663 698 3734 ἐποίησεν,
728 3662 793 3714 ὲκ
825 3660 924 3731 τῆς
957 3657 1172 3730 ὲτησίου
1204 3657 1314 3711 τῶν
1339 3656 1504 3730 ἐρίων
1533 3657 1706 3728 φορᾶς
1737 3655 1835 3727 τῆς
1861 3656 1999 3727 ἠμε-

2097 3659 2303 3727 deerat,
2339 3675 2697 3718 sumeremus.
2724 3661 2881 3730 Quod
2919 3663 3040 3718 aliis
3075 3679 3140 3719 ex
3173 3665 3490 3734 regionibus
3521 3684 3672 3738 qua-

418 3757 583 3826 τέρας
618 3751 834 3823 φύσεως
887 3749 1299 3822 ἀναπληροῦσαν
1347 3749 1409 3802 τὸ
1448 3748 1654 3802 λεῖπον.
1701 3747 1776 3801 Τὸ
1816 3745 1874 3800 δὲ
1901 3745 1999 3809 τὰς

2099 3751 2223 3807 dam
2273 3752 2341 3807 ad
2391 3752 2555 3807 vitam
2585 3752 2962 3818 sustinendam
3022 3755 3255 3824 petenda
3308 3766 3514 3822 essent,
3543 3747 3674 3816 fecit

420 3845 678 3918 ἀφορμάς
708 3845 841 3918 ὴμῇ
893 3843 990 3907 τὰς
1019 3842 1154 3915 πρὸς
1184 3842 1275 3895 τὸν
1311 3840 1425 3911 βίον
1449 3841 1542 3894 καὶ
1566 3839 1624 3908 ἐξ
1656 3839 1858 3910 ἐτέρων
1889 3839 1999 3890 είσ-

2100 3851 2161 3900 ut
2199 3844 2454 3900 animalia
2487 3859 2608 3915 qua:
2627 3843 2864 3901 ferendis
2893 3845 3156 3902 oneribus
3179 3855 3387 3913 essent,
3427 3849 3482 3905 in
3525 3850 3674 3908 hunc

421 3901 675 4008 ὀγεσὸαι,
716 3901 1094 4006 ταῗιχϐοιρόρα
1121 3901 1229 3986 τῶν
1263 3901 1418 3996 (dum;
1447 3934 1569 3996 ταῖς
1596 3901 1874 3994 τοιαύταις
1899 3930 1999 3983 01:-

2103 3952 2261 3992 usum
2293 3901 2604 4008 subjugum
2639 3936 3000 3993 mitteremus.
3042 3937 3180 4004 Quia

423 4029 674 4102 ηρεσίαις
699 4026 1013 4093 ύπέζευξεν.
1060 4025 1220 4079 Ἀλλὰ
1254 4026 1360 4098 μὴν
1383 4025 1444 4079 τὸ
1477 4025 1552 4096 μὴ
1585 4022 1846 4078 δύνασθαι
1878 4021 1999 4076 καθ’

2090 4024 2317 4098 'poterat
2347 4034 2407 4083 ut
2435 4027 2611 4084 instar
2640 4027 2976 4102 reliquorum
3011 4044 3269 4099 pecorum
3315 4031 3499 4088 herbis
3547 4049 3675 4106 gra-

423 4123 717 4195 ὁμοιότητα
760 4121 866 4174 τῶν
921 4118 1278 4190 βοσκημάτων
1324 4119 1650 4187 ποηφαγεῖν,
1691 4114 1999 4187 ὑποχείριον

2104 4116 2358 4187 mineque
2387 4131 2732 4173 vescerentur
2765 4135 2778 4172 :
2817 4116 3025 4174 idcirco
3064 4119 3254 4175 bovem
3291 4122 3448 4184 nobis
3485 4125 3670 4194 subje-

423 4215 504 4287 τῷ
538 4214 640 4286 βίῳ
667 4213 758 4266 τὸν
787 4211 913 4282 βοῦν
941 4210 1336 4282 ἀπειργάσατο,
1369 4210 1482 4271 τοῖς
1519 4206 1668 4270 ἰδίοις
1692 4205 1875 4269 πόνοις
1904 4204 1999 4276 τὴν

2103 4209 2301 4271 cimus,
2341 4223 2449 4280 quo
2486 4223 2584 4280 pro
2612 4209 2773 4266 nobis
2811 4210 3093 4268 laborante
3137 4211 3422 4281 conﬁeret,
3469 4223 3530 4270 ut
3574 4232 3676 4273 nos

427 4306 574 4379 ζωὴν
599 4307 732 4378 ἡμῖν
757 4303 1204 4375 ὲξευμαρίζοντσ.
1241 4302 1393 4356 Ἐπεὶ
1420 4301 1478 4355 δὲ
1517 4301 1612 4354 καί⁹
1653 4299 1879 4354 ὀδόντων
1910 4299 1999 4366 καὶ

2099 4302 2342 4372 jucunde
2371 4302 2735 4375 facillimoque
2762 4304 3115 4376 agitaremus.
3144 4303 3414 4362 Dentibus
3439 4323 3504 4364 ac
3527 4323 3677 4364 mor-

425 4399 702 4470 δήγματος
723 4392 792 4468 ἦν
823 4395 981 4468 χρεία
1001 4394 1137 4467 πρὸς
1161 4393 1224 4449 τδ
1255 4388 1720 4460 καταγωνίζεσθαί
1745 4407 1866 4443 τινα
1897 4387 1999 4478 των

2106 4411 2172 4450 su
2203 4393 2363 4450 nobis
2394 4409 2535 4465 opus
2561 4402 2682 4451 erat
2723 4394 2790 4449 ad
2827 4394 3188 4466 expugnanda
3219 4405 3416 4454 cetera
3464 4401 3674 4454 anima-

633 4465 808 4555 ζώων,
949 4465 1061 4558 τῆς
1072 4486 1180 4540 τῶν
1211 4485 1437 4540 ὀδόντων
1472 4483 1695 4555 βλάϐης,
1729 4465 1999 4554 παρέσχέῒι

2105 4488 2200 4554 lia,
2220 4487 2452 4559 praebuit
2489 4487 2556 4543 ad
2597 4487 2744 4542 hunc
2775 4465 2932 4544 usum
2971 4465 3131 4545 nobis
3170 4489 3446 4544 maxillam
3502 4492 3678 4558 cauis.

429 4586 460 4638 ὁ
490 4582 636 4638 κύων
663 4581 801 4654 μετὰ
820 4579 916 4635 τοῦ
946 4580 1142 4650 τάχους
1163 4577 1264 4649 τὴν
1291 4576 1424 4630 ίδίαν
1452 4575 1612 4644 γένυν
1637 4575 1703 4644 τῇ
1758 4572 1999 4644 ἡμετέρᾳ

2111 4589 2274 4650 atque
2314 4579 2479 4634 etiam
2501 4579 2840 4635 velocitatem
2869 4593 3048 4642 suam,
3095 4586 3156 4634 ut
3193 4594 3302 4635 non
3331 4580 3566 4639 absurde
3599 4585 3681 4640 vi-

429 4678 611 4751 χρείᾳ,
640 4671 752 4730 οἶόν
793 4692 877 4740 τις
911 4673 1150 4744 ἔμψυχος
1181 4670 1424 4742 μάχαιρα
1454 4667 1532 4739 τῷ
1563 4665 1834 4739 ἀνθρώπῳ
1856 4666 1999 4736 γενό-

2111 4687 2213 4728 vus
2265 4670 2504 4728 hominis
2546 4669 2758 4740 gladius
2781 4669 2886 4725 dici
2921 4671 3115 4740 possit.
3150 4671 3428 4728 Cornuum
3465 4682 3520 4730 ct
3578 4691 3693 4737 uu-_

435 4788 615 4842 μενος.
668 4767 929 4840 Κεράτων
971 4766 1029 4822 δὲ
1083 4763 1353 4838 προϐολῆς
1412 4762 1506 4817 καὶ
1563 4761 1772 4832 ὀνύχων
1821 4759 1999 4831 ἀκμῆς

2109 4764 2296 4837 guium
2329 4764 2451 4820 loco
2478 4763 2623 4818 ferro
2654 4760 2915 4816 utendum
2934 4775 3058 4817 esse
3090 4760 3270 4832 potius
3291 4762 3541 4820 homines
3565 4761 3682 4819 anl-

433 4861 780 4937 ἰσχυρότερός
809 4878 868 4914 τε
897 4859 992 4914 καὶ
1031 4855 1338 4929 τομώτερος
1376 4853 1716 4926 ἐπινενόηται
1763 4855 1876 4918 τοῖς
1915 4852 1999 4905 άν-

2112 4853 2542 4915 madverterunt,
2583 4850 2725 4922 quod
2757 4851 2847 4905 illa
2879 4865 3004 4906 cum
3031 4850 3252 4914 duritie.
3282 4857 3397 4907 tum
3431 4856 3684 4911 acumine

431 4935 672 5027 Θρῶποις
702 4953 731 5006 ὁ
756 4951 872 5021 σίδη
883 4967 991 5022 ρος,
1016 4949 1116 5002 οὐκ
1141 4947 1228 5001 ἀεὶ
1257 4944 1625 5018 συμπεφυκὼς
1645 4947 1797 5017 ἡμῖν,
1819 4941 1999 5014 ὥσπερ

2113 4947 2272 5019 longe
2302 4945 2489 5000 vincit.
2511 4942 2832 5014 Quanquam
2866 4941 3071 4997 ferrum
3116 4941 3365 4998 homines
3393 4959 3500 5000 non
3535 4961 3682 5004 sem-

430 5048 546 5108 τοῖς
575 5042 786 5115 Θηρίοις
813 5043 1017 5104 ἐκεῖνα,
1042 5040 1155 5094 ἀλλ’
1186 5039 1279 5092 ἐπὶ
1312 5035 1503 5110 καιροῦ
1532 5037 1919 5108 συμμαχήσας,
1944 5033 1999 5088 τὲ

2115 5052 2212 5108 per
2241 5039 2529 5106 usurpant,
2563 5033 2705 5091 sicut
2738 5032 2828 5086 illa
2863 5030 2994 5087 feris
3007 5047 3286 5103 nunquam
3320 5049 3428 5090 non
3462 5035 3682 5103 adsunt;

431 5137 618 5206 λοιπὸν
651 5137 734 5206 ἐφ’
760 5133 952 5190 ἑαυτοῦ
985 5133 1155 5206 μένει.
1201 5132 1309 5185 Καὶ
1340 5131 1460 5185 ἀντὶ
1487 5128 1586 5201 τῆς
1609 5127 1704 5182 τοῦ
1732 5122 1999 5200 κροκοδεί-

2117 5128 2210 5182 sed
2247 5127 2452 5182 utimur
2482 5141 2548 5182 eo
2581 5125 2875 5188 interdum,
2921 5138 3042 5178 cum
3077 5124 3152 5178 ita
3191 5140 3280 5181 res
3322 5127 3582 5196 postulat,
3618 5141 3686 5183 ac

430 5202 528 5282 λου
579 5202 805 5298 φωλίδος
830 5265 844 5290 ,
901 5202 1016 5278 ἔστι
1074 5223 1171 5295 μὲν
1227 5223 1321 5277 καὶ
1371 5221 1534 5276 αὑτὸν
1584 5222 1793 5274 ἐκεῖνον
1846 5217 1999 5273 ὅπλον

2118 5219 2315 5276 deinde
2344 5217 2585 5273 vicissim
2623 5217 2931 5288 deponitur.
2998 5214 3108 5271 Pro
3134 5217 3395 5272 crocodili
3427 5232 3682 5288 squamea

433 5317 789 5391 ποιήσασθαι,
821 5318 963 5372 κατὰ
993 5314 1184 5390 καιρὸν
1209 5313 1309 5386 τὴν
1344 5313 1505 5386 δορὰν
1533 5312 1909 5383 περιθέμενον.
1944 5311 1999 5366 Ei

2090 5321 2262 5378 'cute,
2295 5311 2422 5370 licet
2445 5311 2516 5367 ab
2551 5309 2745 5366 eodem
2782 5316 2967 5381 petere
3005 5308 3151 5380 quod
3211 5325 3312 5365 nos
3365 5309 3596 5376 mimiat,
3637 5308 3688 5366 si

432 5413 492 5466 δὲ
519 5383 616 5484 μὴ,
646 5410 1038 5482 σχηματίζεται
1070 5383 1164 5462 καὶ
1189 5383 1324 5479 πρδς
1351 5383 1507 5459 τοῦτο
1528 5404 1679 5478 παρὰ
1701 5403 1801 5474 τῆς
1820 5403 1999 5473 τέχνης

2090 5404 2370 5461 ividelicet
2387 5411 2482 5459 aut
2501 5411 2737 5475 tergora,
2776 5409 2872 5458 aut
2903 5401 3105 5458 ferrum
3140 5402 3206 5458 ad
3227 5401 3479 5458 eumdem
3524 5417 3685 5459 usum

433 5507 466 5558 ὁ
500 5503 735 5576 σίδηρος,
762 5502 822 5566 ὃς
853 5503 944 5555 ἐπὶ
974 5499 1165 5571 καιροῦ
1199 5500 1332 5572 πρδς
1358 5498 1449 5551 τὸν
1479 5495 1714 5567 πόλεμον
1741 5495 1999 5567 ὑπηρετήι

2119 5497 2525 5554 conformatum
2552 5494 2866 5552 induanius.
2898 5493 3014 5550 Hoc
3066 5493 3196 5550 belli
3244 5501 3486 5564 tempore
3538 5503 3690 5565 post-

436 5614 562 5663 οας,
595 5595 759 5651 πάλιν
817 5594 1100 5667 ἐλεύθερον
1159 5589 1254 5646 τοῦ
1290 5589 1488 5662 ἄχθους
1535 5589 1625 5642 ἐπ’
1661 5586 1884 5658 εἰρήνης
1922 5585 1999 5667 τδη

2121 5607 2282 5664 quam
2341 5590 2498 5646 miles
2558 5587 2864 5659 usurpavit,
2903 5601 3037 5658 pace
3073 5585 3388 5650 constituta,
3443 5585 3688 5656 ejusdem

434 5688 662 5763 ὁπλίτην
675 5689 980 5745 κατέλιπεν.
1012 5665 1306 5757 Ὕπηρετεῖ
1326 5685 1384 5738 δὲ
1405 5683 1483 5754 τῷ
1502 5683 1600 5754 βίῳ
1622 5682 1716 5738 καὶ
1741 5681 1803 5737 τὸ
1822 5665 1999 5753 πτερδε

2125 5693 2292 5735 onere
2324 5693 2386 5736 se
2415 5679 2575 5735 levat.
2609 5676 2780 5735 Etiam
2805 5677 2986 5732 avium
3012 5689 3201 5745 pennae
3238 5673 3520 5730 hominum
3542 5690 3712 5732 como.

439 5786 551 5841 τῶν
581 5758 806 5855 ὀρνέων,
831 5781 905 5844 ὡς
941 5778 1071 5852 μηδὲ
1101 5777 1194 5832 τοῦ
1218 5775 1419 5849 πτηνοῦ
1453 5774 1648 5846 τάχους
1680 5773 1746 5830 δι’
1778 5772 1999 5830 ἐπινοίας

2131 5773 2305 5832 modis
2345 5772 2612 5842 serviunt,
2636 5771 2904 5840 efﬁciente
2926 5768 3212 5827 hominum
3247 5765 3528 5834 industria,
3548 5758 3689 5835 quod
