4110 6552
443 347 546 404 “5

1687 332 1741 388 ὃ.
1775 328 2098 384 CREGORII
2131 328 2424 388 NYSSENI

3585 335 3692 390 ιιι

445 485 512 522 ne
535 464 770 520 volucris
796 461 1014 532 quidem
1045 459 1134 514 illa
1159 456 1450 528 pernicitas
1475 467 1508 508 a
1537 454 1696 510 nobis
1743 453 2017 510 desidere-

2125 458 2267 528 ἡμᾶς
2311 455 2717 510 ἀπολείπεσθαι.
2759 455 2842 507 Τὰ
2887 455 2983 524 μὲν
3015 455 3121 530 γὰρ
3161 457 3220 524 ἐξ
3249 453 3430 511 αὐτῶν
3459 454 3694 510 τιθασσά

445 569 554 618 tur.
591 559 782 614 Avium
815 557 958 612 enim
992 551 1238 624 quaedam
1273 550 1430 604 factae
1463 547 1702 612 cicures,
1743 547 2018 602 venatori-

447 651 550 708 bus
587 651 708 706 usui
741 657 868 702 sunt
897 663 914 713 ;
945 658 1130 700 earum
1173 655 1410 710 namque
1451 653 1617 710 Opera
1651 647 1877 694 caeteras
1923 653 2016 690 ca-

444 737 648 808 pimus.
677 735 818 800 Quin
843 740 896 788 et
927 731 1100 784 alatas
1137 728 1365 800 sagittas
1398 742 1490 782 ars
1509 727 1839 792 machinata,
1866 725 2018 780 voln-

2119 547 2345 615 γίνεται,
2373 547 2468 600 καὶ
2495 548 2742 616 συνεργεῖ
2770 547 2880 608 τοῖς
2909 544 3227 616 θηρεύουσι·
3267 547 3334 600 τά
3361 546 3420 602 δὲ
3437 545 3514 599 δι’
3543 546 3696 600 ἐκεία-

2117 661 2224 697 νων
2247 645 2366 706 ταῖς
2393 641 2602 713 χρείαις
2627 639 2786 711 ἡμῶν
2819 639 2886 693 δι’
2919 639 3164 700 ἐπινοίας
3189 642 3479 710 ὑπάγεται.
3529 639 3694 694 Ἀλλά

2118 736 2212 788 καὶ
2229 733 2554 804 πτερόεντας
2575 732 2705 802 ἡμῖν
2723 731 2851 794 τοὺς
2871 729 3084 791 ὀϊστοὺς
3107 730 3140 798 ἡ
3174 728 3338 798 τέχνη
3361 731 3426 784 δι’
3447 729 3694 793 ἐπινοίας

444 839 594 882 crem
616 824 762 878 illam
783 821 1155 892 pernicitatem
1177 818 1242 872 ad
1265 831 1400 872 usus
1423 827 1640 874 nostros
1663 819 1717 872 in
1739 831 1870 872 arcu
1895 815 2018 870 imi-

2125 826 2480 897 ποιησαμένη,
2509 825 2569 876 τὸ
2599 822 2802 892 πτηνὸν
2831 821 2994 892 τάχος
3021 822 3140 884 ταῖς
3165 818 3456 890 ἡμετέραις
3479 821 3696 894 χρείαις

450 925 560 972 tata
590 923 692 971 est.
717 910 870 980 Quod
891 918 1072 964 autem
1099 911 1298 979 plantae
1325 915 1526 966 nostra:
1546 907 1612 963 ad
1637 907 1832 960 itinera
1851 905 2018 976 perii-
2059 897 2071 906 ’

2116 919 2204 974 διὰ
2229 919 2324 972 τοῦ
2349 918 2501 984 τόξου
2551 915 2852 988 χαρίζεται.
2903 913 2979 966 Τὸ
3005 913 3064 965 δὲ
3095 911 3351 973 εὐπαθεῖς
3383 910 3478 964 καὶ
3509 913 3694 984 εὔτρίδ

445 1010 636 1066 cienda
658 1013 984 1077 comparatae
1003 1020 1110 1058 non
1130 1012 1277 1067 sunt,
1300 1003 1501 1073 quippe
1519 1018 1638 1072 qua:
1657 1001 1911 1056 facillime
1935 1001 2018 1056 la:-

2125 1029 2283 1075 πτους
2309 1013 2440 1082 ἡμῖν
2467 1009 2604 1081 πρὸς
2623 1007 2722 1078 τὴν
2745 1007 2971 1078 πορείαν
2999 1000 3140 1058 εἷναι
3167 1002 3266 1068 τὰς
3299 1004 3504 1073 βάσεις,
3529 1005 3698 1070 ἀναγι.

445 1105 678 1160 dantur:
705 1099 942 1170 idipsum
965 1097 1116 1162 facit,
1153 1104 1211 1150 ut
1251 1096 1352 1150 hac
1385 1095 1549 1150 etiam
1577 1094 1630 1148 in
1651 1101 1806 1162 parte
1838 1107 2014 1148 reme-

442 1197 588 1256 dium
605 1207 935 1266 quaeramus,
951 1188 1288 1261 pedibusque
1301 1187 1504 1242 nostris
1521 1186 1734 1242 calceos
1745 1192 2013 1256 aptemus.

1043 1299 1274 1357 CAPUT
1311 1297 1452 1354 VIII.

2117 1103 2278 1159 καίαν
2305 1104 2455 1156 -ποιεῖ
2480 1101 2578 1171 τὴν
2603 1101 2670 1154 ὲκ
2697 1099 2810 1154 τῶν
2834 1097 3160 1168 ὑποχειρίων
3185 1095 3492 1166 συνεργίαν.
3521 1095 3702 1148 Ἐκεῖιι

2117 1195 2208 1252 θεν
2239 1195 2348 1267 γάρ
2377 1197 2494 1248 ἐστι
2517 1194 2628 1258 τοῖς
2655 1191 2782 1244 ποσὶ
2812 1189 3178 1261 περιαρμόσαι
3201 1188 3271 1242 τὰ
3296 1186 3506 1240 πέδιλα.

2653 1306 2949 1359 ΚΕΦΑΔΑΙ
2957 1304 3048 1358 ΟΝ
3083 1305 3165 1355 H'.

447 1420 800 1489 Quamobrem
831 1424 974 1470 recta
1004 1415 1072 1468 sit
1105 1413 1332 1490 hominis
1351 1411 1544 1490 ﬁgure.
1588 1418 1696 1490 tum
1725 1409 1880 1490 etiam
1903 1423 2018 1490 mo-
2033 1455 2040 1486 δ

2125 1425 2219 1478 Διὰ
2245 1425 2303 1478 τί
2342 1423 2540 1490 ὄρθιον
2583 1419 3032 1490 τοῦάνθρώποψ
3070 1418 3135 1490 τῤ
3176 1414 3417 1490 σχῆμα,
3464 1413 3699 1490 κιςὶᾼότι

515 1508 614 1547 nus
643 1489 900 1544 sermonis
925 1501 1088 1539 causa
1119 1485 1290 1552 factas
1309 1477 1422 1534 esse
1449 1480 1724 1549 :denique,
1741 1490 1788 1534 et
1809 1477 1878 1532 de
1896 1477 2038 1532 ani-=

515 1577 724 1616 marum
747 1557 1052 1612 discrimine
1080 1554 1384 1608 disseritur.

513 1675 858 1733 Conveniunt
889 1679 942 1726 et
973 1670 1064 1724 illa
1081 1665 1417 1738 imperatori,
1441 1663 1711 1734 regiaeque
1733 1660 2017 1732 dignitatis

445 1769 648 1826 indicia
665 1771 814 1830 sunt,
831 1760 976 1832 quod
999 1767 1143 1814 recta
1164 1758 1370 1812 homini
1393 1756 1562 1822 ﬁgura
1581 1753 1780 1807 tributa
1799 1751 1890 1814 sit,
1907 1763 2014 1818 qua

443 1862 514 1918 ad
533 1860 732 1916 cu-lum
753 1855 947 1918 tendit,
971 1868 1034 1908 ac
1053 1865 1272 1906 sursum
1297 1855 1526 1917 spectat.
1545 1844 1680 1898 Nam
1699 1843 1842 1912 quod
1865 1843 2092 1932 solus,

443 1955 607 2010 homo
637 1951 778 2006 inter
811 1947 946 2002 alias
979 1959 1065 2000 res
1094 1949 1306 1998 creatas
1349 1937 1663 2008 hujusmodi
1685 1937 1776 2001 sit,
1796 1935 2020 2004 reliquis
2053 1929 2068 1940 ”

443 2044 696 2102 omnibus
727 2054 956 2110 corpore
993 2035 1250 2092 deorsum
1287 2031 1677 2103 vergentibus:
1715 2026 2022 2083 clarissime

443 2137 816 2199 demonstrat,
857 2137 1064 2201 quanto
1101 2134 1340 2197 potestas
1381 2133 1587 2177 naturae
1623 2135 1792 2192 supra
1825 2127 2022 2176 caetera

442 2225 733 2283 eminentis
763 2219 1111 2293 pmstantior
1141 2217 1250 2272 illis
1281 2215 1374 2281 sit,
1404 2230 1526 2285 quae
1555 2227 1617 2270 se
1645 2211 1816 2283 huius
1845 2212 2022 2280 impe-

2127 1524 2138 1532 -
2188 1493 2284 1547 61d
2309 1481 2416 1546 τᾶν
2447 1495 2633 1560 λόγον
2657 1495 2716 1545 αἱ
2744 1481 2958 1560 χεῖρες·
2989 1489 3058 1542 ἐν
3083 1481 3130 1555 ᾧ
3157 1481 3378 1560 agitat
3408 1485 3539 1552 περὶ
3569 1483 3700 1536 δια-

2187 1562 2376 1632 φορᾶς
2399 1563 2616 1631 ψυχῶν
2643 1563 2989 1631 φιλοσοφία.

2194 1675 2413 1746 Ὄρθιον
2453 1673 2510 1727 δὲ
2553 1674 2629 1746 τῷ
2659 1673 2930 1744 ἀνθρώπῳ
2972 1673 3031 1726 τὸ
3063 1671 3270 1742 σχῆμα,
3317 1670 3414 1723 καὶ
3441 1668 3577 1740 πρὸς
3603 1668 3698 1722 τὸν

2121 1763 2346 1834 οὐρανὸν
2375 1763 2746 1826 ἀνατείνεται,
2793 1763 2886 1814 καὶ
2922 1763 3033 1816 ἄνω
3067 1761 3272 1832 βλέπει.
3328 1760 3554 1832 Ἀρχικά
3602 1759 3700 1813 καὶ

2081 1851 2314 1916 ἐνταῦτα,
2349 1856 2442 1908 καὶ
2466 1855 2564 1925 τὴν
2597 1855 2884 1926 βασιλικὴν
2911 1853 3068 1919 ἀξίαν
3103 1853 3578 1924 ἐπισημαίνονται.
3621 1851 3699 1905 Τὸ

2122 1947 2232 2018 γὰρ
2264 1946 2422 2018 μόνον
2447 1947 2504 1999 ὲν
2531 1949 2644 2010 τοῖς
2665 1942 2794 2000 ὀὖσι
2823 1945 3062 1999 τοιοῦτον
3091 1941 3229 2024 ειναι
3261 1943 3352 1998 τὸν
3389 1941 3696 2013 ἄνθρωπον.

2120 2042 2233 2103 τοῖς
2261 2039 2317 2094 δὲ
2359 2039 2541 2104 ἄλλοις
2591 2038 2762 2093 ἅπασι
2805 2039 2944 2112 πρὸς
2975 2037 3035 2091 τὸ
3079 2037 3228 2091 κάτω
3273 2035 3582 2090 νενευκέναι
3628 2034 3700 2086 τὰ

2124 2129 2372 2202 σώματα,
2397 2129 2584 2201 σαφῶς
2602 2125 2839 2184 δείκνυσι
2863 2129 2962 2200 τὴν
2985 2129 3088 2200 τῆς
3115 2127 3268 2193 ἀξίας
3288 2125 3568 2198 διαφορὰν,
3588 2124 3700 2178 τῶν

2122 2241 2181 2278 τε
2209 2223 2626 2277 ὑποκυπτόντων
2645 2225 2710 2294 τῇ
2725 2215 3043 2293 δυναστείᾳ,
3073 2223 3168 2276 καὶ
3196 2221 3291 2291 τῆς
3320 2221 3420 2274 ὑπε
3431 2216 3699 2290 ρανεστὼ-

443 2320 530 2374 rio
567 2315 920 2375 submittunt.
957 2311 1160 2366 Horum
1191 2308 1467 2362 anteriora
1494 2306 1744 2376 corporis
1775 2303 2020 2358 membra

2125 2335 2224 2388 σης
2257 2317 2433 2370 αὐτῶν
2474 2315 2736 2380 ἐξουσίας.
2788 2314 2912 2378 Τοῖς
2945 2311 3042 2386 μὲν
3075 2313 3184 2385 γὰρ
3227 2313 3405 2376 ἄλλοις
3436 2310 3604 2365 ἀπασι
3629 2311 3700 2366 τὰ

444 2410 610 2483 pedes
635 2413 783 2476 sunt,
805 2405 951 2475 quod
978 2417 1042 2456 ca
1069 2416 1189 2472 qua:
1217 2401 1472 2454 deorsum
1499 2402 1766 2466 spectant,
1799 2393 2023 2449 omnino

2125 2409 2430 2482 ἔμπροσθεν
2451 2409 2609 2463 κῶλα
2627 2407 2726 2462 ’τοῦ
2760 2407 3010 2478 σώματος
3037 2407 3194 2470 πόδες
3221 2406 3347 2467 εἰσὶ,
3369 2404 3501 2458 διότι
3525 2404 3587 2457 τὺ
3611 2422 3700 2458 ice—

445 2501 682 2573 quodam
712 2497 871 2567 quasi
905 2495 1078 2564 fulcro
1109 2492 1442 2561 indigebant.
1479 2487 1536 2540 In
1570 2485 1809 2542 hominis
1837 2493 2020 2539 autem

2125 2501 2296 2570 κυφὸς
2324 2501 2490 2555 ἐδεῖτο
2517 2501 2734 2564 πάντως
2773 2496 3268 2570 τοῢ”ὑπερείδοντος
3295 2503 3318 2528 ὀ
3369 2497 3464 2549 ἐπὶ
3501 2495 3559 2548 δὲ
3599 2494 3700 2564 τῆς

445 2595 662 2668 opiﬁcio
687 2606 882 2646 manus
907 2589 1101 2644 horum
1125 2588 1248 2641 loco
1263 2591 1392 2640 sunt
1423 2585 1596 2637 facta}.
1617 2579 1750 2634 Nam
1771 2580 1824 2634 in
1843 2579 2020 2651 ﬁgura

2125 2593 2217 2648 τοῦ
2251 2593 2540 2666 ἀνθρώπου
2569 2593 2912 2663 κατασκευῆς
2939 2595 3120 2662 χεῖρες
3147 2589 3216 2643 τά
3248 2581 3398 2643 κῶλα
3430 2587 3696 2656 ἐγένοντο.

445 2697 626 2746 erecta
669 2699 839 2741 unum
877 2684 1036 2754 quasi
1073 2679 1486 2736 fundamentum
1521 2675 1836 2739 sulliciebat,
1875 2671 2022 2744 quod

2125 2685 2230 2739 Τοῦ
2275 2687 2383 2757 γάρ
2432 2685 2616 2758 ὀρθίου
2667 2686 2945 2755 σχήματος
2991 2683 3270 2755 αὐτάρκης
3309 2677 3377 2754 ἦν
3422 2681 3559 2752 πρὸς
3599 2677 3701 2751 ’τὴν

448 2791 681 2851 utroque
705 2778 840 2848 pede
869 2783 1102 2832 stantem
1129 2773 1358 2828 ﬁrmiter
1393 2769 1630 2825 fulciret.
1669 2767 1797 2822 Erat
1827 2776 1880 2823 et
1915 2781 2022 2821 caa-

2125 2779 2312 2850 χρείαν
2363 2779 2463 2850 μία
2513 2779 2704 2849 βάσις,
2745 2776 2953 2840 διπλοῖς
2995 2775 3152 2829 ποσὶν
3197 2777 3254 2828 έν
3286 2765 3554 2844 ἀσφαλείᾳ
3603 2763 3702 2844 τὴν

445 2873 658 2944 teroqui
691 2884 952 2924 manuum
986 2881 1152 2936 opera
1181 2863 1250 2918 ad
1281 2863 1571 2934 eloquendi
1602 2862 1710 2916 vim
1745 2861 2024 2930 adjuvan-

2127 2871 2316 2925 στάσιν
2349 2868 2647 2940 ὲρείδουσα.
2689 2865 2899 2928 ’Ἄλλως
2927 2861 2983 2918 δὲ
3011 2863 3104 2918 καὶ
3126 2865 3193 2936 τῇ
3224 2859 3316 2916 τοῦ
3351 2863 3508 2930 λόγου
3543 2862 3704 2933 χρείᾳ

445 2967 572 3021 dam
595 2961 925 3019 necessaria.
949 2957 1138 3028 Itaque
1162 2957 1208 3011 si
1229 2955 1353 3026 quis
1374 2955 1516 3009 dicat
1547 2961 1756 3007 naturae
1779 2951 2022 3022 loquenti

2127 2967 2383 3034 συνεργός
2413 2963 2558 3014 ἐστιν
2580 2962 2614 3032 ἡ
2640 2959 2748 3014 τῶν
2776 2957 2972 3031 χειρῶν
2997 2957 3286 3028 ὑπουργία.
3325 2954 3431 3008 Καί
3466 2971 3548 3018 τις
3572 2945 3702 3008 ἴδιον

447 3071 642 3110 manus
661 3053 932 3109 sermonis
954 3065 1118 3105 causa
1144 3063 1266 3103 esse
1287 3046 1460 3110 datas,
1486 3062 1592 3100 non
1618 3047 1664 3100 is
1680 3043 1900 3114 quidem
1917 3045 2025 3114 pla-

2125 3058 2224 3128 τῆς
2253 3056 2479 3126 λογικῆς
2515 3053 2730 3124 φύσεως
2777 3053 2875 3124 τὴν
2912 3052 3018 3106 τῶν
3060 3051 3259 3124 χειρῶν
3293 3048 3596 3120 ὑπηρεσίαν
3625 3048 3702 3101 sl-

445 3168 515 3206 ne
551 3167 580 3206 a
625 3163 755 3204 vero
799 3143 1148 3202 aberravcrit.
1190 3141 1248 3194 In
1283 3155 1392 3210 quo
1426 3155 1534 3194 non
1565 3139 1632 3193 ad
1665 3139 1771 3194 hoc
1801 3145 2020 3192 tantum

2125 3147 2261 3225 πὼν,
2300 3147 2360 3200 οὐ
2397 3146 2490 3200 τοῦ
2534 3145 2736 3208 παντὸς
2780 3144 3179 3216 ἁμαρτήσεται,
3209 3143 3269 3195 οὐ
3302 3141 3460 3213 μόνον
3486 3140 3622 3211 πρὸς
3644 3137 3703 3192 τὸ

445 3245 628 3298 animo
655 3237 1052 3311 respiciendum
1073 3244 1179 3298 est,
1197 3235 1342 3305 quod
1375 3234 1562 3289 venire
1589 3231 1764 3288 cuivis
1783 3231 1840 3288 in
1869 3245 2023 3286 men-

2125 3231 2302 3294 ιιόινὺν
2329 3237 2486 3292 τοῦτο
2509 3239 2603 3292 καὶ
2628 3227 2915 3308 πρόχειρον
2940 3235 3257 3308 ἀποτρέχων
3278 3235 3342 3304 τῇ
3373 3233 3600 3298 διανοίᾳ,
3623 3232 3702 3286 ὅτι

445 3345 552 3390 tem
590 3343 785 3405 potest,
806 3333 1066 3388 nimirum
1099 3331 1246 3400 quod
1281 3329 1481 3384 litteris
1509 3327 1746 3400 exprimi
1775 3340 1962 3383 sermo
1993 3339 2024 3379 ιι

2125 3332 2415 3404 γράμμασι
2443 3329 2534 3400 τὸν
2573 3329 2727 3397 λόγον
2755 3327 2844 3382 διά
2869 3327 2967 3400 τῆς
3005 3325 3114 3381 τῶν
3142 3325 3339 3398 χειρῶν
3365 3321 3592 3396 εὐφυΐας
3617 3327 3704 3377 έν-

446 3425 608 3483 nobis
633 3439 893 3480 manuum
925 3424 1147 3480 solertia
1170 3424 1310 3478 solet
1343 3439 1356 3476 :
1391 3435 1702 3492 quanquam
1719 3419 1824 3474 hoc
1843 3419 2024 3490 ipsum

2129 3419 2509 3494 σημαινόμεοα
2536 3419 2670 3490 (ἔστι
2701 3419 2801 3490 μὲν
2827 3418 2936 3488 γὰρ
2961 3417 3079 3470 οὐδὲ
3105 3409 3265 3471 τοῦτο
3295 3416 3519 3492 λογικῆς
3543 3416 3700 3489 χάρι-

2127 3533 2216 3578 τος
2244 3515 2491 3586 ἄμοιρον,
2531 3513 2592 3567 τὸ
2645 3513 2975 3584 φθέγγεσθαι
3022 3513 3109 3567 διά
3142 3509 3487 3584 γραμμάτων
3533 3514 3700 3584 ἡμᾶς,

2129 3607 2221 3660 καὶ¹
2268 3606 2466 3677 τρόπον
2511 3604 2631 3659 τινὰ
2663 3603 2752 3659 διὰ
2797 3603 2977 3675 χειρὸς
3022 3601 3401 3672 διαλέγεσθαι,
3455 3605 3566 3667 τοῖς
3597 3603 3704 3658 τῶν

2131 3700 2406 3772 στοιχείων
2433 3699 2777 3770 χαρακτῆρσι
2805 3695 2904 3762 τὰς
2938 3697 3120 3766 φωνὰς
3138 3693 3518 3766 διασώζοντας)
3541 3712 3553 3726 ·
3593 3696 3704 3749 ἀλλ’

2129 3793 2239 3861 ἐγὼ
2265 3793 2400 3864 πρὸς
2424 3791 2610 3863 ἓτερον
2642 3789 2874 3860 βλέπων,
2911 3791 3190 3860 συνεργεῖν
3218 3806 3362 3860 φημι
3391 3786 3487 3851 τὰς
3520 3787 3705 3858 χεῖρας

2127 3887 2194 3958 τῇ
2225 3885 2532 3957 ίὲκφωνὴσει
2563 3883 2656 3938 τοῦ
2683 3883 2842 3952 λόγου
2863 3903 2874 3913 ·
2919 3882 3119 3954 μᾶλλον
3176 3879 3233 3936 δὲ
3267 3879 3398 3956 πρυ
3431 3879 3559 3952 περὶ
3583 3877 3706 3934 τού-

447 3534 556 3575 non
590 3533 620 3572 a
653 3517 802 3572 nulla
835 3515 1064 3571 rationis
1093 3515 1405 3586 praestantia
1439 3512 1746 3582 profectum
1781 3523 1889 3576 est,
1923 3511 2025 3567 ho-

446 3616 621 3667 mines
653 3625 750 3681 per
785 3611 996 3664 litteras
1031 3610 1200 3678 loqui,
1251 3623 1316 3662 ac
1360 3621 1529 3677 prope
1578 3605 1739 3660 modo
1789 3603 2024 3675 quodam

447 3701 700 3758 manibus
741 3701 886 3754 inter
929 3713 989 3755 se
1029 3699 1320 3764 disserere,
1353 3697 1654 3752 litterarum
1691 3695 1837 3751 notis
1863 3711 2028 3751 voces

447 3795 598 3866 ipsas
624 3790 1228 3862 comprehendentibus.
1259 3791 1374 3861 Ego
1408 3805 1536 3844 vero
1562 3805 1686 3844 cum
1727 3805 1921 3843 manus
1971 3787 2025 3841 in
2061 3773 2070 3782 ’

447 3883 804 3958 exprimendo
823 3897 1078 3940 sermone
1100 3883 1308 3952 aliquid
1347 3881 1542 3938 all'erre
1576 3882 1878 3951 adjumenti
1899 3881 2024 3935 aio:

448 3977 592 4034 aliud
611 3977 914 4048 habeoque
927 3975 1243 4046 respiciam.
1269 3973 1326 4027 In
1350 3973 1494 4043 quod
1523 3983 1813 4044 antequam
1851 3973 2032 4043 inqui-

2127 3993 2236 4032 των
2263 3975 2588 4042 διεξετάσαι,
2619 3977 2709 4029 τὸν
2741 3975 3045 4046 παρεθέντα
3075 3975 3232 4043 λόγον
3265 3973 3702 4044 κατανοήσωμεν.

451 4086 655 4138 ramus,
673 4071 802 4125 libet
829 4067 1088 4140 quiddam
1125 4065 1496 4132 considerare,
1511 4067 1654 4136 quod
1702 4065 1970 4120 omissum
1995 4081 2029 4119 a

2128 4067 2342 4142 Μικροῦ
2372 4067 2481 4140 γὰρ
2511 4067 2656 4138 ἡμᾶς
2689 4067 2749 4120 τὸ
2774 4066 2915 4120 κατὰ
2949 4067 3050 4138 τὴν
3086 4065 3238 4132 τάξιν
3265 4065 3374 4118 τῶν
3407 4065 3708 4134 γεγονότων

449 4165 609 4223 nobis
621 4163 938 4221 est.Parum
951 4161 1095 4216 enim
1113 4159 1288 4216 abfuit
1305 4160 1434 4231 quin
1452 4160 1572 4230 ejus
1588 4159 1741 4215 obliti
1759 4171 2026 4221 essemus,

2129 4161 2371 4215 διέλαθεν
2397 4177 2410 4192 ·
2457 4162 2602 4224 τίνος
2629 4161 2789 4231 χάριν
2820 4161 3147 4232 προηγεῖται
3179 4159 3277 4230 μὲν
3306 4160 3579 4232 ἡ·βλάστη
3603 4159 3706 4214 τῶν

451 4253 595 4324 quod
617 4253 670 4306 in
694 4249 886 4306 ordine
901 4264 1106 4316 rerum,
1129 4257 1188 4303 ιιι
1211 4265 1287 4304 ea:
1315 4248 1546 4304 condita:
1566 4258 1714 4313 sunt,
1739 4251 2025 4320 praecedit:

2131 4255 2196 4307 ὲκ
2234 4253 2332 4326 τῆς
2371 4253 2475 4324 γῆς
2523 4255 2806 4322 φυομένων
2826 4291 2840 4315 ,
2892 4253 3192 4322 ἐπιγίνεται
3220 4252 3276 4307 δὲ
3309 4253 3376 4307 τά
3407 4253 3574 4322 ἄλογα
3603 4251 3708 4306 τῶν

453 4341 815 4408 Quamobrem
855 4342 1007 4409 prius
1039 4355 1128 4394 res
1167 4355 1196 4394 e
1229 4349 1371 4395 terra
1407 4349 1696 4396 nascentes
1735 4343 2030 4410 pullulasse

2132 4343 2286 4410 ζὶῦων
2307 4387 2321 4412 ,
2364 4346 2459 4400 καὶ
2488 4344 2629 4398 οὕτω
2663 4343 2801 4416 μετά
2827 4343 2924 4416 τὴν
2961 4345 3304 4416 κατασκευὴν
3333 4343 3536 4398 τούτων
3562 4347 3590 4397 ὁ
3613 4345 3708 4400 άν-

451 4439 722 4498 dicantur,
749 4434 946 4490 deinde
971 4444 1089 4488 orta
1129 4449 1254 4490 esse
1287 4434 1544 4490 animalia
1576 4435 1807 4490 rationis
1834 4451 2027 4506 exper-

2135 4438 2371 4512 θρωπος.
2421 4437 2575 4510 Τάχα
2615 4439 2723 4510 γὰρ
2768 4438 2828 4490 οὐ
2881 4439 3040 4509 μόνον
3082 4437 3143 4490 τὸ
3188 4439 3253 4492 ὲκ
3291 4437 3385 4492 τοῦ
3421 4438 3706 4510 προχείρου

450 4531 558 4584 tia:
579 4529 806 4596 locoque
834 4527 1051 4582 demum
1081 4527 1266 4590 tertio,
1284 4527 1484 4596 creatis
1499 4527 1609 4590 his,
1625 4528 1899 4583 hominem
1921 4531 2030 4600 pri-

2133 4533 2421 4610 νοούμενον
2443 4530 2530 4584 διὰ
2559 4529 2746 4584 τούτου
2779 4528 3141 4600 μανθάνομεν,
3166 4530 3247 4583 ὄτι
3275 4529 3382 4582 τῶν
3406 4528 3560 4594 ζώων
3594 4530 3708 4582 ἔνε-

451 4631 601 4673 mum
621 4618 922 4673 exstitisse.
944 4616 1200 4672 Fortasse
1227 4617 1294 4672 de
1319 4617 1422 4673 hoc
1451 4633 1560 4672 non
1589 4617 1642 4673 id
1668 4620 1844 4674 solum
1875 4621 2031 4677 intel-

2125 4611 2228 4680 κεν
2257 4628 2290 4697 ἡ
2338 4625 2446 4678 πόα
2482 4625 2750 4696 χρήσιμος
2791 4624 2962 4695 ἐφάνη
3003 4622 3080 4692 τῷ
3110 4623 3376 4688 κτίσαντι,
3411 4621 3500 4676 διὰ
3536 4617 3592 4676 δὲ
3625 4623 3726 4688 τὸν,

451 4710 546 4780 ligi
590 4717 794 4779 potest,
835 4708 982 4779 quod
1028 4709 1203 4764 cuivis
1231 4709 1484 4775 colligere
1518 4709 1662 4776 licet,
1698 4712 1872 4766 visum
1909 4729 2034 4768 esse

2135 4717 2418 4790 ἄνθρωπον
2445 4718 2512 4768 τὰ
2537 4715 2700 4786 βοτάο
2739 4708 2799 4768 οὗ
2833 4716 2992 4787 χάριν
3025 4715 3129 4788 πρὸ
3160 4715 3258 4786 μὲν
3287 4713 3394 4768 τῶν
3429 4713 3710 4786 βοσκημά-

453 4798 701 4854 Creatori
743 4799 897 4861 utile,
943 4807 1004 4853 ut
1036 4799 1102 4852 ad
1141 4800 1458 4853 animalium
1489 4809 1707 4871 pastum
1745 4801 1942 4859 herbas
1971 4817 2036 4857 ac

2135 4809 2264 4876 τῑον,
2306 4809 2531 4862 ἐκείνων
2584 4809 2777 4880 τροφὴ.
2816 4809 2919 4880 πρὸ
2949 4807 3003 4860 δὲ
3045 4807 3137 4862 τοῦ
3165 4803 3452 4878 ἀνθρώπου
3494 4807 3556 4859 τδ
3613 4808 3712 4858 ὑπ-

454 4891 702 4962 gramina
731 4891 1008 4954 conderet,
1034 4891 1287 4945 animalia
1325 4906 1454 4946 vero
1475 4894 1538 4946 ad
1561 4894 1800 4950 hominis
1821 4909 1983 4950 usum
2017 4911 2032 4949 :

2136 4901 2350 4972 ηρετεῖν
2383 4898 2574 4970 μέλλον
2601 4901 2666 4970 τῇ
2703 4898 3013 4970 ἀνθρωπίνῃ
3055 4899 3188 4969 ζωῇ.
3238 4897 3376 4950 Ἀλλ’
3421 4895 3546 4967 ἐμοὶ
3573 4897 3716 4950 δοκεί

459 4982 664 5038 idcirco
705 4989 830 5037 ante
856 4981 1174 5036 animalium
1207 4998 1418 5074 greges,
1457 4985 1770 5040 earumdem
1807 4987 2038 5042 alimen-

2147 4995 2327 5066 δόγμα
2366 5012 2418 5047 τι
2451 4993 2560 5046 τῶν
2593 4993 2992 5064 κεκρυμμένων
3023 4989 3366 5062 παραδηλοῦν
3396 4987 3484 5044 διὰ
3512 4991 3715 5044 τούτων

457 5084 574 5130 tum
599 5093 614 5129 :
641 5083 696 5130 et
721 5089 844 5146 quae
872 5075 1113 5130 hominis
1141 5077 1262 5140 vita:
1284 5079 1558 5132 servitura
1587 5089 1763 5146 erant,
1793 5089 1918 5137 ante
1937 5083 2036 5136 ho-

2125 5089 2166 5140 ’ὁ
2200 5089 2460 5158 Μωῢσῆς,
2487 5087 2585 5140 καὶ
2608 5087 2706 5156 τὴν
2735 5085 2861 5158 περὶ
2885 5084 3060 5156 ψυχῆς
3092 5083 3407 5154 φιλοσοφίαν
3433 5081 3502 5136 δι’
3541 5084 3712 5154 ἀπορ-

461 5167 660 5222 minem
682 5167 976 5224 exstitisse.
1001 5169 1116 5239 Ego
1141 5171 1221 5225 sic
1239 5179 1440 5236 statuo,
1465 5171 1650 5229 Mosen
1687 5175 1743 5229 in
1768 5175 1855 5230 his
1879 5177 2038 5246 quid-

461 5260 586 5316 dam
613 5259 911 5317 tradidisse
942 5261 1172 5342 arduum
1197 5282 1212 5318 :
1255 5271 1309 5318 et
1335 5265 1515 5322 verbis
1551 5267 1769 5322 arcanis
1797 5267 2036 5338 philoso-

464 5351 668 5422 phiam,
690 5367 812 5422 quae
841 5361 926 5410 est
948 5355 1016 5409 de
1029 5354 1237 5420 animo,
1266 5365 1629 5426 pertractasse
1651 5378 1664 5412 :
1687 5359 2035 5416 inl‘ormatam

463 5445 610 5500 illam
635 5446 1042 5517 quidem-etiam
1067 5447 1135 5502 ab
1157 5448 1246 5512 iis,
1275 5449 1367 5519 qui
1393 5451 1449 5505 in
1475 5451 1646 5507 electo
1667 5451 1760 5507 Dei
1793 5453 1847 5507 in
1877 5454 2039 5509 terris

463 5547 610 5593 cmtu
635 5535 1014 5610 comprehensi
1049 5557 1157 5596 non
1193 5543 1434 5607 luerunt,
1463 5544 1772 5614 magistris:
1804 5547 1897 5602 sed
1923 5564 2042 5618 pro-
2080 5567 2086 5584 τ

463 5628 610 5685 tecto
640 5631 894 5687 obscure.
941 5631 1016 5688 De
1059 5633 1145 5688 his
1184 5635 1328 5688 enim
1361 5637 1542 5692 verbis
1591 5637 1897 5708 intelligere
1926 5648 2037 5702 est,

461 5723 683 5777 vivendi
711 5725 817 5777 vim
848 5726 1122 5796 animique
1153 5727 1464 5782 facultatem
1499 5729 1761 5798 triplicem
1797 5723 2038 5785 statuen-

2140 5181 2319 5252 ρήπων
2348 5177 2720 5251 παραδιδόναι,
2750 5179 2816 5248 ἢν
2844 5175 3152 5246 ὲφαντάσθη
3187 5175 3286 5246 μὲν
3317 5177 3411 5228 καὶ
3445 5176 3479 5246 ἡ
3519 5173 3716 5242 ἔξωθεν

2139 5271 2447 5335 παίδευσις,
2495 5269 2557 5322 οὗ
2607 5270 2713 5340 μὴν
2761 5269 3044 5339 τηλαυγῶς
3095 5267 3410 5338 κατενόησε.
3467 5265 3714 5320 Διδάσκει

2139 5364 2248 5438 γὰρ
2277 5364 2422 5434 ἡμᾶς
2453 5363 2542 5416 διὰ
2567 5363 2770 5416 τούτων
2796 5365 2824 5416 ὁ
2851 5361 3028 5432 λόγος,
3057 5361 3114 5415 ἑν
3141 5362 3288 5434 τρισὶ
3312 5343 3598 5432 διαφοραῖς
3619 5360 3716 5429 τὴν

2141 5455 2372 5530 ζωτικὴν
2395 5458 2485 5510 καὶ
2509 5457 2743 5528 ψυχικὴν
2765 5455 2991 5525 δύναμιν
3017 5453 3358 5526 θεωρεῖσθαι.
3403 5455 3464 5506 ’1-1
3491 5454 3588 5524 μὲν
3611 5452 3716 5520 γάρ

2127 5539 2223 5614 ἷτίς
2252 5551 2400 5601 ἐστιν
2433 5549 2698 5620 αὐξητικὴ
2724 5565 2782 5600 τε
2805 5547 2964 5619 μόνον
2990 5547 3086 5601 καὶ
3115 5546 3404 5622 θρεπτικὴ,
3432 5545 3492 5598 τὺ
3518 5544 3714 5598 κατάλ-

2141 5643 2298 5724 ληλον
2321 5645 2402 5708 εἰς
2431 5643 2744 5714 προσθήκην
2768 5641 2876 5695 τῶν
2906 5639 3652 5724 τρεφομένωνμπροσάγουσα,
3682 5637 3714 5706 ἥ

2144 5735 2350 5808 φυσικὴ
2381 5737 2617 5806 λέγεται,
2652 5737 2746 5790 καὶ
2783 5735 3006 5808 περὶτὰ
3048 5738 3192 5806 φυτὰ
3217 5719 3519 5808 θέωρεῖται.
3563 5734 3715 5787 Ἔστι

455 5813 588 5870 dam
617 5831 760 5884 esse;
789 5818 978 5874 harum
1005 5819 1236 5890 primam
1262 5833 1382 5878 esse
1407 5822 1574 5890 illam,
1595 5838 1698 5894 qua
1721 5839 1807 5880 res
1833 5833 2040 5880 tantum

2155 5827 2266 5901 γὰρ
2293 5830 2384 5884 καὶ
2423 5831 2481 5884 ὲν
2509 5830 2618 5894 τοῖς
2643 5827 2929 5901 φυομένοις
2960 5830 3193 5902 ζωτικὴν
3223 5848 3342 5884 τινα
3380 5827 3602 5899 δύναμιν
3635 5827 3714 5880 αἱ·
