4110 6488
417 521 520 578 M5

1694 524 1783 580 DE
1829 523 2111 582 HOMINIS
2159 523 2470 582 OPlFlCIO.

3565 526 3667 588 146

413 653 656 725 σθήσεως
674 653 897 723 ἄμοιρον
927 655 1280 724 κατανοῆσαι.
1303 655 1528 726 Ἕτερον
1555 656 1620 710 δὲ·
1644 656 1794 728 παρὰ
1825 657 1976 711 τοῦτο

2087 658 2300 712 alantur
2323 665 2377 714 et
2399 667 2741 728 accrescant,
2766 661 3129 717 attrahentem
3153 665 3541 718 nutrimentum
3573 680 3668 718 na-

411 745 558 816 ζωῆς
587 743 724 809 εἶδός
760 747 927 810 ἐστιν,
970 737 1127 800 dimi.-
1151 747 1310 800 τοῦτο
1345 747 1478 820 ἔχει,
1511 749 1606 804 καί.
1644 750 1706 802 τὸ
1738 754 1858 804 κατ’
1892 751 1978 804 αἷ-

411 837 603 908 σθησιν
641 838 994 908 οἰκονομῆσαι
1028 839 1412 910 προσείληφεν,
1459 842 1595 912 ὅπερ
1636 844 1694 896 ὲν
1725 845 1790 913 τῇ
1824 843 1982 912 φύσει

409 929 518 981 τῶν
542 927 750 996 ἀλόγων
785 929 952 983 ἐστίν.
984 930 1066 982 Ot’r
1085 931 1194 1000 γὰρ
1229 930 1388 1001 μόνον
1410 932 1666 1004 τρέφεται
1701 934 1794 986 καὶ
1821 934 1981 1006 αὒξε-

409 1035 518 1081 ται,
548 1017 683 1071 ἀλλά
715 1019 812 1073 καὶ
837 1019 937 1090 τὴν
965 1006 1286 1092 αἰσθητικὴν
1312 1022 1594 1095 ἐνέργειαν
1624 1041 1683 1078 τε
1718 1025 1817 1078 καὶ
1839 1026 1934 1078 ἀντ

390 1109 568 1181 ’λῆψιν
612 1111 744 1181 ἔχει.
799 1112 864 1166 'ﬂ
892 1113 954 1166 δὲ
977 1113 1158 1167 τελεία
1199 1117 1256 1169 ἐν
1292 1113 1506 1186 σώματι
1539 1116 1650 1187 ζωὴ
1687 1117 1744 1169 ὲν
1787 1119 1852 1188 τῇ
1887 1117 1977 1169 λο-

405 1204 556 1273 γικῇ,
588 1205 654 1274 τῇ
685 1203 1000 1276 ἀνθρωπίνῃ
1033 1205 1195 1274 λέγω,
1230 1205 1534 1277 καθορᾶται
1566 1207 1745 1276 φύσει,
1783 1225 1980 1278 τρεφο-

408 1293 546 1364 μένη
583 1311 644 1347 τε
679 1296 778 1381 καὶ
811 1297 1199 1368 αἰσθανομένη,
1229 1299 1322 1352 καὶ
1346 1299 1504 1368 λόγου
1541 1300 1860 1370 μετέχουσα,
1886 1301 1980 1353 καὶ

405 1385 481 1456 νῷ
503 1385 865 1459 διοικουμένη.
901 1389 1114 1443 Γένοιτο
1144 1390 1190 1444 δ’
1215 1390 1281 1444 ἂν
1313 1392 1444 1462 ἡμῖν
1473 1392 1690 1462 τοιαύτη
1720 1409 1802 1456 τις
1827 1393 1864 1463 ἡ
1884 1392 1978 1445 τοῦ

402 1477 564 1548 λόγου
598 1479 877 1550 διαίρεσις·
925 1481 1046 1535 Τῶν
1077 1482 1245 1536 ὄντων
1270 1483 1333 1536 τὸ
1365 1483 1463 1554 μέν
1489 1500 1539 1536 τι
1575 1483 1803 1572 νοητδ.
1817 1483 1880 1536 τὸ
1921 1463 2077 1603 ab?

406 1572 715 1603 manu-uuln
759 1574 974 1603 -.ιη-ι.-
1023 1574 1167 1603 εμπ..
1263 1575 1421 1603 ννηι
1472 1574 1562 1603 -..ἔτ
1631 1576 1724 1603 υἱ...
1782 1592 1974 1603 ...ι--..η

406 1572 715 1642 σωματικὸν
759 1574 974 1638 πάντως
1022 1574 1188 1628 ἐστίν.
1263 1575 1422 1628 Ἀλλά
1472 1574 1564 1628 τοῦ
1629 1576 1724 1646 μὲν
1782 1572 1975 1647 νοητοῦ

384 1663 683 1731 ’παρείσθω
706 1664 799 1718 νῦν
840 1668 876 1736 ἡ
910 1666 1047 1738 πρὸς
1077 1665 1144 1720 τὰ
1173 1668 1350 1721 οἰκεῖα
1377 1668 1516 1738 τομή
1548 1682 1573 1705 ⁸-
1609 1667 1670 1720 ού
1703 1665 1812 1738 γὰρ
1852 1665 1977 1719 τού-

401 1772 512 1808 των
543 1759 572 1809 ὁ
600 1756 774 1826 λόγος.

2084 758 2221 805 tum
2249 766 2438 807 earum
2463 767 2646 806 rerum
2678 769 2798 822 qua:
2821 755 3063 820 aluntur,
3111 756 3362 811 idoneum
3403 775 3415 810 :
3462 773 3527 812 ex
3558 774 3668 829 quo

2083 843 2189 898 illae
2218 859 2434 914 semper
2463 845 2671 916 aliquid
2715 847 3036 903 incrementi
3076 859 3315 904 sumant.
3353 849 3667 920 Appellatur

2083 935 2198 991 haec
2247 937 2538 1002 naturalis,
2591 947 2754 1009 atque
2799 939 2852 993 in
2897 940 3096 1010 plantis
3141 941 3489 1012 perspicitur.
3533 939 3667 995 Nam

2083 1028 2519 1084 animadvertere
2574 1037 2658 1085 est
2701 1031 2862 1085 etiam
2927 1033 2980 1086 in
3035 1033 3299 1105 stirpibus
3363 1031 3669 1089 facultatem

2082 1118 2372 1187 quamdam
2409 1119 2625 1174 vivendi
2673 1121 2875 1186 inesse,
2915 1138 3109 1178 sensus
3143 1131 3322 1178 tamen
3358 1125 3537 1179 omnis
3571 1140 3671 1178 ex-

2082 1219 2313 1279 pertem.
2350 1210 2551 1266 l‘raater
2573 1213 2712 1267 hanc
2739 1215 2908 1267 altera
2933 1215 3056 1269 vita:
3080 1217 3290 1285 species
3313 1226 3395 1272 est
3418 1233 3539 1287 quae
3562 1216 3673 1287 pri-

2083 1318 2225 1356 mam
2259 1305 2394 1357 hanc
2425 1305 2728 1374 complexa,
2748 1306 2798 1359 vi
2824 1307 2985 1360 etiam
3017 1308 3286 1363 sentiendi
3314 1318 3397 1365 est
3421 1309 3668 1378 przedita.

2083 1391 2178 1444 Est
2207 1401 2387 1446 autem
2423 1393 2537 1447 haec
2566 1395 2886 1449 animalium
2919 1396 3149 1454 rationis
3186 1400 3517 1469 expertium,
3551 1415 3673 1469 qua:

2087 1497 2194 1536 non
2225 1484 2388 1539 modo
2419 1485 2708 1540 alunturet
2731 1494 3082 1543 aecrescnnt:
3118 1490 3211 1544 sed
3243 1490 3407 1545 etiam
3440 1490 3670 1544 faculta-

2085 1581 2193 1629 tem
2218 1576 2509 1645 quamdam
2536 1578 2863 1633 sentientem
2892 1579 3116 1635 habent.
3148 1579 3398 1636 Peri‘ecta
3433 1577 3671 1651 denique

2085 1666 2138 1720 in
2171 1683 2400 1738 corpore
2427 1670 2538 1724 vita
2565 1669 2619 1722 in
2653 1679 2850 1724 natura
2885 1673 3098 1728 ratione
3132 1681 3337 1739 utente,
3371 1689 3534 1743 quam
3571 1674 3671 1727 hn-

2084 1773 2298 1813 manam
2367 1759 2617 1824 dicimus.
2692 1762 2981 1830 quaerenda
3031 1773 3136 1818 est.
3180 1762 3254 1816 Ea
3327 1765 3584 1818 nimirum
3617 1773 3673 1819 et

403 1855 667 1914 nutritur,
705 1860 758 1908 et
799 1853 984 1916 sentit,
1025 1860 1078 1908 et
1103 1853 1315 1908 ratione
1350 1863 1541 1909 ornata
1573 1862 1688 1919 est,
1735 1861 1789 1908 et
1815 1868 1846 1906 a
1891 1860 2070 1928 mente
2100 1853 2326 1922 regitur.
2359 1851 2535 1923 Atque
2555 1854 2654 1908 hoc
2669 1854 2791 1908 loco
2808 1856 3053 1924 placetin
3074 1857 3409 1928 explicandis
3424 1861 3672 1912 oratione

405 1944 568 1999 rebus
594 1944 766 2004 hisce.
779 1945 945 2012 hujus

1041 1946 1348 2015 diquadam
1378 1947 1667 2017 partitione
1693 1947 1768 2002 uti
1783 1916 2086 2026 ευηίιέἀ
2126 1961 2212 2000 res
2245 1945 2468 2001 omnino
2519 1956 2612 2001 aut
2653 1955 2780 2002 sunt
2823 1947 2981 2014 tales,
3014 1960 3072 2004 ut
3105 1916 3284 2006 ruente
3324 1959 3486 2021 atque
3509 1951 3663 2004 intel-

405 1960 568 1999 rrnus
596 1960 945 2012 msce.nu]us
1041 1960 1348 2015 diquadam
1378 1960 1667 2017 partitione
1693 1960 2086 2026 utnumvm
2126 1961 2212 2000 res
2245 1961 2468 2001 omnino
2519 1960 2612 2001 aut
2653 1960 2780 2002 sunt
2823 1960 2981 2014 tales,
3014 1960 3072 2004 ut
3105 1960 3284 2006 mente
3324 1960 3486 2021 atque
3510 1960 3663 2004 intel-

402 2036 624 2104 ligentia
657 1960 1207 2105 compreherlyantur,
1243 2048 1335 2090 aut
1373 2049 1502 2092 sunt
1543 2043 1836 2109 corporeae:
1871 2039 1976 2093 Eas
2002 2053 2122 2108 qua!
2151 2047 2328 2104 mente
2357 2038 2751 2108 percipiuntur,
2784 2052 2912 2094 suas
2943 2040 2998 2094 in
3033 2042 3242 2111 species
3274 2042 3430 2112 quasi
3454 2041 3670 2112 partiri,

399 2129 505 2184 hoc
533 2126 749 2198 quidem
779 2129 832 2182 in
869 2129 989 2184 loco
1013 2144 1118 2184 non
1147 2137 1229 2185 est
1254 2130 1488 2194 animus,
1515 2131 1732 2201 quando
1761 2131 1848 2185 hae
1869 2131 1935 2184 ad
1957 2131 2255 2186 institutam
2284 2130 2583 2185 orationem
2614 2131 2749 2185 nihil
2781 2133 3031 2188 attinent.

472 2265 580 2320 Τοῦ
605 2267 658 2320 δὲ
690 2265 999 2337 σωματικοῦ
1034 2267 1098 2320 τὸ
1137 2269 1234 2338 μὲν
1274 2269 1499 2339 ἄμοιρον
1532 2268 1759 2322 καθόλου
1803 2269 1976 2338 ζωῆς,

2156 2267 2360 2326 Berum
2399 2284 2561 2338 porro
2600 2284 2988 2336 corporearum
3021 2269 3140 2324 alia:
3178 2270 3280 2322 vita
3311 2285 3536 2339 prorsus
3567 2269 3665 2324 de-

399 2359 464 2421 τὸ
491 2359 548 2411 δὲ
579 2358 792 2429 μετέχει
836 2358 1071 2428 ζωτικῆς
1099 2359 1396 2430 ἐνεργείας.
1433 2358 1600 2412 Πάλιν
1626 2357 1719 2411 τοῦ
1748 2357 1976 2432 ζωτικοῆ

402 2450 655 2517 σώματος
691 2451 750 2504 τὸ
782 2451 880 2517 μὲν
912 2451 1166 2517 αἰσθήσει
1203 2451 1376 2517 συζῇ,
1423 2451 1484 2504 τὸ
1529 2451 1584 2503 δὲ
1626 2452 1844 2517 ἀμοιρεῖ
1883 2451 1976 2517 τῆς

2083 2359 2407 2425 stituuntur,
2436 2359 2555 2414 aliae
2571 2359 2786 2416 vivendi
2807 2359 3061 2414 facultate
3086 2362 3324 2430 praedita:
3347 2368 3498 2415 sunt.
3526 2358 3667 2413 Rur-

2082 2467 2204 2505 sum
2237 2466 2435 2517 corpus
2464 2452 2574 2507 vita
2608 2451 2916 2517 praeditum,
2955 2464 3050 2507 aut
3083 2467 3304 2508 sensum
3349 2451 3530 2513 habet,
3571 2459 3666 2504 aut

1953 2468 1980 2512 ς

402 2450 655 2522 σώματος
691 2451 750 2504 τὸ
782 2451 880 2521 μὲν
912 2451 1166 2521 αἰσθήσει
1203 2451 1376 2522 συζῇ,
1423 2451 1484 2504 τὸ
1529 2451 1584 2503 δὲ
1626 2452 1844 2522 ἀμοιρεῖ
1883 2451 1946 2518 τῆ

401 2539 726 2610 αίσθήσεως.
767 2535 898 2592 Εἶτα
942 2539 1002 2593 τὸ
1046 2539 1360 2610 αἰσθητικὸν
1405 2541 1661 2611 τέμνεται
1703 2539 1862 2594 πάλιν
1901 2541 1981 2602 εἰς

400 2630 619 2699 λογικόν
650 2648 708 2683 τε
743 2631 857 2697 καὶ,
881 2630 1094 2698 ἄλογον.
1143 2631 1241 2683 Διὰ
1275 2631 1434 2685 τοῦτο
1478 2631 1689 2703 πρῶτον
1723 2631 1858 2702 μετὰ
1884 2630 1980 2702 τὴν

2082 2467 2204 2505 sum
2237 2466 2435 2521 corpus
2464 2452 2574 2507 vita
2608 2451 2916 2522 praeditum,
2955 2464 3050 2507 aut
3083 2467 3304 2508 sensum
3349 2451 3530 2513 habet,
3571 2459 3666 2504 aut

2082 2557 2147 2597 eo
2175 2551 2344 2602 caret.
2378 2542 2591 2612 Corpus
2622 2553 2801 2604 autem
2835 2546 3078 2602 sentiens
3108 2545 3193 2598 vel
3229 2543 3457 2598 rationis
3490 2542 3541 2596 vi
3575 2558 3666 2597 or-

2083 2640 2269 2694 natum
2293 2674 2308 2698 ,
2363 2636 2447 2690 vel
2498 2636 2620 2706 ejus
2660 2652 2857 2707 expers
2889 2653 3010 2693 esse
3040 2651 3265 2693 necesse
3304 2646 3406 2693 est.
3459 2633 3665 2690 Idcirco

401 2722 610 2792 ἄψυχον
648 2721 778 2794 ὓλην
806 2718 916 2776 οἷον
957 2719 1270 2793 ύποὸἀθραιὶ
1307 2722 1429 2776 τινὰ
1458 2724 1556 2794 τῆς
1589 2724 1695 2778 τῶν
1726 2723 1976 2794 ἐμψύχων

2084 2723 2261 2784 Moses
2293 2727 2562 2782 inanimas
2594 2744 2683 2788 res
2708 2729 2962 2799 primum.
2996 2744 3117 2800 qua:
3148 2728 3513 2782 animatorum
3544 2735 3666 2781 tan-

405 2814 552 2879 ἰδέας
563 2815 660 2886 τὴν
673 2815 906 2885 φυσικὴν
924 2814 1127 2886 ταύτην
1155 2815 1305 2886 ζωὴν.
1320 2815 1579 2885 συστῆναι
1606 2817 1754 2884 λέγει
1779 2818 1806 2868 ὁ
1825 2833 1976 2888 νομο-

2081 2833 2246 2890 gnam
2271 2818 2672 2888 limusquidam
2706 2820 2908 2890 gradus
2948 2831 3154 2882 essent,
3192 2820 3389 2876 deinde
3429 2818 3664 2874 naturali

402 2905 586 2977 θέτης,
622 2908 679 2959 ἐν
712 2906 920 2978 τῇιτῶν
951 2908 1133 2977 φυτῶν
1176 2907 1378 2979 βλάστη
1401 2909 1851 2980 προῦποστᾶσαν,ο
1882 2904 1973 2968 εἷθῖ

401 2998 577 3060 αὔτως
617 2997 824 3066 ἐπάγεις
855 2997 962 3062 τῶν
1006 2999 1125 3053 κατ’
1173 2998 1424 3069 αἴσθησιν
1462 2999 1846 3070 διοικουμένων
1884 3000 1982 3071 τὴν

401 3088 637 3156 γένεσιν.

476 3178 584 3241 Καὶ
636 3178 830 3250 ἐπειδὴ
869 3177 1009 3232 κατὰ
1056 3178 1152 3250 τὴν
1199 3179 1367 3251 αὐτὴν
1395 3180 1712 3246 ἀκολουθίαν
1745 3180 1854 3234 τῶν

481 3249 764 3328 ρκὺςΙτὴν
817 3270 962 3328 ζωὴν
1029 3271 1319 3328 εἰληχότων
1381 3273 1450 3326 τά
1520 3273 1620 3328 μὲν
1669 3181 1988 3328 distincta

1889 3292 1980 3338 κα,

401 3249 764 3366 σαρκὸςίτὴν
815 3249 962 3341 ζωὴν
1029 3249 1334 3343 εἰληχότων
1381 3273 1450 3326 τά
1519 3273 1620 3342 μὲν
1669 3273 1884 3344 αἰσθητι

2083 2910 2194 2964 vita
2218 2911 2494 2981 praeditas,
2520 2919 2670 2966 ortas
2701 2927 2822 2968 esse
2851 2912 3038 2976 tradit,
3063 2928 3182 2982 quae
3224 2913 3478 2966 nimirum
3511 2911 3666 2982 plan-

2083 3013 2262 3066 tarum
2300 3003 2542 3076 germina
2567 2999 2763 3058 erant:
2795 3011 2920 3074 post
2949 3004 3092 3068 haec,
3118 3019 3306 3058 eorum
3334 3019 3454 3073 quae
3497 3017 3662 3058 sensu

2084 3093 2378 3164 agitantur.
2405 3094 2667 3164 originem
2693 3102 3105 3149 commemorat.

2157 3185 2291 3240 Cum
2319 3193 2499 3239 autem
2525 3193 2958 3240 consentaneum
3001 3185 3092 3248 sit,
3141 3199 3324 3239 rerum
3372 3198 3664 3256 corporea--

2083 3293 2207 3332 rum
2255 3277 2365 3331 vita
2407 3277 2780 3347 praeditarum,
2826 3290 2921 3332 eas
2967 3276 3186 3346 quidem
3230 3292 3351 3345 quae
3395 3275 3662 3330 sentiendi

399 3362 499 3426 atat
529 3357 648 3432 δίχα
695 3362 795 3431 τῆς
835 3363 1028 3433 νοερᾶς
1075 3362 1288 3430 φύσεως
1335 3363 1420 3432 ἐφ’
1451 3364 1659 3417 ἑαυτῶν
1698 3364 1838 3418 εἶναι

399 3472 555 3491 mm...
610 3455 670 3491 ιρλ
697 3455 753 3491 εξ
791 3454 1006 3491 ληνινλυ
1044 3455 1142 3491 may
1187 3453 1253 3491 su
1283 3454 1482 3491 iuerint.»-
1523 3453 1729 3491 νέυηηη
1771 3457 1826 3491 ι..
1876 3473 1976 3491 m..-

2081 3370 2195 3425 rvim
2222 3370 2448 3435 habent,
2475 3371 2640 3424 etiam
2671 3368 2809 3424 citra
2840 3376 3094 3428 naturam
3142 3368 3529 3437 intelligentem
3557 3368 3665 3423 exi-

2086 3470 2229 3491 οιΑ-..η
2259 3477 2417 3491 -υυηι
2489 3461 2596 3491 υἷι-η
2633 3476 2760 3491 ..η-ιη
2789 3460 3276 3491 ναιῖηηῖηηηιηηιὲη
3296 3474 3524 3491 nnrnnnn
3555 3474 3660 3491 “nn

397 3472 580 3517 ναται,
610 3455 670 3507 τὸ
697 3455 755 3507 δὲ
791 3454 1006 3523 λογικὸν
1044 3455 1145 3508 ούκ
1187 3453 1253 3508 ἂν
1281 3454 1482 3538 ὲὶέρως
1523 3453 1729 3524 γένοιτο
1770 3457 1826 3508 ὲν
1876 3453 1982 3509 603'—

399 3564 554 3620 ματι,
571 3549 618 3600 εἰ
646 3546 720 3617 μὴ
749 3545 826 3616 τῷ
852 3546 1094 3618 αἰσθητῷ
1116 3546 1468 3618 συγκραθείη·
1498 3546 1586 3611 ᾰιὰ
1610 3548 1767 3608 τοῦτο
1795 3548 1977 3602 τελευο

395 3640 548 3701 ταῖος
585 3637 723 3707 μετὰ
752 3636 824 3691 τὰ
869 3637 1224 3708 βλαστήματα
1263 3637 1448 3691 καὶτὰ
1487 3638 1617 3707 βοτὰ
1647 3640 1977 3694 κατεσκευά-

362 3781 364 3783 ,
397 3729 504 3796 σθη
531 3730 561 3782 ὁ
587 3727 892 3800 ἄνθρωπος,
922 3726 1027 3798 ὀδῷ
1052 3744 1160 3781 τινι
1190 3727 1327 3799 πρὸς
1353 3729 1414 3780 τὸ
1440 3729 1642 3790 τέλειον
1665 3728 1974 3792 ἀκολούθως

393 3817 693 3890 αροῖούσης
734 3819 833 3890 τῆς
880 3817 1112 3886 φύσεως.
1161 3818 1263 3880 Διά
1308 3818 1491 3889 πάσης
1526 3817 1635 3889 γάρ
1677 3818 1820 3882 ἰδέας
1865 3817 1933 3870 τίὲ

392 3910 586 3983 ψυχῶν
614 3895 1007 3982 κατακαᾶται
1036 3912 1097 3964 τὸ
1124 3910 1340 3980 λογικὸν
1381 3910 1537 3964 τοῦτο
1560 3907 1737 3973 ζῶονό
1768 3895 1974 3981 ἀνθρωί

397 4019 522 4068 πος.
569 4003 838 4074 Τρέφεται
869 4004 967 4073 μὲν
997 4005 1104 4073 γὰρ
1137 4003 1278 4067 κατά
1316 4002 1379 4056 τὸ
1417 4002 1644 4070 φυσικὸν
1672 4005 1770 4073 τῆς
1795 3997 1973 4073 ψυχῆς

393 4094 568 4160 εἶδος·
620 4098 688 4166 τῇ
730 4096 788 4149 δὲ
834 4094 1099 4166 αὑξητικῇ
1148 4095 1374 4166 δυνάμει
1403 4098 1436 4166 ἡ
1470 4095 1758 4165 αἰσθητικὴ
1807 4112 1974 4167 προσ-

392 4185 571 4257 εφύη,
608 4187 788 4257 μέσως
805 4183 1031 4257 ’ἔχουσα
1078 4185 1219 4239 κατά
1260 4187 1358 4256 τὴν
1411 4185 1545 4240 ἰδίαν
1580 4185 1742 4255 φύσιν
1774 4186 1872 4256 τῆς
1911 4203 1972 4238 τε

2085 3470 2230 3518 stere
2257 3477 2419 3532 posse
2441 3501 2456 3526 ,
2489 3461 2598 3516 vim
2633 3476 2760 3517 vero
2789 3460 3205 3524 ratiocinantem
3223 3460 3276 3514 in
3295 3474 3524 3529 corpore
3555 3474 3660 3514 non

2085 3565 2227 3615 esse,
2262 3550 2367 3606 nisi
2409 3549 2654 3606 facultati
2687 3550 2942 3606 sentienti
2987 3548 3390 3621 quodammodo
3432 3550 3662 3604 commi-

2079 3650 2333 3698 sceatur:
2365 3643 2569 3697 idcirco
2591 3650 2712 3712 post
2737 3645 2950 3712 plantas
2975 3651 3028 3697 et
3048 3641 3430 3712 pecorahomo
3444 3641 3660 3697 demum

2119 3736 2340 3793 onditus
2370 3743 2472 3799 est,
2513 3746 2706 3790 natura
2740 3736 2930 3790 ordine
2972 3733 3040 3788 ad
3071 3744 3310 3792 creatum
3347 3734 3504 3804 plane
3537 3749 3661 3804 per-

2079 3829 2283 3884 fectum
2315 3827 2713 3898 progrediente.
2745 3825 2880 3879 Nam
2915 3824 3115 3879 animal
3146 3825 3249 3880 hoc
3276 3824 3512 3880 rationis
3542 3839 3664 3894 par-

2081 3920 2274 3990 ticeps,
2306 3932 2467 3988 quem
2496 3917 2768 3974 hominem
2794 3916 3051 3980 dicimus,
3080 3931 3148 3974 ex
3169 3915 3318 3972 omni
3348 3923 3432 3969 est
3464 3915 3661 3970 anima:

2081 4009 2257 4064 forma
2287 4007 2444 4079 quasi
2492 4014 2872 4076 temperatum.
2901 4004 3134 4060 Perinde
3159 4004 3305 4060 enim
3341 4012 3506 4074 atque
3533 4005 3663 4058 stir—

2082 4100 2228 4170 pium
2268 4098 2478 4158 anima.
2507 4112 2672 4166 quam
2718 4097 3019 4150 naturalem
3063 4093 3333 4158 diximus,
3380 4093 3663 4150 nutritur:

2079 4192 2276 4247 deinde
2304 4189 2544 4254 facultati
2575 4187 2902 4243 accretionis
2931 4187 3095 4253 etiam
3131 4188 3372 4242 sentiens
3399 4186 3658 4249 adhwret,

394 4279 590 4349 νοερᾶς
618 4278 834 4347 καὶτῆς
859 4277 1232 4350 ὐλωδεστέρας
1254 4277 1441 4340 οὐσίας
1470 4293 1484 4307 ·
1530 4277 1767 4348 τοσούτῳ
1796 4294 1940 4346 παχυ

399 4371 704 4422 ηεοεστέοα
744 4371 966 4422 ταύτης.
1013 4372 1122 4422 ὅσω
1160 4370 1519 4422 καθαοωτέοα
1559 4371 1793 4422 ἐκείνης.
1840 4307 1976 4422 Εἷτὲ

2081 4287 2239 4358 cujus
2268 4294 2362 4342 est
2379 4293 2577 4346 natura
2602 4285 2760 4354 quasi
2788 4284 2964 4339 media
2977 4283 3230 4354 quaedam
3255 4285 3396 4338 inter
3421 4285 3658 4340 animam

2081 4382 2226 4422 illam
2269 4380 2499 4422 nrimnm
2542 4377 2816 4422 rmiim‘em
2865 4384 2919 4422 et
2966 4377 3180 4422 tertiam
3223 4375 3609 4422 intelligenten
3645 4395 3656 4422 ;

398 4371 704 4443 μερεστέρα
744 4371 966 4442 ταύτης,
1013 4372 1122 4440 ὅσῳ
1160 4370 1519 4441 καθαρωτέρα
1559 4371 1793 4440 ἐκείνης.
1840 4365 1933 4422 Εἷτ

393 4480 482 4525 τις
507 4463 716 4531 γίνεται
752 4462 888 4535 πρὸς
911 4463 972 4515 τὸ
998 4463 1193 4516 λεπτὸν
1226 4463 1318 4515 καὶ
1349 4461 1636 4532 φωτοειδὲς
1661 4464 1759 4532 τῆς
1784 4463 1974 4532 αἰσθη-

394 4561 554 4630 τικῆς
586 4557 798 4628 φύσεως
837 4558 872 4629 ὴ
909 4557 1009 4628 τῆς
1034 4559 1226 4627 νοερᾶς
1269 4557 1457 4621 οὐσίας
1488 4555 1757 4620 οἰκείωσίς
1789 4574 1858 4622 τε⁸
1879 4558 1972 4612 καὶ

392 4653 732 4723 ἀνάκρασις,
771 4651 847 4715 ὡς
897 4654 958 4706 ὲν
995 4653 1141 4722 τρισί
1185 4651 1396 4813 at";
1425 4650 1515 4703 τὸν
1557 4649 1841 4722 ἄνθρωπον
1874 4651 1971 4720 τὴν

393 4744 655 4802 σύστασιν
683 4742 826 4812 ἔχειν
859 4757 873 4772 ⁶
922 4741 1103 4806 καθὼς
1132 4743 1225 4796 καὶ
1253 4761 1292 4794 π
1368 4741 1403 4795 ἀ
1425 4741 1517 4795 τοῦ
1557 4743 1971 4813 ’ᾼποστόλου-ιρ

393 4744 655 4802 σύστασιν
683 4742 826 4812 ἔχειν
859 4757 873 4772 ⁶
922 4741 1103 4806 καθὼς
1132 4743 1225 4796 καὶ
1425 4741 1517 4795 τοῦ
1557 4743 1877 4812 ’ᾼποστόλου

2080 4382 2227 4435 illam
2269 4380 2501 4450 primam
2541 4377 2816 4434 rudiorem
2865 4384 2919 4432 et
2966 4377 3182 4430 tertiam
3223 4375 3609 4446 intelligenten
3645 4395 3656 4428 ς

2080 4478 2232 4526 tanto
2258 4468 2514 4530 nimirum
2542 4467 2884 4536 intelligente
2911 4464 3172 4528 crassior,
3201 4473 3410 4534 quanto
3440 4463 3532 4516 illa
3561 4478 3660 4532 pu-

2079 4563 2211 4624 rior.
2239 4560 2480 4632 Denique
2505 4575 2628 4614 cum
2654 4557 2918 4614 subtiliet
2943 4557 3130 4619 lucida,
3148 4564 3340 4616 natura
3369 4555 3657 4634 sentiente,

2078 4655 2242 4711 etiam
2266 4651 2576 4721 intelligens
2598 4649 2887 4719 aptissimo
2920 4655 3349 4718 temperamento
3371 4645 3659 4716 conjungi-

2080 4740 2190 4805 tur,
2234 4751 2291 4795 ut
2330 4742 2441 4810 jam
2487 4743 2660 4796 tribus
2705 4741 2856 4796 hisce
2896 4741 3059 4794 rebus
3106 4741 3341 4800 hominis
3381 4740 3654 4809 opiﬁcium

388 4833 636 4889 τοιοῦτον
669 4807 966 4904 ἐμάθομεν,
987 4835 1051 4940 ἓν
1083 4827 1163 4896 οἷς
1196 4807 1487 4935 πρὸς-τδὺς
1529 4807 1809 4901 Ἐξρεσίους
1842 4807 1976 4903 ἔφηξ1

2081 4843 2310 4896 constet.
2330 4807 2494 4890 'Licet
2523 4835 2624 4887 hoc
2652 4833 2720 4886 de
2748 4832 2994 4902 Apostoli
3051 4831 3253 4894 verbis,
3288 4807 3496 4900 quae—in
3526 4830 3652 4900 epi-

389 4926 828 4997 προσευχόμενος
857 4924 1040 4988 αὐτοῖς
1070 4926 1169 5009 τῂν
1206 4924 1424 4994 ὁλοτελῆ
1456 4924 1615 4995 χάριν
1651 4924 1744 4978 τοῦ
1786 4924 1970 4995 σῶμα-

387 5035 507 5084 τος,
543 5019 638 5072 καὶ
662 5017 764 5087 τῆς
802 5017 1001 5089 ψυχῆς,
1031 5017 1126 5070 καὶ
1161 5017 1257 5069 τοῦ
1301 5017 1610 5086 πνεύματος
1642 5018 1699 5068 ἐν
1727 5019 1797 5112 τῇ
1827 5035 1968 5163 Ὠ-

387 5110 554 5163 ουσία
581 5109 678 5163 τοῦ
723 5109 934 5163 Κυρίου
978 5107 1337 5163 φυλαγθῆναι.
1374 5109 1496 5163 ἀντὶ
1539 5107 1633 5162 τοῦ
1673 5109 1866 5163 θοεπτι
1937 5110 1966 5162 ὖ

386 5110 554 5180 ουσία
581 5109 678 5163 τοῦ
723 5109 934 5180 Κυρίου
978 5107 1337 5178 φυλαχθῆναι,
1374 5109 1496 5163 ἀντὶ
1539 5107 1633 5162 τοῦ
1673 5107 1966 5179 Operm-M6

2079 4929 2218 4993 stola
2248 4927 2315 4982 ad
2335 4926 2596 4997 Ephesios
2624 4933 2858 4988 exstant,
2879 4924 3208 5006 intelligere.
3230 4923 3571 4993 Optatenim,
3596 4929 3657 4976 ut

2080 5021 2290 5091 integra
2320 5020 2577 5090 corporis.
2599 5025 2658 5072 et
2684 5017 2897 5083 animas,
2925 5024 2977 5082 et
3004 5016 3244 5084 spiritus.
3262 5017 3436 5086 gratia
3483 5017 3534 5068 in
3561 5013 3656 5068 ad-

2079 5121 2296 5166 ventum
2331 5109 2545 5165 Domini
2577 5116 2950 5172 conservetur,
2985 5108 3182 5175 quibus
3211 5107 3268 5160 in
3309 5107 3492 5161 verbis
3526 5120 3653 5158 cor-

391 5203 596 5274 μέρους
632 5202 695 5256 τδ
735 5202 894 5272 σῶμα
933 5201 1130 5270 λέγων,
1170 5202 1230 5254 τὸ
1262 5201 1318 5254 δὲ
1361 5200 1676 5272 αἰσθητικὸν
1719 5205 1783 5272 τῇ
1823 5195 1976 5292 φυῇ

2081 5203 2226 5274 poris
2254 5201 2542 5272 appellatio
2573 5211 2780 5269 partem
2808 5201 2860 5254 in
2897 5201 3115 5254 homine
3144 5201 3497 5258 nutrjentem,
3531 5197 3652 5250 ani-

383 5292 784 5364 διαοημαίνων,
819 5293 882 5346 τὸ
921 5293 1106 5365 νοερὸν
1142 5291 1198 5345 δὲ
1237 5290 1315 5361 τῷ
1346 5291 1639 5361 πνεύματι.
1697 5293 1967 5358 Ὡσαύτως

385 5386 485 5439 καὶ
507 5385 598 5439 τὸν
620 5386 951 5458 γραμματέα
967 5386 1055 5440 διὰ
1074 5385 1168 5439 τοῦ
1193 5385 1518 5453 Εὐαγγελίου
1541 5385 1782 5439 παιδεύει
1805 5389 1834 5440 ὁ
1860 5387 1970 5442 Κύ-

390 5493 543 5549 ριος,
587 5478 769 5547 πάσης
800 5477 1020 5547 ἐντολῆς
1060 5477 1374 5547 προτιθέναι
1414 5477 1511 5548 τὴν
1543 5479 1621 5541 εἰς
1661 5479 1792 5531 Θεὸν
1835 5481 1969 5548 ἀγά-

2076 5312 2164 5350 ma
2199 5293 2552 5358 sentientem.
2583 5293 2777 5361 spiritu
2819 5292 3226 5362 intelligentem,
3248 5300 3418 5348 notat.
3450 5288 3652 5342 Eodem

2077 5387 2238 5441 modo
2267 5385 2502 5441 scribam
2533 5385 2686 5438 illum
2733 5382 3009 5440 Dominus.
3041 5383 3094 5436 in
3136 5381 3426 5450 Evangelio
3469 5380 3650 5442 docet,

2077 5494 2315 5537 aurorem
2343 5478 2396 5532 in
2428 5476 2596 5534 Deum
2620 5493 2684 5530 ex
2718 5475 3022 5530 toto-corde
3053 5483 3107 5527 et
3151 5473 3330 5526 anima
3376 5479 3431 5524 et
3472 5479 3653 5525 mente

387 5585 522 5637 πην,
555 5567 654 5637 τὴν
686 5567 745 5632 ἐξ
771 5569 897 5636 ὅλης
931 5568 1153 5638 καρδίας
1184 5569 1276 5622 καὶ
1298 5568 1476 5639 ψυχῆς
1507 5570 1597 5622 καὶ
1623 5568 1857 5634 διανοίας
1883 5572 1969 5640 εν·-

2081 5573 2404 5640 prolectum,
2450 5569 2664 5624 caneris
2711 5568 2804 5622 Dei
2844 5555 3000 5620 scitis
3039 5567 3196 5633 longe
3234 5562 3647 5618 anteferendum

386 5662 749 5731 εργουμὲνην.
801 5663 910 5714 Καὶ
961 5651 1338 5742 γάρῇδιαῦθα
1375 5662 1472 5730 τὴν
1505 5662 1674 5730 αὐτὴν
1705 5662 1851 5716 δοκεῖ
1881 5651 1918 5733 εἶ

384 5751 668 5822 διαῃορὰν·
714 5752 1033 5823 ἑρμηνεύειν
1071 5751 1117 5806 “ὁ
1169 5751 1360 5820 λόγος,
1417 5753 1514 5822 τὴν
1565 5753 1664 5822 μὲν
1729 5771 1968 5822 σωματι-

386 5844 638 5914 κωτέραν
677 5845 1004 5898 κατάστασιν
1041 5844 1267 5914 καρδίαν
1304 5845 1473 5907 εἰπὼν
1495 5883 1511 5908 ,
1561 5845 1734 5916 ψυχὴν
1778 5845 1834 5898 δὲ
1871 5846 1968 5918 τὴν

390 5934 609 6005 μέσην,
662 5934 900 5990 διάνοιαν
947 5935 1005 5988 δὲ
1061 5935 1159 6005 τὴν
1209 5933 1546 6007 ὑψηλοτέραν
1613 5935 1811 6005 φύσιν,
1871 5936 1968 6008 τὴν

2076 5676 2219 5716 esse.
2253 5658 2382 5711 Nam
2416 5668 2468 5711 ct
2495 5658 2606 5711 haac
2637 5659 2816 5710 oratio
2835 5657 2966 5709 mihi
2991 5656 3286 5711 discrimen
3315 5654 3456 5707 idem
3481 5671 3650 5723 expo-

2076 5768 2206 5806 nere
2239 5750 2472 5810 videtur,
2506 5759 2562 5803 ut
2604 5749 2786 5804 cordis
2825 5747 3187 5816 appellatione
3223 5748 3466 5803 crassius
3517 5747 3650 5801 illud

2075 5846 2319 5914 corporis
2351 5844 2402 5896 iu
2439 5843 2654 5904 homine
2682 5849 3165 5910 temperamentum
3191 5841 3374 5896 veniat
3400 5860 3412 5895 :
3456 5842 3653 5916 animae

2078 5951 2230 6005 vero,
2264 5934 2499 5994 medium
2533 5949 2546 5984 :
2581 5934 2777 5994 mentis
2797 5933 3038 6003 ‘denique
3064 5948 3167 5988 vox
3209 5933 3650 5988 excellentioretu

2935 6074 3026 6113 ιη.
