4110 6542
277 487 375 545 155
1427 496 1536 564 ΒΕ¹
1584 498 1869 556 HOMINIS

1929 497 2222 555 OPlFlClO
2233 538 2250 553 .
3419 513 3527 570 158

270 603 406 677 πρὸς
433 603 696 677 ἀλλήλους
720 606 937 671 οἰκείως
959 609 1194 682 ἔχοντες·
1221 614 1314 666 καὶ
1345 614 1406 667 τὸ
1438 615 1673 686 ἔμπαλιν
1700 617 1846 671 ἐστιν
1876 623 1893 677 Α

1901 625 1920 676 ι
1947 633 2057 674 non
2075 617 2475 690 ingrediantur,
2493 619 2611 674 alio.
2625 619 3118 695 forte'i‘ortuna-per
3133 627 3299 683 alium
3316 630 3524 686 aditum

269 698 450 769 εὑρεῖν
502 699 816 769 γινόμενον
878 703 927 756 οἰ
992 704 1097 775 γὰρ
1153 705 1564 779 ἁπεξενωμένοι
1626 726 1685 762 τε
1747 711 1842 764 καὶ

1951 710 2021 766 ad
2071 711 2258 767 urbem
2291 712 2480 774 itante.
2537 714 2644 783 qui—
2669 714 3026 772 nihilominus
3053 729 3342 790 postquam
3381 723 3522 778 intra

267 789 530 859 ἄγνωστοι
564 790 810 862 ἀλλήλων
852 795 950 866 μιᾷ
979 793 1230 866 χρῶνται.
1244 797 1383 868 πρὸς
1418 798 1516 870 τὴν
1544 800 1699 856 πόλιν
1727 804 1840 858 εἰσε-

1949 804 2277 858 mteniorum
2327 805 2592 859 ambitum
2634 821 2918 872 venerunt,
2957 789 3313 878 conveniunt,
3346 823 3400 869 et
3426 831 3524 871 ne-

265 879 372 954 όδῳ
405 879 663 946 πολλάκις
683 922 698 949 ,
734 881 847 936 ἀλλ’
879 886 940 940 οὐ
977 886 1238 940 συνάπτει
1268 889 1490 954 τούτους
1518 891 1770 964 ἀλλήλοις
1807 895 1840 964 ἡ

1951 892 2288 950 cessitudine
2325 902 2512 948 mutua
2568 896 2673 951 sibi
2724 897 2965 953 devincti
3008 910 3173 970 sunt;
3223 911 3526 976 contraque

263 974 408 1028 κατὰ
435 976 532 1046 τὴν
558 974 763 1028 εἴσοδον
793 978 1078 1032 κοινωνίαν
1111 979 1368 1038 δύνανται
1405 982 1515 1054 γὰρ
1561 984 1655 1037 καὶ
1691 985 1886 1087 ὲντὺςό

1903 975 2066 1087 Τιξηὶ
2087 993 2282 1056 potest,
2343 996 2400 1040 ut
2430 987 2681 1043 homines
2698 1005 2924 1060 peregre
2951 994 3249 1062 venientes,
3273 974 3526 1068 interque

262 1068 542 1138 γενόμενοι
568 1068 920 1140 διακριθῆναι
943 1071 1079 1143 πρὸς
1105 1072 1166 1126 τὸ
1190 1073 1478 1144 ὁμόφυλον*
1518 1076 1761 1130 τοιοῦτόν
1788 1057 1885 1132 τι⁹

1949 1057 2072 1134 sese
2105 1078 2296 1148 ignoti,
2348 1079 2541 1134 eodem
2575 1080 2641 1135 ad
2685 1057 2874 1136 urbem
2934 1084 3084 1138 aditu
3136 1057 3469 1143 contendant
3507 1107 3527 1144 θ

263 1159 449 1230 βλέπω
479 1160 570 1212 καὶ
604 1162 696 1214 ἐπὶ
723 1163 823 1232 τῆς
855 1162 1006 1219 κατὰ.
1029 1164 1118 1218 τὸν
1153 1164 1278 1218 νοῦν
1313 1167 1672 1239 εὐρυχωρίας.
1709 1169 1842 1222 Πολ-

1946 1184 2086 1239 quos
2143 1178 2324 1226 tamen
2377 1175 2685 1230 communis
2719 1174 2773 1227 in
2829 1175 3015 1229 urbem
3053 1178 3336 1244 ingressus
3373 1182 3524 1238 nullo

261 1247 556 1326 λάκιςρίὰρ
580 1253 674 1305 καὶ
705 1255 770 1306 ὲκ
804 1253 1077 1326 διαφόρων
1103 1256 1473 1329 αἰσθητηρίων
1513 1259 1612 1330 μία
1639 1261 1841 1330 γνῶσις

1951 1263 2112 1318 modo
2142 1265 2447 1337 coniungit,
2489 1270 2710 1339 quando
2749 1272 2934 1326 urbem
2972 1273 3204 1342 ingressi
3249 1279 3395 1332 sunt.
3420 1284 3522 1339 pro

261 1344 396 1413 ἡμῖν
423 1343 826 1414 συναγείρεται,
853 1345 945 1400 τοῦ
970 1348 1136 1401 αὐτοῦ
1167 1350 1490 1420 πράγματος
1504 1353 1839 1425 ,πολυμερῶς

1953 1353 2108 1408 libitu
2135 1356 2370 1428 quisque
2393 1375 2453 1414 se
2473 1361 2543 1416 ab
2559 1362 2682 1418 aliis
2696 1372 2935 1434 separat,
2965 1364 3195 1434 singulis
3219 1378 3348 1418 suos
3371 1377 3517 1431 quas-

429 1435 536 1541 τὰς⁹
559 1436 840 1541 αἰσθησεις
873 1438 1249 1541 μεριζομένου.
1288 1443 1458 1498 Πάλιν
1485 1445 1531 1498 δ’
1564 1441 1632 1499 αὖ
1661 1447 1722 1501 τὸ
1750 1449 1885 1541 sib“

1902 1444 2201 1526 grentibus
2233 1462 2383 1502 :non
2421 1432 3096 1522 dissimilemﬁintelligere
3132 1452 3332 1509 videor
3351 1452 3525 1507 etiam

259 1526 464 1590 αντίον,
512 1527 660 1582 ἐστιν
707 1531 773 1580 ὲκ
825 1533 954 1600 μιᾶς
983 1549 1128 1598 τινος
1168 1533 1278 1587 τῶν
1325 1535 1632 1606 αἰσθήσεων
1667 1526 1878 1593 mnf

1946 1535 2145 1588 urentis
2174 1533 2586 1604 amplitudinem
2613 1551 2758 1591 esse.
2785 1535 2919 1590 Nam
2939 1553 3317 1607 saepenumero
3345 1555 3408 1594 ex
3441 1539 3526 1593 di-

257 1617 354 1670 καὶ
393 1617 614 1673 ποικίλα
646 1621 840 1691 μαθεῖν
860 1663 878 1686 ,
910 1624 1062 1676 οὐδὲν
1095 1625 1343 1696 ἀλλήλοις
1378 1628 1519 1690 κατὰ
1547 1629 1646 1701 τὴν
1676 1631 1838 1701 φύσιν

1945 1624 2116 1678 versis
2144 1637 2404 1678 sensuum
2425 1625 2648 1694 organis
2676 1625 2839 1681 unius
2863 1626 2940 1680 rei
2972 1627 3334 1697 cognitionem
3360 1644 3523 1698 para-

262 1707 664 1778 συμϐαίνονταο
719 1705 827 1766 οἷον
872 1712 890 1782 (
927 1717 1174 1785 κρεῖττον
1215 1716 1321 1788 γὰρ
1366 1718 1423 1770 ὲν
1476 1718 1836 1790 ὑποδείγματι

1943 1730 2088 1779 mus,
2123 1715 2238 1784 ipsa
2268 1731 2325 1769 re
2341 1715 2575 1772 diversis
2595 1717 2772 1772 modis
2801 1717 3056 1773 sensibus
3081 1735 3140 1774 se
3173 1719 3517 1774 insinuante:

258 1795 647 1872 διασαφηνίσαι
694 1803 786 1856 τὸν
820 1803 1059 1876 λόγον),
1097 1806 1408 1877 προκείσθω
1461 1809 1742 1880 ζητεῖσθαί
1784 1831 1836 1866 τι

1902 1818 2134 1881 Jeontra
2167 1807 2349 1864 videre
2392 1818 2497 1874 est,
2530 1826 2642 1864 uno
2673 1810 2977 1881 eodemque
3025 1827 3192 1867 sensu
3224 1814 3393 1866 multa
3425 1828 3525 1866 va-

257 1895 386 1965 περὶ
417 1869 609 1966 χυμῶν
641 1869 924 1968 ἰδιότητος,
944 1869 1007 1952 τί,
1031 1897 1131 1968 μὲν
1144 1869 1253 1968 ’ἡδὺ
1282 1901 1416 1974 πρὸς
1561 1892 1880 1975 αίσθησινδ·

1900 1869 2136 1971 rriaque
2186 1901 2418 1973 percipi.
2458 1920 2578 1973 quae
2611 1906 2902 1975 caeteroqui
2929 1914 3124 1958 natura
3154 1906 3296 1959 inter
3323 1921 3382 1961 se
3412 1921 3523 1961 non

255 1986 310 2039 τί
340 1987 400 2041 δὲ
432 1988 666 2057 φευκτὸν
696 1993 808 2052 τοῖς
837 1991 1154 2062 γευομένοις
1183 1991 1353 2047 ἐστίν.
1387 1994 1598 2049 Οὐκοῦν
1637 1998 1834 2069 εὑρέθη
1867 1983 1878 2036 Ῑ

1903 1989 2290 2048 ἰσοηνεηίυιιι.
2334 1993 2495 2048 Verbi
2533 1995 2706 2063 gratia
2753 1999 2912 2065 (nam
2949 1997 3152 2050 rectius
3187 1996 3300 2050 haec
3339 2012 3526 2051 exerit-

256 2077 342 2133 διὰ
390 2079 495 2152 τῆς
537 2080 730 2151 πείρας
761 2081 796 2150 ἦ
837 2099 897 2134 τε
947 2083 1048 2153 τῆς
1092 2082 1258 2152 χολῆς
1297 2085 1596 2156 πικρότης,
1634 2088 1729 2141 καὶ
1778 2089 1837 2142 τὺ

1937 2086 2044 2156 plis
2075 2085 2466 2156 illustrantur),
2520 2088 2860 2156 propositum
2912 2087 3072 2142 nobis
3100 2096 3220 2143 esto
3262 2089 3525 2158 quiddam

256 2171 531 2243 προσηνὲς
554 2171 656 2243 τῆς
685 2171 825 2225 κατὰ
848 2173 912 2224 τὸ
949 2174 1074 2244 μέλι
1115 2177 1420 2247 ποιότητος.
1467 2180 1751 2250 Διαφόρων
1780 2182 1837 2234 δὲ

1936 2177 2004 2231 de
2061 2191 2314 2247 saporum
2374 2179 2708 2246 proprietate
2763 2178 3100 2248 perquirere,
3159 2179 3283 2249 quis
3314 2177 3517 2240 dulcis,

255 2265 425 2319 ὄντων
452 2265 678 2330 τούτων,
711 2269 839 2338 μίαν
867 2270 1079 2338 εἰσάγει
1102 2270 1302 2339 γνῶσιν
1333 2272 1394 2324 τὸ
1424 2272 1555 2326 αὐτὸ
1583 2275 1835 2345 πρᾶγμα,

1935 2268 2062 2339 quis
2105 2269 2349 2339 gustatui
2388 2277 2581 2323 contra
2641 2269 2890 2338 ingratus
2928 2269 3127 2324 humor
3179 2270 3271 2324 sit.
3335 2271 3525 2339 Itaque

256 2357 583 2430 πολυμερῶς
625 2362 689 2430 τῇ
737 2359 947 2432 διανοίᾳ.
978 2360 1435 2452 εἰσοικιζόμενον,
1476 2363 1509 2433 ἦ
1563 2364 1770 2432 γεύσειν
1803 2366 1879 2452 fi.

1896 2355 2196 2438 mocemur
2232 2361 2568 2432 experientia
2607 2361 2769 2416 bilem
2819 2362 3039 2432 quidem
3078 2378 3202 2427 esse
3228 2377 3519 2418 amaram:

255 2449 552 2520 ὀσφρήσει,
590 2449 624 2521 ἢ
674 2451 833 2519 ἀκοῇ,
871 2451 1131 2515 πολλάκις
1160 2453 1218 2506 δὲ
1252 2455 1344 2507 καὶ
1384 2457 1448 2524 τῇ
1481 2455 1621 2525 ἀφῇ,
1647 2455 1740 2508 καὶ
1766 2449 1869 2526 τῇ’

1936 2462 2147 2526 gratam
2205 2468 2337 2510 vero
2397 2454 2544 2508 melli
2604 2455 2922 2525 qualitatem
2971 2455 3265 2526 quamdam
3310 2454 3517 2510 inesse.

256 2538 394 2610 ᾶὶιει.
449 2542 560 2598 Kal.
595 2541 712 2612 γὰρ
742 2542 863 2596 ἰδών
891 2561 977 2607 τις
1017 2544 1076 2597 τὸ
1125 2545 1280 2615 μέλι,
1313 2547 1406 2599 καὶ
1449 2547 1544 2600 τοῦ
1573 2546 1834 2618 ὀνόματος

1939 2548 2062 2604 Haec
2093 2563 2220 2603 cum
2264 2547 2479 2603 diversa
2505 2548 2643 2601 inter
2667 2563 2728 2602 se
2760 2549 3048 2612 exsistant,
3083 2561 3189 2601 una
3229 2556 3409 2602 tamen
3441 2547 3529 2602 rei

253 2630 536 2696 ἀκούσας,
586 2633 679 2686 καὶ
708 2636 774 2705 τῇ
813 2633 998 2701 γεύσει
1031 2633 1210 2688 λαϐὼν
1230 2677 1244 2700 ,
1280 2637 1373 2690 καὶ
1406 2637 1495 2690 τὸν
1525 2637 1696 2708 ἀτμὸν
1747 2637 1838 2691 διὰ

1937 2639 2127 2694 notitia
2173 2647 2542 2708 comparatur,
2577 2638 2754 2693 modis
2793 2638 2962 2694 variis
2989 2638 3157 2692 menti
3207 2638 3515 2704 insinuata,

253 2723 348 2794 τῆς
375 2723 705 2795 ὀσφρήσεως
738 2727 1140 2793 ὲπιγνοὺς,,καὶ
1165 2731 1232 2798 τῇ
1263 2728 1378 2798 ἁφῇ
1408 2728 1710 2800 δοκιμάσας
1729 2769 1744 2794 ,
1772 2731 1836 2785 τὸ

1902 2731 2204 2802 nimirum.
2234 2738 2476 2802 gustatu,
2510 2728 2766 2792 odoratu,
2809 2729 3026 2793 auditu,
3062 2729 3226 2784 etiam
3257 2736 3518 2783 contactu

253 2814 383 2869 αὐτὸ
428 2817 665 2888 πρᾶγμα
704 2816 770 2870 δι’
818 2817 1050 2874 ἑκάστου
1090 2819 1197 2875 τῶν
1251 2799 1624 2894 αἰσθητηρίων
1668 2823 1876 2897 and».

1899 2799 2358 2894 rnonnunquam,
2382 2825 2436 2873 et
2459 2828 2704 2888 aspectu.
2739 2817 2874 2871 Nam
2898 2833 3022 2872 cum
3057 2819 3183 2887 quis
3213 2818 3319 2872 mel
3341 2817 3522 2872 intue—

257 2923 392 2976 ρισε.
427 2908 661 2968 Ποικίλα
688 2910 744 2962 δὲ
775 2911 937 2964 πάλιν
977 2911 1073 2968 καὶ
1109 2911 1365 2984 πολυειδῆ
1398 2915 1486 2968 διὰ
1518 2917 1648 2986 μιᾶς
1689 2934 1835 2980 τινος

1936 2923 2045 2978 tur,
2079 2926 2280 2967 nomen
2322 2909 2495 2976 audit,
2523 2918 2739 2981 gustum
2769 2910 3017 2980 percipit,
3049 2909 3276 2966 halitum
3306 2909 3518 2976 olfacit,

254 2995 563 3069 αἰσθήσεως
593 2999 959 3071 διδασκόμεθα
981 3018 993 3031 ·
1018 3001 1115 3075 τῆς
1143 3019 1202 3056 τε
1241 3003 1410 3075 ἀκοῆς
1445 3006 1705 3070 παντοίας
1746 3007 1834 3060 δε-

1936 3015 2192 3062 contactu
2258 3004 2495 3073 denique
2550 3003 2729 3072 ipsum
2794 3004 3061 3072 explorat,
3103 3001 3350 3057 eamdem
3401 3016 3517 3057 rem

255 3089 499 3179 χομένης
537 3090 749 3158 φωνὰς,
817 3093 916 3164 τῆς
952 3112 1011 3148 τε
1051 3095 1142 3149 διὰ
1185 3096 1295 3150 τῶν
1341 3095 1634 3167 ὀφθαλμῶν
1682 3099 1833 3179 eivs}.-

1936 3093 2175 3165 singulis
2213 3092 2470 3149 sensibus
2500 3091 2732 3161 percipit
2769 3110 2782 3146 :
2843 3099 3037 3146 contra
3088 3105 3220 3146 vero
3258 3090 3412 3144 varia
3462 3097 3521 3146 et

253 3177 474 3250 λήψεως
493 3182 802 3255 ἀδιάκριτον
825 3185 950 3255 ὲχού
960 3187 1174 3259 σηςτὴν
1196 3189 1476 3260 ἐνέργειαν
1498 3190 1590 3242 ἐπὶ
1609 3191 1708 3262 τῆς
1726 3177 1846 3248 τῶν,

1936 3187 2118 3257 specie
2140 3185 2356 3241 diversa
2391 3198 2502 3238 uno
2546 3183 2792 3238 vicissim
2845 3197 3013 3238 sensu
3052 3189 3136 3238 est
3163 3197 3516 3252 cognoscere.

254 3270 585 3343 ἑτερογενῶν
615 3273 865 3345 θεωρίας.
913 3276 1147 3348 Ὁμοίως
1172 3279 1281 3350 γὰρ
1314 3279 1492 3351 λευκῷ
1516 3298 1574 3333 τε
1597 3281 1877 3390 προσπίοε

255 3381 371 3394 ..θα
435 3365 530 3394 ...Α
581 3367 760 3394 ..Π-ι..
835 3370 926 3394 -..Α
982 3372 1107 3394 _:__
1158 3375 1269 3394 __!-
1305 3373 1444 3394 --μ-ξ.
1480 3373 1532 3394 -1
1596 3375 1811 3394 ιημηκρρ

1896 3277 2409 3356 βρυεωεάωοίιυω
2441 3276 2632 3331 auditu
2665 3275 2846 3330 omnis
2891 3275 3108 3344 generis
3145 3289 3308 3330 voces
3337 3275 3519 3345 perci-

1896 3368 1906 3391 Ι
1944 3375 2172 3394 _g_-_._-_
2202 3389 2215 3394 -
2253 3381 2296 3394 ,ι
2321 3370 2599 3394 ΛΑ-.1Α........
2634 3383 2691 3394 ...ι
2724 3368 2954 3394 Ιηι...11.υ.
2981 3376 3059 3394 ηαδ
3110 3373 3167 3394 ..ο
3205 3367 3519 3394 ..-Α-..ἒιη-..Α

254 3381 397 3428 πτει,
435 3365 535 3418 καλ⁸
579 3367 786 3436 μέλανι,
835 3370 930 3427 καὶ
980 3372 1113 3424 πᾶσι
1155 3375 1269 3436 τοῖς
1305 3373 1446 3427 κατὰ
1476 3373 1538 3426 τὸ
1592 3365 1877 3430 ὲναντίοιῗἸ

1895 3368 1906 3391 ¹
1944 3375 2172 3444 piuntur
2201 3389 2216 3426 :
2248 3381 2301 3426 et
2317 3370 2600 3424 oculorum
2631 3383 2694 3422 ea
2722 3368 2957 3422 lacultas
2979 3376 3083 3430 est,
3110 3373 3171 3420 ut
3205 3367 3518 3437 promiscue

253 3455 510 3511 διεστῶσι
560 3457 638 3528 τῷ
685 3458 956 3531 χρώματι.
1014 3461 1200 3527 Οὕτως
1247 3465 1281 3534 ἡ
1334 3465 1545 3533 γεῦσις,
1593 3465 1829 3539 οῦτωςή

1943 3480 2032 3520 res
2083 3465 2246 3518 etiam
2275 3478 2475 3533 genere
2502 3460 2748 3516 diversas
2774 3459 3022 3516 videant:
3055 3459 3326 3515 consimili
3370 3460 3518 3514 enim

250 3548 545 3621 ὀσφρησις,
577 3550 748 3618 οὕτως
779 3555 812 3625 ἡ
845 3554 932 3607 διὰ
959 3555 1056 3626 τῆς
1083 3556 1227 3628 ἁφῆς
1254 3559 1600 3629 κατανόησις,
1635 3577 1831 3614 παντο-

1941 3557 2106 3618 modo
2132 3555 2346 3610 videndi
2373 3554 2455 3609 vis
2485 3554 2539 3607 in
2569 3553 2772 3618 album,
2791 3554 3030 3625 nigrum,
3057 3569 3144 3609 res
3174 3553 3300 3607 item
3333 3552 3520 3607 colore

255 3640 445 3732 δαπῶν
489 3645 828 3717 πραγμάτων
863 3648 1065 3721 ἑκάστη
1110 3650 1198 3704 διὰ
1236 3653 1356 3726 τῆς,
1373 3651 1582 3718 οἰκείας
1613 3654 1832 3727 ἀντιλή-

1896 3651 2086 3732 J'nter
2119 3665 2178 3706 se
2204 3649 2452 3704 diversas
2477 3654 2702 3702 caeteras
2741 3645 2953 3701 incidit.
3007 3645 3100 3700 Sic
3151 3661 3347 3701 sensus
3386 3645 3519 3699 reli-

254 3730 397 3802 ψεως
426 3735 530 3807 τὴν
566 3737 766 3807 γνῶσιν
800 3740 1092 3813 ἐντίθησιν.
1337 3725 1341 3726 ν
1791 3725 1877 3829 δε

1897 3725 2055 3829 ﬁni,
2084 3750 2354 3815 gustatus,
2402 3740 2686 3806 odoratus,
2720 3746 3028 3803 contactus,
3083 3737 3357 3791 variarum
3400 3735 3520 3790 sin-

1935 3838 2049 3910 guli
2101 3852 2284 3893 rerum
2340 3850 2439 3892 sua
2492 3832 2840 3904 perceptione
2890 3831 3142 3886 notitiam
3203 3827 3367 3883 nobis
3419 3843 3516 3897 pa-

1937 3936 2113 3983 riunt.

778 4013 1174 4069 ΚΕΦΔΛΔΙΟΝ
1213 4017 1314 4072 IA'.

1937 3936 2113 3983 riunt.

2539 4008 2769 4067 CAPUT
2822 4006 2916 4062 Xl.
3458 4095 3469 4102 _
3511 4092 3521 4102 .

394 4105 532 4160 'Ort
569 4103 898 4176 ἀθεώρητος
929 4109 967 4176 ἠ
1483 4113 1690 4182 φύσις.
1938 4111 2017 4166 Na

1081 4202 1103 4242 ι’
1174 4209 1184 4242 i
1379 4229 1382 4232 ι

1938 4111 2206 4166 Naturam
2228 4106 2457 4161 hominis
2480 4112 2646 4158 totam
2663 4099 3084 4154 consideratione
3099 4105 3279 4150 nostra
3297 4095 3523 4165 perspici

2118 4208 2128 4218 ι
2579 4189 2683 4226 non
2708 4187 2880 4242 posse.

323 4259 388 4314 Τί
415 4258 598 4314 τοίνυν
625 4260 743 4314 ἐστὶ
771 4259 914 4314 κατὰ
1066 4209 1257 4318 ἑαυτοῦ
1284 4223 1454 4335 ’,φύσιν
1479 4269 1508 4321 ὁ
1533 4267 1659 4334 νοῦς
1677 4308 1694 4334 ,
1725 4271 1839 4324 ὀ-ὲν

2118 4209 2128 4218 α
2579 4209 2683 4226 ..νη
2708 4209 2880 4242 psus.

2011 4271 2153 4340 Quid
2201 4270 2386 4340 igitur,
2439 4263 2678 4335 inquies,
2714 4269 2911 4316 natura
2946 4273 3046 4315 sua
3086 4272 3242 4312 mens
3276 4255 3527 4310 hominis

257 4354 602 4424 αίσθητικαῖς
643 4352 935 4423 δυνάμεσιν
979 4357 1171 4411 ἑαυτὸν
1215 4359 1574 4432 ἐπιμερίζων,
1628 4363 1724 4417 καὶ
1767 4363 1838 4419 δι’

1938 4375 2044 4431 est,
2079 4378 2202 4434 quae
2240 4375 2338 4431 per
2371 4371 2630 4414 sensuum
2674 4353 2919 4409 diversas
2952 4367 3015 4408 se
3049 4350 3335 4404 facultates
3357 4347 3525 4408 didit,

258 4442 496 4516 ἑκάστης
529 4445 878 4516 καταλλήλως
905 4444 1006 4519 τὴν
1034 4449 1140 4502 τῶν
1163 4449 1333 4505 ὄντων
1356 4452 1558 4529 γνῶσιν
1591 4455 1836 4527 ἀναλαμ-

1936 4473 1990 4516 et
2024 4475 2120 4529 per
2141 4457 2238 4509 has
2277 4452 2380 4508 sibi
2405 4465 2589 4504 rerum
2611 4447 2858 4501 notitiam
2893 4441 3208 4512 comparat?
3237 4441 3523 4496 Diversum

258 4537 432 4591 ϐάνων
457 4554 474 4602 ;
505 4538 626 4591 ’Ὁτι
655 4539 763 4610 γὰρ
802 4539 928 4593 ἄλλο
967 4557 1023 4593 τι
1047 4541 1200 4612 παρὰ
1225 4542 1324 4606 τὰς
1349 4528 1631 4616 αἰσθῆσεις
1664 4548 1833 4612 ἐστὶν,

1939 4528 2071 4608 sane
2099 4545 2358 4619 quiddam
2389 4556 2514 4597 esse
2556 4547 2795 4594 mentem
2829 4537 2897 4590 ab
2945 4535 3083 4606 ipsis
3112 4532 3388 4596 sensibus,
3427 4529 3523 4600 qui

257 4630 352 4684 οὐκ
401 4628 475 4684 ἂν
504 4625 659 4700 οἶμαί
696 4650 818 4686 τινα
870 4634 976 4688 τῶν
1023 4634 1309 4713 ἐμφρόνων
1353 4636 1735 4707 άμφιὸάλλειν.
1771 4639 1880 4697 Ei]

1901 4645 2197 4713 lambigat,
2237 4639 2354 4693 fore
2379 4635 2680 4696 neminem,
2714 4630 2810 4701 qui
2859 4629 3083 4699 quidem
3135 4626 3333 4695 sapiat,
3377 4623 3524 4676 arbi-

255 4720 362 4793 γὰρ
384 4696 587 4776 ταύτὸν
610 4718 681 4795 ἦν
705 4728 771 4796 τῇ
802 4696 1074 4798 αἰσθήσειξ
1095 4696 1232 4798 πρὸς
1261 4696 1319 4780 ἓν
1344 4696 1560 4793 πάντως
1585 4727 1699 4799 εἶχε
1724 4730 1832 4783 τῶν
1869 4696 1878 4697 7

1935 4696 2240 4794 tror.‘i\‘am
2292 4731 2339 4786 si
2368 4728 2512 4784 idem
2543 4733 2690 4782 esset
2717 4723 2861 4794 quod
2902 4735 3124 4781 sensus,
3159 4717 3382 4771 omnino
3415 4713 3512 4768 uni

257 4815 374 4867 κατ’
403 4814 662 4885 αἴσθησιν
695 4817 1100 4888 ἐνεργουμένων
1144 4819 1243 4889 τὴν
1283 4819 1590 4888 οἰκειότητα
1609 4858 1625 4884 ,
1658 4820 1746 4874 διὰ
1775 4821 1836 4874 τὸ

1935 4843 2003 4887 ex
2050 4827 2305 4884 sensibus
2335 4828 2482 4878 esset
2525 4818 2746 4872 aﬂinis:
2804 4813 3025 4885 quando
3060 4827 3216 4867 mens
3257 4810 3378 4878 ipsa
3422 4822 3523 4861 na-

257 4904 466 4960 ἁπλοῦν
505 4908 605 4978 μὲν
641 4908 802 4962 αὐτὸν
841 4905 997 4975 εἶναι,
1051 4910 1217 4981 μηδὲν
1267 4912 1325 4963 δὲ
1370 4911 1612 4964 ποικίλον
1654 4913 1712 4964 ἐν
1757 4911 1835 4982 τῷ

1939 4937 2074 4979 tura:
2109 4915 2374 4988 simplicis
2413 4919 2517 4977 est,
2549 4911 2606 4965 in
2639 4924 2747 4979 qua
2793 4907 2931 4961 nihil
2986 4905 3152 4959 statui
3181 4901 3394 4956 varium
3425 4913 3519 4970 po-

261 4998 415 5071 ἁπλῷ
466 4999 811 5071 θεωρεῖσθαι.
861 5003 998 5055 Νυνὶ
1046 5002 1104 5055 δὲ
1147 5002 1366 5056 πάντων
1415 5003 1834 5075 συντιθεμένων,

1936 5023 2061 5073 test.
2120 5012 2192 5066 At
2223 5023 2353 5064 vero
2391 5003 2711 5073 compositis
2755 4999 3030 5062 omnibus,
3081 5011 3203 5049 cum
3253 4993 3398 5048 aliud
3445 4993 3518 5046 sit

260 5090 385 5145 ἀλλο
415 5091 517 5162 μέν
547 5110 600 5146 τι
626 5093 726 5164 τὴν
757 5092 898 5165 ἁφὴν
932 5091 1107 5162 εἶναι,
1135 5095 1264 5149 ἄλλο
1307 5095 1365 5148 δὲ
1411 5096 1510 5166 τὴν
1544 5085 1882 5169 δσφρησιν,⁸

1933 5115 2238 5169 contactus,
2269 5098 2414 5154 aliud
2445 5097 2724 5159 odoratus,
2748 5092 3068 5160 ueterisque
3098 5087 3282 5143 itidem
3323 5086 3403 5142 sic
3431 5085 3519 5138 in-

261 5183 483 5238 καὶτῶν
509 5184 687 5239 ἄλλων
708 5185 970 5250 ὡσαύτως
989 5188 1368 5257 ἀκοινωνήτως
1391 5205 1450 5240 τε
1474 5187 1568 5240 καὶ
1589 5187 1834 5257 ἀμίκτως

1935 5213 2018 5259 ter
2041 5216 2099 5257 se
2123 5196 2380 5260 diversis,
2410 5199 2470 5246 ut
2493 5186 2866 5258 nihilquidem
2891 5186 3032 5239 inter
3058 5184 3207 5252 ipsos
3230 5193 3519 5235 commune

263 5278 396 5347 πρὸς
424 5278 635 5350 ἄλληλα
665 5279 1050 5352 διακειμένων,
1085 5279 1273 5353 ἐπειδὴ
1303 5280 1443 5334 κατὰ
1465 5280 1528 5334 τὸ
1557 5282 1668 5334 ῐσον
1700 5280 1836 5334 ἐκά-

1937 5303 2031 5364 sit,
2070 5310 2228 5352 mens
2275 5301 2456 5347 tamen
2489 5286 2721 5357 singulis
2760 5281 2964 5354 pariter
3012 5279 3223 5334 ratione
3281 5272 3515 5346 quadam

266 5385 361 5443 στῃ
397 5373 754 5445 καταλλήλως
784 5374 1078 5448 πάρεστιν,
1105 5375 1292 5446 ἕτερόν
1331 5391 1456 5429 τινα
1491 5375 1709 5438 πάντως
1737 5375 1836 5428 αῦ-

1939 5388 2297 5448 conveniente
2320 5381 2482 5446 adsit,
2517 5376 2741 5434 omnino
2784 5372 3120 5429 censendum
3154 5377 3240 5424 est
3278 5373 3517 5422 mentem

261 5462 349 5515 τὸν
384 5465 492 5537 χρὴ
533 5466 684 5536 παρὰ
718 5465 817 5538 τὴν
855 5466 1118 5538 αἰσθητὴν
1149 5466 1499 5520 ὑποτίθεσθαι
1545 5466 1730 5536 φύσιν,
1765 5467 1840 5529 ὡς

1942 5478 2089 5535 aliud
2144 5471 2402 5546 quiddam
2431 5479 2576 5532 esse,
2608 5479 2770 5536 quam
2831 5463 2902 5519 sit
2948 5469 3141 5516 natura
3178 5456 3418 5520 sensilis,
3450 5468 3520 5507 ne

263 5552 326 5607 ἂν
359 5558 434 5628 μή
459 5575 544 5622 τις
573 5559 814 5613 ποικιλία
837 5560 915 5631 τῷ
943 5568 1120 5631 νοητῷ
1150 5559 1500 5632 συμμιχθείη.
1539 5581 1558 5612 ι
1579 5560 1675 5622 Τίς
1698 5558 1840 5628 ἔγνω

1942 5565 2178 5640 simplici
2225 5564 2329 5629 rei,
2359 5568 2414 5616 et
2444 5573 2566 5629 quae
2611 5554 2968 5627 intelligentia
3009 5546 3517 5640 comprehenditur,

263 5645 383 5701 νοῦν
410 5649 693 5721 Κυρίου;ι
739 5651 904 5721 φησὶν
939 5654 969 5705 ὁ
1013 5652 1354 5717 Ἀτόστολος.
1399 5652 1542 5722 Ἐγὼ
1584 5653 1641 5707 δὲ
1689 5653 1840 5724 παρὰ

1942 5639 2124 5718 inesse
2173 5657 2385 5714 diversa
2420 5648 2668 5721 quaedam
2699 5656 3026 5704 statuamus.
3079 5640 3346 5698 Praeclare
3373 5639 3517 5708 Apo-

262 5739 416 5792 τοῦτό
445 5758 606 5812 φημι,
633 5742 731 5806 Τίς
761 5743 853 5796 τὸν
886 5744 1019 5800 ῐδιον
1047 5744 1171 5801 νοῦν
1202 5747 1556 5818 κατενόησεν;
1589 5747 1838 5802 Εἰπάτω-

1946 5755 2121 5812 stolus
2177 5748 2449 5807 exclamat
2484 5762 2498 5798 :
2536 5761 2554 5795 ι
2595 5742 2729 5807 Quis
2776 5745 3012 5794 mentem
3071 5732 3282 5789 Domini
3310 5745 3516 5801 cogno-

266 5846 362 5887 ταν
389 5835 439 5886 οἱ
461 5835 552 5889 τοῦ
574 5835 710 5890 Θεοῦ
744 5837 840 5907 τὴν
866 5838 1027 5909 φύσιν
1063 5841 1212 5906 ἐντὸς
1247 5841 1560 5914 ποιούμενοι
1589 5842 1686 5912 τῆς
1711 5843 1837 5897 ἑαυο

1944 5848 2021 5905 vit
2046 5847 2088 5880 "
2119 5845 2142 5900 2
2180 5862 2198 5897 ι
2247 5838 2374 5896 Mihi
2407 5849 2536 5895 vero
2564 5834 2697 5891 libet
2730 5832 2834 5888 hoc
2862 5828 3024 5886 etiam
3066 5825 3346 5899 adjicere:
3378 5822 3517 5890 Quis

335 5947 351 5980 '
368 5948 386 5981 ¹
409 5946 570 6008 Rom.
601 5967 678 6022 ιι,
714 5952 804 6009 54.
