4110 6552
627 489 735 549 tua
1574 555 1585 566 _
1853 488 1909 546 s.
1945 489 2268 570 GltEGORIl
2297 489 2592 549 nvsseru
3776 492 3881 550 rso

628 621 753 661 cum
785 619 815 658 a
850 611 1043 659 natura
1089 601 1171 656 sic
1198 608 1576 671 comparatum
1612 602 1704 667 sit,
1736 610 1798 656 ut
1827 602 1883 657 in
1930 604 2192 660 maestitia

2315 625 2392 675 ρης
2425 606 2486 659 τὸ
2519 607 2698 678 σῶμα,
2733 606 2868 678 πρὸς
2895 605 2994 671 τὰς
3026 607 3084 660 ὲν
3116 606 3191 678 τῷ
3219 607 3373 678 βάθει
3404 605 3719 679 κοιλότητας
3749 624 3881 661 συν-

628 704 905 752 meatuum
935 702 1050 749 toto
1081 707 1313 763 corpore
1333 694 1638 749 contractio
1669 695 1918 764 quxedam
1963 705 2017 750 et
2045 713 2195 752 com-

2315 695 2518 750 υθείται
2543 700 2649 750 πᾶν
2675 697 2736 750 τὸ
2764 697 2899 769 πρὸς
2925 697 3024 767 τὴν
3052 697 3307 768 διαπνοὴν
3333 697 3673 769 κωλυόμενον
3694 714 3708 726 ·
3756 697 3883 752 ὅθεν

633 789 846 860 pressio
871 787 1005 841 ﬁat:
1038 784 1306 856 quidquid
1343 786 1494 840 exire
1531 787 1787 856 impedita
1831 789 2196 857 respiratione

2315 787 2394 839 val.
2436 787 2542 842 τῶν
2577 787 3020 842 ἀναπνευστικῶν
3064 789 3386 859 σπλάγχνων
3438 788 3883 860 στενοχωρουμέ-

633 887 887 948 nequeat,
919 875 987 930 ad
1019 877 1183 931 imam
1204 876 1452 946 corporis
1474 878 1829 948 capacitatem
1855 878 2193 933 detrudatur.

635 967 761 1023 Inde
809 967 1138 1032 usuvenire,
1185 975 1245 1020 ut
1301 982 1426 1021 cum
1479 967 1548 1020 ad
1604 967 2016 1037 respirationem
2057 968 2197 1024 facta
2234 979 2245 1011 τι

633 1060 845 1114 uiscera
876 1058 1065 1122 abiis,
1103 1074 1132 1112 a
1164 1060 1363 1129 quibus
1414 1059 1656 1129 undique
1717 1062 2088 1125 continentur,
2141 1063 2196 1118 in

635 1159 928 1220 angustum
960 1159 1260 1216 arctantur,
1288 1151 1607 1222 plerumque
1639 1152 1930 1209 violentior
1972 1155 2199 1225 spiritus

635 1244 890 1298 attractio
930 1253 1142 1298 natura:
1173 1245 1223 1297 vi
1253 1243 1367 1308 ﬁat,
1419 1259 1540 1314 quae
1597 1247 1742 1316 quod
1798 1256 1883 1302 est
1932 1256 2199 1303 arctatum

636 1336 866 1392 dilatare
897 1337 1111 1399 nititur,
1149 1347 1207 1392 ut
1229 1354 1292 1392 ea
1326 1353 1446 1409 quae
1477 1354 1795 1409 compressa
1843 1348 1995 1406 sunt,
2030 1341 2200 1397 vicis-

639 1428 744 1483 sim
793 1427 1138 1484 diducantur.
1184 1429 1362 1498 Atque
1414 1431 1724 1500 hujusmodi
1777 1432 1833 1485 in
1881 1430 2244 1502 respirando!

640 1517 1012 1574 diﬂicultatem
1045 1521 1318 1576 mmstitiae
1354 1521 1613 1576 indicium
1645 1522 1917 1592 quoddam
1943 1539 2066 1578 esse
2091 1533 2202 1578 sta-

642 1613 870 1675 tuimus,
898 1612 1043 1682 quod
1069 1623 1122 1667 et
1147 1613 1442 1682 suspirium
1474 1621 1527 1666 et
1556 1614 1816 1682 gemitum
1845 1614 2200 1684 appellamus.

646 1703 739 1759 Sic
765 1703 908 1774 quod
933 1714 1118 1776 partes
1150 1706 1300 1759 cordi
1335 1705 1622 1776 contiguas
1661 1723 1907 1776 premere
1961 1714 2202 1777 putatur,

643 1811 753 1850 non
780 1797 985 1861 cordis,
1026 1797 1120 1852 sed
1148 1799 1263 1852 oris
1303 1798 1358 1851 in
1386 1799 1934 1854 ventriculomolesta
1964 1808 2047 1853 est
2074 1797 2201 1852 aﬁ'e-

2303 896 2407 932 νων
2432 878 2510 950 τῷ
2555 883 2877 952 περιέχοντι,
2931 879 3209 952 βιαιοτέρα
3251 881 3511 944 πολλάκις
3543 883 3577 952 ἡ
3613 879 3748 954 ὁλκὴ
3782 879 3880 932 τοῦ

2303 969 2610 1040 πνεύματος
2644 973 2748 1025 ὑπὸ
2787 972 2884 1044 τῆς
2920 971 3135 1040 φύσεως
3168 971 3402 1041 γίνεται,
3461 971 3598 1043 πρὸς
3637 969 3738 1041 τὴν
3770 969 3883 1022 τῶν

2306 1063 2780 1132 συμπεπτωκότων
2807 1062 3088 1134 διαστολὴν
3121 1062 3181 1115 τὸ
3230 1061 3488 1116 στενωθὲν
3517 1060 3880 1134 εύρυνούσηςι

2305 1152 2378 1205 Τὸ
2408 1152 2463 1205 δὲ
2503 1154 2740 1209 τοιοῦτον
2779 1152 2967 1226 ἆσθμα
2995 1156 3307 1226 σύμπτωμα
3334 1153 3512 1225 λύπης
3548 1151 3880 1222 ποιούμεθα.

2308 1245 2605 1316 στεναγμὸν
2621 1246 2748 1298 αὐτὸ
2761 1247 2855 1300 καὶ
2865 1251 2868 1256 ’
2879 1247 3313 1316 ἀναποτνιασμὸν
3327 1245 3700 1316 ὀνομάζοντες.
3720 1241 3885 1295 Ἀλλὰ

2304 1336 2402 1390 καὶ
2436 1336 2496 1388 τὸ
2532 1336 2722 1390 δοκοῦν
2761 1337 3067 1391 ὑποθλίόειν
3110 1338 3180 1390 τὸ
3204 1335 3550 1407 περικάρδιον
3597 1335 3786 1406 μέρος,
3821 1333 3885 1386 ού

2306 1429 2405 1498 τῆς
2445 1430 2696 1500 καρδίας,
2745 1429 2878 1484 ἀλλὰ
2911 1430 3003 1484 τοῦ
3039 1429 3302 1500 στόματός
3342 1429 3455 1480 ἐστι
3500 1427 3600 1497 τῆς
3644 1427 3887 1494 γαστρὸς

2309 1521 2488 1592 ἀηδία,
2516 1521 2603 1574 διὰ
2631 1522 2730 1591 τῆς
2755 1521 2926 1592 αὐτῆς
2960 1523 3157 1586 αἰτίας,
3203 1521 3346 1588 λέγω
3375 1520 3439 1589 δὴ
3480 1518 3581 1588 τῆς
3610 1517 3751 1570 κατὰ
3784 1515 3886 1595 τὴν

2312 1613 2626 1684 σύμπτωσιν
2673 1614 2780 1666 τῶν
2828 1613 3030 1684 πόρων,
3077 1611 3170 1665 τοῦ
3207 1610 3490 1683 χοληδόχον
3538 1607 3760 1676 ἀγγείου
3795 1605 3886 1657 τὸν

2310 1705 2504 1774 δριμὺν
2542 1706 2746 1758 ἐκεῖνον
2783 1705 2878 1758 καὶ
2914 1702 3156 1773 δακνὼδη
3186 1701 3358 1773 χυμὸν
3387 1699 3492 1752 ὑπὸ
3521 1695 3883 1767 στενοχωρίας

2295 1797 2404 1847 ἐπὶ
2438 1796 2500 1850 τὸ
2527 1797 2700 1868 στόμα
2737 1796 2838 1866 τῆς
2867 1795 3102 1867 γαστρὸς
3129 1791 3540 1863 παρεγχέοντος-
3581 1786 3885 1850 Ἀπόδειξις

641 1883 775 1949 ctio,
811 1883 1003 1939 iisdem
1043 1900 1111 1940 ex
1151 1885 1338 1940 causis
1386 1893 1530 1947 orta,
1566 1886 1633 1941 de
1667 1886 1870 1956 quibus
1925 1896 2204 1941 meatuum

2315 1888 2368 1940 δὲ
2415 1888 2606 1942 τούτου
2635 1889 2697 1941 τὸ
2734 1887 2990 1959 ὕπωχρον
3039 1887 3280 1957 γίνεσθαι
3328 1885 3422 1937 καὶ
3468 1880 3728 1952 ίκτερὼδη
3773 1880 3890 1939 τοῖς

641 1975 1106 2045 compressionem
1139 1976 1254 2033 ﬁeri
1287 1977 1548 2034 diximus.
1585 1977 1720 2032 Nam
1758 1993 1855 2032 vas
1907 1977 2003 2032 bili
2057 1977 2208 2032 excio

2315 1981 2669 2051 λυπουμένοις
2703 1981 2802 2051 τὴν
2834 1980 3176 2050 ἐπιφάνειαν,
3205 1977 3311 2030 ἀπὸ
3349 1976 3447 2045 τῆς
3489 1976 3625 2042 ἄγαν
3656 1969 3890 2040 συνοχῆς

641 2067 852 2139 piendae
883 2068 1238 2133 destinatum,
1264 2086 1446 2126 acrem
1486 2070 1638 2125 illum
1671 2085 1740 2126 ac-
1758 2069 2068 2124 mordacem
2100 2069 2203 2122 hu-

643 2174 849 2215 morem
884 2169 1107 2232 propter
1129 2162 1553 2218 coarctationem
1587 2162 1672 2218 sui
1708 2162 1761 2216 in
1813 2161 2058 2216 osculum
2093 2168 2207 2217 sto-

643 2252 824 2306 machi
858 2253 1089 2308 derivat.
1125 2255 1263 2324 Eius
1288 2255 1376 2309 rei.
1402 2255 1769 2310 certissimum
1796 2264 1884 2310 est
1910 2269 2208 2327 argumen-

645 2349 784 2406 tum,
809 2344 952 2415 quod
998 2345 1200 2415 quibus
1251 2345 1366 2400 hzec
1389 2345 1651 2414 aegritudo
1705 2346 1926 2409 accidit,
1986 2346 2210 2402 eosdem

644 2433 983 2504 suppallidos
1028 2444 1082 2488 et
1133 2436 1397 2503 aurugine
1455 2435 1832 2490 laborantibus
1889 2435 2207 2490 consimiles

644 2528 906 2584 extremis
937 2527 990 2582 in
1019 2527 1266 2598 partibus
1292 2527 1408 2582 ﬁeri
1453 2528 1716 2592 videmus,
1776 2527 1886 2584 bile
1919 2531 2200 2582 humorem

2311 2071 2402 2122 ἐπὶ
2434 2069 2532 2133 τὰς
2560 2069 2881 2139 φλέϐαςςτὺν
2919 2070 3048 2123 ἴδιον
3088 2069 3262 2139 χυμὸν
3301 2066 3399 2136 τῆς
3431 2065 3590 2135 χολῆς
3635 2066 3888 2116 ἐπισπει-

2314 2161 2513 2232 ρούσης
2534 2177 2548 2191 ⁸
2577 2161 2712 2217 ἀλλά
2738 2163 2831 2216 καὶ
2859 2162 2918 2214 τὸ
2946 2161 3004 2228 te
3026 2160 3267 2214 ἐναντίου
3298 2158 3577 2229 γινόμενον
3611 2155 3804 2218 πάθος,
3829 2153 3890 2205 τὶ

2311 2253 2454 2306 κατὰ
2482 2253 2580 2324 τὴν
2623 2253 2964 2324 εὐφροσύνην
3005 2253 3148 2324 φημὶ
3192 2250 3288 2304 καὶ
3314 2250 3405 2303 τὸν
3428 2249 3659 2319 γέλωτα,
3687 2244 3891 2316 μᾶλλον

2311 2346 2399 2399 τὸν
2444 2345 2599 2414 λόγον
2636 2347 2936 2417 συνίστησι.
2971 2346 3282 2416 Διαχέονται
3326 2345 3433 2415 γάρ
3482 2359 3598 2404 πως
3642 2340 3736 2393 καὶ
3776 2337 3892 2391 δια-

2309 2435 2522 2489 λύονται
2543 2436 2609 2488 δι⁹
2635 2437 2826 2507 ἡδονῆς
2852 2438 2906 2488 οί
2929 2436 3022 2490 τοῦ
3047 2435 3296 2506 σώματος
3319 2434 3474 2506 πόροι
3510 2431 3620 2485 τῶν
3653 2430 3717 2483 ἐκ
3746 2445 3892 2491 τινος

2311 2529 2480 2598 ἀκοῆς
2505 2528 2682 2598 ἡδείας
2708 2529 3081 2599 διαχεθέντων.

646 2637 808 2680 suum
857 2621 927 2676 oh
963 2620 1426 2692 compressionem
1473 2619 1696 2673 nimiam
1731 2622 1787 2674 in
1839 2634 2021 2675 venas
2058 2630 2360 2692 spargente.
2396 2619 2536 2686 Quin
2569 2629 2622 2676 et
2671 2622 2944 2676 contraria
2972 2622 3100 2676 huic
3134 2621 3365 2685 aﬂ‘ectio,
3405 2617 3663 2673 nimirum
3705 2617 3895 2671 laztitia

644 2727 701 2774 et
737 2717 904 2780 risus,
945 2715 1118 2785 magis
1163 2715 1323 2769 etiam
1346 2697 1596 2770 rationes
1645 2723 1862 2769 nostras
1907 2713 2251 2768 conﬁrmant.
2299 2715 2433 2785 Nam
2480 2732 2601 2770 cum
2656 2717 2840 2770 auditu
2895 2716 3141 2771 nonnihil
3191 2712 3492 2785 jucundum
3527 2709 3911 2781 percepimus,

645 2727 701 2774 et
737 2717 904 2780 risus,
945 2715 1118 2785 magis
1163 2715 1323 2769 etiam
1355 2715 1596 2770 rationes
1645 2723 1862 2769 nostras
1907 2715 2251 2768 conﬁrmant.
2349 2731 2433 2768 am
2480 2732 2601 2770 cum
2656 2717 2840 2770 auditu
2895 2716 3059 2771 nonni

645 2809 988 2880 explicantur
1017 2823 1080 2864 ac
1098 2808 1443 2863 resolvuntur
1470 2806 1705 2878 quodam
1741 2806 1903 2862 modo
1935 2814 2155 2877 propter
2182 2715 2514 2877 vohztatem
2547 2818 2758 2864 meatus
2788 2810 3059 2877 corporis.

717 2879 783 2956 ln.
815 2901 1035 2963 dolore,
1067 2910 1288 2969 propter
1318 2898 1598 2954 tristitiam
1651 2898 1880 2954 subtiles
1927 2907 2205 2953 meatuum

2402 2900 2489 2964 Ὡς
2524 2902 2630 2972 γὰρ
2659 2904 2774 2955 ἐκεῖ
2822 2899 2910 2953 διὰ
2953 2899 3050 2970 τῆς
3095 2899 3267 2969 λύπης
3324 2897 3545 2967 μύουσιν
3598 2898 3652 2948 αἱ
3699 2892 3896 2949 λεπταί

645 2992 1134 3063 transpirationes,
1177 3005 1298 3060 quae
1343 3000 1570 3060 propter
1608 2989 1958 3060 exiguitatem
2017 2990 2210 3059 depre-

2315 3012 2374 3049 τε
2409 2996 2505 3048 καὶ
2541 2994 2722 3063 ἄδηλοι
2771 2991 2881 3044 τῶν
2936 2990 3112 3059 πόρων
3167 2989 3442 3052 διαπνοαὶ,
3495 2986 3588 3038 καλ⁹
3643 2985 3898 3054 διασφίγο

648 3081 813 3138 hendi
863 3081 951 3136 vix
1002 3086 1267 3150 possunt,
1313 3094 1639 3148 compressae
1685 3079 1898 3134 viscera
1947 3079 2215 3134 interiora.

2315 3101 2469 3166 ξασαι
2520 3089 2618 3158 τὴν
2671 3082 2879 3139 ἔνδοθεν
2937 3081 3045 3132 τῶν
3104 3078 3422 3169 σπλάγχνων
3475 3078 3752 3169 διάθεσιν,
3801 3077 3900 3169 ἐπὶ

646 3173 1051 3243 constringunt,
1087 3178 1141 3225 et
1197 3171 1263 3225 ad
1297 3179 1459 3240 caput
1495 3184 1558 3224 ac
1603 3169 1810 3225 cerebri
1865 3169 2209 3224 membranas

2315 3165 2406 3260 τὴν
2453 3177 2696 3250 κεφαλὴν
2739 3174 2832 3227 καὶ
2873 3171 2971 3233 τὰς
3018 3171 3285 3260 μήνιγγας
3447 3165 3663 3237 νοτερὸν
3721 3165 3896 3260 fit:pr

648 3263 816 3318 udum
847 3261 998 3316 illum
1027 3261 1254 3315 halitum
1280 3267 1468 3330 agunt,
1507 3272 1566 3315 ut
1597 3262 1800 3316 multus
1827 3260 1971 3315 intra
2000 3261 2211 3315 cerebri

2315 3256 2706 3337 ἀναθλὶὁονσιν,
2730 3267 2788 3330 ὃς
2834 3263 3000 3326 πολὺς
3052 3258 3443 3330 ὲναποληφθεὶς
3492 3264 3612 3320 ταῖς
3656 3256 3752 3310 τοῦ
3801 3257 3899 3324 ἐγ-

565 3418 567 3420 η
647 3353 912 3408 cavitates
940 3353 1224 3416 collectus,
1258 3367 1354 3422 per
1381 3359 1590 3406 meatus
1622 3353 1717 3421 qui
1768 3352 1834 3406 ad
1880 3353 2042 3406 imam
2085 3361 2213 3407 sunt

2315 3368 2548 3438 κεφάλου
2591 3359 2882 3429 κοιλότησι,
2907 3353 2995 3408 διὰ
3033 3351 3141 3406 τῶν
3185 3350 3324 3404 κατὰ
3366 3349 3463 3421 τὴν
3509 3350 3664 3420 βάσιν
3713 3347 3900 3419 πόρων

649 3443 893 3514 ejusdem
923 3444 1224 3515 partem,in
1247 3446 1442 3499 oculos
1457 3444 1764 3514 dejiciatur,
1799 3446 2217 3514 superciliorum

2315 3441 2420 3517 ἐπὶ,
2456 3458 2583 3519 τοὺς
2627 3451 2936 3522 ὀφθαλμοὺς
2991 3445 3309 3512 ἐξωθεῖται,
3365 3443 3462 3512 τῆς
3508 3441 3616 3495 τῶν
3678 3441 3900 3512 ὀφρύων

652 3537 1026 3590 contractione
1073 3535 1323 3605 guttatim
1373 3535 1650 3590 humorem
1699 3538 2059 3607 exprimente,
2095 3554 2216 3608 qua:

653 3627 850 3684 deinde
887 3635 1051 3698 guttae
1089 3628 1338 3704 Iacrymae
1371 3628 1734 3697 appellant-ur.
1781 3627 1983 3683 Eodem
2053 3631 2220 3685 modo

651 3730 834 3778 tecum
859 3730 1070 3793 putato,
1102 3720 1390 3776 aﬁ‘ectione
1431 3722 1707 3776 contraria
1743 3722 2012 3778 meatibus
2067 3737 2244 3779 more,

654 3821 920 3868 consueto
955 3812 1131 3885 magis
1161 3813 1441 3883 aliquanto
1462 3813 1719 3878 dilatatis,
1752 3814 2001 3884 spiritum
2032 3831 2220 3884 quem-

652 3904 780 3960 dam
811 3905 880 3960 ab
912 3905 1048 3976 ipsis
1092 3911 1382 3960 attractum
1433 3905 1489 3960 in
1553 3906 1664 3961 imo
1692 3905 1997 3972 subsidere,
2059 3916 2221 3977 atque

657 3997 783 4053 inde
806 3996 1053 4052 vicissim
1082 4011 1113 4049 a
1169 4005 1364 4051 natura
1403 4011 1499 4066 per
1550 4005 1788 4052 meatum
1833 3997 1948 4053 oris
2003 3998 2218 4068 expelli,

655 4089 957 4144 visceribus
978 4086 1268 4150 universis.
1289 4088 1632 4158 maximeque
1647 4088 1892 4157 jecinore
1914 4089 1932 4157 (
1958 4096 2016 4144 ut
2048 4089 2220 4160 aiunt)

657 4178 891 4251 quadam
948 4179 1304 4234 succussione
1354 4189 1407 4234 et
1469 4177 1710 4234 fervente
1764 4189 1912 4234 motu
1972 4181 2221 4250 spiritum

652 4275 972 4346 hujusmodi
1003 4275 1440 4330 extrudentibus.
1491 4274 1700 4330 Idcirco
1739 4284 1954 4341 natura,
1989 4285 2048 4330 ut
2099 4276 2224 4330 huic

660 4371 876 4442 spiritui
905 4371 1107 4427 exitum
1141 4370 1354 4425 facilem
1384 4379 1580 4436 struat,
1609 4379 1844 4426 meatum
1869 4373 1980 4428 uris
2001 4373 2221 4437 dilatat;

658 4471 833 4542 genis,
852 4485 948 4546 per
975 4483 1112 4539 quas
1142 4469 1440 4523 anhelitum
1469 4470 1619 4524 exire
1648 4478 1869 4524 necesse
1897 4481 2001 4534 est,
2044 4471 2224 4524 utrin—

2319 3550 2694 3626 (inpunitam;
2735 3539 3089 3610 ὲξελκομένης
3139 3538 3228 3590 διὰ
3271 3535 3544 3603 σταγόνων
3591 3532 3693 3603 τὴν
3731 3535 3900 3604 ὑγρα-

2318 3623 2438 3700 σίαν
2474 3643 2538 3713 (ἡ
2562 3641 2617 3693 δὲ
2647 3635 2858 3704 σταγὼν
2889 3633 3121 3703 δάκρυον
3154 3627 3404 3696 λέγεται)
3431 3642 3446 3656 ·
3479 3624 3621 3679 οὕτω
3651 3641 3740 3694 μοι
3777 3623 3901 3692 νόη-

2267 3791 2272 3798 .
2319 3755 2431 3804 σον,
2464 3737 2528 3788 ὲκ
2555 3733 2652 3803 τῆς
2697 3725 2941 3786 ἐναντίας
2987 3720 3280 3780 διαθέσεως
3310 3716 3470 3770 πλέον
3513 3714 3606 3766 τοῦ
3634 3713 3901 3804 συνήθους

2318 3793 2689 3897 εὐρυνομένων
2733 3817 2840 3870 τῶν
2875 3814 3078 3884 πόρων.
3118 3806 3455 3862 εἱσέλκεσθαί
3479 3823 3530 3858 τι
3579 3802 3799 3873 πνεῦμα
3827 3793 3899 3854 δι’

2320 3893 2500 3970 αὐτῶν
2522 3893 2614 3965 ἐπὶ
2643 3909 2704 3963 τὸ
2730 3907 2906 3978 βάθος,
2931 3901 3182 3957 κάκεῖθεν
3208 3899 3368 3953 πάλιν
3401 3894 3714 3961 ἐξωθεῖσθαι
3747 3893 3901 3963 παρὰ

2319 4009 2420 4078 τῆς
2457 4005 2668 4076 φύσεως
2703 4001 2792 4055 διὰ
2837 3996 2930 4051 τοῦ
2971 3994 3112 4049 κατὰ
3146 3993 3208 4046 τὸ
3246 3991 3422 4060 στόμα
3448 3988 3639 4060 πόρου,
3672 3986 3916 4078 πάντων.

2321 4077 2432 4150 τῶν
2458 4093 2801 4163 σπλάγχνων,
2821 4089 2913 4141 καὶ
2937 4085 3169 4156 μάλιστά
3191 4099 3253 4150 γε
3279 4081 3372 4134 τοῦ
3399 4080 3628 4149 ἥπατος,
3656 4077 3897 4144 ὼςφασι,

2323 4189 2412 4243 διά
2437 4204 2580 4250 τινος
2617 4184 2804 4239 κλόνου
2833 4181 2927 4234 καὶ
2966 4175 3320 4249 βρασμώδους
3349 4173 3617 4242 κινήσεως
3643 4171 3705 4222 τὸ
3729 4169 3900 4222 τοιοῦ-

2322 4297 2416 4333 τον
2446 4277 2660 4347 πνεῦμα
2705 4271 3162 4338 συνεξωθούντων.
3201 4265 3362 4320 Ὅθεν
3388 4262 3634 4316 εὐκολίαν
3678 4262 3800 4314 τινὰ
3833 4263 3900 4331 τῇ

2325 4370 2540 4439 διεξόδῳ
2561 4365 2652 4420 τοῦ
2683 4364 2990 4435 πνεύματος
3019 4357 3380 4432 μηχανωμένη
3402 4357 3434 4427 ἡ
3463 4357 3644 4424 φύσις,
3669 4353 3900 4424 ἀνευρύ-

2328 4483 2408 4516 νει
2445 4463 2536 4516 τὸν
2567 4459 2694 4532 περὶ
2723 4458 2784 4510 τὸ
2831 4457 3003 4526 στόμα
3055 4454 3256 4524 πόρον,
3299 4447 3638 4519 ἑκατέρωθεν
3675 4447 3806 4516 περὶ
3841 4447 3904 4498 τὺ

658 4583 768 4636 que
803 4565 1060 4621 diductis.
1091 4564 1326 4621 lnditum
1383 4567 1509 4624 huic
1560 4578 1645 4622 est
1703 4568 1780 4622 rci
1821 4583 2018 4623 nomen
2055 4569 2218 4624 risus.

2331 4553 2514 4626 ἆσθμα
2541 4555 2640 4616 τὰς
2683 4549 2915 4621 παρειὰς
2944 4546 3342 4602 διαστέλλουσα.
3396 4544 3605 4611 Ὄνομα
3630 4539 3688 4592 δὲ
3710 4538 3786 4608 τῷ
3819 4556 3901 4606 γι-

2445 4645 2452 4652 .
2611 4642 2641 4652 ,ι
2794 4640 2805 4652 ι
2893 4639 2904 4652 ι
3020 4635 3084 4652 Α.
3225 4630 3250 4652 τ’
3311 4633 3335 4652 θ
3370 4633 3390 4652 3,
3442 4630 3585 4652 _A..___
3626 4629 3695 4652 _.",
3730 4631 3894 4652 3—---

661 4665 731 4718 At
755 4679 884 4719 vero
909 4677 1019 4718 non
1051 4674 1341 4734 propterea
1371 4664 1454 4719 vis
1492 4664 1660 4717 animi
1711 4667 1962 4735 princeps
1995 4665 2220 4735 jecinori

2326 4645 2534 4717 νομένῳ
2562 4642 2733 4710 γέλως
2789 4639 2956 4692 ἐστίν.
3018 4635 3154 4689 Οὔτε
3193 4630 3284 4688 οὖν
3307 4633 3394 4686 διὰ
3436 4630 3593 4684 τοῦτο
3621 4629 3701 4700 τῷ
3730 4631 3898 4699 ἥπατι

2321 4739 2384 4791 τὸ
2414 4734 2734 4808 ἡγεμονικὸν
2774 4730 3045 4800 λογιστέον
3068 4769 3082 4792 ,
3131 4727 3253 4780 οὔτε
3279 4726 3367 4779 διὰ
3406 4725 3504 4795 τὴν
3549 4722 3906 4793 περικάρδιον

663 4759 974 4827 tribuenda,
1003 4775 1179 4829 neque
1202 4767 1421 4829 propter
1450 4760 1732 4829 sanguinis
1765 4761 1907 4814 circa
1949 4778 2044 4815 cor
2071 4763 2225 4816 ebul-

663 4857 932 4921 litionem,
965 4870 1088 4927 quae
1116 4853 1329 4910 aﬁ‘ectio
1358 4855 1731 4911 vehementius
1764 4858 1944 4910 animo
1973 4857 2221 4923 exsistit,

665 4955 722 5010 in
751 4953 916 5009 corde
958 4952 1159 5008 mentis
1192 4951 1373 5006 sedem
1425 4968 1548 5007 csse
1602 4954 1898 5021 putandum
1957 4964 2076 5009 cst:
2133 4955 2225 5008 scd

665 5059 797 5108 sunt
828 5049 1024 5104 horum
1081 5063 1262 5103 causae
1295 5049 1349 5102 in
1396 5059 1670 5104 structura
1718 5052 1965 5118 corporis
2023 5050 2270 5105 consti-~

665 5150 897 5203 tuenda.
931 5145 1166 5200 Mentem
1203 5144 1423 5215 quidem
1463 5145 1776 5201 existimare
1806 5146 2067 5202 debemus
2107 5147 2226 5199 cui-
2257 5138 2260 5140 ⁷

2325 4829 2468 4894 ζέσιν
2497 4826 2589 4880 τοῦ
2637 4826 2863 4895 αἵματος
2900 4823 2958 4874 ὲν
2984 4822 3100 4882 ταῖς
3152 4819 3409 4888 θυμικαῖς
3454 4814 3793 4875 διαθέσεσιν,
3845 4815 3928 4896 ὲνΓ

2324 4918 2520 4989 καρδίᾳ
2549 4915 2826 4987 νομιστέον
2855 4908 2993 4965 εἶναι
3021 4911 3114 4963 τοῦ
3141 4908 3231 4961 νοῦ
3253 4907 3351 4978 τὴν
3380 4905 3695 4976 καθίδρυσιν
3717 4921 3733 4935 ο
3765 4904 3898 4956 ἀλλὰ
3922 4897 3930 4971 ἰ

2325 5011 2494 5065 ταῦτα
2527 5010 2623 5080 μὲν
2660 5011 2737 5071 εἰς
2786 4989 2882 5067 τὰς
2912 5005 3069 5067 ποιάς
3106 5002 3212 5054 τῶν
3266 5001 3531 5071 σωμάτων
3559 4997 3932 5064 κατασκευάςξ

2325 5105 2609 5157 ἀνακτέον.
2646 5100 2748 5153 Τὸν
2769 5099 2825 5152 δὲ
2854 5096 2974 5150 νοῦν
3001 5095 3277 5165 ὁμοτίμως
3299 5092 3512 5162 ἑκάστῳ
3535 5091 3643 5143 τῶν
3671 5089 3894 5160 μορίων,
3925 5079 3930 5134 Ϊ

663 5245 800 5300 libet
828 5244 1074 5298 membro
1092 5243 1452 5313 aequabiliter,
1476 5258 1541 5297 ea
1580 5243 1853 5299 mistionis
1876 5244 2085 5298 ratione
2108 5259 2229 5314 quae

664 5341 928 5413 explicari
955 5333 1187 5396 dicendo
1215 5350 1478 5411 nequeat,
1511 5344 1724 5397 adesse.
1778 5341 1931 5408 Quod
1965 5343 2011 5396 si
2069 5355 2230 5397 erunt

664 5439 758 5509 qui
786 5437 1023 5492 Litteras
1060 5439 1224 5492 etiam
1249 5453 1436 5494 sacras
1478 5439 1580 5494 hac
1608 5440 1659 5492 in
1694 5448 1844 5509 parte
1873 5437 2031 5493 nobis
2061 5454 2229 5509 oppo-

665 5542 961 5603 nant,qua2
985 5532 1042 5587 in
1069 5533 1231 5588 corde
1260 5535 1368 5588 vim
1390 5535 1537 5588 illam
1566 5534 1865 5606 principem
1889 5549 2013 5590 esse
2034 5540 2231 5590 testen-
2257 5527 2262 5534 ’

669 5637 779 5694 tur,
809 5644 877 5684 ne
906 5629 1100 5684 horum
1129 5630 1350 5700 quidem
1381 5633 1616 5688 orationi
1646 5635 1725 5688 sic
1755 5635 2141 5698 assentiemur,
2174 5646 2231 5690 ut

667 5739 778 5781 non
810 5725 961 5794 prius
982 5725 1035 5780 in
1058 5741 1178 5780 eam
1207 5727 1567 5799 inquiramus.
1595 5729 1728 5783 Nam
1759 5747 1881 5784 cum
1915 5733 1970 5786 in
1995 5729 2227 5800 quodam

668 5837 740 5877 ex
767 5824 936 5878 sacris
967 5824 1109 5882 libro
1145 5823 1330 5883 cordis
1353 5827 1560 5884 mentio
1603 5828 1715 5893 ﬁat,
1750 5828 1948 5884 ibidem
1983 5839 2037 5884 et
2071 5845 2252 5902 renes;

672 5917 871 5990 Idjecti
900 5933 1051 5993 sunt,
1083 5934 1214 5982 sunt
1244 5926 1390 5983 enim
1422 5925 1734 5999 huiusmodi
1755 5932 1998 6001 quadam
2025 5927 2225 5984 verba:

2327 5192 2466 5250 κατὰ
2487 5192 2577 5245 τὸν
2603 5189 2876 5260 ἄφραστον
2893 5187 2989 5255 τῆς
3011 5183 3362 5254 ἀνακράσεως
3385 5181 3542 5250 λόγον
3561 5178 3898 5248 ἐφάπτεσθαι

2328 5285 2626 5354 νομιστέον.
2659 5279 2774 5334 Κᾶν
2826 5278 2927 5348 τὴν
2959 5277 3177 5345 Γραφήν
3207 5290 3350 5335 τινες
3393 5274 3522 5342 ἡμῖν
3571 5271 3708 5340 πρὸς
3746 5269 3899 5321 τοῦτο

2329 5375 2751 5445 προτείνωνται,
2803 5372 2869 5439 τῇ
2909 5368 3106 5439 καρδίᾳ
3138 5365 3199 5418 τὸ
3239 5363 3562 5435 ἡγεμονικὸν
3595 5361 3899 5431 μαρτυροῦο

2331 5469 2459 5527 σαν’,
2509 5464 2609 5516 οὐκ
2647 5461 3011 5527 ἀνεξετάστως
3055 5457 3146 5510 τὸν
3185 5456 3341 5523 λόγον
3369 5451 3655 5531 δεξόμεθα.
3707 5452 3767 5506 ὐ
3795 5451 3898 5520 γὰρ

2329 5557 2554 5628 καρδίαν
2584 5555 2858 5627 μνησθεὶς,
2888 5552 2980 5605 καὶ
3007 5548 3220 5620 νεφρῶν
3253 5544 3672 5615 ἐμνημόνευσεν,
3699 5542 3866 5594 εἰπών
3884 5559 3897 5571 υ

2335 5671 2352 5700 ι
2384 5651 2621 5712 Ἐτὰζων
2645 5647 2866 5716 καρδίας
2889 5643 2981 5696 καὶ
3011 5641 3238 5710 νεφροὺς
3263 5641 3292 5692 ὁ
3315 5637 3476 5700 Θεόςο
3498 5655 3516 5687 ι
3556 5634 3698 5688 ὥστε
3729 5634 3760 5704 ἢ
3800 5634 3900 5702 άμ-

2331 5741 2597 5811 φοτέροις,
2632 5737 2952 5808 ἣούδετέρῳ
2990 5734 3050 5785 τὸ
3091 5731 3274 5800 νοερὸν
3301 5726 3731 5782 κατακλείουσιν.
3771 5725 3900 5792 ’Δμ-

2331 5831 2616 5888 6λύνεσθαι
2637 5830 2692 5883 δὲ
2721 5829 2818 5891 τὰς
2839 5824 3094 5897 νοητικάς
3117 5823 3415 5893 ἐνεργείας,
3440 5821 3472 5890 ἦ
3495 5819 3590 5872 καὶ
3616 5817 3898 5870 παντάπα-

2319 5942 2418 5982 ’σιν
2450 5922 2750 5992 ἀπρακτεῖν
2789 5920 2846 5973 ἐν
2890 5918 2958 5988 τῇ
2989 5915 3118 5985 ποιᾷ
3147 5912 3381 5970 διαθέσει
3417 5909 3510 5966 τοῦ
3549 5910 3799 5980 σώματος
3827 5905 3904 5960 δι’.
