4110 6516
212 386 294 441 Hii

1440 370 1523 426 DE
1555 370 1767 427 ΙΙΟΜΙΝ
1776 370 1838 425 IS
1881 366 2191 426 OPIFICIO.

3318 369 3424 428 16!

207 497 416 572 δαχθεὶς,
455 495 553 565 οὐχ
598 493 779 546 ἰκανὸν
812 489 1065 564 ποιοῦμαι
1090 491 1268 545 ’τοῦτο
1304 494 1621 563 τεκμήριον,
1663 491 1756 543 τοῦ

1865 508 1884 541 ι
1928 489 2071 543 Deus
2092 486 2260 542 corda
2288 493 2337 541 et
2380 499 2537 539 rencs
2562 482 2883 554 explorat".
2901 481 3231 538 ildcircovel
3249 482 3302 537 in
3326 483 3425 537 ho—

204 597 338 663 τόπῳ
364 588 462 643 τινὶ⁵
483 588 583 658 τὴν
611 587 837 657 δύναμιν
862 586 955 639 τοῦ
978 586 1069 640 νοῦ
1094 585 1521 658 περιείργεσθαι,
1545 586 1619 649 ὡς
1636 587 1757 648 ταῖς

207 677 583 751 ὲπιγινομέναις
625 678 736 739 τοῖς
790 676 977 746 μέρεσι
1031 675 1358 746 φλεγμοναῖς
1408 676 1505 745 τῆς
1551 674 1756 737 οίκείας

205 771 515 846 εὐρυχωρίας
563 767 963 838 ἐξειργομένης.
1016 766 1307 837 Σωματικὴ
1335 765 1441 836 γὰρ
1466 769 1498 835 ἡ
1533 765 1752 836 τοιαύτη

204 865 332 930 δόξα,
369 862 425 913 τὸ
458 860 530 930 μὴ
558 858 814 912 δύνασθαι
847 857 1387 931 προκατειλημμένου
1411 858 1503 909 τοῦ
1531 857 1753 924 ἀγγείου

205 957 279 1011 διά
301 969 433 1014 τινος
446 955 556 1002 τῶν
577 949 1019 1020 ὲμϐεδλημένων,
1039 949 1221 1027 ἕτερόν
1237 966 1289 1000 τι
1316 951 1373 1001 ὲν
1392 948 1539 1018 αὐτῷ
1570 947 1752 1019 χώραν

202 1047 380 1116 εὑρεῖν.
419 1042 479 1093 Ἡ
505 1041 613 1112 γὰρ
647 1039 809 1109 νοητὴ
844 1038 1004 1107 φύσις
1036 1038 1156 1091 οὔτε
1188 1042 1308 1103 ταῖς
1334 1039 1625 1091 κενώσεσιν
1654 1041 1753 1108 έμ-

202 1135 472 1209 φιλοχωρεῖ
498 1132 608 1185 τῶν
640 1132 934 1201 σωμάτων,
982 1129 1103 1183 οὔτε
1142 1130 1219 1200 τῷ
1265 1132 1608 1194 πλεονάζοντι
1653 1132 1750 1201 τῆς

202 1228 381 1298 σαρκὸς
405 1223 703 1287 ἐξωθεῖται.
767 1222 907 1274 Ἀλλ’
938 1222 1120 1291 ἐπειδὴ
1146 1223 1391 1295 καθάπερ
1416 1241 1467 1275 τι
1497 1223 1751 1293 μουσικὸν

198 1321 404 1390 ὄργανον
442 1314 587 1367 ἆπαν
618 1314 677 1366 τὸ
709 1312 865 1383 σῶμα
899 1312 1369 1383 δεδημιούργηται,
1404 1313 1592 1383 ὥσπερ
1618 1331 1752 1383 συμ.

198 1411 352 1463 ϐαίνει
374 1404 628 1467 πολλάκις
668 1404 891 1456 ἐπὶτῶν
930 1404 1184 1475 μελῳδεῖν
1222 1406 1320 1474 μὲν
1352 1405 1748 1475 ἐπισταμένων,

197 1499 575 1557 ἀδυνατούντων
633 1497 689 1549 δὲ
743 1496 910 1561 δεῖξαι
964 1498 1060 1568 τὴν
1112 1499 1453 1568 ἐπιστήμην,
1506 1499 1605 1568 τῆς
1644 1498 1749 1551 τῶν

195 1593 419 1664 ὀργάνων
469 1589 769 1660 ἀχρηστίας
813 1591 872 1641 οὐ
923 1590 1365 1661 παραδεχομένης
1409 1592 1506 1661 τὴν
1556 1591 1749 1661 τέχνην

196 1685 275 1754 (τὸ
326 1682 433 1751 γὰρ
479 1681 511 1751 ἢ
562 1680 735 1751 χρόνῳ
780 1680 1021 1752 φθαρὲνν
1082 1683 1115 1752 ἢ
1182 1683 1632 1754 παρερρηγμένον
1686 1683 1751 1739 ὲκ

194 1771 600 1835 καταπτὼσεως,
632 1772 664 1841 ἢ
706 1773 810 1825 ὑπό
856 1789 999 1835 τινος
1039 1772 1114 1825 ἰοῦ
1140 1773 1232 1825 καὶ
1262 1772 1497 1843 εὐρῶτος
1520 1777 1749 1844 ὴχρειω-

1857 592 1976 631 rum
2012 586 2321 644 utrumque,
2353 575 2436 628 vel
2469 581 2721 627 neutrum
2772 572 2907 625 adeo
2949 578 3006 639 ut
3039 571 3422 640 intelligentem

1854 668 2027 723 animi
2077 667 2186 720 vim
2212 665 2494 721 includant
2525 680 2751 721 necesse
2781 672 2883 719 est.
2907 663 3174 718 Czeterum
3208 664 3424 719 etiamsi

1856 760 2082 814 edoceat
2105 758 2391 812 facultates
2421 756 2791 826 intelligentiae
2823 756 3150 824 quibusdam
3186 757 3239 808 in
3264 754 3425 810 allec-

1849 851 2100 905 ‘tionibus
2127 851 2375 919 corporis
2414 849 2569 918 quasi
2599 848 2863 912 hebetari,
2889 848 2972 903 vel
3007 850 3167 901 etiam
3192 862 3425 918 prorsus

1850 945 2036 1014 jacere
2064 964 2073 997 :
2109 956 2216 995 non
2251 949 2427 995 tamen
2474 941 2605 995 satis
2635 940 2888 993 idoneum
2916 947 3293 1005 argumentum
3324 940 3427 993 hoc

1855 1053 1975 1093 esse
2001 1046 2203 1100 statuo,
2238 1052 2346 1106 quo
2379 1035 2660 1103 probetur,
2711 1034 2831 1087 loco
2872 1026 3036 1087 ‘certo
3080 1033 3188 1085 vim
3222 1033 3421 1087 mentis

1855 1130 1930 1184 ita
1963 1128 2365 1192 circumscribi,
2383 1136 2442 1181 ut
2459 1125 2763 1181 tumoribus
2782 1125 3024 1179 membra
3047 1125 3137 1178 illa
3155 1135 3428 1194 occupan-

1855 1223 2024 1285 tibus,
2063 1223 2126 1276 de
2149 1235 2250 1275 suo
2290 1220 2407 1289 ipsa
2442 1218 2598 1288 quasi
2636 1217 2812 1286 spatio
2846 1215 3092 1271 excedat.
3152 1214 3249 1269 Est
3283 1216 3425 1268 enim

1852 1314 2167 1383 hujusmodi
2187 1314 2432 1383 quaedam
2453 1310 2709 1381 cogitatio
2729 1308 3009 1379 corporeis
3031 1309 3195 1363 rebus
3216 1316 3429 1361 accom-

1851 1409 2093 1472 modata,
2150 1421 2280 1462 vase
2318 1406 2484 1461 rebus
2524 1404 2734 1477 injectis
2751 1405 2970 1473 repleto,
3015 1416 3122 1456 non
3167 1408 3334 1468 ‘pos‘se
3373 1399 3428 1452 in

1851 1500 2041 1555 eodem
2082 1500 2204 1554 aliis
2235 1500 2413 1554 locum
2447 1510 2587 1552 esse.
2626 1494 2838 1565 Quippe
2870 1502 3066 1548 natura
3104 1494 3221 1548 solo
3248 1492 3431 1546 animo

1853 1588 2335 1658 comprehensilis,
2368 1594 2435 1640 "ut
2469 1587 2524 1640 in
2560 1596 2738 1654 partes
2768 1582 3014 1653 corporis
3072 1597 3275 1637 vacuas
3321 1591 3432 1637 non

1851 1683 2149 1754 immigrat,
2186 1684 2269 1738 sic
2305 1690 2360 1737 et
2417 1696 2449 1735 a
2500 1696 2664 1734 carne
2706 1679 2863 1749 quasi
2926 1677 3268 1732 redundante
3321 1689 3432 1731 non

1850 1775 2162 1845 expellitur.
2198 1772 2294 1830 Est
2329 1772 2554 1826 omnino
2582 1780 2755 1825 totum
2783 1786 2984 1840 corpus
3015 1772 3316 1824 humanum
3348 1769 3435 1823 in-

197 1867 366 1937 μένον,
416 1862 689 1932 ἄφθογγον
730 1863 875 1932 μένει
925 1864 1016 1917 καὶ
1046 1865 1437 1935 ἁνενέργητον,
1490 1865 1594 1918 κᾶν
1644 1862 1750 1918 ὑπὸ

1858 1876 1969 1923 star
1999 1866 2197 1922 musici
2230 1866 2577 1921 instrumenti
2630 1865 2980 1919 fabricatum.
3032 1863 3188 1918 Solet
3247 1870 3431 1916 autem

173 1955 273 2030 ίτοῦ
310 1955 557 2025 προέχειν
595 1953 873 2017 δοκοῦντος
925 1954 1068 2007 κατὰ
1104 1956 1201 2026 τὴν
1236 1957 1527 2027 αὐλητικὴν
1553 1957 1749 2027 τέχνην

170 2045 535 2117 ³ὲμπνέηται)’
575 2046 718 2101 οὕτω
767 2048 859 2100 καὶ
903 2050 932 2100 ὁ
960 2047 1083 2111 νοῦς
1127 2048 1194 2100 δι’
1223 2048 1343 2100 ὅλου
1389 2048 1482 2100 τοῦ
1516 2048 1749 2118 ὀργάνου

175 2120 391 2212 διήκων,
441 2143 540 2193 καὶ
580 2139 928 2211 καταλλήλως
969 2142 1087 2202 ταῖς
1127 2143 1401 2209 νοητικαῖς
1430 2141 1748 2210 ἐνεργείαις,

166 2230 313 2299 νζκαθὺ
352 2230 621 2297 πέφυκεν,
653 2229 867 2298 ἑκάστῳ
914 2227 1023 2279 τῶν
1068 2229 1250 2299 μερῶν
1284 2230 1748 2299 προσαπτόμενος,

190 2324 271 2374 ἐπὶ
302 2321 394 2392 μὲν
420 2320 533 2373 τῶν
567 2320 709 2373 κατὰ
744 2320 903 2387 φύσιν
948 2320 1302 2389 διακειμένων
1352 2320 1410 2372 τὸ
1439 2322 1632 2373 οἰκεῖον
1664 2323 1750 2371 έν-

189 2418 430 2485 ήργησεν,
462 2413 557 2465 ἐπὶ
585 2412 641 2464 δὲ
662 2412 768 2464 τῶν
789 2411 1157 2464 ἀσθενούντων
1184 2410 1436 2476 δέξασθαι
1458 2411 1555 2481 τὴν
1575 2428 1750 2480 τεχνι-

189 2508 281 2575 κὴν
326 2503 490 2557 αὐτοῦ
538 2502 769 2571 κίνησιν,
828 2501 1105 2571 ἄπρακτός
1153 2518 1212 2553 τε
1256 2502 1349 2554 καί¹
1392 2502 1750 2573 ἀνενέργητος

186 2595 373 2664 ἔμεινε.
424 2592 646 2660 Πέφυκε
681 2594 788 2663 γάρ
834 2608 950 2652 πως
983 2592 1010 2642 ὁ
1042 2590 1163 2654 νοῦς
1198 2592 1333 2662 πρὸς
1381 2591 1477 2660 μὲν
1506 2591 1565 2643 τὸ
1609 2592 1749 2644 κατὰ

186 2684 332 2752 φύσιν
356 2682 700 2752 διακείμενον
732 2683 949 2745 οἰκείως
977 2682 1139 2752 ἔχειν,
1170 2682 1308 2753 πρὸς
1340 2681 1395 2735 δὲ
1432 2683 1492 2736 τὸ
1522 2700 1751 2755 παρενε-

184 2776 297 2845 χθὲν
325 2776 428 2828 ἀπὸ
450 2773 680 2843 ταύτης,
710 2773 1137 2844 ἀλλοτριοῦσθαι.

1851 1973 2245 2027 nonnunquam
2270 1957 2588 2020 usuvenire,
2621 1965 2679 2010 ut
2719 1957 2949 2010 canendi
2982 1956 3200 2025 quidem
3234 1953 3434 2024 aliquis

1850 2052 2062 2120 peritus
2109 2050 2202 2112 sit,
2242 2064 2432 2104 verum
2471 2049 2607 2104 artis
2641 2063 2754 2103 suae
2790 2047 3174 2103 instrumentis
3220 2047 3434 2100 ‘vitiati‘s

1851 2142 2241 2198 documentum
2299 2142 2555 2196 idoneum
2618 2141 2781 2195 edere
2841 2147 3097 2209 nequeat.
3152 2138 3227 2191 Ea
3286 2139 3434 2192 enim

1854 2232 1998 2287 forte
2025 2234 2108 2287 vel
2140 2248 2168 2286 a
2202 2242 2446 2302 tempore
2491 2233 2703 2297 vitiata,
2742 2232 2825 2287 vel
2878 2230 3157 2285 confracta
3197 2246 3290 2298 per
3324 2230 3438 2283 rui-

1854 2339 2007 2387 nam,
2043 2324 2128 2379 vel
2160 2340 2189 2377 a
2223 2323 2474 2393 rubigine
2528 2339 2591 2377 ac
2653 2324 2761 2377 situ
2814 2323 2995 2390 inepta
3031 2320 3263 2382 reddita,
3298 2333 3437 2375 sono

1853 2421 2065 2479 carent,
2096 2413 2420 2483 nullumque
2445 2412 2511 2466 ad
2549 2427 2707 2465 usum
2762 2410 2958 2464 idonea
3018 2416 3165 2471 sunt,
3222 2409 3437 2463 etiamsi

1853 2507 1939 2560 vel
1981 2506 2050 2559 ab
2084 2506 2285 2560 eximio
2327 2504 2554 2560 tibicine
2586 2502 2866 2558 inﬂentur.
2910 2500 3002 2557 Sic
3046 2518 3103 2557 se
3137 2516 3290 2556 mens
3341 2515 3438 2569 per

1854 2597 2173 2652 universum
2216 2611 2482 2667 organum
2518 2610 2676 2651 suum
2714 2596 2938 2663 didens,
2967 2604 3020 2651 et
3052 2596 3329 2665 applicans
3376 2610 3437 2651 se

1853 2687 2065 2740 ratione
2088 2693 2453 2741 consentanea
2486 2685 2748 2739 membris
2776 2685 3006 2755 singulis
3028 2700 3120 2754 per
3150 2684 3438 2739 facultates

1855 2785 2063 2831 natura:
2091 2795 2100 2817 ν
2127 2793 2238 2831 sua:
2280 2778 2666 2832 convenientes
2698 2778 2750 2830 in
2799 2777 2867 2831 iis
2906 2791 3026 2846 qua:
3059 2784 3205 2830 recte
3238 2775 3440 2830 habent

186 2869 469 2923 secundum
517 2880 788 2933 naturam,
822 2872 926 2922 vim
967 2884 1123 2923 suam
1153 2878 1415 2936 exercet;
1470 2871 1522 2924 in
1564 2874 1775 2928 emteris
1828 2889 1948 2943 qua:
1986 2872 2342 2928 artiﬁciosum
2395 2871 2569 2942 ipsius
2614 2879 2819 2925 motum
2877 2884 2974 2939 per
3015 2868 3437 2924 imbecillitatem

183 2978 363 3031 capere
403 2969 704 3031 nequeunt,
731 2961 875 3030 jacet
914 2970 1074 3031 atque
1118 2962 1293 3016 otiosa
1340 2971 1443 3017 est.
1499 2962 1593 3018 Est
1633 2966 1775 3019 enim
1834 2964 1940 3020 hoc
1981 2965 2149 3019 menti
2210 2964 2505 3034 peculiare,
2549 2972 2609 3018 ut
2646 2965 2697 3017 in
2747 2962 3005 3018 membris
3057 2969 3251 3016 natura
3302 2961 3440 3015 bene

184 3052 377 3107 allectis
401 3051 775 3108 etiicacitatem
811 3067 967 3107 suam
1010 3052 1285 3109 obtineat:
1310 3070 1376 3108 ea
1406 3070 1531 3108 vero
1563 3071 1682 3125 qua:
1710 3055 1997 3125 depravata
2025 3063 2171 3118 sunt,
2207 3063 2510 3110 aversetur.

246 3145 350 3199 Καί
378 3163 471 3214 μοι
500 3144 651 3197 δοκεῖ
680 3142 1049 3215 φυσικώτερον
1082 3139 1221 3197 εἷναί
1261 3164 1313 3198 τι
1348 3146 1489 3199 κατὰ
1510 3146 1569 3199 τὸ
1600 3146 1758 3218 μέρος

1937 3150 2014 3201 Ac
2074 3146 2208 3200 mihi
2261 3146 2481 3216 quidem
2538 3144 2756 3199 videtur
2813 3158 2975 3215 posse
3020 3144 3123 3198 hac
3184 3144 3237 3196 in
3288 3151 3440 3213 parte

182 3237 327 3290 τοῦτο
341 3236 629 3308 θεώρημα,
656 3236 721 3290 δι’
743 3231 803 3290 οῦ
830 3236 1021 3306 μαθεῖν
1051 3236 1164 3289 ἔστι
1185 3255 1237 3291 τι
1264 3238 1371 3291 τῶν
1400 3240 1753 3311 ἀστειοτέρων

178 3328 470 3398 δογμάτων.
492 3327 711 3398 Ἐπειδὴ
750 3328 856 3399 γὰρ
895 3328 954 3380 τὸ
987 3328 1268 3383 κάλλιστον
1311 3332 1525 3384 πάντων
1556 3333 1647 3385 καὶ
1671 3331 1757 3397 ἐξ·

181 3420 437 3488 οχὼτατον
460 3420 671 3488 ἀγαθὸν
692 3418 820 3471 αὐτὸ
852 3419 913 3471 τὸ
946 3419 1102 3471 Θεῖόν
1126 3420 1261 3480 ἐστι,
1276 3419 1410 3490 πρὸς
1433 3420 1461 3473 ὃ
1485 3421 1658 3473 πάντα
1679 3420 1758 3473 νέ-

181 3526 380 3571 νευκεν,
406 3512 512 3562 ὅσα
540 3509 634 3561 τοῦ
659 3506 822 3561 καλοῦ
851 3508 948 3578 τὴν
975 3506 1158 3575 ἔφεσιν
1189 3506 1319 3576 ἔχει,
1349 3508 1435 3560 διὰ
1468 3508 1624 3561 τοῦτό
1652 3526 1756 3577 φα-

185 3617 275 3669 μεν
298 3601 511 3653 καὶτὸν
543 3598 689 3662 νοῦν,
710 3598 805 3652 ἆτε
842 3600 958 3651 κατ’
998 3599 1181 3650 εἰκόνα
1216 3597 1309 3650 τοῦ
1350 3598 1630 3652 καλλίστου
1664 3616 1757 3666 γε·

181 3693 411 3762 νόμενον,
439 3694 552 3755 ἕως
582 3692 648 3745 ἂν
674 3690 873 3764 μετέχῃ
891 3690 991 3760 τῆς
1014 3690 1147 3762 πρὸς
1169 3690 1228 3742 τὸ
1249 3690 1554 3761 ἀρχέτυπον
1581 3692 1760 3762 ὁμοιό-

179 3800 351 3852 τητος,
382 3783 621 3836 καθόσον
644 3782 936 3851 ἐνδέχεται,
968 3782 1062 3834 καὶ
1095 3782 1258 3835 αὑτὸν
1290 3783 1346 3834 ὲν
1369 3781 1445 3853 τῷ
1478 3782 1627 3853 καλῷ
1645 3783 1759 3836 δια-

182 3873 373 3944 μένειν,
398 3877 449 3928 εί
474 3875 541 3928 δέ
572 3892 689 3938 πως
713 3872 815 3939 ἔξω
836 3872 1044 3942 γένοιτο
1065 3872 1280 3936 τούτου.
1298 3874 1633 3945 γυμνοῦσθαι
1666 3873 1758 3927 τοῦ

180 3966 394 4029 κάλλους
425 3968 485 4020 ὲν
512 3960 561 4032 ᾧ
582 3962 671 4034 ἦν.
692 3962 904 4039 ηῗὪσπερ
943 3964 999 4016 δὲ
1032 3965 1238 4034 ἔφαμεν
1276 3967 1341 4035 τῇ
1381 3964 1631 4034 ὁμοιώσει
1664 3963 1756 4017 τοῦ

179 4058 537 4128 πρωτοτύπου
573 4054 801 4119 κάλλους
843 4059 1303 4126 κατακοσμεῖσθαι
1344 4057 1435 4109 τὸν
1468 4057 1612 4121 νοῦν,
1648 4053 1757 4109 οἷόν

178 4167 229 4202 τι
259 4150 575 4221 κάτοπτρον
613 4149 691 4221 τῷ
723 4150 1029 4221 χαρακτῆρι
1070 4148 1163 4203 τοῦ
1202 4150 1600 4220 ἐμφαινομένου
1629 4166 1759 4219 μορε

179 4242 462 4313 φούμενον·
495 4241 642 4296 κατὰ
670 4242 768 4312 τὴν
796 4241 963 4312 αὐτὴν
993 4241 1303 4310 ἀναλογίαν,
1329 4243 1422 4294 καὶ
1447 4242 1542 4311 τὴν
1564 4244 1762 4293 οἰκονο-

181 4337 451 4406 μουμένην
476 4335 575 4388 ὑπ’
602 4334 765 4388 αὑτοῦ
785 4333 943 4403 φύσιν
962 4333 1176 4403 ἔχεσθαι
1198 4334 1289 4387 τοῦ
1308 4333 1398 4386 νοῦ
1415 4332 1758 4401 λογιζόμεθα,

177 4425 266 4478 καὶ
280 4426 359 4496 τῷ
381 4425 778 4497 παρακειμένῳ
800 4424 984 4477 κάλλει
1004 4425 1098 4477 καὶ
1114 4424 1279 4494 αὐτὴν
1304 4419 1760 4493 κοσμεῖσθαι,οἷὸν

175 4537 223 4572 τι
246 4521 560 4589 κατόπτρου
583 4517 886 4588 κάτοπτρον
907 4518 1216 4588 γινομένην
1239 4516 1552 4587 κρατεῖσθαι
1573 4516 1627 4569 δὲ
1655 4516 1760 4569 ὑπὸ
1791 4501 1834 4555 D

176 4607 373 4679 ταύτης
403 4609 503 4661 καὶ
522 4606 842 4678 συνέχεσθαι
862 4608 921 4660 τὸ
939 4608 1118 4660 ὑλικὸν
1132 4607 1229 4677 τῆς
1253 4607 1615 4671 ὑποστάσεως,
1635 4624 1701 4660 πε
1709 4608 1762 4679 ρ).

174 4700 238 4769 ἢν
262 4700 559 4772 θεωρεῖται
580 4702 613 4770 ή
642 4699 822 4768 φύσις.
861 4702 1002 4763 Ἕως
1035 4699 1103 4753 ἂν
1130 4696 1223 4753 οὖν
1242 4700 1432 4770 ἔχηται
1456 4700 1549 4753 τοῦ
1578 4700 1759 4771 ἑτέρου

176 4790 234 4843 τὸ
249 4792 456 4864 ἓτερον,
486 4791 582 4845 διὰ
614 4792 828 4845 πάντων
860 4792 1135 4861 ἀναλόγως
1160 4794 1193 4863 ἡ
1217 4791 1311 4844 τοῦ
1340 4792 1506 4855 ὅντως
1534 4791 1763 4854 κάλλους

176 4885 428 4936 κοινωνία
459 4883 713 4950 διέξεισι,
754 4883 841 4936 διὰ
872 4883 966 4937 τοῦ
990 4884 1384 4955 ὑπερκειμένου
1416 4884 1476 4937 τὸ
1501 4883 1781 4956 προσεχὲς.

178 4972 620 5039 καλλωπίζουσα.
668 4974 915 5027 Ἐπειδὰν
953 4975 1008 5039 δέ
1040 4993 1123 5038 τις
1155 4976 1377 5046 γένηται
1416 4976 1515 5046 τῆς
1559 4974 1765 5044 ἀγαθῆς

176 5067 371 5137 ταύτης
392 5070 685 5138 συμφυΐας
701 5068 1062 5139 ὃιασπασμὸς,
1090 5069 1124 5141 ἢ
1150 5070 1242 5123 καὶ
1266 5070 1400 5141 πρὸς
1421 5070 1480 5123 τὸ
1508 5070 1762 5139 ἔμπαλιν,

181 5159 550 5229 ἁντακολουθῇ
582 5158 660 5229 τῷ
676 5159 1041 5230 ὑποϐεϐηκότι
1068 5160 1130 5213 τὸ
1148 5162 1247 5213 ὑπε
1258 5160 1427 5232 ρέχονο
1456 5162 1575 5214 τότε
1600 5160 1767 5229 αὐτῆς

176 5260 232 5297 τε
256 5247 354 5316 τῆς
385 5247 553 5317 ὕλης,
585 5249 714 5301 ὅταν
755 5249 969 5321 μονωθῇ
1004 5253 1104 5321 τῆς
1148 5250 1388 5319 φύσεως,
1419 5250 1668 5322 διηνέχθη
1708 5250 1769 5303 τὸ

174 5339 419 5408 ἄσχημον
473 5338 765 5409 (ἄμορφον
800 5341 908 5411 γάρ
960 5357 1013 5394 τι
1054 5340 1176 5395 καθ’
1216 5341 1411 5413 ἑαυτὴν
1453 5344 1485 5412 ὴ
1534 5340 1634 5411 ὖλη
1671 5340 1765 5394 καὶ

178 5430 591 5499 ἀκατάσκευον)
621 5430 710 5483 καὶ
730 5433 797 5501 τῇ
826 5432 1071 5504 ἀμορφία
1093 5432 1295 5505 ταύτης
1322 5434 1679 5505 συνδιεφθάρη
1707 5433 1766 5486 τὸ

181 5519 370 5582 κάλλος
416 5520 523 5590 τῆς
574 5518 809 5588 φύσεως,
862 5520 897 5591 ἢ
945 5520 1032 5575 διὰ
1070 5522 1163 5576 τοῦ
1204 5524 1294 5578 νοῦ
1345 5523 1763 5588 καλλωπίζεται.

182 5609 281 5661 imi.
312 5609 496 5672 οὕτως
554 5608 641 5661 ἐπ’
676 5609 836 5663 αὑτὸν
877 5610 968 5664 τὸν
1020 5612 1145 5666 νοῦν
1184 5612 1276 5666 τοῦ
1326 5612 1467 5668 κατὰ
1507 5613 1605 5685 τὴν
1632 5612 1768 5685 ὕλην

244 5784 289 5815 ⁸³
321 5783 477 5840 Psal.
510 5800 616 5851 vn,
654 5786 740 5841 10.

1866 3224 2125 3306 quiddam
2163 3235 2503 3290 considerari
2536 3249 2565 3287 a
2600 3234 2759 3307 nobis
2800 3250 2864 3289 ex
2902 3233 3080 3288 media
3119 3247 3299 3287 rerum
3340 3247 3440 3287 na-

1864 3329 2119 3382 turalium
2168 3328 2498 3382 tractatione
2549 3327 2919 3396 desumptum,
2978 3329 3044 3380 de
3082 3339 3193 3396 quo
3232 3324 3439 3394 percipi

1860 3416 2109 3472 doctrina
2160 3418 2380 3488 elegans
2434 3418 2630 3488 possit.
2673 3415 2808 3470 Nam
2854 3430 2978 3470 cum
3025 3415 3267 3469 omnium
3314 3414 3438 3483 pul-

1859 3510 2188 3564 cherrimum
2246 3523 2309 3563 ac
2361 3509 2876 3578 praestantissimum
2918 3508 3119 3561 bonum
3175 3506 3247 3561 sit
3293 3505 3440 3562 Deus

1858 3601 1994 3671 ipse,
2041 3604 2105 3654 ad
2153 3616 2315 3669 quem
2351 3600 2533 3654 omnia
2568 3600 2893 3670 respiciunt,
2934 3614 3275 3670 quaecunque
3304 3598 3435 3653 boni

1858 3694 2131 3749 desiderio
2178 3700 2498 3761 tanguntur,
2549 3693 2753 3747 idcirco
2785 3698 2842 3747 et
2891 3700 3129 3746 mentem
3177 3690 3437 3756 dicimus.

1858 3785 2058 3839 factam
2095 3783 2162 3837 ad
2201 3782 2330 3838 boni
2360 3783 2716 3854 pulcherrimi
2746 3784 3058 3852 imaginem,
3091 3783 3331 3853 quandiu
3363 3784 3441 3838 si-

1857 3876 2187 3931 militudinis
2237 3876 2533 3947 archetypo
2572 3874 2956 3946 respondentis
3002 3874 3277 3944 particeps
3330 3882 3437 3938 est,

1859 3967 2037 4039 quoad
2069 3968 2189 4037 ejus
2218 3967 2333 4023 fieri
2367 3976 2572 4038 potest,
2614 3968 2756 4022 haud
2792 3968 2957 4023 dubie
3002 3967 3130 4021 boni
3171 3975 3440 4037 przestan-

1860 4062 1989 4114 tiam
2018 4060 2157 4114 tueri
2176 4075 2239 4113 ac
2271 4074 2623 4114 conservare.
2652 4058 2910 4114 Eamdem
2936 4068 3153 4125 contra,
3186 4059 3232 4114 si
3257 4060 3439 4130 aliquo

1861 4159 2020 4222 pacto
2054 4167 2083 4204 a
2124 4150 2370 4221 principe
2398 4151 2544 4206 bono
2578 4151 2870 4215 exorbitet,
2920 4159 3035 4206 tota
3078 4150 3169 4204 illa
3195 4151 3441 4220 pulchri-

1859 4245 2071 4305 tudine,
2114 4259 2221 4312 qua
2252 4252 2373 4297 erat
2416 4253 2628 4307 ornata,
2663 4243 2912 4313 spoliari.
2965 4241 3135 4297 Porro
3178 4242 3440 4312 quemad-

1861 4335 2080 4389 modum
2108 4334 2404 4387 indicatum
2428 4344 2511 4388 est
2528 4334 2887 4388 similitudine
2910 4334 3180 4403 principis
3205 4334 3442 4404 pulchri-

1860 4423 2073 4477 tudinis
2131 4430 2382 4475 ornatam
2444 4438 2567 4477 esse
2629 4430 2885 4485 mentem,
2946 4421 3169 4490 perinde
3214 4437 3277 4477 ac
3317 4438 3442 4493 spe-

1863 4515 2049 4568 culum
2089 4514 2257 4584 figura
2296 4513 2450 4568 faciei
2486 4530 2553 4567 ex
2603 4513 2722 4583 ipso
2774 4513 3071 4568 relucentis
3108 4513 3437 4583 insignitur:

1863 4604 2054 4659 eadem
2107 4605 2321 4658 ratione
2372 4613 2426 4658 et
2472 4611 2745 4667 naturam,
2808 4618 2929 4672 quae
2974 4618 3004 4657 a
3044 4612 3225 4658 mente
3268 4604 3440 4658 admi-

1864 4698 2152 4762 nistratur,
2195 4712 2323 4767 erga
2371 4698 2617 4751 eamdem
2663 4695 2908 4765 allectam
2958 4711 3081 4752 esse
3129 4697 3437 4762 statuimus,

1864 4797 1923 4843 ut
1963 4788 2171 4845 scilicet
2202 4797 2256 4843 et
2287 4789 2457 4858 ipsam
2493 4788 2677 4841 ornari
2708 4788 3011 4857 pr0pinqua
3036 4788 3442 4857 pulchritudine

1864 4879 2134 4943 dicamus,
2164 4886 2220 4933 et
2250 4879 2408 4947 quasi
2450 4878 2655 4946 speculi
2706 4878 2989 4946 speculum
3028 4893 3173 4933 esse.
3224 4876 3442 4933 Natura:

1866 4986 2030 5041 porro
2062 4970 2388 5026 crassiorem
2423 4970 2579 5039 quasi
2619 4968 2899 5023 materiem
2938 4971 3109 5025 nostri
3143 4970 3439 5033 cohaerere,

1863 5062 1951 5116 cui
1986 5062 2102 5131 ipsa
2141 5072 2334 5115 natura
2383 5062 2542 5115 inest.
2574 5061 2743 5130 igitur
2772 5061 3012 5130 quandiu
3066 5061 3179 5117 haec
3216 5063 3357 5117 inter
3382 5078 3440 5117 se

1866 5162 1991 5221 apte
2031 5166 2281 5205 connexa
2334 5160 2482 5215 sunt,
2538 5152 2702 5204 etiam
2754 5152 3043 5205 verissima
3089 5153 3441 5220 pulchritudo

1865 5244 2225 5300 conveniente
2269 5243 2502 5314 quadam
2556 5244 2767 5297 ratione
2814 5258 2939 5297 cum
2991 5244 3248 5299 omnibus
3288 5259 3440 5298 com-

1869 5338 2222 5393 municatur:
2263 5350 2479 5405 semper
2522 5351 2609 5397 eo,
2653 5335 2801 5405 quod
2850 5336 2972 5391 loco
3011 5344 3095 5390 est
3139 5335 3442 5405 superiore,

1871 5429 2182 5501 proximum
2215 5426 2318 5482 sibi
2342 5437 2660 5485 exornante.
2700 5425 2797 5481 Ubi
2821 5441 2948 5481 vero
2972 5427 3245 5497 praeclara:
3283 5425 3444 5494 hujus

1872 5519 2277 5592 conjunctionis
2296 5526 2379 5575 est
2403 5519 2541 5573 facta
2563 5518 2832 5586 divulsio;
2858 5521 2940 5575 vel
2964 5527 3175 5583 contra,
3190 5517 3335 5589 quod
3359 5524 3443 5572 est

1874 5610 2222 5683 praestantius
2266 5608 2457 5667 ordine
2487 5609 2707 5666 inverso
2733 5610 2978 5679 sequitur
3022 5608 3285 5665 inferius:
3326 5618 3439 5666 tum
