4110 6506
231 325 319 383 I65

712 432 1126 488 ΚΕΦΑΛΔΙΟΝ.
1170 432 1271 487 II".

1483 322 1571 377 DE
1612 318 1894 377 IIOMINIS
1931 317 2241 376 OPIFICIO.

3366 321 3471 379 I66

2491 426 2719 486 CAPUT
2755 428 2895 486 XIII.

226 526 347 596 Περὶ
375 523 596 589 ὕπνου,
623 524 719 577 καί
740 522 1001 593 χάσμης,
1032 522 1129 575 καί
1152 523 1419 590 ὀνείρων,
1442 524 1791 593 αἰτιολογία.
1820 584 1821 587 η

1918 521 2109 595 Somni.
2140 522 2512 589 oscitatiom's,
2547 522 2935 576 insomniorum
2980 537 3160 579 causa:
3194 521 3468 579 Indicam.

299 618 359 671 Ἦ
402 616 561 687 ὑλικὴ
611 617 703 670 καὶ
745 614 952 688 ῥοώδης
997 616 1136 687 αὕτη
1193 615 1303 668 τῶν
1337 618 1603 687 σωμάτων
1653 617 1786 689 ζωὴ,

225 713 443 769 πάντοτε
487 710 574 763 διὰ
606 710 875 779 κινήσεως
916 709 1202 779 προϊοῦσα,
1232 710 1291 761 ἐν
1338 709 1512 780 τούτῳ
1538 710 1648 780 ἔχει
1694 711 1789 765 τοῦ

225 800 354 858 εἶναι
384 801 483 871 τὴν
513 800 760 871 δύναμιν,
798 801 855 854 ἐν
882 800 962 870 τῷ
1009 800 1083 872 μὴ
1118 801 1309 872 στῆναί
1349 819 1477 855 ποτε
1506 805 1605 873 τῆς
1634 805 1789 874 κινή-
1814 828 1829 857 ι

228 907 370 953 σεως.
401 889 670 961 Καθάπερ
697 888 755 942 δέ
791 906 875 952 τις
920 890 1164 961 ποταμὸς
1185 890 1326 944 κατὰ
1366 890 1624 963 τὴνίδίαν
1653 892 1792 964 ῥέων

226 983 411 1055 ὁρμὴν,
436 980 619 1053 πλήρη
653 981 753 1050 μὲν
780 981 1019 1035 δείκνυσι
1059 982 1158 1052 τὴν
1186 982 1494 1053 κοιλότητα,
1526 984 1593 1037 δι’
1619 981 1687 1057 ἦς
1725 985 1792 1040 ἂν

224 1074 353 1146 τύχῃ
378 1074 695 1144 φερόμενος,
734 1074 794 1125 οὐ
834 1074 939 1144 μὴν
982 1074 1039 1125 ὲν
1070 1072 1147 1145 τῷ
1178 1074 1326 1144 αὐτῴ
1366 1074 1516 1129 ὕδατι
1548 1078 1676 1146 περὶ
1699 1064 1792 1129 τὸν

226 1168 379 1222 αὑτὸν
406 1167 493 1220 ἀεὶ
520 1166 681 1219 τόπον
708 1166 925 1237 ὁρᾶται,
956 1165 1091 1219 ἀλλὰ
1118 1162 1178 1220 τὸ
1219 1167 1318 1237 μὲν
1349 1168 1664 1239 ὑπέδραμεν
1698 1157 1795 1222 αὗ⁶

225 1259 330 1320 τοῦ,
365 1258 427 1311 τὸ
466 1258 521 1311 δὲ
569 1257 859 1329 ὑπερρἐει·
896 1257 1041 1311 οὕτω
1086 1256 1270 1313 καὶτὸ
1303 1260 1484 1313 ὑλικὸν
1534 1248 1634 1331 τῆς
1665 1261 1794 1331 τῇδε
1822 1282 1830 1303 '-

227 1348 363 1418 ζωῆς
398 1345 486 1399 διά
525 1362 669 1409 τινος
706 1348 972 1417 κινήσεως
1003 1349 1098 1401 καὶ
1148 1344 1277 1421 ῥοῆς
1301 1350 1367 1420 τῇ
1418 1349 1670 1422 συνεχείᾳ
1697 1350 1797 1419 τῆς

223 1439 325 1495 τῶν
369 1436 628 1490 ἐναντίων
668 1436 919 1508 διαδοχῆς
963 1437 1270 1507 ἀμείϐεται,
1316 1438 1393 1502 ὡς
1419 1440 1487 1494 ἂν
1528 1440 1797 1512 μηδέποτε

227 1528 415 1599 στῆναι
436 1527 693 1582 δύνασθαι
714 1528 811 1599 τῆς
841 1529 1165 1603 μεταϐολῆς,
1194 1531 1327 1585 ἀλλά
1354 1535 1419 1603 τῇ
1447 1533 1675 1604 δυνάμει
1704 1533 1799 1587 τοῦ

225 1623 479 1692 ἀτρεμεῖν
523 1620 800 1674 ἄπαυστον
831 1619 976 1691 ἔχειν
1018 1621 1104 1675 διὰ
1133 1622 1241 1675 τῶν
1279 1623 1481 1695 ὁμοίων
1515 1625 1802 1696 ἐναμειϐο-

228 1715 392 1783 μένην
422 1712 517 1783 τὴν
557 1712 791 1784 κίνησιν.
820 1714 882 1767 Εἰ
908 1714 964 1767 δέ
997 1731 1128 1768 ποτε
1158 1714 1475 1787 κινούμενον
1515 1704 1838 1784 παύσοιτορ,

1969 613 2224 668 Crassior
2256 614 2348 668 illa
2381 614 2636 685 lluxaque
2667 629 2957 684 corporum
2991 624 3305 671 nostrorum
3337 616 3469 681 vita,

1897 718 2020 772 quae
2069 718 2288 775 semper
2330 714 2601 767 movetur,
2649 719 2714 758 ex
2747 719 2814 759 eo
2862 705 2982 774 ipso
3028 705 3134 758 vim
3170 703 3471 760 assistendi

1898 794 2083 860 habet,
2120 797 2266 867 quod
2311 804 2461 851 motu
2488 796 2717 867 praedita
2767 798 2840 853 sit
2869 797 3069 867 quietis
3111 806 3352 867 experte.
3396 796 3476 852 Ac

1899 887 2065 943 veluti
2093 887 2292 945 ﬂuvius
2322 890 2524 960 impetu
2554 895 2657 945 'suo
2679 891 2978 955 volutatus,
3004 890 3216 944 alveum
3252 888 3474 958 quidem

1899 996 2062 1037 suum
2092 995 2308 1052 semper
2340 982 2550 1052 implet,
2574 990 2672 1053 per
2703 996 2863 1053 quem
2893 982 3114 1048 labitur,
3149 997 3259 1037 non
3294 992 3475 1036 tamen

1899 1073 2091 1127 eadem
2117 1079 2258 1143 aqua
2283 1073 2472 1129 eodem
2502 1074 2555 1128 in
2587 1075 2709 1129 loco
2736 1082 2997 1144 perpetuo
3024 1074 3215 1139 lueret,
3246 1072 3342 1128 sed
3372 1072 3476 1126 alia

1899 1164 2249 1229 decurrente,
2294 1164 2465 1219 aﬂluit
2506 1166 2610 1220 alia
2654 1182 2669 1221 :
2711 1167 2792 1221 sic
2839 1165 3080 1220 crassior
3123 1164 3214 1219 illa
3266 1165 3373 1218 vita
3422 1165 3476 1217 in

1901 1256 2067 1311 terris
2116 1263 2310 1311 nostra
2360 1264 2509 1311 motu
2540 1255 2778 1327 quodam
2827 1272 2891 1311 ac
2940 1256 3180 1310 ﬂuxioue
3215 1255 3478 1310 continua

1902 1347 2137 1405 diversis
2155 1347 2320 1404 rebus
2341 1346 2767 1405 succedentibus
2798 1349 2925 1413 sibi,
2949 1350 3002 1403 in
3032 1355 3289 1420 perpetua
3314 1349 3479 1402 vicis-

1904 1441 2145 1496 situdlne
2174 1454 2453 1511 nunquam
2490 1441 2888 1512 interquiescit,
2907 1440 3001 1496 sed
3039 1456 3147 1494 una
3175 1455 3300 1495 cum
3326 1440 3481 1509 quie-

1904 1534 2095 1589 scendi
2127 1533 2386 1589 facultate
2415 1548 2713 1604 perennem
2744 1533 2905 1587 etiam
2934 1540 3141 1587 motum
3171 1531 3371 1587 similia
3400 1529 3482 1584 vi-

1905 1624 2091 1679 cissim
2137 1626 2500 1680 alternantem
2533 1624 2717 1681 habet.
2763 1624 2917 1690 Quod
2949 1626 2994 1679 si
3038 1625 3125 1678 hic
3150 1624 3269 1693 ejus
3299 1629 3482 1677 motus

1905 1716 2201 1788 aliquando
2229 1716 2499 1788 quiescat,
2526 1716 2697 1788 ipsam
2716 1729 2935 1787 quoque
2958 1714 3232 1785 exstingui
3255 1718 3484 1771 necasse

224 1804 314 1857 καὶ
361 1801 459 1855 τοῦ
507 1796 646 1856 εἶναι
692 1802 911 1867 πάντως
950 1804 1051 1875 τὴν
1092 1804 1304 1860 παῦλαν
1343 1806 1453 1871 ἕξει
1476 1822 1489 1836 ’
1533 1805 1666 1872 οἷον,
1726 1808 1804 1862 δι-

1918 1815 2010 1863 est.
2037 1808 2356 1873 Evacuatio,
2396 1809 2548 1865 verbi
2594 1809 2797 1882 gratia,
2842 1808 3198 1879 repletionem
3240 1806 3482 1876 excipit;

226 1892 443 1958 εδέξατο
463 1892 525 1945 τὺ
556 1892 765 1965 πλῆρες
799 1894 831 1964 ὴ
863 1894 1113 1960 κένωσις,
1139 1897 1233 1949 καὶ
1265 1895 1425 1950 πάλιν
1453 1898 1803 1969 ἀντεισῆλθεν

224 1989 257 2059 ἠ
305 1985 586 2057 πλήρωσις
637 1987 704 2056 τῇ
755 1985 1023 2057 κενότητι.
1067 1986 1273 2051 ’Υπνος
1323 1978 1384 2041 τὸ
1433 1986 1680 2044 σύντονον
1705 1991 1805 2061 τῆς

225 2078 607 2148 ἐγρηγόρσεως
660 2076 1022 2147 ὑπεχάλασεν,
1057 2075 1175 2132 εἶτα
1208 2082 1535 2153 ἐγρήγορσις
1571 2084 1632 2136 τὸ
1662 2084 1807 2137 ἀνει-

228 2169 388 2240 μένον
421 2168 671 2221 ἐτόνωσε.
701 2169 812 2221 Καὶ
849 2170 1129 2241 οὐδέτερον
1152 2170 1357 2226 τούτων
1383 2176 1442 2227 ἐν
1467 2175 1546 2246 τῷ
1570 2166 1840 2246 διηνεκὲτι

227 2260 515 2332 συμμένει,
563 2260 680 2314 ἀλλ’
714 2261 989 2334 ὑποχωρεῖ
1026 2266 1146 2326 ταῖς
1194 2266 1516 2335 παρουσίαις
1562 2265 1808 2338 ἀλλήλων

224 2351 533 2423 ἀμφότερα,
561 2352 704 2407 οὓτω
730 2354 829 2424 τῆς
851 2353 1066 2424 φύσεως
1092 2355 1290 2428 ἐαυτὴν
1317 2360 1437 2421 ταῖς
1471 2359 1809 2427 ὑπαλλαγαῖς

225 2444 704 2517 ἁνακαινιζούσης,
738 2445 815 2510 ὡς
844 2446 1122 2519 ἑκατέρων
1142 2447 1201 2500 ἐν
1230 2447 1308 2518 τῷ
1354 2448 1510 2521 μέρει
1542 2450 1810 2521 μεταλαγο

224 2538 497 2609 χάνουσαν
541 2538 923 2603 ἀδιασπάστως
950 2540 1058 2593 ἀπὸ
1093 2540 1188 2593 τοῦ
1235 2541 1420 2611 ἐτέρου
1465 2542 1811 2611 μεταϐαίνειν

224 2631 314 2683 ἐπὶ
342 2632 408 2684 τὸ
443 2632 649 2705 ἕτερον.
683 2632 757 2685 Τό
781 2650 840 2685 τε
861 2632 972 2704 γὰρ
994 2632 1285 2696 διαπαντὸς
1309 2634 1666 2689 συντετάσθαι
1692 2638 1831 2698 ταῖς

225 2722 530 2791 ἐνεργείαις
560 2723 620 2775 τὸ
657 2722 817 2787 ζῶον,
852 2723 1007 2795 ῥῆξίν
1042 2740 1163 2777 τινα
1207 2724 1301 2777 καὶ
1336 2723 1678 2796 διασπασμὸν
1704 2726 1813 2778 τῶν

224 2814 700 2887 ὓπερτεινομένων
750 2816 985 2868 ποιεῖται
1031 2816 1215 2887 μερῶν
1237 2834 1251 2847 ·
1283 2816 1317 2886 ἦ
1340 2833 1398 2869 τε
1425 2817 1676 2889 διηνεκὴς
1717 2816 1812 2870 τοῦ

226 2906 485 2978 σώματος
528 2907 710 2972 ἄνεσις
752 2906 1046 2962 διάπτωσίν
1082 2926 1202 2963 τινα
1229 2907 1322 2962 τοῦ
1359 2909 1690 2973 συνεστῶτος
1721 2909 1816 2963 καὶ

221 3000 379 3052 λύσιν
419 3000 735 3070 ἐργάζεται.
768 2998 841 3052 Τὸ
866 3000 923 3052 δὲ
953 3000 1097 3054 κατά
1121 3000 1313 3072 καιρὸν
1349 3000 1588 3072 μετρίως
1623 3002 1816 3057 ἑκατὲ-

1905 1910 2210 1973 contraque
2234 1903 2462 1973 repletio
2482 1902 2740 1958 vacuitati
2779 1901 3047 1957 succedit.
3078 1899 3318 1955 Somnus
3350 1910 3487 1955 con-

1905 1994 2092 2050 tinuas
2114 1994 2330 2065 vigilias
2354 1994 2587 2051 remittit
2614 2012 2630 2049 :
2656 1993 2877 2065 vigilias,
2929 1992 3074 2064 quod
3107 1992 3343 2048 laxatum
3374 2003 3481 2056 est,

1906 2087 2150 2143 vicissim
2179 2085 2431 2142 tendunt.
2464 2084 2729 2141 Neutrum
2761 2085 2957 2139 horum
3000 2086 3264 2140 continuo
3301 2085 3483 2145 durat.

1907 2179 2002 2234 sed
2040 2179 2273 2234 alterum
2308 2179 2466 2235 alteri
2502 2180 2710 2233 mutuis
2736 2178 2954 2233 vicibus
2983 2178 3252 2242 succedit,
3287 2187 3485 2232 natura

1909 2269 2144 2338 seipsam
2180 2268 2499 2338 hujusmodi
2529 2268 3005 2325 vicissitudinibus
3030 2270 3394 2329 instaurante.
3426 2264 3487 2323 ut

1910 2360 2073 2414 modo
2100 2360 2226 2423 hoc,
2255 2358 2416 2414 modo
2447 2360 2542 2414 illo
2587 2375 2708 2423 usa,
2736 2367 2999 2430 perpetuo
3029 2360 3097 2414 ab
3122 2375 3233 2414 uno
3262 2361 3329 2415 ad
3360 2362 3490 2415 alte-t

1912 2467 2033 2505 rum
2075 2459 2343 2507 transeat.
2376 2451 2511 2507 Nam
2544 2452 2591 2507 si
2630 2467 2848 2521 semper
2874 2453 3020 2507 vires
3066 2452 3320 2508 animalis
3362 2467 3491 2508 cons

1912 2552 2073 2598 tenta:
2096 2543 2228 2607 sint,
2265 2542 2439 2614 frangi
2467 2558 2533 2598 ac
2553 2544 2820 2614 disrumpi
2852 2543 3068 2598 tandem
3105 2543 3352 2598 membra
3391 2560 3489 2598 su-

1912 2650 2011 2705 pra
2038 2635 2259 2691 modum
2296 2645 2445 2691 tenta
2483 2650 2714 2691 necesse
2743 2644 2864 2703 est;
2896 2643 3200 2707 contraque
3225 2635 3490 2691 continua

1914 2729 2166 2799 corporis
2191 2730 2482 2795 relaxatio,
2515 2728 2591 2783 rei
2622 2730 2774 2798 quasi
2797 2729 3074 2783 corruenti
3111 2744 3174 2784 ac
3210 2728 3494 2784 dissolutae

1916 2819 2199 2875 interitum
2239 2821 2417 2875 δῦθι-ι.
2459 2820 2603 2875 Usus
2649 2830 2830 2875 autem
2877 2822 3163 2891 utriusque
3210 2824 3494 2892 tempesti-

1915 2927 2019 2968 vus
2044 2919 2300 2967 naturam
2332 2920 2645 2976 conserVat,
2678 2927 2799 2982 quae
2827 2913 2880 2966 in
2914 2922 3173 2984 perpetua
3207 2929 3387 2969 rerum
3420 2915 3494 2968 si-

1917 3004 2086 3061 bimet
2118 3005 2526 3060 adversantium
2574 3006 2977 3075 permutatione
3023 3023 3168 3061 nunc
3199 3007 3319 3072 hac,
3346 3022 3495 3062 nunc

224 3109 335 3163 ρων
367 3092 781 3162 ἐπιτυγχάνειν,
823 3092 1055 3164 δύναμις
1101 3094 1237 3165 πρὸς
1265 3094 1528 3166 διαμονήν
1567 3096 1681 3148 ἐστι
1715 3095 1821 3166 τῆς

1923 3097 2016 3151 illa
2064 3113 2125 3152 se
2171 3105 2409 3152 recreat.
2446 3098 2613 3167 Igitur
2651 3115 2774 3152 cum
2826 3114 2923 3168 per
2961 3100 3173 3169 vigilias
3220 3102 3497 3156 contentio

222 3185 473 3254 φύσεως,
494 3184 583 3238 διὰ
616 3188 715 3257 τῆς
749 3185 1031 3255 διηνεκοῦς
1060 3185 1198 3257 πρὸς
1233 3185 1303 3240 τά
1344 3187 1693 3258 ἀντικείμενα
1725 3168 1890 3258 με-Ἱῖ

220 3276 521 3341 τασάσεως
555 3278 612 3330 ἐν
642 3279 925 3349 ἑκατέροις
951 3278 1149 3350 ἑαυτὴν
1181 3270 1289 3332 ἀπὸ
1320 3280 1429 3332 τῶν
1462 3280 1665 3352 ἐτέρων
1697 3281 1825 3334 ἀνα·

222 3370 542 3443 παυούσης.
577 3370 733 3425 Οὖτω
769 3372 946 3425 τοίνυν
984 3371 1347 3442 τετονωμένον
1382 3372 1471 3427 διὰ
1520 3364 1624 3444 τῆς
1659 3374 1824 3445 ἐγρη-

224 3463 485 3535 γόρσεως
533 3462 595 3515 τὸ
644 3462 803 3535 σῶμα
847 3463 1109 3531 λαϐοῦσα,
1151 3458 1304 3518 λύσιν
1349 3466 1566 3536 ἐμποιεῖ
1606 3465 1695 3519 διὰ
1727 3464 1821 3519 τοῦ

226 3554 403 3609 ’ὕπνου
438 3554 522 3625 τῷ
544 3555 702 3625 τόνῳ,
731 3557 831 3619 τὰς
853 3555 1172 3626 αίσθητικάς
1192 3557 1449 3629 δυνάμεις
1477 3558 1611 3628 πρὸς
1634 3558 1821 3630 καιρὸν

226 3649 290 3699 ἐκ
317 3647 436 3700 τῶν
457 3648 748 3718 ἐνεργειῶν
766 3648 1145 3716 άναπαύσασα,
1169 3642 1280 3701 οἶόν
1298 3666 1450 3713 τινας
1470 3650 1667 3715 ἵππους
1686 3649 1826 3721 μετά

222 3738 355 3802 τοὺς
390 3737 619 3807 ἀγῶνας
653 3738 760 3792 τῶν
802 3738 1062 3810 ἁρμάτων
1100 3739 1395 3794 ἐκλύσασα.
1440 3740 1737 3809 Ἀναγκαία
1764 3739 1824 3794 δέ

223 3837 293 3904 τῇ
327 3832 602 3886 συστάσει
644 3831 737 3885 τοῦ
774 3832 1027 3903 σώματος
1066 3832 1100 3903 ἡ
1131 3831 1387 3905 εὖκαιρος
1422 3832 1625 3895 ἄνεσις,
1652 3832 1727 3897 ὡς
1760 3832 1826 3885 ἂν

222 3926 543 3989 ἀκωλύτως
575 3928 658 3994 ἐφ’
686 3926 831 3979 ἅπαν
853 3925 915 3979 τὸ
948 3925 1106 3996 σῶμα
1135 3925 1225 3981 διὰ
1251 3925 1360 3978 τῶν
1390 3927 1448 3979 ἐν
1472 3925 1619 3996 αὑτῷ
1645 3926 1827 3996 πόρων

223 4018 261 4087 ὴ
295 4017 492 4088 τροφὴ
536 4016 819 4087 διαχέοιτο,
868 4016 1095 4088 μηδενὸς
1125 4017 1280 4070 τόνου
1317 4019 1385 4088 τῇ
1426 4017 1584 4089 διόδῳ
1607 4035 1825 4089 παρεμ-

220 4109 576 4174 ποδίζοντος.
632 4108 895 4179 Καθάπερ
932 4107 1040 4179 γὰρ
1087 4109 1151 4160 ἐκ
1208 4107 1308 4178 τῆς
1367 4108 1654 4179 διαϐρόχου
1698 4110 1822 4180 γῆς,

220 4203 357 4256 ὅταν
406 4200 702 4273 ἐπιλάμψῃ
746 4199 1101 4273 θερμοτέραις
1139 4201 1354 4254 ἀκτῖσιν
1390 4203 1418 4254 ό
1457 4201 1629 4271 ἣλιος,
1664 4202 1826 4272 ἀτμοί

218 4313 377 4359 τινες
414 4292 751 4365 ὁμιχλώδεις
781 4292 889 4346 ἀπὸ
916 4291 1011 4345 τοῦ
1042 4293 1239 4364 βάθους
1282 4292 1617 4348 ἀνέλκονται·
1643 4295 1828 4364 ὅμοιόν

218 4407 275 4442 τι
309 4388 543 4458 γίνεται
576 4385 669 4439 καὶ
688 4386 746 4437 ἐν
769 4387 837 4456 τῇ
869 4384 990 4438 καθ’
1028 4379 1176 4456 ἡμᾶς
1203 4386 1298 4455 γῇ,
1325 4385 1424 4456 τῆς
1455 4385 1662 4456 τροφῆς
1695 4385 1829 4438 ἐσω-

1924 3188 2123 3243 virium
2176 3203 2377 3257 corpus
2422 3188 2674 3243 nonnihil
2722 3188 3054 3283 debilityit,
3105 3199 3299 3244 somno
3342 3191 3495 3245 laxa-

1924 3287 2041 3333 tum
2078 3278 2345 3334 reficitur.
2382 3277 2447 3333 Et
2484 3288 2544 3333 ut
2564 3281 2693 3349 equi
2725 3290 2849 3351 post
2880 3277 3179 3335 certamina
3213 3281 3499 3351 quadrigis

1923 3375 2262 3435 eximuntur,
2285 3371 2365 3425 sic
2386 3370 2677 3426 facultates
2710 3373 3013 3427 sentientes
3036 3372 3248 3443 agendo
3281 3373 3500 3428 lassata:

1924 3464 2235 3535 aliquandiu
2281 3477 2311 3517 a
2351 3472 2548 3518 natura
2598 3464 2842 3519 vicissim
2890 3470 3237 3519 recreantur.
3282 3463 3500 3520 Etenim

1923 3566 2011 3612 est
2059 3557 2374 3612 necessaria
2428 3572 2519 3611 res
2571 3555 2639 3609 ad
2695 3556 3169 3611 conservationem
3222 3557 3498 3627 corporis,

1924 3649 2249 3719 tempestiva
2296 3648 2577 3713 remissio,
2616 3656 2675 3701 ut
2705 3656 2821 3701 toto
2860 3647 2914 3701 in
2962 3662 3196 3719 corpore
3234 3664 3334 3719 per
3369 3660 3501 3703 suos

1926 3749 2141 3796 meatus
2171 3739 2291 3795 sine
2315 3740 2465 3795 omni
2504 3739 2894 3810 impedimento
2917 3739 3026 3793 cibi
3058 3738 3347 3803 didantur,
3380 3738 3505 3794 uul-

1926 3833 1977 3887 la
2011 3833 2252 3903 partium
2298 3832 2611 3887 iutensione
2658 3831 2763 3886 hoc
2802 3832 2965 3901 quasi
3009 3831 3114 3886 iter
3151 3831 3500 3887 obstruente.

1926 3924 2400 3992 Quemadmodum
2427 3926 2573 3979 enim
2610 3940 2673 3979 ex
2712 3932 2857 3978 terra
2888 3924 3097 3995 irrigua
3127 3933 3360 3994 vapores
3406 3938 3501 3976 ca-

1927 4018 2152 4087 liginosi
2202 4016 2271 4071 ab
2322 4016 2435 4071 imo
2462 4016 2834 4082 attrahuntur,
2878 4018 3221 4086 maximeque
3262 4030 3387 4070 cum
3418 4016 3502 4072 sol

1928 4107 2116 4162 radios
2151 4107 2445 4163 calidiores
2472 4107 2682 4176 spargit
2714 4120 2727 4162 :
2770 4106 2958 4159 itidem
2994 4106 3166 4160 nostri
3208 4104 3264 4159 in
3297 4104 3501 4175 opiﬁcii

1926 4200 2046 4253 solo
2073 4198 2352 4263 usuvenit,
2384 4196 2523 4253 cibis
2562 4198 2704 4252 intra
2743 4212 2845 4251 nos
2877 4211 2975 4266 per
3002 4195 3241 4251 calorem
3280 4204 3503 4251 natura-

1927 4293 2035 4348 lem
2065 4291 2484 4348 ebullientibus.
2533 4291 2780 4361 Cumque
2808 4304 3043 4359 vapores
3089 4304 3120 4343 a
3150 4294 3346 4343 natura
3375 4304 3503 4345 sur-

1929 4401 2050 4441 sum
2079 4385 2327 4449 tendant,
2362 4390 2417 4441 et
2460 4384 2606 4440 aerei
2653 4385 2788 4450 sint,
2840 4386 2898 4438 ﬁt
2928 4391 2990 4438 ut
3027 4384 3082 4439 in
3120 4384 3258 4439 locis
3307 4385 3504 4454 capitis

219 4480 319 4535 θεν
360 4479 485 4532 ὑπὸ
513 4478 609 4547 τῆς
642 4477 876 4547 φυσικῆς
906 4477 1236 4548 θερμότητος
1264 4476 1617 4548 ἀναζεούσης.
1661 4478 1821 4537 Ἀνω-

1930 4478 2243 4542 considant,
2284 4485 2337 4532 et
2367 4477 2594 4548 perinde
2624 4484 2789 4545 atque
2824 4476 3009 4532 fumus
3036 4492 3133 4547 per
3165 4479 3314 4548 ipsas
3338 4478 3500 4533 etiam

217 4574 425 4644 φερεῖς
455 4570 520 4623 δὲ
553 4570 705 4632 ὄντες
732 4570 782 4623 οἱ
824 4568 987 4638 ἀτμοὶ
1024 4569 1167 4623 κατά
1207 4568 1385 4638 φύσιν,
1428 4569 1519 4622 καὶ
1549 4569 1827 4640 ἀερώδεις,

219 4665 320 4718 καὶ
356 4662 517 4734 7:932;
541 4661 602 4715 τὸ
632 4660 1027 4732 ὑπερκείμενον
1054 4660 1433 4726 ἀναπνέοντες,
1461 4663 1519 4715 ἐν
1550 4664 1663 4725 τοῖς
1693 4666 1833 4716 κατὰ

216 4755 324 4825 τὴν
364 4752 633 4824 κεφαλὴν
674 4752 913 4821 γίνονται
962 4751 1204 4823 χωρίοις,
1235 4748 1346 4805 οἷόν
1384 4769 1467 4817 τις
1508 4753 1714 4818 καπνὸς
1752 4755 1831 4818 είς

217 4846 522 4917 ἁρμονίαν
556 4844 736 4915 τοίχου
765 4843 1109 4915 διαδυόμενος
1126 4861 1140 4875 ο
1178 4840 1298 4899 εἶτα
1319 4845 1568 4899 ἐντεῦθεν
1594 4847 1687 4900 ἐπὶ
1706 4847 1833 4910 τοὺς

218 4936 334 4990 τῶν
371 4934 764 5006 αἰσθητηρίων
804 4932 1003 5006 πόρους
1054 4934 1467 5006 ἐξατμιζόμενοι
1513 4937 1833 5009 διαφοροῦν-

219 5044 339 5092 ται,
365 5027 446 5081 δι’
486 5023 568 5079 ὧν
600 5028 764 5097 ἀργεῖ
799 5026 918 5079 κατ’
955 5027 1200 5098 ἀνάγκην
1221 5029 1256 5099 ἡ
1290 5028 1559 5099 αἴσθησις,
1591 5026 1657 5100 τῇ
1690 5044 1833 5100 παρ-

219 5119 329 5190 όδῳ
354 5119 486 5172 τῶν
528 5118 716 5187 ἀτμῶν
743 5117 964 5170 ἐκείνων
987 5112 1300 5183 ὑπεξιοΰσα.
1328 5121 1393 5173 Αἱ
1420 5120 1519 5191 μὲν
1540 5119 1649 5191 γάρ
1683 5121 1835 5189 ὄψεις

222 5214 337 5274 τοῖς
392 5208 704 5280 βλεφάροις
745 5208 1224 5280 ἐπιλαμσάνονται,
1262 5205 1373 5264 οἷόν
1416 5228 1555 5275 τινος
1591 5211 1836 5282 μηχανῆς

224 5300 607 5373 μλυὸδίνης,
647 5298 741 5353 τοῦ
785 5294 1024 5355 τοιούτου
1064 5301 1209 5371 λέγω
1249 5302 1468 5377 βάρους,
1501 5300 1613 5369 τοῖς
1640 5305 1837 5375 ὀφθαλ-

223 5398 358 5465 μοῖς
406 5390 773 5487 ἐπιχαλώσης
815 5391 875 5446 τδ
924 5392 1213 5467 βλέφαρον.
1249 5394 1591 5487 Παχυνθξῖοα
1636 5396 1694 5450 δὲ
1724 5398 1836 5460 τοῖς

218 5484 429 5546 αὐτοῖς
456 5480 680 5546 τούτοις
714 5483 906 5554 ἀτμοῖς
931 5483 967 5554 ἡ
991 5483 1149 5555 ἀκοὴ,
1189 5485 1439 5557 καθάπερ
1460 5480 1650 5559 ’θύρας
1694 5485 1838 5549 τινὸς

226 5577 344 5639 τοῖς
390 5575 758 5639 ἀκουστικοῖς
803 5575 1013 5646 μορίοις
1061 5576 1423 5649 ἐπιτεθείσης,
1463 5578 1695 5650 ἡσυχίαν
1730 5577 1839 5634 ἀπὸ

219 5667 327 5738 τῆς
347 5664 529 5722 κατὰ
552 5665 712 5736 φύσιν
744 5666 1024 5739 ἐνεργείας
1058 5667 1183 5737 ἄγει
1200 5683 1216 5698 ·
1252 5668 1350 5723 καὶ
1383 5663 1446 5722 τὸ
1472 5669 1707 5723 τοιοῦτον
1734 5668 1838 5724 πά·

221 5760 321 5824 θος
357 5758 554 5822 ὕπνος
598 5757 770 5824 ἐστὶν,
797 5760 1140 5833 ἀτρεμούσης
1167 5760 1227 5816 ἐν
1255 5760 1334 5832 τῷ
1374 5761 1585 5833 σώματι
1618 5760 1720 5833 τῆς
1758 5762 1839 5817 αι·

1930 4568 2093 4640 quasi
2147 4568 2374 4640 parietis
2425 4566 2824 4624 commissuras
2885 4572 3193 4638 penetrant.
3249 4567 3382 4623 Inde
3433 4566 3504 4623 ad

1930 4668 2146 4716 meatus
2204 4673 2538 4731 organorum
2591 4671 2791 4713 sensus
2840 4659 3103 4728 paulatim
3155 4658 3504 4728 evaporando

1931 4750 2118 4817 delati,
2150 4750 2358 4822 passim
2388 4762 2513 4805 sese
2543 4745 2901 4818 permiscent,
2936 4758 2997 4801 ut
3031 4761 3254 4804 sensum
3284 4763 3502 4803 omnem

1933 4842 2174 4898 otiosum
2210 4840 2371 4896 reddi
2409 4853 2639 4897 necesse
2680 4838 2772 4902 sit,
2813 4838 3097 4894 cedentem
3139 4838 3400 4894 halitihus
3440 4840 3506 4894 il-

1933 4934 2003 4988 lis
2036 4946 2243 5002 organa
2276 4946 2340 4987 ea
2366 4930 2790 5002 occupantibus.
2833 4928 2989 4986 Oculi
3034 4945 3065 4984 a
3115 4931 3397 5001 palpebris
3426 4939 3508 4984 te-

1935 5023 2474 5096 guntur,hujusmodi
2495 5035 2758 5095 vaporum
2784 5024 3027 5094 pondere
3048 5030 3309 5092 tanquam
3332 5022 3508 5091 plum-

1936 5115 2037 5170 bea
2077 5115 2330 5170 machina
2362 5115 2601 5186 quadam
2640 5115 2930 5186 palpebras
2959 5114 3137 5169 oculis
3180 5114 3505 5169 obducente.

1936 5206 2172 5261 Auditus
2212 5206 2284 5261 ab
2314 5206 2511 5262 iisdem
2561 5206 2881 5261 obstructus
2927 5206 3212 5271 lialitibus,
3245 5206 3511 5276 quasdam

1937 5300 2094 5369 quasi
2127 5298 2275 5356 fores
2312 5299 2562 5370 partibus
2599 5299 2812 5355 auditui
2843 5298 3135 5355 destinatis
3159 5298 3330 5360 obdit,
3364 5307 3418 5352 et
3441 5297 3512 5350 ab

1938 5390 2157 5445 actione
2186 5407 2285 5446 sua
2322 5391 2561 5450 naturali
2599 5401 2800 5449 cessat.
2838 5390 3020 5463 Atque
3049 5386 3512 5461 hujusmodiqui-

1937 5480 2059 5537 dem
2110 5482 2326 5540 aﬂ'ectio
2380 5483 2632 5553 corporis
2681 5498 2908 5540 somnus
2946 5482 3173 5548 dicitur,
3231 5494 3401 5536 sensu
3453 5480 3510 5533 in

1938 5591 2172 5646 corpore
2216 5577 2557 5647 quiescente,
2587 5588 2643 5634 et
2688 5577 2758 5633 ab
2792 5577 2945 5632 omni
2993 5586 3145 5631 motu
3179 5574 3511 5637 abstinente,

1940 5676 2001 5721 ut
2031 5667 2182 5723 facili
2214 5669 2430 5725 ratione
2458 5669 2618 5726 cibus
2645 5668 2889 5735 didatur,
2916 5677 2971 5724 et
3001 5682 3110 5722 una
3137 5682 3263 5723 cum
3292 5664 3513 5740 vapori-

1942 5757 2191 5827 bus,illis
2223 5776 2319 5832 per
2350 5770 2565 5820 meatus
2594 5761 2842 5833 singulos
2880 5767 3145 5832 penetret.
