3996 6482
551 293 656 350 167
1777 298 1835 355 5.
1877 296 2204 356 GREGORII
2239 293 2530 354 NYSSENI
3705 295 3813 354 168

554 415 821 488 σθήσεως,
843 419 937 472 καὶ
957 419 1298 472 παντάπασιν
1320 420 1384 471 ἐκ
1418 419 1518 489 τῆς
1552 420 1694 473 κατά
1733 421 1894 489 φύσιν
1930 390 2640 492 κινήσεωςχάπρακτούσης,
2673 419 2748 484 ὡς
2787 419 2852 473 ἂν
2886 418 3200 490 εὖπὸρευτοι
3234 419 3498 489 γένωνται
3536 419 3638 490 τῆς
3689 437 3818 492 τρο-

550 513 660 584 φῆς
688 515 744 566 αι
777 514 1073 579 ἀναδόσεις,
1101 515 1168 568 δι’
1196 514 1426 568 ἑκάστου
1455 515 1565 569 τῶν
1593 516 1772 586 πόρων
1795 518 1909 580 τοῖς
1931 518 2126 586 ἀτμοῖς
2152 516 2567 586 συνδιεξιοῦσης.

624 602 754 656 Eam
769 606 838 658 ob
860 621 969 658 rem
987 619 1109 658 cum
1135 605 1250 658 loca
1267 607 1468 674 passim
1491 611 1638 660 circa
1659 621 1918 662 sensuum
1931 623 2132 676 organa

2306 609 2414 660 Καὶ
2441 606 2630 659 τούτου
2673 607 2834 677 χάριν
2877 607 2925 659 εἰ
2978 609 3358 677 στενοχωροῖτο
3406 607 3506 676 μὲν
3557 606 3666 659 ὑπὸ
3715 607 3819 677 τῆς

550 705 652 763 per
686 694 1058 748 exhalationes
1086 695 1388 751 interiores
1437 697 1820 770 obstruuntur,
1874 713 2124 753 somnum

2229 697 2440 750 ἔνδοθεν
2488 697 2904 768 ἀναθυμιάσεως
2950 701 2982 768 ἡ
3027 700 3154 770 περὶ
3205 698 3274 752 τά
3319 699 3648 770 αἰσθητήρια
3694 699 3819 752 δια-

553 794 735 837 autem
762 784 924 836 rebus
966 784 1038 836 ita
1073 787 1426 853 poscentibus
1464 787 1711 856 impediri
1751 795 1836 842 est
1865 803 2123 842 necesse:

2236 791 2432 858 σκευὴ,
2484 789 2746 842 κωλύοιτο
2798 791 2853 843 δὲ
2909 791 3052 843 κατά
3092 807 3215 843 τινα
3277 791 3464 860 χρείαν
3513 792 3542 843 ὁ
3605 789 3815 850 ὕπνος·

555 882 668 928 tum
700 891 829 945 ergo
871 887 1053 944 partes
1077 893 1290 932 nerveae
1329 894 1357 930 a
1384 880 1676 947 vaporibus
1706 887 2004 949 occupata,
2031 894 2128 932 na-

551 974 675 1020 tura
711 983 808 1021 sua
855 969 1066 1037 seipsas
1103 969 1463 1031 contendunt,
1501 979 1556 1022 ut
1599 971 1699 1024 hac
1725 971 2042 1025 extensione
2075 969 2128 1022 id

553 1057 703 1128 quod
735 1075 830 1128 per
855 1060 1233 1114 exhalationes
1261 1061 1505 1114 crassius
1529 1070 1646 1114 erat
1675 1061 1969 1124 redditum,
2003 1076 2129 1114 rur-

555 1168 651 1208 sus
683 1160 1016 1207 attenuetur.
1063 1151 1180 1206 Non
1227 1153 1385 1206 aliter
1423 1164 1586 1223 atque
1618 1155 1730 1207 ﬁeri
1765 1153 2033 1218 videmus,
2074 1162 2131 1207 ut

551 1242 905 1297 vehementer
931 1243 1368 1313 contorquendo,
1398 1245 1644 1298 vestibus
1671 1244 1790 1297 udis
1822 1243 2020 1296 humor
2036 1257 2131 1297 οι-

557 1335 846 1401 primatur.
897 1333 1038 1388 Idem
1077 1334 1279 1388 halitus
1310 1335 1356 1388 si
1385 1336 1605 1403 quando
1655 1335 1759 1388 illis
1789 1349 1853 1387 ex
1885 1332 2130 1402 partibus

552 1423 856 1494 expellendi
883 1434 1032 1486 sunt,
1069 1440 1191 1493 qua:
1222 1434 1403 1494 partes
1427 1426 1492 1478 ad
1517 1426 1701 1479 fauces
1733 1425 1868 1490 sitae,
1899 1433 1955 1479 et
1981 1423 2132 1478 orbis

557 1515 806 1585 ﬁguram.
839 1527 892 1569 et
918 1531 1168 1585 magnam
1199 1531 1488 1571 nervorum
1510 1517 1720 1585 copiam
1742 1516 1974 1571 habent:
2005 1530 2129 1569 cum

553 1607 671 1660 lleri
696 1621 802 1659 non
829 1608 1022 1675 possit.
1054 1615 1111 1659 ut
1134 1608 1434 1660 membrum
1457 1607 1601 1677 quod
1627 1608 1917 1662 rotundum
1939 1613 2046 1670 est,
2075 1606 2132 1660 in

555 1704 766 1750 rectum
786 1698 1130 1760 extendatur,
1158 1698 1490 1767 omninoque
1516 1698 1647 1752 illud
1671 1699 1886 1752 dilatari
1912 1713 2135 1753 necesse

556 1787 633 1842 sit
665 1787 718 1840 in
749 1787 1036 1842 circularis
1069 1788 1255 1858 ﬁgura:
1299 1789 1564 1856 formam;
1612 1789 1820 1844 idcirco
1847 1789 2044 1860 spiritu
2078 1789 2133 1842 in

554 1879 885 1934 oscitatione
933 1888 1178 1948 recepto,
1215 1889 1504 1950 mentoque
1543 1881 1722 1950 gulam
1753 1880 1893 1934 infra
1931 1881 2010 1935 sic
2037 1880 2130 1935 dc-

565 1986 778 2040 presso,
831 1978 889 2023 ut
940 1971 1228 2026 cavitatem
1267 1970 1480 2036 efﬁciat,
1521 1971 1776 2026 omnibus
1829 1972 1992 2026 etiam
2053 1972 2137 2025 in-

554 2063 851 2120 terioribus
907 2062 963 2116 in
1013 2062 1204 2117 circuli
1246 2062 1470 2134 ﬁguram
1517 2063 1896 2127 conl’ormatis,
1957 2061 2135 2116 fumea

555 2154 749 2209 isthaac
789 2154 1096 2219 crassities,
1132 2169 1254 2223 qum
1287 2154 1340 2206 in
1377 2154 1640 2208 membris
1686 2153 1989 2220 resederat,
2027 2168 2134 2206 una

555 2259 683 2299 cum
721 2245 924 2313 spiritu
982 2243 1322 2313 propellitur.
1378 2243 1676 2298 Usuvenire
1716 2254 1898 2297 autem
1950 2245 2138 2313 hujus-

559 2336 705 2389 modi
730 2334 985 2404 quiddam
1015 2334 1170 2388 nobis
1205 2333 1517 2403 frequenter
1553 2343 1608 2389 et
1634 2350 1663 2388 a
1687 2349 1881 2390 somno
1904 2336 2139 2404 plerum-

557 2444 667 2497 que
699 2429 856 2492 solet,
896 2443 1020 2480 cum
1054 2442 1243 2482 eorum
1295 2428 1562 2481 halituum
1597 2427 1802 2497 aliquid
1840 2429 1972 2483 locis
2011 2428 2136 2497 qui-

559 2519 791 2575 husdam
824 2528 1066 2589 superat,
1103 2518 1346 2573 nondum
1394 2523 1529 2574 satis
1563 2529 1906 2585 concoctum,
1960 2535 2136 2590 neque

2231 881 2436 952 πλῆρες
2464 882 2752 950 γενόμενον
2790 879 2898 932 τῶν
2923 880 3111 950 ἀτμῶν
3143 880 3202 932 τὸ
3236 880 3522 950 νευρῶδες,
3555 881 3693 932 αὐτὸ
3726 879 3821 946 ὑφ’

2230 973 2423 1026 ἑαυτοῦ
2450 971 2693 1040 φυσικῶς
2727 972 3067 1034 διατείνεται,
3100 971 3172 1033 ὡς
3208 971 3295 1023 διά
3321 972 3421 1041 τῆς
3444 971 3726 1032 ἐκτάσεως
3759 969 3823 1022 τὸ

2231 1061 2498 1131 παχυνθέν
2530 1063 2632 1114 ὑπὸ
2660 1062 2766 1114 τῶν
2799 1061 2985 1132 ἀτμῶν
3023 1063 3186 1133 μέρος
3212 1063 3672 1133 ἐκλεπτυνθῆναιο
3708 1061 3823 1116 οἷον

2232 1171 2284 1208 τι
2311 1154 2555 1208 ποιοῦσιν
2589 1158 2635 1208 οξ
2663 1155 2748 1208 διά
2786 1157 2886 1226 τῆς
2931 1155 3291 1226 σφοδροτέρας
3337 1152 3731 1223 πρεόλὼσεως
3762 1153 3824 1204 τὸ

2185 1229 2374 1317 *ὕδωρ
2397 1246 2503 1298 τῶν
2533 1247 2760 1316 ἱματίων
2783 1246 3143 1308 ὲκθλίὸοντες.
3170 1244 3275 1298 Καὶ
3300 1245 3486 1315 ἐπειδὴ
3511 1243 3824 1314 κυκλοτερῆ

2230 1337 2299 1390 τὰ
2325 1327 2462 1410 περῖ
2480 1340 2572 1391 τὸν
2601 1337 2856 1409 φάρυγγα
2880 1338 3042 1408 μέρη,
3070 1337 3355 1402 πλεονάζει
3382 1337 3438 1389 δὲ
3463 1337 3522 1389 τὸ
3548 1336 3826 1406 νευρῶδες

2233 1431 2290 1482 ἐν
2321 1430 2557 1492 τούτοις·
2591 1430 2718 1482 ὅταν
2750 1429 2842 1482 καὶ
2870 1429 2977 1482 ἀπὸ
3018 1431 3220 1482 τούτων
3248 1428 3548 1500 ἐξωσθῆναι
3577 1429 3692 1481 δέοι
3724 1428 3826 1498 τὴν

2233 1519 2342 1573 τῶν
2379 1520 2569 1591 ἀτμῶν
2609 1521 2987 1592 παχυμέρειαν
3023 1521 3231 1592 (ἐπειδὴ
3276 1520 3556 1591 ἀμήχανόν
3602 1521 3724 1572 ἐστι
3757 1518 3825 1571 δι’

2202 1664 2218 1693 ι
2235 1612 2444 1676 εὐθείας
2468 1615 2748 1666 ἀποτεῖναι
2767 1613 2827 1666 τὸ
2854 1613 3158 1677 κυκλοειδὲς
3190 1612 3376 1684 μέρος,
3407 1614 3454 1665 εί
3492 1612 3566 1682 μὴ
3595 1612 3743 1665 κατὰ
3766 1610 3828 1663 τὸ

2183 1705 2530 1776 οπεριφερὲς
2574 1706 2758 1777 σχῆμα
2793 1705 3127 1778 διαταθε’ίη)·
3180 1707 3371 1759 τοῦτου
3401 1705 3560 1778 χάριν
3609 1704 3825 1774 ἀποληο

2237 1798 2460 1866 φθέντος
2489 1799 2546 1851 ἐν
2571 1801 2636 1870 τῇ
2672 1799 2858 1871 χάσμῃ
2891 1798 2984 1852 τοῦ
3015 1795 3341 1869 πνεύματος,
3374 1799 3461 1850 ὅτε
3491 1798 3519 1850 ὁ
3548 1796 3825 1868 άνθερεὼν

2237 1891 2328 1942 ἐπὶ
2357 1889 2418 1942 τὸ
2465 1890 2614 1943 κάτω
2644 1892 2758 1955 τοῖς
2797 1889 3180 1962 γαργαρεῶσιν
3226 1889 3686 1954 ὐποκοιλαίνεται,
3731 1889 3827 1942 καὶ

2235 1981 2344 2033 τῶν
2373 1981 2522 2044 ἐντὸς
2550 1981 2767 2036 πάντων
2807 1984 2886 2045 εἰς
2915 1982 3116 2035 κύκλου
3149 1982 3333 2052 σχῆμα
3363 1980 3764 2042 ηδιαταθέντων.
3785 1981 3825 2036 ἢ

2236 2073 2532 2144 λιγνυώδης
2583 2074 2763 2146 ἐκείνη
2821 2074 3066 2145 παχὺτης
3118 2076 3150 2145 ἡ
3209 2075 3654 2145 ἐναπειλημμὲνη
3713 2078 3828 2137 τοῖς

2184 2141 2430 2238 ’.μέρεσι
2489 2167 2890 2220 συνδιαπνεῖται
2949 2170 3015 2238 τῇ
3067 2167 3284 2237 διεξόδῳ
3337 2167 3429 2222 τοῦ
3487 2165 3824 2238 πνεῦματος.

2233 2258 2504 2322 πολλάκις
2520 2258 2602 2322 δὲ,
2629 2259 2722 2311 καὶ
2748 2257 2884 2328 μετά
2896 2258 2992 2310 τὸν
3021 2257 3186 2313 ὕπνον
3210 2254 3316 2311 οἶδε
3338 2257 3398 2310 τὸ
3416 2259 3660 2311 τοιοῦτον
3687 2276 3827 2327 συμο-

2238 2352 2464 2414 ϐαίνειν,
2501 2353 2626 2405 ὅταν
2671 2369 2722 2404 τι
2773 2351 2883 2404 τῶν
2926 2352 3118 2422 ἀτμῶν
3161 2351 3384 2405 ἐκείνων
3443 2351 3822 2423 περιλειφθείη

2238 2445 2349 2505 τοῖς
2374 2443 2556 2506 τόποις
2586 2442 2870 2514 ἄπεμπτόν
2901 2459 2960 2496 τε
2996 2444 3091 2497 καὶ
3122 2443 3532 2499 ἀδιάπνευστον.
3579 2444 3678 2497 Ἐκ
3703 2443 3827 2496 τούο

2239 2552 2344 2588 των
2369 2535 2545 2588 τοίνυν
2570 2538 2598 2589 ὁ
2626 2534 2962 2607 ἀνθρώπινος
2997 2535 3122 2598 νοῦς
3149 2535 3419 2590 δείκνυσιν
3442 2535 3713 2608 ἐναργῶς,
3745 2536 3827 2590 ὅτι

558 2612 908 2682 dissipatum.
943 2611 1018 2664 Ex
1049 2611 1132 2665 his
1163 2613 1450 2681 perspicue
1478 2621 1646 2682 patet,
1678 2621 1912 2667 mentem
1947 2613 2137 2667 huma-

2236 2628 2337 2698 τῆς
2361 2627 2573 2696 φύσεως
2600 2628 2801 2697 ἔχεται,
2834 2629 3174 2701 συνεστώσης
3201 2631 3299 2698 μὲν
3321 2631 3410 2682 καὶ
3433 2629 3824 2700 ἐγρηγορυῖας,

561 2719 687 2759 nam
729 2711 1012 2774 perpetuo,
1064 2703 1110 2758 si
1151 2713 1204 2759 et
1235 2705 1441 2774 integra
1482 2715 1671 2758 natura
1705 2706 1797 2765 sit,
1847 2713 1901 2759 et
1932 2707 2136 2777 vigilet,

559 2796 835 2853 eﬁicacem
867 2811 1008 2861 esse,
1040 2810 1103 2850 ac
1129 2796 1362 2850 moveri.
1395 2793 1490 2848 Sin
1518 2809 1582 2850 ea
1613 2809 1804 2849 somno
1836 2796 1906 2850 sit
1935 2796 2136 2862 laxata,

562 2899 715 2945 motu
746 2898 800 2944 et
837 2890 1008 2960 ipsam
1032 2905 1132 2944 suo
1161 2905 1370 2944 carere.
1396 2887 1518 2943 .Nisi
1553 2891 1678 2959 quis
1714 2888 1851 2945 forte
1879 2890 1951 2944 sit
1987 2904 2053 2944 ea
2084 2890 2136 2944 in

561 2982 859 3044 sententia,
891 2989 948 3036 ut
972 2980 1415 3052 imaginationem
1445 2981 1504 3035 in
1544 2981 1776 3036 somniis
1801 2982 1998 3037 mentis
2017 2997 2140 3037 esse

2240 2719 2334 2772 καὶ
2368 2718 2526 2782 αὐτὸς
2556 2720 2829 2790 συνεργῶν
2870 2720 2963 2773 καὶ
3003 2720 3349 2792 κινούμενοςο
3394 2720 3733 2793 παρεθείσης
3769 2721 3825 2774 δὲ

2238 2808 2315 2879 τῷ
2359 2808 2531 2878 ὕπνῳ,
2568 2809 2746 2880 μένων
2776 2809 3048 2882 ἀκίνητος,
3081 2814 3128 2865 εί
3181 2813 3254 2884 μή
3288 2831 3370 2876 τις
3399 2812 3506 2883 ἀρα
3546 2812 3648 2882 τὴν
3681 2813 3824 2865 ὀνει-

2241 2899 2385 2970 ρῶδη
2410 2903 2710 2969 φαντασίαν
2733 2901 2822 2954 νοῦ
2853 2902 3063 2974 κίνησιν
3083 2903 3346 2956 ὒπολάΰοι
3372 2902 3510 2956 κατά
3537 2904 3631 2957 τὸν
3657 2903 3824 2956 ὕπνον

2238 2994 2658 3066 ἐνεργουμένην.
2701 2995 2887 3064 Ἡμεῖς
2928 2995 2985 3048 δέ
3033 3012 3212 3066 φαμεν
3253 2996 3420 3066 μόνην
3460 2995 3570 3050 δεῖν
3597 2995 3697 3065 τὴν
3721 2995 3823 3066 έμ-

560 3082 792 3137 motum,
815 3073 906 3143 qui
940 3073 1158 3128 homine
1186 3073 1347 3128 etiam
1379 3072 1686 3129 dormiente
1721 3089 1830 3128 non
1854 3075 2136 3143 quiescat.

2239 3087 2412 3158 φρονά
2442 3103 2500 3138 τε
2529 3087 2621 3139 καὶ
2653 3087 2992 3140 συνεστῶσαν
3021 3087 3121 3157 τῆς
3155 3088 3394 3151 διανοίας
3423 3088 3707 3160 ἐνέργειαν
3731 3089 3826 3141 ἐπὶ

559 3165 838 3236 opinetur.
876 3163 1134 3234 Equidem
1181 3165 1259 3218 sic
1305 3172 1508 3226 statuo,
1550 3173 1759 3217 tantmn
1812 3164 2136 3234 prudentem

2238 3179 2329 3231 τὸν
2377 3177 2500 3232 νοῦν
2539 3179 2858 3249 ἀναφέρειν
2891 3183 2987 3242 τὰς
3015 3179 3071 3232 δὲ
3115 3179 3251 3233 κατά
3288 3180 3377 3233 τὸν
3420 3180 3588 3235 ὖπνον
3619 3199 3828 3250 φαντα-

555 3267 616 3314 ct
646 3259 908 3327 integram
967 3257 1240 3326 cogitandi
1299 3256 1612 3311 facultatem
1662 3258 1833 3311 tuenti
1868 3273 1992 3313 esse
2025 3259 2128 3312 tri-

2241 3269 2447 3333 σιὼδεις
2474 3271 2741 3341 φλυαρίας
2774 3269 3068 3340 ἰνδάλματα
3103 3289 3224 3324 τινα
3265 3275 3361 3343 τῆς
3399 3273 3544 3326 κατά
3579 3273 3672 3328 τὸν
3700 3273 3828 3326 νοῦν

561 3349 856 3404 buendam.
886 3349 1224 3413 Quaeautcm
1250 3363 1346 3417 per
1373 3363 1624 3402 somnum
1657 3364 1714 3402 se
1728 3348 1971 3404 offerunt
2005 3352 2140 3404 ima-

559 3441 786 3511 ginariae
837 3455 1017 3510 ηυδε.
1075 3454 1176 3493 ceu
1229 3439 1524 3493 simulacra
1572 3440 1817 3509 quaedam
1865 3442 2140 3497 actionum

563 3531 784 3590 mentis,
841 3530 938 3582 bas
973 3528 1042 3582 ab
1087 3527 1255 3582 animi
1301 3543 1362 3582 ea
1391 3529 1572 3600 specie
1602 3546 1724 3600 quae
1773 3533 1987 3588 ratione
2033 3549 2152 3594 non.

564 3622 755 3682 utitur,
805 3629 1008 3674 temere
1052 3619 1178 3689 tingi
1217 3619 1616 3675 existimamus.
1665 3621 1801 3676 Nam
1837 3624 1894 3678 in
1932 3625 2137 3689 animo,

560 3713 656 3784 qui
691 3727 883 3767 somno
927 3712 1258 3782 praepeditus
1292 3728 1387 3784 per
1429 3728 1626 3770 sensus
1656 3730 1762 3769 non
1794 3717 1926 3785 agit,
1976 3717 2138 3772 etiam

565 3805 766 3859 mentis
799 3804 1044 3858 actiones
1090 3819 1311 3859 cessare
1355 3820 1585 3860 necesse
1635 3815 1738 3862 est.
1789 3805 1895 3861 Per
1945 3823 2141 3864 sensus

558 3897 706 3952 enim
753 3913 908 3953 mens
944 3897 1187 3950 humano
1239 3897 1456 3968 corpori
1508 3906 1873 3968 temperatura
1903 3901 2137 3970 quadam

559 3989 838 4058 iungitur:
873 3987 1078 4043 idcirco
1104 3989 1518 4058 quiescentibus
1548 3990 1599 4043 in
1627 3991 1836 4061 agendo
1860 3993 2136 4056 sensibus,
2163 4039 2168 4061 γ
2219 4004 2222 4006 ⁷

559 4082 722 4134 etiam
773 4088 1007 4134 mentem
1055 4081 1286 4134 otiosam
1335 4097 1476 4145 esse,
1531 4096 1661 4135 vero
1707 4093 2136 4138 consentaneum

563 4172 799 4226 maxime
847 4171 1029 4228 fuerit.
1074 4172 1223 4227 Licet
1265 4173 1364 4226 hoc
1414 4175 1506 4228 illo
1551 4190 1770 4245 quoque
1815 4186 2140 4245 argumento

551 4260 986 4331 deprehendere,
1033 4263 1174 4330 quod
1197 4264 1446 4317 absurdis
1487 4264 1538 4318 in
1563 4265 1748 4330 rebus,
1785 4275 1949 4336 atque
1971 4269 2139 4322 etiam

552 4349 857 4422 .aliquan‘do
914 4353 969 4405 in
1015 4353 1083 4406 iis
1134 4368 1255 4422 qua:
1291 4353 1408 4406 ﬁeri
1460 4365 1757 4423 nequeunt,
1810 4356 2142 4411 dormientes

567 4441 916 4512 imaginando
955 4442 1058 4496 sibi
1093 4444 1298 4496 versari
1332 4443 1607 4498 videntur.
1662 4443 1821 4499 Nullo
1849 4447 1992 4500 enim
2025 4447 2142 4502 ﬁeri

556 4535 672 4588 lboc
704 4542 869 4604 pacto
898 4543 1104 4604 posset,
1149 4537 1200 4591 si
1242 4535 1460 4591 animus
1492 4553 1557 4590 eo
1597 4546 1838 4608 temporc
1869 4555 1900 4593 ι
1933 4543 2142 4596 ratione
2192 4527 2196 4538 ’

552 4635 620 4680 -et
657 4636 834 4681 mente
861 4626 1278 4697 gubernaretur.
1314 4629 1500 4698 Itaque
1535 4629 1667 4684 mihi
1695 4631 1928 4698 videtur,
1955 4633 2141 4687 animo

563 4721 866 4774 secundum
925 4719 1218 4776 facultates
1265 4723 1752 4792 pnestantissimas
1800 4726 2138 4795 quiescente,

560 4812 866 4866 secundum
917 4821 1150 4868 mentem
1189 4825 1243 4869 et
1279 4831 1526 4880 sensum,
1587 4817 1702 4872 sola
1753 4833 1879 4888 pars
1923 4834 1987 4874 ea
2020 4836 2142 4889 quae

565 4906 842 4960 nutriendi
885 4908 994 4959 vim
1042 4907 1223 4968 habet,
1261 4909 1422 4962 nobis
1467 4908 1868 4964 dormientibus
1903 4910 2139 4965 oﬁicium
2190 4923 2209 4952 η’

563 4996 780 5052 Iacere:
835 4998 888 5052 iu
936 4999 1037 5053 hac
1065 4999 1326 5054 nimirum
1367 5001 1636 5071 imagines
1667 5002 1913 5070 quaedam
1949 5019 2138 5058 eorum

559 5106 687 5162 qua:
713 5091 869 5146 nobis
893 5092 1242 5163 vigilantibus
1272 5104 1588 5158 occurrunt,
1622 5102 1677 5149 et
1701 5097 1858 5166 quasi
1882 5112 1946 5152 ex
1977 5099 2138 5169 longo

2243 3363 2519 3431 ἐνεργείας
2572 3361 2794 3432 οἰόμεθα
2843 3360 2919 3432 τῷ
2950 3362 3273 3434 ἀλογωτέρῳ
3318 3364 3418 3434 τῆς
3464 3363 3647 3435 ψυχῆς
3693 3366 3829 3418 εἴδει

2243 3453 2385 3508 κατά
2413 3453 2473 3506 τὸ
2513 3453 2726 3524 συμϐὰν
2757 3453 3193 3508 διαπλάττεσθαι.
3225 3455 3344 3508 Τῶν
3378 3454 3485 3527 γὰρ
3517 3457 3827 3528 αἰσθήσεων

2241 3545 2340 3614 τὴν
2365 3544 2542 3615 ψυχὴν
2572 3544 2931 3598 ἀπολυθεῖσαν
2960 3544 3046 3599 διὰ
3074 3546 3168 3599 τοῦ
3195 3545 3384 3608 ὕπνου.
3426 3547 3653 3601 καὶτῶν
3683 3549 3829 3602 κατά

2242 3635 2365 3688 νοῦν
2404 3637 2693 3707 ἐνεργειῶν
2727 3636 2881 3700 ἐκτὸς
2908 3632 3045 3690 εἶναι
3083 3639 3204 3689 κατ’
3236 3637 3481 3708 ἀνάγκην
3509 3639 3824 3710 συμϐαίνει.

2242 3726 2341 3778 Διὰ
2372 3725 2479 3797 γὰρ
2507 3726 2712 3780 τούτων
2763 3725 2900 3797 πρὸς
2941 3725 3031 3778 τὸν
3063 3725 3348 3798 ἄνθρωπον
3384 3728 3416 3798 ἡ
3447 3725 3538 3778 τοῦ
3579 3727 3670 3779 νοῦ
3699 3744 3827 3779 συν-

2241 3819 2541 3889 ανάκρασις
2564 3819 2797 3886 γίνεται·
2827 3817 2935 3870 τῶν
2963 3814 3055 3871 οὖν
3092 3818 3395 3889 αἰσθήσεων
3434 3818 3824 3890 παυσαμένων,

2243 3911 2432 3982 ἀργεῖν
2463 3911 2674 3979 ἀνάγκη
2705 3908 2798 3962 καὶ
2817 3909 2915 3982 τὴν
2935 3909 3194 3964 διάνοιαν.
3221 3907 3536 3980 Τεκμήριον
3564 3908 3622 3961 δὲ
3646 3909 3706 3962 τὺ
3728 3911 3826 3963 καὶ

2242 4006 2299 4057 ἐν
2330 4004 2552 4066 ἀτόποις
2594 4003 2688 4056 καὶ
2719 4005 2777 4055 ὲν
2803 4002 3104 4073 ἀμηχάνοις
3153 4001 3414 4065 πολλάκις
3457 4002 3634 4056 δοκεῖν
3684 3997 3825 4055 εἶναι

2239 4097 2332 4149 τὸν
2380 4094 2811 4166 φανταζόμενον
2861 4093 2997 4164 ὅπερ
3040 4094 3140 4147 οὐκ
3187 4093 3253 4146 ἂν
3300 4091 3533 4160 ἐγένετο,
3579 4091 3828 4162 λογισμῷ

2239 4191 2334 4244 καὶ
2361 4188 2570 4257 διανοίᾳ
2592 4187 2688 4258 τῆς
2710 4186 2890 4257 ψυχῆς
2909 4184 3206 4256 τηνικαῦτα
3225 4184 3621 4254 διοικουμένης.
3666 4182 3831 4236 Ἀλλά

2246 4299 2334 4352 μοι
2358 4281 2506 4334 δοκεί
2535 4281 2654 4342 ταῖς
2697 4277 3115 4348 προτιμοτέραις
3153 4275 3260 4328 τῶν
3288 4275 3570 4344 δυνάμεων
3593 4272 3693 4342 τῆς
3721 4271 3829 4340 dm-

2243 4375 2340 4445 χῆς
2374 4372 2686 4444 ἠρεμούσης
2723 4372 2887 4442 (φημὶ
2916 4369 2972 4422 δέ
2998 4371 3119 4432 ταῖς
3151 4366 3298 4422 κατά
3322 4366 3412 4419 τὸν
3450 4364 3574 4418 νοῦν
3602 4366 3697 4418 καὶ
3728 4363 3828 4434 τὴν

2243 4461 2494 4532 αἴσθησιν
2525 4461 2846 4532 ἐνεργείαις)
2877 4459 3035 4530 μόνον
3059 4459 3121 4511 τὸ
3149 4457 3436 4528 θρεπτικὸν
3461 4455 3633 4526 αὐτῆς
3660 4455 3828 4526 μέρος

2245 4554 2467 4626 ἐνεργὸν
2491 4553 2632 4608 κατά
2662 4552 2752 4606 τὸν
2791 4552 2956 4604 ὕπνον
2996 4545 3155 4613 εἶναι,
3186 4551 3242 4602 ἐν
3273 4549 3326 4601 δὲ
3371 4547 3542 4619 τούτῳ
3568 4547 3678 4600 τῶν
3704 4547 3828 4600 καθ’

2251 4646 2397 4716 ῦπαρ
2441 4645 2748 4716 γενομένων
2795 4643 2986 4696 εἴδωλά
3033 4659 3176 4705 τινα,
3211 4641 3305 4694 καὶ
3339 4641 3678 4711 ἀπηχήματα
3719 4638 3830 4691 τῶν

2249 4755 2306 4790 τε
2339 4737 2458 4790 κατ’
2487 4736 2755 4805 αἴσθησιν,
2796 4733 2890 4787 καὶ
2915 4733 3022 4786 τῶν
3063 4731 3207 4785 κατά
3231 4731 3469 4784 διάνοιαν
3503 4729 3830 4802 ἐνεργουμέ-

2250 4845 2372 4893 νων,
2412 4827 2554 4899 ειπερ
2598 4825 2747 4896 αὐτῷ
2791 4826 2878 4880 διὰ
2903 4823 2998 4878 τοῦ
3046 4819 3476 4895 μνημονευτικοῦ
3523 4821 3621 4890 τῆς
3650 4818 3830 4890 ψυχῆς

2250 4922 2420 4983 εἴδους
2466 4918 2804 4990 ἐνετυπώθηο
2847 4917 3016 4971 ταῦτα
3054 4915 3234 4980 καθὼς
3279 4915 3466 4985 ἔτυχεν
3509 4912 3829 4981 ἀναζωγρα-

2251 5011 2489 5081 φεῖσθαι,
2532 5009 2894 5081 ἀπηχήματός
2924 5027 3070 5072 τινος
3107 5006 3440 5079 μνημονικοῦ
3481 5004 3558 5075 τῷ
3603 5002 3829 5070 τοιούτῳ

2252 5099 2380 5153 εἴδει
2404 5100 2504 5170 τῆς
2531 5099 2706 5170 ψυχῆς
2735 5097 3186 5169 παραμείναντος.

562 5181 852 5236 intervallo
884 5183 1298 5238 obscuriuscule
1322 5183 1485 5238 delati
1531 5200 1711 5240 rerum
1763 5203 1860 5256 per
1908 5204 2102 5245 sensus
2138 5199 2191 5245 ct
2222 5191 2589 5263 cogitationes
2627 5199 2873 5244 actarum
2911 5190 3053 5251 soni,
3089 5202 3186 5260 per
3227 5187 3334 5241 vim
3369 5186 3562 5240 animae
3601 5181 3831 5238 remini-

563 5285 808 5332 scentem
834 5277 1106 5347 impressi,
1139 5288 1340 5333 temere
1366 5278 1703 5334 formantur:
1739 5281 1839 5336 hac
1872 5283 2015 5338 velut
2043 5296 2284 5341 extrema
2326 5288 2636 5342 resonantia
2673 5301 2739 5340 ex
2769 5285 3030 5341 memoria
3064 5282 3329 5354 profecta,
3362 5279 3627 5335 nutrienti
3662 5279 3829 5332 animi

568 5369 708 5442 parti
731 5372 966 5439 quodam
993 5370 1158 5425 modo
1181 5370 1588 5428 inhaerescente.

640 5463 960 5532 Huiusmodi
1004 5478 1134 5535 ergo
1185 5465 1241 5519 in
1296 5455 1774 5536 imaginationibus
1807 5466 1966 5521 homo
2016 5468 2144 5522 dor-

569 5557 747 5612 miens
770 5563 1046 5622 versatur,
1078 5571 1254 5627 neque
1285 5565 1431 5610 recta
1458 5556 1869 5626 progressionis
1904 5558 2043 5612 serie
2077 5560 2142 5611 ad

567 5666 660 5705 res
685 5665 808 5720 quae
838 5656 1122 5719 apparent,
1169 5648 1477 5709 deducitur.
1533 5647 1629 5703 sed
1675 5647 1924 5703 confusis
1955 5663 2009 5704 et
2036 5666 2144 5703 non

566 5742 950 5799 unscntaneis
993 5740 1277 5797 erroribus
1307 5741 1629 5809 obvagatur.
1675 5741 2146 5807 Quemadmodum

2241 5479 2246 5488 ‘
2333 5461 2428 5517 ‘Ev‘
2443 5462 2648 5526 τούτοις
2665 5459 2758 5516 οὗν
2775 5461 3159 5530 φαντασιοῦται
3175 5465 3202 5515 ὁ
3216 5461 3514 5533 ἄνθρωπος,
3537 5461 3636 5532 οὐχ
3658 5462 3832 5534 εἱρμῷ

2251 5573 2355 5609 τινι
2371 5557 2509 5626 πρὸς
2532 5555 2629 5626 τὴν
2654 5554 2762 5608 τῶν
2791 5554 3130 5625 φαινομένων
3149 5553 3362 5623 ὁμιλίαν
3391 5555 3680 5623 ἀγόμενος,
3700 5553 3833 5606 ἀλλὰ

2255 5649 2626 5720 πεφυρμέναις
2647 5648 2756 5700 τισὶ
2782 5648 2875 5700 καὶ
2903 5646 3281 5710 ἀνακολούθοις
3303 5647 3540 5709 ἀπάταις
3567 5648 3833 5720 περιπλαο

2253 5740 2512 5811 νώμενος.
2543 5740 2808 5810 Καθάπερ
2832 5739 2887 5792 δὲ
2915 5739 3054 5794 κατά
3080 5739 3176 5806 τὰς
3201 5738 3515 5809 σωματικὰς
3535 5738 3833 5810 ἐνεργείας,
