3996 6450
289 389 391 443 169

1528 385 1615 440 DE
1655 384 1944 442 HOMIle
1982 382 2295 440 OPIFICIO.

3434 381 3531 436 I70

286 503 398 556 τῶν
433 501 613 572 μερῶν
646 498 954 564 ἰδιαζόντως
990 516 1042 552 τι
1082 499 1221 552 κατά
1243 498 1339 569 τὴν
1370 500 1694 570 ἐγκειμένην
1725 498 1870 568 αὐτῷ

1973 509 2155 554 autem
2189 499 2243 552 in
2279 496 2527 566 corporis
2575 494 2953 551 eﬂectionibus
3007 493 3082 557 fit,
3133 501 3190 548 ut
3221 508 3535 564 quanquam

285 592 531 663 φυσικῶς
559 591 789 661 δύναμιν
835 590 1201 659 ἐνεργοῦντος,
1240 591 1446 658 γίνεταί
1491 608 1575 654 τις
1622 591 1717 645 καὶ
1766 590 1862 644 τοῦ

283 684 619 757 ἠρεμοῦντος
645 683 1019 754 μέρους-πρὸς
1044 684 1104 736 τὸ
1136 685 1451 754 κινούμενον
1498 683 1860 747 συνδιάθεσις·

283 777 561 844 ἀναλόγως
594 775 687 828 καὶ
711 776 804 828 ἐπὶ
826 776 925 845 τῆς
950 775 1154 845 ψυχῆς,
1179 776 1284 829 κᾶν
1315 775 1376 847 τὸ
1406 778 1504 846 μὲν
1534 777 1704 847 αὐτῆς
1736 777 1866 848 ἡρεο

285 869 445 936 μοῦν,
480 869 538 921 τὸ
567 867 622 920 δὲ
664 866 979 937 κινούμενον
1019 869 1178 940 τύχῃ,
1203 867 1264 920 τὸ
1292 868 1410 921 ὅλον
1442 869 1520 940 τῷ
1554 869 1707 940 μέρει
1743 875 1902 921 συν-⁸)

277 958 748 1014 διατίθεται.οὑδέ
765 959 872 1030 γὰρ
891 959 1161 1030 ἐνδέχεται
1181 959 1673 1030 συνδιασπασθῆναι
1691 961 1864 1031 πάντη

279 1051 384 1122 τὴν
413 1050 556 1104 κατά
597 1049 758 1118 φύσιν
801 1052 1046 1120 ἑνότητα,
1082 1052 1385 1124 κρατούσης
1428 1054 1486 1105 ἐν
1521 1054 1674 1124 μέρει
1721 1055 1865 1117 τινὸς

281 1145 396 1196 τῶν
430 1144 548 1197 κατ’
589 1142 758 1212 αὐτὴν
795 1142 1077 1213 δυνάμεων
1119 1145 1206 1198 διὰ
1242 1145 1340 1214 τῆς
1386 1146 1679 1216 ἐνεργείας.
1729 1146 1865 1198 Ἀλλ’

281 1234 476 1306 ῶσπερ
506 1234 886 1305 ἐγρηγορότων
919 1253 978 1288 τε
1014 1237 1107 1289 καὶ
1136 1235 1544 1300 σπουδαζόντων
1582 1239 1868 1308 ἐπικρατεῖ

287 1325 391 1396 μὲν
419 1327 447 1378 ό
473 1325 616 1388 νοῦς.
647 1324 912 1396 ὑπηρετεῖ
934 1326 990 1379 δὲ
1023 1329 1055 1397 ἡ
1089 1325 1359 1398 αἴσθησις,
1389 1327 1489 1381 οὐκ
1516 1321 1892 1382 ἀπολείπεται¹
1909 1323 1940 1340 ”

280 1417 342 1468 δὲ
376 1417 578 1470 τούτων
604 1418 636 1486 ἡ
665 1415 968 1488 διοικητικὴ
993 1417 1088 1470 τοῦ
1125 1416 1372 1488 σώματος
1399 1418 1626 1489 δύναμις
1655 1420 1723 1488 (ό
1768 1417 1868 1486 μὲν

284 1507 398 1578 γὰρ
439 1507 562 1569 νοῦς
591 1505 802 1577 πορίζει
839 1507 936 1578 τὴν
958 1507 1164 1579 τροφὴν
1197 1511 1262 1577 τῇ
1295 1508 1472 1579 χρείᾳ,
1507 1511 1540 1578 ή
1577 1509 1634 1562 δὲ
1673 1507 1866 1580 αἴσθη-

286 1617 376 1664 σις
397 1600 460 1654 τὺ
484 1599 739 1671 πορισθέν
770 1599 1082 1666 ὑπεδέξατο,
1121 1603 1156 1672 ἡ
1183 1602 1241 1655 δέ
1265 1601 1530 1672 θρεπτικὴ
1563 1601 1656 1654 τοῦ
1684 1600 1868 1671 σώμα-

282 1710 380 1756 τος
424 1693 650 1763 δύναμις
700 1693 866 1764 ἐαυτῇ
920 1693 980 1746 τὺ
1019 1693 1170 1748 δοθὲν
1218 1691 1681 1765 προσῳκείωσεν)ο
1725 1693 1868 1746 οὕτω

287 1786 383 1838 καί
425 1784 567 1837 κατά
594 1783 684 1838 τὸν
738 1784 904 1838 ὕπνον
939 1784 1384 1854 ἀντιμεθίσταταί
1424 1803 1540 1848 πως
1569 1786 1626 1838 ἐν
1668 1787 1798 1855 ἡμῖν
1831 1785 1932 1856 ὴιςε

1837 1843 1941 1902 ΞΒ

257 1878 396 1978 ⁴νῦν
427 1877 707 1947 δυνάμεων
733 1876 938 1930 τούτων
969 1877 1235 1948 ἡγεμονία
1252 1894 1268 1909 ·
1302 1877 1396 1930 καὶ
1423 1876 1750 1948 κρατοῦντος
1772 1876 1865 1929 τοῦ

286 1953 649 2041 ἀλογωτέρου,
683 1966 911 2020 παύεται
945 1967 1043 2035 μὲν
1075 1967 1109 2037 ἡ
1135 1965 1243 2019 τῶν
1271 1965 1474 2036 ἐτέρων
1505 1965 1774 2036 ἐνέργεια,
1804 1965 1866 2018 οὐ

291 2059 398 2130 μὴν
434 2057 712 2120 παντελῶς
746 2056 1162 2111 ἀποσϐέννυται.
1207 2055 1598 2125 Ἐπειγομένης
1625 2055 1682 2108 δὲ
1714 2072 1868 2125 τηνι-
1899 2126 1903 2130 .

256 2149 468 2204 ’καῦτα
499 2150 586 2204 διὰ
608 2149 703 2203 τοῦ
739 2148 905 2203 ὕπνου
941 2148 1076 2220 πρὸς
1110 2148 1208 2219 τὴν
1237 2148 1398 2218 πέψιν
1441 2147 1541 2218 τῆς
1569 2147 1867 2219 θρεπικῆς

288 2241 594 2311 δυνάμεως,
619 2241 712 2294 καὶ
737 2241 920 2292 πᾶσαν
951 2237 1050 2309 τὴν
1088 2236 1251 2306 φύσιν
1293 2238 1429 2309 πρὸς
1470 2237 1666 2307 ἑαυτὴν
1711 2237 1882 2306 ἀσχοι
1921 2244 1944 2283 ιἸ

285 2332 508 2403 λούσης,
559 2329 683 2384 οὕτε
739 2328 1015 2392 παντελῶς
1073 2329 1367 2383 διασπᾶται
1405 2329 1610 2398 ταύτης
1659 2331 1692 2400 ἠ
1745 2330 1866 2381 κατ’

287 2425 540 2494 αἴσθησιν
581 2422 808 2492 δύναμις
851 2422 933 2490 (οὐ
968 2421 1077 2492 γὰρ
1133 2421 1406 2491 ἐνδέχεται
1437 2421 1497 2474 τὺ
1533 2421 1679 2488 ἅπαξ
1729 2439 1866 2491 συμ-

287 2515 535 2582 πεφυκὸς
572 2511 1017 2583 διατέμνεσθαι),
1048 2511 1171 2564 οὕτε
1222 2513 1560 2583 ἀναλὰμπειν
1608 2515 1642 2584 ἡ
1696 2514 1868 2583 αὐτῆς

285 2607 538 2674 ἐνέργεια
583 2605 824 2667 δύναται,
872 2606 938 2674 τῇ
975 2602 1083 2655 τῶν
1125 2605 1492 2678 αἰσθητηρίων
1537 2606 1703 2678 ἀργίᾳ
1728 2606 1868 2658 κατά

284 2698 380 2751 τὸν
427 2697 593 2751 ὕπνον
643 2697 1027 2769 ἐμπεδηθεῖσα.
1059 2698 1217 2752 Κατά
1261 2699 1354 2751 τὸν
1403 2699 1563 2753 αὑτὸν
1616 2700 1672 2754 δέ
1711 2697 1890 2768 λόγονῖ

288 2790 385 2843 καὶ
447 2789 540 2842 τοῦ
600 2787 694 2842 νοῦ
742 2790 880 2860 πρὸς
933 2790 994 2843 τὸ
1054 2789 1369 2861 αἰσθητικὸν
1417 2787 1556 2854 εἶδος
1606 2793 1708 2862 τῆς
1759 2792 1866 2861 ψυ-

286 2884 392 2954 χῆς
414 2882 809 2952 οἰκειουμένου,
844 2883 1136 2937 ἀκόλουθον
1171 2884 1236 2937 ἂν
1278 2885 1362 2954 εἴη
1413 2885 1506 2936 καὶ
1546 2886 1865 2954 κινουμένου

283 2974 505 3037 τούτου,
538 2974 910 3039 συγκινεῖσθαι
948 2975 1126 3043 λέγειν
1169 2976 1330 3028 αὐτὸν
1359 3016 1373 3041 ,
1405 2976 1498 3028 καὶ
1535 2975 1867 3046 ἠρεμοῦντος

285 3065 826 3134 συγκαταπαύεσθαι.
861 3059 986 3119 Οἷον
1032 3067 1088 3120 δέ
1127 3085 1180 3119 τι
1221 3068 1350 3138 περ)⁸
1389 3067 1449 3120 τὸ
1487 3066 1598 3138 πῦρ
1625 3067 1900 3154 γίνεσθαι.

286 3156 552 3224 πέφυκεν,
579 3157 706 3210 ὅταν
743 3157 842 3228 μὲν
879 3157 1201 3228 ὐποκρυφθῇ
1229 3161 1340 3220 τοῖς
1373 3158 1594 3228 ἀχύροις
1629 3161 1892 3212 ἀπανταο¹

285 3249 468 3319 χόθεν,
491 3250 762 3319 μηδεμιᾶς
778 3250 1051 3320 ἀναπνοῆς
1066 3252 1163 3302 ἀνα
1171 3250 1420 3320 ρῤιπιζού
1429 3269 1526 3322 σης
1541 3252 1640 3322 τὴν
1669 3252 1859 3320 φλόγα,

285 3339 416 3394 οὕτε
447 3341 516 3392 τὰ
564 3341 1090 3411 προσπαρακείμενα
1137 3342 1382 3410 νέμεται,
1414 3342 1536 3397 οὕτε
1577 3343 1865 3412 ,παντελῶς

286 3430 752 3495 κατασϐέννυται,
788 3432 902 3484 ἀλλ’
934 3433 1054 3486 ἀντὶ
1095 3433 1288 3502 φλογὸς
1316 3434 1488 3503 ἀτμός
1514 3453 1596 3498 τις
1630 3435 1715 3486 διὰ
1755 3433 1864 3488 τῶν

286 3521 510 3592 ἀχύρων
532 3523 624 3576 ἐπὶ
655 3524 746 3574 τὸν
784 3522 921 3591 ἀέρα
968 3522 1237 3590 διέξεισιν,
1283 3525 1332 3578 εί
1362 3525 1418 3578 δέ
1462 3543 1607 3588 τινος
1650 3527 1866 3580 λάϐοιτο

284 3614 568 3686 διαπνοῆς,
618 3615 787 3685 φλόγα
840 3616 929 3668 τὸν
963 3616 1166 3668 καπνὸν
1213 3619 1584 3690 ἀπεργάζεται
1606 3637 1621 3652 ο
1645 3620 1736 3672 τὸν
1767 3611 1896 3672 αύ-’ἶ

279 3708 383 3760 τὸν
412 3707 608 3777 τρόπον
655 3710 747 3761 καὶ
771 3709 799 3760 ό
827 3707 950 3770 νοῦς
987 3711 1052 3779 τῇ
1110 3709 1353 3780 ἀπραξίᾳ
1404 3710 1511 3763 τῶν
1558 3711 1865 3781 αἰσθήσεων

289 3800 436 3854 κατὰ
475 3800 564 3853 τὸν
598 3800 763 3854 ὕπνον
816 3801 1212 3871 συγκαλυφθεὶς
1236 3845 1250 3867 ,
1286 3802 1407 3856 οὕτε
1457 3803 1760 3873 ἐκλάμπειν
1793 3804 1862 3856 δι’

287 3891 474 3945 αὐτῶν
503 3892 742 3956 δυνατῶς
768 3893 877 3962 ἔχει
895 3933 908 3954 ,
941 3891 1059 3945 οὕτε
1097 3895 1202 3964 μὴν
1251 3894 1528 3957 παντελῶς
1558 3895 1863 3949 κατασϐέν-

287 3998 477 4036 νυταιο
511 3981 623 4034 ἀλλ’
657 3977 766 4035 οἷον
793 3982 1120 4045 καπνοειδῶς
1145 3986 1392 4048 κινεῖται,
1417 3984 1478 4036 τὸ
1506 3985 1610 4055 μέν
1631 4003 1682 4039 τι
1714 3987 1865 4058 ἐνερ-

287 4073 427 4140 γῶν,
465 4072 526 4126 τὸ
563 4073 620 4126 δὲ
664 4074 724 4125 οὐ
774 4073 1087 4143 δυνάμενος.
1124 4076 1235 4127 Καὶ
1269 4075 1454 4140 ὥσπερ
1474 4094 1556 4139 τις
1607 4075 1940 4146 μουσικὸᾷ

288 4165 725 4233 κεχαλασμέναις
755 4167 875 4228 ταῖς
925 4164 1144 4234 χορδαῖς
1184 4165 1284 4233 τῆς
1317 4166 1484 4236 λύρας
1520 4166 1773 4237 ἐμϐαλὼν
1804 4169 1864 4221 τὸ

286 4255 588 4325 πλῆκτρον,
618 4256 678 4308 ού
707 4257 845 4309 κατὰ
877 4256 1078 4326 ῥυθμὸν
1110 4258 1341 4326 προάγει
1365 4259 1426 4310 τὸ
1454 4259 1635 4321 μέλοςο
1665 4260 1724 4312 ού
1755 4261 1863 4330 γὰρ

288 4345 361 4398 ἂν
394 4345 455 4397 τὸ
503 4347 575 4416 μὴ
634 4348 1023 4417 συντεταμένον
1053 4349 1302 4418 ἠχήσειεν
1335 4364 1348 4377 ⁸
1387 4348 1552 4420 ἀλλ’ἢ
1597 4350 1694 4419 μὲν
1745 4353 1864 4420 χεὶρ

1965 589 2210 643 membra
2252 587 2470 656 singula
2517 585 2776 654 quiddam
2825 583 3176 654 peculiariter
3216 598 3316 652 pro
3365 583 3538 638 indita
3601 580 3605 585 ’

1967 681 2106 752 ipsis
2126 696 2156 734 a
2182 687 2378 734 natura
2407 675 2664 733 facultate
2689 686 2887 748 agant:
2921 685 3102 732 tamen
3127 677 3305 747 aliqua
3335 677 3538 732 existat

1965 773 2138 843 partis
2176 771 2532 842 quiescentis,
2570 768 2638 824 ad
2673 784 2790 824 eam
2827 784 2948 838 quae
2975 777 3244 836 movetur,
3278 769 3532 824 affectio:

1966 865 2154 920 eadem
2202 864 2415 918 ratione
2466 864 2521 917 in
2555 862 2742 916 animo
2776 862 2939 917 etiam
2985 862 3262 923 usuvenit,
3313 869 3370 914 ut
3410 862 3538 917 licet

1968 973 2094 1028 pars
2121 958 2240 1026 ejus
2265 957 2379 1011 haec
2408 955 2679 1026 quiescat,
2714 954 2886 1008 altera
2915 962 3230 1010 moveatur:
3265 954 3432 1009 totius
3455 963 3540 1007 ta-

1967 1064 2090 1102 men
2138 1049 2206 1102 ad
2245 1058 2453 1118 partem
2493 1047 2709 1103 affectio
2757 1047 3001 1116 quaidam
3050 1055 3284 1101 maneat.
3325 1046 3540 1117 Nequa-

1967 1155 2132 1209 quam
2165 1141 2311 1194 enim
2348 1141 2462 1194 fieri
2495 1147 2691 1209 potest,
2728 1146 2786 1192 ut
2817 1138 3084 1193 naturalis
3110 1139 3283 1192 unilio
3312 1154 3539 1207 prorsus

1967 1231 2319 1293 dissolvatur,
2360 1231 2574 1286 etiamsi
2614 1231 2861 1300 quaedam
2903 1231 2956 1284 in
2988 1231 3146 1285 nobis
3179 1230 3408 1287 facultas
3435 1233 3537 1286 ali-

1966 1325 2186 1392 quando
2225 1324 2437 1385 caeteris
2485 1322 2679 1394 agendi
2727 1323 2781 1377 vi
2830 1332 2885 1378 et
2921 1321 3240 1378 elIicaeitate
3295 1332 3534 1392 przestet.

1966 1415 2258 1468 Enimvero
2302 1424 2362 1470 ut
2410 1417 2570 1470 nobis
2611 1415 2966 1486 vigilantibus
3012 1424 3066 1470 et
3114 1413 3323 1484 agendo
3372 1429 3538 1469 oceu-

1969 1507 2112 1576 palis
2143 1507 2416 1576 praecipua
2445 1508 2647 1563 mentis
2669 1518 2752 1562 est
2780 1516 3044 1577 potestas,
3075 1508 3327 1563 minister
3351 1517 3538 1562 autem

1969 1599 2168 1653 mentis
2195 1607 2280 1652 est
2319 1614 2549 1653 sensus:
2595 1614 2773 1668 neque
2798 1599 3033 1654 facultas
3064 1614 3185 1668 quae
3207 1613 3406 1669 corpus
3435 1615 3538 1654 nu-

1969 1690 2083 1754 trit,
2122 1689 2449 1744 excluditur.
2475 1690 2626 1746 Mens
2651 1692 2794 1746 enim
2826 1692 3089 1746 rationem
3127 1691 3406 1761 apiscendi
3440 1708 3538 1746 ne-

1969 1782 2192 1837 cessarii
2239 1782 2478 1836 alimenti
2507 1782 2765 1846 ostendit,
2803 1799 2999 1838 sensus
3029 1783 3175 1853 quod
3213 1791 3297 1838 est
3319 1798 3538 1854 compa-

1971 1883 2148 1928 ratum
2178 1873 2395 1944 recipit,
2443 1873 2676 1930 facultas
2707 1875 2944 1946 denique
2981 1877 3232 1931 nutriens
3277 1892 3434 1930 suum
3482 1880 3538 1932 in

1969 1980 2132 2019 usum
2173 1967 2354 2020 vertit.
2395 1965 2484 2020 Sic
2517 1983 2612 2037 per
2645 1983 2898 2022 somnum
2948 1970 3289 2038 principatus
3319 1968 3541 2024 faculta-

1971 2062 2084 2105 tum
2115 2053 2166 2106 in
2200 2055 2358 2110 nobis
2384 2056 2620 2125 quodam
2649 2057 2810 2111 modo
2851 2069 3210 2126 permutatur.
3243 2059 3377 2113 Nam
3411 2076 3537 2114 cum

1970 2157 2137 2211 penes
2191 2151 2400 2212 partem
2446 2147 2658 2200 ratione
2693 2161 2802 2200 non
2854 2155 3095 2201 utentem
3153 2133 3392 2218 potestas
3444 2153 3537 2212 sit,

1969 2233 2290 2289 facultatum
2333 2236 2540 2290 scilicet
2569 2237 2738 2291 animi
2771 2238 3104 2306 reliquarum
3145 2241 3390 2297 actiones
3420 2257 3543 2296 ces-

1969 2333 2094 2380 sant
2141 2327 2382 2395 quidem,
2433 2336 2488 2382 at
2539 2343 2648 2382 non
2699 2343 2926 2398 prorsus
2975 2331 3421 2402 exstinguuntur.
3478 2333 3543 2388 Et

1967 2419 2220 2486 quamvis
2247 2435 2313 2474 eo
2353 2427 2596 2491 tempore
2637 2419 2868 2476 facultas
2907 2423 3158 2479 nutriens
3199 2428 3539 2481 concoctioni

1967 2511 2215 2565 ciborum
2247 2511 2454 2566 intenta
2482 2515 2573 2576 sit,
2607 2514 2924 2583 adjumento
2950 2519 3130 2573 somni
3166 2518 3535 2589 perficiendae,

1968 2602 2214 2673 adeoque
2244 2604 2300 2657 in
2339 2603 2442 2658 hac
2477 2605 2730 2661 universa
2760 2617 2955 2662 natura
2987 2617 3326 2684 occupetur:
3359 2620 3540 2664 tamen

1970 2703 2029 2747 ut
2055 2695 2212 2764 plane
2240 2696 2310 2750 ab
2336 2695 2440 2749 hac
2473 2697 2718 2753 sentiens
2747 2698 2976 2756 facultas
3009 2709 3122 2755 tum
3158 2718 3262 2758 non
3290 2705 3544 2760 avellitur

1973 2787 2214 2856 (quando
2237 2803 2356 2857 qua:
2385 2799 2576 2842 natura
2607 2790 2948 2855 coaluerunt,
2988 2791 3224 2865 disjungi
3255 2810 3364 2851 non
3396 2812 3544 2866 .pos-

1971 2880 2142 2948 sunt),
2179 2879 2254 2932 ita
2294 2895 2470 2948 neque
2511 2890 2622 2934 tota
2657 2881 2831 2950 ipsius
2870 2883 2950 2938 vis
2977 2884 3176 2950 elucet,
3219 2887 3287 2942 ab
3319 2892 3542 2959 organis

1969 2986 2230 3026 sensuum
2273 2987 2368 3041 per
2399 2987 2650 3026 somnum
2686 2975 2844 3043 quasi
2887 2975 3213 3035 feriantibus
3264 2981 3539 3050 impedita.

1971 3061 2172 3117 Eadem
2220 3063 2431 3118 ratione
2479 3073 2533 3118 et
2589 3065 2724 3120 illud
2763 3076 3152 3136 consequetur,
3209 3071 3355 3138 quod
3412 3088 3536 3126 cum

1970 3154 2171 3208 mentis
2216 3163 2270 3208 et
2309 3156 2481 3224 partis
2530 3156 2697 3209 animi
2743 3160 3030 3212 sentientis
3075 3167 3259 3212 mutua
3294 3163 3538 3230 quaedam

1967 3244 2040 3296 sit
2068 3245 2421 3313 conjunctio:
2473 3255 2620 3299 muta
2669 3247 2790 3308 hac.
2833 3249 2996 3302 simul
3032 3258 3266 3304 mentem
3311 3253 3540 3310 moveri.

1965 3340 2020 3386 et
2069 3341 2260 3387 contra
2309 3335 2655 3404 quiescente,
2713 3339 3014 3408 quiescere.
3066 3341 3245 3410 Ignem
3295 3343 3543 3400 videmus

1967 3425 2138 3492 paleis
2185 3442 2250 3479 ex
2297 3428 2444 3480 omni
2502 3439 2654 3498 parte
2711 3438 3052 3498 coopertum.
3114 3432 3158 3484 si
3213 3434 3361 3486 nullo
3409 3433 3540 3489 flatu

1966 3516 2180 3572 ﬂamma
2198 3519 2483 3583 excitetur,
2504 3537 2680 3591 neque
2697 3525 2940 3591 proxima
2959 3540 3184 3594 quaeque
3201 3527 3540 3582 absumeudo

1917 3610 1934 3642 π
1967 3605 2282 3676 depascere,
2339 3619 2394 3664 et
2453 3626 2681 3680 prorsus
2739 3615 2902 3667 etiam
2961 3632 3068 3668 non
3121 3617 3384 3687 extingui,
3439 3633 3539 3688 pro

1966 3695 2184 3750 flamma
2213 3715 2414 3769 vapore
2445 3702 2683 3770 quodam
2732 3720 2829 3774 per
2877 3707 3021 3774 ipsas
3057 3708 3238 3774 paleas
3271 3709 3324 3762 in
3356 3723 3534 3762 aerem

1967 3796 2302 3853 penetrante.
2354 3789 2510 3855 Quod
2544 3791 2608 3846 si
2648 3802 2830 3846 autem
2860 3794 3017 3849 [latus
3061 3795 3259 3864 aliquis
3290 3797 3535 3854 accedat.

1967 3894 2065 3948 pro
2096 3879 2246 3934 fumo
2275 3882 2489 3936 flamma
2521 3887 2854 3939 accenditur.
2896 3885 2987 3940 Sic
3022 3903 3175 3941 mens
3200 3889 3452 3943 sensibus
3485 3892 3540 3945 in

1967 3988 2161 4028 somno
2220 3976 2632 4044 quiescentibus
2683 3979 2842 4046 quasi
2897 3986 3169 4042 contecta,
3221 3996 3398 4050 neque
3445 3998 3541 4051 per

1965 4081 2063 4120 eos
2085 4067 2302 4121 elucere
2333 4076 2532 4138 potest,
2557 4077 2611 4124 et
2641 4071 2866 4124 omnino
2899 4071 3062 4126 etiam
3099 4090 3206 4126 non
3239 4076 3538 4142 exstingui-

1966 4165 2075 4221 tur,
2125 4158 2220 4214 scd
2265 4168 2324 4213 ut
2369 4162 2511 4242 ignis
2545 4161 2774 4224 fumum,
2811 4165 2889 4216 sic
2917 4165 3034 4232 ipsa
3067 4174 3270 4218 motum
3303 4167 3540 4236 aliquem

1967 4251 2185 4316 retinet,
2224 4253 2417 4321 partim
2473 4268 2660 4325 agens,
2709 4257 2906 4325 partim
2938 4259 2992 4311 in
3021 4260 3227 4328 agendo
3257 4260 3540 4318 deﬁciens.

1967 4342 2143 4412 Atque
2176 4345 2254 4397 uti
2303 4345 2546 4399 musicus
2581 4347 2789 4416 plectro
2839 4349 3075 4404 chordas
3122 4351 3249 4420 lyrae
3280 4354 3541 4408 remissas

285 4438 552 4506 τεχνικῶς
596 4437 853 4502 πολλάκις
885 4442 1132 4499 κινεῖται,
1170 4441 1305 4510 πρὸς
1331 4441 1426 4510 τὴν
1454 4442 1682 4512 τοπικὴν
1716 4441 1864 4496 θέσιν

1964 4429 2220 4506 tangens,
2247 4453 2355 4491 non
2378 4439 2654 4508 eleganter
2673 4451 2726 4493 et
2745 4456 3034 4496 numerose
3055 4444 3348 4512 quidquam
3368 4449 3537 4505 cauit.

288 4528 402 4580 τῶν
444 4528 608 4580 τόνων
652 4530 715 4581 τὸ
761 4529 1034 4600 πλῆκτρον
1082 4531 1326 4597 ἄγουσα,
1360 4531 1420 4584 τὸ
1453 4532 1507 4582 δὲ
1549 4533 1714 4602 ἠχοῦν
1766 4527 1875 4586 ούκτ

1971 4531 2191 4598 quando
2218 4531 2362 4599 quod
2396 4541 2606 4585 tensum
2637 4548 2742 4586 non
2775 4542 2877 4594 est,
2909 4535 3068 4590 edere
3093 4554 3288 4592 sonum
3315 4545 3538 4610 nequit;

284 4615 458 4678 ἐστιν,
485 4618 531 4668 εί
565 4616 638 4686 μὴ
676 4617 798 4670 ὅσον
827 4618 1038 4688 ἄσημόν
1071 4636 1191 4672 τινα
1225 4621 1317 4672 καὶ
1353 4621 1686 4676 ἀσύντακτον
1714 4628 1772 4678 ἐν
1797 4628 1862 4696 τῇ

286 4708 504 4776 κινήσει
535 4708 644 4761 τῶν
673 4708 878 4780 χορδῶν
893 4712 1093 4781 ὑπηχεῖ
1123 4711 1213 4763 τὸν
1240 4711 1463 4781 βόμϐον·
1485 4714 1628 4767 οὕτω
1658 4716 1745 4768 διὰ
1772 4716 1864 4768 τοῦ

287 4798 462 4852 ὕπνου
519 4803 618 4870 τῆς
675 4802 969 4872 ὀργανικῆς
996 4803 1103 4856 τῶν
1130 4805 1497 4877 αἰσθητηρίων
1525 4809 1866 4879 κατασκευῆς

284 4888 676 4959 χαλασθείσης,
718 4891 750 4960 ῆ
803 4890 1030 4943 καθόλου
1077 4893 1272 4963 ἠρεμεῖ
1317 4896 1345 4947 ό
1389 4897 1670 4966 τεχνίτης,
1709 4897 1866 4968 εἴπερ

281 4978 499 5033 τελείαν
528 4980 680 5033 λύσιν
711 4982 774 5034 ἐκ
825 4981 1116 5053 πληθώρας
1152 4985 1295 5048 τινὸς
1328 4987 1422 5038 καὶ
1454 4987 1653 5057 βάρους
1705 4988 1866 5044 πάθοι
1901 4987 1910 4996 ’

281 5070 349 5124 τὸ
373 5070 623 5141 ὄργανον,
647 5072 680 5143 ἢ
710 5073 911 5136 ἀτόνως
930 5091 991 5126 τε
1025 5075 1118 5128 καὶ
1152 5077 1409 5146 ἀμυδρῶς
1437 5080 1742 5149 ἐνεργήσει,
1769 5083 1867 5152 οὐχ

283 5161 682 5232 ὑποδεχομένου
710 5163 804 5216 τοῦ
853 5165 1166 5234 αἰσθητικοῦ
1204 5167 1434 5238 ὀργάνου
1467 5169 1534 5221 δι’
1585 5172 1866 5242 ἀκριϐείας

281 5254 386 5328 τὴν
409 5254 626 5325 τέχνην.
664 5256 761 5309 Διὰ
783 5255 941 5309 τοῦτο
965 5258 999 5327 ἦ
1024 5275 1084 5310 τε
1116 5260 1303 5328 μνήμη
1335 5263 1733 5333 συγκεχυμένη,
1773 5264 1864 5316 καὶ

282 5350 320 5417 ἡ
366 5348 674 5417 πρόγνωσις
725 5348 1150 5418 προκαλύμμασί
1198 5367 1340 5402 τισιν
1388 5353 1707 5421 ἀμφιϐόλοις
1746 5357 1864 5406 ἐπιο

280 5545 392 5580 νων
426 5528 810 5596 φαντασιοῦται
833 5570 846 5592 ,
877 5531 967 5583 καί
995 5549 1046 5584 τι
1077 5532 1184 5584 τῶν
1214 5536 1568 5590 ἐκϐαινόντων
1607 5538 1863 5601 πολλάκις

279 5620 542 5690 ἐμήνυσε.
576 5619 664 5687 Τῷ
697 5618 801 5689 γὰρ
847 5619 1026 5690 λεπτῷ
1063 5623 1160 5692 τῆς
1193 5623 1427 5690 φύσεως,
1469 5628 1580 5696 ἔχει
1609 5645 1662 5680 τι
1703 5628 1864 5682 πλέον

279 5711 438 5780 παρὰ
461 5711 558 5780 τὴν
583 5709 900 5781 σωματικὴν
926 5712 1301 5785 παχυμέρειαν
1337 5719 1416 5782 εἰς
1450 5718 1511 5771 τὸ
1552 5719 1788 5790 καθορᾷν
1812 5739 1862 5774 τι

277 5805 389 5858 τῶν
416 5805 584 5857 ὄντων
612 5792 888 5856 δύνασθαι.
925 5805 998 5859 Οὐ
1051 5807 1154 5876 μὴν
1185 5808 1248 5860 δι’
1284 5811 1497 5874 εὐθείας
1529 5812 1672 5874 uti);
1709 5813 1861 5866 am»

616 5893 884 5956 PATBOL.
932 5898 1049 5957 Gn.
1099 5899 1232 5958 XIJ
1247 5899 1319 5960 V.

1971 4638 2191 4676 manum
2234 4624 2323 4678 ille
2349 4625 2566 4694 quidem
2599 4625 2894 4682 artificiose
2943 4638 3140 4690 movet,
3179 4632 3382 4698 plectro
3412 4638 3537 4702 qui-

1970 4713 2073 4768 bus
2098 4715 2356 4768 convenit
2383 4715 2520 4770 locis
2561 4717 2854 4786 applicato,
2887 4733 3056 4773 sonus
3087 4729 3264 4775 tamen
3304 4724 3387 4777 vel
3418 4727 3542 4778 nul-

1969 4805 2077 4870 lus,
2107 4807 2189 4860 vel
2214 4808 2431 4876 ignotus
2454 4819 2509 4860 et
2532 4807 2929 4878 incompositus
2953 4811 3020 4866 de
3043 4813 3134 4866 tali
3166 4813 3351 4869 fidium
3378 4819 3540 4886 pulsu

1969 4898 2336 4966 exprimitur:
2372 4899 2444 4950 ita
2495 4907 2548 4952 et
2606 4905 2861 4969 organica
2922 4918 3181 4958 sensuum
3235 4914 3536 4978 structura,

1971 4989 2186 5057 quoties
2212 5004 2306 5056 per
2333 5004 2584 5044 somnum
2612 4991 2790 5045 laxata
2816 5003 2920 5053 est,
2949 4996 3028 5050 vel
3051 5013 3278 5066 prorsus
3304 5002 3541 5070 quiescit

1970 5078 2188 5141 artifex,
2224 5079 2389 5133 veluti
2425 5095 2546 5135 cum
2574 5098 2637 5136 ex
2676 5083 2842 5138 nimia
2875 5087 3173 5155 repletione
3211 5107 3275 5146 ac
3297 5093 3538 5162 pondere

1971 5169 2180 5240 integra
2228 5171 2577 5226 instrumenti
2616 5182 2702 5227 est
2747 5175 2888 5229 facta
2932 5179 3101 5234 totius
3138 5182 3416 5242 relaxatio.
3453 5185 3536 5237 vel

1968 5261 2220 5330 languide
2235 5271 2287 5315 et
2317 5263 2551 5317 obscure
2581 5265 2711 5334 agit,
2743 5266 3108 5343 instrumento
3138 5287 3336 5327 sensus
3363 5283 3534 5327 artem

1897 5413 1904 5420 1
1949 5355 2165 5408 ‘mcutis
2201 5365 2513 5409 accuratam
2562 5373 2668 5410 non
2713 5360 2980 5428 capiente.
3032 5361 3241 5418 Idcirco
3276 5369 3536 5419 memoria

283 5440 645 5500 νυστάζουσαο
678 5441 734 5489 ἐν
757 5438 990 5502 εἰδώλοις
1018 5440 1126 5492 τῶν
1165 5442 1286 5494 καθ’
1315 5441 1458 5516 ὕπαρ
1499 5443 1874 5515 σπουδαζομέοῖ
1897 5437 1922 5480 ’ἶ

1967 5445 2216 5506 confusa,
2249 5455 2302 5499 et
2335 5447 2416 5500 vis
2450 5449 2800 5517 pra-.sagiendt
2834 5451 3102 5521 ambiguis
3136 5453 3188 5506 in
3211 5453 3532 5519 quibusdam

1967 5538 2286 5592 velamentis
2347 5541 2503 5607 quasi
2559 5543 2902 5597 dormitando
2961 5552 3180 5605 nutans.
3241 5546 3534 5602 simulacra

1968 5643 2174 5691 rerum,
2207 5630 2406 5699 quibus
2435 5632 2663 5702 vigilans
2694 5646 3012 5702 occupatur,
3051 5635 3396 5704 imagiuaudo
3427 5639 3532 5692 sibi

1968 5719 2262 5776 informare
2317 5724 2556 5778 videtur:
2607 5741 2784 5794 neque
2827 5743 2933 5779 non
2971 5729 3264 5796 aliquando
3298 5747 3358 5784 ea
3411 5748 3535 5802 quas

1967 5813 2164 5869 deinde
2188 5816 2564 5884 comprobaret
2597 5828 2844 5886 eventus,
2874 5820 3152 5874 indicavit.
3179 5821 3307 5874 Nam
3336 5833 3534 5894 praeter

3210 5917 3248 5976 6
