3996 6462
539 363 636 420 l7l

1811 371 1867 426 Β.
1903 369 2230 430 CREGORII
2269 376 2566 438 NYSSENI

3693 397 3782 451 IT"!

535 495 680 540 emn,
705 495 826 550 qua
847 480 900 535 in
925 481 1174 552 corporis
1195 489 1280 536 est
1305 488 1752 552 temperamento,
1777 485 2082 540 crassitiem

2215 493 2606 564 ταιδιασαφεῖν
2635 497 2694 552 τὸ
2727 498 3036 570 λεγόμενον,
3071 503 3146 566 ὡς
3179 501 3420 577 τηλαυγῆ
3451 525 3506 560 τε
3543 511 3638 563 καὶ
3661 517 3778 583 πρό-

543 572 706 627 habet
749 573 1006 642 quiddam
1057 587 1152 641 per
1199 581 1406 628 natura:
1452 574 1830 638 subtilitatem,
1883 591 1992 644 quo
2025 592 2114 632 res

539 665 852 734 perspicere
891 664 1082 732 possit.
1122 664 1306 735 Neque
1345 674 1522 721 tamen
1555 667 1643 719 illa
1669 674 1754 720 est
1795 667 1897 731 vis,
1933 677 1992 722 ιιι
2024 669 2111 724 di-

537 765 690 810 recto
749 755 928 808 futura
984 756 1244 820 declaret,
1308 757 1486 828 deque
1545 759 1611 814 iis
1661 758 1899 813 dilucide
1949 769 2112 830 atque

537 852 720 912 aperte
751 859 850 897 nos
879 843 1102 898 doceat:
1149 847 1243 900 sed
1266 855 1349 902 est
1378 857 1586 902 tantum
1611 849 1858 918 quaedam
1885 850 2106 920 obliqua

533 943 586 988 et
607 936 858 1004 ambigua
885 935 1052 990 futuri
1075 948 1301 994 eventus
1327 940 1674 1010 signiﬁcatio,
1700 957 1860 1010 quam
1880 943 2108 1012 aenigma

533 1040 754 1091 vocant,
807 1031 900 1099 qui
953 1031 1006 1084 in
1051 1031 1134 1086 his
1185 1033 1608 1102 interpretandis
1657 1043 1962 1089 versantur.
2017 1033 2108 1089 Sic

533 1120 626 1187 qui
669 1135 696 1173 a
733 1122 944 1190 poculis
981 1131 1096 1176 erat
1131 1121 1421 1186 Pharaoni,
1466 1140 1562 1194 per
1589 1140 1840 1178 somnum
1879 1125 1932 1178 in
1965 1126 2105 1194 regis

535 1213 762 1266 calicem
805 1215 1018 1268 botrum
1045 1215 1332 1283 exprimit:
1377 1215 1456 1268 sic
1491 1218 1666 1284 pistor
1703 1216 1967 1285 ejusdem,
2015 1232 2104 1270 ca-

537 1305 770 1358 nistrum
807 1306 910 1358 sibi
953 1314 1165 1376 gestare
1193 1306 1404 1359 videtur
1426 1307 1494 1363 ⁸³,
1528 1307 1665 1372 Quia
1699 1308 1841 1361 enim
1883 1315 2109 1377 uterque

533 1397 766 1464 vigilans
823 1397 908 1450 bis
957 1397 1124 1450 rebus
1167 1397 1424 1465 occupari
1479 1413 1808 1468 magnopere
1867 1407 2106 1468 cuperet,

535 1487 698 1540 etiam
757 1503 852 1557 per
907 1503 1156 1542 somnum
1213 1504 1276 1543 ea
1333 1489 1446 1543 fieri
1503 1491 1746 1558 putabat.
1804 1491 2108 1546 Simulacra

2217 583 2374 652 δηλον
2399 582 2538 640 εἶναι
2559 588 2656 658 τὴν
2696 589 2804 642 τῶν
2837 593 3212 663 προκειμένων
3245 596 3592 652 διδασκαλίαν
3611 619 3624 630 ·
3651 582 3782 658 ἀλλά

2216 671 2343 743 λοξὴ
2371 676 2465 726 καὶ
2495 677 2793 744 ἀμφίϐολος
2824 677 2918 730 τοῦ
2948 680 3232 750 μέλλοντος
3251 685 3284 752 ἡ
3307 684 3536 752 δήλωσις
3563 687 3780 754 γίνεται,

2214 765 2348 834 ὅπερ
2379 767 2606 836 αἴνιγμα
2633 770 2880 838 λέγουσιν
2911 775 2958 826 οἱ
2985 773 3050 827 τὰ
3080 775 3304 828 τοιαῦτα
3355 779 3780 850 ὑποκρινόμενοι.

2219 855 2403 918 Οὕτως
2432 859 2460 908 ὁ
2487 861 2720 930 οἰνοχόος
2770 863 3006 916 ἐκθλίϐει
3054 865 3148 935 τὴν
3179 866 3372 938 βότρυν
3401 873 3466 941 τῇ
3493 871 3673 925 κύλικι
3699 874 3781 926 τοῦ

2215 948 2415 1018 Φαραώ
2438 967 2451 980 ·
2475 951 2616 1004 οὕτω
2643 959 2968 1025 κανηφορεῖν
3001 957 3030 1008 ὀ
3069 959 3338 1022 σιτοποιὸς
3371 961 3703 1032 ἐφαντάτθη,
3733 967 3782 1018 ἐν

2215 1036 2294 1104 οἷς
2325 1041 2444 1094 καθ’
2471 1043 2616 1114 ὕπαρ
2645 1045 2902 1118 ἑκάτερος
2927 1049 3025 1120 τὴν
3053 1050 3283 1120 σπουδὴν
3309 1046 3474 1121 εἶχεν,
3503 1057 3560 1106 ἐν
3583 1055 3782 1120 τούτοις

2213 1127 2350 1184 εἶναι
2385 1135 2476 1186 καὶ
2498 1133 2585 1187 διὰ
2614 1137 2718 1188 τῶν
2739 1137 2960 1209 ὀνείρων
2991 1142 3252 1209 οἰόμενος.
3274 1144 3392 1196 Τῶν
3410 1147 3517 1216 γὰρ
3543 1149 3782 1218 συνήθων

2213 1223 2394 1286 αὐτοῖς
2420 1226 2860 1296 ἐπιτηδευμάτων
2879 1230 2945 1282 τὰ
2971 1231 3162 1284 εἴδωλα
3187 1233 3266 1302 τῷ
3279 1239 3670 1308 προγνωστικιῇ
3693 1240 3780 1309 τῆς

2213 1315 2387 1385 ψυχῆς
2421 1317 2822 1384 ἐντυπωθέντα,
2855 1323 3126 1392 παρέσχεν
3165 1327 3257 1378 ἐπὶ
3301 1327 3493 1397 καιροῦ
3539 1331 3646 1382 τῶν
3697 1334 3782 1386 ἐκ·

2215 1405 2533 1476 δησομένων
2581 1409 2666 1461 διὰ
2719 1411 2816 1481 τῆς
2863 1413 3116 1484 τοιαύτης
3169 1418 3265 1469 τοῦ
3309 1417 3400 1472 νοῦ
3453 1425 3780 1492 προφητείας

2217 1511 2356 1546 κατα
2365 1497 2785 1565 μαντεύσασθαι.

537 1595 772 1648 namque
813 1580 1118 1634 studiorum
1147 1595 1210 1634 ac
1237 1581 1382 1644 vitae,
1413 1583 1500 1636 cui
1527 1593 1904 1641 assueverant.
1939 1585 2076 1653 parti
2105 1585 2272 1638 animi
2305 1587 2371 1642 de
2397 1589 2596 1646 futuris
2635 1591 2944 1664 dispicienti
2977 1597 3264 1668 impressa,
3301 1600 3572 1660 faciebant
3607 1616 3668 1660 ut
3697 1624 3782 1678 per

535 1669 674 1722 hanc
713 1670 910 1724 mentis
955 1672 1388 1740 prmsagitionem
1419 1673 1701 1742 quiddam,
1749 1677 1838 1728 cui
1903 1675 2258 1744 responderet
2285 1689 2532 1745 eventus,
2569 1685 2672 1737 sibi
2703 1686 3142 1744 vaticinarentur.

607 1761 742 1815 illud
766 1763 1006 1830 quidem,
1037 1766 1180 1833 quod
1217 1765 1404 1819 Daniel
1435 1775 1489 1820 et
1513 1766 1788 1840 Josephus
1817 1779 1872 1824 ct
1905 1771 1990 1826 his
2019 1771 2086 1824 ali

2283 1773 2344 1827 El
2373 1775 2428 1828 δὲ
2456 1779 2652 1848 Δανιὴλ
2685 1783 2779 1833 καὶ
2825 1783 3024 1854 ῐωσὴφ,
3059 1786 3153 1838 καὶ¹
3183 1789 3231 1840 οξ
3264 1793 3384 1844 κατ’
3403 1792 3644 1861 ἐκείνους
3669 1798 3782 1870 θεία

533 1853 866 1913 ιοηείιηίιοε,
930 1854 1182 1909 facultate
1205 1856 1437 1924 quadam
1467 1858 1672 1921 divina,
1709 1860 1963 1915 sensibus
1996 1861 2100 1914 mi-

533 1945 678 1996 nime
705 1945 1056 2012 perturbatis,
1099 1963 1282 2000 rerum
1337 1949 1646 2002 futurarum
1679 1951 1986 2018 cognitione
2016 1951 2102 2005 in-

529 2037 721 2090 structi
759 2035 997 2101 fuerunt,
1051 2038 1184 2091 nihil
1225 2039 1291 2092 ad
1325 2039 1378 2092 id
1412 2041 1478 2093 de
1534 2057 1640 2111 quo
1667 2044 1848 2112 agitur
1887 2045 2099 2099 attinet.

527 2127 646 2181 Non
683 2127 826 2182 enim
864 2129 1152 2198 quisquam
1185 2129 1300 2184 lucc
1327 2138 1474 2185 recte
1509 2133 1574 2186 ad
1605 2134 1942 2188 somniorum
1975 2135 2102 2190 effe-

530 2227 616 2272 cta
647 2221 914 2284 retulerit,
965 2221 1068 2274 nisi
1105 2221 1244 2276 forte
1281 2224 1492 2279 ratione
1523 2225 1710 2280 eadem
1752 2227 1963 2282 divinas
2007 2245 2101 2298 ap-

531 2311 848 2380 paritiones,
891 2329 1013 2382 qua
1055 2315 1332 2368 nonnullis
1365 2316 1714 2385 vigilantibus
1748 2334 1806 2372 se
1843 2319 2096 2383 offerunt,

528 2415 634 2454 non
669 2401 956 2470 peculiaria
979 2403 1114 2465 visa,
1139 2404 1232 2457 sed
1253 2413 1682 2460 consentaneum
1705 2422 1840 2475 opus
1867 2417 2094 2474 naturae,

529 2499 718 2558 suapte
743 2490 788 2543 vi
819 2491 1052 2561 quadam
1081 2493 1134 2546 id
1161 2492 1465 2554 efﬁcientis.
1495 2509 1618 2550 esse
1647 2503 1867 2550 statuat.
1895 2497 2096 2563 Quem-

527 2579 821 2636 admodum
862 2597 1013 2654 ergo,
1057 2599 1184 2639 cum
1245 2585 1492 2640 homines
1533 2587 1773 2642 universi
1841 2604 1870 2640 a
1921 2597 2100 2642 mente

527 2675 744 2742 propria
793 2683 1070 2744 regantur,
1117 2677 1274 2745 pauci
1321 2687 1502 2732 tamen
1533 2679 1754 2748 quidam
1803 2682 2094 2746 exsistunt,

527 2765 849 2833 quibuscum
883 2765 1022 2823 Deus
1061 2768 1354 2824 manifesto
1381 2787 1516 2840 pene
1545 2770 1866 2825 familiarem
1901 2774 1954 2826 in
1983 2788 2100 2826 mo-

523 2857 654 2910 dum
681 2867 962 2913 versatur:
999 2861 1076 2914 sic
1099 2876 1221 2914 cum
1247 2863 1329 2915 vis
1357 2863 1692 2932 imaginandi
1723 2879 1818 2932 per
1843 2879 2096 2916 somnum

526 2949 778 3004 omnibus
812 2965 966 3019 teque
1012 2965 1074 3004 ac
1103 2951 1222 3006 sine
1257 2953 1569 3008 discrimine
1615 2971 1645 3008 a
1683 2967 1876 3010 natura
1915 2957 1985 3011 sit
2018 2957 2099 3010 in-

523 3039 657 3104 dita,
701 3042 856 3110 pauci
893 3059 958 3096 ex
993 3043 1374 3098 universorum
1420 3055 1562 3100 metu
1609 3058 1756 3112 sunt,
1789 3048 1990 3116 quibus
2020 3049 2098 3100 di-

521 3131 734 3186 viniora
763 3148 822 3186 se
854 3133 1194 3188 somniorum
1228 3135 1340 3188 visa
1369 3135 1622 3192 offerunt.
1665 3136 1858 3192 Cat-teri
1891 3138 1936 3192 si
1965 3137 2094 3207 quid
2123 3125 2164 3181 Ο

523 3221 592 3275 de
637 3223 973 3277 somniorum
1009 3223 1340 3290 eonjecturis
1375 3225 1450 3279 rei
1493 3225 1689 3279 futurae
1716 3235 2090 3294 cognoscunt:

519 3313 572 3366 id
607 3323 778 3368 totum
814 3315 928 3370 lieri
965 3332 1050 3379 eo,
1097 3333 1205 3385 quo
1237 3317 1531 3370 indicatum
1561 3325 1666 3378 est,
1710 3317 1870 3368 modo
1899 3324 2096 3385 putan-

519 3405 646 3458 dum
682 3407 802 3460 crit.
841 3407 996 3472 Quod
1032 3415 1208 3462 autem
1237 3417 1290 3462 et
1317 3407 1607 3478 Egyptius
1645 3419 1697 3462 et
1723 3407 1980 3478 Assyrius
2009 3415 2093 3478 ty-

519 3513 724 3552 rannus
765 3497 858 3552 Dei
907 3507 1043 3552 nutu
1091 3501 1156 3553 ad
1179 3499 1502 3556 .futurorum
1556 3501 1840 3554 scientiam
1875 3499 2094 3554 deducti

519 3597 668 3651 sunt,
721 3591 822 3643 hoc
872 3606 1086 3660 quoque
1127 3591 1233 3643 alio
1289 3591 1616 3659 respiciente
1657 3590 1766 3644 Deo
1816 3594 2088 3646 usuvenit.

516 3676 654 3735 Nam
683 3697 748 3734 eo
777 3693 934 3752 pacto
958 3692 1273 3737 sanctorum
1308 3683 1666 3751 quorumdam
1695 3683 1976 3736 hominum
2006 3699 2095 3738 sa-

517 3775 776 3843 pientiam
811 3777 1065 3830 omnibus
1111 3777 1456 3829 innotescere
1486 3777 1749 3844 oportuit,
1789 3787 1846 3829 ut
1877 3791 1938 3830 ea
1968 3777 2092 3831 vitae

515 3867 798 3920 hominum
845 3868 992 3922 utilis
1037 3877 1198 3922 esset.
1245 3866 1346 3932 Qui
1377 3867 1522 3920 enim
1555 3867 1670 3920 fieri
1707 3870 1996 3937 potuisset,
2031 3876 2090 3923 ut

517 3959 571 4012 in
601 3957 818 4014 Dauiele
851 3957 1076 4013 facultas
1109 3975 1231 4014 esse
1271 3959 1606 4012 vaticinandi
1651 3958 2086 4028 deprehendere-

513 4060 626 4112 tur,
657 4050 764 4104 nisi
811 4035 1190 4104 excantatores
1221 4058 1276 4104 et
1325 4050 1466 4118 magi
1518 4050 1791 4102 somnium
1860 4049 2004 4118 regis
2034 4055 2088 4101 et

513 4141 758 4194 invenire
826 4147 879 4194 et
955 4140 1306 4210 interpretari
1385 4139 1748 4208 nequissent?
1810 4138 2084 4208 quomodo

514 4231 894 4302 .Egyptiorum
921 4233 1234 4286 conservari
1267 4231 1414 4284 natio
1446 4231 1733 4300 potuisset,
1760 4229 1998 4300 Josepho
2027 4229 2080 4282 in

513 4341 734 4382 carcere
758 4327 942 4381 abdito
965 4335 1018 4381 et
1045 4328 1328 4388 concluso,
1361 4329 1406 4381 si
1437 4343 1543 4381 non
1580 4327 1778 4382 somnii
1819 4327 2081 4396 explana-

2209 1863 2459 1962 δυνάμει,
2486 1871 2752 1941 μηδεμιᾶς
2765 1875 2962 1938 αὐτοὺς
2982 1879 3332 1952 ἐπιθολούσης
3347 1885 3674 1956 αἰσθήσεως,

2210 1956 2320 2008 τῶν
2369 1959 2670 2028 μελλόντων
2702 1965 2900 2032 γνῶσιν
2929 1972 3399 2039 προεπαιδεύοντο,
3431 1978 3582 2032 οὐδὲν
3625 1981 3781 2036 τοῦτο

2208 2047 2346 2145 πρὸς
2365 2050 2456 2102 τὸν
2482 2055 2839 2145 προκείμενον
2858 2057 3031 2126 λόγον.
3055 2063 3188 2116 Οὑδέ
3211 2063 3319 2136 γὰρ
3335 2067 3400 2120 ἄν
3415 2086 3498 2131 τις
3511 2071 3686 2125 ταῦτα
3719 2079 3778 2145 τῇ

2207 2134 2429 2208 δυνάμει
2451 2140 2558 2195 τῶν
2584 2144 2848 2200 ἐνυπνίων
2871 2147 3159 2217 λογίσαιτο,
3193 2157 3314 2208 ἐπεὶ
3342 2158 3557 2223 πάντως
3585 2163 3650 2214 ἐκ
3691 2134 3794 2218 τόξ’

2206 2227 2498 2284 ἀκολούθου
2523 2236 2728 2300 καὶτὰς
2750 2240 2870 2292 καθ’
2885 2241 3029 2314 ὕπαρ
3043 2246 3331 2316 γινομένας
3349 2249 3670 2321 θεοφανείας
3687 2258 3780 2310 οὐκ

2207 2321 2490 2416 ὀπτασίαν,
2510 2326 2644 2380 ἀλλὰ
2672 2329 2884 2396 φύσεως
2898 2334 3216 2390 ἀκολουθίαν
3243 2341 3381 2394 κατὰ
3398 2343 3459 2394 τὸ
3481 2345 3780 2416 αὐτόματον

2206 2411 2600 2506 ἐνεργουμένην
2619 2421 2876 2491 οἰήσεται.
2905 2424 3110 2498 Ὥσπερ
3131 2429 3306 2483 τοίνυν
3327 2432 3544 2486 πάντων
3573 2411 3780 2506 ἀνθρὼο

2205 2519 2320 2555 πων
2337 2505 2476 2558 κατὰ
2493 2507 2580 2560 τὸν
2603 2509 2730 2563 ἴδιον
2753 2513 2876 2566 νοῦν
2899 2515 3298 2587 διοικουμένων,
3317 2523 3484 2591 ὀλίγοι
3531 2505 3781 2591 τινέςεί-

2205 2608 2288 2686 σιν
2315 2596 2362 2646 οἱ
2393 2595 2490 2666 τῆς
2519 2597 2666 2662 θείας
2691 2603 2902 2672 ὁμιλίας
2930 2605 2992 2658 ἐκ
3026 2607 3117 2659 τοῦ
3143 2610 3416 2678 ἐμφανοῦς
3446 2613 3777 2686 ἀξιούμενοι·

2203 2681 2345 2736 οὕτω
2383 2687 2578 2750 κοινῶς
2605 2693 2738 2743 πᾶσι
2777 2695 2869 2746 καὶ
2899 2695 3174 2766 ὁμοτίμως
3204 2700 3305 2770 τῆς
3347 2703 3404 2752 ἐν
3429 2701 3615 2768 ὕπνοις
3645 2725 3779 2774 φαν·

2201 2777 2393 2840 τασίας
2441 2781 2580 2833 κατὰ
2640 2783 2798 2852 φύσιν
2847 2789 3240 2861 ἐγγινομένης,
3277 2795 3562 2866 μετέχουσί
3605 2816 3775 2862 τινες,

2200 2868 2319 2936 οὐχὶ
2358 2871 2575 2936 πάντες,
2622 2873 2895 2946 θειοτέρας
2926 2880 3068 2942 τινὸς
3113 2883 3200 2936 διὰ
3245 2886 3352 2940 τῶν
3402 2887 3626 2959 ὀνείρων
3673 2892 3776 2962 τῆς

2200 2959 2517 3028 ἐμφανείας.
2561 2965 2688 3029 Τοῖς
2730 2967 2774 3020 δ’
2804 2970 2982 3034 ἄλλοις
3023 2975 3158 3026 πᾶσι
3201 2975 3303 3028 κᾶν
3351 2979 3576 3050 γένηταί
3605 2999 3696 3046 τις
3719 2959 3778 3047 ἐξ

2199 3053 2464 3142 ἐνυπνίων
2502 3057 2628 3128 περί
2672 3077 2723 3110 τι
2773 3061 3113 3130 πρόγνωσις,
3152 3067 3291 3119 κατὰ
3335 3070 3426 3121 τὸν
3483 3073 3776 3142 εἰρημένον

2198 3141 2406 3210 γίνεται
2433 3147 2650 3216 τρόπον.
2683 3150 2744 3202 Εἰ
2775 3151 2831 3203 δὲ
2863 3153 2956 3205 καὶ
2987 3157 3024 3207 ὁ
3061 3158 3356 3224 Αἰγύπτιος
3391 3163 3484 3214 καὶ
3513 3141 3544 3214 ὀ
3579 3141 3776 3219 Ἀσσύ-

2199 3251 2312 3305 ριος
2346 3233 2606 3307 τύραννος
2641 3239 2822 3294 θεόθεν
2861 3244 2994 3314 πρὸς
3023 3248 3121 3316 τὴν
3159 3249 3266 3302 τῶν
3301 3252 3599 3320 μελλόντων
3627 3257 3766 3328 (1)61;-

2197 3323 2389 3393 γοῦντο
2418 3328 2642 3396 γνῶσιν,
2671 3331 2855 3403 ἕτερόν
2881 3336 2994 3388 ἐστι
3033 3338 3094 3390 τὸ
3119 3339 3206 3392 διὰ
3233 3341 3436 3395 τούτων
3459 3348 3775 3416 οἰκονομούα

2199 3434 2388 3486 μενον·
2419 3423 2794 3494 φανερωθῆναι
2829 3425 2934 3496 γὰρ
2973 3427 3078 3481 ἔδει
3115 3435 3502 3508 κεκρυμμένην
3529 3441 3628 3508 τὴν
3661 3443 3774 3494 τῶν

2196 3513 2367 3581 ἁγίων
2396 3515 2606 3582 σοφίαν,
2637 3517 2712 3580 ὡς
2755 3518 2820 3570 ἂν
2853 3519 2926 3589 μὴ
2961 3520 3232 3592 ἄχρηστος
3277 3525 3353 3596 τῷ
3382 3530 3546 3598 κοινῴ
3591 3549 3774 3603 παρα-

2192 3606 2376 3679 δράμῃ
2399 3607 2487 3660 τὺν
2541 3608 2673 3677 βίον.
2715 3610 2839 3671 Πῶς
2866 3611 2972 3681 γὰρ
3010 3613 3254 3685 ἐγνώσθη
3291 3617 3527 3682 τοιοῦτος
3555 3620 3631 3673 ὢν
3661 3627 3770 3675 Δα-

2191 3701 2330 3770 νιὴλ,
2373 3701 2446 3772 μὴ
2475 3701 2580 3754 τῶν
2624 3703 2889 3754 ἐπαοιδῶν
2938 3705 3031 3756 καὶ
3069 3707 3257 3774 μάγων
3292 3710 3426 3776 πρὸς
3457 3712 3555 3780 τὴν
3610 3712 3772 3788 εὕρε-

2193 3811 2274 3846 σιν
2314 3795 2412 3864 τῆς
2459 3795 2756 3865 φαντασίας
2797 3795 3172 3866 ἁτονησάντων
3201 3816 3215 3864 ;
3249 3800 3372 3864 Πῶς
3407 3801 3450 3854 δ’
3485 3805 3550 3856 ἂν
3611 3823 3774 3876 περι.

2192 3880 2371 3949 εσώθη
2387 3882 2448 3933 τὸ
2467 3883 2758 3950 Αἰγύπτιον
2775 3884 2945 3947 ἔθνος,
2966 3888 3023 3936 ἐν
3047 3873 3408 3957 δεσμωτηρίῷ
3429 3893 3768 3960 καθειργμέ-

2191 3987 2281 4024 νου
2315 3971 2407 4025 τοῦ
2451 3974 2670 4043 Ἰωσὴφ,
2707 3977 2754 4028 εί
2791 3975 2864 4047 μὴ
2911 3978 3230 4046 παρήγαγεν
3262 3980 3342 4042 εἰς
3374 3982 3570 4049 μέσους
3599 3983 3769 4036 αὑτὸν

2189 4064 2224 4118 ὗ
2259 4063 2352 4118 τοῦ
2397 4067 2645 4118 ἐνυπνίου
2692 4067 2900 4137 κρίσιςίς
2949 4069 3157 4122 Οὐκοῦν
3182 4070 3308 4123 ἄλλο
3351 4089 3402 4124 τι
3441 4076 3632 4138 ταῦτα,
3669 4079 3768 4130 καὶ

2186 4155 2305 4225 οὐχὶ
2339 4155 2480 4209 κατὰ
2510 4155 2607 4221 τὰς
2653 4156 2834 4219 κοινὰς
2863 4158 3161 4226 φαντασίας
3203 4158 3506 4228 λογίζεσθαι
3535 4163 3661 4233 χρή.
3697 4165 3766 4216 Ἢ

2217 4245 2240 4298 ἐ
2279 4246 2511 4317 συνήθης
2562 4245 2701 4316 αὕτη
2737 4247 2846 4299 τῶν
2890 4249 3112 4319 ὀνείρων
3157 4249 3277 4318 ὄψις
3331 4250 3484 4321 κοινὴ
3539 4252 3766 4306 πάντων

2184 4338 2331 4403 ἐστὶ,
2363 4339 2710 4410 πολυτρόπως
2765 4340 2858 4392 καὶ
2919 4341 3211 4404 πολυειδῶς
3260 4344 3382 4406 ταῖς
3435 4345 3763 4412 φαντασίαις

515 4418 592 4470 lio
644 4418 963 4487 praebuisset
997 4419 1361 4482 occasionem,
1420 4434 1524 4487 qua
1575 4421 1630 4472 in
1661 4427 1861 4472 ccetum
1913 4420 2082 4472 totius

2198 4431 2524 4501 ἐγγινομένη.
2559 4428 2630 4484 Ἢ
2660 4431 2768 4503 γὰρ
2808 4433 3140 4502 παραμένει,
3173 4433 3353 4497 καθὼς
3393 4435 3646 4508 εἴρηται,
3681 4438 3762 4508 τῷ

513 4509 693 4576 gentis
717 4511 1126 4564 accerseretur?
1154 4509 1365 4564 Idcirco
1401 4511 1746 4566 statuendum
1770 4520 1875 4573 est,
1905 4509 2082 4564 diver-

513 4615 630 4653 sam
672 4599 863 4654 horum
915 4601 1178 4654 rationem
1204 4616 1345 4666 esse,
1387 4618 1509 4671 qua:
1549 4603 1614 4655 ad
1651 4618 1970 4658 communes
1997 4604 2081 4656 vi-

511 4691 696 4746 siones
727 4705 832 4752 non
865 4701 1148 4760 congruat.
1189 4689 1397 4746 Usitata
1427 4708 1551 4746 vero
1576 4693 1909 4746 somniorum
1943 4693 2078 4758 visa,

509 4782 763 4834 omnibus
785 4781 964 4842 obvia,
1001 4797 1257 4850 perquam
1299 4783 1464 4836 variis
1489 4783 1664 4836 modis
1695 4783 2077 4837 informantur.

508 4871 618 4924 Aut
645 4873 812 4930 enim,
851 4871 1308 4940 quemadmodum
1351 4881 1436 4927 est
1467 4873 1794 4942 expositum,
1849 4876 2076 4930 extremi

505 4959 668 5028 quasi
715 4960 835 5014 soni
881 4961 1204 5014 diurnarum
1232 4961 1574 5016 cll‘ectionum
1615 4963 1670 5017 in
1721 4973 1875 5034 parte
1909 4966 2078 5018 animi

509 5051 894 5106 reminisceute
919 5052 1114 5122 reliqui
1146 5052 1405 5114 tinniunt,
1439 5061 1532 5106 aut
1555 5069 1652 5122 pro
1673 5069 1737 5109 eo
1769 5063 1931 5124 atque
1959 5071 2080 5110 cor-

503 5159 610 5212 pus
649 5143 898 5198 aﬂ‘eetum
931 5153 1037 5208 est,
1093 5145 1304 5198 somnia
1334 5161 1550 5215 quoque
1591 5146 1884 5216 finguntur.
1925 5148 2080 5203 Patet

508 5235 610 5288 hoc
655 5251 720 5290 ex
767 5251 856 5300 eo,
901 5237 1044 5304 quod
1092 5237 1182 5306 qui
1229 5237 1440 5300 sitiunt,
1498 5254 1620 5293 esse
1649 5243 1714 5292 ad
1749 5241 1927 5294 fontes
1957 5257 2078 5295 sese

505 5323 860 5378 existimant:
910 5324 1004 5394 qui
1034 5325 1306 5388 esuriunt,
1353 5325 1406 5378 in
1431 5327 1720 5390 conviviis,
1757 5329 2077 5383 adolescens

507 5431 604 5482 per
647 5424 860 5471 aetatem
905 5417 1219 5483 lasciviens,
1277 5428 1646 5474 consentanea
1699 5419 1906 5473 libidini
1964 5436 2076 5475 sua:

505 5508 854 5579 imaginatur.
885 5511 1144 5580 Equidem
1173 5521 1226 5568 et
1254 5513 1414 5566 aliam
1443 5513 1730 5584 quamdam
1757 5522 1952 5583 praeter
1977 5515 2074 5570 has

507 5597 838 5653 somniorum
865 5616 1090 5656 causam
1114 5601 1300 5666 didici,
1341 5618 1462 5658 cum
1493 5604 1862 5659 necessarium
1889 5621 2074 5674 quem-

569 5751 616 5782 ³³
647 5753 778 5808 Gen.
805 5771 894 5824 ιιι,
933 5757 952 5810 1
994 5775 1144 5829 seqq.

2189 4522 2505 4592 μνημονικῷ
2551 4522 2650 4591 τῆς
2677 4522 2850 4592 ψυχῆς
2881 4523 2986 4576 τῶν
3045 4524 3421 4594 μεθημερινῶν
3471 4527 3764 4597 ἐπιτηδευ-

2188 4613 2371 4682 μάτων
2399 4613 2466 4666 τὰ
2509 4614 2844 4683 ἀπηχήματα
2882 4612 2957 4682 ·ἥ
3013 4615 3272 4678 πολλάκις
3322 4616 3418 4669 καὶ
3467 4617 3608 4687 πρὸς
3657 4618 3763 4680 τὰς

2185 4707 2342 4769 ποιὰς
2370 4706 2462 4758 τοῦ
2495 4705 2742 4775 σώματος
2778 4705 3094 4778 διαθέσεις-ἡ
3123 4705 3232 4759 τῶν
3267 4709 3533 4762 ἐνυπνίων
3583 4711 3762 4764 κατά-

2185 4813 2369 4860 στασις
2393 4795 2779 4874 ἀνατυποῦται.
2814 4796 2968 4848 Οὕτω
2995 4797 3104 4867 γὰρ
3133 4799 3162 4850 ὀ
3191 4798 3426 4869 διψώδης
3459 4802 3516 4852 ἐν
3549 4805 3762 4871 πηγαῖς

2181 4881 2319 4940 εἶναι
2348 4886 2512 4949 δοκεῖ,
2543 4889 2636 4939 καὶ
2675 4889 2730 4939 ἐν
2762 4887 3012 4956 εὐωχίαις
3045 4891 3072 4940 ό
3100 4890 3306 4960 τροφῆς
3333 4891 3756 4961 προσδεόμενος,

2182 4978 2275 5029 καί⁵
2301 4978 2328 5028 ὁ
2359 4977 2494 5040 νέος,
2532 4975 2846 5046 σφριγὼσης
2869 4976 3016 5047 αὐτῷ
3043 4979 3140 5048 τῆς
3169 4977 3402 5048 ἡλικίας,
3433 4980 3758 5051 καταλλήλῳ

2178 5067 2257 5136 τῷ
2307 5067 2464 5120 πάθει
2519 5067 2922 5135 φαντασιοῢται.
2964 5070 3173 5136 Ἔγνων
3207 5069 3263 5122 δὲ
3303 5071 3396 5122 καὶ
3442 5071 3610 5142 ἄλλην
3639 5073 3760 5140 ἐγὼ

2178 5157 2286 5210 τῶν
2323 5157 2442 5210 καθ’
2480 5157 2649 5210 ὕπνου
2691 5159 2996 5228 γενομένων
3034 5161 3240 5225 αἰτίαν,
3277 5161 3594 5232 θεραπεύων
3629 5167 3758 5218 τινὰ

2177 5248 2284 5302 τῶν
2332 5249 2646 5316 ἐπιτηδείων
2677 5251 2954 5304 ἑαλωκότα
2993 5253 3280 5323 φρενίτιδι,
3322 5253 3378 5316 ὃς
3419 5255 3760 5326 βαρούμενος

2177 5343 2240 5410 τῇ
2265 5343 2436 5410 τροφῇ
2465 5340 2662 5394 πλείονι
2687 5343 2784 5412 τῆς
2813 5341 3094 5413 δυνάμεως
3112 5345 3276 5399 αὑτοῦ
3299 5349 3757 5418 προσενεχθείσῃ,

2176 5432 2342 5496 ἐϐόα,
2385 5433 2510 5494 τοὺς
2571 5434 2936 5504 περιεστῶτας
2987 5435 3371 5506 μεμψόμενος,
3419 5439 3502 5491 ὅτι
3559 5439 3761 5510 ἔντερα

2177 5523 2379 5577 κόποου
2415 5523 2798 5595 πληρώσαντες
2831 5521 2942 5580 εἷεν
2967 5527 3364 5592 ἐπιτεθεικότες
3395 5529 3566 5598 αὐτῷ.
