3996 6472
305 363 405 420 17'5
1547 361 1632 413 DE
1678 358 1958 414 HOMINIS
1995 357 2306 414 OPIFICIO.

3447 352 3544 403 I78

305 479 429 530 dam
472 475 808 530 laborantem
848 489 913 530 ex
961 475 1265 545 phrenitide
1311 487 1580 530 curarem.
1616 475 1751 529 Cibo
1785 474 1932 528 enim
1973 473 2227 542 largiore,
2273 485 2432 541 quam
2464 471 2638 541 ipsius
2682 469 2888 524 viribus
2919 469 3252 532 conveniret,
3289 477 3547 537 gravatus

305 569 603 633 clamabat,
639 577 694 623 et
726 577 969 624 astantes
998 569 1338 639 objurgabat,
1369 567 1720 638 quamobrem
1749 568 2007 623 intestina
2040 581 2197 621 οωηο
2235 567 2439 634 repleta
2470 566 2574 620 sibi
2614 565 3019 635 imposuissent.

373 683 482 735 Καὶ
509 681 607 752 ήδη
668 681 761 734 τοῦ
787 681 1034 751 σώματος
1079 680 1224 750 αὐτῷ
1284 681 1420 752 πρὸς
1467 679 1662 750 ἱδρῶτα
1713 678 1878 732 σπεύ-

2049 679 2295 746 Cumque
2330 677 2439 746 jam
2472 691 2670 744 corpus
2695 675 2926 745 quodam
2958 689 3080 728 cum
3132 675 3332 743 impetu
3375 676 3545 729 sudo-

303 773 505 837 δοντος,
554 773 742 844 ᾐτιᾶτο
788 773 913 836 τοὺς
961 773 1233 842 παρόντας
1279 773 1422 842 ὓδωρ
1473 772 1614 842 ἔχειν
1655 772 1880 842 ἡτοιμα-

309 866 529 935 σμένον,
554 867 636 933 EQ‘
659 858 703 931 ᾧ
728 877 786 916 τε
809 863 1139 933 καταϐρέξαι
1174 863 1444 933 κείμενον,
1471 865 1562 916 καὶ
1588 863 1687 916 ούκ
1719 861 1879 914 ἐνεδί-

305 957 399 1009 δου
425 956 581 1026 βοῶν,
599 955 702 1016 ἕως
726 957 758 1026 ἡ
782 953 1004 1017 ἔκϐασις
1018 954 1126 1006 τῶν
1142 955 1394 1006 τοιούτων
1417 953 1674 1024 μέμψεων
1689 951 1785 1014 τὰς
1798 953 1884 1003 αῖ-

306 1047 428 1109 τίας
442 1049 684 1118 ἡρμήνευ
694 1064 800 1099 σεν.
831 1045 1065 1116 Ἀθρόως
1081 1044 1188 1116 γὰρ
1207 1043 1366 1114 ἱδρώς
1383 1061 1439 1096 τε
1461 1044 1625 1105 πολὺς
1641 1041 1881 1113 ἐπεῤῥύη

305 1135 386 1206 τῷ
403 1137 636 1205 σώματι,
658 1137 749 1188 καὶ
770 1135 803 1206 ἡ
828 1135 1037 1206 γαστὴρ
1067 1135 1438 1203 ύποφθαρεῖσα
1456 1135 1552 1206 τὴν
1581 1137 1636 1187 ἐν
1669 1137 1780 1197 τοῖς
1800 1136 1884 1185 ὲν-

305 1227 490 1297 τέροις
522 1226 801 1296 βαρύτητα
829 1227 1174 1296 διεσήμανεν.
1207 1228 1382 1298 Ὅπερ
1413 1227 1612 1287 τοίνυν,
1647 1225 1888 1294 ἀμϐλυν-

310 1316 496 1387 θείσης
545 1318 648 1370 ὑπὸ
688 1317 785 1386 τῆς
815 1317 969 1370 νόσου
1010 1317 1106 1385 τῆς
1136 1318 1368 1387 νήιζιεως,
1400 1316 1635 1387 ἔπασχεν
1663 1317 1695 1386 ἡ
1729 1315 1886 1384 φύσις

313 1412 761 1482 συνδιατιθεμένη
817 1411 895 1482 τῷ
947 1411 1109 1466 πάθει
1157 1411 1249 1464 τοῦ
1316 1411 1582 1480 σώματος,
1637 1409 1730 1462 τοῦ
1792 1410 1886 1474 μὲν

310 1503 592 1573 ὀχλοῦντος
630 1505 729 1556 οὐκ
782 1503 1123 1572 ἀναισθήτως
1154 1502 1370 1573 ἔχουσα,
1391 1502 1718 1570 διασαφῆναι
1746 1501 1802 1553 δὲ
1826 1501 1886 1554 τὸ

311 1593 516 1647 λυποῦν
561 1594 824 1665 ἐναργῶς,
855 1593 943 1646 διὰ
991 1593 1089 1664 τὴν
1121 1596 1183 1646 ὲκ
1226 1593 1324 1664 τῆς
1362 1594 1516 1646 νόσου
1543 1593 1885 1665 παραφορὰν,

311 1689 412 1739 οὐκ
466 1685 750 1756 ἰσχύουσα·
797 1685 955 1738 τοῦτο
987 1687 1128 1740 κατὰ
1164 1686 1224 1739 τὸ
1263 1687 1429 1750 εἰκὸς,
1458 1689 1506 1738 εἰ
1536 1687 1609 1757 μὴ
1638 1687 1696 1751 ἐξ
1715 1687 1888 1759 apem-

315 1778 488 1840 στίας.
528 1778 662 1830 ἀλλὰ
689 1777 764 1848 τῷ
789 1779 929 1830 κατὰ
957 1778 1116 1846 φύσιν
1147 1778 1298 1849 ὕπνῳ
1331 1778 1391 1831 τὸ
1418 1779 1758 1850 διανοητικὸν
1790 1781 1887 1850 τῆς

319 1866 500 1936 ψυχῆς
546 1867 914 1938 κατηυνάσθη,
942 1868 1189 1921 ἐνύπνιον
1221 1868 1286 1921 ἂν
1338 1869 1414 1939 τῷ
1467 1867 1637 1932 οὔτως
1689 1869 1889 1922 διακει-

320 1960 463 2029 μένῳ
508 1959 736 2026 ἐγίνετο,
772 1960 922 2014 ὕδατι
958 1960 1056 2030 μὲν
1101 1961 1200 2030 τῆς
1225 1960 1316 2013 τοῦ
1354 1960 1575 2030 ἱδρῶτος
1605 1961 1885 2031 ἐπιρροῆς,

1980 786 2093 825 rem
2123 784 2506 838 expressurum
2536 775 2674 829 erat,
2697 766 2988 820 accusabat
3012 781 3105 820 eos
3138 767 3229 835 qui
3269 765 3543 829 adessent,

1982 860 2137 929 quasi
2167 874 2360 928 aquam
2407 859 2472 912 ad
2506 873 2699 911 manus
2730 858 3016 921 haberent,
3071 872 3176 926 qua
3231 857 3405 925 ipsum
3462 857 3546 926 ja—

1983 963 2194 1006 centem
2262 957 2658 1020 respergerent.
2709 949 3032 1018 llujusmodi
3097 950 3363 1005 clamores
3432 966 3543 1004 non

1985 1041 2401 1101 intermittebat,
2435 1039 2610 1093 donec
2635 1050 2866 1092 eventus
2895 1041 3034 1107 ipse,
3066 1053 3188 1106 qua:
3226 1039 3415 1092 harum
3463 1039 3551 1092 in-

1986 1133 2357 1201 crepatiouum
2423 1146 2601 1184 causa:
2651 1138 2856 1194 essent,
2908 1129 3226 1183 declararet.
3274 1131 3546 1185 Continuo

1987 1225 2131 1278 enim
2165 1223 2335 1278 sudor
2367 1223 2624 1292 copiosus
2645 1238 2674 1276 e
2707 1237 2936 1290 corpore
2969 1223 3239 1280 manabat.
3277 1233 3330 1278 et
3363 1232 3550 1279 venter

1993 1313 2208 1366 solutus
2252 1313 2396 1382 quod
2449 1313 2627 1366 isthuc
2701 1321 2848 1366 esset
2899 1312 2952 1364 in
3008 1313 3288 1367 intestinis
3338 1325 3550 1382 pondus

1997 1404 2364 1472 significabat.
2398 1403 2554 1468 Quod
2593 1403 2756 1473 igitur
2790 1402 2989 1456 accidit
3023 1404 3284 1458 hebetatae
3317 1421 3413 1473 per
3441 1406 3550 1459 vim

1988 1496 2164 1550 morbi
2204 1503 2430 1557 naturae,
2462 1510 2583 1564 qua:
2605 1495 2792 1547 morbo
2827 1495 3074 1563 corporis
3104 1495 3459 1558 afﬁciebatur,
3492 1506 3552 1550 ut

1989 1588 2118 1658 quid
2173 1603 2336 1658 grave
2375 1587 2773 1656 molestumque
2818 1588 2923 1642 sibi
2963 1598 3129 1648 esset,
3177 1603 3286 1641 non
3329 1589 3554 1643 omnino

1989 1681 2287 1750 ignoraret,
2339 1679 2582 1732 indicare
2636 1687 2818 1732 tamen
2873 1693 2968 1748 per
3024 1688 3197 1732 ortam
3242 1695 3306 1733 ex
3361 1680 3553 1734 morbo

1989 1765 2368 1821 delirationem
2403 1765 2544 1819 unde
2590 1764 2900 1827 laederetur,
2935 1768 3223 1836 perspicue
3257 1784 3364 1822 non
3409 1769 3549 1822 vale‘

1991 1860 2171 1915 retzid
2197 1866 2623 1914 consentaneum
2648 1866 2752 1922 est,
2792 1861 2838 1914 si
2864 1859 3005 1914 forte
3027 1877 3134 1915 non
3161 1877 3226 1915 ex
3245 1862 3556 1915 invalitudi-

1991 1965 2079 2014 ne,
2125 1952 2218 2003 sed
2257 1951 2494 2003 naturali
2527 1965 2721 2004 somno
2759 1952 3069 2022 intelligens
3121 1955 3285 2008 animi
3321 1955 3554 2009 facultas

316 2051 548 2122 ἐντέρων
593 2051 649 2104 δέ
679 2051 831 2122 βάρει
871 2053 971 2122 τῆς
1017 2052 1158 2106 κατὰ
1205 2051 1300 2122 τὴν
1337 2053 1541 2123 τροφὴν
1595 2053 1888 2122 ἀχθηδόνος

2002 2043 2164 2110 sopita
2190 2040 2468 2105 fuisset,in
2504 2041 2724 2096 homine
2755 2043 2834 2096 sic
2864 2043 3056 2098 affecto
3083 2048 3352 2100 somnium
3380 2048 3556 2116 quod—

243 2182 245 2184 .
319 2142 746 2214 σημαινομένης.
778 2140 946 2196 Τοῦτο
991 2145 1084 2197 καὶ
1111 2144 1322 2207 πολλοῖς
1360 2145 1469 2198 τῶν
1497 2146 1596 2216 τὴν
1641 2145 1892 2216 ἰατρικὴν

316 2234 764 2305 πεπαιδευμένων
811 2237 978 2298 δοκεῖ,
1025 2238 1174 2308 παρὰ
1229 2238 1328 2300 τὰς
1386 2237 1494 2289 τῶν
1548 2236 1892 2306 παθημάτων

315 2325 704 2395 διαφορὰς,κα“ι
737 2325 836 2388 τὰς
867 2326 972 2380 τῶν
1003 2327 1268 2379 ἐνυπνίων
1306 2325 1455 2395 ὄψεις
1484 2329 1594 2388 τοῖς
1625 2326 1891 2392 κάμνουσι

316 2415 565 2484 γίνεσθαι
589 2431 602 2444 ο
637 2415 802 2479 ἄλλας
856 2420 954 2486 μὲν
999 2417 1106 2468 τῶν
1149 2416 1577 2487 στομαχούντων,
1606 2417 1798 2486 ἐτέρας
1836 2415 1893 2469 δὲ

317 2509 430 2560 τῶν
461 2509 862 2578 κεκακωμένων
908 2509 1006 2572 τὰς
1053 2511 1342 2579 μήνιγγας,
1379 2509 1473 2562 καὶ
1506 2508 1613 2560 τῶν
1642 2511 1699 2560 ὲν
1728 2525 1895 2577 πυρε-

317 2603 431 2662 τοῖς
473 2601 634 2653 πάλιν
675 2601 886 2668 ἑτέρας,
920 2600 1027 2652 τῶν
1068 2618 1126 2652 τε
1183 2601 1324 2653 κατὰ
1352 2600 1532 2672 χολὴν,
1569 2601 1661 2652 καὶ
1706 2599 1810 2651 τῶν
1837 2600 1894 2651 ἐν

319 2691 596 2761 ςλέγματι
623 2693 977 2762 κακουμένων
1021 2691 1079 2744 ού
1122 2691 1218 2753 τὰς
1253 2691 1448 2752 αὑτὰς,
1496 2689 1724 2742 καὶτῶν
1762 2689 1896 2759 πλη-

321 2781 592 2852 θωρικῶν,
618 2782 840 2834 καὶτῶν
870 2783 1236 2852 ἐκτετηκύτων
1273 2781 1433 2833 πάλιν
1481 2780 1664 2842 ἄλλας.
1711 2779 1800 2844 Ἐξ
1822 2773 1895 2832 ὧν

322 2874 471 2927 ἔστιν
501 2873 642 2933 ἰδεῖν,
670 2875 750 2926 ὅτι
788 2874 822 2943 ἠ
845 2873 1120 2944 ,θρεπτική
1154 2889 1213 2924 τε
1249 2875 1340 2924 καὶ
1369 2871 1636 2942 αὐξητικὴ
1671 2869 1898 2940 δύναμις

321 2966 422 3035 τῆς
455 2965 630 3035 ψυχῆς
651 2965 749 3037 ἔχῃ
782 2983 834 3017 τι
872 2966 964 3017 καὶ
992 2963 1084 3016 τοῦ
1115 2962 1302 3035 νοεροῦ
1345 2963 1899 3032 συγκατεσπαρμένον

322 3057 463 3126 αὐτῇ
494 3056 582 3108 διὰ
631 3057 729 3125 τῆς
761 3056 1147 3126 ἀνακράσεως,
1184 3054 1212 3106 ὂ
1239 3056 1305 3124 τῇ
1354 3055 1486 3124 ποιᾷ
1534 3053 1768 3106 διαθέσει
1806 3053 1898 3106 τοῦ

324 3144 580 3215 σώματος
611 3146 808 3216 τρόπον
855 3146 978 3197 τινὰ
1015 3143 1376 3214 ἐξομοιοῦται,
1411 3145 1504 3197 καὶ
1557 3145 1617 3197 τὺ
1667 3146 1900 3215 ἐπικρα-

323 3235 452 3289 τοῦν
481 3235 649 3299 πάθος
694 3240 813 3299 ταῖς
863 3237 1179 3306 φαντασίαις
1235 3236 1731 3307 μεθαρμοζόμενον.
1779 3235 1900 3288 Ἔτι

323 3327 384 3380 δὲ
430 3328 522 3380 καὶ
569 3328 702 3398 πρὸς
741 3327 839 3391 τὰς
885 3327 992 3380 τῶν
1041 3327 1184 3396 ἠθῶν
1223 3329 1584 3390 καταστάσεις
1631 3329 1899 3382 τυποῦται

326 3418 542 3481 πολλοῖς
566 3418 632 3470 τὰ
661 3418 904 3472 ἐνύπνια.
924 3418 1090 3470 Ἀλλα
1113 3418 1207 3470 τοῦ
1236 3419 1501 3490 ἀνδρείου,
1521 3419 1613 3471 καὶ
1645 3417 1778 3472 ἄλλα
1807 3418 1899 3470 τοῦ

325 3509 502 3562 δειλοῦ
525 3510 591 3561 τὰ
626 3511 984 3579 φαντάσματα
1010 3526 1023 3539 ’
1060 3510 1206 3564 ἄλλοι
1234 3509 1327 3562 τοῦ
1357 3510 1654 3563 ἀκολάστου
1679 3509 1899 3580 ὄνειροι,

327 3603 425 3654 καὶ
455 3601 602 3654 ἄλλοι
649 3601 742 3654 τοῦ
788 3602 1169 3670 σώφρονος-ἐν
1217 3601 1422 3672 ἑτέροις
1451 3603 1478 3653 ὁ
1519 3601 1898 3668 μεταδοτικὸς,

328 3694 426 3748 καὶ
475 3696 532 3746 ἐν
589 3693 797 3764 ἑτέροις
837 3692 1223 3762 φαντασιοῦται
1265 3695 1291 3744 ὁ
1328 3691 1629 3760 ἄπληστος,
1665 3688 1898 3760 οὐδαμοῦ

329 3785 432 3853 τῆς
463 3784 698 3847 διανοίας
719 3823 733 3846 ,
768 3783 902 3836 ἀλλὰ
936 3783 1035 3851 τῆς
1071 3782 1418 3852 ἁλογωτέρας
1445 3781 1732 3846 διαθέσεως
1753 3784 1808 3833 ἐν
1834 3784 1899 3852 τῇ

327 3877 476 3947 ψυχῇ
515 3877 610 3936 τὰς
635 3875 890 3938 τοιαύτας
920 3876 1218 3944 φαντασίας
1240 3874 1638 3944 ἀνατυπούσης,
1661 3870 1742 3937 οἷς
1774 3891 1904 3944 προ-

330 3967 542 4038 ειθίσθη
571 3966 658 4020 διὰ
693 3967 792 4035 τῆς
823 3967 942 4018 καθ’
977 3966 1124 4036 ῦπαρ
1161 3966 1408 4035 μελέτης,
1457 3965 1660 4019 τούτων
1694 3965 1791 4027 τὰς
1829 3967 1905 4017 εἰ·

331 4059 496 4121 κύνας
525 4057 620 4111 καὶ
653 4059 711 4110 ὲν
740 4060 848 4120 τοῖς
881 4057 1152 4119 ἐνυπνίοις
1189 4056 1656 4125 ἀναπλαττούσης.

1993 2133 2117 2186 dam
2161 2132 2403 2186 futurum
2451 2133 2642 2198 fuisse,
2689 2135 2745 2187 in
2784 2151 2892 2204 quo
2951 2152 3046 2205 per
3089 2153 3282 2206 aquam
3339 2140 3557 2194 sudoris

1993 2221 2182 2285 fluxio,
2224 2238 2322 2292 per
2353 2224 2736 2278 intestinorum
2762 2226 2976 2294 pondus
3007 2227 3111 2282 cibi
3146 2239 3292 2283 esset
3319 2233 3558 2300 gravitas

1995 2315 2326 2384 significata.
2363 2316 2510 2370 ldem
2548 2318 2794 2386 plerique
2824 2319 3016 2374 medici
3053 2330 3316 2382 statuunt.
3350 2325 3439 2392 qui
3473 2340 3560 2377 se-

1994 2406 2229 2460 cundum
2283 2408 2594 2462 morborum
2643 2409 2962 2463 discrimina
3012 2413 3349 2467 somniorum
3393 2415 3556 2468 etiam

1997 2497 2207 2566 species
2249 2496 2495 2553 diversas
2541 2500 2701 2569 azgris
2739 2500 2986 2555 accidere
3031 2501 3298 2556 atlirmant
3353 2520 3367 2556 :
3423 2507 3559 2561 alias

1995 2588 2256 2642 nimirum
2299 2590 2365 2643 iis
2403 2590 2498 2659 qui
2533 2592 2802 2646 stomachi
2844 2593 2978 2646 vitio
3013 2593 3285 2659 laborent,
3322 2597 3462 2651 alias
3496 2600 3562 2652 iis

1997 2679 2196 2749 quibus
2238 2682 2446 2734 cerebri
2493 2683 2822 2737 membrana:
2870 2683 2980 2738 sint
3030 2685 3189 2749 ltesaa,
3240 2689 3373 2743 alias
3428 2690 3564 2743 febri

2000 2773 2300 2840 correptis,
2369 2773 2504 2827 alias
2554 2773 2620 2827 iis
2663 2775 2862 2844 quibus
2914 2775 3118 2830 nimius
3168 2777 3292 2832 bilis
3347 2780 3562 2846 humor,

1999 2861 2135 2914 alias
2167 2862 2364 2930 quibus
2396 2863 2584 2928 pituita
2615 2865 2686 2918 sit
2722 2866 2946 2919 molesta
2975 2881 2989 2918 :
3019 2865 3253 2937 denique
3283 2869 3386 2922 alia
3419 2887 3567 2924 soru—

2001 2953 2212 3006 niorum
2255 2954 2370 3006 visa
2417 2956 2563 3009 succi
2602 2957 2774 3026 plenis
2803 2960 3148 3027 corporibus,
3186 2962 3289 3014 alia
3327 2979 3567 3022 marces-

2001 3045 2250 3097 centibus
2306 3046 2493 3111 objici.
2558 3045 2630 3100 De
2683 3048 2886 3115 quibus
2930 3052 3184 3107 omnibus
3222 3053 3406 3108 videre
3457 3064 3564 3116 est.

2001 3139 2329 3192 nutrientem
2368 3149 2889 3210 accrescentemque
2927 3142 3234 3200 facultatem
3267 3147 3430 3200 animi
3457 3165 3566 3203 non

2002 3229 2138 3283 nihil
2169 3230 2330 3284 etiam
2383 3231 2450 3285 de
2505 3231 2558 3284 vi
2619 3231 2952 3302 intelligente
3000 3236 3101 3289 sibi
3154 3237 3462 3306 inspersum
3499 3255 3568 3295 ex

2004 3330 2369 3392 temperatura
2399 3331 2586 3377 mutua
2618 3327 2918 3389 continere,
2969 3329 3110 3397 quod
3161 3330 3405 3398 corporis
3449 3330 3573 3387 affe-

2007 3417 2173 3470 ctioni
2202 3419 2433 3487 quodam
2457 3419 2618 3472 modo
2637 3421 2923 3476 consimile
2945 3421 3225 3484 reddatur.
3245 3432 3298 3477 et
3324 3426 3571 3482 diversas

2008 3508 2432 3579 imaginationes
2463 3518 2760 3565 nocturnas
2789 3527 2887 3580 pro
2919 3514 3090 3566 morbi
3114 3513 3432 3570 diversitate
3456 3517 3572 3572 elli-

2011 3598 2143 3652 ciat.
2201 3599 2297 3653 Est
2347 3607 2400 3653 et
2450 3600 2593 3653 aliud
2642 3601 2979 3655 somniorum
3041 3603 3311 3670 quoddam
3370 3621 3570 3674 genus,

2007 3687 2151 3757 quod
2215 3704 2311 3755 pro
2368 3705 2579 3742 morum
2643 3690 2908 3759 cujusque
2966 3692 3227 3746 varietate
3286 3692 3570 3749 formatur.

2011 3778 2150 3832 Sunt
2187 3779 2330 3833 enim
2362 3780 2478 3832 aliae
2518 3780 2752 3837 hominis
2795 3781 2970 3847 fortis,
3009 3783 3127 3836 alia:
3171 3783 3340 3838 timidi
3378 3786 3576 3856 imagi-

2008 3871 2254 3926 nationcs
2293 3881 2572 3926 nocturnae
2615 3891 2627 3926 :
2664 3872 2767 3926 alia
2806 3877 3188 3943 temperantis,
3230 3877 3441 3946 aliaque
3486 3879 3574 3935 in-

2009 3963 2359 4032 temperantis
2389 3966 2631 4030 somnia;
2681 3965 2783 4018 alia
2831 3965 3034 4019 homini
3075 3967 3298 4020 avaritia
3335 3969 3575 4037 inexple-

2010 4053 2135 4116 bili.
2174 4054 2277 4107 alia
2317 4055 2522 4109 liberali
2572 4072 2666 4124 per
2707 4072 2958 4111 somnum
3005 4057 3358 4127 objiciuntur.
3400 4061 3577 4128 Atque

334 4156 450 4205 visa
485 4152 598 4205 haec
626 4166 968 4220 nequaquam
1005 4167 1180 4215 mens,
1214 4150 1307 4205 sed
1342 4167 1536 4221 expers
1567 4152 1657 4204 illa
1687 4149 1914 4203 rationis
1950 4149 2005 4202 in
2036 4149 2214 4202 anima
2235 4149 2446 4204 affectio
2476 4150 2922 4206 iuformaLNam
2952 4153 3150 4222 quibus
3179 4155 3301 4223 quis
3337 4157 3578 4210 aSsuevit

333 4244 533 4298 diurno
567 4243 768 4309 studio,
812 4257 999 4297 eorum
1043 4243 1096 4296 in
1138 4243 1344 4297 somnis
1381 4243 1544 4297 etiam
1588 4243 1880 4298 simulacra
1928 4241 2098 4310 tingit.

858 4383 1250 4436 ΚΕΦΑΛΑΙΟΝ
1298 4384 1394 4440 1Δ’.

338 4476 467 4554 Ὀτι
492 4476 603 4554 ρύκ
629 4475 700 4527 ἐν
718 4474 881 4554 μέρει
909 4475 1015 4530 τοῦ
1043 4474 1310 4553 σώματος
1350 4479 1381 4528 ό
1418 4475 1581 4554 νοῦς.
1619 4475 1712 4526 Ἐν
1729 4466 1785 4553 εἶ)
1808 4473 1903 4526 καὶ

2590 4380 2816 4435 CAPUT
2863 4379 3004 4434 XIV.

2016 4470 2241 4526 Mentem
2267 4482 2410 4526 certa
2430 4473 2656 4543 quadam
2705 4476 2758 4527 in
2780 4476 3011 4541 corporis
3035 4485 3182 4541 parte
3206 4494 3306 4529 non
3335 4479 3578 4541 existere,

408 4543 862 4626 διάκρισιςίτῶν
891 4563 952 4598 τε
1001 4543 1351 4614 σωματικῶν
1389 4547 1485 4599 καὶ
1523 4543 1798 4614 ψυχικῶν
1830 4562 1898 4596 xt-

2084 4543 2414 4624 declarutum
2445 4561 2461 4596 :
2487 4555 2740 4606 prirterea
2767 4547 3006 4613 corporis
3037 4556 3085 4598 et
3135 4549 3298 4600 animi
3345 4559 3579 4602 motuum

409 4616 703 4683 νημάτων.

428 4727 586 4780 Ἀλλᾶ
650 4727 784 4780 πολὺ
839 4727 945 4779 τῶν
998 4728 1369 4799 προκειμένων
1427 4725 1908 4796 ἁπεπλανήθημεν.

337 4819 520 4884 Δεῖξαι
551 4819 659 4890 γὰρ
699 4820 830 4888 ἡμῖν
859 4819 886 4870 ὁ
908 4817 1062 4886 λόγος
1097 4818 1354 4889 προέθετο
1385 4819 1464 4884 τὸ,
1513 4819 1585 4888 μὴ
1623 4819 1773 4888 μέρει
1806 4818 1911 4870 τινὶ

339 4907 436 4960 τοῦ
479 4907 726 4977 σώματος
759 4907 1058 4960 ἐνδεδέσθαι
1084 4909 1174 4961 τὸν
1199 4909 1320 4962 νοῦν
1351 4927 1363 4939 ·
1392 4909 1526 4962 ἀλλὰ
1551 4909 1750 4969 παντὸς
1773 4907 1912 4960 κατὰ

339 5001 404 5052 τδ
437 4999 547 5050 ἴσον
581 5001 956 5067 ἐφάπτεσθαι,
987 5001 1333 5072 καταλλήλως
1369 5005 1434 5071 τῇ
1466 5001 1624 5070 φύσει
1656 5000 1747 5052 τοῦ
1777 5000 1914 5051 ὑπο-

342 5089 595 5158 κειμένου
634 5091 830 5161 μέρους
873 5093 1197 5164 ἐνεργοῦντα
1249 5093 1346 5162 τὴν
1402 5092 1633 5162 κίνησιν.
1664 5093 1818 5142 Ἐστι
1859 5090 1914 5141 δὲ

342 5184 476 5235 ὅπου
523 5183 615 5234 καὶ
648 5183 1003 5236 ἐπακολουθεῖ
1040 5187 1157 5247 ταῖς
1188 5187 1443 5252 φυσικαῖς
1484 5185 1676 5252 ὁρμαῖς
1701 5185 1728 5234 ὁ
1769 5181 1912 5244 νοῦς,

342 5267 457 5327 οἷον
494 5274 775 5344 ὑπηρέτης
815 5277 1122 5345 γενόμενος.
1159 5277 1490 5345 Καθηγεῖται
1519 5276 1627 5345 γὰρ
1660 5275 1917 5337 πολλάκις

345 5363 499 5434 ήτοῦ
542 5364 790 5435 σώματος
835 5367 1015 5434 φύσις,
1051 5367 1144 5419 καὶ
1189 5367 1282 5419 τοῦ
1334 5366 1625 5429 λυποῦντος
1669 5367 1916 5436 αἴσθησιν

347 5457 649 5518 ἐντιθεῖσα,
694 5457 787 5508 καὶ
833 5456 924 5508 τοῦ
982 5457 1361 5526 εὐφραίνοντος
1411 5457 1734 5524 ἐπιθυμίαν,
1779 5456 1918 5508 ὣστε

346 5547 552 5616 ταύτην
580 5547 677 5617 μὲν
712 5548 811 5609 τὰς
841 5547 1058 5618 πρώτας
1092 5549 1348 5619 παρέχειν
1377 5549 1569 5618 ἀρχὰς,
1597 5550 1629 5620 ἦ
1664 5548 1919 5620 βρώσεως

347 5637 562 5709 ὄρεξιν,
599 5639 632 5708 ἦ
674 5656 818 5701 τινος
869 5640 1004 5702 ὅλως
1051 5640 1158 5691 τῶν
1193 5639 1311 5714 καθ’
1363 5640 1552 5711 ἡδονὴν
1604 5640 1700 5711 τὴν
1745 5640 1920 5710 ὁρμὴν

349 5732 702 5802 ἐμποιοῦσαν,
730 5734 820 5785 τὸν
860 5734 916 5787 δὲ
958 5734 1082 5788 νοῦν
1129 5734 1477 5805 ἐκδεχόμενον
1515 5735 1613 5796 τὰς
1668 5735 1921 5797 τοιαύτας

350 5823 548 5894 ὁρμὰς,
572 5827 691 5888 ταῖς
733 5825 959 5890 οἰκείαις
1003 5825 1298 5897 περινοίαις
1337 5825 1433 5888 τὰς
1480 5827 1606 5894 πρὸς
1638 5826 1695 5878 το
1729 5825 1922 5878 ποθού-

2084 4615 2366 4667 discrimen
2397 4617 2712 4683 expositum.

2087 4724 2282 4778 Verum
2315 4727 2590 4780 enimvero
2640 4728 2796 4796 longe
2853 4729 2919 4781 ab
2961 4744 3046 4792 eo,
3105 4744 3214 4798 quo
3251 4730 3316 4781 de
3355 4732 3442 4800 agi
3469 4747 3582 4785 cte-

2014 4824 2166 4887 ptum
2217 4825 2356 4879 erat,
2423 4819 2654 4888 digressi
2707 4836 2919 4875 sumus.
2971 4820 3389 4876 lnstituerauuis
3436 4823 3580 4877 enim

2015 4910 2409 4971 demonstrare,
2445 4921 2676 4963 mentem
2718 4913 2859 4979 parti
2907 4913 3158 4981 corporis
3185 4914 3346 4965 alicui
3389 4915 3577 4982 alliga-

2016 5014 2194 5069 gatam
2226 5017 2328 5054 non
2365 5017 2524 5054 esse:
2558 5003 2649 5056 sed
2693 5019 2813 5055 eum
2864 5011 2985 5055 toto
3032 5005 3147 5072 pari
3194 5005 3405 5058 ratione
3452 5021 3585 5057 ron-

2011 5093 2188 5162 jungi,
2211 5091 2528 5147 efﬁcientem
2562 5105 2763 5146 motum
2793 5095 2843 5146 in
2878 5096 3134 5148 membris
3161 5097 3332 5164 partis
3363 5097 3586 5164 cujusli-

2017 5183 2108 5235 bet
2164 5192 2372 5237 naturie
2429 5195 2875 5239 consentaneum.
2944 5183 3027 5238 Fit
3083 5195 3262 5238 autem
3311 5186 3584 5239 interdum

2018 5273 2205 5335 etiam,
2241 5282 2299 5326 ut
2335 5290 2485 5327 mens
2523 5283 2778 5344 tanquam
2814 5274 3085 5334 minister,
3119 5287 3328 5328 natura:
3360 5276 3589 5328 libi-lini-

2021 5364 2119 5417 bus
2152 5365 2501 5433 obtemperet.
2543 5364 2695 5434 Srepe
2726 5365 2871 5420 enim
2903 5367 3153 5436 corporis
3194 5375 3388 5419 natura
3432 5365 3588 5419 ducis

2019 5456 2257 5510 ofticiuin
2293 5465 2539 5525 usurpat,
2579 5459 2652 5510 ita
2677 5466 2734 5511 ut
2771 5467 2825 5512 et
2859 5463 3105 5513 nocentis
3135 5459 3211 5512 rei
3255 5473 3501 5517 sensum,
3538 5465 3592 5511 et

2017 5547 2269 5616 jucunda:
2293 5565 2354 5602 ac
2386 5557 2551 5618 grata:
2572 5549 2898 5604 desiderium
2925 5551 3142 5604 excitet.
3165 5549 3420 5619 Adeoque
3451 5552 3506 5602 tit
3533 5559 3592 5601 ut

2022 5640 2334 5718 expetendis
2360 5642 2521 5696 rebus
2547 5645 2889 5696 occasionem
2915 5659 3109 5711 corpus
3139 5643 3391 5711 praebeat,
3426 5657 3488 5696 ac
3509 5644 3593 5696 vel

2024 5732 2127 5783 cibi
2167 5733 2246 5784 vel
2291 5734 2590 5804 voluptatis
2625 5734 2858 5802 alicujus
2903 5734 3184 5788 libidinem
3220 5735 3376 5788 nobis
3408 5735 3590 5799 indat;

2025 5838 2177 5878 mens
2209 5833 2386 5879 autem
2431 5826 2740 5896 hujusmodi
2774 5826 3096 5896 cupiditates
3137 5827 3423 5893 excipiens,
3474 5839 3586 5877 om-
