3996 6496
460 342 562 398 (τε

1726 338 1783 393 S.
1815 334 2139 394 GREGORII
2179 335 2473 393 NYSSENI

3600 332 3700 386 176

459 472 557 515 nes
608 454 848 511 rationes
884 461 939 511 et
978 452 1208 508 consilia
1247 450 1463 522 corpori
1511 450 1909 514 accommodet,
1958 460 2014 505 ut

2125 466 2284 520 μενον
2339 451 2591 523 ἀφορμὰς
2657 449 3062 522 συνεκπορίζειν
3110 448 3188 519 τῷ
3227 446 3464 518 σώματι.
3519 444 3596 500 Th
3640 447 3700 500 δὲ

458 548 735 605 industria
781 564 879 604 sua
928 545 1072 616 quod
1119 544 1395 612 expetitur
1441 543 1704 598 inveniat.
1754 541 1874 596 Non
1922 542 2026 598 hoc

457 641 599 710 apud
627 656 820 696 omnes
844 639 1097 694 homines
1126 638 1306 690 locum
1331 634 1532 689 habet:
1554 634 1648 689 sed
1677 633 1896 687 illorum
1918 643 2023 697 est,

458 733 610 802 quia
642 739 840 786 natura
883 726 1175 798 mancipiis
1214 740 1381 794 quam
1425 723 1691 780 simillimi
1725 724 2017 782 exsistunt.

455 824 537 880 illi
583 825 750 887 enim,
801 837 923 877 cum
966 829 1176 875 naturae
1224 817 1543 873 libidinibus
1596 818 1859 871 rationem
1906 823 2025 869 tan—

455 932 619 987 quam
659 930 771 971 rem
819 912 1058 983 mancipi
1112 912 1384 966 addictam
1442 907 1771 977 subjiciant,
1823 906 2024 963 mentis

454 1006 664 1063 scilicet
699 1018 867 1074 Opera
915 1004 971 1057 in
1015 1000 1290 1056 adulando
1341 1013 1605 1054 sensuum
1648 997 2023 1066 voluptatibus

456 1097 708 1153 servilem
752 1096 808 1149 in
852 1094 1072 1148 modum
1122 1092 1440 1146 abutuntur.
1482 1089 1565 1143 Ab
1598 1088 1667 1144 iis
1717 1097 1899 1151 autem
1927 1088 2022 1159 qui

455 1188 815 1260 perfectiores
844 1195 994 1253 sunt,
1016 1182 1121 1240 hoc
1149 1197 1494 1253 nequaquam
1518 1180 1845 1236 admittitur.
1869 1179 2022 1259 Meus

454 1278 600 1334 enim
631 1278 687 1333 in
714 1279 800 1333 his
827 1277 988 1332 ducis
1016 1276 1194 1331 ollicio
1226 1274 1469 1345 fungitur
1497 1292 1511 1327 :
1536 1272 1791 1342 quodque
1818 1287 1888 1327 ex
1916 1286 2021 1325 usu

454 1378 563 1434 est,
612 1370 682 1425 de
727 1368 955 1424 rationis
996 1366 1219 1436 judicio,
1262 1380 1367 1419 non
1402 1364 1625 1418 libidine
1673 1363 1845 1417 ullius
1888 1361 2021 1417 ail‘e-

453 1461 654 1517 ctionis
684 1460 856 1530 eligit.
914 1458 1084 1528 Atque
1121 1457 1286 1527 hujus
1320 1457 1478 1511 ducis
1530 1454 1776 1525 vestigiis
1824 1461 2021 1507 natura

452 1554 738 1618 insistens,
771 1550 1167 1621 praecedentem
1207 1549 1477 1618 sequitur.
1511 1545 1777 1602 Caeterum
1801 1545 1902 1600 etsi
1930 1561 2023 1600 su-

451 1648 669 1718 periore
708 1645 960 1699 oratione
1004 1642 1342 1695 declaratum
1385 1646 1490 1702 est,
1540 1637 1738 1706 triplex
1795 1650 1918 1691 esse
1965 1634 2020 1689 in

442 1736 670 1792 vivendi
704 1734 963 1790 facultate
1006 1732 1326 1793 discrimen,
1361 1738 1421 1784 ut
1463 1729 1570 1783 alia
1620 1729 1693 1782 sit
1738 1729 1848 1781 vita
1900 1740 2020 1796 quae

450 1831 668 1902 quidem
704 1826 1000 1887 nutriatur,
1040 1838 1237 1893 expers
1279 1829 1462 1876 tamen
1515 1820 1588 1875 sit
1632 1834 1827 1875 sensus
1868 1838 1880 1873 :
1914 1819 2020 1872 alia

449 1930 506 1977 et
558 1919 856 1982 nutriatur,
906 1924 962 1970 et
1008 1915 1231 1978 sentiat,
1286 1920 1469 1968 careat
1525 1919 1706 1966 autem
1760 1909 2022 1964 facultate

447 2014 679 2070 rationis
714 2030 727 2065 :
781 2010 886 2064 alia
924 2007 1163 2077 denique
1204 2016 1257 2061 et
1292 2005 1506 2059 ratione
1538 2011 1749 2066 utatur,
1795 2010 1850 2057 et
1890 2016 2020 2071 per-

448 2093 591 2161 fecta
630 2104 723 2165 sit,
755 2114 961 2171 perque
997 2097 1286 2151 facultates
1318 2102 1766 2171 caeterasromnes
1798 2091 2019 2155 diﬂ‘usa,

446 2206 510 2253 ut
544 2207 599 2252 et
628 2196 684 2249 in
714 2195 783 2248 iis
815 2192 1062 2252 exsistat,
1098 2199 1152 2245 et
1186 2198 1442 2257 tanquam
1474 2170 1734 2241 exi-mium
1763 2184 2019 2255 quiddam

448 2284 812 2356 intelligentia:
842 2282 949 2335 vim
985 2280 1182 2334 habeat
1211 2296 1224 2332 :
1257 2291 1416 2332 nemo
1446 2285 1624 2330 tamen
1665 2275 1870 2330 idcirco
1903 2274 2022 2329 exi-

448 2380 632 2435 stimet
674 2384 787 2429 tres
840 2373 897 2426 in
948 2371 1186 2425 humano
1234 2367 1453 2437 opificio
1499 2366 1713 2421 animas
1758 2365 2019 2429 existere,

448 2484 695 2526 seorsum
723 2465 891 2522 certis
931 2462 1090 2532 quasi
1139 2459 1401 2513 limitibus
1447 2455 1916 2525 circumscriptas,
1963 2463 2020 2509 ut

447 2572 702 2617 naturam
764 2557 1000 2612 hominis
1054 2570 1119 2608 ex
1173 2552 1422 2622 pluribus
1475 2549 1677 2605 animis
1730 2547 2020 2602 conﬂatam

445 2665 638 2727 putare
685 2652 1001 2706 debeamus.
1066 2646 1203 2700 Nam
1259 2658 1386 2699 vera
1429 2651 1485 2699 et
1543 2641 1783 2712 perfecta
1837 2640 2018 2694 anima

445 2763 637 2818 reapse
661 2746 821 2800 unica
852 2742 1098 2812 quadarn
1130 2748 1234 2802 est,
1260 2737 1594 2807 intelligens,
1627 2734 1776 2789 nulla
1808 2750 1874 2789 ex
1901 2747 2018 2787 ma-

445 2839 583 2894 terie
625 2850 815 2891 crassa
866 2838 1144 2893 constans,
1199 2828 1293 2883 sed
1328 2844 1426 2897 per
1462 2841 1661 2881 sensus
1700 2832 1909 2877 naturae
1941 2822 2017 2878 illi

445 2943 646 2985 crassa:
687 2926 868 2981 mista.
915 2921 1189 2992 Quidquid
1229 2930 1409 2975 autem
1447 2918 1665 2973 exs’istit
1691 2932 1757 2971 ex
1793 2916 2020 2969 materie

2052 1793 2093 1848 Β

2127 542 2366 597 τοιοῦτον
2390 546 2491 596 οὐκ
2527 544 2620 596 ἐπὶ
2650 543 2865 596 πάντων
2890 541 3057 606 ἐστὶν,
3091 540 3227 595 ἀλλά
3259 540 3437 612 μόνων
3464 538 3573 592 τῶν
3604 538 3698 592 ἀν-

2125 632 2625 703 δραποδωδέστερον
2670 632 3055 703 διακειμένων,
3103 632 3153 687 οἳ
3195 630 3560 695 δουλώσαντες
3611 630 3701 682 τὸν

2126 726 2282 795 λόγον
2336 728 2454 789 ταῖς
2506 728 2703 797 ὁρμαῖς
2752 727 2849 797 τῆς
2903 725 3139 797 φύσεως,
3187 726 3275 780 διά
3316 724 3415 796 τῆς
3467 723 3564 778 τοῦ
3608 722 3702 778 νοῦ

2127 817 2438 887 συμμαχίας
2491 816 2553 871 τὸ
2592 816 2731 871 κατά
2780 816 2878 881 τὰς
2924 818 3203 888 αἰσθήσεις
3254 815 3354 888 ἡδὺ
3409 812 3703 885 δουλοπρε-

2126 909 2244 973 πῶς
2308 907 2714 964 κολακεύουσιν.
2786 909 2911 962 Ἐπὶ
2961 908 3019 962 δὲ
3061 907 3169 962 τῶν
3207 905 3555 977 τελειοτέρων
3604 904 3706 974 οὐχ

2123 1000 2295 1065 οὕτως
2344 998 2570 1068 γίνεται.
2617 999 2954 1069 Καθηγεῖται
2995 998 3104 1071 γάρ
3152 1000 3182 1052 ὁ
3234 997 3390 1062 νοῦς,
3421 995 3567 1066 λόγῳ
3607 997 3704 1048 καὶ

2124 1092 2244 1162 οὐχ)⁵
2298 1092 2458 1146 πάθει
2486 1091 2548 1145 τὸ
2580 1090 2856 1155 λυσιτελὲς
2902 1091 3370 1163 προαιρούμενος’
3393 1090 3428 1161 ἡ
3454 1088 3511 1142 δὲ
3540 1087 3704 1157 φύσις

2125 1184 2244 1236 κατ’
2276 1183 2420 1253 ἴχνος
2471 1184 2664 1238 ἕπεται
2709 1183 2789 1254 τῷ
2828 1182 3351 1255 προκαθηγουμένῳ.
3394 1176 3608 1246 Ἐπειδὴ
3645 1180 3706 1234 δὲ

2122 1277 2274 1344 τρεῖς
2318 1273 2460 1328 κατὰ
2498 1275 2598 1346 τὴν
2641 1274 2875 1346 ζωτικὴν
2920 1275 3148 1345 δύναμιν
3197 1271 3462 1345 διαφορὰς
3492 1273 3521 1325 ό
3546 1271 3706 1340 λόγος

2124 1356 2287 1434 εὗρε,
2317 1364 2415 1435 τὴν
2460 1365 2557 1435 μὲν
2607 1365 2943 1437 τρεφομένην
2999 1365 3166 1439 χωρὶς
3212 1363 3554 1435 αἰσθήσεως,
3600 1363 3704 1430 τὴν

2122 1453 2180 1507 δὲ
2241 1456 2582 1526 τρεφομένην
2653 1455 2751 1526 μὲν
2815 1457 2911 1509 καὶ
2970 1455 3342 1527 αὐξανομένην
3371 1493 3389 1517 ,
3442 1451 3706 1525 ἀμοιροῦ-

2125 1558 2221 1595 σαν
2280 1543 2337 1596 δὲ
2396 1544 2494 1613 τῆς
2546 1544 2769 1615 λογικῆς
2827 1545 3143 1616 ἐνεργείας,
3196 1543 3297 1616 τὴν
3359 1543 3416 1596 δὲ
3476 1540 3706 1612 λογικὴν

2123 1635 2217 1686 καὶ
2239 1633 2447 1688 τελείαν
2472 1635 2538 1688 δι’
2575 1636 2791 1706 ἀπάσης
2819 1637 3108 1708 διήκουσαν
3135 1637 3235 1708 τῆς
3280 1636 3582 1707 δυνάμεως,
3620 1635 3702 1699 ὡς

2123 1727 2216 1779 καὶ
2244 1728 2302 1779 ἐν
2334 1728 2570 1791 ἐκείναις
2601 1723 2740 1782 εἶναι
2773 1730 2864 1784 καὶ
2888 1729 2990 1799 τῆς
3014 1731 3206 1800 νοερᾶς
3235 1729 3296 1783 τὸ
3322 1728 3482 1782 πλέον
3516 1728 3662 1799 ἔχειν
3686 1742 3703 1756 ⁸

2126 1815 2314 1886 μηδεὶς
2341 1816 2428 1870 διά
2467 1816 2667 1871 τούτων
2712 1819 3004 1872 ὑπονοείτω
3034 1823 3183 1890 τρεῖς
3230 1818 3705 1892 συγκεκροτῆσθαι

2120 1907 2298 1978 ψυχὰς
2332 1910 2390 1961 ἐν
2428 1909 2506 1980 τῷ
2528 1909 2851 1981 ἀνθρωπίνῳ
2881 1911 3237 1982 συγκρίματι,
3267 1913 3324 1964 ὲν
3354 1912 3512 1975 ἰδίαις
3545 1928 3705 1980 περι-

2122 2002 2359 2069 γραφαῖς
2394 2000 2791 2071 θεωρουμένας,
2825 2001 2965 2055 ὦστε
3008 2002 3367 2074 συγκρότημά
3404 2020 3457 2056 τι
3490 2002 3705 2056 πολλῶν

2120 2089 2309 2161 ψυχῶν
2351 2092 2449 2162 τὴν
2500 2094 2845 2166 ἀνθρωπίνην
2893 2095 3055 2165 φύσιν
3094 2091 3232 2150 εἶναι
3262 2095 3523 2166 νομίζειν.
3559 2094 3702 2149 Ἀλλ’

2122 2185 2156 2253 ή
2187 2184 2287 2255 μὲν
2306 2183 2512 2256 ἀληθής
2532 2202 2591 2238 τε
2616 2187 2710 2240 καὶ
2730 2186 2909 2239 τελεία
2939 2186 3105 2256 ψυχὴ,
3132 2188 3230 2258 μία
3255 2190 3320 2258 τῇ
3346 2188 3504 2258 φύσει
3527 2187 3701 2251 ἐστὶν,

2119 2277 2153 2346 ἡ
2182 2271 2350 2346 νοερά
2370 2293 2429 2328 τε
2453 2278 2546 2329 καὶ
2570 2277 2752 2341 ἆῦλος,
2786 2278 2819 2348 ἡ
2848 2277 2934 2330 διὰ
2959 2278 3065 2331 τῶν
3096 2278 3402 2349 αἰσθήσεων
3438 2281 3505 2350 τῇ
3538 2278 3702 2350 ὑλικῇ

2117 2368 2565 2437 καταμιγνυμένη
2609 2367 2790 2437 φύσει.
2832 2369 2905 2421 Τὸ
2937 2369 2994 2422 δὲ
3028 2369 3226 2433 ὑλῶδες
3258 2369 3403 2423 ἅπαν
3436 2372 3494 2423 ὲν
3521 2372 3701 2442 τροπῇ

2116 2472 2175 2507 τε
2222 2457 2315 2509 καὶ
2360 2456 2639 2511 ἀλλοιώσει
2668 2460 2948 2529 κείμενον,
2989 2460 3039 2512 εί
3091 2461 3188 2530 μὲν
3222 2460 3438 2530 μετέχοι
3457 2460 3558 2530 τῆς
3595 2461 3705 2531 ψυ-

2118 2548 2319 2619 χούσης
2357 2550 2666 2621 δυνάμεως,
2704 2552 2845 2606 κατὰ
2876 2549 3100 2622 αὔξησιν
3145 2551 3494 2623 κινηθήσεται
3515 2569 3529 2581 ·
3561 2553 3609 2604 εί
3640 2551 3703 2605 δὲ

2123 2641 2386 2694 ἀποπέσοι
2405 2642 2764 2714 τῆς“ζωτικῆς
2788 2645 3086 2715 ἐνεργείας,
3112 2647 3191 2708 είς
3218 2644 3420 2717 φθορὰν
3440 2645 3701 2699 ἀναλύσει

2122 2730 2221 2801 τὴν
2244 2730 2477 2800 κίνησιν.
2512 2733 2648 2787 Οὔτε
2679 2730 2771 2788 οὖν
2801 2736 3051 2807 αἴσθησις
3077 2738 3244 2808 χωρὶς
3273 2736 3464 2808 ὑλικῆς
3489 2737 3700 2801 οὐσίας,

2125 2822 2245 2876 οὔτε
2270 2826 2368 2894 τῆς
2414 2827 2606 2896 νοερᾶς
2650 2827 2931 2900 δυνάμεως
2969 2830 3179 2931 χωρὶς)
3213 2829 3517 2900 αἰσθήσεως
3547 2827 3704 2900 ἐνέρσ

2126 2930 2249 2982 γεια
2279 2916 2509 2984 γίνεται.

444 3036 662 3086 crassa,
708 3017 1101 3073 mutationibus
1151 3021 1203 3069 et
1265 3013 1489 3067 alternis
1541 3009 1990 3066 conversionibus
2042 3006 2378 3072 obnoxium,
2413 3011 2459 3065 si
2509 3010 2727 3079 quidem
2776 3009 3053 3068 facultatis
3096 3012 3366 3083 particeps
3418 3012 3526 3068 erit
3575 3011 3700 3081 ejus

444 3133 565 3189 quae
616 3115 850 3170 animam
909 3111 1309 3181 complectitur,
1346 3107 1675 3164 accrctionis
1719 3117 1925 3161 motum
1966 3104 2226 3173 habebit;
2291 3106 2377 3162 sin
2437 3113 2620 3162 autem
2669 3108 2883 3163 vivendi
2928 3109 3239 3164 facultatem
3296 3109 3527 3178 amittat,
3582 3118 3699 3165 tum

442 3204 638 3260 deinde
689 3203 899 3259 scilicet
928 3212 1108 3255 motus
1155 3199 1275 3264 eius
1320 3198 1386 3253 ad
1437 3207 1737 3253 extremum
1798 3199 2074 3253 interitum
2134 3205 2337 3268 verget.
2386 3199 2593 3254 Idcirco
2633 3215 2810 3271 neque
2838 3215 3033 3256 sensus
3062 3212 3214 3256 extra
3250 3200 3494 3257 maleﬁci
3535 3206 3703 3255 natu-

440 3313 559 3355 ram
583 3297 833 3352 exsistit:
865 3311 1041 3366 neque
1063 3294 1295 3348 facultas
1320 3293 1629 3363 intelligens
1658 3293 1778 3348 sine
1807 3307 1973 3348 sensu
2027 3292 2273 3348 actiones
2317 3308 2448 3348 suas
2472 3301 2713 3349 exercet.

1037 3387 1257 3443 CAPUT
1308 3386 1422 3442 XV.
2042 3392 2085 3448 C

447 3480 690 3534 ﬁnimam
736 3478 942 3546 proprie
987 3486 1037 3530 et
1065 3494 1175 3530 esse
1221 3493 1345 3546 eam,
1388 3485 1437 3529 et
1485 3475 1610 3536 dici,
1652 3493 1769 3546 qua:
1812 3478 2016 3532 ratione

512 3552 713 3610 utitur;
740 3545 943 3601 steteris
967 3556 1173 3599 tantum
1198 3545 1602 3614 appellationem
1628 3545 1747 3599 cum
1780 3548 1877 3600 hac
1902 3564 2015 3602 esse

513 3634 859 3673 communem.
891 3615 1152 3669 Pra'terea
1189 3632 1280 3683 per
1318 3618 1616 3669 universum
1645 3633 1837 3682 corpus
1873 3634 2016 3670 men-

518 3692 589 3744 tis
627 3705 681 3742 se
716 3687 1023 3755 facultatem
1058 3687 1257 3747 didere,
1290 3687 1619 3741 conveniente
1648 3689 1880 3757 quadam
1924 3704 2015 3739 ra-

513 3762 652 3813 tione
694 3756 939 3812 membris
987 3757 1210 3855 singulis
1264 3758 1624 3824 conjunctam.

515 3849 573 3903 Si
611 3849 735 3919 quis
781 3855 960 3902 autem
1013 3846 1219 3901 id'circo
1264 3846 1450 3916 plures
1498 3862 1621 3902 esse
1655 3848 1864 3900 animas
1896 3846 2015 3915 opi-

446 3951 635 4003 natur,
681 3940 828 4010 quod
879 3946 1061 3994 creata
1116 3939 1375 3993 nonnulla
1431 3938 1685 3994 facultate
1740 3941 2014 3994 nutriente

443 4038 571 4087 sunt
599 4031 844 4101 praedita,
887 4029 1143 4083 nonnulla
1184 4029 1479 4095 sentiente;
1532 4045 1656 4083 cum
1694 4031 1784 4084 illa
1820 4045 2009 4095 sensu,

442 4122 559 4177 haec
595 4120 950 4190 intelligentia
1001 4130 1249 4185 careant;
1286 4122 1332 4173 is
1372 4120 1674 4174 animarum
1711 4121 2011 4177 discrimen

442 4228 553 4268 non
586 4213 721 4267 satis
753 4213 1019 4281 explicate
1055 4210 1319 4265 declarat.
1355 4210 1625 4282 Quidquid
1655 4215 1800 4268 enim
1833 4214 1887 4268 in
1921 4230 2009 4270 re-

442 4321 563 4362 rum
591 4313 786 4359 natura
825 4304 1060 4367 exsistit,
1088 4308 1133 4358 si
1162 4305 1379 4374 quidem
1411 4306 1649 4374 perfecte
1670 4318 1755 4361 est
1774 4307 1825 4360 id
1854 4309 2000 4377 quod

439 4411 561 4451 esse
611 4395 811 4449 debet:
859 4401 1005 4448 recte
1044 4396 1205 4448 etiam
1246 4409 1309 4447 ac
1342 4395 1563 4465 proprie
1606 4412 1804 4451 nomen
1846 4414 2006 4453 suum

438 4486 668 4546 obtinet,
721 4500 831 4554 quo
867 4485 1079 4539 scilicet
1131 4486 1469 4556 appellatur;
1523 4487 1607 4541 sin
1655 4487 1861 4557 aliquid
1898 4504 2007 4543 non

438 4591 665 4645 prorsus
691 4584 743 4629 et
791 4577 1000 4644 integre
1030 4583 1115 4629 est
1146 4575 1223 4638 id,
1258 4577 1402 4645 quod
1442 4592 1565 4631 esse
1596 4577 1802 4631 dicitur
1831 4593 1849 4631 :
1879 4578 2007 4634 huic

2630 3390 3027 3444 ΚΕΦΑΛΛΙΟΝ
3074 3391 3174 3444 1Ε’.

2118 3476 2243 3533 Ὅτι
2292 3478 2508 3545 κυρίως
2553 3478 2752 3548 ψυχὴ,
2796 3480 2835 3545 ή
2874 3480 3088 3548 dormi)
3139 3480 3237 3534 καί
3277 3481 3406 3534 ἔστι
3449 3479 3549 3533 καὶ
3593 3480 3697 3534 λέ-

2185 3564 2373 3618 γεταε·
2405 3551 2465 3602 αὶ
2504 3549 2555 3601 δ’
2591 3550 2773 3603 ἄλλαι
2809 3552 3128 3618 ὁμωνύμως
3167 3548 3689 3618 κατονομάζονται.

2198 3611 2294 3670 Ἔν
2314 3611 2360 3683 ᾧ
2388 3618 2486 3671 καί
2516 3619 2610 3681 τὸ,
2639 3619 2737 3672 διὰ
2762 3611 3121 3686 πάντὸςὶοῧ
3150 3611 3423 3686 σώματος
3458 3619 3695 3685 διήκειν

2203 3639 2294 3670 ιν
2314 3639 2360 3683 ῳ
2388 3639 2486 3671 και
2516 3639 2610 3681 τυ,
2639 3639 2737 3672 om
2762 3639 2987 3686 παντος
3015 3639 3121 3672 του
3150 3639 3238 3673 σω
3280 3639 3423 3685 ατος
3458 3639 3693 3685 οιηκειι·

2182 3689 2299 3753 τὴν
2346 3688 2453 3741 τοῦ
2490 3692 2601 3743 νοῦ
2647 3688 2923 3756 δύναμιν,
2970 3639 3367 3756 καταλλιίίως
3426 3688 3693 3744 ἑκάστου

2178 3760 2401 3826 μέρους
2425 3760 2952 3828 προσαπτομένην.

2182 3850 2246 3903 Ei
2279 3850 2340 3910 δέ
2366 3867 2485 3902 τινα
2536 3852 2633 3920 τῆς
2680 3853 2911 3915 κτίσεως
2949 3850 3050 3920 τὴν
3078 3849 3378 3921 θρεπτικὴν
3409 3848 3691 3921 ἐνέργειαν

2112 3941 2257 4013 ἔχει,
2290 3942 2322 4012 ἢ
2373 3941 2534 3996 πάλιν
2567 3943 2731 4008 ἔτερα
2772 3945 2838 4013 τῇ
2883 3942 3171 4014 αἱσθητικῇ
3211 3942 3495 3997 διοικεῖται
3526 3942 3691 3997 δυνά·

2116 4051 2223 4103 μει,
2254 4035 2389 4104 μήτε
2416 4036 2598 4088 ἐκεῖνα
2629 4034 2963 4104 αἰσθήσεως,
2999 4036 3134 4105 μήτε
3165 4032 3335 4087 ταῦτα
3364 4035 3466 4104 τῆς
3493 4036 3689 4103 νοερᾶς

2114 4124 2408 4193 μετέχοντα
2442 4122 2688 4192 φύσεως,
2729 4124 2824 4177 καὶ
2853 4124 2940 4178 διά
2967 4124 3123 4177 τοῦτό
3149 4141 3234 4187 τις
3264 4123 3452 4194 ψυχῶν
3486 4124 3689 4194 πλῆθος

2110 4212 2541 4267 καθυποπτεύει·
2592 4213 2653 4265 οὐ
2717 4212 2859 4266 κατὰ
2916 4212 3007 4266 τὸν
3064 4212 3374 4284 διαιροῦντα
3434 4213 3591 4279 λόγον
3656 4216 3688 4266 ό

2110 4300 2350 4365 τοιοῦτος
2379 4301 2476 4373 τὴν
2515 4302 2623 4356 τῶν
2650 4301 2838 4373 ψυχῶν
2870 4301 3132 4374 διαφορὰν
3165 4304 3477 4375 δογματίσει
3502 4323 3515 4335 ’
3550 4305 3682 4359 διότι

2109 4394 2217 4445 πᾶν
2234 4393 2295 4444 τὸ
2313 4394 2369 4445 ἐν
2389 4396 2501 4454 τοῖς
2517 4389 2635 4446 οὖσι
2662 4392 2968 4464 νοούμενον,
2998 4396 3045 4446 εἰ
3070 4395 3167 4464 μὲν
3191 4395 3411 4458 τελείως
3437 4395 3522 4466 εἴη
3550 4397 3687 4466 ὅπερ

2109 4483 2252 4547 ἐστὶ,
2283 4484 2485 4555 κυρίως
2522 4486 2615 4538 καὶ
2644 4484 2965 4556 ὀνομάζεται
2992 4487 3126 4558 ὅπερ
3152 4486 3397 4555 λέγεταν
3429 4487 3490 4539 τδ
3519 4486 3575 4541 δὲ
3608 4488 3684 4559 μὴ

2108 4574 2195 4628 διά
2218 4575 2435 4628 πάντων
2475 4576 2533 4629 ὃν
2563 4579 2765 4641 ἐκεῖνο,
2796 4578 2824 4630 ὃ
2852 4578 3289 4649 κατωνόμασται,
3318 4579 3553 4648 ματαίαν
3588 4582 3683 4633 καὶ

438 4665 735 4735 improprie
782 4680 979 4719 nomen
1026 4666 1204 4735 ipsum
1252 4667 1527 4720 tribuitur.
1565 4664 1620 4720 Si
1666 4669 1811 4737 quis,
1852 4672 2003 4725 verbi

2119 4669 2205 4736 τὴν
2239 4668 2603 4739 προσηγορίαν
2633 4668 2767 4740 ἔχει.
2803 4664 2928 4722 Οἶον
2956 4670 3010 4722 εἴ
3033 4688 3115 4733 τις
3139 4670 3229 4738 τδν
3253 4666 3429 4740 ἀληθῆ
3456 4669 3682 4734 δείξειεν

435 4757 633 4826 gratia,
676 4771 865 4824 panem
910 4771 1100 4810 verum
1131 4758 1382 4813 ostendat
1416 4775 1430 4810 :
1466 4774 1590 4812 eum
1628 4761 1846 4829 proprie
1874 4776 1991 4817 rem

2119 4733 2300 4829 ίρτον.,
2360 4733 2539 4829 φαμεν
2596 4733 2695 4814 τὸν.
2735 4760 2971 4813 τοιοῦτον
3028 4733 3230 4831 κυρίως
3283 4733 3563 4828 ἐπιλέγειν
3603 4761 3681 4831 τῷ

435 4846 730 4901 indicatam
766 4862 867 4901 suo
902 4847 1125 4902 nomine
1153 4850 1459 4919 appellasse
1488 4850 1742 4907 dicimus.
1779 4852 1874 4906 Sin
1903 4869 2005 4907 au-

433 4946 541 4993 tem
589 4953 694 4990 una
737 4953 864 4991 cum
918 4937 1023 4991 hoc
1076 4938 1239 4991 alium
1294 4939 1584 5009 quemdam
1641 4940 2001 5008 demonstret,

433 5036 550 5080 arte
600 5026 801 5079 factum
843 5025 911 5080 de
956 5028 1186 5081 materie
1230 5028 1463 5097 lapidea,
1503 5030 1748 5098 ejusdem
1790 5033 1999 5097 formae,

432 5117 699 5185 aequalem
739 5117 1133 5185 magnitudine,
1167 5119 1347 5173 colore
1379 5120 1738 5186 consimilem,
1775 5130 1833 5176 ut
1860 5124 2001 5176 mul-

429 5207 502 5260 tis
527 5223 592 5261 ex
625 5211 788 5260 rebus
822 5207 961 5260 idem
998 5223 1118 5261 esse
1151 5224 1275 5260 cum
1302 5224 1386 5271 eo,
1423 5209 1486 5262 ad
1533 5210 1690 5278 cujus
1724 5215 2005 5282 exemplar
2036 5250 2039 5257 ι

432 5295 610 5352 factus
638 5305 742 5358 est,
773 5304 1029 5366 appareat
1057 5314 1071 5351 :
1119 5313 1285 5352 unum
1319 5300 1479 5354 modo
1505 5300 1669 5361 desit,
1706 5302 1850 5370 quod
1885 5303 2002 5356 ido-

431 5406 566 5444 neus
596 5406 717 5444 esse
744 5389 940 5442 alendo
976 5388 1179 5443 homini
1216 5406 1324 5443 non
1370 5392 1543 5460 possit
1579 5409 1591 5445 :
1620 5400 1732 5445 tum
1769 5408 1898 5446 vero
1935 5393 2002 5449 de

428 5479 532 5533 hoc
561 5482 678 5549 ipso
724 5496 832 5534 non
869 5488 1013 5534 recte
1053 5481 1212 5550 lapidi
1248 5482 1403 5550 panis
1449 5483 1868 5552 appellationem
1913 5485 1995 5538 in-

431 5570 621 5631 ditam,
646 5570 739 5622 sed
768 5586 863 5639 per
892 5570 1042 5625 vocis
1062 5572 1312 5635 abusum,
1344 5570 1755 5628 aflirnmbinms.
1796 5573 1991 5628 Eodem

432 5661 875 5731 rnodoqnidquid
907 5678 1013 5715 non
1062 5663 1207 5717 omni
1240 5679 1304 5717 ex
1344 5672 1497 5733 parte
1524 5664 1573 5717 id
1606 5676 1690 5719 est
1718 5669 1862 5735 quod
1905 5668 1991 5721 di-

427 5755 589 5819 citur,
613 5752 669 5807 in
698 5769 763 5809 eo
793 5754 1113 5825 appellando
1147 5756 1427 5811 vocabulis
1457 5756 1748 5813 abutimur.
1785 5759 1990 5825 Quaru-

2110 4849 2454 4920 ὑποκειμένῳ
2478 4850 2539 4903 τὸ
2562 4850 2751 4921 ὄνομα.
2779 4852 2840 4903 Εἰ
2868 4850 2924 4903 δέ.
2946 4868 3029 4914 τις
3052 4852 3145 4904 τὸν
3177 4851 3285 4906 ἀπὸ
3318 4851 3464 4904 λίθου
3488 4868 3680 4922 τεχνη-

2109 4939 2267 4994 θέντα
2312 4940 2388 5012 τῷ
2429 4943 2569 4995 κατά
2616 4942 2775 5011 φύσιν
2828 4943 3354 5014 ἀντιπαραδείξειεν,
3401 4930 3446 5011 ᾧ
3494 4943 3680 5014 σχῆμα

2108 5033 2207 5104 μὲν
2244 5034 2306 5086 τὸ
2348 5034 2510 5098 αὐτὸ,
2550 5036 2642 5089 καὶ
2673 5035 2734 5088 τὸ
2782 5035 3003 5105 μέγεθος
3048 5031 3183 5099 ἴσον,
3215 5035 3309 5088 καὶ
3348 5036 3381 5104 ἡ
3409 5032 3503 5087 τοῦ
3533 5036 3678 5105 χρὼ-

2103 5142 2269 5193 ματος
2309 5126 2595 5196 ὁμοιότης,
2638 5126 2776 5179 ὥστε
2815 5126 2902 5179 διὰ
2939 5126 3049 5179 τῶν
3088 5126 3354 5179 πλείστων
3398 5125 3490 5179 τὸν
3516 5126 3677 5179 αἰπὺν

2101 5200 2256 5305 sint!
2273 5218 2352 5289 τῷ
2395 5219 2729 5288 πρωτοτύπῳ
2772 5221 2981 5283 δοκεῖν,
3037 5219 3307 5273 ἐπιλείπει
3336 5219 3394 5273 δὲ
3434 5219 3584 5288 αὐτῴ
3616 5218 3677 5271 τὸ

2101 5309 2195 5361 καὶ¹
2230 5308 2432 5380 τροφὴν
2479 5310 2735 5364 δύνασθαι
2765 5307 2903 5363 εἶναι
2928 5328 2942 5341 ·
2980 5311 3128 5382 παρά
3155 5309 3310 5364 τοῦτο
3348 5311 3408 5363 οὑ
3448 5309 3672 5382 κυρίως,

2100 5396 2211 5448 ἀλλ’
2247 5399 2310 5449 ὲκ
2350 5400 2737 5469 καταχρήσεως
2782 5400 2880 5470 τῆς
2924 5400 3238 5469 ἐπωνυμίας
3266 5398 3361 5452 τοῦ
3391 5400 3558 5470 ἄρτου
3586 5415 3673 5451 τε-

2100 5487 2394 5559 τυχηκέναι
2445 5487 2536 5541 τὸν
2582 5490 2725 5543 λίθον
2771 5492 3037 5561 λέγωμεν.
3085 5493 3194 5545 Καὶ⁵
3228 5491 3405 5545 πάντα
3440 5492 3509 5545 τά
3535 5490 3674 5544 κατὰ

2099 5577 2192 5630 τὸν
2235 5580 2395 5632 αὐτὸν
2439 5580 2615 5650 λόγον,
2646 5580 2681 5635 δι
2723 5583 2797 5653 μὴ
2838 5584 2905 5635 δι’
2932 5584 3067 5636 ὅλων
3096 5584 3241 5635 ἐστὶν
3264 5585 3402 5654 ὅπερ
3423 5582 3669 5650 λέγεται.

2102 5671 2164 5721 ἐκ
2207 5672 2593 5742 καταχρήσεως
2631 5672 2743 5743 ἔχει
2775 5677 2874 5745 τὴν
2916 5675 3129 5746 κλῆσιν.
3174 5674 3328 5728 Οὕτω
3365 5675 3545 5728 τοίνυν
3576 5667 3669 5722 καὶ

2097 5761 2196 5830 τῆς
2246 5762 2421 5834 ψυχῆς
2467 5766 2520 5817 ἐν
2569 5765 2645 5834 τῷ
2693 5766 2862 5837 νοερῷ
2901 5784 2956 5820 τε
3004 5769 3097 5820 καὶ
3131 5766 3332 5838 λογικῴ
3376 5766 3437 5819 τὸ
3469 5766 3666 5819 τέλειον

3324 6436 3373 6443 -..
3392 6440 3427 6445 μ
3446 6436 3455 6448 ι
3478 6422 3942 6450 ...ετ-ΑΜ
