  <div class='ocr_page' id='page_1' title='image "/cluster/home/n/w/nwhite01/storage/ocr_20150623/44/hvd.32044012542270/098.png"; bbox 0 0 3996 6474; ppageno 0'>
   <div class='ocr_carea' id='block_1_1' title="bbox 289 454 388 509">
    <p class='ocr_par' dir='ltr' id='par_1_1' title="bbox 289 454 388 509">
     <span class='ocr_line' id='line_1_1' title="bbox 289 454 388 509; baseline 0 -8"><span class='ocrx_word' id='word_1_1' title='bbox 289 454 388 509; x_wconf 76' lang='grc' dir='ltr'><strong>Ιῗ7</strong></span> 
     </span>
    </p>
   </div>
   <div class='ocr_carea' id='block_1_2' title="bbox 1440 460 2298 528">
    <p class='ocr_par' dir='ltr' id='par_1_2' title="bbox 1440 460 2298 528">
     <span class='ocr_line' id='line_1_2' title="bbox 1440 460 2298 528; baseline 0.012 -17"><span class='ocrx_word' id='word_1_2' title='bbox 1440 525 1443 528; x_wconf 94' lang='lat'><em>_</em></span> <span class='ocrx_word' id='word_1_3' title='bbox 1537 460 1625 514; x_wconf 90' lang='lat' dir='ltr'><strong>DE</strong></span> <span class='ocrx_word' id='word_1_4' title='bbox 1663 460 1949 518; x_wconf 76' lang='lat' dir='ltr'><strong>IIOMINIS</strong></span> <span class='ocrx_word' id='word_1_5' title='bbox 1986 463 2298 521; x_wconf 80' lang='lat' dir='ltr'><strong>OPIFICIO.</strong></span> 
     </span>
    </p>
   </div>
   <div class='ocr_carea' id='block_1_3' title="bbox 3429 473 3528 527">
    <p class='ocr_par' dir='ltr' id='par_1_3' title="bbox 3429 473 3528 527">
     <span class='ocr_line' id='line_1_3' title="bbox 3429 473 3528 527; baseline 0 0"><span class='ocrx_word' id='word_1_6' title='bbox 3429 473 3528 527; x_wconf 77' lang='grc'><strong>178</strong></span> 
     </span>
    </p>
   </div>
   <div class='ocr_carea' id='block_1_4' title="bbox 287 565 1856 650">
    <p class='ocr_par' dir='ltr' id='par_1_4' title="bbox 287 565 1856 650">
     <span class='ocr_line' id='line_1_4' title="bbox 287 565 1856 650; baseline 0.005 -33"><span class='ocrx_word' id='word_1_7' title='bbox 287 567 547 634; x_wconf 75' lang='grc' dir='ltr'>ἐχούσης,</span> <span class='ocrx_word' id='word_1_8' title='bbox 578 567 688 650; x_wconf 76' lang='grc' dir='ltr'><strong>πᾶν</strong></span> <span class='ocrx_word' id='word_1_9' title='bbox 720 566 748 618; x_wconf 84' lang='grc' dir='ltr'><strong>ὃ</strong></span> <span class='ocrx_word' id='word_1_10' title='bbox 779 566 853 637; x_wconf 82' lang='grc' dir='ltr'>μὴ</span> <span class='ocrx_word' id='word_1_11' title='bbox 879 565 1036 620; x_wconf 87' lang='grc' dir='ltr'>τοῦτό</span> <span class='ocrx_word' id='word_1_12' title='bbox 1068 569 1248 631; x_wconf 78' lang='grc' dir='ltr'>ἐστιν,</span> <span class='ocrx_word' id='word_1_13' title='bbox 1281 569 1566 639; x_wconf 82' lang='grc' dir='ltr'>ὁμώνυμον</span> <span class='ocrx_word' id='word_1_14' title='bbox 1599 571 1698 639; x_wconf 80' lang='grc' dir='ltr'>μὲν</span> <span class='ocrx_word' id='word_1_15' title='bbox 1723 567 1856 625; x_wconf 72' lang='grc' dir='ltr'>εἶναι</span> 
     </span>
    </p>
   </div>
   <div class='ocr_carea' id='block_1_5' title="bbox 1960 565 3532 650">
    <p class='ocr_par' dir='ltr' id='par_1_5' title="bbox 1964 573 3532 650">
     <span class='ocr_line' id='line_1_5' title="bbox 1964 573 3532 650; baseline 0.004 -22"><span class='ocrx_word' id='word_1_16' title='bbox 1964 575 2152 629; x_wconf 90' lang='lat' dir='ltr'><strong>obrem</strong></span> <span class='ocrx_word' id='word_1_17' title='bbox 2205 590 2330 630; x_wconf 92' lang='lat' dir='ltr'><strong>cum</strong></span> <span class='ocrx_word' id='word_1_18' title='bbox 2379 589 2443 630; x_wconf 89' lang='lat' dir='ltr'><strong>ea</strong></span> <span class='ocrx_word' id='word_1_19' title='bbox 2490 573 2708 630; x_wconf 89' lang='lat' dir='ltr'><strong>demum</strong></span> <span class='ocrx_word' id='word_1_20' title='bbox 2777 575 3017 646; x_wconf 83' lang='lat' dir='ltr'><strong>perfecta</strong></span> <span class='ocrx_word' id='word_1_21' title='bbox 3058 576 3129 631; x_wconf 87' lang='lat' dir='ltr'><strong>sit</strong></span> <span class='ocrx_word' id='word_1_22' title='bbox 3175 577 3372 643; x_wconf 88' lang='lat' dir='ltr'><strong>an‘ima,</strong></span> <span class='ocrx_word' id='word_1_23' title='bbox 3411 596 3532 650; x_wconf 62' lang='lat' dir='ltr'><strong>qua:</strong></span> 
     </span>
    </p>
   </div>
   <div class='ocr_carea' id='block_1_6' title="bbox 285 648 1860 731">
    <p class='ocr_par' dir='ltr' id='par_1_6' title="bbox 285 648 1860 731">
     <span class='ocr_line' id='line_1_6' title="bbox 285 648 1860 731; baseline 0.006 -25"><span class='ocrx_word' id='word_1_24' title='bbox 285 654 506 706; x_wconf 82' lang='grc' dir='ltr'>δύναται</span> <span class='ocrx_word' id='word_1_25' title='bbox 538 648 604 725; x_wconf 77' lang='grc' dir='ltr'>τῇ</span> <span class='ocrx_word' id='word_1_26' title='bbox 643 656 786 726; x_wconf 72' lang='grc' dir='ltr'>ψυχῇ</span> <span class='ocrx_word' id='word_1_27' title='bbox 811 695 826 718; x_wconf 96' lang='grc'><strong>,</strong></span> <span class='ocrx_word' id='word_1_28' title='bbox 855 657 914 708; x_wconf 81' lang='grc' dir='ltr'>οὺ</span> <span class='ocrx_word' id='word_1_29' title='bbox 953 657 1058 728; x_wconf 81' lang='grc' dir='ltr'>μὴν</span> <span class='ocrx_word' id='word_1_30' title='bbox 1082 659 1175 711; x_wconf 72' lang='grc' dir='ltr'>καὶ</span> <span class='ocrx_word' id='word_1_31' title='bbox 1209 659 1376 722; x_wconf 73' lang='grc' dir='ltr'>ὅντως</span> <span class='ocrx_word' id='word_1_32' title='bbox 1404 659 1548 731; x_wconf 69' lang='grc' dir='ltr'>ψυχὴ</span> <span class='ocrx_word' id='word_1_33' title='bbox 1569 700 1583 724; x_wconf 94' lang='grc'><strong>,</strong></span> <span class='ocrx_word' id='word_1_34' title='bbox 1621 661 1757 714; x_wconf 85' lang='grc' dir='ltr'>ἀλλά</span> <span class='ocrx_word' id='word_1_35' title='bbox 1776 680 1860 727; x_wconf 90' lang='grc' dir='ltr'><strong>τις</strong></span> 
     </span>
    </p>
   </div>
   <div class='ocr_carea' id='block_1_7' title="bbox 285 743 1859 822">
    <p class='ocr_par' dir='ltr' id='par_1_7' title="bbox 285 743 1859 822">
     <span class='ocr_line' id='line_1_7' title="bbox 285 743 1859 822; baseline 0.006 -27"><span class='ocrx_word' id='word_1_36' title='bbox 285 743 537 814; x_wconf 77' lang='grc' dir='ltr'>ἐνέργεια</span> <span class='ocrx_word' id='word_1_37' title='bbox 581 745 817 815; x_wconf 78' lang='grc' dir='ltr'>ζωτικὴ,</span> <span class='ocrx_word' id='word_1_38' title='bbox 863 748 926 816; x_wconf 83' lang='grc' dir='ltr'>τῇ</span> <span class='ocrx_word' id='word_1_39' title='bbox 973 748 1072 816; x_wconf 80' lang='grc' dir='ltr'>τῆς</span> <span class='ocrx_word' id='word_1_40' title='bbox 1117 747 1293 818; x_wconf 84' lang='grc' dir='ltr'>ψυχῆς</span> <span class='ocrx_word' id='word_1_41' title='bbox 1343 749 1532 818; x_wconf 85' lang='grc' dir='ltr'><strong>κλήσει</strong></span> <span class='ocrx_word' id='word_1_42' title='bbox 1569 767 1859 822; x_wconf 78' lang='grc' dir='ltr'>συγκεκρι-</span> 
     </span>
    </p>
   </div>
   <div class='ocr_carea' id='block_1_8' title="bbox 287 834 1859 914">
    <p class='ocr_par' dir='ltr' id='par_1_8' title="bbox 287 834 1859 914">
     <span class='ocr_line' id='line_1_8' title="bbox 287 834 1859 914; baseline 0.007 -29"><span class='ocrx_word' id='word_1_43' title='bbox 287 834 445 904; x_wconf 89' lang='grc' dir='ltr'>μένη.</span> <span class='ocrx_word' id='word_1_44' title='bbox 479 834 568 886; x_wconf 83' lang='grc' dir='ltr'><strong>Διὸ</strong></span> <span class='ocrx_word' id='word_1_45' title='bbox 609 836 700 888; x_wconf 75' lang='grc' dir='ltr'>καὶ</span> <span class='ocrx_word' id='word_1_46' title='bbox 730 837 828 906; x_wconf 83' lang='grc' dir='ltr'><strong>τὴν</strong></span> <span class='ocrx_word' id='word_1_47' title='bbox 859 836 968 888; x_wconf 85' lang='grc' dir='ltr'>τῶν</span> <span class='ocrx_word' id='word_1_48' title='bbox 1003 837 1212 904; x_wconf 81' lang='grc' dir='ltr'><strong>ἀλόγων</strong></span> <span class='ocrx_word' id='word_1_49' title='bbox 1242 838 1436 906; x_wconf 83' lang='grc' dir='ltr'>φύσιν,</span> <span class='ocrx_word' id='word_1_50' title='bbox 1470 839 1546 903; x_wconf 84' lang='grc' dir='ltr'><strong>ὡς</strong></span> <span class='ocrx_word' id='word_1_51' title='bbox 1576 842 1637 893; x_wconf 81' lang='grc' dir='ltr'>οὐ</span> <span class='ocrx_word' id='word_1_52' title='bbox 1670 842 1859 914; x_wconf 75' lang='grc' dir='ltr'>πόρρω</span> 
     </span>
    </p>
   </div>
   <div class='ocr_carea' id='block_1_9' title="bbox 287 925 1858 1002">
    <p class='ocr_par' dir='ltr' id='par_1_9' title="bbox 287 925 1858 1002">
     <span class='ocr_line' id='line_1_9' title="bbox 287 925 1858 1002; baseline 0.005 -26"><span class='ocrx_word' id='word_1_53' title='bbox 287 925 385 995; x_wconf 82' lang='grc' dir='ltr'>τῆς</span> <span class='ocrx_word' id='word_1_54' title='bbox 414 927 645 994; x_wconf 79' lang='grc' dir='ltr'><strong>φυσικῆς</strong></span> <span class='ocrx_word' id='word_1_55' title='bbox 670 928 873 997; x_wconf 81' lang='grc' dir='ltr'><strong>ταύτης</strong></span> <span class='ocrx_word' id='word_1_56' title='bbox 897 927 1040 997; x_wconf 78' lang='grc' dir='ltr'>ζωῆς</span> <span class='ocrx_word' id='word_1_57' title='bbox 1063 927 1342 997; x_wconf 83' lang='grc' dir='ltr'>κειμένην,</span> <span class='ocrx_word' id='word_1_58' title='bbox 1372 930 1568 998; x_wconf 84' lang='grc' dir='ltr'>ὁμοίως</span> <span class='ocrx_word' id='word_1_59' title='bbox 1601 929 1768 984; x_wconf 76' lang='grc' dir='ltr'>ἔδωκε</span> <span class='ocrx_word' id='word_1_60' title='bbox 1793 934 1858 1002; x_wconf 78' lang='grc' dir='ltr'>τῇ</span> 
     </span>
    </p>
   </div>
   <div class='ocr_carea' id='block_1_10' title="bbox 286 1016 1900 1092">
    <p class='ocr_par' dir='ltr' id='par_1_10' title="bbox 286 1016 1900 1092">
     <span class='ocr_line' id='line_1_10' title="bbox 286 1016 1900 1092; baseline 0.004 -24"><span class='ocrx_word' id='word_1_61' title='bbox 286 1020 482 1087; x_wconf 86' lang='grc' dir='ltr'>χρήσει</span> <span class='ocrx_word' id='word_1_62' title='bbox 523 1018 616 1069; x_wconf 84' lang='grc' dir='ltr'><strong>τοῦ</strong></span> <span class='ocrx_word' id='word_1_63' title='bbox 656 1016 972 1089; x_wconf 82' lang='grc' dir='ltr'>ἀνθρώπου,</span> <span class='ocrx_word' id='word_1_64' title='bbox 1021 1020 1048 1070; x_wconf 86' lang='grc' dir='ltr'><strong>ὁ</strong></span> <span class='ocrx_word' id='word_1_65' title='bbox 1092 1018 1161 1070; x_wconf 81' lang='grc' dir='ltr'><strong>τὰ</strong></span> <span class='ocrx_word' id='word_1_66' title='bbox 1205 1019 1326 1071; x_wconf 84' lang='grc' dir='ltr'>καθ’</span> <span class='ocrx_word' id='word_1_67' title='bbox 1369 1020 1597 1073; x_wconf 76' lang='grc' dir='ltr'>ἕκαστον</span> <span class='ocrx_word' id='word_1_68' title='bbox 1642 1022 1900 1092; x_wconf 78' lang='grc' dir='ltr'>νομοθεοο</span> 
     </span>
    </p>
   </div>
   <div class='ocr_carea' id='block_1_11' title="bbox 285 1108 1861 1186">
    <p class='ocr_par' dir='ltr' id='par_1_11' title="bbox 285 1108 1861 1186">
     <span class='ocr_line' id='line_1_11' title="bbox 285 1108 1861 1186; baseline 0.004 -26"><span class='ocrx_word' id='word_1_69' title='bbox 285 1110 477 1178; x_wconf 76' lang='grc' dir='ltr'>στήσας,</span> <span class='ocrx_word' id='word_1_70' title='bbox 503 1109 577 1172; x_wconf 87' lang='grc' dir='ltr'>ὼς</span> <span class='ocrx_word' id='word_1_71' title='bbox 597 1109 715 1162; x_wconf 78' lang='grc' dir='ltr'>ἀντὶ</span> <span class='ocrx_word' id='word_1_72' title='bbox 743 1110 973 1186; x_wconf 82' lang='grc' dir='ltr'>λαχάνου</span> <span class='ocrx_word' id='word_1_73' title='bbox 1005 1114 1115 1174; x_wconf 89' lang='grc' dir='ltr'>τοῖς</span> <span class='ocrx_word' id='word_1_74' title='bbox 1141 1111 1456 1181; x_wconf 78' lang='grc' dir='ltr'><strong>μετέχουσιν</strong></span> <span class='ocrx_word' id='word_1_75' title='bbox 1483 1108 1641 1166; x_wconf 76' lang='grc' dir='ltr'>εἶναι.</span> <span class='ocrx_word' id='word_1_76' title='bbox 1677 1115 1861 1168; x_wconf 87' lang='grc' dir='ltr'><strong>Πάντα</strong></span> 
     </span>
    </p>
   </div>
   <div class='ocr_carea' id='block_1_12' title="bbox 286 1201 1861 1274">
    <p class='ocr_par' dir='ltr' id='par_1_12' title="bbox 286 1201 1861 1274">
     <span class='ocr_line' id='line_1_12' title="bbox 286 1201 1861 1274; baseline 0.004 -22"><span class='ocrx_word' id='word_1_77' title='bbox 286 1201 418 1272; x_wconf 81' lang='grc' dir='ltr'>γὰρ,</span> <span class='ocrx_word' id='word_1_78' title='bbox 456 1201 607 1271; x_wconf 76' lang='grc' dir='ltr'>φησὶ,</span> <span class='ocrx_word' id='word_1_79' title='bbox 631 1201 699 1254; x_wconf 85' lang='grc' dir='ltr'>τὰ</span> <span class='ocrx_word' id='word_1_80' title='bbox 721 1203 856 1272; x_wconf 88' lang='grc' dir='ltr'>κρέα</span> <span class='ocrx_word' id='word_1_81' title='bbox 885 1202 1141 1270; x_wconf 78' lang='grc' dir='ltr'>φάγεσθε,</span> <span class='ocrx_word' id='word_1_82' title='bbox 1171 1204 1246 1266; x_wconf 85' lang='grc' dir='ltr'>ὼς</span> <span class='ocrx_word' id='word_1_83' title='bbox 1273 1203 1477 1273; x_wconf 85' lang='grc' dir='ltr'>λάχανα</span> <span class='ocrx_word' id='word_1_84' title='bbox 1500 1204 1711 1274; x_wconf 88' lang='grc' dir='ltr'><strong>χόρτου.</strong></span> <span class='ocrx_word' id='word_1_85' title='bbox 1757 1207 1861 1258; x_wconf 90' lang='grc' dir='ltr'><strong>Μι-</strong></span> 
     </span>
    </p>
   </div>
   <div class='ocr_carea' id='block_1_13' title="bbox 287 1291 1861 1368">
    <p class='ocr_par' dir='ltr' id='par_1_13' title="bbox 287 1291 1861 1368">
     <span class='ocr_line' id='line_1_13' title="bbox 287 1291 1861 1368; baseline 0.004 -26"><span class='ocrx_word' id='word_1_86' title='bbox 287 1291 421 1362; x_wconf 81' lang='grc' dir='ltr'>κρὸν</span> <span class='ocrx_word' id='word_1_87' title='bbox 444 1291 554 1362; x_wconf 82' lang='grc' dir='ltr'><strong>γάρ</strong></span> <span class='ocrx_word' id='word_1_88' title='bbox 580 1308 634 1344; x_wconf 88' lang='grc' dir='ltr'><strong>τι</strong></span> <span class='ocrx_word' id='word_1_89' title='bbox 667 1291 1004 1345; x_wconf 83' lang='grc' dir='ltr'>πλεονεκτεῖν</span> <span class='ocrx_word' id='word_1_90' title='bbox 1027 1293 1174 1346; x_wconf 84' lang='grc' dir='ltr'>δοκεῖ</span> <span class='ocrx_word' id='word_1_91' title='bbox 1199 1297 1262 1364; x_wconf 80' lang='grc' dir='ltr'>τῇ</span> <span class='ocrx_word' id='word_1_92' title='bbox 1295 1295 1581 1366; x_wconf 74' lang='grc' dir='ltr'>αἰσθητικῇ</span> <span class='ocrx_word' id='word_1_93' title='bbox 1612 1296 1861 1368; x_wconf 78' lang='grc' dir='ltr'><strong>ἐνεργείᾳ</strong></span> 
     </span>
    </p>
   </div>
   <div class='ocr_carea' id='block_1_14' title="bbox 288 1381 1857 1457">
    <p class='ocr_par' dir='ltr' id='par_1_14' title="bbox 288 1381 1857 1457">
     <span class='ocr_line' id='line_1_14' title="bbox 288 1381 1857 1457; baseline 0.004 -23"><span class='ocrx_word' id='word_1_94' title='bbox 288 1381 384 1434; x_wconf 84' lang='grc' dir='ltr'><strong>τοῦ</strong></span> <span class='ocrx_word' id='word_1_95' title='bbox 424 1382 546 1451; x_wconf 83' lang='grc' dir='ltr'>δίχα</span> <span class='ocrx_word' id='word_1_96' title='bbox 602 1382 804 1453; x_wconf 81' lang='grc' dir='ltr'><strong>ταύτης</strong></span> <span class='ocrx_word' id='word_1_97' title='bbox 848 1385 1180 1454; x_wconf 78' lang='grc' dir='ltr'><strong>τρεφομένου</strong></span> <span class='ocrx_word' id='word_1_98' title='bbox 1225 1402 1284 1438; x_wconf 88' lang='grc' dir='ltr'><strong>τε</strong></span> <span class='ocrx_word' id='word_1_99' title='bbox 1333 1386 1428 1439; x_wconf 75' lang='grc' dir='ltr'><strong>καὶ</strong></span> <span class='ocrx_word' id='word_1_100' title='bbox 1469 1386 1857 1457; x_wconf 80' lang='grc' dir='ltr'>αὐξανομένου.</span> 
     </span>
    </p>
   </div>
   <div class='ocr_carea' id='block_1_15' title="bbox 289 1474 1860 1548">
    <p class='ocr_par' dir='ltr' id='par_1_15' title="bbox 289 1474 1860 1548">
     <span class='ocr_line' id='line_1_15' title="bbox 289 1474 1860 1548; baseline 0.004 -23"><span class='ocrx_word' id='word_1_101' title='bbox 289 1474 640 1526; x_wconf 84' lang='grc' dir='ltr'>Παιδευσάτω</span> <span class='ocrx_word' id='word_1_102' title='bbox 669 1474 828 1527; x_wconf 83' lang='grc' dir='ltr'>τοῦτο</span> <span class='ocrx_word' id='word_1_103' title='bbox 856 1475 981 1538; x_wconf 78' lang='grc' dir='ltr'>τοὺς</span> <span class='ocrx_word' id='word_1_104' title='bbox 1009 1475 1369 1548; x_wconf 81' lang='grc' dir='ltr'>φιλοσάρκους</span> <span class='ocrx_word' id='word_1_105' title='bbox 1389 1516 1404 1540; x_wconf 91' lang='grc'><strong>,</strong></span> <span class='ocrx_word' id='word_1_106' title='bbox 1455 1478 1529 1548; x_wconf 81' lang='grc' dir='ltr'>μὴ</span> <span class='ocrx_word' id='word_1_107' title='bbox 1564 1479 1698 1532; x_wconf 81' lang='grc' dir='ltr'>πολὺ</span> <span class='ocrx_word' id='word_1_108' title='bbox 1746 1482 1860 1544; x_wconf 89' lang='grc' dir='ltr'>τοῖς</span> 
     </span>
    </p>
   </div>
   <div class='ocr_carea' id='block_1_16' title="bbox 290 1562 1857 1638">
    <p class='ocr_par' dir='ltr' id='par_1_16' title="bbox 290 1562 1857 1638">
     <span class='ocr_line' id='line_1_16' title="bbox 290 1562 1857 1638; baseline 0.006 -25"><span class='ocrx_word' id='word_1_109' title='bbox 290 1564 411 1614; x_wconf 85' lang='grc' dir='ltr'>κατ’</span> <span class='ocrx_word' id='word_1_110' title='bbox 442 1562 690 1634; x_wconf 70' lang='grc' dir='ltr'>αἴσθησιν</span> <span class='ocrx_word' id='word_1_111' title='bbox 723 1565 1062 1634; x_wconf 79' lang='grc' dir='ltr'>φαινομένοις</span> <span class='ocrx_word' id='word_1_112' title='bbox 1085 1566 1454 1637; x_wconf 85' lang='grc' dir='ltr'>προσδραμεῖν</span> <span class='ocrx_word' id='word_1_113' title='bbox 1474 1569 1580 1638; x_wconf 81' lang='grc' dir='ltr'>τὴν</span> <span class='ocrx_word' id='word_1_114' title='bbox 1600 1568 1857 1636; x_wconf 85' lang='grc' dir='ltr'>διάνοιαν,</span> 
     </span>
    </p>
   </div>
   <div class='ocr_carea' id='block_1_17' title="bbox 288 1654 1858 1728">
    <p class='ocr_par' dir='ltr' id='par_1_17' title="bbox 288 1654 1858 1728">
     <span class='ocr_line' id='line_1_17' title="bbox 288 1654 1858 1728; baseline 0.006 -23"><span class='ocrx_word' id='word_1_115' title='bbox 288 1654 404 1706; x_wconf 80' lang='grc' dir='ltr'>ἀλλ’</span> <span class='ocrx_word' id='word_1_116' title='bbox 432 1656 488 1706; x_wconf 83' lang='grc' dir='ltr'>ὲν</span> <span class='ocrx_word' id='word_1_117' title='bbox 516 1657 628 1718; x_wconf 85' lang='grc' dir='ltr'>τοῖς</span> <span class='ocrx_word' id='word_1_118' title='bbox 656 1655 904 1726; x_wconf 74' lang='grc' dir='ltr'>ψυχικοῖς</span> <span class='ocrx_word' id='word_1_119' title='bbox 938 1659 1314 1728; x_wconf 81' lang='grc' dir='ltr'>προτερήμασι</span> <span class='ocrx_word' id='word_1_120' title='bbox 1349 1658 1858 1728; x_wconf 82' lang='grc' dir='ltr'>προσασχολεῖσθαι,</span> 
     </span>
    </p>
   </div>
   <div class='ocr_carea' id='block_1_18' title="bbox 287 1745 1859 1822">
    <p class='ocr_par' dir='ltr' id='par_1_18' title="bbox 287 1745 1859 1822">
     <span class='ocr_line' id='line_1_18' title="bbox 287 1745 1859 1822; baseline 0.005 -25"><span class='ocrx_word' id='word_1_121' title='bbox 287 1745 366 1808; x_wconf 71' lang='lat' dir='ltr'><strong>rb;</strong></span> <span class='ocrx_word' id='word_1_122' title='bbox 394 1747 491 1816; x_wconf 86' lang='grc' dir='ltr'>τῆς</span> <span class='ocrx_word' id='word_1_123' title='bbox 519 1747 750 1818; x_wconf 82' lang='grc' dir='ltr'><strong>ἀληθοῦς</strong></span> <span class='ocrx_word' id='word_1_124' title='bbox 785 1747 964 1818; x_wconf 75' lang='grc' dir='ltr'>ψυχῆς</span> <span class='ocrx_word' id='word_1_125' title='bbox 993 1750 1051 1801; x_wconf 81' lang='grc' dir='ltr'>ὲν</span> <span class='ocrx_word' id='word_1_126' title='bbox 1087 1749 1297 1813; x_wconf 83' lang='grc' dir='ltr'>τούτοις</span> <span class='ocrx_word' id='word_1_127' title='bbox 1329 1751 1730 1821; x_wconf 82' lang='grc' dir='ltr'>θεωρουμένης,</span> <span class='ocrx_word' id='word_1_128' title='bbox 1761 1753 1859 1822; x_wconf 84' lang='grc' dir='ltr'>τῆς</span> 
     </span>
    </p>
   </div>
   <div class='ocr_carea' id='block_1_19' title="bbox 287 1834 1900 1918">
    <p class='ocr_par' dir='ltr' id='par_1_19' title="bbox 287 1834 1900 1918">
     <span class='ocr_line' id='line_1_19' title="bbox 287 1834 1900 1918; baseline 0.004 -28"><span class='ocrx_word' id='word_1_129' title='bbox 287 1838 347 1890; x_wconf 84' lang='grc' dir='ltr'><strong>δὲ</strong></span> <span class='ocrx_word' id='word_1_130' title='bbox 391 1839 692 1909; x_wconf 78' lang='grc' dir='ltr'>αἰσθήσεως</span> <span class='ocrx_word' id='word_1_131' title='bbox 736 1843 828 1894; x_wconf 79' lang='grc' dir='ltr'>καὶ</span> <span class='ocrx_word' id='word_1_132' title='bbox 863 1843 920 1894; x_wconf 84' lang='grc' dir='ltr'>ὲν</span> <span class='ocrx_word' id='word_1_133' title='bbox 959 1843 1072 1903; x_wconf 84' lang='grc' dir='ltr'>τοῖς</span> <span class='ocrx_word' id='word_1_134' title='bbox 1117 1841 1330 1909; x_wconf 82' lang='grc' dir='ltr'>ἀλόγοις</span> <span class='ocrx_word' id='word_1_135' title='bbox 1357 1843 1418 1895; x_wconf 84' lang='grc' dir='ltr'>τὸ</span> <span class='ocrx_word' id='word_1_136' title='bbox 1452 1844 1566 1896; x_wconf 75' lang='grc' dir='ltr'>ἴσον</span> <span class='ocrx_word' id='word_1_137' title='bbox 1607 1834 1900 1918; x_wconf 55' lang='grc' dir='ltr'>ἐχούσηςε]</span> 
     </span>
    </p>
   </div>
   <div class='ocr_carea' id='block_1_20' title="bbox 302 1923 1928 2004">
    <p class='ocr_par' dir='ltr' id='par_1_20' title="bbox 302 1923 1928 2004">
     <span class='ocr_line' id='line_1_20' title="bbox 302 1923 1928 2004; baseline 0.006 -24"><span class='ocrx_word' id='word_1_138' title='bbox 302 1929 440 1981; x_wconf 82' lang='grc' dir='ltr'>Ἀλλ’</span> <span class='ocrx_word' id='word_1_139' title='bbox 469 1933 553 1998; x_wconf 72' lang='grc' dir='ltr'><strong>ἐφ’</strong></span> <span class='ocrx_word' id='word_1_140' title='bbox 602 1930 784 2001; x_wconf 78' lang='grc' dir='ltr'>ἕτερον</span> <span class='ocrx_word' id='word_1_141' title='bbox 828 1933 860 2000; x_wconf 86' lang='grc' dir='ltr'><strong>ή</strong></span> <span class='ocrx_word' id='word_1_142' title='bbox 890 1931 1178 1985; x_wconf 79' lang='grc' dir='ltr'>ἀκολουθία</span> <span class='ocrx_word' id='word_1_143' title='bbox 1214 1933 1528 2004; x_wconf 80' lang='grc' dir='ltr'>παρηνέχθη</span> <span class='ocrx_word' id='word_1_144' title='bbox 1555 1934 1646 1988; x_wconf 85' lang='grc' dir='ltr'><strong>τοῦ</strong></span> <span class='ocrx_word' id='word_1_145' title='bbox 1671 1934 1850 2002; x_wconf 87' lang='grc' dir='ltr'>λόγου.</span> <span class='ocrx_word' id='word_1_146' title='bbox 1888 1923 1928 1981; x_wconf 79' lang='grc' dir='ltr'><strong><em>Β</em></strong></span> 
     </span>
    </p>
   </div>
   <div class='ocr_carea' id='block_1_21' title="bbox 287 2019 1856 2096">
    <p class='ocr_par' dir='ltr' id='par_1_21' title="bbox 287 2019 1856 2096">
     <span class='ocr_line' id='line_1_21' title="bbox 287 2019 1856 2096; baseline 0.006 -25"><span class='ocrx_word' id='word_1_147' title='bbox 287 2020 366 2071; x_wconf 80' lang='grc' dir='ltr'><strong>Οὐ</strong></span> <span class='ocrx_word' id='word_1_148' title='bbox 400 2020 506 2089; x_wconf 76' lang='grc' dir='ltr'><strong>γὰρ</strong></span> <span class='ocrx_word' id='word_1_149' title='bbox 548 2019 702 2074; x_wconf 87' lang='grc' dir='ltr'>τοῦτο</span> <span class='ocrx_word' id='word_1_150' title='bbox 749 2024 815 2093; x_wconf 79' lang='grc' dir='ltr'><strong>τῇ</strong></span> <span class='ocrx_word' id='word_1_151' title='bbox 859 2023 1059 2094; x_wconf 80' lang='grc' dir='ltr'>θεωρίᾳ</span> <span class='ocrx_word' id='word_1_152' title='bbox 1098 2024 1411 2094; x_wconf 80' lang='grc' dir='ltr'>προέκειτο,</span> <span class='ocrx_word' id='word_1_153' title='bbox 1450 2027 1531 2078; x_wconf 83' lang='grc' dir='ltr'>ὅτι</span> <span class='ocrx_word' id='word_1_154' title='bbox 1580 2026 1856 2096; x_wconf 83' lang='grc' dir='ltr'>προτιμώ-</span> 
     </span>
    </p>
   </div>
   <div class='ocr_carea' id='block_1_22' title="bbox 284 2113 1856 2186">
    <p class='ocr_par' dir='ltr' id='par_1_22' title="bbox 284 2113 1856 2186">
     <span class='ocr_line' id='line_1_22' title="bbox 284 2113 1856 2186; baseline 0.004 -22"><span class='ocrx_word' id='word_1_155' title='bbox 284 2129 446 2182; x_wconf 86' lang='grc' dir='ltr'>τερον</span> <span class='ocrx_word' id='word_1_156' title='bbox 470 2113 578 2166; x_wconf 83' lang='grc' dir='ltr'>τῶν</span> <span class='ocrx_word' id='word_1_157' title='bbox 622 2115 680 2166; x_wconf 81' lang='grc' dir='ltr'>ὲν</span> <span class='ocrx_word' id='word_1_158' title='bbox 721 2114 798 2183; x_wconf 83' lang='grc' dir='ltr'><strong>τῷ</strong></span> <span class='ocrx_word' id='word_1_159' title='bbox 831 2113 1101 2185; x_wconf 82' lang='grc' dir='ltr'>ἀνθρώπῳ</span> <span class='ocrx_word' id='word_1_160' title='bbox 1139 2117 1442 2186; x_wconf 79' lang='grc' dir='ltr'>νοουμένων</span> <span class='ocrx_word' id='word_1_161' title='bbox 1473 2119 1622 2170; x_wconf 77' lang='grc' dir='ltr'>ἐστὶν</span> <span class='ocrx_word' id='word_1_162' title='bbox 1650 2119 1683 2186; x_wconf 88' lang='grc' dir='ltr'>ἡ</span> <span class='ocrx_word' id='word_1_163' title='bbox 1716 2117 1856 2170; x_wconf 85' lang='grc' dir='ltr'>κατὰ</span> 
     </span>
    </p>
   </div>
   <div class='ocr_carea' id='block_1_23' title="bbox 286 2203 1854 2278">
    <p class='ocr_par' dir='ltr' id='par_1_23' title="bbox 286 2203 1854 2278">
     <span class='ocr_line' id='line_1_23' title="bbox 286 2203 1854 2278; baseline 0.002 -21"><span class='ocrx_word' id='word_1_164' title='bbox 286 2203 413 2257; x_wconf 85' lang='grc' dir='ltr'>νοῦν</span> <span class='ocrx_word' id='word_1_165' title='bbox 453 2205 698 2278; x_wconf 78' lang='grc' dir='ltr'>ἐνέργεια</span> <span class='ocrx_word' id='word_1_166' title='bbox 727 2205 760 2275; x_wconf 84' lang='grc' dir='ltr'>ἢ</span> <span class='ocrx_word' id='word_1_167' title='bbox 791 2205 850 2258; x_wconf 80' lang='grc' dir='ltr'>τὸ</span> <span class='ocrx_word' id='word_1_168' title='bbox 879 2206 1060 2259; x_wconf 82' lang='grc' dir='ltr'>ὑλικὸν</span> <span class='ocrx_word' id='word_1_169' title='bbox 1089 2207 1189 2276; x_wconf 83' lang='grc' dir='ltr'>τῆς</span> <span class='ocrx_word' id='word_1_170' title='bbox 1215 2207 1564 2272; x_wconf 82' lang='grc' dir='ltr'>ὑποστάσεως</span> <span class='ocrx_word' id='word_1_171' title='bbox 1583 2227 1596 2239; x_wconf 88' lang='grc'><strong>·</strong></span> <span class='ocrx_word' id='word_1_172' title='bbox 1633 2209 1746 2260; x_wconf 82' lang='grc' dir='ltr'>ἀλλ’</span> <span class='ocrx_word' id='word_1_173' title='bbox 1773 2210 1854 2260; x_wconf 83' lang='grc' dir='ltr'>ὅτι</span> 
     </span>
    </p>
   </div>
   <div class='ocr_carea' id='block_1_24' title="bbox 283 2298 1854 2370">
    <p class='ocr_par' dir='ltr' id='par_1_24' title="bbox 283 2298 1854 2370">
     <span class='ocr_line' id='line_1_24' title="bbox 283 2298 1854 2370; baseline 0.002 -21"><span class='ocrx_word' id='word_1_174' title='bbox 283 2298 408 2367; x_wconf 69' lang='grc' dir='ltr'>οὐχὶ</span> <span class='ocrx_word' id='word_1_175' title='bbox 443 2299 598 2370; x_wconf 87' lang='grc' dir='ltr'>μέρει</span> <span class='ocrx_word' id='word_1_176' title='bbox 623 2301 728 2352; x_wconf 77' lang='grc' dir='ltr'>τινὶ</span> <span class='ocrx_word' id='word_1_177' title='bbox 751 2299 860 2353; x_wconf 83' lang='grc' dir='ltr'>τῶν</span> <span class='ocrx_word' id='word_1_178' title='bbox 900 2302 958 2352; x_wconf 76' lang='grc' dir='ltr'>ἐν</span> <span class='ocrx_word' id='word_1_179' title='bbox 996 2301 1124 2370; x_wconf 79' lang='grc' dir='ltr'>ἡμῖν</span> <span class='ocrx_word' id='word_1_180' title='bbox 1167 2301 1194 2352; x_wconf 87' lang='grc' dir='ltr'><strong>ό</strong></span> <span class='ocrx_word' id='word_1_181' title='bbox 1221 2300 1343 2364; x_wconf 91' lang='grc' dir='ltr'>νοῦς</span> <span class='ocrx_word' id='word_1_182' title='bbox 1369 2299 1710 2369; x_wconf 84' lang='grc' dir='ltr'>περιέχεται,</span> <span class='ocrx_word' id='word_1_183' title='bbox 1737 2299 1854 2354; x_wconf 80' lang='grc' dir='ltr'>ἀλλ’</span> 
     </span>
    </p>
   </div>
   <div class='ocr_carea' id='block_1_25' title="bbox 283 2391 1854 2462">
    <p class='ocr_par' dir='ltr' id='par_1_25' title="bbox 283 2391 1854 2462">
     <span class='ocr_line' id='line_1_25' title="bbox 283 2391 1854 2462; baseline 0.001 -20"><span class='ocrx_word' id='word_1_184' title='bbox 283 2391 481 2462; x_wconf 75' lang='grc' dir='ltr'>ἐπίσης</span> <span class='ocrx_word' id='word_1_185' title='bbox 509 2393 566 2443; x_wconf 78' lang='grc' dir='ltr'>ὲν</span> <span class='ocrx_word' id='word_1_186' title='bbox 617 2394 747 2446; x_wconf 81' lang='grc' dir='ltr'>πᾶσι</span> <span class='ocrx_word' id='word_1_187' title='bbox 792 2394 885 2446; x_wconf 68' lang='grc' dir='ltr'>καὶ</span> <span class='ocrx_word' id='word_1_188' title='bbox 913 2393 998 2444; x_wconf 76' lang='grc' dir='ltr'><strong>διὰ.</strong></span> <span class='ocrx_word' id='word_1_189' title='bbox 1041 2394 1256 2446; x_wconf 84' lang='grc' dir='ltr'>πάντων</span> <span class='ocrx_word' id='word_1_190' title='bbox 1281 2393 1460 2445; x_wconf 82' lang='grc' dir='ltr'>ἐστίν·</span> <span class='ocrx_word' id='word_1_191' title='bbox 1495 2391 1619 2444; x_wconf 76' lang='grc' dir='ltr'>οὔτε</span> <span class='ocrx_word' id='word_1_192' title='bbox 1657 2391 1854 2458; x_wconf 80' lang='grc' dir='ltr'>ἔξωθεν</span> 
     </span>
    </p>
   </div>
   <div class='ocr_carea' id='block_1_26' title="bbox 281 2482 1855 2555">
    <p class='ocr_par' dir='ltr' id='par_1_26' title="bbox 281 2482 1855 2555">
     <span class='ocr_line' id='line_1_26' title="bbox 281 2482 1855 2555; baseline 0.001 -21"><span class='ocrx_word' id='word_1_193' title='bbox 281 2482 731 2552; x_wconf 77' lang='grc' dir='ltr'>περιλαμϐάνων,</span> <span class='ocrx_word' id='word_1_194' title='bbox 783 2482 904 2536; x_wconf 69' lang='grc' dir='ltr'>οὔτε</span> <span class='ocrx_word' id='word_1_195' title='bbox 966 2483 1176 2536; x_wconf 78' lang='grc' dir='ltr'>ἔνδοθεν</span> <span class='ocrx_word' id='word_1_196' title='bbox 1231 2483 1617 2555; x_wconf 83' lang='grc' dir='ltr'>κρατούμενος.</span> <span class='ocrx_word' id='word_1_197' title='bbox 1671 2483 1855 2536; x_wconf 87' lang='grc' dir='ltr'>Ταῦτα</span> 
     </span>
    </p>
   </div>
   <div class='ocr_carea' id='block_1_27' title="bbox 277 2563 1854 2644">
    <p class='ocr_par' dir='ltr' id='par_1_27' title="bbox 277 2563 1854 2644">
     <span class='ocr_line' id='line_1_27' title="bbox 277 2563 1854 2644; baseline 0.002 -21"><span class='ocrx_word' id='word_1_198' title='bbox 277 2573 391 2643; x_wconf 80' lang='grc' dir='ltr'><strong>γὰρ</strong></span> <span class='ocrx_word' id='word_1_199' title='bbox 440 2574 532 2626; x_wconf 68' lang='grc' dir='ltr'><strong>ἐπὶ</strong></span> <span class='ocrx_word' id='word_1_200' title='bbox 574 2575 752 2627; x_wconf 83' lang='grc' dir='ltr'>κάδων</span> <span class='ocrx_word' id='word_1_201' title='bbox 803 2575 835 2644; x_wconf 78' lang='grc' dir='ltr'>ἢ</span> <span class='ocrx_word' id='word_1_202' title='bbox 883 2574 1055 2628; x_wconf 79' lang='grc' dir='ltr'>ἄλλων</span> <span class='ocrx_word' id='word_1_203' title='bbox 1095 2575 1254 2627; x_wconf 85' lang='grc' dir='ltr'>τινῶν</span> <span class='ocrx_word' id='word_1_204' title='bbox 1290 2563 1557 2644; x_wconf 72' lang='grc' dir='ltr'>σωμάτων</span> <span class='ocrx_word' id='word_1_205' title='bbox 1604 2573 1854 2644; x_wconf 83' lang='grc' dir='ltr'>ἀλλήλοις</span> 
     </span>
    </p>
   </div>
   <div class='ocr_carea' id='block_1_28' title="bbox 276 2664 1855 2736">
    <p class='ocr_par' dir='ltr' id='par_1_28' title="bbox 276 2664 1855 2736">
     <span class='ocr_line' id='line_1_28' title="bbox 276 2664 1855 2736; baseline 0.002 -21"><span class='ocrx_word' id='word_1_206' title='bbox 276 2664 635 2734; x_wconf 79' lang='grc' dir='ltr'>ἐντιθεμένων</span> <span class='ocrx_word' id='word_1_207' title='bbox 679 2665 882 2735; x_wconf 84' lang='grc' dir='ltr'>κυρίως</span> <span class='ocrx_word' id='word_1_208' title='bbox 922 2665 1158 2733; x_wconf 78' lang='grc' dir='ltr'>λέγεται.</span> <span class='ocrx_word' id='word_1_209' title='bbox 1199 2665 1264 2718; x_wconf 83' lang='grc' dir='ltr'><em>Ἦ</em></span> <span class='ocrx_word' id='word_1_210' title='bbox 1302 2666 1359 2717; x_wconf 85' lang='grc' dir='ltr'><strong>δὲ</strong></span> <span class='ocrx_word' id='word_1_211' title='bbox 1383 2665 1475 2718; x_wconf 88' lang='grc' dir='ltr'><strong>τοῦ</strong></span> <span class='ocrx_word' id='word_1_212' title='bbox 1507 2665 1597 2719; x_wconf 88' lang='grc' dir='ltr'><strong>νοῦ</strong></span> <span class='ocrx_word' id='word_1_213' title='bbox 1632 2665 1767 2736; x_wconf 75' lang='grc' dir='ltr'>πρὸς</span> <span class='ocrx_word' id='word_1_214' title='bbox 1793 2666 1855 2718; x_wconf 80' lang='grc' dir='ltr'>τὸ</span> 
     </span>
    </p>
   </div>
   <div class='ocr_carea' id='block_1_29' title="bbox 278 2755 1854 2827">
    <p class='ocr_par' dir='ltr' id='par_1_29' title="bbox 278 2755 1854 2827">
     <span class='ocr_line' id='line_1_29' title="bbox 278 2755 1854 2827; baseline 0.001 -21"><span class='ocrx_word' id='word_1_215' title='bbox 278 2756 590 2824; x_wconf 82' lang='grc' dir='ltr'>σωματικὸν</span> <span class='ocrx_word' id='word_1_216' title='bbox 641 2756 892 2810; x_wconf 75' lang='grc' dir='ltr'>κοινωνία</span> <span class='ocrx_word' id='word_1_217' title='bbox 945 2756 1220 2825; x_wconf 72' lang='grc' dir='ltr'>ἄφραστόν</span> <span class='ocrx_word' id='word_1_218' title='bbox 1264 2773 1323 2809; x_wconf 90' lang='grc' dir='ltr'><strong>τε</strong></span> <span class='ocrx_word' id='word_1_219' title='bbox 1365 2757 1460 2810; x_wconf 72' lang='grc' dir='ltr'>καὶ</span> <span class='ocrx_word' id='word_1_220' title='bbox 1501 2755 1854 2827; x_wconf 86' lang='grc' dir='ltr'>ἀνεπινόητον</span> 
     </span>
    </p>
   </div>
   <div class='ocr_carea' id='block_1_30' title="bbox 275 2843 1855 2918">
    <p class='ocr_par' dir='ltr' id='par_1_30' title="bbox 275 2843 1855 2918">
     <span class='ocr_line' id='line_1_30' title="bbox 275 2843 1855 2918; baseline 0.003 -22"><span class='ocrx_word' id='word_1_221' title='bbox 275 2843 376 2914; x_wconf 76' lang='grc' dir='ltr'>τὴν</span> <span class='ocrx_word' id='word_1_222' title='bbox 398 2846 690 2912; x_wconf 76' lang='grc' dir='ltr'>συνάφειαν</span> <span class='ocrx_word' id='word_1_223' title='bbox 716 2846 844 2916; x_wconf 76' lang='grc' dir='ltr'>ἔχει,</span> <span class='ocrx_word' id='word_1_224' title='bbox 867 2846 989 2899; x_wconf 70' lang='grc' dir='ltr'>οὔτε</span> <span class='ocrx_word' id='word_1_225' title='bbox 1011 2848 1160 2910; x_wconf 77' lang='grc' dir='ltr'>ἐντὸς</span> <span class='ocrx_word' id='word_1_226' title='bbox 1178 2843 1312 2900; x_wconf 74' lang='grc' dir='ltr'>οὖσα</span> <span class='ocrx_word' id='word_1_227' title='bbox 1336 2846 1492 2916; x_wconf 70' lang='grc' dir='ltr'>(οὔτε</span> <span class='ocrx_word' id='word_1_228' title='bbox 1519 2847 1628 2918; x_wconf 81' lang='grc' dir='ltr'>γὰρ</span> <span class='ocrx_word' id='word_1_229' title='bbox 1651 2850 1855 2918; x_wconf 78' lang='grc' dir='ltr'>ἐγκρα-</span> 
     </span>
    </p>
   </div>
   <div class='ocr_carea' id='block_1_31' title="bbox 274 2927 1852 3005">
    <p class='ocr_par' dir='ltr' id='par_1_31' title="bbox 274 2927 1852 3005">
     <span class='ocr_line' id='line_1_31' title="bbox 274 2927 1852 3005; baseline 0.001 -19"><span class='ocrx_word' id='word_1_230' title='bbox 274 2937 453 2987; x_wconf 78' lang='grc' dir='ltr'>τεῖται</span> <span class='ocrx_word' id='word_1_231' title='bbox 516 2927 726 3005; x_wconf 82' lang='grc' dir='ltr'>σώματι</span> <span class='ocrx_word' id='word_1_232' title='bbox 775 2934 838 2988; x_wconf 85' lang='grc' dir='ltr'>τὸ</span> <span class='ocrx_word' id='word_1_233' title='bbox 894 2935 1248 3005; x_wconf 84' lang='grc' dir='ltr'>ἀσώματον),</span> <span class='ocrx_word' id='word_1_234' title='bbox 1295 2934 1416 2988; x_wconf 71' lang='grc' dir='ltr'>οὔτε</span> <span class='ocrx_word' id='word_1_235' title='bbox 1474 2934 1626 2998; x_wconf 74' lang='grc' dir='ltr'>ἐκτὸς</span> <span class='ocrx_word' id='word_1_236' title='bbox 1669 2935 1852 3004; x_wconf 85' lang='grc' dir='ltr'>περιέ-</span> 
     </span>
    </p>
   </div>
   <div class='ocr_carea' id='block_1_32' title="bbox 243 3022 1855 3098">
    <p class='ocr_par' dir='ltr' id='par_1_32' title="bbox 243 3022 1855 3098">
     <span class='ocr_line' id='line_1_32' title="bbox 243 3022 1855 3098; baseline 0.001 -18"><span class='ocrx_word' id='word_1_237' title='bbox 243 3022 254 3030; x_wconf 83' lang='grc'><em>’</em></span> <span class='ocrx_word' id='word_1_238' title='bbox 275 3044 448 3098; x_wconf 81' lang='grc' dir='ltr'>χουσα</span> <span class='ocrx_word' id='word_1_239' title='bbox 478 3028 568 3095; x_wconf 83' lang='grc' dir='ltr'><strong>(οὐ</strong></span> <span class='ocrx_word' id='word_1_240' title='bbox 610 3027 719 3098; x_wconf 75' lang='grc' dir='ltr'><strong>γὰρ</strong></span> <span class='ocrx_word' id='word_1_241' title='bbox 751 3027 1146 3098; x_wconf 80' lang='grc' dir='ltr'>περιλαμϐάνει</span> <span class='ocrx_word' id='word_1_242' title='bbox 1183 3045 1234 3081; x_wconf 88' lang='grc' dir='ltr'><strong>τι</strong></span> <span class='ocrx_word' id='word_1_243' title='bbox 1262 3027 1332 3080; x_wconf 81' lang='grc' dir='ltr'><strong>τὰ</strong></span> <span class='ocrx_word' id='word_1_244' title='bbox 1359 3027 1654 3097; x_wconf 84' lang='grc' dir='ltr'>ἀσώματα)</span> <span class='ocrx_word' id='word_1_245' title='bbox 1675 3043 1688 3057; x_wconf 87' lang='grc'><strong>·</strong></span> <span class='ocrx_word' id='word_1_246' title='bbox 1720 3027 1855 3082; x_wconf 77' lang='grc' dir='ltr'>ἀλλὰ</span> 
     </span>
    </p>
   </div>
   <div class='ocr_carea' id='block_1_33' title="bbox 275 3119 1855 3190">
    <p class='ocr_par' dir='ltr' id='par_1_33' title="bbox 275 3119 1855 3190">
     <span class='ocr_line' id='line_1_33' title="bbox 275 3119 1855 3190; baseline -0.001 -18"><span class='ocrx_word' id='word_1_247' title='bbox 275 3120 423 3172; x_wconf 86' lang='grc' dir='ltr'>κατά</span> <span class='ocrx_word' id='word_1_248' title='bbox 462 3136 582 3172; x_wconf 87' lang='grc' dir='ltr'>τινα</span> <span class='ocrx_word' id='word_1_249' title='bbox 610 3120 808 3190; x_wconf 84' lang='grc' dir='ltr'>τρόπον</span> <span class='ocrx_word' id='word_1_250' title='bbox 849 3119 1130 3189; x_wconf 76' lang='grc' dir='ltr'>ἀμήχανόν</span> <span class='ocrx_word' id='word_1_251' title='bbox 1154 3137 1213 3171; x_wconf 88' lang='grc' dir='ltr'><strong>τε</strong></span> <span class='ocrx_word' id='word_1_252' title='bbox 1242 3120 1335 3171; x_wconf 82' lang='grc' dir='ltr'>καὶ</span> <span class='ocrx_word' id='word_1_253' title='bbox 1368 3119 1732 3188; x_wconf 83' lang='grc' dir='ltr'>ἀκατανόητον</span> <span class='ocrx_word' id='word_1_254' title='bbox 1761 3121 1855 3186; x_wconf 58' lang='lat' dir='ltr'><strong>sy-</strong></span> 
     </span>
    </p>
   </div>
   <div class='ocr_carea' id='block_1_34' title="bbox 274 3211 1854 3283">
    <p class='ocr_par' dir='ltr' id='par_1_34' title="bbox 274 3211 1854 3283">
     <span class='ocr_line' id='line_1_34' title="bbox 274 3211 1854 3283; baseline -0.001 -20"><span class='ocrx_word' id='word_1_255' title='bbox 274 3212 450 3278; x_wconf 77' lang='grc' dir='ltr'>γίξων</span> <span class='ocrx_word' id='word_1_256' title='bbox 474 3214 502 3264; x_wconf 86' lang='grc' dir='ltr'><strong>ό</strong></span> <span class='ocrx_word' id='word_1_257' title='bbox 534 3211 656 3274; x_wconf 86' lang='grc' dir='ltr'>νοῦς</span> <span class='ocrx_word' id='word_1_258' title='bbox 697 3214 762 3283; x_wconf 82' lang='grc' dir='ltr'>τῇ</span> <span class='ocrx_word' id='word_1_259' title='bbox 800 3211 992 3281; x_wconf 83' lang='grc' dir='ltr'>φύσει,</span> <span class='ocrx_word' id='word_1_260' title='bbox 1039 3211 1132 3264; x_wconf 73' lang='grc' dir='ltr'>καὶ</span> <span class='ocrx_word' id='word_1_261' title='bbox 1161 3211 1633 3281; x_wconf 84' lang='grc' dir='ltr'>προσαπτόμενος,</span> <span class='ocrx_word' id='word_1_262' title='bbox 1669 3211 1761 3263; x_wconf 72' lang='grc' dir='ltr'>καὶ</span> <span class='ocrx_word' id='word_1_263' title='bbox 1797 3213 1854 3263; x_wconf 84' lang='grc' dir='ltr'>ὲν</span> 
     </span>
    </p>
   </div>
   <div class='ocr_carea' id='block_1_35' title="bbox 275 3301 1848 3374">
    <p class='ocr_par' dir='ltr' id='par_1_35' title="bbox 275 3301 1848 3374">
     <span class='ocr_line' id='line_1_35' title="bbox 275 3301 1848 3374; baseline 0 -20"><span class='ocrx_word' id='word_1_264' title='bbox 275 3303 418 3374; x_wconf 75' lang='grc' dir='ltr'>αὐτῇ</span> <span class='ocrx_word' id='word_1_265' title='bbox 461 3302 554 3355; x_wconf 79' lang='grc' dir='ltr'>καὶ</span> <span class='ocrx_word' id='word_1_266' title='bbox 583 3303 709 3372; x_wconf 71' lang='grc' dir='ltr'>περὶ</span> <span class='ocrx_word' id='word_1_267' title='bbox 740 3302 909 3373; x_wconf 78' lang='grc' dir='ltr'>αὐτὴν</span> <span class='ocrx_word' id='word_1_268' title='bbox 943 3301 1256 3372; x_wconf 84' lang='grc' dir='ltr'>θεωρεῖται,</span> <span class='ocrx_word' id='word_1_269' title='bbox 1291 3301 1415 3354; x_wconf 75' lang='grc' dir='ltr'>οὔτε</span> <span class='ocrx_word' id='word_1_270' title='bbox 1458 3301 1848 3373; x_wconf 78' lang='grc' dir='ltr'>ἐγκαθήμενος,</span> 
     </span>
    </p>
   </div>
   <div class='ocr_carea' id='block_1_36' title="bbox 274 3393 1847 3465">
    <p class='ocr_par' dir='ltr' id='par_1_36' title="bbox 274 3393 1847 3465">
     <span class='ocr_line' id='line_1_36' title="bbox 274 3393 1847 3465; baseline -0.001 -17"><span class='ocrx_word' id='word_1_271' title='bbox 274 3393 402 3448; x_wconf 77' lang='grc' dir='ltr'>οὔτε</span> <span class='ocrx_word' id='word_1_272' title='bbox 437 3396 967 3465; x_wconf 68' lang='grc' dir='ltr'>περιπτυσσόμενοςυ</span> <span class='ocrx_word' id='word_1_273' title='bbox 1020 3394 1156 3448; x_wconf 82' lang='grc' dir='ltr'><strong>ἀλλὰ</strong></span> <span class='ocrx_word' id='word_1_274' title='bbox 1185 3395 1259 3457; x_wconf 84' lang='grc' dir='ltr'>ὡς</span> <span class='ocrx_word' id='word_1_275' title='bbox 1288 3394 1388 3446; x_wconf 84' lang='grc' dir='ltr'>οὐκ</span> <span class='ocrx_word' id='word_1_276' title='bbox 1431 3393 1577 3446; x_wconf 75' lang='grc' dir='ltr'>ἔστιν</span> <span class='ocrx_word' id='word_1_277' title='bbox 1607 3395 1778 3446; x_wconf 73' lang='grc' dir='ltr'>εἰπεῖν</span> <span class='ocrx_word' id='word_1_278' title='bbox 1814 3395 1847 3464; x_wconf 84' lang='grc' dir='ltr'>ἢ</span> 
     </span>
    </p>
   </div>
   <div class='ocr_carea' id='block_1_37' title="bbox 272 3485 1850 3558">
    <p class='ocr_par' dir='ltr' id='par_1_37' title="bbox 272 3485 1850 3558">
     <span class='ocr_line' id='line_1_37' title="bbox 272 3485 1850 3558; baseline -0.002 -18"><span class='ocrx_word' id='word_1_279' title='bbox 272 3487 492 3557; x_wconf 80' lang='grc' dir='ltr'>νοῆσαι,</span> <span class='ocrx_word' id='word_1_280' title='bbox 523 3488 661 3558; x_wconf 84' lang='grc' dir='ltr'>πλὴν</span> <span class='ocrx_word' id='word_1_281' title='bbox 686 3488 766 3540; x_wconf 80' lang='grc' dir='ltr'>ὅτι</span> <span class='ocrx_word' id='word_1_282' title='bbox 788 3487 928 3540; x_wconf 76' lang='grc' dir='ltr'>κατὰ</span> <span class='ocrx_word' id='word_1_283' title='bbox 947 3487 1038 3540; x_wconf 84' lang='grc' dir='ltr'>τὸν</span> <span class='ocrx_word' id='word_1_284' title='bbox 1068 3487 1199 3540; x_wconf 81' lang='grc' dir='ltr'>ἴδιον</span> <span class='ocrx_word' id='word_1_285' title='bbox 1229 3486 1400 3556; x_wconf 84' lang='grc' dir='ltr'>αὐτῆς</span> <span class='ocrx_word' id='word_1_286' title='bbox 1426 3485 1615 3557; x_wconf 80' lang='grc' dir='ltr'>εἱρμὸν</span> <span class='ocrx_word' id='word_1_287' title='bbox 1639 3485 1850 3539; x_wconf 79' lang='grc' dir='ltr'>εὐοδουο</span> 
     </span>
    </p>
   </div>
   <div class='ocr_carea' id='block_1_38' title="bbox 279 3576 1851 3649">
    <p class='ocr_par' dir='ltr' id='par_1_38' title="bbox 279 3576 1851 3649">
     <span class='ocr_line' id='line_1_38' title="bbox 279 3576 1851 3649; baseline 0 -19"><span class='ocrx_word' id='word_1_288' title='bbox 279 3579 449 3649; x_wconf 86' lang='grc' dir='ltr'>μένης</span> <span class='ocrx_word' id='word_1_289' title='bbox 490 3579 588 3648; x_wconf 82' lang='grc' dir='ltr'>τῆς</span> <span class='ocrx_word' id='word_1_290' title='bbox 629 3578 874 3649; x_wconf 79' lang='grc' dir='ltr'>φύσεως,</span> <span class='ocrx_word' id='word_1_291' title='bbox 906 3580 1000 3632; x_wconf 72' lang='grc' dir='ltr'><strong>καὶ</strong></span> <span class='ocrx_word' id='word_1_292' title='bbox 1027 3582 1054 3632; x_wconf 87' lang='grc' dir='ltr'><strong>ό</strong></span> <span class='ocrx_word' id='word_1_293' title='bbox 1093 3577 1218 3642; x_wconf 91' lang='grc' dir='ltr'>νοῦς</span> <span class='ocrx_word' id='word_1_294' title='bbox 1258 3578 1480 3649; x_wconf 78' lang='grc' dir='ltr'>ἐνεργὸς</span> <span class='ocrx_word' id='word_1_295' title='bbox 1525 3578 1749 3645; x_wconf 83' lang='grc' dir='ltr'>γίνεται.</span> <span class='ocrx_word' id='word_1_296' title='bbox 1787 3576 1851 3630; x_wconf 89' lang='grc' dir='ltr'>Εί</span> 
     </span>
    </p>
   </div>
   <div class='ocr_carea' id='block_1_39' title="bbox 275 3666 1850 3740">
    <p class='ocr_par' dir='ltr' id='par_1_39' title="bbox 275 3666 1850 3740">
     <span class='ocr_line' id='line_1_39' title="bbox 275 3666 1850 3740; baseline -0.003 -17"><span class='ocrx_word' id='word_1_297' title='bbox 275 3670 335 3723; x_wconf 79' lang='grc' dir='ltr'><strong>δέ</strong></span> <span class='ocrx_word' id='word_1_298' title='bbox 380 3687 434 3722; x_wconf 82' lang='grc' dir='ltr'><strong>τι</strong></span> <span class='ocrx_word' id='word_1_299' title='bbox 475 3669 850 3740; x_wconf 86' lang='grc' dir='ltr'>πλημμέλημα</span> <span class='ocrx_word' id='word_1_300' title='bbox 893 3670 1022 3740; x_wconf 80' lang='grc' dir='ltr'>περὶ</span> <span class='ocrx_word' id='word_1_301' title='bbox 1053 3667 1255 3736; x_wconf 84' lang='grc' dir='ltr'>ταύτην</span> <span class='ocrx_word' id='word_1_302' title='bbox 1303 3667 1602 3738; x_wconf 88' lang='grc' dir='ltr'>συμπέσοι,</span> <span class='ocrx_word' id='word_1_303' title='bbox 1663 3666 1850 3729; x_wconf 81' lang='grc' dir='ltr'>σκάζει</span> 
     </span>
    </p>
   </div>
   <div class='ocr_carea' id='block_1_40' title="bbox 275 3759 1437 3830">
    <p class='ocr_par' dir='ltr' id='par_1_40' title="bbox 275 3759 1437 3830">
     <span class='ocr_line' id='line_1_40' title="bbox 275 3759 1437 3830; baseline -0.002 -18"><span class='ocrx_word' id='word_1_304' title='bbox 275 3763 402 3812; x_wconf 84' lang='grc' dir='ltr'>κατ’</span> <span class='ocrx_word' id='word_1_305' title='bbox 431 3761 607 3813; x_wconf 79' lang='grc' dir='ltr'>ἐκεῖνο</span> <span class='ocrx_word' id='word_1_306' title='bbox 640 3761 734 3814; x_wconf 76' lang='grc' dir='ltr'>καὶ</span> <span class='ocrx_word' id='word_1_307' title='bbox 756 3760 857 3830; x_wconf 84' lang='grc' dir='ltr'>τῆς</span> <span class='ocrx_word' id='word_1_308' title='bbox 881 3760 1118 3822; x_wconf 86' lang='grc' dir='ltr'>διανοίας</span> <span class='ocrx_word' id='word_1_309' title='bbox 1143 3762 1176 3830; x_wconf 86' lang='grc' dir='ltr'>ἠ</span> <span class='ocrx_word' id='word_1_310' title='bbox 1207 3759 1437 3829; x_wconf 85' lang='grc' dir='ltr'>κίνησις.</span> 
     </span>
    </p>
   </div>
   <div class='ocr_carea' id='block_1_41' title="bbox 1964 666 3529 740">
    <p class='ocr_par' dir='ltr' id='par_1_41' title="bbox 1964 666 3529 740">
     <span class='ocr_line' id='line_1_41' title="bbox 1964 666 3529 740; baseline 0.003 -19"><span class='ocrx_word' id='word_1_311' title='bbox 1964 677 2017 721; x_wconf 88' lang='lat' dir='ltr'><strong>et</strong></span> <span class='ocrx_word' id='word_1_312' title='bbox 2049 666 2426 736; x_wconf 73' lang='lat' dir='ltr'><strong>intelligentiae</strong></span> <span class='ocrx_word' id='word_1_313' title='bbox 2449 676 2503 722; x_wconf 90' lang='lat' dir='ltr'><strong>et</strong></span> <span class='ocrx_word' id='word_1_314' title='bbox 2531 667 2762 722; x_wconf 91' lang='lat' dir='ltr'><strong>rationis</strong></span> <span class='ocrx_word' id='word_1_315' title='bbox 2786 675 2873 722; x_wconf 88' lang='lat' dir='ltr'><strong>est</strong></span> <span class='ocrx_word' id='word_1_316' title='bbox 2904 668 2957 722; x_wconf 93' lang='lat' dir='ltr'><strong>vi</strong></span> <span class='ocrx_word' id='word_1_317' title='bbox 2984 669 3246 738; x_wconf 69' lang='lat' dir='ltr'><strong>praedita:</strong></span> <span class='ocrx_word' id='word_1_318' title='bbox 3271 671 3529 740; x_wconf 87' lang='lat' dir='ltr'><strong>quidquid</strong></span> 
     </span>
    </p>
   </div>
   <div class='ocr_carea' id='block_1_42' title="bbox 1963 756 3529 830">
    <p class='ocr_par' dir='ltr' id='par_1_42' title="bbox 1963 756 3529 830">
     <span class='ocr_line' id='line_1_42' title="bbox 1963 756 3529 830; baseline 0.004 -18"><span class='ocrx_word' id='word_1_319' title='bbox 1963 756 2177 812; x_wconf 77' lang='lat' dir='ltr'><strong>scilicet</strong></span> <span class='ocrx_word' id='word_1_320' title='bbox 2211 758 2320 814; x_wconf 91' lang='lat' dir='ltr'><strong>tale</strong></span> <span class='ocrx_word' id='word_1_321' title='bbox 2348 774 2457 813; x_wconf 92' lang='lat' dir='ltr'><strong>non</strong></span> <span class='ocrx_word' id='word_1_322' title='bbox 2503 767 2608 822; x_wconf 88' lang='lat' dir='ltr'><strong>est,</strong></span> <span class='ocrx_word' id='word_1_323' title='bbox 2639 758 2690 814; x_wconf 89' lang='lat' dir='ltr'><strong>ei</strong></span> <span class='ocrx_word' id='word_1_324' title='bbox 2723 774 2848 813; x_wconf 91' lang='lat' dir='ltr'><strong>cum</strong></span> <span class='ocrx_word' id='word_1_325' title='bbox 2882 760 3061 813; x_wconf 86' lang='lat' dir='ltr'><strong>anima</strong></span> <span class='ocrx_word' id='word_1_326' title='bbox 3086 761 3304 830; x_wconf 86' lang='lat' dir='ltr'><strong>quidem</strong></span> <span class='ocrx_word' id='word_1_327' title='bbox 3332 779 3529 818; x_wconf 90' lang='lat' dir='ltr'><strong>nomen</strong></span> 
     </span>
    </p>
   </div>
   <div class='ocr_carea' id='block_1_43' title="bbox 1962 853 3527 920">
    <p class='ocr_par' dir='ltr' id='par_1_43' title="bbox 1962 853 3527 920">
     <span class='ocr_line' id='line_1_43' title="bbox 1962 853 3527 920; baseline 0.004 -18"><span class='ocrx_word' id='word_1_328' title='bbox 1962 861 2085 903; x_wconf 88' lang='lat' dir='ltr'><strong>esse</strong></span> <span class='ocrx_word' id='word_1_329' title='bbox 2129 863 2420 903; x_wconf 89' lang='lat' dir='ltr'><strong>commune</strong></span> <span class='ocrx_word' id='word_1_330' title='bbox 2444 857 2650 919; x_wconf 87' lang='lat' dir='ltr'><strong>potest,</strong></span> <span class='ocrx_word' id='word_1_331' title='bbox 2682 864 2878 920; x_wconf 80' lang='lat' dir='ltr'><strong>reapse</strong></span> <span class='ocrx_word' id='word_1_332' title='bbox 2907 865 3034 905; x_wconf 82' lang='lat' dir='ltr'><strong>vero</strong></span> <span class='ocrx_word' id='word_1_333' title='bbox 3062 866 3169 905; x_wconf 92' lang='lat' dir='ltr'><strong>non</strong></span> <span class='ocrx_word' id='word_1_334' title='bbox 3202 853 3404 916; x_wconf 87' lang='lat' dir='ltr'><strong>anima,</strong></span> <span class='ocrx_word' id='word_1_335' title='bbox 3431 856 3527 909; x_wconf 87' lang='lat' dir='ltr'><strong>sed</strong></span> 
     </span>
    </p>
   </div>
   <div class='ocr_carea' id='block_1_44' title="bbox 1964 939 3525 1010">
    <p class='ocr_par' dir='ltr' id='par_1_44' title="bbox 1964 939 3525 1010">
     <span class='ocr_line' id='line_1_44' title="bbox 1964 939 3525 1010; baseline 0.005 -20"><span class='ocrx_word' id='word_1_336' title='bbox 1964 939 2176 992; x_wconf 77' lang='lat' dir='ltr'><strong>vivendi</strong></span> <span class='ocrx_word' id='word_1_337' title='bbox 2212 939 2442 994; x_wconf 83' lang='lat' dir='ltr'><strong>facultas</strong></span> <span class='ocrx_word' id='word_1_338' title='bbox 2467 940 2714 1010; x_wconf 67' lang='lat' dir='ltr'><strong>quaedam</strong></span> <span class='ocrx_word' id='word_1_339' title='bbox 2747 941 2874 1004; x_wconf 91' lang='lat' dir='ltr'><strong>erit,</strong></span> <span class='ocrx_word' id='word_1_340' title='bbox 2907 956 3027 1010; x_wconf 64' lang='lat' dir='ltr'><strong>qua;</strong></span> <span class='ocrx_word' id='word_1_341' title='bbox 3073 957 3224 997; x_wconf 89' lang='lat' dir='ltr'><strong>more</strong></span> <span class='ocrx_word' id='word_1_342' title='bbox 3246 943 3525 1000; x_wconf 88' lang='lat' dir='ltr'><strong>hominum</strong></span> 
     </span>
    </p>
   </div>
   <div class='ocr_carea' id='block_1_45' title="bbox 1963 1029 3525 1100">
    <p class='ocr_par' dir='ltr' id='par_1_45' title="bbox 1963 1029 3525 1100">
     <span class='ocr_line' id='line_1_45' title="bbox 1963 1029 3525 1100; baseline 0.006 -20"><span class='ocrx_word' id='word_1_343' title='bbox 1963 1029 2156 1083; x_wconf 75' lang='lat' dir='ltr'><strong>animae</strong></span> <span class='ocrx_word' id='word_1_344' title='bbox 2187 1031 2542 1100; x_wconf 82' lang='lat' dir='ltr'><strong>appellatione</strong></span> <span class='ocrx_word' id='word_1_345' title='bbox 2573 1037 2885 1088; x_wconf 82' lang='lat' dir='ltr'><strong>censeatur.</strong></span> <span class='ocrx_word' id='word_1_346' title='bbox 2909 1030 3118 1086; x_wconf 86' lang='lat' dir='ltr'><strong>idcirco</strong></span> <span class='ocrx_word' id='word_1_347' title='bbox 3145 1032 3290 1088; x_wconf 89' lang='lat' dir='ltr'><strong>Deus</strong></span> <span class='ocrx_word' id='word_1_348' title='bbox 3322 1036 3525 1089; x_wconf 88' lang='lat' dir='ltr'><strong>homini</strong></span> 
     </span>
    </p>
   </div>
   <div class='ocr_carea' id='block_1_46' title="bbox 1962 1119 3524 1196">
    <p class='ocr_par' dir='ltr' id='par_1_46' title="bbox 1962 1119 3524 1196">
     <span class='ocr_line' id='line_1_46' title="bbox 1962 1119 3524 1196; baseline 0.006 -24"><span class='ocrx_word' id='word_1_349' title='bbox 1962 1119 2277 1174; x_wconf 89' lang='lat' dir='ltr'><strong>animalium</strong></span> <span class='ocrx_word' id='word_1_350' title='bbox 2319 1123 2576 1178; x_wconf 86' lang='lat' dir='ltr'><strong>carnibus</strong></span> <span class='ocrx_word' id='word_1_351' title='bbox 2604 1125 2772 1187; x_wconf 83' lang='lat' dir='ltr'><strong>vesci,</strong></span> <span class='ocrx_word' id='word_1_352' title='bbox 2806 1125 3030 1194; x_wconf 85' lang='lat' dir='ltr'><strong>perinde</strong></span> <span class='ocrx_word' id='word_1_353' title='bbox 3066 1133 3226 1196; x_wconf 86' lang='lat' dir='ltr'><strong>atque</strong></span> <span class='ocrx_word' id='word_1_354' title='bbox 3265 1127 3524 1194; x_wconf 85' lang='lat' dir='ltr'><strong>oleribus,</strong></span> 
     </span>
    </p>
   </div>
   <div class='ocr_carea' id='block_1_47' title="bbox 1962 1212 3523 1286">
    <p class='ocr_par' dir='ltr' id='par_1_47' title="bbox 1962 1212 3523 1286">
     <span class='ocr_line' id='line_1_47' title="bbox 1962 1212 3523 1286; baseline 0.006 -22"><span class='ocrx_word' id='word_1_355' title='bbox 1962 1212 2224 1280; x_wconf 82' lang='lat' dir='ltr'><strong>permittit</strong></span> <span class='ocrx_word' id='word_1_356' title='bbox 2273 1214 2465 1282; x_wconf 86' lang='lat' dir='ltr'><strong>:quod</strong></span> <span class='ocrx_word' id='word_1_357' title='bbox 2515 1229 2705 1270; x_wconf 90' lang='lat' dir='ltr'><strong>eorum</strong></span> <span class='ocrx_word' id='word_1_358' title='bbox 2750 1225 2944 1268; x_wconf 91' lang='lat' dir='ltr'><strong>natura</strong></span> <span class='ocrx_word' id='word_1_359' title='bbox 2993 1230 3161 1286; x_wconf 83' lang='lat' dir='ltr'><strong>prape</strong></span> <span class='ocrx_word' id='word_1_360' title='bbox 3207 1232 3236 1270; x_wconf 89' lang='lat' dir='ltr'><strong>a</strong></span> <span class='ocrx_word' id='word_1_361' title='bbox 3274 1219 3386 1272; x_wconf 87' lang='lat' dir='ltr'><strong>vita</strong></span> <span class='ocrx_word' id='word_1_362' title='bbox 3436 1219 3523 1273; x_wconf 83' lang='lat' dir='ltr'><strong>illa.</strong></span> 
     </span>
    </p>
   </div>
   <div class='ocr_carea' id='block_1_48' title="bbox 1963 1305 3526 1378">
    <p class='ocr_par' dir='ltr' id='par_1_48' title="bbox 1963 1305 3526 1378">
     <span class='ocr_line' id='line_1_48' title="bbox 1963 1305 3526 1378; baseline 0.002 -23"><span class='ocrx_word' id='word_1_363' title='bbox 1963 1317 2147 1356; x_wconf 91' lang='lat' dir='ltr'><strong>rerum</strong></span> <span class='ocrx_word' id='word_1_364' title='bbox 2183 1305 2514 1358; x_wconf 85' lang='lat' dir='ltr'><strong>naturalium</strong></span> <span class='ocrx_word' id='word_1_365' title='bbox 2548 1307 2706 1361; x_wconf 86' lang='lat' dir='ltr'><strong>absit.</strong></span> <span class='ocrx_word' id='word_1_366' title='bbox 2741 1305 2834 1360; x_wconf 88' lang='lat' dir='ltr'><strong>Est</strong></span> <span class='ocrx_word' id='word_1_367' title='bbox 2855 1306 2998 1360; x_wconf 92' lang='lat' dir='ltr'><strong>enim</strong></span> <span class='ocrx_word' id='word_1_368' title='bbox 3029 1307 3101 1360; x_wconf 91' lang='lat' dir='ltr'><strong>ita</strong></span> <span class='ocrx_word' id='word_1_369' title='bbox 3132 1309 3526 1378; x_wconf 88' lang='lat' dir='ltr'><strong>perscriptum:</strong></span> 
     </span>
    </p>
   </div>
   <div class='ocr_carea' id='block_1_49' title="bbox 1963 1391 3524 1468">
    <p class='ocr_par' dir='ltr' id='par_1_49' title="bbox 1963 1391 3524 1468">
     <span class='ocr_line' id='line_1_49' title="bbox 1963 1391 3524 1468; baseline 0.004 -21"><span class='ocrx_word' id='word_1_370' title='bbox 1963 1391 2152 1448; x_wconf 87' lang='lat' dir='ltr'><strong>Omnis</strong></span> <span class='ocrx_word' id='word_1_371' title='bbox 2200 1396 2417 1466; x_wconf 80' lang='lat' dir='ltr'><strong>generis</strong></span> <span class='ocrx_word' id='word_1_372' title='bbox 2450 1398 2708 1452; x_wconf 89' lang='lat' dir='ltr'><strong>carnibus</strong></span> <span class='ocrx_word' id='word_1_373' title='bbox 2751 1406 3010 1467; x_wconf 89' lang='lat' dir='ltr'><strong>tanquam</strong></span> <span class='ocrx_word' id='word_1_374' title='bbox 3059 1397 3300 1453; x_wconf 85' lang='lat' dir='ltr'><strong>oleribus</strong></span> <span class='ocrx_word' id='word_1_375' title='bbox 3325 1414 3524 1468; x_wconf 76' lang='lat' dir='ltr'><strong>grami-</strong></span> 
     </span>
    </p>
   </div>
   <div class='ocr_carea' id='block_1_50' title="bbox 1960 1485 3526 1557">
    <p class='ocr_par' dir='ltr' id='par_1_50' title="bbox 1960 1485 3526 1557">
     <span class='ocr_line' id='line_1_50' title="bbox 1960 1485 3526 1557; baseline 0.004 -19"><span class='ocrx_word' id='word_1_376' title='bbox 1960 1485 2079 1540; x_wconf 92' lang='lat' dir='ltr'><strong>neis</strong></span> <span class='ocrx_word' id='word_1_377' title='bbox 2095 1487 2409 1542; x_wconf 88' lang='lat' dir='ltr'><strong>vescemini.</strong></span> <span class='ocrx_word' id='word_1_378' title='bbox 2433 1487 2625 1542; x_wconf 89' lang='lat' dir='ltr'><strong>Parum</strong></span> <span class='ocrx_word' id='word_1_379' title='bbox 2650 1489 2856 1543; x_wconf 84' lang='lat' dir='ltr'><strong>scilicet</strong></span> <span class='ocrx_word' id='word_1_380' title='bbox 2884 1489 3141 1557; x_wconf 83' lang='lat' dir='ltr'><strong>quiddam</strong></span> <span class='ocrx_word' id='word_1_381' title='bbox 3159 1504 3281 1545; x_wconf 88' lang='lat' dir='ltr'><strong>esse</strong></span> <span class='ocrx_word' id='word_1_382' title='bbox 3309 1489 3526 1545; x_wconf 84' lang='lat' dir='ltr'><strong>videtur</strong></span> 
     </span>
    </p>
   </div>
   <div class='ocr_carea' id='block_1_51' title="bbox 1961 1575 3525 1656">
    <p class='ocr_par' dir='ltr' id='par_1_51' title="bbox 1961 1575 3525 1656">
     <span class='ocr_line' id='line_1_51' title="bbox 1961 1575 3525 1656; baseline 0.005 -28"><span class='ocrx_word' id='word_1_383' title='bbox 1961 1575 2018 1629; x_wconf 91' lang='lat' dir='ltr'><strong>in</strong></span> <span class='ocrx_word' id='word_1_384' title='bbox 2069 1577 2401 1631; x_wconf 85' lang='lat' dir='ltr'><strong>animalibus</strong></span> <span class='ocrx_word' id='word_1_385' title='bbox 2433 1580 2644 1633; x_wconf 63' lang='lat' dir='ltr'><strong>cmteris</strong></span> <span class='ocrx_word' id='word_1_386' title='bbox 2671 1580 2902 1656; x_wconf 83' lang='lat' dir='ltr'><strong>facultas</strong></span> <span class='ocrx_word' id='word_1_387' title='bbox 2951 1583 3215 1645; x_wconf 89' lang='lat' dir='ltr'><strong>sentiens,</strong></span> <span class='ocrx_word' id='word_1_388' title='bbox 3260 1597 3366 1651; x_wconf 85' lang='lat' dir='ltr'><strong>qua</strong></span> <span class='ocrx_word' id='word_1_389' title='bbox 3419 1597 3525 1636; x_wconf 87' lang='lat' dir='ltr'><strong>una</strong></span> 
     </span>
    </p>
   </div>
   <div class='ocr_carea' id='block_1_52' title="bbox 1963 1669 3528 1740">
    <p class='ocr_par' dir='ltr' id='par_1_52' title="bbox 1963 1669 3528 1740">
     <span class='ocr_line' id='line_1_52' title="bbox 1963 1669 3528 1740; baseline 0.006 -19"><span class='ocrx_word' id='word_1_390' title='bbox 1963 1669 2129 1724; x_wconf 87' lang='lat' dir='ltr'><strong>rebus</strong></span> <span class='ocrx_word' id='word_1_391' title='bbox 2169 1670 2313 1732; x_wconf 88' lang='lat' dir='ltr'><strong>aliis,</strong></span> <span class='ocrx_word' id='word_1_392' title='bbox 2359 1685 2480 1739; x_wconf 67' lang='lat' dir='ltr'><strong>quae</strong></span> <span class='ocrx_word' id='word_1_393' title='bbox 2513 1673 2718 1740; x_wconf 85' lang='lat' dir='ltr'><strong>absque</strong></span> <span class='ocrx_word' id='word_1_394' title='bbox 2773 1673 2876 1727; x_wconf 90' lang='lat' dir='ltr'><strong>hac</strong></span> <span class='ocrx_word' id='word_1_395' title='bbox 2930 1681 2981 1728; x_wconf 90' lang='lat' dir='ltr'><strong>et</strong></span> <span class='ocrx_word' id='word_1_396' title='bbox 3013 1673 3234 1729; x_wconf 89' lang='lat' dir='ltr'><strong>aluntur</strong></span> <span class='ocrx_word' id='word_1_397' title='bbox 3266 1682 3320 1730; x_wconf 90' lang='lat' dir='ltr'><strong>et</strong></span> <span class='ocrx_word' id='word_1_398' title='bbox 3343 1691 3528 1730; x_wconf 87' lang='lat' dir='ltr'><strong>accre-</strong></span> 
     </span>
    </p>
   </div>
   <div class='ocr_carea' id='block_1_53' title="bbox 1963 1763 3526 1835">
    <p class='ocr_par' dir='ltr' id='par_1_53' title="bbox 1963 1763 3526 1835">
     <span class='ocr_line' id='line_1_53' title="bbox 1963 1763 3526 1835; baseline 0.005 -21"><span class='ocrx_word' id='word_1_399' title='bbox 1963 1769 2146 1822; x_wconf 91' lang='lat' dir='ltr'><strong>scunt,</strong></span> <span class='ocrx_word' id='word_1_400' title='bbox 2196 1771 2477 1830; x_wconf 71' lang='lat' dir='ltr'><strong>praestant.</strong></span> <span class='ocrx_word' id='word_1_401' title='bbox 2517 1763 2590 1819; x_wconf 86' lang='lat' dir='ltr'><strong>De</strong></span> <span class='ocrx_word' id='word_1_402' title='bbox 2620 1779 2726 1834; x_wconf 87' lang='lat' dir='ltr'><strong>quo</strong></span> <span class='ocrx_word' id='word_1_403' title='bbox 2771 1765 3105 1835; x_wconf 84' lang='lat' dir='ltr'><strong>voluptarius</strong></span> <span class='ocrx_word' id='word_1_404' title='bbox 3136 1766 3384 1820; x_wconf 89' lang='lat' dir='ltr'><strong>homines</strong></span> <span class='ocrx_word' id='word_1_405' title='bbox 3423 1765 3526 1822; x_wconf 88' lang='lat' dir='ltr'><strong>hoc</strong></span> 
     </span>
    </p>
   </div>
   <div class='ocr_carea' id='block_1_54' title="bbox 1963 1849 3522 1923">
    <p class='ocr_par' dir='ltr' id='par_1_54' title="bbox 1963 1849 3522 1923">
     <span class='ocr_line' id='line_1_54' title="bbox 1963 1849 3522 1923; baseline 0.004 -21"><span class='ocrx_word' id='word_1_406' title='bbox 1963 1862 2156 1917; x_wconf 88' lang='lat' dir='ltr'><strong>capere</strong></span> <span class='ocrx_word' id='word_1_407' title='bbox 2183 1849 2444 1904; x_wconf 75' lang='lat' dir='ltr'><strong>doctrina:</strong></span> <span class='ocrx_word' id='word_1_408' title='bbox 2472 1859 2526 1906; x_wconf 92' lang='lat' dir='ltr'><strong>et</strong></span> <span class='ocrx_word' id='word_1_409' title='bbox 2566 1852 2951 1908; x_wconf 89' lang='lat' dir='ltr'><strong>admonitionis</strong></span> <span class='ocrx_word' id='word_1_410' title='bbox 2984 1863 3212 1923; x_wconf 84' lang='lat' dir='ltr'><strong>oportet,</strong></span> <span class='ocrx_word' id='word_1_411' title='bbox 3248 1863 3308 1910; x_wconf 93' lang='lat' dir='ltr'><strong>ut</strong></span> <span class='ocrx_word' id='word_1_412' title='bbox 3354 1856 3522 1910; x_wconf 90' lang='lat' dir='ltr'><strong>animi</strong></span> 
     </span>
    </p>
   </div>
   <div class='ocr_carea' id='block_1_55' title="bbox 1957 1941 3526 2013">
    <p class='ocr_par' dir='ltr' id='par_1_55' title="bbox 1957 1941 3526 2013">
     <span class='ocr_line' id='line_1_55' title="bbox 1957 1941 3526 2013; baseline 0.004 -20"><span class='ocrx_word' id='word_1_413' title='bbox 1957 1941 2336 2008; x_wconf 76' lang='lat' dir='ltr'><strong>cogitationem</strong></span> <span class='ocrx_word' id='word_1_414' title='bbox 2364 1942 2430 1996; x_wconf 90' lang='lat' dir='ltr'><strong>ad</strong></span> <span class='ocrx_word' id='word_1_415' title='bbox 2466 1959 2553 1997; x_wconf 90' lang='lat' dir='ltr'><strong>res</strong></span> <span class='ocrx_word' id='word_1_416' title='bbox 2582 1959 2701 2013; x_wconf 75' lang='lat' dir='ltr'><strong>qua:</strong></span> <span class='ocrx_word' id='word_1_417' title='bbox 2731 1944 2916 1999; x_wconf 90' lang='lat' dir='ltr'><strong>sensui</strong></span> <span class='ocrx_word' id='word_1_418' title='bbox 2947 1945 3212 2010; x_wconf 87' lang='lat' dir='ltr'><strong>arrident,</strong></span> <span class='ocrx_word' id='word_1_419' title='bbox 3259 1961 3368 2001; x_wconf 90' lang='lat' dir='ltr'><strong>non</strong></span> <span class='ocrx_word' id='word_1_420' title='bbox 3396 1961 3526 2001; x_wconf 90' lang='lat' dir='ltr'><strong>con-</strong></span> 
     </span>
    </p>
   </div>
   <div class='ocr_carea' id='block_1_56' title="bbox 1958 2033 3524 2108">
    <p class='ocr_par' dir='ltr' id='par_1_56' title="bbox 1958 2033 3524 2108">
     <span class='ocr_line' id='line_1_56' title="bbox 1958 2033 3524 2108; baseline 0.005 -23"><span class='ocrx_word' id='word_1_421' title='bbox 1958 2041 2193 2094; x_wconf 88' lang='lat' dir='ltr'><strong>vertant,</strong></span> <span class='ocrx_word' id='word_1_422' title='bbox 2220 2033 2314 2088; x_wconf 92' lang='lat' dir='ltr'><strong>sed</strong></span> <span class='ocrx_word' id='word_1_423' title='bbox 2341 2049 2555 2090; x_wconf 88' lang='lat' dir='ltr'><strong>omnem</strong></span> <span class='ocrx_word' id='word_1_424' title='bbox 2585 2051 2804 2105; x_wconf 86' lang='lat' dir='ltr'><strong>operam</strong></span> <span class='ocrx_word' id='word_1_425' title='bbox 2828 2038 3176 2108; x_wconf 86' lang='lat' dir='ltr'><strong>studiumque</strong></span> <span class='ocrx_word' id='word_1_426' title='bbox 3197 2039 3249 2092; x_wconf 91' lang='lat' dir='ltr'><strong>in</strong></span> <span class='ocrx_word' id='word_1_427' title='bbox 3272 2040 3524 2094; x_wconf 81' lang='lat' dir='ltr'><strong>excolen-</strong></span> 
     </span>
    </p>
   </div>
   <div class='ocr_carea' id='block_1_57' title="bbox 1959 2123 3522 2196">
    <p class='ocr_par' dir='ltr' id='par_1_57' title="bbox 1959 2123 3522 2196">
     <span class='ocr_line' id='line_1_57' title="bbox 1959 2123 3522 2196; baseline 0.004 -19"><span class='ocrx_word' id='word_1_428' title='bbox 1959 2123 2048 2179; x_wconf 81' lang='lat' dir='ltr'><strong>dis</strong></span> <span class='ocrx_word' id='word_1_429' title='bbox 2096 2125 2262 2179; x_wconf 92' lang='lat' dir='ltr'><strong>animi</strong></span> <span class='ocrx_word' id='word_1_430' title='bbox 2313 2141 2442 2180; x_wconf 91' lang='lat' dir='ltr'><strong>vere</strong></span> <span class='ocrx_word' id='word_1_431' title='bbox 2488 2128 2823 2196; x_wconf 87' lang='lat' dir='ltr'><strong>principibus</strong></span> <span class='ocrx_word' id='word_1_432' title='bbox 2867 2130 3025 2184; x_wconf 90' lang='lat' dir='ltr'><strong>bonis</strong></span> <span class='ocrx_word' id='word_1_433' title='bbox 3069 2131 3357 2196; x_wconf 80' lang='lat' dir='ltr'><strong>collucent,</strong></span> <span class='ocrx_word' id='word_1_434' title='bbox 3382 2132 3522 2185; x_wconf 83' lang='lat' dir='ltr'><strong>circa</strong></span> 
     </span>
    </p>
   </div>
   <div class='ocr_carea' id='block_1_58' title="bbox 1955 2217 3523 2291">
    <p class='ocr_par' dir='ltr' id='par_1_58' title="bbox 1955 2217 3523 2291">
     <span class='ocr_line' id='line_1_58' title="bbox 1955 2217 3523 2291; baseline 0.005 -23"><span class='ocrx_word' id='word_1_435' title='bbox 1955 2231 2078 2284; x_wconf 73' lang='lat' dir='ltr'><strong>qua:</strong></span> <span class='ocrx_word' id='word_1_436' title='bbox 2098 2231 2226 2270; x_wconf 88' lang='lat' dir='ltr'><strong>vere</strong></span> <span class='ocrx_word' id='word_1_437' title='bbox 2257 2217 2515 2270; x_wconf 90' lang='lat' dir='ltr'><strong>nimirum</strong></span> <span class='ocrx_word' id='word_1_438' title='bbox 2545 2220 2724 2272; x_wconf 85' lang='lat' dir='ltr'><strong>anima</strong></span> <span class='ocrx_word' id='word_1_439' title='bbox 2750 2229 3020 2288; x_wconf 87' lang='lat' dir='ltr'><strong>versatur,</strong></span> <span class='ocrx_word' id='word_1_440' title='bbox 3061 2237 3228 2291; x_wconf 87' lang='lat' dir='ltr'><strong>quum</strong></span> <span class='ocrx_word' id='word_1_441' title='bbox 3259 2223 3523 2278; x_wconf 90' lang='lat' dir='ltr'><strong>sentiendi</strong></span> 
     </span>
    </p>
   </div>
   <div class='ocr_carea' id='block_1_59' title="bbox 1957 2303 3520 2382">
    <p class='ocr_par' dir='ltr' id='par_1_59' title="bbox 1957 2303 3520 2382">
     <span class='ocr_line' id='line_1_59' title="bbox 1957 2303 3520 2382; baseline 0.005 -24"><span class='ocrx_word' id='word_1_442' title='bbox 1957 2303 2220 2360; x_wconf 84' lang='lat' dir='ltr'><strong>facultate</strong></span> <span class='ocrx_word' id='word_1_443' title='bbox 2243 2307 2499 2360; x_wconf 87' lang='lat' dir='ltr'><strong>animalia</strong></span> <span class='ocrx_word' id='word_1_444' title='bbox 2529 2308 2755 2363; x_wconf 89' lang='lat' dir='ltr'><strong>rationis</strong></span> <span class='ocrx_word' id='word_1_445' title='bbox 2775 2311 3017 2381; x_wconf 79' lang='lat' dir='ltr'><strong>expertia</strong></span> <span class='ocrx_word' id='word_1_446' title='bbox 3049 2326 3156 2365; x_wconf 93' lang='lat' dir='ltr'><strong>non</strong></span> <span class='ocrx_word' id='word_1_447' title='bbox 3180 2327 3520 2382; x_wconf 88' lang='lat' dir='ltr'><strong>superemus.</strong></span> 
     </span>
    </p>
   </div>
   <div class='ocr_carea' id='block_1_60' title="bbox 1958 2396 3524 2473">
    <p class='ocr_par' dir='ltr' id='par_1_60' title="bbox 1958 2396 3524 2473">
     <span class='ocr_line' id='line_1_60' title="bbox 1958 2396 3524 2473; baseline 0.004 -20"><span class='ocrx_word' id='word_1_448' title='bbox 1958 2396 2064 2453; x_wconf 85' lang='lat' dir='ltr'><strong>Sed</strong></span> <span class='ocrx_word' id='word_1_449' title='bbox 2123 2400 2192 2453; x_wconf 84' lang='lat' dir='ltr'><strong>ab</strong></span> <span class='ocrx_word' id='word_1_450' title='bbox 2240 2399 2362 2454; x_wconf 89' lang='lat' dir='ltr'><strong>aliis</strong></span> <span class='ocrx_word' id='word_1_451' title='bbox 2404 2399 2471 2452; x_wconf 86' lang='lat' dir='ltr'><strong>ad</strong></span> <span class='ocrx_word' id='word_1_452' title='bbox 2518 2401 2624 2454; x_wconf 86' lang='lat' dir='ltr'><strong>alia</strong></span> <span class='ocrx_word' id='word_1_453' title='bbox 2686 2417 2975 2473; x_wconf 82' lang='lat' dir='ltr'><strong>progressa</strong></span> <span class='ocrx_word' id='word_1_454' title='bbox 3025 2412 3109 2458; x_wconf 89' lang='lat' dir='ltr'><strong>est</strong></span> <span class='ocrx_word' id='word_1_455' title='bbox 3153 2405 3346 2458; x_wconf 88' lang='lat' dir='ltr'><strong>oratio.</strong></span> <span class='ocrx_word' id='word_1_456' title='bbox 3405 2403 3524 2459; x_wconf 86' lang='lat' dir='ltr'><strong>Non</strong></span> 
     </span>
    </p>
   </div>
   <div class='ocr_carea' id='block_1_61' title="bbox 1955 2489 3524 2549">
    <p class='ocr_par' dir='ltr' id='par_1_61' title="bbox 1955 2489 3524 2549">
     <span class='ocr_line' id='line_1_61' title="bbox 1955 2489 3524 2549; baseline 0.003 -6"><span class='ocrx_word' id='word_1_457' title='bbox 1955 2489 2098 2543; x_wconf 86' lang='lat' dir='ltr'><strong>enim</strong></span> <span class='ocrx_word' id='word_1_458' title='bbox 2142 2489 2484 2544; x_wconf 89' lang='lat' dir='ltr'><strong>instituimus</strong></span> <span class='ocrx_word' id='word_1_459' title='bbox 2515 2491 2802 2547; x_wconf 89' lang='lat' dir='ltr'><strong>ostendere</strong></span> <span class='ocrx_word' id='word_1_460' title='bbox 2826 2500 3062 2548; x_wconf 89' lang='lat' dir='ltr'><strong>mentem</strong></span> <span class='ocrx_word' id='word_1_461' title='bbox 3093 2495 3147 2547; x_wconf 92' lang='lat' dir='ltr'><strong>in</strong></span> <span class='ocrx_word' id='word_1_462' title='bbox 3178 2493 3398 2549; x_wconf 90' lang='lat' dir='ltr'><strong>homine</strong></span> <span class='ocrx_word' id='word_1_463' title='bbox 3424 2511 3524 2548; x_wconf 83' lang='lat' dir='ltr'><strong>na-</strong></span> 
     </span>
    </p>
   </div>
   <div class='ocr_carea' id='block_1_62' title="bbox 1956 2581 3522 2653">
    <p class='ocr_par' dir='ltr' id='par_1_62' title="bbox 1956 2581 3522 2653">
     <span class='ocr_line' id='line_1_62' title="bbox 1956 2581 3522 2653; baseline 0.004 -21"><span class='ocrx_word' id='word_1_464' title='bbox 1956 2587 2078 2634; x_wconf 85' lang='lat' dir='ltr'><strong>tura</strong></span> <span class='ocrx_word' id='word_1_465' title='bbox 2107 2595 2305 2635; x_wconf 68' lang='lat' dir='ltr'><strong>crassae</strong></span> <span class='ocrx_word' id='word_1_466' title='bbox 2333 2581 2578 2636; x_wconf 87' lang='lat' dir='ltr'><strong>materiei</strong></span> <span class='ocrx_word' id='word_1_467' title='bbox 2602 2584 3033 2653; x_wconf 68' lang='lat' dir='ltr'><strong>praestantiorem</strong></span> <span class='ocrx_word' id='word_1_468' title='bbox 3072 2599 3194 2640; x_wconf 90' lang='lat' dir='ltr'><strong>esse</strong></span> <span class='ocrx_word' id='word_1_469' title='bbox 3217 2603 3230 2638; x_wconf 89' lang='lat'><strong>:</strong></span> <span class='ocrx_word' id='word_1_470' title='bbox 3257 2585 3352 2640; x_wconf 89' lang='lat' dir='ltr'><strong>sed</strong></span> <span class='ocrx_word' id='word_1_471' title='bbox 3374 2585 3522 2639; x_wconf 87' lang='lat' dir='ltr'><strong>nulla</strong></span> 
     </span>
    </p>
   </div>
   <div class='ocr_carea' id='block_1_63' title="bbox 1955 2671 3525 2741">
    <p class='ocr_par' dir='ltr' id='par_1_63' title="bbox 1955 2671 3525 2741">
     <span class='ocr_line' id='line_1_63' title="bbox 1955 2671 3525 2741; baseline 0.004 -19"><span class='ocrx_word' id='word_1_472' title='bbox 1955 2676 2106 2723; x_wconf 89' lang='lat' dir='ltr'><strong>certa</strong></span> <span class='ocrx_word' id='word_1_473' title='bbox 2126 2677 2276 2739; x_wconf 90' lang='lat' dir='ltr'><strong>parte</strong></span> <span class='ocrx_word' id='word_1_474' title='bbox 2306 2671 2554 2741; x_wconf 79' lang='lat' dir='ltr'><strong>corporis</strong></span> <span class='ocrx_word' id='word_1_475' title='bbox 2578 2673 2753 2726; x_wconf 90' lang='lat' dir='ltr'><strong>nostri</strong></span> <span class='ocrx_word' id='word_1_476' title='bbox 2790 2680 3024 2728; x_wconf 89' lang='lat' dir='ltr'><strong>mentem</strong></span> <span class='ocrx_word' id='word_1_477' title='bbox 3047 2675 3336 2730; x_wconf 90' lang='lat' dir='ltr'><strong>contineri.</strong></span> <span class='ocrx_word' id='word_1_478' title='bbox 3363 2674 3525 2731; x_wconf 80' lang='lat' dir='ltr'><strong>Exsi-</strong></span> 
     </span>
    </p>
   </div>
   <div class='ocr_carea' id='block_1_64' title="bbox 1956 2761 3524 2836">
    <p class='ocr_par' dir='ltr' id='par_1_64' title="bbox 1956 2761 3524 2836">
     <span class='ocr_line' id='line_1_64' title="bbox 1956 2761 3524 2836; baseline 0.001 -20"><span class='ocrx_word' id='word_1_479' title='bbox 1956 2768 2099 2816; x_wconf 89' lang='lat' dir='ltr'><strong>stere</strong></span> <span class='ocrx_word' id='word_1_480' title='bbox 2128 2761 2338 2816; x_wconf 90' lang='lat' dir='ltr'><strong>scilicet</strong></span> <span class='ocrx_word' id='word_1_481' title='bbox 2381 2777 2498 2817; x_wconf 89' lang='lat' dir='ltr'><strong>eam</strong></span> <span class='ocrx_word' id='word_1_482' title='bbox 2543 2763 2753 2818; x_wconf 90' lang='lat' dir='ltr'><strong>ratione</strong></span> <span class='ocrx_word' id='word_1_483' title='bbox 2805 2764 2920 2832; x_wconf 84' lang='lat' dir='ltr'><strong>pari</strong></span> <span class='ocrx_word' id='word_1_484' title='bbox 2953 2765 3008 2818; x_wconf 93' lang='lat' dir='ltr'><strong>in</strong></span> <span class='ocrx_word' id='word_1_485' title='bbox 3037 2766 3312 2829; x_wconf 89' lang='lat' dir='ltr'><strong>omnibus,</strong></span> <span class='ocrx_word' id='word_1_486' title='bbox 3347 2773 3400 2820; x_wconf 91' lang='lat' dir='ltr'><strong>et</strong></span> <span class='ocrx_word' id='word_1_487' title='bbox 3428 2781 3524 2836; x_wconf 90' lang='lat' dir='ltr'><strong>per</strong></span> 
     </span>
    </p>
   </div>
   <div class='ocr_carea' id='block_1_65' title="bbox 1955 2849 3523 2924">
    <p class='ocr_par' dir='ltr' id='par_1_65' title="bbox 1955 2849 3523 2924">
     <span class='ocr_line' id='line_1_65' title="bbox 1955 2849 3523 2924; baseline 0.003 -19"><span class='ocrx_word' id='word_1_488' title='bbox 1955 2849 2158 2914; x_wconf 90' lang='lat' dir='ltr'><strong>omnia,</strong></span> <span class='ocrx_word' id='word_1_489' title='bbox 2199 2858 2362 2920; x_wconf 88' lang='lat' dir='ltr'><strong>atque</strong></span> <span class='ocrx_word' id='word_1_490' title='bbox 2413 2859 2470 2906; x_wconf 87' lang='lat' dir='ltr'><strong>ut</strong></span> <span class='ocrx_word' id='word_1_491' title='bbox 2517 2853 2756 2908; x_wconf 84' lang='lat' dir='ltr'><strong>exterius</strong></span> <span class='ocrx_word' id='word_1_492' title='bbox 2797 2853 2934 2907; x_wconf 89' lang='lat' dir='ltr'><strong>nihil</strong></span> <span class='ocrx_word' id='word_1_493' title='bbox 2981 2854 3390 2924; x_wconf 87' lang='lat' dir='ltr'><strong>complectatur,</strong></span> <span class='ocrx_word' id='word_1_494' title='bbox 3443 2857 3523 2910; x_wconf 91' lang='lat' dir='ltr'><strong>sic</strong></span> 
     </span>
    </p>
   </div>
   <div class='ocr_carea' id='block_1_66' title="bbox 1959 2932 3524 3012">
    <p class='ocr_par' dir='ltr' id='par_1_66' title="bbox 1959 2932 3524 3012">
     <span class='ocr_line' id='line_1_66' title="bbox 1959 2932 3524 3012; baseline 0.004 -17"><span class='ocrx_word' id='word_1_495' title='bbox 1959 2941 2190 2996; x_wconf 85' lang='lat' dir='ltr'><strong>interius</strong></span> <span class='ocrx_word' id='word_1_496' title='bbox 2223 2957 2342 2998; x_wconf 90' lang='lat' dir='ltr'><strong>eam</strong></span> <span class='ocrx_word' id='word_1_497' title='bbox 2377 2958 2484 2997; x_wconf 93' lang='lat' dir='ltr'><strong>non</strong></span> <span class='ocrx_word' id='word_1_498' title='bbox 2535 2932 2787 2998; x_wconf 86' lang='lat' dir='ltr'><strong>concludi</strong></span> <span class='ocrx_word' id='word_1_499' title='bbox 2825 2963 2836 2998; x_wconf 93' lang='lat'>:</span> <span class='ocrx_word' id='word_1_500' title='bbox 2877 2946 3332 3012; x_wconf 89' lang='lat' dir='ltr'><strong>quemadmodum</strong></span> <span class='ocrx_word' id='word_1_501' title='bbox 3358 2946 3524 3002; x_wconf 78' lang='lat' dir='ltr'><strong>cados</strong></span> 
     </span>
    </p>
   </div>
   <div class='ocr_carea' id='block_1_67' title="bbox 1958 3034 3519 3107">
    <p class='ocr_par' dir='ltr' id='par_1_67' title="bbox 1958 3034 3519 3107">
     <span class='ocr_line' id='line_1_67' title="bbox 1958 3034 3519 3107; baseline 0.006 -20"><span class='ocrx_word' id='word_1_502' title='bbox 1958 3034 2177 3104; x_wconf 85' lang='lat' dir='ltr'><strong>aliaque</strong></span> <span class='ocrx_word' id='word_1_503' title='bbox 2235 3049 2467 3104; x_wconf 86' lang='lat' dir='ltr'><strong>corpora</strong></span> <span class='ocrx_word' id='word_1_504' title='bbox 2519 3037 2738 3105; x_wconf 91' lang='lat' dir='ltr'><strong>proprie</strong></span> <span class='ocrx_word' id='word_1_505' title='bbox 2792 3053 2851 3091; x_wconf 91' lang='lat' dir='ltr'><strong>se</strong></span> <span class='ocrx_word' id='word_1_506' title='bbox 2917 3039 3201 3107; x_wconf 89' lang='lat' dir='ltr'><strong>complecti</strong></span> <span class='ocrx_word' id='word_1_507' title='bbox 3249 3038 3519 3098; x_wconf 88' lang='lat' dir='ltr'><strong>dicimus.</strong></span> 
     </span>
    </p>
   </div>
   <div class='ocr_carea' id='block_1_68' title="bbox 1957 3122 3522 3190">
    <p class='ocr_par' dir='ltr' id='par_1_68' title="bbox 1957 3122 3522 3190">
     <span class='ocr_line' id='line_1_68' title="bbox 1957 3122 3522 3190; baseline 0.004 -15"><span class='ocrx_word' id='word_1_508' title='bbox 1957 3138 2128 3190; x_wconf 92' lang='lat' dir='ltr'><strong>quum</strong></span> <span class='ocrx_word' id='word_1_509' title='bbox 2159 3122 2213 3176; x_wconf 92' lang='lat' dir='ltr'><strong>in</strong></span> <span class='ocrx_word' id='word_1_510' title='bbox 2245 3123 2366 3177; x_wconf 81' lang='lat' dir='ltr'><strong>aliis</strong></span> <span class='ocrx_word' id='word_1_511' title='bbox 2399 3123 2504 3176; x_wconf 88' lang='lat' dir='ltr'><strong>alia</strong></span> <span class='ocrx_word' id='word_1_512' title='bbox 2555 3123 2910 3180; x_wconf 85' lang='lat' dir='ltr'><strong>collocantur.</strong></span> <span class='ocrx_word' id='word_1_513' title='bbox 2952 3123 3149 3180; x_wconf 79' lang='lat' dir='ltr'><strong>Mentis</strong></span> <span class='ocrx_word' id='word_1_514' title='bbox 3183 3133 3360 3180; x_wconf 91' lang='lat' dir='ltr'><strong>autem</strong></span> <span class='ocrx_word' id='word_1_515' title='bbox 3397 3141 3522 3181; x_wconf 81' lang='lat' dir='ltr'><strong>eor-</strong></span> 
     </span>
    </p>
   </div>
   <div class='ocr_carea' id='block_1_69' title="bbox 1959 3214 3520 3284">
    <p class='ocr_par' dir='ltr' id='par_1_69' title="bbox 1959 3214 3520 3284">
     <span class='ocr_line' id='line_1_69' title="bbox 1959 3214 3520 3284; baseline 0.004 -21"><span class='ocrx_word' id='word_1_516' title='bbox 1959 3215 2220 3281; x_wconf 87' lang='lat' dir='ltr'><strong>porisque</strong></span> <span class='ocrx_word' id='word_1_517' title='bbox 2246 3227 2419 3266; x_wconf 85' lang='lat' dir='ltr'><strong>nexus</strong></span> <span class='ocrx_word' id='word_1_518' title='bbox 2445 3220 2499 3268; x_wconf 88' lang='lat' dir='ltr'><strong>et</strong></span> <span class='ocrx_word' id='word_1_519' title='bbox 2523 3214 2780 3275; x_wconf 89' lang='lat' dir='ltr'><strong>societas,</strong></span> <span class='ocrx_word' id='word_1_520' title='bbox 2805 3215 3070 3268; x_wconf 86' lang='lat' dir='ltr'><strong>rationem</strong></span> <span class='ocrx_word' id='word_1_521' title='bbox 3100 3216 3370 3284; x_wconf 89' lang='lat' dir='ltr'><strong>quandam</strong></span> <span class='ocrx_word' id='word_1_522' title='bbox 3393 3231 3520 3270; x_wconf 62' lang='lat' dir='ltr'><strong>cona</strong></span> 
     </span>
    </p>
   </div>
   <div class='ocr_carea' id='block_1_70' title="bbox 1953 3303 3521 3376">
    <p class='ocr_par' dir='ltr' id='par_1_70' title="bbox 1953 3303 3521 3376">
     <span class='ocr_line' id='line_1_70' title="bbox 1953 3303 3521 3376; baseline 0.002 -20"><span class='ocrx_word' id='word_1_523' title='bbox 1953 3303 2261 3374; x_wconf 87' lang='lat' dir='ltr'><strong>junctionis</strong></span> <span class='ocrx_word' id='word_1_524' title='bbox 2291 3303 2474 3370; x_wconf 80' lang='lat' dir='ltr'><strong>habet,</strong></span> <span class='ocrx_word' id='word_1_525' title='bbox 2521 3320 2641 3374; x_wconf 63' lang='lat' dir='ltr'><strong>qua:</strong></span> <span class='ocrx_word' id='word_1_526' title='bbox 2668 3305 2944 3376; x_wconf 81' lang='lat' dir='ltr'><strong>explanari</strong></span> <span class='ocrx_word' id='word_1_527' title='bbox 2985 3307 3236 3372; x_wconf 86' lang='lat' dir='ltr'><strong>dicendo,</strong></span> <span class='ocrx_word' id='word_1_528' title='bbox 3278 3317 3332 3361; x_wconf 89' lang='lat' dir='ltr'><strong>et</strong></span> <span class='ocrx_word' id='word_1_529' title='bbox 3365 3306 3521 3362; x_wconf 87' lang='lat' dir='ltr'><strong>intel-</strong></span> 
     </span>
    </p>
   </div>
   <div class='ocr_carea' id='block_1_71' title="bbox 1958 3395 3520 3466">
    <p class='ocr_par' dir='ltr' id='par_1_71' title="bbox 1958 3395 3520 3466">
     <span class='ocr_line' id='line_1_71' title="bbox 1958 3395 3520 3466; baseline 0.003 -16"><span class='ocrx_word' id='word_1_530' title='bbox 1958 3397 2051 3466; x_wconf 77' lang='lat' dir='ltr'><strong>ligi</strong></span> <span class='ocrx_word' id='word_1_531' title='bbox 2096 3396 2389 3466; x_wconf 80' lang='lat' dir='ltr'><strong>cogitando</strong></span> <span class='ocrx_word' id='word_1_532' title='bbox 2422 3412 2531 3450; x_wconf 92' lang='lat' dir='ltr'><strong>non</strong></span> <span class='ocrx_word' id='word_1_533' title='bbox 2563 3404 2761 3466; x_wconf 88' lang='lat' dir='ltr'><strong>potest.</strong></span> <span class='ocrx_word' id='word_1_534' title='bbox 2812 3395 2998 3465; x_wconf 86' lang='lat' dir='ltr'><strong>Neque</strong></span> <span class='ocrx_word' id='word_1_535' title='bbox 3025 3399 3166 3451; x_wconf 90' lang='lat' dir='ltr'><strong>enim</strong></span> <span class='ocrx_word' id='word_1_536' title='bbox 3199 3413 3352 3453; x_wconf 89' lang='lat' dir='ltr'><strong>mens</strong></span> <span class='ocrx_word' id='word_1_537' title='bbox 3379 3399 3520 3455; x_wconf 84' lang='lat' dir='ltr'><strong>intra</strong></span> 
     </span>
    </p>
   </div>
   <div class='ocr_carea' id='block_1_72' title="bbox 1959 3487 3519 3560">
    <p class='ocr_par' dir='ltr' id='par_1_72' title="bbox 1959 3487 3519 3560">
     <span class='ocr_line' id='line_1_72' title="bbox 1959 3487 3519 3560; baseline 0.001 -18"><span class='ocrx_word' id='word_1_538' title='bbox 1959 3503 2158 3556; x_wconf 89' lang='lat' dir='ltr'><strong>corpus</strong></span> <span class='ocrx_word' id='word_1_539' title='bbox 2191 3495 2298 3552; x_wconf 90' lang='lat' dir='ltr'><strong>est,</strong></span> <span class='ocrx_word' id='word_1_540' title='bbox 2328 3487 2550 3557; x_wconf 90' lang='lat' dir='ltr'><strong>quando</strong></span> <span class='ocrx_word' id='word_1_541' title='bbox 2583 3503 2698 3542; x_wconf 87' lang='lat' dir='ltr'><strong>rem</strong></span> <span class='ocrx_word' id='word_1_542' title='bbox 2727 3489 2977 3558; x_wconf 87' lang='lat' dir='ltr'><strong>corporis</strong></span> <span class='ocrx_word' id='word_1_543' title='bbox 2999 3496 3271 3556; x_wconf 78' lang='lat' dir='ltr'><strong>expertem</strong></span> <span class='ocrx_word' id='word_1_544' title='bbox 3295 3505 3519 3560; x_wconf 88' lang='lat' dir='ltr'><strong>corpore</strong></span> 
     </span>
    </p>
   </div>
   <div class='ocr_carea' id='block_1_73' title="bbox 1957 3576 3518 3636">
    <p class='ocr_par' dir='ltr' id='par_1_73' title="bbox 1957 3576 3518 3636">
     <span class='ocr_line' id='line_1_73' title="bbox 1957 3576 3518 3636; baseline 0.001 -4"><span class='ocrx_word' id='word_1_545' title='bbox 1957 3578 2228 3632; x_wconf 87' lang='lat' dir='ltr'><strong>contineri</strong></span> <span class='ocrx_word' id='word_1_546' title='bbox 2282 3576 2364 3632; x_wconf 82' lang='lat' dir='ltr'><strong>ias</strong></span> <span class='ocrx_word' id='word_1_547' title='bbox 2417 3591 2526 3631; x_wconf 93' lang='lat' dir='ltr'><strong>non</strong></span> <span class='ocrx_word' id='word_1_548' title='bbox 2577 3585 2682 3631; x_wconf 91' lang='lat' dir='ltr'><strong>est.</strong></span> <span class='ocrx_word' id='word_1_549' title='bbox 2727 3576 2901 3632; x_wconf 88' lang='lat' dir='ltr'><strong>Etiam</strong></span> <span class='ocrx_word' id='word_1_550' title='bbox 2957 3578 3199 3634; x_wconf 83' lang='lat' dir='ltr'><strong>exterius</strong></span> <span class='ocrx_word' id='word_1_551' title='bbox 3245 3595 3346 3636; x_wconf 87' lang='lat' dir='ltr'><strong>nos</strong></span> <span class='ocrx_word' id='word_1_552' title='bbox 3413 3596 3518 3634; x_wconf 89' lang='lat' dir='ltr'><strong>non</strong></span> 
     </span>
    </p>
   </div>
   <div class='ocr_carea' id='block_1_74' title="bbox 1957 3666 3518 3737">
    <p class='ocr_par' dir='ltr' id='par_1_74' title="bbox 1957 3666 3518 3737">
     <span class='ocr_line' id='line_1_74' title="bbox 1957 3666 3518 3737; baseline 0.001 -16"><span class='ocrx_word' id='word_1_553' title='bbox 1957 3667 2355 3736; x_wconf 85' lang='lat' dir='ltr'><strong>complectitur,</strong></span> <span class='ocrx_word' id='word_1_554' title='bbox 2399 3666 2616 3736; x_wconf 87' lang='lat' dir='ltr'><strong>quando</strong></span> <span class='ocrx_word' id='word_1_555' title='bbox 2655 3668 2722 3720; x_wconf 89' lang='lat' dir='ltr'><strong>ah</strong></span> <span class='ocrx_word' id='word_1_556' title='bbox 2771 3666 2838 3720; x_wconf 89' lang='lat' dir='ltr'><strong>iis</strong></span> <span class='ocrx_word' id='word_1_557' title='bbox 2877 3683 2998 3735; x_wconf 77' lang='lat' dir='ltr'><strong>qua:</strong></span> <span class='ocrx_word' id='word_1_558' title='bbox 3041 3682 3268 3737; x_wconf 86' lang='lat' dir='ltr'><strong>corpore</strong></span> <span class='ocrx_word' id='word_1_559' title='bbox 3312 3679 3518 3735; x_wconf 83' lang='lat' dir='ltr'><strong>carent,</strong></span> 
     </span>
    </p>
   </div>
   <div class='ocr_carea' id='block_1_75' title="bbox 1962 3758 3518 3829">
    <p class='ocr_par' dir='ltr' id='par_1_75' title="bbox 1962 3758 3518 3829">
     <span class='ocr_line' id='line_1_75' title="bbox 1962 3758 3518 3829; baseline -0.002 -16"><span class='ocrx_word' id='word_1_560' title='bbox 1962 3758 2097 3813; x_wconf 90' lang='lat' dir='ltr'><strong>nihil</strong></span> <span class='ocrx_word' id='word_1_561' title='bbox 2124 3758 2376 3813; x_wconf 87' lang='lat' dir='ltr'><strong>concludi</strong></span> <span class='ocrx_word' id='word_1_562' title='bbox 2407 3765 2607 3828; x_wconf 87' lang='lat' dir='ltr'><strong>potest.</strong></span> <span class='ocrx_word' id='word_1_563' title='bbox 2645 3758 2804 3814; x_wconf 86' lang='lat' dir='ltr'><strong>Enim</strong></span> <span class='ocrx_word' id='word_1_564' title='bbox 2838 3776 2970 3815; x_wconf 88' lang='lat' dir='ltr'><strong>vero</strong></span> <span class='ocrx_word' id='word_1_565' title='bbox 3014 3776 3165 3815; x_wconf 90' lang='lat' dir='ltr'><strong>mens</strong></span> <span class='ocrx_word' id='word_1_566' title='bbox 3195 3760 3355 3815; x_wconf 89' lang='lat' dir='ltr'><strong>modo</strong></span> <span class='ocrx_word' id='word_1_567' title='bbox 3389 3776 3518 3829; x_wconf 80' lang='lat' dir='ltr'><strong>quo-</strong></span> 
     </span>
    </p>
   </div>
   <div class='ocr_carea' id='block_1_76' title="bbox 276 3849 3518 3923">
    <p class='ocr_par' dir='ltr' id='par_1_76' title="bbox 276 3849 3518 3923">
     <span class='ocr_line' id='line_1_76' title="bbox 276 3849 3518 3923; baseline -0.002 -15"><span class='ocrx_word' id='word_1_568' title='bbox 276 3855 406 3908; x_wconf 90' lang='lat' dir='ltr'><strong>dam</strong></span> <span class='ocrx_word' id='word_1_569' title='bbox 449 3855 700 3909; x_wconf 90' lang='lat' dir='ltr'><strong>oratione</strong></span> <span class='ocrx_word' id='word_1_570' title='bbox 753 3854 1160 3923; x_wconf 81' lang='lat' dir='ltr'><strong>inexplicabili,</strong></span> <span class='ocrx_word' id='word_1_571' title='bbox 1207 3865 1259 3907; x_wconf 85' lang='lat' dir='ltr'><strong>et</strong></span> <span class='ocrx_word' id='word_1_572' title='bbox 1323 3853 1417 3921; x_wconf 91' lang='lat' dir='ltr'><strong>qui</strong></span> <span class='ocrx_word' id='word_1_573' title='bbox 1472 3851 1540 3906; x_wconf 90' lang='lat' dir='ltr'><strong>ab</strong></span> <span class='ocrx_word' id='word_1_574' title='bbox 1583 3849 1940 3918; x_wconf 86' lang='lat' dir='ltr'><strong>intelligentia</strong></span> <span class='ocrx_word' id='word_1_575' title='bbox 1975 3859 2163 3906; x_wconf 89' lang='lat' dir='ltr'><strong>nostra</strong></span> <span class='ocrx_word' id='word_1_576' title='bbox 2201 3852 2586 3922; x_wconf 85' lang='lat' dir='ltr'><strong>comprehendi</strong></span> <span class='ocrx_word' id='word_1_577' title='bbox 2637 3867 2745 3906; x_wconf 94' lang='lat' dir='ltr'><strong>non</strong></span> <span class='ocrx_word' id='word_1_578' title='bbox 2796 3860 3004 3921; x_wconf 88' lang='lat' dir='ltr'><strong>potest,</strong></span> <span class='ocrx_word' id='word_1_579' title='bbox 3070 3860 3278 3906; x_wconf 71' lang='lat' dir='ltr'><strong>naturae</strong></span> <span class='ocrx_word' id='word_1_580' title='bbox 3337 3851 3518 3906; x_wconf 85' lang='lat' dir='ltr'><strong>adest.</strong></span> 
     </span>
    </p>
   </div>
   <div class='ocr_carea' id='block_1_77' title="bbox 277 3942 3518 4015">
    <p class='ocr_par' dir='ltr' id='par_1_77' title="bbox 277 3942 3518 4015">
     <span class='ocr_line' id='line_1_77' title="bbox 277 3942 3518 4015; baseline -0.002 -16"><span class='ocrx_word' id='word_1_581' title='bbox 277 3945 889 4015; x_wconf 87' lang='lat' dir='ltr'><strong>eidemquecopulatur,</strong></span> <span class='ocrx_word' id='word_1_582' title='bbox 914 3945 1076 4013; x_wconf 91' lang='lat' dir='ltr'><strong>inque</strong></span> <span class='ocrx_word' id='word_1_583' title='bbox 1105 3959 1171 4015; x_wconf 82' lang='lat' dir='ltr'><strong>ea</strong></span> <span class='ocrx_word' id='word_1_584' title='bbox 1223 3952 1278 3998; x_wconf 92' lang='lat' dir='ltr'><strong>et</strong></span> <span class='ocrx_word' id='word_1_585' title='bbox 1327 3944 1474 3998; x_wconf 87' lang='lat' dir='ltr'><strong>circa</strong></span> <span class='ocrx_word' id='word_1_586' title='bbox 1502 3957 1621 3997; x_wconf 89' lang='lat' dir='ltr'><strong>eam</strong></span> <span class='ocrx_word' id='word_1_587' title='bbox 1671 3943 1907 3997; x_wconf 84' lang='lat' dir='ltr'><strong>exsistit.</strong></span> <span class='ocrx_word' id='word_1_588' title='bbox 1960 3942 2031 3997; x_wconf 87' lang='lat' dir='ltr'><strong>Ut</strong></span> <span class='ocrx_word' id='word_1_589' title='bbox 2075 3944 2125 3998; x_wconf 90' lang='lat' dir='ltr'><strong>ei</strong></span> <span class='ocrx_word' id='word_1_590' title='bbox 2161 3959 2268 3998; x_wconf 88' lang='lat' dir='ltr'><strong>non</strong></span> <span class='ocrx_word' id='word_1_591' title='bbox 2321 3944 2542 4006; x_wconf 88' lang='lat' dir='ltr'><strong>insidet,</strong></span> <span class='ocrx_word' id='word_1_592' title='bbox 2591 3944 2666 3997; x_wconf 89' lang='lat' dir='ltr'><strong>ita</strong></span> <span class='ocrx_word' id='word_1_593' title='bbox 2710 3958 2830 3998; x_wconf 88' lang='lat' dir='ltr'><strong>eam</strong></span> <span class='ocrx_word' id='word_1_594' title='bbox 2878 3959 2985 3997; x_wconf 89' lang='lat' dir='ltr'><strong>non</strong></span> <span class='ocrx_word' id='word_1_595' title='bbox 3034 3943 3518 4011; x_wconf 83' lang='lat' dir='ltr'><strong>circumplectitur,</strong></span> 
     </span>
    </p>
   </div>
   <div class='ocr_carea' id='block_1_78' title="bbox 276 4033 3513 4108">
    <p class='ocr_par' dir='ltr' id='par_1_78' title="bbox 276 4033 3513 4108">
     <span class='ocr_line' id='line_1_78' title="bbox 276 4033 3513 4108; baseline -0.002 -14"><span class='ocrx_word' id='word_1_596' title='bbox 276 4040 374 4094; x_wconf 80' lang='lat' dir='ltr'><strong>sed</strong></span> <span class='ocrx_word' id='word_1_597' title='bbox 419 4038 571 4093; x_wconf 89' lang='lat' dir='ltr'><strong>adest</strong></span> <span class='ocrx_word' id='word_1_598' title='bbox 605 4039 835 4101; x_wconf 90' lang='lat' dir='ltr'><strong>ratione,</strong></span> <span class='ocrx_word' id='word_1_599' title='bbox 871 4053 991 4108; x_wconf 80' lang='lat' dir='ltr'><strong>quae</strong></span> <span class='ocrx_word' id='word_1_600' title='bbox 1033 4053 1205 4108; x_wconf 92' lang='lat' dir='ltr'><strong>neque</strong></span> <span class='ocrx_word' id='word_1_601' title='bbox 1247 4037 1481 4106; x_wconf 79' lang='lat' dir='ltr'><strong>exponi,</strong></span> <span class='ocrx_word' id='word_1_602' title='bbox 1516 4051 1692 4106; x_wconf 89' lang='lat' dir='ltr'><strong>neque</strong></span> <span class='ocrx_word' id='word_1_603' title='bbox 1737 4034 2138 4090; x_wconf 89' lang='lat' dir='ltr'><strong>considerando</strong></span> <span class='ocrx_word' id='word_1_604' title='bbox 2185 4037 2462 4090; x_wconf 80' lang='lat' dir='ltr'><strong>exhauriri</strong></span> <span class='ocrx_word' id='word_1_605' title='bbox 2494 4044 2689 4106; x_wconf 87' lang='lat' dir='ltr'><strong>potest.</strong></span> <span class='ocrx_word' id='word_1_606' title='bbox 2754 4034 2930 4089; x_wconf 89' lang='lat' dir='ltr'><strong>Unum</strong></span> <span class='ocrx_word' id='word_1_607' title='bbox 2986 4034 3091 4089; x_wconf 90' lang='lat' dir='ltr'><strong>hoc</strong></span> <span class='ocrx_word' id='word_1_608' title='bbox 3147 4033 3513 4103; x_wconf 77' lang='lat' dir='ltr'><strong>intelligimus,</strong></span> 
     </span>
    </p>
   </div>
   <div class='ocr_carea' id='block_1_79' title="bbox 272 4116 3516 4197">
    <p class='ocr_par' dir='ltr' id='par_1_79' title="bbox 272 4116 3516 4197">
     <span class='ocr_line' id='line_1_79' title="bbox 272 4116 3516 4197; baseline -0.002 -11"><span class='ocrx_word' id='word_1_609' title='bbox 272 4116 668 4186; x_wconf 63' lang='lat' dir='ltr'><strong>natura°salva</strong></span> <span class='ocrx_word' id='word_1_610' title='bbox 708 4139 763 4185; x_wconf 91' lang='lat' dir='ltr'><strong>et</strong></span> <span class='ocrx_word' id='word_1_611' title='bbox 828 4129 1119 4196; x_wconf 89' lang='lat' dir='ltr'><strong>incolumi,</strong></span> <span class='ocrx_word' id='word_1_612' title='bbox 1183 4141 1420 4185; x_wconf 90' lang='lat' dir='ltr'><strong>mentem</strong></span> <span class='ocrx_word' id='word_1_613' title='bbox 1463 4131 1626 4184; x_wconf 90' lang='lat' dir='ltr'><strong>etiam</strong></span> <span class='ocrx_word' id='word_1_614' title='bbox 1672 4128 2046 4184; x_wconf 87' lang='lat' dir='ltr'><strong>ellicacitatem</strong></span> <span class='ocrx_word' id='word_1_615' title='bbox 2101 4145 2258 4184; x_wconf 86' lang='lat' dir='ltr'><strong>suam</strong></span> <span class='ocrx_word' id='word_1_616' title='bbox 2307 4129 2573 4184; x_wconf 82' lang='lat' dir='ltr'><strong>obtinere.</strong></span> <span class='ocrx_word' id='word_1_617' title='bbox 2634 4129 2732 4184; x_wconf 87' lang='lat' dir='ltr'><strong>Sin</strong></span> <span class='ocrx_word' id='word_1_618' title='bbox 2780 4126 3001 4197; x_wconf 92' lang='lat' dir='ltr'><strong>aliquod</strong></span> <span class='ocrx_word' id='word_1_619' title='bbox 3040 4142 3104 4182; x_wconf 81' lang='lat' dir='ltr'><strong>ea</strong></span> <span class='ocrx_word' id='word_1_620' title='bbox 3131 4124 3516 4182; x_wconf 86' lang='lat' dir='ltr'><strong>detrimentum</strong></span> 
     </span>
    </p>
   </div>
   <div class='ocr_carea' id='block_1_80' title="bbox 271 4223 2168 4296">
    <p class='ocr_par' dir='ltr' id='par_1_80' title="bbox 271 4223 2168 4296">
     <span class='ocr_line' id='line_1_80' title="bbox 271 4223 2168 4296; baseline -0.001 -17"><span class='ocrx_word' id='word_1_621' title='bbox 271 4225 478 4296; x_wconf 67' lang='lat' dir='ltr'><strong>capiat,</strong></span> <span class='ocrx_word' id='word_1_622' title='bbox 523 4227 720 4280; x_wconf 88' lang='lat' dir='ltr'><strong>mentis</strong></span> <span class='ocrx_word' id='word_1_623' title='bbox 744 4241 960 4295; x_wconf 87' lang='lat' dir='ltr'><strong>quoque</strong></span> <span class='ocrx_word' id='word_1_624' title='bbox 989 4233 1193 4280; x_wconf 91' lang='lat' dir='ltr'><strong>motum</strong></span> <span class='ocrx_word' id='word_1_625' title='bbox 1227 4226 1435 4280; x_wconf 88' lang='lat' dir='ltr'><strong>scilicet</strong></span> <span class='ocrx_word' id='word_1_626' title='bbox 1458 4225 1550 4278; x_wconf 89' lang='lat' dir='ltr'><strong>illa</strong></span> <span class='ocrx_word' id='word_1_627' title='bbox 1576 4225 1630 4278; x_wconf 93' lang='lat' dir='ltr'><strong>in</strong></span> <span class='ocrx_word' id='word_1_628' title='bbox 1661 4237 1814 4295; x_wconf 83' lang='lat' dir='ltr'><strong>parte</strong></span> <span class='ocrx_word' id='word_1_629' title='bbox 1836 4223 2168 4280; x_wconf 88' lang='lat' dir='ltr'><strong>claudicare.</strong></span> 
     </span>
    </p>
   </div>
   <div class='ocr_carea' id='block_1_81' title="bbox 699 4329 1318 4430">
    <p class='ocr_par' dir='ltr' id='par_1_81' title="bbox 699 4329 1318 4430">
     <span class='ocr_line' id='line_1_81' title="bbox 699 4329 1318 4430; baseline 0 -14"><span class='ocrx_word' id='word_1_630' title='bbox 699 4329 708 4335; x_wconf 52' lang='grc'><em>’</em></span> <span class='ocrx_word' id='word_1_631' title='bbox 766 4363 1156 4416; x_wconf 83' lang='grc' dir='ltr'><strong>ΚΕΦΑΛΑΙΟΝ</strong></span> <span class='ocrx_word' id='word_1_632' title='bbox 1201 4365 1318 4430; x_wconf 69' lang='grc' dir='ltr'>ις’.</span> 
     </span>
    </p>
   </div>
   <div class='ocr_carea' id='block_1_82' title="bbox 269 4473 1839 4544">
    <p class='ocr_par' dir='ltr' id='par_1_82' title="bbox 269 4473 1839 4544">
     <span class='ocr_line' id='line_1_82' title="bbox 269 4473 1839 4544; baseline -0.003 -14"><span class='ocrx_word' id='word_1_633' title='bbox 269 4477 498 4544; x_wconf 76' lang='grc' dir='ltr'>Θεωρία</span> <span class='ocrx_word' id='word_1_634' title='bbox 527 4477 632 4530; x_wconf 84' lang='grc' dir='ltr'>τοῦ</span> <span class='ocrx_word' id='word_1_635' title='bbox 672 4477 833 4530; x_wconf 83' lang='grc' dir='ltr'>θείου</span> <span class='ocrx_word' id='word_1_636' title='bbox 869 4476 1056 4542; x_wconf 79' lang='grc' dir='ltr'>ῥητοῦ</span> <span class='ocrx_word' id='word_1_637' title='bbox 1083 4477 1375 4536; x_wconf 75' lang='grc' dir='ltr'>εἰπόντος,</span> <span class='ocrx_word' id='word_1_638' title='bbox 1425 4493 1443 4525; x_wconf 81' lang='grc' dir='ltr'><strong>ι</strong></span> <span class='ocrx_word' id='word_1_639' title='bbox 1491 4473 1839 4541; x_wconf 80' lang='grc' dir='ltr'>Ποιήσωμεν</span> 
     </span>
    </p>
   </div>
   <div class='ocr_carea' id='block_1_83' title="bbox 2520 4359 2932 4416">
    <p class='ocr_par' dir='ltr' id='par_1_83' title="bbox 2520 4359 2932 4416">
     <span class='ocr_line' id='line_1_83' title="bbox 2520 4359 2932 4416; baseline -0.007 0"><span class='ocrx_word' id='word_1_640' title='bbox 2520 4359 2750 4416; x_wconf 85' lang='lat' dir='ltr'><strong>CAPUT</strong></span> <span class='ocrx_word' id='word_1_641' title='bbox 2791 4359 2932 4414; x_wconf 82' lang='lat' dir='ltr'><strong>XVI.</strong></span> 
     </span>
    </p>
   </div>
   <div class='ocr_carea' id='block_1_84' title="bbox 1945 4473 3514 4537">
    <p class='ocr_par' dir='ltr' id='par_1_84' title="bbox 1945 4473 3514 4537">
     <span class='ocr_line' id='line_1_84' title="bbox 1945 4473 3514 4537; baseline 0.001 -9"><span class='ocrx_word' id='word_1_642' title='bbox 1945 4474 2211 4528; x_wconf 82' lang='lat' dir='ltr'><strong>Accurata</strong></span> <span class='ocrx_word' id='word_1_643' title='bbox 2254 4473 2383 4526; x_wconf 82' lang='lat' dir='ltr'><strong>dicti</strong></span> <span class='ocrx_word' id='word_1_644' title='bbox 2415 4474 2558 4527; x_wconf 81' lang='lat' dir='ltr'><strong>illius</strong></span> <span class='ocrx_word' id='word_1_645' title='bbox 2591 4473 2751 4528; x_wconf 81' lang='lat' dir='ltr'><strong>divini</strong></span> <span class='ocrx_word' id='word_1_646' title='bbox 2774 4474 3144 4537; x_wconf 78' lang='lat' dir='ltr'><strong>consideratio,</strong></span> <span class='ocrx_word' id='word_1_647' title='bbox 3184 4494 3202 4525; x_wconf 73' lang='grc' dir='ltr'><strong>ι</strong></span> <span class='ocrx_word' id='word_1_648' title='bbox 3225 4474 3514 4530; x_wconf 80' lang='lat' dir='ltr'><strong>Faciamus</strong></span> 
     </span>
    </p>
   </div>
   <div class='ocr_carea' id='block_1_85' title="bbox 345 4541 1856 4614">
    <p class='ocr_par' dir='ltr' id='par_1_85' title="bbox 345 4541 1830 4614">
     <span class='ocr_line' id='line_1_85' title="bbox 345 4541 1830 4614; baseline -0.003 -14"><span class='ocrx_word' id='word_1_649' title='bbox 345 4541 658 4614; x_wconf 65' lang='grc' dir='ltr'>ᾶὶθθρῳπον</span> <span class='ocrx_word' id='word_1_650' title='bbox 674 4548 800 4598; x_wconf 79' lang='grc' dir='ltr'>κατ’</span> <span class='ocrx_word' id='word_1_651' title='bbox 822 4541 1024 4598; x_wconf 68' lang='grc' dir='ltr'>εἰκόνα</span> <span class='ocrx_word' id='word_1_652' title='bbox 1050 4545 1148 4599; x_wconf 77' lang='grc' dir='ltr'>καὶ</span> <span class='ocrx_word' id='word_1_653' title='bbox 1169 4545 1449 4612; x_wconf 75' lang='grc' dir='ltr'>ὁμοίωσιν</span> <span class='ocrx_word' id='word_1_654' title='bbox 1470 4544 1776 4612; x_wconf 73' lang='grc' dir='ltr'>ἡμετέραν.</span> <span class='ocrx_word' id='word_1_655' title='bbox 1811 4561 1830 4614; x_wconf 68' lang='lat' dir='ltr'><strong>r</strong></span> 
     </span>
    </p>
   </div>
   <div class='ocr_carea' id='block_1_86' title="bbox 1960 4541 3507 4614">
    <p class='ocr_par' dir='ltr' id='par_1_86' title="bbox 2009 4543 3507 4612">
     <span class='ocr_line' id='line_1_86' title="bbox 2009 4543 3507 4612; baseline 0.001 -17"><span class='ocrx_word' id='word_1_656' title='bbox 2009 4544 2266 4597; x_wconf 78' lang='lat' dir='ltr'><strong>hominem</strong></span> <span class='ocrx_word' id='word_1_657' title='bbox 2299 4543 2366 4596; x_wconf 86' lang='lat' dir='ltr'><strong>ad</strong></span> <span class='ocrx_word' id='word_1_658' title='bbox 2398 4545 2678 4612; x_wconf 80' lang='lat' dir='ltr'><strong>imaginem</strong></span> <span class='ocrx_word' id='word_1_659' title='bbox 2710 4545 3208 4612; x_wconf 65' lang='lat' dir='ltr'><strong>simititndinemque</strong></span> <span class='ocrx_word' id='word_1_660' title='bbox 3251 4546 3451 4608; x_wconf 79' lang='lat' dir='ltr'><strong>nostri,</strong></span> <span class='ocrx_word' id='word_1_661' title='bbox 3491 4567 3507 4597; x_wconf 73' lang='grc' dir='ltr'><strong>ι</strong></span> 
     </span>
    </p>
   </div>
   <div class='ocr_carea' id='block_1_87' title="bbox 359 4609 1839 4682">
    <p class='ocr_par' dir='ltr' id='par_1_87' title="bbox 359 4609 1839 4682">
     <span class='ocr_line' id='line_1_87' title="bbox 359 4609 1839 4682; baseline -0.004 -12"><span class='ocrx_word' id='word_1_662' title='bbox 359 4609 471 4670; x_wconf 65' lang='grc' dir='ltr'><strong>Ἔνῖ</strong></span> <span class='ocrx_word' id='word_1_663' title='bbox 483 4609 530 4682; x_wconf 84' lang='grc' dir='ltr'>ᾧ</span> <span class='ocrx_word' id='word_1_664' title='bbox 552 4615 907 4679; x_wconf 79' lang='grc' dir='ltr'>ἐξετάζεται,</span> <span class='ocrx_word' id='word_1_665' title='bbox 934 4616 1025 4680; x_wconf 84' lang='grc' dir='ltr'>τίς</span> <span class='ocrx_word' id='word_1_666' title='bbox 1051 4618 1081 4668; x_wconf 85' lang='grc' dir='ltr'><strong>ό</strong></span> <span class='ocrx_word' id='word_1_667' title='bbox 1113 4609 1222 4682; x_wconf 58' lang='grc' dir='ltr'><em>τῆά</em></span> <span class='ocrx_word' id='word_1_668' title='bbox 1244 4615 1477 4679; x_wconf 76' lang='grc' dir='ltr'>εἰκόνος</span> <span class='ocrx_word' id='word_1_669' title='bbox 1497 4609 1700 4681; x_wconf 66' lang='grc' dir='ltr'>ξὶόγος,</span> <span class='ocrx_word' id='word_1_670' title='bbox 1741 4613 1839 4665; x_wconf 78' lang='grc' dir='ltr'>καὶ</span> 
     </span>
    </p>
   </div>
   <div class='ocr_carea' id='block_1_88' title="bbox 343 4682 1842 4754">
    <p class='ocr_par' dir='ltr' id='par_1_88' title="bbox 343 4682 1842 4754">
     <span class='ocr_line' id='line_1_88' title="bbox 343 4682 1842 4754; baseline -0.004 -15"><span class='ocrx_word' id='word_1_671' title='bbox 343 4687 724 4754; x_wconf 78' lang='grc' dir='ltr'>εὶ,όμοιοῦται</span> <span class='ocrx_word' id='word_1_672' title='bbox 763 4685 842 4750; x_wconf 86' lang='grc' dir='ltr'>τῷ</span> <span class='ocrx_word' id='word_1_673' title='bbox 873 4686 1140 4753; x_wconf 76' lang='grc' dir='ltr'>μακαρίῳ</span> <span class='ocrx_word' id='word_1_674' title='bbox 1172 4701 1236 4737; x_wconf 83' lang='grc' dir='ltr'>τε</span> <span class='ocrx_word' id='word_1_675' title='bbox 1275 4685 1376 4754; x_wconf 70' lang='grc' dir='ltr'>καὶ</span> <span class='ocrx_word' id='word_1_676' title='bbox 1404 4683 1615 4754; x_wconf 68' lang='grc' dir='ltr'>ἀπαθεῖ</span> <span class='ocrx_word' id='word_1_677' title='bbox 1654 4682 1719 4754; x_wconf 64' lang='grc' dir='ltr'><strong>τὸ</strong></span> <span class='ocrx_word' id='word_1_678' title='bbox 1744 4683 1842 4754; x_wconf 65' lang='grc' dir='ltr'><strong>ἐμτ-</strong></span> 
     </span>
    </p>
   </div>
   <div class='ocr_carea' id='block_1_89' title="bbox 342 4752 1837 4822">
    <p class='ocr_par' dir='ltr' id='par_1_89' title="bbox 342 4752 1837 4822">
     <span class='ocr_line' id='line_1_89' title="bbox 342 4752 1837 4822; baseline -0.003 -14"><span class='ocrx_word' id='word_1_679' title='bbox 342 4752 532 4820; x_wconf 72' lang='grc' dir='ltr'>παθὲς</span> <span class='ocrx_word' id='word_1_680' title='bbox 567 4757 663 4809; x_wconf 77' lang='grc' dir='ltr'>καὶ</span> <span class='ocrx_word' id='word_1_681' title='bbox 705 4752 1020 4822; x_wconf 72' lang='grc' dir='ltr'>ἐπίκηρον,</span> <span class='ocrx_word' id='word_1_682' title='bbox 1059 4757 1152 4809; x_wconf 76' lang='grc' dir='ltr'>καὶ</span> <span class='ocrx_word' id='word_1_683' title='bbox 1211 4753 1336 4819; x_wconf 81' lang='grc' dir='ltr'><strong>πῶς</strong></span> <span class='ocrx_word' id='word_1_684' title='bbox 1363 4755 1432 4806; x_wconf 83' lang='grc' dir='ltr'><strong>ἐν</strong></span> <span class='ocrx_word' id='word_1_685' title='bbox 1455 4753 1527 4821; x_wconf 75' lang='grc' dir='ltr'><strong>τῇ</strong></span> <span class='ocrx_word' id='word_1_686' title='bbox 1561 4753 1745 4806; x_wconf 79' lang='grc' dir='ltr'>εικόνι</span> <span class='ocrx_word' id='word_1_687' title='bbox 1776 4752 1837 4803; x_wconf 82' lang='grc' dir='ltr'>τὸ</span> 
     </span>
    </p>
   </div>
   <div class='ocr_carea' id='block_1_90' title="bbox 343 4823 1841 4895">
    <p class='ocr_par' dir='ltr' id='par_1_90' title="bbox 343 4823 1841 4895">
     <span class='ocr_line' id='line_1_90' title="bbox 343 4823 1841 4895; baseline -0.005 -15"><span class='ocrx_word' id='word_1_688' title='bbox 343 4827 527 4895; x_wconf 64' lang='lat' dir='ltr'><strong>appar</strong></span> <span class='ocrx_word' id='word_1_689' title='bbox 567 4827 663 4880; x_wconf 78' lang='grc' dir='ltr'>καὶ</span> <span class='ocrx_word' id='word_1_690' title='bbox 695 4826 759 4878; x_wconf 84' lang='grc' dir='ltr'><strong>τὸ</strong></span> <span class='ocrx_word' id='word_1_691' title='bbox 794 4824 946 4893; x_wconf 75' lang='grc' dir='ltr'>θῆλυ</span> <span class='ocrx_word' id='word_1_692' title='bbox 968 4866 981 4891; x_wconf 87' lang='grc'><strong>,</strong></span> <span class='ocrx_word' id='word_1_693' title='bbox 1006 4827 1075 4879; x_wconf 79' lang='grc' dir='ltr'><strong>ἐν</strong></span> <span class='ocrx_word' id='word_1_694' title='bbox 1119 4823 1199 4890; x_wconf 84' lang='grc' dir='ltr'>τῷ</span> <span class='ocrx_word' id='word_1_695' title='bbox 1226 4826 1585 4892; x_wconf 77' lang='grc' dir='ltr'>πρωτοτύπῳ</span> <span class='ocrx_word' id='word_1_696' title='bbox 1616 4824 1841 4875; x_wconf 83' lang='grc' dir='ltr'>τούτων</span> 
     </span>
    </p>
   </div>
   <div class='ocr_carea' id='block_1_91' title="bbox 342 4897 694 4952">
    <p class='ocr_par' dir='ltr' id='par_1_91' title="bbox 342 4897 694 4952">
     <span class='ocr_line' id='line_1_91' title="bbox 342 4897 694 4952; baseline 0.003 -1"><span class='ocrx_word' id='word_1_697' title='bbox 342 4901 455 4951; x_wconf 78' lang='grc' dir='ltr'>οὐκ</span> <span class='ocrx_word' id='word_1_698' title='bbox 487 4897 694 4952; x_wconf 77' lang='grc' dir='ltr'><strong>ὄντων.</strong></span> 
     </span>
    </p>
   </div>
   <div class='ocr_carea' id='block_1_92' title="bbox 353 5068 1839 5140">
    <p class='ocr_par' dir='ltr' id='par_1_92' title="bbox 353 5068 1839 5140">
     <span class='ocr_line' id='line_1_92' title="bbox 353 5068 1839 5140; baseline -0.004 -14"><span class='ocrx_word' id='word_1_699' title='bbox 353 5075 494 5127; x_wconf 85' lang='grc' dir='ltr'>Ἀλλ’</span> <span class='ocrx_word' id='word_1_700' title='bbox 555 5072 983 5140; x_wconf 77' lang='grc' dir='ltr'>ἐπαναλάεωμεν</span> <span class='ocrx_word' id='word_1_701' title='bbox 1043 5071 1204 5124; x_wconf 84' lang='grc' dir='ltr'>πάλιν</span> <span class='ocrx_word' id='word_1_702' title='bbox 1253 5071 1352 5140; x_wconf 82' lang='grc' dir='ltr'>τὴν</span> <span class='ocrx_word' id='word_1_703' title='bbox 1405 5070 1553 5122; x_wconf 88' lang='grc' dir='ltr'>θείαν</span> <span class='ocrx_word' id='word_1_704' title='bbox 1621 5068 1839 5138; x_wconf 81' lang='grc' dir='ltr'>φωνὴν,</span> 
     </span>
    </p>
   </div>
   <div class='ocr_carea' id='block_1_93' title="bbox 2016 4615 3515 4684">
    <p class='ocr_par' dir='ltr' id='par_1_93' title="bbox 2016 4615 3515 4684">
     <span class='ocr_line' id='line_1_93' title="bbox 2016 4615 3515 4684; baseline 0.001 -18"><span class='ocrx_word' id='word_1_705' title='bbox 2016 4623 2124 4666; x_wconf 88' lang='lat' dir='ltr'><strong>tum</strong></span> <span class='ocrx_word' id='word_1_706' title='bbox 2155 4629 2327 4681; x_wconf 67' lang='lat' dir='ltr'><strong>ecquae</strong></span> <span class='ocrx_word' id='word_1_707' title='bbox 2374 4615 2441 4667; x_wconf 87' lang='lat' dir='ltr'><strong>sit</strong></span> <span class='ocrx_word' id='word_1_708' title='bbox 2479 4615 2723 4684; x_wconf 80' lang='lat' dir='ltr'><strong>imaginis</strong></span> <span class='ocrx_word' id='word_1_709' title='bbox 2759 4615 2918 4674; x_wconf 80' lang='lat' dir='ltr'><strong>ratio,</strong></span> <span class='ocrx_word' id='word_1_710' title='bbox 2967 4616 3352 4684; x_wconf 73' lang='lat' dir='ltr'><strong>investigatum,</strong></span> <span class='ocrx_word' id='word_1_711' title='bbox 3392 4631 3515 4684; x_wconf 85' lang='lat' dir='ltr'><strong>pos-</strong></span> 
     </span>
    </p>
   </div>
   <div class='ocr_carea' id='block_1_94' title="bbox 2013 4683 3517 4749">
    <p class='ocr_par' dir='ltr' id='par_1_94' title="bbox 2013 4683 3517 4749">
     <span class='ocr_line' id='line_1_94' title="bbox 2013 4683 3517 4749; baseline 0 -12"><span class='ocrx_word' id='word_1_712' title='bbox 2013 4686 2168 4746; x_wconf 71' lang='lat' dir='ltr'><strong>sitne,</strong></span> <span class='ocrx_word' id='word_1_713' title='bbox 2191 4686 2326 4749; x_wconf 82' lang='lat' dir='ltr'><strong>quod</strong></span> <span class='ocrx_word' id='word_1_714' title='bbox 2354 4683 2547 4738; x_wconf 80' lang='lat' dir='ltr'><strong>morbis</strong></span> <span class='ocrx_word' id='word_1_715' title='bbox 2588 4701 2648 4736; x_wconf 89' lang='lat' dir='ltr'><strong>ac</strong></span> <span class='ocrx_word' id='word_1_716' title='bbox 2682 4686 2841 4736; x_wconf 86' lang='lat' dir='ltr'><strong>morti</strong></span> <span class='ocrx_word' id='word_1_717' title='bbox 2873 4683 3163 4736; x_wconf 68' lang='lat' dir='ltr'><strong>obnoxium</strong></span> <span class='ocrx_word' id='word_1_718' title='bbox 3183 4694 3280 4746; x_wconf 72' lang='lat' dir='ltr'><strong>est,</strong></span> <span class='ocrx_word' id='word_1_719' title='bbox 3318 4685 3386 4737; x_wconf 86' lang='lat' dir='ltr'><strong>ad</strong></span> <span class='ocrx_word' id='word_1_720' title='bbox 3416 4703 3517 4738; x_wconf 77' lang='lat' dir='ltr'><strong>na-</strong></span> 
     </span>
    </p>
   </div>
   <div class='ocr_carea' id='block_1_95' title="bbox 2017 4754 3512 4822">
    <p class='ocr_par' dir='ltr' id='par_1_95' title="bbox 2017 4754 3512 4822">
     <span class='ocr_line' id='line_1_95' title="bbox 2017 4754 3512 4822; baseline 0.001 -18"><span class='ocrx_word' id='word_1_721' title='bbox 2017 4763 2148 4806; x_wconf 71' lang='lat' dir='ltr'><strong>tura:</strong></span> <span class='ocrx_word' id='word_1_722' title='bbox 2187 4754 2351 4806; x_wconf 77' lang='lat' dir='ltr'><strong>beata:</strong></span> <span class='ocrx_word' id='word_1_723' title='bbox 2398 4754 2796 4822; x_wconf 84' lang='lat' dir='ltr'><strong>morborumque</strong></span> <span class='ocrx_word' id='word_1_724' title='bbox 2838 4755 3062 4819; x_wconf 72' lang='lat' dir='ltr'><strong>expertis</strong></span> <span class='ocrx_word' id='word_1_725' title='bbox 3119 4756 3512 4808; x_wconf 78' lang='lat' dir='ltr'><strong>similitudinem</strong></span> 
     </span>
    </p>
   </div>
   <div class='ocr_carea' id='block_1_96' title="bbox 2015 4822 3513 4893">
    <p class='ocr_par' dir='ltr' id='par_1_96' title="bbox 2015 4822 3513 4893">
     <span class='ocr_line' id='line_1_96' title="bbox 2015 4822 3513 4893; baseline 0.002 -18"><span class='ocrx_word' id='word_1_726' title='bbox 2015 4823 2214 4890; x_wconf 79' lang='lat' dir='ltr'><strong>factum</strong></span> <span class='ocrx_word' id='word_1_727' title='bbox 2253 4822 2359 4874; x_wconf 86' lang='lat' dir='ltr'><strong>dici</strong></span> <span class='ocrx_word' id='word_1_728' title='bbox 2390 4839 2408 4876; x_wconf 93' lang='lat'><em>:</em></span> <span class='ocrx_word' id='word_1_729' title='bbox 2438 4840 2536 4892; x_wconf 83' lang='lat' dir='ltr'><strong>quo</strong></span> <span class='ocrx_word' id='word_1_730' title='bbox 2561 4823 2779 4891; x_wconf 83' lang='lat' dir='ltr'><strong>denique</strong></span> <span class='ocrx_word' id='word_1_731' title='bbox 2807 4824 2960 4876; x_wconf 87' lang='lat' dir='ltr'><strong>modo</strong></span> <span class='ocrx_word' id='word_1_732' title='bbox 2995 4825 3049 4875; x_wconf 88' lang='lat' dir='ltr'><strong>in</strong></span> <span class='ocrx_word' id='word_1_733' title='bbox 3094 4825 3322 4893; x_wconf 88' lang='lat' dir='ltr'><strong>imagine</strong></span> <span class='ocrx_word' id='word_1_734' title='bbox 3360 4842 3513 4878; x_wconf 71' lang='lat' dir='ltr'><strong>sexus</strong></span> 
     </span>
    </p>
   </div>
   <div class='ocr_carea' id='block_1_97' title="bbox 2015 4893 3513 4963">
    <p class='ocr_par' dir='ltr' id='par_1_97' title="bbox 2015 4893 3513 4963">
     <span class='ocr_line' id='line_1_97' title="bbox 2015 4893 3513 4963; baseline 0.001 -18"><span class='ocrx_word' id='word_1_735' title='bbox 2015 4893 2237 4946; x_wconf 84' lang='lat' dir='ltr'><strong>masculi</strong></span> <span class='ocrx_word' id='word_1_736' title='bbox 2269 4893 2576 4960; x_wconf 79' lang='lat' dir='ltr'><strong>femineique</strong></span> <span class='ocrx_word' id='word_1_737' title='bbox 2604 4894 2885 4947; x_wconf 82' lang='lat' dir='ltr'><strong>discrimen</strong></span> <span class='ocrx_word' id='word_1_738' title='bbox 2913 4896 3004 4956; x_wconf 84' lang='lat' dir='ltr'><strong>sit,</strong></span> <span class='ocrx_word' id='word_1_739' title='bbox 3033 4895 3169 4963; x_wconf 85' lang='lat' dir='ltr'><strong>quod</strong></span> <span class='ocrx_word' id='word_1_740' title='bbox 3200 4898 3252 4946; x_wconf 87' lang='lat' dir='ltr'><strong>in</strong></span> <span class='ocrx_word' id='word_1_741' title='bbox 3279 4895 3513 4963; x_wconf 78' lang='lat' dir='ltr'><strong>exemplo</strong></span> 
     </span>
    </p>
   </div>
   <div class='ocr_carea' id='block_1_98' title="bbox 2013 4963 2622 5031">
    <p class='ocr_par' dir='ltr' id='par_1_98' title="bbox 2013 4963 2622 5031">
     <span class='ocr_line' id='line_1_98' title="bbox 2013 4963 2622 5031; baseline 0 -17"><span class='ocrx_word' id='word_1_742' title='bbox 2013 4963 2244 5031; x_wconf 83' lang='lat' dir='ltr'><strong>principe</strong></span> <span class='ocrx_word' id='word_1_743' title='bbox 2269 4980 2370 5016; x_wconf 90' lang='lat' dir='ltr'><strong>non</strong></span> <span class='ocrx_word' id='word_1_744' title='bbox 2395 4963 2622 5015; x_wconf 69' lang='lat' dir='ltr'><strong>exsistit.</strong></span> 
     </span>
    </p>
   </div>
   <div class='ocr_carea' id='block_1_99' title="bbox 2011 5074 3510 5130">
    <p class='ocr_par' dir='ltr' id='par_1_99' title="bbox 2011 5074 3510 5130">
     <span class='ocr_line' id='line_1_99' title="bbox 2011 5074 3510 5130; baseline 0.001 -3"><span class='ocrx_word' id='word_1_745' title='bbox 2011 5074 2302 5130; x_wconf 77' lang='lat' dir='ltr'><strong>Enimvero</strong></span> <span class='ocrx_word' id='word_1_746' title='bbox 2362 5075 2649 5129; x_wconf 85' lang='lat' dir='ltr'><strong>redeamus</strong></span> <span class='ocrx_word' id='word_1_747' title='bbox 2693 5074 2910 5129; x_wconf 88' lang='lat' dir='ltr'><strong>tandem</strong></span> <span class='ocrx_word' id='word_1_748' title='bbox 2960 5077 3027 5129; x_wconf 87' lang='lat' dir='ltr'><strong>ad</strong></span> <span class='ocrx_word' id='word_1_749' title='bbox 3081 5075 3318 5130; x_wconf 83' lang='lat' dir='ltr'><strong>divinam</strong></span> <span class='ocrx_word' id='word_1_750' title='bbox 3366 5077 3510 5129; x_wconf 88' lang='lat' dir='ltr'><strong>illam</strong></span> 
     </span>
    </p>
   </div>
   <div class='ocr_carea' id='block_1_100' title="bbox 269 5165 1856 5238">
    <p class='ocr_par' dir='ltr' id='par_1_100' title="bbox 269 5165 1842 5238">
     <span class='ocr_line' id='line_1_100' title="bbox 269 5165 1842 5238; baseline -0.004 -17"><span class='ocrx_word' id='word_1_751' title='bbox 269 5189 288 5221; x_wconf 75' lang='grc' dir='ltr'><strong>ι</strong></span> <span class='ocrx_word' id='word_1_752' title='bbox 325 5169 650 5237; x_wconf 78' lang='grc' dir='ltr'>Ποιήσωμεν</span> <span class='ocrx_word' id='word_1_753' title='bbox 702 5167 983 5238; x_wconf 77' lang='grc' dir='ltr'>ἄνθρωπον</span> <span class='ocrx_word' id='word_1_754' title='bbox 1039 5168 1158 5218; x_wconf 77' lang='grc' dir='ltr'>κατ’</span> <span class='ocrx_word' id='word_1_755' title='bbox 1210 5167 1388 5216; x_wconf 78' lang='grc' dir='ltr'>εἰκόνα</span> <span class='ocrx_word' id='word_1_756' title='bbox 1443 5165 1535 5216; x_wconf 82' lang='grc' dir='ltr'>καὶ</span> <span class='ocrx_word' id='word_1_757' title='bbox 1587 5165 1842 5230; x_wconf 83' lang='grc' dir='ltr'>ὁμοίωσιν</span> 
     </span>
    </p>
   </div>
   <div class='ocr_carea' id='block_1_101' title="bbox 1960 5165 3510 5238">
    <p class='ocr_par' dir='ltr' id='par_1_101' title="bbox 1960 5166 3510 5237">
     <span class='ocr_line' id='line_1_101' title="bbox 1960 5166 3510 5237; baseline -0.005 -13"><span class='ocrx_word' id='word_1_758' title='bbox 1960 5185 2122 5224; x_wconf 65' lang='grc' dir='ltr'>τορριη</span> <span class='ocrx_word' id='word_1_759' title='bbox 2157 5188 2170 5222; x_wconf 89' lang='lat'><strong>:</strong></span> <span class='ocrx_word' id='word_1_760' title='bbox 2209 5188 2227 5218; x_wconf 74' lang='grc' dir='ltr'><strong>ι</strong></span> <span class='ocrx_word' id='word_1_761' title='bbox 2268 5167 2532 5221; x_wconf 86' lang='lat' dir='ltr'><strong>Creemus</strong></span> <span class='ocrx_word' id='word_1_762' title='bbox 2569 5167 2841 5220; x_wconf 88' lang='lat' dir='ltr'><strong>hominem</strong></span> <span class='ocrx_word' id='word_1_763' title='bbox 2885 5168 2950 5221; x_wconf 87' lang='lat' dir='ltr'><strong>ad</strong></span> <span class='ocrx_word' id='word_1_764' title='bbox 2994 5169 3281 5237; x_wconf 83' lang='lat' dir='ltr'><strong>imaginem</strong></span> <span class='ocrx_word' id='word_1_765' title='bbox 3321 5166 3510 5221; x_wconf 83' lang='lat' dir='ltr'><strong>simili-</strong></span> 
     </span>
    </p>
   </div>
   <div class='ocr_carea' id='block_1_102' title="bbox 265 5255 1843 5331">
    <p class='ocr_par' dir='ltr' id='par_1_102' title="bbox 265 5255 1843 5331">
     <span class='ocr_line' id='line_1_102' title="bbox 265 5255 1843 5331; baseline -0.003 -21"><span class='ocrx_word' id='word_1_766' title='bbox 265 5259 564 5331; x_wconf 77' lang='grc' dir='ltr'>ἡμετέραν.</span> <span class='ocrx_word' id='word_1_767' title='bbox 603 5277 622 5309; x_wconf 72' lang='grc' dir='ltr'><strong>ι</strong></span> <span class='ocrx_word' id='word_1_768' title='bbox 667 5258 754 5320; x_wconf 85' lang='grc' dir='ltr'>Ὦς</span> <span class='ocrx_word' id='word_1_769' title='bbox 776 5258 948 5328; x_wconf 88' lang='grc' dir='ltr'>μικρά</span> <span class='ocrx_word' id='word_1_770' title='bbox 968 5275 1027 5309; x_wconf 83' lang='grc' dir='ltr'><strong>τε</strong></span> <span class='ocrx_word' id='word_1_771' title='bbox 1057 5258 1148 5309; x_wconf 74' lang='grc' dir='ltr'>καὶ</span> <span class='ocrx_word' id='word_1_772' title='bbox 1173 5255 1365 5319; x_wconf 81' lang='grc' dir='ltr'>ἀνάξια</span> <span class='ocrx_word' id='word_1_773' title='bbox 1390 5256 1487 5325; x_wconf 80' lang='grc' dir='ltr'>τῆς</span> <span class='ocrx_word' id='word_1_774' title='bbox 1515 5255 1608 5307; x_wconf 89' lang='grc' dir='ltr'><strong>τοῦ</strong></span> <span class='ocrx_word' id='word_1_775' title='bbox 1636 5255 1843 5325; x_wconf 87' lang='grc' dir='ltr'>ἀνθρώ-</span> 
     </span>
    </p>
   </div>
   <div class='ocr_carea' id='block_1_103' title="bbox 266 5345 1841 5420">
    <p class='ocr_par' dir='ltr' id='par_1_103' title="bbox 266 5345 1841 5420">
     <span class='ocr_line' id='line_1_103' title="bbox 266 5345 1841 5420; baseline -0.004 -17"><span class='ocrx_word' id='word_1_776' title='bbox 266 5368 372 5403; x_wconf 84' lang='grc' dir='ltr'><strong>που</strong></span> <span class='ocrx_word' id='word_1_777' title='bbox 417 5350 785 5420; x_wconf 68' lang='grc' dir='ltr'>μεγαλοφυῖας</span> <span class='ocrx_word' id='word_1_778' title='bbox 829 5351 937 5401; x_wconf 83' lang='grc' dir='ltr'>τῶν</span> <span class='ocrx_word' id='word_1_779' title='bbox 985 5349 1179 5412; x_wconf 80' lang='grc' dir='ltr'>ἔξωθέν</span> <span class='ocrx_word' id='word_1_780' title='bbox 1213 5365 1352 5410; x_wconf 88' lang='grc' dir='ltr'>τινες</span> <span class='ocrx_word' id='word_1_781' title='bbox 1406 5345 1841 5417; x_wconf 78' lang='grc' dir='ltr'>ἐφαντάσθησαν,</span> 
     </span>
    </p>
   </div>
   <div class='ocr_carea' id='block_1_104' title="bbox 266 5438 1837 5513">
    <p class='ocr_par' dir='ltr' id='par_1_104' title="bbox 266 5438 1837 5513">
     <span class='ocr_line' id='line_1_104' title="bbox 266 5438 1837 5513; baseline -0.002 -21"><span class='ocrx_word' id='word_1_782' title='bbox 266 5445 331 5513; x_wconf 78' lang='grc' dir='ltr'><strong>τῇ</strong></span> <span class='ocrx_word' id='word_1_783' title='bbox 369 5441 506 5513; x_wconf 79' lang='grc' dir='ltr'>πρὸς</span> <span class='ocrx_word' id='word_1_784' title='bbox 536 5441 626 5494; x_wconf 82' lang='grc' dir='ltr'>τὸν</span> <span class='ocrx_word' id='word_1_785' title='bbox 659 5443 861 5511; x_wconf 87' lang='grc' dir='ltr'>κόσμον</span> <span class='ocrx_word' id='word_1_786' title='bbox 889 5441 1075 5494; x_wconf 81' lang='grc' dir='ltr'>τοῦτον</span> <span class='ocrx_word' id='word_1_787' title='bbox 1109 5441 1388 5510; x_wconf 84' lang='grc' dir='ltr'>συγκρίσει</span> <span class='ocrx_word' id='word_1_788' title='bbox 1426 5438 1837 5510; x_wconf 77' lang='grc' dir='ltr'>μεγαλύνοντες,</span> 
     </span>
    </p>
   </div>
   <div class='ocr_carea' id='block_1_105' title="bbox 263 5528 1837 5604">
    <p class='ocr_par' dir='ltr' id='par_1_105' title="bbox 263 5528 1837 5604">
     <span class='ocr_line' id='line_1_105' title="bbox 263 5528 1837 5604; baseline -0.002 -18"><span class='ocrx_word' id='word_1_789' title='bbox 263 5534 342 5596; x_wconf 84' lang='grc' dir='ltr'><strong>ὡς</strong></span> <span class='ocrx_word' id='word_1_790' title='bbox 388 5533 664 5603; x_wconf 63' lang='lat' dir='ltr'><strong>(pm-cono</strong></span> <span class='ocrx_word' id='word_1_791' title='bbox 708 5532 1065 5604; x_wconf 81' lang='grc' dir='ltr'>ἀνθρώπινον.</span> <span class='ocrx_word' id='word_1_792' title='bbox 1107 5537 1242 5588; x_wconf 74' lang='grc' dir='ltr'>Φασὶ</span> <span class='ocrx_word' id='word_1_793' title='bbox 1294 5534 1402 5604; x_wconf 75' lang='grc' dir='ltr'><strong>γὰρ</strong></span> <span class='ocrx_word' id='word_1_794' title='bbox 1456 5533 1649 5603; x_wconf 81' lang='grc' dir='ltr'>μικρὸν</span> <span class='ocrx_word' id='word_1_795' title='bbox 1699 5528 1837 5584; x_wconf 83' lang='grc' dir='ltr'>εἶναι</span> 
     </span>
    </p>
   </div>
   <div class='ocr_carea' id='block_1_106' title="bbox 261 5621 1839 5696">
    <p class='ocr_par' dir='ltr' id='par_1_106' title="bbox 261 5621 1839 5696">
     <span class='ocr_line' id='line_1_106' title="bbox 261 5621 1839 5696; baseline -0.004 -16"><span class='ocrx_word' id='word_1_796' title='bbox 261 5626 473 5696; x_wconf 83' lang='grc' dir='ltr'>κόσμον</span> <span class='ocrx_word' id='word_1_797' title='bbox 512 5626 603 5678; x_wconf 84' lang='grc' dir='ltr'>τὸν</span> <span class='ocrx_word' id='word_1_798' title='bbox 633 5626 940 5692; x_wconf 79' lang='grc' dir='ltr'>ἄνθρωπον,</span> <span class='ocrx_word' id='word_1_799' title='bbox 972 5629 1035 5679; x_wconf 81' lang='grc' dir='ltr'>ὲκ</span> <span class='ocrx_word' id='word_1_800' title='bbox 1067 5627 1172 5678; x_wconf 81' lang='grc' dir='ltr'>τῶν</span> <span class='ocrx_word' id='word_1_801' title='bbox 1208 5625 1384 5679; x_wconf 72' lang='grc' dir='ltr'>αὐτῶν</span> <span class='ocrx_word' id='word_1_802' title='bbox 1405 5625 1482 5694; x_wconf 82' lang='grc' dir='ltr'>τῷ</span> <span class='ocrx_word' id='word_1_803' title='bbox 1507 5621 1664 5676; x_wconf 86' lang='grc' dir='ltr'>παντὶ</span> <span class='ocrx_word' id='word_1_804' title='bbox 1699 5640 1839 5675; x_wconf 85' lang='grc' dir='ltr'>στοι-</span> 
     </span>
    </p>
   </div>
   <div class='ocr_carea' id='block_1_107' title="bbox 265 5715 1837 5789">
    <p class='ocr_par' dir='ltr' id='par_1_107' title="bbox 265 5715 1837 5789">
     <span class='ocr_line' id='line_1_107' title="bbox 265 5715 1837 5789; baseline 0 -19"><span class='ocrx_word' id='word_1_805' title='bbox 265 5718 432 5789; x_wconf 76' lang='grc' dir='ltr'>χείων</span> <span class='ocrx_word' id='word_1_806' title='bbox 462 5718 849 5786; x_wconf 80' lang='grc' dir='ltr'>συνεστηκότα.</span> <span class='ocrx_word' id='word_1_807' title='bbox 885 5720 944 5772; x_wconf 83' lang='lat' dir='ltr'><strong>Ol</strong></span> <span class='ocrx_word' id='word_1_808' title='bbox 975 5718 1080 5788; x_wconf 79' lang='grc' dir='ltr'>γὰρ</span> <span class='ocrx_word' id='word_1_809' title='bbox 1112 5717 1188 5788; x_wconf 81' lang='grc' dir='ltr'>τῷ</span> <span class='ocrx_word' id='word_1_810' title='bbox 1224 5718 1419 5788; x_wconf 77' lang='grc' dir='ltr'>κόμπῳ</span> <span class='ocrx_word' id='word_1_811' title='bbox 1451 5715 1545 5770; x_wconf 88' lang='grc' dir='ltr'><strong>τοῦ</strong></span> <span class='ocrx_word' id='word_1_812' title='bbox 1575 5715 1837 5787; x_wconf 76' lang='grc' dir='ltr'>ὀνόματος</span> 
     </span>
    </p>
   </div>
   <div class='ocr_carea' id='block_1_108' title="bbox 352 5893 754 5963">
    <p class='ocr_par' dir='ltr' id='par_1_108' title="bbox 352 5893 754 5963">
     <span class='ocr_line' id='line_1_108' title="bbox 352 5893 754 5963; baseline 0.002 -13"><span class='ocrx_word' id='word_1_813' title='bbox 352 5895 400 5929; x_wconf 69' lang='grc'><strong><em>⁸³</em></strong></span> <span class='ocrx_word' id='word_1_814' title='bbox 428 5893 565 5951; x_wconf 81' lang='lat' dir='ltr'><strong>Gen.</strong></span> <span class='ocrx_word' id='word_1_815' title='bbox 599 5911 634 5963; x_wconf 85' lang='grc' dir='ltr'><strong>ι,</strong></span> <span class='ocrx_word' id='word_1_816' title='bbox 667 5897 754 5951; x_wconf 74' lang='grc'><strong>26.</strong></span> 
     </span>
    </p>
   </div>
   <div class='ocr_carea' id='block_1_109' title="bbox 1943 5257 3506 5327">
    <p class='ocr_par' dir='ltr' id='par_1_109' title="bbox 1943 5257 3506 5327">
     <span class='ocr_line' id='line_1_109' title="bbox 1943 5257 3506 5327; baseline -0.003 -14"><span class='ocrx_word' id='word_1_817' title='bbox 1943 5261 2295 5327; x_wconf 86' lang='lat' dir='ltr'><strong>tudinemque</strong></span> <span class='ocrx_word' id='word_1_818' title='bbox 2335 5259 2507 5313; x_wconf 89' lang='lat' dir='ltr'><strong>nostri</strong></span> <span class='ocrx_word' id='word_1_819' title='bbox 2531 5258 2597 5311; x_wconf 75' lang='lat'><strong>“.</strong></span> <span class='ocrx_word' id='word_1_820' title='bbox 2638 5277 2656 5309; x_wconf 69' lang='grc' dir='ltr'><strong>ι</strong></span> <span class='ocrx_word' id='word_1_821' title='bbox 2692 5257 2866 5312; x_wconf 88' lang='lat' dir='ltr'><strong>Fuere</strong></span> <span class='ocrx_word' id='word_1_822' title='bbox 2904 5259 3155 5311; x_wconf 90' lang='lat' dir='ltr'><strong>nonnulli</strong></span> <span class='ocrx_word' id='word_1_823' title='bbox 3201 5257 3506 5326; x_wconf 86' lang='lat' dir='ltr'><strong>philosophi</strong></span> 
     </span>
    </p>
   </div>
   <div class='ocr_carea' id='block_1_110' title="bbox 1941 5350 3506 5420">
    <p class='ocr_par' dir='ltr' id='par_1_110' title="bbox 1941 5350 3506 5420">
     <span class='ocr_line' id='line_1_110' title="bbox 1941 5350 3506 5420; baseline -0.003 -13"><span class='ocrx_word' id='word_1_824' title='bbox 1941 5355 2133 5416; x_wconf 88' lang='lat' dir='ltr'><strong>exteri,</strong></span> <span class='ocrx_word' id='word_1_825' title='bbox 2165 5352 2257 5420; x_wconf 86' lang='lat' dir='ltr'><strong>qui</strong></span> <span class='ocrx_word' id='word_1_826' title='bbox 2294 5367 2352 5404; x_wconf 90' lang='lat' dir='ltr'><strong>se</strong></span> <span class='ocrx_word' id='word_1_827' title='bbox 2377 5350 2650 5404; x_wconf 89' lang='lat' dir='ltr'><strong>hominem</strong></span> <span class='ocrx_word' id='word_1_828' title='bbox 2681 5365 2780 5405; x_wconf 86' lang='lat' dir='ltr'><strong>sua</strong></span> <span class='ocrx_word' id='word_1_829' title='bbox 2823 5350 3041 5420; x_wconf 89' lang='lat' dir='ltr'><strong>quidem</strong></span> <span class='ocrx_word' id='word_1_830' title='bbox 3075 5350 3337 5420; x_wconf 84' lang='lat' dir='ltr'><strong>Opinione</strong></span> <span class='ocrx_word' id='word_1_831' title='bbox 3376 5364 3506 5417; x_wconf 76' lang='lat' dir='ltr'><strong>prte-</strong></span> 
     </span>
    </p>
   </div>
   <div class='ocr_carea' id='block_1_111' title="bbox 1946 5439 3504 5511">
    <p class='ocr_par' dir='ltr' id='par_1_111' title="bbox 1946 5439 3504 5511">
     <span class='ocr_line' id='line_1_111' title="bbox 1946 5439 3504 5511; baseline -0.003 -13"><span class='ocrx_word' id='word_1_832' title='bbox 1946 5444 2223 5498; x_wconf 88' lang='lat' dir='ltr'><strong>dicaturos</strong></span> <span class='ocrx_word' id='word_1_833' title='bbox 2256 5443 2452 5496; x_wconf 77' lang='lat' dir='ltr'><strong>eximie</strong></span> <span class='ocrx_word' id='word_1_834' title='bbox 2485 5443 2767 5511; x_wconf 83' lang='lat' dir='ltr'><strong>putabant,</strong></span> <span class='ocrx_word' id='word_1_835' title='bbox 2795 5441 2841 5496; x_wconf 90' lang='lat' dir='ltr'><strong>si</strong></span> <span class='ocrx_word' id='word_1_836' title='bbox 2877 5456 2998 5494; x_wconf 92' lang='lat' dir='ltr'><strong>eum</strong></span> <span class='ocrx_word' id='word_1_837' title='bbox 3032 5440 3096 5492; x_wconf 88' lang='lat' dir='ltr'><strong>ad</strong></span> <span class='ocrx_word' id='word_1_838' title='bbox 3129 5439 3313 5494; x_wconf 81' lang='lat' dir='ltr'><strong>mundi</strong></span> <span class='ocrx_word' id='word_1_839' title='bbox 3345 5439 3504 5507; x_wconf 82' lang='lat' dir='ltr'><strong>hujus</strong></span> 
     </span>
    </p>
   </div>
   <div class='ocr_carea' id='block_1_112' title="bbox 1945 5531 3502 5601">
    <p class='ocr_par' dir='ltr' id='par_1_112' title="bbox 1945 5531 3502 5601">
     <span class='ocr_line' id='line_1_112' title="bbox 1945 5531 3502 5601; baseline -0.003 -12"><span class='ocrx_word' id='word_1_840' title='bbox 1945 5535 2252 5589; x_wconf 88' lang='lat' dir='ltr'><strong>machinam</strong></span> <span class='ocrx_word' id='word_1_841' title='bbox 2312 5532 2623 5588; x_wconf 80' lang='lat' dir='ltr'><strong>conferrent</strong></span> <span class='ocrx_word' id='word_1_842' title='bbox 2668 5553 2682 5587; x_wconf 88' lang='lat'><strong>:</strong></span> <span class='ocrx_word' id='word_1_843' title='bbox 2733 5549 2857 5586; x_wconf 91' lang='lat' dir='ltr'><strong>cum</strong></span> <span class='ocrx_word' id='word_1_844' title='bbox 2905 5533 3072 5586; x_wconf 90' lang='lat' dir='ltr'><strong>nimis</strong></span> <span class='ocrx_word' id='word_1_845' title='bbox 3124 5531 3320 5594; x_wconf 79' lang='lat' dir='ltr'><strong>exilia,</strong></span> <span class='ocrx_word' id='word_1_846' title='bbox 3363 5547 3502 5601; x_wconf 80' lang='lat' dir='ltr'><strong>prae-</strong></span> 
     </span>
    </p>
   </div>
   <div class='ocr_carea' id='block_1_113' title="bbox 1945 5620 3505 5692">
    <p class='ocr_par' dir='ltr' id='par_1_113' title="bbox 1945 5620 3505 5692">
     <span class='ocr_line' id='line_1_113' title="bbox 1945 5620 3505 5692; baseline -0.004 -11"><span class='ocrx_word' id='word_1_847' title='bbox 1945 5625 2389 5692; x_wconf 87' lang='lat' dir='ltr'><strong>stantissimaque</strong></span> <span class='ocrx_word' id='word_1_848' title='bbox 2420 5623 2658 5679; x_wconf 90' lang='lat' dir='ltr'><strong>hominis</strong></span> <span class='ocrx_word' id='word_1_849' title='bbox 2698 5623 3017 5679; x_wconf 79' lang='lat' dir='ltr'><strong>excellentia</strong></span> <span class='ocrx_word' id='word_1_850' title='bbox 3049 5620 3271 5690; x_wconf 75' lang='lat' dir='ltr'><strong>indigna</strong></span> <span class='ocrx_word' id='word_1_851' title='bbox 3313 5623 3505 5691; x_wconf 77' lang='lat' dir='ltr'><strong>imagi-</strong></span> 
     </span>
    </p>
   </div>
   <div class='ocr_carea' id='block_1_114' title="bbox 1947 5711 3502 5785">
    <p class='ocr_par' dir='ltr' id='par_1_114' title="bbox 1947 5711 3502 5785">
     <span class='ocr_line' id='line_1_114' title="bbox 1947 5711 3502 5785; baseline -0.005 -12"><span class='ocrx_word' id='word_1_852' title='bbox 1947 5724 2226 5774; x_wconf 84' lang='lat' dir='ltr'><strong>narentur.</strong></span> <span class='ocrx_word' id='word_1_853' title='bbox 2265 5715 2496 5771; x_wconf 85' lang='lat' dir='ltr'><strong>Aiebant</strong></span> <span class='ocrx_word' id='word_1_854' title='bbox 2534 5716 2678 5772; x_wconf 91' lang='lat' dir='ltr'><strong>enim</strong></span> <span class='ocrx_word' id='word_1_855' title='bbox 2726 5715 2998 5771; x_wconf 88' lang='lat' dir='ltr'><strong>hominem</strong></span> <span class='ocrx_word' id='word_1_856' title='bbox 3048 5711 3502 5785; x_wconf 53' lang='lat' dir='ltr'><strong>parvum‘quem-</strong></span> 
     </span>
    </p>
   </div>
  </div>
