3996 6470
531 421 632 478 I79

1793 433 1849 490 S.
1892 435 2222 493 GREGOBII
2257 438 2554 496 NYSSENI
2601 509 2606 516 _

3673 433 3764 488 180

529 535 653 590 dam
685 535 946 590 mundum
970 551 1111 602 esse,
1137 537 1226 608 qui
1251 555 1316 594 ex
1345 540 1626 600 elementis
1649 545 1862 612 iisdem,
1889 551 2088 620 quibus

2198 555 2426 610 τοιοῦτον
2473 555 2689 609 ἔπαινον
2727 557 2795 625 τῇ
2841 553 3156 624 ἀνθρωπίνῃ
3186 551 3540 624 χαριζόμενοι
3573 549 3760 618 φύσει,

530 641 712 682 rerum
771 629 1136 696 universitas,
1199 635 1541 702 compositus
1584 647 1748 692 esset.
1807 639 2099 710 Splendido

531 719 634 772 isto
663 721 880 772 nomine
913 735 1034 774 cum
1075 735 1328 792 magnam
1377 733 1588 780 natura:
1615 729 1852 785 hominis
1883 732 2096 786 laudem

527 810 768 864 tribuere
833 811 1048 874 vellent,
1105 814 1430 882 ignorabant
1496 833 1556 870 se
1615 818 1766 872 illum
1819 837 1929 876 non
1977 823 2098 877 aliis

526 917 690 970 quam
724 919 844 971 quae
865 904 911 956 ei
941 913 1139 958 etcum
1172 907 1348 962 culice
1370 915 1424 962 et
1452 925 1576 962 cum
1609 927 1762 966 mure
1788 915 2098 967 communia

525 1003 728 1058 essent,
777 997 1114 1052 ornamentis
1159 999 1546 1056 condecorare.
1597 1002 1730 1056 Nam
1777 1011 1830 1057 et
1877 1005 1990 1059 haac
2029 1021 2093 1060 ex

523 1094 759 1154 quatuor
783 1087 1174 1142 elementorum
1208 1097 1642 1160 temperamento
1669 1103 1944 1160 constant,
1969 1113 2094 1152 cum

523 1176 710 1230 multa:
741 1193 810 1230 an
850 1179 1058 1248 exiguae
1099 1181 1208 1234 sint
1241 1183 1296 1235 in
1334 1199 1392 1238 re
1431 1185 1672 1252 qualibet
1701 1187 2094 1243 elementorum

523 1276 732 1336 partes,
769 1283 836 1322 ex
875 1271 1318 1326 consideratione
1345 1275 1707 1330 animalornm
1739 1279 2090 1349 intelligatur.

521 1358 786 1415 Constare
815 1362 961 1416 enim
997 1378 1104 1416 non
1141 1373 1320 1433 potest
1363 1375 1514 1420 extra
1552 1385 1714 1436 quam
1743 1387 1807 1424 ex
1853 1373 2094 1426 elernen-

521 1451 616 1513 tis,
653 1451 798 1520 quod
846 1469 1008 1508 sensu
1058 1457 1128 1510 sit
1162 1457 1466 1524 praaditum.
1506 1459 1662 1525 Quod
1709 1478 1836 1532 ergo
1875 1473 1958 1518 est
1987 1479 2097 1518 am-

519 1543 670 1612 plum
727 1545 781 1597 in
838 1561 941 1607 eo.
1000 1549 1044 1602 si
1099 1550 1332 1602 maxime
1391 1551 1666 1607 hominem
1719 1555 2094 1612 existimemus

520 1651 836 1705 expressam
895 1641 1082 1694 mundi
1141 1653 1192 1696 et
1238 1643 1526 1712 imaginem
1575 1655 1628 1700 et
1673 1647 2086 1702 similitudinem

519 1729 686 1780 esse?
745 1743 868 1782 cum
929 1730 1168 1784 futurum
1217 1733 1324 1794 sit,
1379 1740 1438 1786 ut
1485 1735 1687 1802 pariter
1737 1737 1934 1790 caelum
1985 1737 2092 1792 hoc

519 1815 778 1878 volubile,
817 1826 962 1872 terra
991 1819 1394 1875 mutationibus
1425 1821 1680 1888 obnoxia,
1709 1833 1906 1879 cuncta
1937 1825 2092 1880 deni-

2201 645 2482 716 λελήθασιν
2528 644 2750 707 ἑαυτοὺς
2801 645 2916 706 τοῖς
2957 645 3084 712 περὶ
3133 644 3224 694 τὸν
3271 639 3512 693 κώνωπα
3544 639 3640 692 καὶ
3677 639 3763 690 τόν

2203 739 2308 808 μῦν
2359 738 2610 806 ίδιώμασι
2663 735 3104 806 σεμνοποιοῦντες
3159 734 3248 786 τὸν
3299 733 3604 803 ἄνθρωπον.
3661 731 3764 784 Καὶ

2197 833 2306 900 γὰρ
2340 829 2610 900 κάκείνοις
2657 831 2721 880 ὲκ
2773 826 2880 880 τῶν
2920 825 3198 895 τεσσάρων
3247 823 3453 876 τούτων
3499 823 3532 889 ἡ
3576 819 3762 891 κρᾶσίς

2199 924 2341 984 ἐστι,
2395 923 2526 974 διότι
2571 921 2788 981 πάντως
2825 917 3053 971 ἑκάστου
3093 917 3200 968 τῶν
3227 915 3392 968 όντων
3425 915 3457 984 ἢ
3499 913 3696 966 πλείων
3727 913 3758 982 ἢ

2201 1012 2434 1065 ἐλάττων
2481 1028 2564 1072 τις
2609 1013 2768 1080 μοῖρα
2807 1009 2936 1079 περὶ
2982 1008 3042 1060 τὸ
3072 1006 3310 1076 ἔμψυχον
3349 1004 3654 1074 θεωρεῖται,
3692 995 3763 1055 ὧν

2199 1105 2326 1160 ἄνευ
2361 1103 2619 1174 συστῆναι
2665 1121 2717 1156 τι
2747 1103 2852 1156 τῶν
2885 1101 3190 1172 αἰσθήσεως
3226 1097 3582 1168 μετεχόντων,
3607 1097 3762 1165 φύσιν

2197 1197 2296 1250 οὐκ
2345 1195 2477 1266 ἔχει.
2536 1197 2600 1248 Τί
2647 1193 2740 1250 οὖν
2785 1195 2958 1265 μέγα,
3021 1193 3226 1262 κόσμου
3287 1189 3616 1260 χαρακτῆρα
3671 1188 3764 1242 καὶ

2198 1287 2444 1356 ὁμοίωμα
2483 1287 2798 1357 νομισθῆναι
2829 1286 2919 1338 τὸν
2949 1283 3267 1354 ἄνθρωπον;
3298 1279 3528 1349 ούρανοῦ
3551 1277 3646 1332 τοῦ
3673 1295 3764 1331 πε·-

2200 1376 2547 1448 ριερχομένου
2567 1417 2581 1442 ,
2612 1377 2714 1445 γῆς
2743 1377 2842 1446 τῆς
2889 1372 3297 1442 ἀλλοιουμένης,
3331 1371 3546 1422 πάντων
3575 1369 3682 1422 τῶν
3707 1370 3764 1422 ὲν

2196 1469 2401 1531 τούτοις
2423 1468 2931 1539 περικρατουμένων
2951 1469 3014 1536 τῇ
3049 1463 3266 1535 παρόδῳ
3291 1463 3382 1516 τοῦ
3417 1461 3758 1532 περιέχοντος

2199 1557 2760 1630 συμπαρερχομένωνς
2822 1556 2958 1608 Ἀλλ’
3012 1557 3068 1608 ἐν
3116 1554 3221 1606 τίνι
3267 1551 3410 1606 κατά
3451 1553 3540 1604 τὸν
3571 1551 3764 1622 ἐκκλη-

2198 1649 2468 1701 σιαστικὸν
2507 1649 2662 1716 λόγον
2701 1649 2761 1700 τὸ
2801 1647 3136 1718 ἀνθρώπινον
3177 1643 3440 1716 μέγεθος-ς
3474 1643 3588 1697 Οὐκ
3617 1645 3674 1695 ἐν
3697 1645 3760 1713 τῇ

2198 1739 2334 1809 πρὸς
2363 1740 2451 1792 τὸν
2485 1739 2698 1791 κτιστὸν
2734 1739 2936 1810 κόσμον
2965 1737 3261 1808 ὁμοιότητι,
3293 1733 3407 1788 ἀλλ’
3447 1736 3504 1787 ὲν
3531 1733 3608 1804 τῷ
3645 1735 3762 1786 κατ’

2197 1830 2378 1882 εἰκόνα
2414 1830 2662 1898 γενέσθαι
2693 1831 2789 1900 τῆς
2820 1827 2911 1882 τοῦ
2951 1830 3236 1892 κτίσαντος
3269 1828 3504 1896 φύσεως.
3549 1828 3642 1890 Τίς
3675 1823 3764 1880 οὖν

521 1923 628 1976 que
683 1909 766 1961 bis
827 1911 1240 1979 comprehensa,
1289 1927 1413 1966 cum
1465 1929 1530 1968 eo
1582 1915 1701 1984 ipso
1739 1917 1882 1986 quod
1927 1919 2096 1972 ambit

2198 1923 2222 1974 ό
2253 1923 2352 1992 τῆς
2393 1896 2596 1984 είκόνος
2635 1896 2820 1990 λόγος
2857 1922 2985 1984 ἴσως
3029 1923 3172 1990 ἐρεῖς
3193 1937 3206 1951 ·
3241 1920 3358 1984 πῶς
3388 1919 3664 1989 ὡμοίωται
3689 1917 3763 1986 τῷ

521 2000 795 2067 universa,
828 2001 1116 2058 intereant.
1149 2004 1321 2070 Quam
1349 2015 1550 2070 autem,
1587 2009 1819 2078 inquies,
1847 2011 2095 2065 doctrina

517 2091 776 2148 Ecclesia:
813 2097 1176 2164 praestantiam
1205 2099 1410 2154 homini
1439 2103 1669 2156 tribuit?
1697 2102 1823 2157 Eam
1859 2106 2090 2171 scilicet,

521 2199 642 2252 qua:
693 2187 748 2238 in
783 2187 1142 2242 similitudine
1183 2192 1370 2244 mundi
1411 2192 1574 2262 hujus
1609 2196 1778 2249 creati
1823 2211 1932 2250 non
1971 2212 2097 2250 con-

522 2277 692 2338 sistit,
753 2278 846 2331 sed
901 2279 1049 2347 quod
1109 2283 1276 2336 tradit
1339 2285 1612 2339 hominem
1675 2287 1740 2340 ad
1803 2289 2096 2356 imaginem

521 2379 736 2422 natura:
761 2367 1038 2426 Creatoris
1061 2387 1183 2428 esse
1207 2373 1428 2429 factum.
1459 2377 1527 2429 At
1550 2377 1698 2433 dices
1732 2379 1886 2445 forte,
1906 2379 2097 2450 Ecqua

521 2460 710 2514 isthaec
737 2471 821 2516 est
847 2464 1102 2532 imaginis
1132 2467 1307 2520 ratio?
1331 2483 1440 2537 quo
1475 2477 1637 2538 pacto
1671 2471 1874 2527 referre
1893 2483 2098 2530 natura:

521 2566 752 2622 corpore
787 2557 1025 2610 carentis
1057 2558 1346 2627 imaginem
1373 2569 1568 2629 potest.
1603 2564 1745 2632 quod
1775 2579 2094 2634 corporeum

520 2645 646 2700 est?
701 2646 979 2715 quomodo
1046 2649 1222 2702 simile
1275 2659 1356 2704 est
1418 2659 1623 2706 a-teruo
1672 2655 2098 2722 temporarium?

521 2735 872 2800 immutabili,
901 2739 1042 2804 quod
1073 2743 1474 2794 commutatur?
1501 2744 1668 2798 nullis
1696 2744 1932 2800 obnoxio
1959 2761 2099 2800 mor-

520 2825 610 2882 bis
639 2836 692 2882 et
727 2829 979 2886 interitus
1007 2835 1235 2902 experti,
1261 2835 1403 2903 quod
1427 2837 1632 2892 morbis
1671 2837 1974 2906 subjectum
2007 2849 2092 2894 est

519 2927 574 2972 et
613 2920 840 2976 interit?
875 2939 1009 2989 puro
1039 2924 1174 2988 vitii,
1213 2925 1358 2994 quod
1411 2926 1464 2980 in
1500 2927 1752 2981 vitiorum
1780 2932 1934 2998 quasi
1967 2945 2096 2984 con-

521 3011 775 3064 tubernio
825 3021 930 3074 est,
987 3021 1039 3068 et
1085 3015 1139 3070 in
1190 3016 1272 3070 eis
1321 3017 1626 3071 educatur?
1671 3017 1808 3073 Nam
1869 3021 2096 3076 interest

521 3103 848 3172 permultum
885 3106 1028 3158 inter
1067 3105 1116 3158 id
1166 3106 1310 3172 quod
1351 3107 1538 3162 formae
1581 3109 1814 3178 principi
1867 3125 2096 3181 respon-

2198 2013 2408 2084 σώματι
2433 2015 2495 2066 τὸ
2525 2012 2844 2082 ἀσώματον;
2871 2013 2987 2076 πῶς
3013 2011 3091 2082 τῷ
3125 2012 3280 2082 ἀϊδίῳ
3315 2011 3373 2064 τὸ
3403 2011 3760 2081 πρόσκαιρονς

2195 2103 2272 2174 τῷ
2329 2103 2670 2173 ἀναλλοιώτῳ
2721 2103 2802 2156 τὸ·
2837 2103 2924 2156 διὰ
2971 2103 3180 2174 τροπῆς
3231 2101 3636 2172 ἀλλοιούμενον;
3687 2100 3764 2172 τῷ

2195 2195 2396 2248 ἀπαθεῖ
2419 2213 2486 2262 {re
2517 2196 2610 2248 καὶ
2657 2195 2916 2265 ἀφθάρτῳ
2960 2195 3020 2246 τὸ
3063 2192 3308 2264 ἐμπαθὲς
3341 2193 3432 2245 καὶ
3479 2190 3765 2262 φθειρόμε-

2196 2302 2317 2350 νον;
2349 2284 2428 2353 τῷ
2467 2286 2658 2355 ἀμιγεῖ
2685 2284 2864 2354 πάσης
2897 2282 3095 2346 κακίας
3131 2284 3192 2336 τὸ
3223 2283 3452 2335 πάντοτε
3487 2280 3760 2334 σνδνοικοῦν

2193 2377 2363 2448 ταύτῃ
2403 2376 2496 2428 καὶ
2531 2376 2985 2446 συντρεφόμενονς
3021 2373 3159 2427 Πολὺ
3191 2373 3300 2445 γὰρ
3335 2374 3396 2427 τὸ
3427 2375 3592 2444 μέσον
3617 2374 3761 2436 ἔστι.

2195 2466 2288 2520 τοῦ
2329 2484 2387 2519 τε
2428 2466 2569 2520 κατά
2600 2467 2659 2519 τὸ
2695 2467 3001 2537 ἀρχέτυπον
3031 2466 3317 2536 νοουμένου
3339 2505 3353 2529 ,
3399 2465 3492 2518 καὶ
3520 2464 3612 2518 τοῦ
3643 2465 3760 2518 κατ’

2197 2560 2377 2612 εἰκόνα
2403 2557 2789 2626 γεγενημένου.
2835 2556 2899 2610 Ἡ
2925 2557 3034 2626 γάρ
3063 2555 3246 2620 εἰκὼν,
3286 2557 3333 2607 εί
3375 2555 3474 2624 μὲν
3521 2553 3633 2624 ἔχει
3665 2551 3762 2624 τὴν

2195 2653 2330 2723 πρὸς
2369 2651 2428 2702 τὸ
2460 2649 2810 2722 πρωτότυπον
2849 2649 3140 2718 ὁμοιότητα
3161 2688 3176 2710 ,
3213 2647 3414 2717 κυρίως
3445 2645 3604 2698 τοῦτο
3627 2663 3760 2698 κατ-

2194 2743 2532 2812 ονομάςεται.
2582 2741 2644 2792 El
2673 2739 2731 2792 δὲ
2777 2739 3134 2810 παρενεχθείη
3173 2739 3267 2791 τοῦ
3317 2737 3679 2810 προκειμένου
3723 2741 3758 2809 ή

2199 2830 2428 2901 μίμησις
2447 2869 2462 2892 ,
2496 2828 2621 2884 ἄλλο
2653 2847 2726 2891 τι,
2758 2830 2853 2882 καὶ
2881 2829 2979 2882 οὐκ
3019 2828 3180 2882 εἰκὼν
3205 2829 3411 2882 ἐκείνου
3437 2830 3498 2882 τὸ
3527 2829 3761 2882 τοιοῦτόν

2195 2925 2328 2974 ἐστι.
2388 2920 2512 2984 Πῶς
2555 2915 2648 2973 οὖν
2693 2921 2722 2971 ὁ
2766 2918 3044 2988 ἄνθρωπος
3101 2919 3160 2974 τὸ
3213 2919 3404 2990 θνητὸν
3458 2919 3617 2973 τοῦτο
3673 2921 3763 2974 καὶ

2193 3014 2435 3086 ἐμπαθὲς
2479 3015 2574 3067 καὶ
2599 3012 2914 3083 ὠκύμορον,
2945 3013 3042 3082 τῆς
3077 3012 3354 3084 ἀκηράτου
3395 3013 3488 3064 καὶ
3515 3011 3762 3084 καθαρᾶς

2195 3107 2288 3160 καὶ
2320 3106 2408 3160 ἀεὶ
2439 3105 2602 3176 οὔσης
2646 3103 2857 3173 φύσεώς
2890 3107 3037 3157 ἐστιν
3077 3103 3274 3170 εἰκών;
3327 3103 3486 3156 Ἀλλὰ
3535 3104 3626 3156 τὸν
3663 3104 3762 3174 μὲν

519 3196 648 3249 dere
673 3195 1050 3266 intelligimus,
1081 3207 1134 3251 et
1162 3197 1308 3267 quod
1339 3197 1406 3253 ad
1437 3201 1725 3268 imaginem
1763 3200 1963 3256 factum
1987 3211 2090 3258 est.

2198 3197 2367 3267 ἀληθῆ
2405 3197 2532 3266 περὶ
2575 3195 2762 3248 τούτου
2809 3195 2964 3262 λόγον
3018 3195 3150 3264 μόνη
3200 3195 3265 3248 ἂν
3312 3195 3474 3264 εἰδείη
3511 3196 3696 3263 σαφῶς
3729 3195 3762 3262 ἡ

520 3285 704 3358 Imago
753 3290 919 3352 enim,
979 3289 1026 3342 si
1089 3291 1350 3360 principis
1393 3294 1626 3362 exempli
1683 3295 2094 3351 similitudinem

521 3375 705 3439 refert,
737 3393 866 3432 vere
905 3379 1084 3449 imago
1124 3381 1329 3434 dicitur
1357 3399 1371 3446 ;
1415 3383 1497 3436 sin
1546 3385 1613 3436 ab
1643 3399 1710 3438 eo
1739 3386 1884 3454 quod
1916 3387 2099 3456 expri-

523 3470 776 3523 mendum
815 3479 954 3534 erat,
1001 3471 1232 3527 imitatio
1271 3473 1494 3540 recedit,
1543 3493 1648 3530 non
1679 3477 1790 3546 jam
1821 3479 1941 3548 ejus
1979 3496 2100 3535 esse

523 3559 703 3630 imago
741 3561 1042 3630 putandum
1075 3563 1178 3618 hoc
1216 3565 1342 3630 erit,
1379 3565 1474 3622 sed
1504 3567 1779 3622 diversum
1817 3572 2096 3640 quiddam.

520 3649 642 3716 Quo
691 3659 854 3721 pacto
903 3653 1068 3722 igitur
1127 3655 1311 3718 homo,
1355 3657 1448 3726 qui
1503 3666 1557 3711 et
1611 3659 1858 3715 mortalis
1899 3670 2002 3725 est,
2044 3668 2100 3716 et

523 3744 728 3799 morbis
786 3747 1072 3812 obnoxius,
1134 3755 1188 3801 et
1239 3749 1362 3803 vitae
1413 3749 1634 3806 brevis:
1670 3752 1758 3806 hic
1813 3769 1941 3824 ergo
1987 3770 2098 3824 quo

521 3845 684 3904 pacto
705 3845 914 3893 naturae
941 3839 1295 3911 incorruptae,
1328 3857 1502 3912 pura),
1530 3851 1748 3898 aeternae
1772 3843 1950 3915 imago
1977 3847 2100 3900 est?

527 3925 819 3984 Enimvero
868 3929 1000 3998 quid
1041 3931 1143 3985 hac
1191 3932 1244 3985 in
1283 3941 1436 4004 parte
1489 3936 1726 3990 maxime
1767 3935 1994 3991 veritati
2027 3937 2098 3994 sit

523 4030 974 4087 consentaneum,
1029 4025 1142 4078 sola
1193 4025 1336 4080 haud
1389 4028 1552 4084 dubie
1579 4030 1793 4085 Veritas
1844 4042 2097 4086 accurate

521 4109 692 4164 novit.
731 4087 846 4164 'Nos
871 4111 1204 4180 conjecturis
1235 4115 1562 4182 quibusdam
1599 4125 1652 4170 et
1675 4117 2097 4187 cogitationibus

525 4202 692 4254 animi
721 4203 1004 4258 veritatem
1047 4205 1457 4276 investigantes,
1495 4215 1756 4277 quantum
1789 4210 1984 4280 ingenii
2015 4210 2096 4264 vis

525 4307 717 4362 capere
747 4305 940 4364 potest,
967 4296 1281 4365 hujusmodi
1311 4297 1568 4367 quiddam
1589 4299 1656 4354 de
1675 4297 1778 4354 h'oc
1798 4301 2093 4356 credimus.

524 4383 658 4436 Nam
696 4393 750 4440 et
791 4385 1034 4440 divinum
1065 4387 1368 4452 oraculum,
1405 4401 1513 4456 quo
1549 4387 1821 4456 proditum
1852 4396 1957 4452 est,
1995 4390 2096 4442 ho-

527 4479 726 4530 minem
759 4478 828 4530 ad
867 4477 962 4531 Dei
997 4477 1286 4548 imaginem
1322 4479 1546 4542 factum,
1581 4477 1777 4534 falsum
1825 4495 1934 4532 non
1972 4495 2096 4534 esse

2197 3288 2364 3350 ὅντως
2409 3285 2868 3357 Ἀλήθεια.Ἦμεῖς
2902 3286 2956 3339 δὲ
3003 3285 3124 3339 καθ’
3145 3286 3268 3340 ὅσον
3298 3286 3602 3358 χωρῶμεν.
3639 3301 3762 3338 στο-

2199 3380 2424 3448 χασμοῖς
2461 3395 2570 3430 τισι
2607 3379 2700 3431 καὶ
2729 3377 3001 3442 ὑπονοίαις
3041 3379 3100 3430 τὸ
3139 3377 3334 3448 ἀληθὲς
3358 3377 3762 3448 ἀνιχνεύοντες,

2197 3469 2368 3523 ταῦτα
2393 3469 2520 3539 περὶ
2555 3470 2662 3522 τῶν
2693 3469 3034 3540 ζητουμένων
3068 3469 3544 3540 ὑπολαμᾱίινομεν.
3577 3468 3714 3522 Οὔτε
3735 3469 3766 3522 ό

2200 3561 2338 3625 θεῖος
2371 3561 2623 3630 ψεύδεται
2664 3561 2850 3628 λόγος,
2877 3562 2996 3614 κατ’
3027 3563 3208 3615 εἰκόνα
3249 3561 3382 3616 Θεοῦ
3409 3561 3582 3616 εἰπὼν
3603 3577 3764 3628 γεγε-

2199 3652 2390 3721 νῆσθαι
2420 3653 2508 3705 τὸν
2532 3651 2812 3724 ἄνθρωπον
2831 3670 2844 3682 ’
2869 3651 2990 3706 οὕτε
3018 3655 3052 3723 ὴ
3075 3653 3278 3722 ἐλεεινὴ
3300 3651 3398 3722 τῆς
3422 3649 3766 3724 ἀνθρωπίνης

2200 3745 2412 3814 φύσεως
2455 3745 2796 3818 ταλαιπωρία
2843 3749 2908 3818 τῇ
2959 3746 3322 3817 μακαριότητι
3373 3743 3472 3814 τῆς
3523 3741 3768 3805 ἀπαθοῦς

2199 3837 2344 3908 ζωῆς
2370 3838 2769 3909 καθωμοίωται.
2823 3839 3057 3909 Ἀνάγκη
3089 3839 3197 3907 γὰρ
3221 3837 3328 3890 τῶν
3369 3835 3462 3889 δύο
3493 3835 3552 3888 τὸ
3581 3834 3768 3904 ἓτερον

2195 3930 2570 4002 ὁμολογεῖσθαι
2589 3969 2603 3992 ,
2635 3931 2688 3982 εί
2711 3949 2794 3994 τις
2823 3930 3100 4002 συγκρίνοι
3133 3927 3212 3998 τῷ
3238 3927 3356 3998 Θεῷ
3380 3927 3440 3980 τὸ
3467 3925 3768 3995 ἡμέτερον,

2198 4023 2230 4091 ἢ
2269 4021 2506 4094 παθητὸν
2545 4017 2682 4076 εἶναι
2716 4021 2964 4082 τὸΘείον,
3007 4021 3039 4090 ἢ
3073 4018 3280 4081 ἀπαθὲς
3305 4019 3366 4070 τὸ
3397 4015 3768 4088 ἀνθρώπινον,

2197 4115 2272 4178 ὡς
2317 4116 2383 4168 ἂν
2421 4114 2510 4168 διὰ
2535 4114 2642 4166 τῶν
2675 4113 2804 4166 ῐσων
2833 4115 2861 4166 ό
2891 4113 2989 4182 τῆς
3013 4113 3326 4182 ὁμοιότητος
3353 4111 3532 4179 λόγος’
3545 4109 3634 4162 ἐπ’
3659 4110 3764 4178 ἁμ-

2201 4210 2456 4280 φοτέρους
2493 4206 2982 4277 καταλαμϐάνοιτο.
3011 4207 3072 4258 El
3092 4204 3148 4258 δὲ
3169 4203 3291 4257 οὕτε
3321 4205 3382 4256 τὸ
3397 4205 3552 4259 Θεῐον
3585 4203 3770 4271 ἐμπα-

2200 4300 2322 4363 θὲς,
2351 4300 2474 4351 οὔτε
2519 4297 2575 4350 τὸ
2609 4296 2727 4349 καθ’
2764 4297 2911 4365 ἡμᾶς
2952 4295 3056 4360 ἔξω
3099 4294 3299 4356 πάθους
3340 4293 3508 4354 ἐστὶν,
3553 4291 3664 4362 ἄρα
3689 4307 3774 4352 τις

2199 4391 2382 4460 ἕτερος
2419 4387 2800 4442 ὑπολέλειπται
2833 4387 3008 4456 λόγος,
3043 4385 3165 4439 καθ’
3193 4385 3252 4438 ὃν
3279 4383 3564 4456 ἀληθεύειν
3592 4383 3772 4452 φαμὲν

2197 4484 2294 4554 τὴν
2319 4483 2468 4535 θείαν
2503 4480 2710 4552 φωνὴν,
2744 4480 2842 4550 τὴν
2869 4481 2926 4532 ὲν
2963 4479 3129 4532 εἰκόνι
3151 4477 3283 4532 Θεοῦ
3323 4476 3652 4546 γεγενῆσθαι
3681 4475 3776 4526 τὸν

527 4570 821 4622 statuimus
857 4577 950 4624 :et
992 4569 1378 4639 deplorandam
1429 4570 1567 4625 hanc
1613 4578 1820 4626 natura:
1849 4571 2096 4626 humanae

2201 4575 2484 4646 ἄνθρωπον
2535 4573 2814 4641 λέγουσαν.
2876 4561 3309 4640 ούκοῦν²αύτὴν
3359 4567 3776 4638 ἐπαναληπτέον

529 4675 826 4712 aerumnam
867 4660 1110 4714 beatitati
1141 4661 1265 4714 vitae
1291 4661 1495 4716 doloris
1523 4663 1728 4730 experti
1756 4679 2098 4731 nequaquam

531 4753 875 4819 respondere.
911 4753 1006 4806 Est
1028 4753 1170 4808 enim
1207 4768 1450 4814 necesse,
1479 4755 1524 4808 si
1552 4769 1672 4807 cum
1707 4753 1813 4807 Deo
1846 4763 2096 4815 naturam

529 4853 772 4896 nostrain
821 4844 1072 4900 conferre
1111 4847 1361 4910 velimus,
1398 4847 1628 4901 alterum
1671 4847 1738 4900 de
1782 4846 1866 4902 his
1895 4847 2094 4902 fateri:

529 4943 623 4988 aut
683 4935 957 4990 hominem
1031 4938 1196 4991 nullis
1241 4937 1616 4994 affectionibus
1665 4939 1939 4993 morbisve
2001 4937 2100 4991 ob-

531 5027 755 5080 noxium
785 5043 928 5090 esse,
962 5035 1054 5082 aut
1099 5028 1286 5082 eadem
1333 5029 1388 5082 in
1425 5027 1594 5082 Deum
1632 5043 1850 5098 quoque
1879 5029 2094 5086 cadere.

529 5118 834 5188 Caeteroqui
875 5119 1021 5172 nulla
1055 5117 1236 5174 futura
1279 5129 1360 5174 est
1393 5119 1645 5190 imaginis
1695 5121 2012 5186 similitudo,
2052 5121 2098 5176 si

531 5227 638 5265 non
683 5211 798 5265 haec
837 5213 1040 5280 pariter
1063 5213 1276 5282 utrique
1315 5221 1524 5267 natura:
1561 5215 1906 5268 conveniant.
1943 5213 2098 5279 Quod

529 5309 576 5358 si
619 5319 796 5375 neque
831 5305 1014 5360 divina
1063 5314 1255 5358 natura
1304 5305 1428 5362 ullis
1471 5318 1556 5362 est
1595 5306 1972 5360 aﬂ'ectionibus
2000 5308 2098 5360 ob-

529 5397 716 5463 noxia,
739 5415 916 5468 neque
940 5399 1176 5454 humana
1197 5398 1265 5452 ab
1289 5398 1480 5454 iisdem
1513 5399 1770 5454 immunis
1799 5414 1863 5455 ac
1889 5400 2056 5454 libera
2083 5418 2096 5452 :

531 5489 802 5558 reliquam
847 5505 970 5545 esse
1007 5491 1169 5544 aliam
1217 5491 1506 5560 quamdam
1545 5492 1811 5544 rationem
1865 5499 2097 5559 oportet,

534 5582 836 5636 secundum
879 5597 1042 5652 quam
1093 5599 1198 5636 vox
1269 5583 1362 5638 illa
1425 5582 1604 5636 divina
1661 5599 1786 5636 vera
1838 5583 1930 5642 sit.
1984 5597 2103 5650 qua:

535 5683 778 5728 creatum
825 5691 948 5730 esse
987 5676 1257 5730 hominem
1299 5676 1366 5731 ad
1395 5675 1686 5746 imaginem
1723 5674 1816 5732 Dei
1851 5675 2098 5730 aﬂirmat.

539 5765 747 5821 Idcirco
789 5785 980 5824 rursus
1014 5772 1160 5839 ipsas
1190 5769 1428 5824 Litteras
1475 5784 1664 5824 sacras
1703 5769 1984 5832 adeamus,
2033 5783 2102 5822 an

541 5873 607 5936 ne
639 5860 850 5916 illarum
883 5863 1044 5918 verba
1069 5879 1168 5917 nos
1207 5863 1386 5932 aliqua
1419 5861 1556 5918 forte
1591 5863 1800 5917 ratione
1834 5861 1897 5916 ad
1931 5861 2102 5932 expli-

2202 4671 2331 4738 ημῖν
2351 4670 2447 4738 τὴν
2475 4667 2626 4719 θείαν
2653 4665 2893 4737 Γραφὴν,
2917 4665 2970 4718 εί
2990 4683 3073 4728 τις
3093 4665 3200 4736 ἄρα
3220 4663 3428 4732 γένοιτο
3448 4659 3540 4714 διὰ
3557 4660 3667 4712 τῶν
3689 4676 3778 4726 γε·

2200 4761 2532 4832 γραμμένων
2556 4757 2688 4828 πρὸς
2715 4757 2774 4808 τὸ
2806 4755 3134 4826 ζητούμενον
3155 4752 3510 4824 χειραγωγία.
3537 4749 3694 4804 Μετά
3715 4749 3778 4800 τὸ

2201 4854 2394 4914 εἰπεῖν,
2419 4851 2500 4902 ὅτι
2533 4867 2550 4899 ι
2591 4849 2908 4919 Ποιήσωμεν
2933 4847 3216 4916 ἄνθρωπον
3243 4845 3362 4896 κατ’
3389 4841 3592 4902 εἰκόνα,
3625 4859 3646 4892 ι
3680 4839 3778 4891 καὶ

2202 4941 2294 4994 ἐπὶ
2315 4941 2424 4992 τίσι
2450 4941 2786 5009 ποιήσωμεν,
2811 4937 3005 5004 ἐπάγει
3038 4935 3222 4989 τοῦτον
3251 4934 3338 4987 τὸν
3358 4933 3537 5000 λόγον,
3569 4933 3652 4984 ὅτι
3683 4929 3778 4982 καὶ

2201 5033 2454 5103 ἐποίησεν
2479 5035 2506 5086 ὁ
2533 5032 2664 5093 Θεὸς
2691 5030 2780 5083 τὸν
2810 5028 3120 5098 ἄνθρωπον,
3153 5027 3247 5080 καὶ
3281 5027 3400 5078 κατ’
3427 5023 3610 5076 εἰκόνα
3635 5019 3776 5074 Θεοῦ

2198 5125 2450 5193 ἐποίησεν
2495 5123 2674 5176 αὐτόν.
2717 5143 2734 5172 ι
2763 5119 2961 5191 Ἀρσεν
2975 5116 3210 5186 καὶθῆλυ
3227 5111 3480 5182 ἐποίησεν
3499 5111 3722 5172 αὐτούς.
3757 5133 3774 5160 ι

2205 5217 2426 5285 Εἴρηται
2457 5215 2552 5284 μὲν
2577 5209 2668 5266 οὖν
2691 5211 2790 5282 ἤδη
2824 5210 2916 5262 καὶ
2945 5210 3002 5260 ὲν
3031 5209 3141 5269 τοῖς
3161 5202 3468 5274 ἔμπροσθεν
3487 5239 3502 5262 .
3531 5201 3612 5252 ὅτι
3645 5195 3784 5264 πρὸς

2203 5303 2517 5372 καθαίρεσιν
2545 5302 2644 5370 τῆς
2655 5303 2708 5353 αἱ
2716 5298 2935 5368 ρετικῆς
2951 5295 3200 5356 ἀσεϐείας
3221 5297 3248 5346 ὁ
3269 5289 3506 5351 τοιοῦτος
3537 5299 3786 5358 προανα-

2205 5394 2518 5464 πεφώνηται
2563 5392 2736 5460 λόγος,
2773 5391 2858 5458 ἶνα
2904 5387 3239 5457 διδαχθέντες
3285 5385 3366 5436 ὅτι
3417 5379 3646 5448 ἐποίησε
3693 5375 3786 5427 τὸν

2203 5487 2486 5556 ἄνθρωπον
2513 5486 2540 5536 ὀ
2573 5481 2859 5552 μονογενὴς
2883 5479 3012 5541 Θεὸς
3041 5480 3160 5530 κατ’
3186 5477 3368 5528 εἰκόνα
3395 5469 3554 5530 Θεοῦ,
3591 5465 3788 5556 μηδενὶ

2203 5553 2344 5646 λόγῳ
2371 5575 2465 5645 τὴν
2491 5573 2722 5644 θεότητα
2761 5571 2852 5624 τοῦ
2883 5569 3093 5640 Πατρὸς
3131 5566 3224 5619 καὶ
3273 5565 3366 5617 τοῦ
3403 5557 3534 5614 Υἱοῦ
3568 5553 3790 5624 διακρί-

2205 5685 2404 5739 νωμεν,
2460 5665 2650 5735 ἐπίσης
2703 5665 2801 5734 τῆς
2855 5662 3012 5729 ἁγίας
3061 5659 3282 5726 Γραφης
3333 5653 3465 5706 Θεὸν
3519 5649 3788 5739 ἑκάτερον

2205 5737 2596 5830 όνονμαζούσης,
2627 5757 2714 5808 τόν
2749 5772 2808 5808 τε
2857 5751 3186 5822 πεποιηκότα
3215 5749 3302 5802 τὸν
3339 5744 3648 5815 ἄνθρωπον,
3699 5737 3790 5790 καὶ

2207 5849 2265 5908 οὗ
2296 5855 2410 5906 κατ’
2451 5849 2632 5904 εἰκόνα
2671 5848 2908 5918 ἐγένετο.
