3996 6472
254 391 350 445 isi
1503 399 1592 453 DE
1630 397 1909 456 [IOMINIS
1947 396 2256 458 OPIFICIO.
3396 390 3500 449 ἐει

257 505 530 564 ωιίοηοηι
577 510 698 579 ejus
731 515 876 584 quol
926 517 1240 585 quaerimus,
1293 515 1560 573 deducere
1592 521 1823 590 possint.
1888 517 1997 573 lllre
2041 518 2205 588 igitur
2254 497 2378 570 cum
2417 513 2799 585 exposuissent
2839 511 2955 567 haec
2991 509 3084 566 Dei
3116 510 3303 576 verba,
3343 528 3362 562 ι
3393 509 3501 564 Fa-

256 598 468 653 ciamus
498 599 774 657 hominem
817 605 885 660 ad
932 606 1221 677 imaginem
1258 616 1540 664 nostram:
1586 629 1605 662 ι
1644 610 1824 665 addita
1862 612 2026 667 etiam
2068 626 2131 667 ea
2183 610 2533 672 indicatione,
2585 621 2745 677 quem
2778 604 2987 661 scilicet
3030 604 3099 659 ad
3134 603 3295 659 finem
3338 602 3506 656 homo

250 694 526 749 creandos
594 706 759 763 esset,
821 707 934 753 tum
1005 701 1200 756 deinde
1242 702 1555 771 huiusmodi
1595 705 1896 760 oralionem
1946 705 2264 776 subjiciunt:
2313 754 2317 759 ,
2349 703 2537 773 itaque
2565 699 2708 756 Deus
2739 700 3012 755 hominem
3051 698 3315 763 condidit,
3343 704 3398 753 et
3434 694 3503 750 ad

245 784 538 853 imaginem
592 803 716 843 eum
762 788 857 869 Dei
903 793 1209 855 condidit;¢
1229 808 1432 847 marem
1465 803 1519 849 et
1568 795 1823 851 feminam
1860 797 1987 853 fecit
2029 811 2124 851 eos
2168 797 2237 850 ".
2297 817 2317 847 ι
2369 793 2507 848 Illud
2552 792 2771 863 quidem
2821 805 2983 861 supra
3025 798 3111 847 est
3176 790 3501 849 indicatum,

251 876 421 928 verba
466 877 583 933 haec
629 880 893 937 divinitus
933 899 1054 938 esse
1101 887 1327 953 prolata,
1368 888 1434 942 ad
1481 891 1827 945 evertendam
1892 890 2224 960 impietatem
2278 887 2691 949 htereticorum,
2735 899 2873 955 quos
2921 884 3210 937 Anomazos
3258 881 3497 951 appella-

253 966 457 1034 vimus,
508 979 568 1025 ut
617 973 819 1039 edocti,
878 975 1045 1029 Deum
1094 978 1246 1031 illum
1308 981 1599 1050 unigenam
1648 998 1863 1038 creasse
1919 983 2197 1039 hominem
2247 982 2314 1036 ad
2355 979 2447 1034 Dei
2487 980 2817 1050 imaginem,
2850 978 3000 1032 nullo
3030 978 3189 1032 modo
3224 969 3511 1029 PatrisFi-

249 1060 421 1130 liique
452 1063 791 1120 divinitatem
816 1083 1153 1138 separemus,
1177 1073 1394 1142 quando
1425 1072 1641 1127 Litterae
1671 1088 1841 1128 sacrae
1883 1081 2176 1144 utrumque
2211 1071 2491 1142 aequaliter
2537 1068 2709 1124 Deum
2758 1067 3033 1139 appellant
3062 1106 3078 1132 ,
3115 1076 3169 1123 et
3213 1068 3367 1121 illum
3404 1066 3500 1135 qui

255 1152 529 1209 hominem
560 1158 785 1222 creavit,
821 1169 876 1214 et
902 1160 1065 1229 cujus
1100 1161 1167 1215 ad
1198 1163 1491 1233 imaginem
1523 1162 1706 1219 factus
1734 1171 1841 1218 est.

344 1291 483 1343 Ἀλλ’
513 1294 540 1343 6
563 1292 661 1361 μὲν
690 1294 818 1365 περὶ
842 1295 1045 1351 τούτων
1064 1298 1217 1365 λόγος
1239 1298 1502 1367 ἀφείσθω,
1527 1299 1662 1371 πρὸς
1687 1300 1744 1353 δὲ
1770 1299 1832 1353 τὸ

2008 1298 2208 1355 Verum
2248 1298 2510 1368 prolixior
2548 1298 2616 1353 de
2668 1295 2756 1351 his
2799 1296 2973 1350 oratio
3019 1296 3353 1352 instituenda
3396 1313 3508 1353 non

253 1384 616 1454 προκείμενον
647 1386 1036 1456 ὲπιστρεπτέον
1066 1388 1163 1459 τὴν
1202 1390 1457 1460 ζήτησινο
1490 1391 1606 1454 πῶς
1639 1392 1733 1443 καὶ
1768 1391 1831 1444 τὸ

256 1474 400 1528 θεῖον
423 1477 710 1547 μακάριον,
729 1479 821 1531 καὶ
838 1479 1069 1534 ἐλεεινὸν
1085 1481 1146 1534 τὸ
1161 1479 1516 1552 ἀνθρώπινον,
1535 1483 1628 1537 καὶ
1647 1482 1829 1553 ὅμοιον

185 1585 193 1591 ’
255 1568 453 1637 ἐκείνῳ
490 1568 648 1621 τοῦτο
674 1569 826 1641 παρὰ
852 1573 951 1641 τῆς
984 1571 1209 1642 Γραφῆς
1238 1572 1581 1642 ὀνομάζεται.
1622 1572 1828 1626 Οὐκοῦν

255 1658 568 1725 ἐξεταστέον
589 1661 702 1730 μετ’
717 1658 1000 1732 ἀκριϐείας
1022 1663 1095 1715 τὰ
1109 1665 1173 1735 ρή
1183 1680 1344 1730 ματα.
1366 1664 1682 1736 Εὑρήσομεν
1697 1662 1827 1732 γὰρ,

256 1751 342 1802 ὅτι
363 1750 448 1803 ἓτε
459 1768 548 1822 ρον
569 1752 664 1822 μέν
681 1769 733 1805 τι
750 1753 811 1805 τὸ
834 1755 953 1806 κατ’
968 1754 1149 1808 εἰκόνα
1165 1756 1478 1826 γενόμενον,
1497 1756 1681 1828 ἕτερον
1697 1756 1751 1809 δὲ
1768 1757 1829 1809 τὸ

257 1841 354 1895 νῦν
376 1844 433 1896 ὲν
458 1843 797 1915 ταλαιπωρίᾳ
823 1844 1184 1916 δεικνύμενον.
1222 1867 1239 1898 ι
1273 1848 1559 1919 Ἐποίησεν
1587 1851 1615 1902 ό
1632 1848 1783 1914 Θεὸς,
1804 1868 1824 1901 ι

260 1933 417 2003 φησὶ,
457 1952 477 1985 r
514 1934 604 1986 τὸν
654 1934 959 2007 ἄνθρωπον,
1012 1939 1131 1990 κατ’
1164 1939 1347 1992 εἰκόνα
1396 1940 1532 1993 Θεοῦ
1576 1941 1831 2012 ἐποίησεν

260 2025 446 2077 αὐτόν.
484 2043 504 2076 ι
545 2024 708 2088 Τέλος
737 2025 848 2096 ἔχει
880 2028 915 2098 ἡ
955 2029 1047 2081 τοῦ
1096 2030 1214 2083 κατ’
1243 2030 1425 2084 εἰκόνα
1463 2033 1829 2103 γεγενημένου

260 2116 459 2179 κτίσις.
522 2112 655 2171 Εἶτα
709 2118 1043 2189 ἐπανάληψιν
1098 2124 1329 2175 ποιεῖται
1393 2122 1487 2175 τοῦ
1540 2121 1682 2176 κατὰ
1734 2123 1833 2192 τὴν

260 2209 608 2278 κατασκευὴν
653 2209 833 2277 λόγου,
885 2212 977 2264 καί
1021 2229 1208 2282 φησιν,
1267 2231 1286 2264 ι
1340 2215 1536 2285 Ἂρσεν
1569 2215 1663 2266 καὶ
1696 2214 1828 2285 θῆλυ

262 2299 520 2368 ἐποίησεν
552 2300 801 2364 αὐτούς.)
826 2302 995 2358 Παντὶ
1018 2303 1127 2375 γὰρ
1171 2300 1320 2374 οἴμαι
1352 2306 1629 2377 γνώριμον
1671 2301 1829 2371 εἶναι,

263 2393 345 2445 ὃτι
377 2392 483 2456 ἔξω
526 2390 683 2444 τοῦτο
714 2391 807 2445 τοῦ
854 2394 1210 2464 πρωτοτύπου
1256 2398 1483 2463 νοεῖται·
1526 2416 1544 2447 r
1574 2397 1689 2451 ,Ἑν
1727 2395 1836 2466 γὰρ

264 2480 488 2552 Χριστῷ
531 2479 724 2551 Ἰησοῦ,
764 2500 784 2532 ι
828 2481 1008 2546 καθώς
1037 2500 1198 2557 φησιν
1223 2483 1252 2536 ὁ
1287 2485 1625 2548 Ἀπόστολος,
1656 2505 1674 2536 ι
1710 2484 1835 2538 οὔτε

263 2573 434 2644 ἄρρεν
461 2571 585 2624 οὔτε
616 2570 749 2640 θῆλύ
777 2573 942 2627 ἐστιν.
983 2592 1002 2624 ι
1056 2573 1215 2626 Ἀλλὰ
1256 2575 1363 2646 μὴν
1406 2578 1486 2639 είς
1518 2574 1688 2628 ταῦτα
1720 2574 1836 2647 διῃ-

1932 1398 2053 1453 est.
2108 1391 2400 1460 potiusque
2440 1388 2507 1443 ad
2559 1387 2611 1442 id
2651 1400 2760 1457 quo
2815 1386 2882 1441 de
2920 1401 3077 1457 agere
3126 1395 3364 1457 coeptum
3425 1396 3511 1444 est

1932 1490 2313 1544 revertamur,
2371 1478 2727 1549 quamobrem
2781 1476 2996 1531 scilicet
3039 1475 3238 1530 divinae
3300 1485 3511 1532 natura:

1932 1572 2169 1628 similem
2216 1588 2340 1628 esse
2399 1573 2697 1626 humanam
2762 1568 2938 1624 sacris
2997 1567 3069 1623 sit
3117 1567 3338 1623 Litteris
3380 1584 3510 1638 pro-

1930 1666 2103 1721 ditum
2153 1685 2166 1719 :
2216 1680 2340 1718 eum
2396 1665 2510 1718 hac
2574 1661 2819 1733 profecto
2865 1661 2937 1716 sit
2982 1660 3203 1722 misera,
3242 1660 3332 1713 illa
3382 1677 3512 1716 vero

1930 1756 2113 1811 beata.
2148 1757 2337 1824 Itaque
2366 1754 2525 1807 nobis
2568 1758 2823 1807 accurate
2868 1750 3085 1820 singula
3122 1750 3179 1803 in
3219 1749 3384 1804 verba
3427 1760 3510 1806 est

1931 1846 2341 1917 inquirendum.
2380 1829 2736 1899 inveniemus
2788 1842 2935 1896 enim
2987 1841 3135 1895 aliud
3196 1856 3317 1896 eSse
3365 1841 3509 1913 quod

1932 1938 2027 1993 Dei
2057 1938 2345 2007 imaginem
2379 1935 2600 1999 referat,
2637 1935 2705 1989 ab
2752 1949 2818 1990 eo
2844 1932 2990 2003 quod
3028 1933 3130 1986 hac
3162 1934 3216 1988 in
3259 1948 3505 1989 mrnmna

1932 2028 2330 2099 conspicimus.
2362 2046 2382 2078 ι
2415 2025 2567 2082 Fecit
2602 2024 2767 2085 Deus,
2808 2043 2827 2076 ι
2866 2023 3125 2094 inquiunt
3164 2023 3383 2078 Litterae
3423 2039 3512 2078 sa-

1933 2136 2061 2184 crae,
2116 2138 2136 2171 ι
2178 2119 2450 2173 hominem
2494 2136 2508 2172 :
2556 2124 2610 2171 et
2663 2115 2881 2185 quidem
2932 2129 3055 2168 eum
3112 2114 3180 2168 ad
3220 2114 3511 2184 imaginem

1933 2212 2027 2266 Dei
2057 2203 2280 2265 fecit“.
2320 2228 2340 2262 ι
2377 2208 2515 2278 Ergo
2538 2207 2650 2276 jam
2682 2206 2982 2276 perfectum
3009 2204 3332 2274 intelligitur
3376 2202 3513 2258 illud

1935 2314 2200 2369 creatum,
2253 2301 2399 2372 quod
2450 2300 2516 2354 ad
2560 2299 2800 2354 divinam
2833 2300 3123 2368 imaginem
3171 2295 3515 2352 conformari

1935 2395 2197 2464 oportuit.
2245 2392 2399 2458 Quod
2455 2398 2633 2445 autem
2671 2399 2793 2459 post
2842 2390 2957 2444 hac
3010 2388 3152 2443 redit
3186 2387 3251 2441 ad
3299 2386 3516 2456 exposi-

1936 2486 2138 2539 tionem
2179 2483 2381 2553 opiticii
2416 2482 2606 2545 divini,
2641 2497 2764 2535 eum
2802 2481 2900 2546 ait,
2948 2498 2967 2530 ι
3001 2478 3154 2532 Fecit
3179 2493 3274 2533 eos
3306 2492 3514 2532 marem

1939 2591 2004 2629 ac
2042 2573 2340 2630 feminam:
2399 2593 2418 2627 ι
2476 2574 2531 2628 id
2574 2573 2766 2642 opinor
2793 2587 2982 2628 omnes
3015 2572 3260 2626 homines
3307 2570 3516 2639 perspi-

166 2702 177 2711 .
266 2661 469 2732 ρῆσθαι
513 2665 541 2715 6
567 2663 724 2731 λόγος
772 2664 905 2734 φησὶ
950 2663 1042 2718 τὸν
1076 2644 1389 2737 ἄνθρωπον.
1431 2666 1640 2721 Οὐκοῦν
1676 2644 1838 2736 διπλῆ

1951 2682 2088 2728 cere,
2139 2665 2206 2718 ab
2235 2665 2483 2733 exemplo
2509 2662 2755 2734 principe
2788 2662 3175 2719 removendum
3224 2677 3363 2717 esse.
3403 2679 3422 2712 ι
3459 2660 3514 2714 lu

264 2754 349 2811 τίς
381 2756 528 2807 ἐστιν
556 2757 589 2826 ἡ
622 2755 724 2826 τῆς
752 2755 967 2824 φύσεως
1007 2757 1165 2828 ἡμῶν
1196 2761 1528 2830 κατασκευὴ,
1554 2759 1588 2829 ἦ
1612 2778 1669 2812 τε
1707 2759 1841 2830 πρὸς

264 2844 330 2897 τὸ
358 2846 508 2900 Θείον
537 2846 884 2919 ὡμοιωμένη,
905 2846 939 2916 ἥ
956 2862 1029 2920 τε,
1049 2849 1186 2920 πρὸς
1218 2850 1313 2921 τὴν
1349 2850 1612 2922 διαφορὰν
1640 2850 1844 2921 ταύτην

265 2934 595 3008 διῃρημένη.
647 2936 896 2991 Τοιοῦτον
950 2941 1060 3010 γάρ
1099 2957 1151 2993 τι
1197 2941 1226 2991 6
1269 2941 1426 3010 λόγος
1471 2942 1535 2996 ἐκ
1583 2942 1683 3012 τῆς
1731 2958 1848 2994 συν-

266 3029 483 3093 τάξεως
532 3029 640 3083 τῶν
687 3031 1085 3102 γεγραμμένων
1126 3034 1440 3100 αίνίττεται,
1480 3033 1694 3107 πρῶτον
1750 3034 1848 3105 μὲν

267 3120 465 3188 εἰπὼν,
499 3122 580 3176 ὅτι
615 3141 634 3173 r
697 3124 984 3195 Ἐποίησεν
1022 3126 1050 3178 ό
1090 3125 1221 3190 Θεὸς
1250 3127 1341 3181 τὸν
1376 3126 1678 3198 ἄνθρωπον,
1728 3130 1848 3181 κατ’

270 3213 458 3266 εἰκόνα
515 3213 648 3267 Θεοῦ
709 3216 966 3287 ἐποίησεν
1024 3218 1215 3272 αὐτόν·
1286 3238 1305 3271 ι
1379 3219 1553 3278 ,πάλιν
1618 3221 1675 3274 δὲ
1740 3224 1851 3285 τοῖς

271 3304 587 3376 εἰρημένοις
618 3306 935 3375 ἐπαγαγὼν,
973 3308 1056 3361 ὅτι
1092 3328 1112 3361 ‹
1163 3310 1359 3379 Ἀρσεν
1398 3311 1493 3364 καὶ
1538 3310 1669 3381 θῆλυ
1705 3313 1852 3365 ἑποί-

271 3411 411 3465 ησεν
458 3395 682 3460 αὐτοὺς,
744 3416 765 3449 ι
830 3398 968 3470 ὅπερ
1028 3398 1304 3471 ἀλλότριον
1362 3399 1475 3453 τῶν
1522 3402 1651 3472 περὶ
1716 3399 1850 3454 Θεοῦ

271 3487 582 3558 νοουμένων
631 3488 800 3543 ἐστίν.
860 3484 1028 3559 Οἶμαι
1072 3489 1179 3562 γὰρ
1237 3489 1348 3559 ἐγὼ
1389 3491 1568 3563 δόγμα
1614 3509 1667 3544 τι
1712 3494 1854 3562 μέγα

276 3578 377 3631 καὶ
438 3578 638 3648 ὑψηλὸν
708 3578 795 3631 διὰ
851 3579 960 3632 τῶν
1024 3580 1329 3651 εἰρημένων
1388 3580 1492 3633 ὑπὸ
1554 3582 1651 3652 τῆς
1706 3581 1855 3644 θείας

275 3667 504 3738 Γραφῆς
554 3668 955 3739 παραδίδοσθαι.
988 3669 1061 3722 T6
1103 3671 1160 3724 δὲ
1204 3670 1378 3741 δόγμα
1410 3670 1650 3725 τοιοῦτόν
1702 3673 1853 3727 ἐστι’

1943 2757 2164 2814 Christo
2193 2758 2344 2813 enim
2376 2756 2527 2819 Jesu,
2559 2775 2579 2809 ι
2617 2764 2678 2810 ιιι
2725 2756 3022 2826 Apostolus
3063 2755 3259 2827 inquit,
3295 2773 3313 2806 ι
3341 2767 3520 2823 neque

1948 2866 2069 2906 mas
2100 2868 2278 2922 neque
2318 2850 2526 2904 femina
2568 2858 2651 2904 est
2672 2851 2739 2903 ".
2773 2869 2791 2901 ι
2834 2850 2903 2903 At
2930 2864 3060 2905 vero
3097 2847 3320 2904 Littera:
3349 2859 3520 2902 sacrae

1946 2942 2150 2997 diserte
2178 2942 2469 3005 aﬂirmant,
2504 2942 2779 2996 hominem
2814 2942 2869 2995 in
2908 2955 3114 2994 marem
3157 2939 3521 3008 feminamque

1948 3032 2181 3088 divisum
2210 3047 2354 3086 esse.
2398 3032 2583 3100 Itaque
2610 3032 2880 3100 duplicem
2911 3046 3033 3086 esse
3075 3030 3273 3083 factam
3311 3036 3522 3083 natura:

1950 3130 2151 3176 nostra:
2192 3128 2525 3176 structuram
2571 3134 2801 3176 necesse
2831 3127 2939 3184 est,
2987 3134 3221 3189 quarum
3258 3119 3425 3173 altera
3454 3117 3522 3171 ad

1950 3210 2187 3264 divinam
2262 3211 2551 3281 imaginem
2608 3210 3020 3280 exprimendam
3073 3209 3280 3263 directa
3327 3208 3522 3269 fuerit,

1953 3304 2124 3357 altera
2160 3301 2225 3356 ad
2277 3301 2619 3357 elIiciendum
2658 3302 2789 3355 illud
2841 3316 3007 3356 sexus
3049 3299 3366 3355 discrimen.
3412 3297 3524 3352 Ηυε

1946 3394 2189 3463 jusmodi
2229 3396 2373 3450 enim
2410 3394 2669 3464 quiddam
2724 3392 2953 3447 indicari
2991 3390 3239 3471 videtur,
3300 3391 3349 3446 si
3398 3406 3524 3445 ver-

1952 3488 2144 3541 borum
2176 3486 2503 3555 compositio
2537 3492 2590 3541 et
2634 3486 2808 3540 series
2843 3483 3243 3551 consideretur,
3292 3482 3524 3554 primum

1954 3577 2099 3633 enim
2143 3576 2344 3631 dicitur
2407 3596 2425 3628 ε
2461 3575 2612 3630 Fecit
2662 3576 2936 3631 hominem
2980 3575 3146 3640 Deus,
3198 3581 3256 3630 et
3306 3574 3525 3645 quidem

1955 3684 2080 3724 eum
2113 3668 2179 3723 ad
2206 3668 2495 3738 imaginem
2520 3665 2613 3720 Dei
2644 3665 2791 3721 fecit.
2831 3685 2850 3718 ι
2890 3666 3097 3747 Deinde
3127 3666 3214 3721 his
3237 3663 3329 3719 illa
3353 3664 3527 3737 subji-

277 3759 386 3812 Δύο
428 3760 587 3813 τινῶν
619 3761 757 3813 κατὰ
796 3760 858 3813 τὸ
901 3761 1198 3832 ἀκρότατον
1242 3763 1374 3831 πρὸς
1404 3762 1609 3832 ἄλληλα
1639 3764 1849 3835 διεστη-

1957 3762 2198 3824 eiuntur,
2249 3777 2268 3810 ι
2305 3759 2507 3814 Marem
2558 3773 2621 3811 ac
2683 3757 2938 3813 feminam
2980 3772 3076 3813 eos
3127 3756 3294 3817 fecit;
3326 3776 3361 3835 ι.
3409 3773 3527 3828 qua

276 3848 475 3915 κότων,
514 3850 675 3920 μέσον
711 3851 827 3904 ἐστὶ
853 3850 915 3903 τὸ
963 3821 1444 3923 ἀνθρώπινον,
1489 3821 1548 3905 τε
1588 3853 1734 3916 Θείας
1764 3821 1849 3907 καὶ

1958 3852 2203 3924 profecto
2227 3852 2291 3904 ad
2316 3851 2602 3920 imaginem
2626 3847 2717 3904 Dei
2744 3864 2851 3903 non
2885 3857 3013 3904 sunt
3036 3821 3528 3919 refererida.‘Equi«

278 3944 578 4013 ἀσωμάτου
607 3943 842 4012 φύσεως,
881 3945 975 3999 καὶ
1011 3944 1110 4016 τῆς
1159 3944 1356 4013 ἀλόγου
1406 3947 1501 3999 καὶ
1554 3945 1849 4017 κτηνώδους

1960 3941 2082 3996 dem
2131 3941 2363 4010 amplam
2412 3948 2592 3995 statuo
2633 3947 2689 3993 ct
2731 3939 2958 3993 arduam
3002 3939 3308 3994 doctrinam
3358 3939 3415 3993 in
3445 3938 3530 3992 his

281 4034 455 4106 ζωῆς.
494 4034 710 4100 Ἔξεστι
744 4038 852 4108 γὰρ
890 4037 1149 4108 ἑκατέρου
1194 4036 1303 4089 τῶν
1351 4036 1651 4108 εἰρημένων
1692 4037 1750 4090 ὲν
1782 4036 1849 4107 τῷ

1965 4030 2135 4095 tradi,
2184 4029 2444 4083 nimirum
2508 4027 2821 4098 hujusmodi
2869 4027 3179 4098 quamdam:
3236 4024 3380 4081 Inter
3426 4026 3533 4080 duo

270 4126 609 4198 ,ἀνθρωπίνῳ
648 4129 979 4199 συγκρίματι
1028 4129 1301 4201 θεωρῆσαι
1346 4130 1445 4199 τὴν
1490 4131 1719 4200 μοῖραν·
1766 4126 1849 4182 τοῐ

1965 4130 2206 4177 extreme
2261 4120 2617 4185 dissidentia,
2671 4130 2923 4174 naturam
2991 4120 3241 4175 videlicet
3295 4120 3533 4174 divinam

282 4217 390 4289 μὲν
420 4218 563 4271 θείου
590 4219 651 4272 τὸ
682 4218 896 4288 λογικόν
926 4238 984 4273 τε
1021 4221 1116 4274 καὶ
1144 4220 1505 4291 διανοητικόν,
1534 4220 1563 4272 ὃ
1590 4220 1690 4290 τὴν
1706 4219 1864 4305 ..κατὰ

279 4307 349 4359 τὸ
380 4309 547 4379 ἇρῤεν
587 4311 681 4363 καὶ
727 4310 860 4381 θῆλυ
906 4310 1167 4381 διαφορὰν
1211 4311 1274 4362 οὐ
1316 4308 1634 4381 προσίεται⁸
1681 4306 1775 4362 τοῦ
1806 4308 1864 4361 δὲ

281 4395 484 4464 ἀλόγου
511 4398 609 4468 τὴν
639 4400 955 4468 σωματικὴν
983 4398 1325 4470 κατασκευὴν
1354 4401 1449 4452 καὶ
1472 4397 1756 4453 διάπλασιν
1785 4400 1865 4463 είς

283 4487 459 4559 ἃρῤέν
501 4505 561 4542 τε
608 4491 703 4542 καὶ
755 4490 886 4560 θῆλυ
937 4478 1364 4561 μεμερισμένην.
1429 4490 1715 4563 Ἑκάτερον
1760 4491 1865 4564 γὰρ

283 4577 493 4633 τούτων
521 4580 639 4632 ἐστὶ
672 4580 886 4644 πάντως
924 4582 981 4633 ὲν
1013 4581 1177 4634 παντὶ
1209 4581 1287 4651 τῷ
1329 4581 1606 4652 μετέχοντι
1637 4582 1737 4651 τῆς
1770 4583 1867 4635 ἁν-

286 4668 570 4740 θρωπίνης
593 4668 755 4740 ζωῆς.
802 4669 960 4722 Ἀλλὰ
991 4670 1342 4741 προτερεύειν
1370 4671 1431 4723 τὸ
1460 4671 1662 4741 νοερὸν,
1688 4670 1868 4734 καθὼς

284 4760 448 4830 παρὰ
484 4759 579 4813 τοῦ
622 4760 719 4831 τὴν
762 4760 1202 4831 ἀνθρωπογονίαν
1236 4763 1293 4813 ὲν
1334 4761 1485 4836 τάξει
1513 4762 1868 4826 διεξελθόντος

285 4850 592 4921 ἐμάθομεν,
646 4853 1141 4923 ὲπιγεννηματικὴν
1187 4853 1244 4905 δὲ
1294 4850 1433 4906 εἶναι
1483 4853 1559 4923 τῷ
1599 4852 1870 4923 ἀνθρώπῳ

280 4945 392 5013 τὴν
435 4942 572 5014 πρὸς
619 4942 680 4995 τὸ
719 4942 913 5011 ἄλογον
962 4944 1245 4997 κοινωνίαν
1282 4961 1340 4996 τε
1386 4944 1481 4996 καὶ
1530 4944 1868 5011 συγγένειαν.

282 5033 519 5104 Πρῶτον
544 5034 642 5103 μὲν
668 5030 780 5103 γάρ
805 5051 989 5105 φησιν,
1021 5035 1102 5087 ὅτι
1159 5051 1177 5085 ι
1224 5034 1506 5105 Ἐποίησεν
1537 5035 1564 5086 6
1591 5034 1719 5097 Θεὸς
1752 5035 1868 5086 κατ’

283 5124 482 5177 εἰκόνα
526 5124 619 5177 τοῦ
663 5123 798 5177 Θεοῦ
846 5125 939 5178 τὸν
970 5124 1273 5194 ἄνθρωπον,
1317 5146 1336 5177 ι
1372 5125 1584 5187 δεικνὺς
1628 5124 1717 5178 διὰ
1759 5125 1870 5177 τῶν

285 5216 620 5286 εἰρημένων,
668 5214 850 5280 καθώς
897 5233 1059 5287 φησιν
1103 5218 1131 5269 6
1186 5216 1524 5279 ’Λπόστολος,
1563 5216 1644 5268 ὅτι
1693 5216 1752 5268 ὲν
1792 5214 1870 5286 τῷ

1965 4222 2355 4283 expertemque
2379 4214 2650 4283 corporis,
2679 4220 2735 4269 et
2763 4214 2990 4268 alteram
3017 4221 3293 4267 carentem
3323 4217 3536 4267 ratione

1934 4321 2032 4359 -ac
2094 4305 2409 4368 helluinam,
2467 4304 2705 4358 medium
2754 4303 3027 4363 hominem
3080 4318 3221 4359 esse.
3271 4301 3404 4356 Nam
3470 4302 3537 4358 de

1968 4403 2201 4463 utroque
2236 4393 2290 4447 in
2320 4393 2485 4463 hujus
2520 4392 2739 4463 opiﬁeio
2779 4393 3044 4447 exsistere
3074 4392 3350 4462 quiddam,
3385 4407 3539 4462 pror—

1970 4502 2066 4543 sus
2103 4494 2187 4541 est
2228 4484 2680 4540 animadvertere.
2728 4481 2802 4538 De
2840 4492 3036 4537 natura
3065 4484 3268 4546 divina,
3311 4485 3418 4539 vim
3453 4500 3542 4537 ra~

1969 4577 2135 4631 tionis
2163 4584 2219 4631 et
2246 4575 2636 4646 intelligentiae,
2670 4589 2793 4643 qua:
2822 4589 2985 4628 sexus
3014 4573 3241 4628 masculi
3282 4588 3345 4630 ac
3386 4573 3542 4627 femi-

1972 4669 2060 4724 nei
2112 4668 2408 4723 discrimen
2459 4666 2669 4720 nullum
2719 4664 2932 4733 recipit,
2974 4664 3041 4719 de
3076 4671 3269 4718 natura
3315 4663 3539 4717 rationis

1974 4770 2215 4830 experte,
2250 4766 2582 4813 structuram
2614 4758 2757 4810 hanc
2788 4755 3034 4826 corporis
3058 4762 3112 4810 et
3150 4756 3377 4809 formam
3405 4770 3538 4810 sexu

1972 4851 2310 4906 distinctam.
2364 4848 2668 4919 Utrumque
2720 4849 2914 4902 horum
2961 4848 3013 4900 in
3049 4848 3290 4917 quolibet
3325 4848 3542 4902 homine

1972 4951 2073 4997 est.
2115 4940 2221 4995 Sed
2268 4941 2505 5009 priorem
2555 4938 2725 5008 fuisse
2780 4939 2835 4992 in
2884 4954 2948 4993 eo
2982 4938 3294 4992 facultatem
3343 4937 3544 4992 intelli-

1972 5032 2153 5105 gendi,
2186 5032 2383 5087 deinde
2409 5034 2727 5087 societatem
2761 5032 3248 5101 cognationemque
3284 5045 3408 5084 cum
3442 5045 3542 5083 na-

1975 5134 2095 5179 tura
2136 5124 2348 5177 ratione
2391 5133 2612 5178 earente
2642 5125 2942 5180 accessisse
2977 5142 2989 5177 :
3021 5139 3087 5176 ex
3120 5131 3344 5176 auctore
3376 5121 3543 5174 histo‘

1975 5217 2069 5271 riae
2120 5217 2188 5271 de
2239 5224 2363 5270 ortu
2423 5217 2680 5281 hominis,
2744 5217 2937 5271 ordine
2993 5216 3205 5288 singula
3265 5221 3538 5279 narrante,

285 5306 522 5377 τοιούτῳ
556 5308 725 5380 ἄρρεν
768 5308 862 5361 καὶ
899 5307 1030 5378 θῆλυ
1065 5308 1165 5361 οὐκ
1192 5306 1356 5361 ἔστιν.
1384 5302 1517 5360 Εἶτα
1547 5306 1740 5373 ἐπάγει
1773 5308 1849 5375 τῆε

1977 5308 2265 5363 discimus.
2302 5308 2546 5361 Primum
2574 5310 2718 5362 enim
2770 5306 2959 5372 tradit,
2995 5306 3158 5362 Deum
3193 5318 3409 5360 creasse
3443 5304 3541 5356 ho-

290 5398 644 5470 ἀνθρωπίνης
680 5400 896 5469 φύσεως
927 5400 998 5454 τὰ
1046 5399 1328 5471 ἰδιώματα,
1364 5398 1445 5451 ὅτι
1481 5416 1501 5450 r
1542 5399 1745 5471 Ἀρρεν
1778 5398 1872 5450 καὶ

292 5490 431 5562 θῆλυ
467 5492 721 5563 ἐποίησεν
757 5492 975 5557 αὐτούς.
1020 5512 1039 5545 ι
1080 5492 1144 5544 Τί
1190 5486 1282 5544 οὖν
1312 5490 1398 5546 διὰ
1438 5488 1627 5543 τούτου
1664 5488 1870 5560 μανθά-

293 5599 497 5653 votam;
539 5584 648 5637 Καί
695 5603 785 5656 μοι
839 5585 1024 5656 μηδεὶς
1051 5582 1333 5665 νεμεσάτω
1381 5581 1659 5654 πόῤῥωθεν
1708 5596 1875 5651 προσ-

369 5808 421 5843 ³⁸
449 5808 584 5865 Gen.
608 5823 647 5875 ι,
683 5807 775 5865 27.
852 5808 895 5840 ⁵⁷
917 5807 1091 5863 Galat.
1116 5822 1197 5875 Ill,
1227 5807 1315 5863 28.
1369 5806 1411 5840 ³⁸
1439 5805 1568 5862 ibid.
1597 5805 1666 5859 26
1690 5821 1807 5876 sqq.

1977 5400 2179 5455 minem
2226 5398 2294 5452 ad
2353 5400 2642 5469 imaginem
2701 5413 2855 5453 suam
2905 5416 2918 5453 :
2962 5399 3019 5452 in
3073 5410 3182 5467 quo
3241 5394 3382 5448 idem
3432 5392 3540 5447 vult

1976 5489 2207 5550 docere.
2262 5489 2405 5559 quod
2461 5498 2515 5543 et
2560 5487 2859 5558 Apostolus
2911 5484 3234 5556 scripsit“,
3274 5490 3543 5553 quatenus

1982 5581 2159 5652 imago
2194 5580 2287 5636 Dei
2314 5581 2388 5636 sit
2419 5581 2601 5648 homo,
2632 5595 2796 5636 sexus
2833 5580 2890 5634 in
2914 5594 2981 5635 eo
3009 5576 3303 5634 discrimen
3339 5574 3543 5629 nullum
