3988 6458
492 352 598 407 185

1716 358 1772 415 S.
1803 356 2133 415 GREGORII
2192 359 2484 419 NYSSENl

3640 361 3738 417 1&3

487 478 634 523 esse.
669 466 876 524 Deinde
902 479 1112 525 natura:
1139 471 1378 527 hominis
1404 473 1660 526 attributa
1686 475 1906 544 propria
1931 475 2062 531 sub-

2165 478 2348 548 ἀγοντι
2377 483 2468 536 τὸν
2497 483 2650 550 λόγον
2671 482 2774 552 ’τῷ
2822 481 3168 552 προκειμένῳ
3198 481 3455 550 νοήματι.
3503 478 3635 541 Θεὸς
3671 482 3736 548 τῇ

485 560 605 629 jicit
636 579 648 614 :
683 560 883 616 Marem
923 562 1290 633 feminamque
1335 563 1460 618 fecit
1503 579 1618 620 eos.
1650 565 1792 632 Quid
1834 582 1965 638 ergo
1997 569 2066 624 de

491 650 594 704 hoc
619 649 937 705 discendum
971 651 1128 706 nobis
1157 652 1279 706 est?
1313 652 1578 722 Equidem
1617 654 1749 708 mihi
1789 656 2062 710 neminem

492 743 656 797 irasci
705 743 850 806 volo,
907 744 1073 798 altius
1121 759 1235 799 rem
1285 761 1406 815 qua:
1458 747 1512 799 in
1570 747 2063 802 considerationem

491 834 658 894 venit,
698 834 979 901 repetenti.
1027 833 1170 890 Deus
1214 844 1407 888 natura
1457 851 1555 890 sua
1597 839 1703 891 tale
1751 851 1815 891 ac
1854 845 2064 891 tantum

488 923 758 993 quoddam
789 926 987 979 bonum
1014 936 1118 990 est,
1141 935 1402 995 quantum
1433 928 1539 979 ulla
1563 929 1894 997 cogitatione
1921 944 2065 983 com-

487 1015 749 1084 prehendi
807 1018 1134 1085 potestzvel
1191 1019 1372 1087 potius
1421 1020 1589 1072 etiam
1645 1035 1806 1074 omne
1856 1021 2061 1074 bonum

487 1107 630 1174 quod
699 1107 1054 1179 intelligendo
1113 1110 1472 1177 cogitandove
1537 1112 2058 1181 comprehenditur,

486 1207 800 1267 exsuperat.
849 1200 1036 1269 Itaque
1075 1209 1324 1255 naturam
1361 1203 1655 1258 humanam
1698 1221 1803 1259 non
1857 1207 1964 1260 alia
1994 1206 2062 1261 de

487 1305 650 1346 causa
693 1291 957 1355 condidit,
1002 1309 1164 1362 quam
1199 1294 1344 1362 quod
1390 1295 1569 1350 bonus
1619 1305 1783 1352 esset.
1818 1298 2063 1368 Cumque

485 1384 613 1438 talis
661 1393 827 1450 esset,
877 1391 932 1440 et
973 1400 1134 1439 unam
1186 1387 1328 1440 hanc
1379 1387 1448 1441 ob
1499 1403 1719 1442 causam
1769 1388 1833 1442 ad
1894 1390 2062 1444 fabri-

487 1477 756 1532 cationem
808 1476 1056 1531 humanae
1098 1487 1305 1531 natura:
1339 1479 1686 1543 accessisset,
1722 1495 1832 1535 non
1872 1496 1939 1534 ex
1973 1496 2062 1536 se-

484 1567 653 1622 misse
704 1568 810 1621 vim
861 1568 1123 1624 bonitatis
1195 1585 1308 1624 sure
1369 1571 1648 1626 declarare
1708 1573 1920 1639 voluit,
1985 1573 2061 1628 ita

487 1665 546 1707 ut
591 1658 840 1711 nonnihil
887 1658 1094 1713 homini
1149 1676 1373 1716 suorum
1416 1663 1682 1718 bonorum
1731 1667 2059 1736 largiretur,

486 1749 734 1801 nonnihil
771 1764 896 1804 cum
943 1766 1009 1805 eo
1063 1766 1132 1807 ne
1169 1755 1620 1819 communicaret,
1673 1756 1876 1811 invidia
1921 1774 2060 1827 prte-

484 1840 781 1909 pediretur.
831 1841 1076 1899 Perfecte
1116 1845 1378 1900 nimirum
1433 1863 1493 1902 se
1543 1848 1748 1902 bonum
1801 1821 2060 1916 ostendit,
2094 1821 2137 1876 Β

483 1946 607 1984 cum
686 1932 958 1990 hominem
1044 1936 1112 1991 de
1192 1939 1365 1993 nihilo
1424 1941 1723 2006 conderet,
1805 1943 2066 2013 omnique

483 2021 753 2076 bonorum
800 2026 955 2096 copia
1006 2027 1322 2084 instrueret.
1362 2030 1492 2096 Quae
1540 2046 1664 2086 cum
1715 2033 1850 2088 adeo
1895 2034 2065 2088 multa

482 2113 594 2169 sint
636 2129 884 2180 numero,
924 2124 984 2171 ut
1029 2120 1316 2181 recenseri,
1334 2122 1548 2193 singula
1585 2125 2065 2180 commemorando

482 2204 769 2261 ditiiculter
819 2211 1076 2278 possint:
1109 2212 1315 2266 idcirco
1373 2213 1612 2269 breviter
1666 2216 1924 2272 universa
1973 2216 2065 2271 bis

481 2297 663 2352 verbis
711 2301 1269 2369 comprehenduntur,
1305 2305 1507 2374 quibus
1558 2305 1720 2362 homo
1750 2307 1817 2362 ad
1866 2308 2064 2378 imagi-

482 2404 606 2443 nem
645 2389 738 2445 Dei
766 2391 944 2447 fat-tus
975 2410 1097 2448 esse
1143 2395 1365 2450 dicitur.
1393 2396 1588 2452 Valent
1628 2399 1772 2453 enim
1806 2400 1897 2454 illa
1942 2408 2065 2454 tan-

482 2481 747 2546 tumdem,
779 2497 842 2537 ac
883 2485 928 2538 si
954 2484 1250 2549 diceretur.
1288 2497 1540 2542 naturam
1566 2489 1862 2543 humanam
1889 2506 1919 2544 a
1955 2489 2065 2546 Deo

483 2574 538 2627 in
567 2573 810 2630 omnium
835 2575 1107 2632 bonorum
1139 2579 1456 2634 societatem
1481 2587 1725 2634 vocatam
1757 2597 1898 2637 esse.
1927 2581 2063 2636 Nam

482 2665 526 2719 si
564 2663 658 2719 Dei
690 2675 880 2722 natura
915 2671 1155 2738 perfecta
1185 2671 1430 2740 quaadam
1469 2673 1624 2742 copia
1665 2682 1751 2729 est
1791 2674 2061 2729 bonorum

480 2759 765 2822 omnium,
831 2760 994 2815 homo
1053 2771 1232 2816 autem
1286 2764 1406 2833 ejus
1461 2773 1546 2820 est
1613 2767 1792 2838 imago
1847 2786 1860 2822 :
1919 2768 2063 2823 haud

481 2854 644 2908 dubie
699 2855 1052 2911 simulacrum
1117 2858 1220 2912 hoc
1287 2857 1381 2912 Dei
1447 2860 1700 2930 princeps
1755 2864 2062 2932 exemplum

481 2945 556 2998 ita
606 2945 844 3013 referet,
900 2955 961 3001 ut
1025 2956 1080 3002 et
1136 2948 1316 3019 ipsum
1368 2949 1526 3006 bonis
1581 2952 1833 3008 omnibus
1887 2954 2064 3007 abun-

481 3032 591 3086 det.
651 3032 839 3104 Itaque
900 3036 955 3089 in
1021 3037 1181 3092 nobis
1247 3047 1332 3094 est
1384 3055 1646 3109 expressa
1715 3043 1896 3096 omnis
1961 3025 2084 3096 ho-i

479 3124 623 3178 nesti
654 3126 887 3196 species.
920 3129 1099 3184 omnis
1137 3130 1335 3194 virtus,
1371 3132 1553 3188 omnis
1576 3133 1864 3201 sapientia,
1897 3134 2058 3203 quid-
2087 3153 2132 3214 ρ

479 3213 613 3283 quid
679 3215 916 3287 denique
975 3221 1489 3289 praestantissimum
1553 3225 1946 3293 comprehendi
2007 3225 2060 3278 vi

481 3307 856 3378 intelligentia:
925 3315 1144 3380 potest.
1189 3313 1367 3382 Atque
1415 3314 1557 3368 inter
1618 3327 1812 3369 caetera
1868 3325 1951 3369 est
2006 3314 2062 3368 in

479 3397 639 3453 nobis
670 3400 919 3464 libertas,
957 3418 1078 3472 qua:
1109 3405 1257 3458 nulla
1301 3406 1646 3460 necessitatis
1681 3407 1796 3475 lege
1825 3414 2059 3468 tenetur.

478 3491 683 3546 nullius
715 3493 769 3546 in
800 3505 992 3547 natura
1026 3495 1488 3567 dominatusjugo
1513 3498 1784 3567 subjecta,
1819 3495 1912 3553 sed
1940 3515 2063 3568 qtue

475 3581 684 3650 judicio
710 3592 860 3637 certo
885 3593 940 3638 et
971 3585 1252 3640 liberrimo
1274 3587 1421 3658 quod
1454 3589 1569 3648 vult
1606 3590 1774 3661 eligit.
1795 3589 1890 3645 Est
1915 3592 2060 3644 enim

480 3675 654 3729 virtus
711 3691 823 3730 suae
874 3678 1116 3746 spontis,
1175 3679 1382 3736 nullius
1442 3680 1671 3750 imperio
1727 3682 2056 3750 mancipata.

477 3768 635 3836 Quod
664 3779 844 3824 autem
871 3786 902 3824 a
928 3771 1255 3826 necessitate
1281 3771 1515 3842 quadam
1557 3773 1884 3828 violentiave
1909 3774 2060 3844 cogi-

405 3843 412 3847 ’
479 3869 588 3922 tur,
627 3860 816 3914 virtuti
867 3870 1298 3916 consentaneum
1354 3878 1479 3918 esse
1535 3865 1746 3933 nequit.
1804 3863 1958 3930 Quod
2011 3865 2059 3919 si

478 3964 642 4018 porro
671 3951 850 4022 imago
879 3967 1194 4022 expressam
1243 3954 1672 4024 pulchritudinis
1722 3958 1776 4012 in
1809 3959 2059 4029 exemplo

477 4041 724 4112 principe
777 4044 1006 4114 ﬁguram
1068 4045 1140 4099 ita
1177 4056 1550 4116 reprzesentet,
1609 4056 1668 4102 ut
1721 4051 1859 4104 nihil
1891 4051 1960 4105 ab
1993 4066 2058 4106 ea

477 4150 705 4204 prorsus
737 4135 971 4199 diti'erat,
997 4153 1105 4192 non
1135 4137 1250 4206 jam
1281 4139 1426 4194 illam
1452 4140 1746 4212 imaginem
1777 4141 1916 4206 fore,
1950 4143 2048 4199 sed

478 4225 650 4295 ipsam
685 4227 1039 4298 eamdemque
1082 4245 1217 4293 rem,
1282 4246 1404 4300 quae
1458 4235 1604 4287 nulla
1639 4236 1723 4289 sui
1781 4245 1938 4306 parte
1969 4237 2055 4292 di-

478 4319 659 4372 scerni
694 4333 723 4370 a
752 4321 932 4389 seipsa
964 4321 1157 4389 possit.
1195 4321 1337 4388 Quid
1373 4323 1538 4394 igitur
1572 4335 1676 4391 est,
1725 4329 1962 4400 inquies,
2001 4331 2056 4386 in

478 4423 588 4478 quo
621 4419 828 4464 natura:
857 4410 1077 4475 divinrc,
1136 4425 1192 4469 et
1251 4415 1372 4484 ejus
1422 4431 1544 4485 quae
1595 4419 1663 4472 ad
1693 4420 1933 4474 divinam
1970 4429 2054 4477 est

2168 569 2364 622 ἑαυτοῦ
2398 570 2556 638 φύσει
2592 573 2701 624 πᾶν
2738 572 2820 624 ὅτι
2854 588 2959 641 περ
3001 570 3117 623 ἐστι
3165 572 3282 623 κατ’
3313 569 3520 622 ἔννοιαν
3559 569 3740 622 λαὸεῖν

2166 660 2384 728 ἀγαθὸν,
2436 663 2612 713 ἐκεῖνό
2659 663 2805 715 ἐστι·
2847 661 3044 732 μᾶλλον
3077 660 3134 714 δὲ
3165 659 3365 722 παντὸς
3393 659 3599 727 ἀγαθοῦ
3645 660 3740 712 τοῦ

2166 748 2454 818 νοουμένου
2503 767 2561 802 τε
2608 753 2702 803 καὶ
2748 749 3294 819 καταλαμϐανομένου
3335 749 3594 801 ἐπέκεινα
3638 747 3740 805 ῶν.

2165 842 2226 893 ού
2253 841 2321 894 δι’
2349 841 2476 896 ἄλλο
2515 861 2565 896 τι
2594 843 2766 908 κτίζει
2798 844 2895 913 τὴν
2930 828 3276 913 ἀνθρωπίνῆν
3305 841 3470 911 ζωὴν,
3507 841 3540 912 ἦ
3571 840 3660 894 διὰ
3682 840 3745 892 τὸ

2164 931 2366 1000 ἀγαθὸς
2411 929 2567 986 εἶναι.
2619 934 2880 998 Τοιοῦτος,
2912 933 2967 987 δὲ
3006 933 3100 994 ῶν,
3137 932 3233 984 καὶ
3267 932 3356 985 διὰ
3405 931 3563 984 τοῦτο
3607 930 3744 1002 πρὸς

2163 1023 2262 1095 τὴν
2289 1024 2644 1094 δημιουργίαν
2676 1025 2775 1095 τῆς
2821 1025 3170 1096 ἀνθρωπίνης
3213 1023 3427 1094 φύσεως
3467 1025 3741 1093 ὁρμήσας,

2163 1117 2262 1168 οὐκ
2283 1114 2348 1168 ἀν
2376 1117 2607 1187 ἡμιτελῆ
2634 1118 2730 1188 τὴν
2759 1118 2857 1188 τῆς
2890 1116 3223 1187 ἀγαθότητος
3251 1115 3552 1180 ἐνεδείξατο
3578 1115 3742 1168 δύνα-

2167 1226 2280 1278 μιν,
2316 1208 2377 1260 τὸ
2421 1207 2519 1278 μέν
2555 1226 2606 1260 τι
2632 1208 2754 1271 δοὺς
2794 1211 2858 1260 ἐκ
2883 1207 2992 1259 τῶν
3024 1206 3333 1277 προσόντων
3359 1203 3524 1275 αὐτῷ,
3558 1203 3652 1257 τοῦ
3685 1204 3745 1257 δὲ

2165 1299 2435 1372 φθονήσας
2459 1301 2559 1370 τῆς
2605 1299 2920 1370 μετουσίας’
2967 1297 3103 1350 ἀλλά
3138 1297 3200 1349 τὸ
3231 1295 3437 1349 τέλειον
3470 1295 3569 1364 τῆς
3600 1297 3742 1363 ἀγα-

2164 1391 2386 1461 θότητος
2415 1390 2550 1455 εἶδος
2588 1393 2646 1444 ὲν
2671 1390 2845 1460 τούτῳ
2876 1391 3045 1452 ἐστὶν,
3072 1390 3137 1442 ὲκ
3164 1387 3258 1441 τοῦ
3288 1389 3382 1442 καὶ
3403 1388 3746 1458 παραγαγεῖν

2161 1485 2253 1537 τὸν
2283 1484 2567 1554 ἄνθρωπον
2593 1485 2656 1536 ἐκ
2680 1483 2773 1535 τοῦ
2802 1483 2874 1554 μὴ
2901 1482 3050 1545 δντος
3083 1483 3164 1544 εἰς
3201 1481 3434 1550 γένεσιν,
3472 1480 3566 1532 καὶ
3589 1481 3746 1532 ἀνεν-

2161 1573 2254 1646 δεῆ
2285 1573 2390 1626 τῶν
2414 1573 2633 1641 ἀγαθῶν
2661 1573 3099 1644 ἀπεργάσασθαι.
3171 1573 3325 1625 Ἐπεὶ
3351 1571 3408 1624 δὲ
3440 1571 3606 1634 πολὺς
3632 1555 3744 1622 τῶν

2164 1665 2284 1718 καθ’
2314 1665 2542 1718 ἕκαστον
2586 1664 2803 1734 ἀγαθῶν
2847 1665 2876 1717 δ
2905 1665 3225 1733 κατάλογος,
3257 1665 3315 1716 ού
3351 1663 3449 1734 μὲν
3477 1658 3569 1715 οὖν
3595 1663 3746 1715 ἐστιν

2165 1756 2380 1829 ἀριθμῷ
2414 1757 2609 1829 ῥαδίως
2655 1755 2843 1810 τοῦτον
2889 1756 3178 1810 διαλαϐεῖν.
3234 1755 3332 1808 Διὰ
3383 1755 3541 1807 τοῦτο
3590 1771 3750 1824 περι-

2165 1851 2402 1920 ληπτικῇ
2433 1852 2498 1920 τῇ
2537 1851 2686 1920 φωνῇ
2717 1849 2932 1902 ἅπαντα
2965 1847 3242 1902 συλλαϐὼν
3284 1851 3312 1900 ὁ
3345 1847 3502 1916 λόγος
3534 1847 3749 1917 ἐσήμα-

2166 1959 2276 2006 νεν,
2306 1942 2363 1994 ὲν
2387 1940 2465 2012 τῷ
2515 1944 2708 1997 εἰπεῖν.
2744 1941 2864 1992 κατ’
2891 1940 3071 1993 εἰκόνα
3109 1937 3244 1993 Θεοῦ
3281 1937 3606 2008 γεγενῆσθαι
3653 1940 3747 1992 τὸν

2165 2033 2468 2105 ἄνθρωπον.
2501 2029 2650 2085 Ἶσον
2688 2032 2796 2103 γάρ
2831 2034 2946 2085 ὲστι
2971 2031 3130 2085 τοῦτο
3159 2031 3238 2102 τῷ
3266 2033 3459 2090 εἰπεῖν,
3495 2030 3576 2083 ὅτι
3604 2047 3746 2083 πανο

2166 2125 2256 2188 τὸς
2288 2124 2491 2194 ἀγαθοῦ
2528 2124 2752 2196 μέτοχον
2779 2124 2878 2194 τὴν
2907 2123 3256 2194 ἀνθρωπίνην
3283 2123 3441 2192 φύσιν
3464 2122 3742 2193 ἐποίησεν.

2167 2219 2230 2270 Εἰ
2267 2217 2375 2288 γάρ
2422 2215 2692 2286 πλήρωμα
2736 2214 2835 2284 μὲν
2870 2214 3089 2282 ἀγαθῶν
3133 2214 3192 2267 τὸ
3222 2217 3394 2276 Θεῖον,
3447 2213 3654 2266 ἐκείνου
3688 2213 3750 2267 δὲ

2165 2308 2323 2361 τοῦτο
2355 2307 2516 2361 εἰκών
2536 2324 2549 2336 ·
2580 2308 2665 2378 ἀρ’
2691 2309 2747 2359 ὲν
2776 2304 2856 2376 τῷ
2887 2305 3091 2377 πλῆρες
3121 2301 3260 2359 εἶναι
3293 2307 3494 2368 παντὸς
3513 2304 3745 2373 ἀγαθοῦ,

2167 2399 2302 2470 πρὸς
2346 2398 2408 2451 τδ
2461 2399 2770 2470 ἀρχέτυπον
2820 2399 2853 2468 ἡ
2903 2397 3066 2450 εἰκὼν
3117 2397 3230 2468 ἔχει
3288 2397 3383 2468 τὴν
3428 2397 3746 2467 ὁμοιότητα.

2166 2491 2374 2544 Οὐκοῦν
2417 2491 2567 2543 ἐστιν
2599 2491 2654 2541 ὲν
2681 2492 2813 2560 ἡμῖν
2853 2490 3052 2553 παντὸς
3083 2489 3182 2559 μὲν
3223 2489 3390 2542 καλοῦ
3424 2489 3555 2555 ἰδέα,
3593 2492 3751 2542 πᾶσα

2165 2581 2221 2633 δὲ
2268 2581 2435 2653 ἀρετὴ
2490 2583 2584 2634 καὶ
2631 2581 2812 2649 σοφία,
2854 2581 2947 2634 καὶ
2992 2585 3100 2634 πᾶν
3143 2581 3333 2653 ὅτιπέρ
3363 2584 3478 2634 ἐστι
3516 2582 3652 2652 πρὸς
3684 2581 3752 2635 τὸ

2166 2677 2411 2745 κρεῖττον
2451 2674 2760 2744 νοούμενον.
2807 2675 2903 2726 Ἒν
2929 2673 2985 2726 δὲ
3014 2673 3121 2727 τῶν
3148 2674 3364 2727 πάντων
3389 2674 3481 2727 καὶ
3513 2674 3570 2726 τὸ
3596 2672 3752 2725 ὲλεύ-

2167 2767 2324 2838 θερον
2352 2767 2596 2836 ἀνάγκης
2623 2761 2780 2832 εἶναι,
2813 2767 2905 2819 καὶ⁸
2939 2764 3013 2837 μὴ
3047 2764 3382 2836 ύπεζεῦχθαί
3412 2783 3516 2818 τινι
3541 2766 3749 2836 φυσικῇ

2165 2858 2492 2929 δυναστείᾳ·
2543 2857 2657 2912 ἀλλ’
2700 2857 3050 2924 αὐτεξούσιον
3095 2856 3232 2927 πρὸς
3268 2857 3330 2911 τὸ
3371 2855 3561 2911 δοκοῦν
3600 2856 3752 2928 ἔχειν

2163 2945 2262 3016 τὴν
2289 2945 2536 3016 γνώμην.
2584 2946 2901 2999 ’Λδέσποτον
2933 2948 3041 3018 γάρ
3075 2964 3127 2999 τι
3161 2947 3347 3018 χρῆμα
3377 2948 3410 3018 ή
3440 2946 3609 3018 ἀρετὴ
3653 2947 3754 3000 καὶ

2166 3037 2431 3101 ἑκούσιον,
2477 3037 2538 3090 τὸ
2583 3037 2638 3090 δὲ
2687 3035 3206 3108 κατηναγκασμένον
3249 3038 3345 3091 καὶ
3390 3037 3752 3108 βεϐιασμένον

2165 3130 2333 3200 ἀρετὴ
2355 3127 2494 3183 εἶναι
2519 3130 2578 3182 οὑ
2607 3129 2849 3185 δύναται.
2898 3130 2986 3184 Ἐν
3022 3133 3154 3184 πᾶσι
3185 3131 3363 3184 τοίνυν
3395 3131 3496 3202 τῆς
3537 3131 3753 3195 εἰκόνος

2163 3219 2256 3272 τοῦ
2288 3219 2640 3291 πρωτοτύπου
2676 3222 2901 3285 κάλλους
2950 3223 3040 3275 τὸν
3073 3223 3400 3296 χαρακτῆρα
3446 3222 3743 3297 φερούσης,

2163 3311 2211 3361 εἰ
2249 3310 2324 3380 μὴ
2355 3311 2496 3363 κατά
2530 3312 2582 3363 τὶ
2603 3310 2701 3381 τὴν
2729 3311 2991 3383 διαφορὰν
3021 3313 3143 3385 ἔχῃ,
3178 3315 3360 3367 ούκέτι
3392 3315 3458 3368 ἂν
3491 3315 3577 3386 εἴη
3605 3315 3752 3368 πάν-

2162 3418 2270 3462 τως
2313 3401 2585 3471 ὁμοίωμα,
2621 3403 2756 3456 ἀλλὰ
2803 3405 2996 3457 ταύτον
3031 3406 3208 3458 ἐκεῖνο
3239 3405 3327 3459 διὰ
3360 3407 3578 3460 πάντων
3610 3407 3752 3459 ἀνα-

2162 3492 2522 3563 δειχθήσεται,
2552 3494 2611 3547 τὸ
2642 3496 2698 3546 ὲν
2737 3497 2900 3548 παντὶ
2929 3497 3366 3566 ἀπαράλλακτον.
3401 3498 3533 3551 Τίνα
3563 3498 3751 3552 τοίνυν

2163 3583 2328 3637 αὐτοῦ
2361 3601 2420 3637 τε
2452 3584 2544 3638 τοῦ
2574 3585 2754 3648 Θείου,
2798 3587 2891 3639 καὶ
2921 3586 3015 3639 τοῦ
3065 3587 3200 3656 πρὸς
3245 3587 3306 3639 τδ
3331 3590 3484 3640 Θεῖον
3528 3588 3751 3658 ὡμοιωο

2165 3677 2328 3746 μένου
2382 3677 2479 3747 τὴν
2527 3677 2785 3750 διαφορὰν
2834 3678 3184 3750 καθορῶμεν;
3237 3679 3324 3732 Ἐν
3372 3680 3470 3750 τῷ,
3517 3681 3578 3732 τὸ
3639 3681 3745 3749 μὲν

2160 3770 2428 3834 ἀκτίστως
2456 3766 2615 3830 εἶναι.
2648 3772 2709 3824 τὸ
2743 3772 2799 3825 δὲ
2829 3772 2915 3825 διὰ
2955 3775 3184 3836 κτίσεως
3221 3773 3542 3842 ὑποστῆναι.
3591 3774 3655 3826 Ἠ
3682 3773 3745 3826 δὲ

2159 3863 2258 3933 τῆς
2280 3863 2535 3934 τοιαύτης
2560 3863 2816 3936 ἰδιότητος
2847 3865 3078 3936 διαφορὰ
3112 3865 3268 3919 πάλιν
3299 3865 3500 3936 ἑτέρων
3526 3865 3751 3936 ἰδιωμά-

2159 3971 2268 4008 των
2295 3953 2619 4008 ἀκολουθίαν
2652 3955 2896 4026 ὲποίησε.
2945 3957 3391 4027 Συνομολογεῖται
3423 3957 3530 4027 γὰρ
3562 3956 3748 4028 πάντη

2160 4062 2218 4098 τε
2262 4046 2356 4098 καὶ
2401 4047 2636 4111 πάντως,
2683 4047 2781 4118 τὴν
2825 4047 2922 4118 μὲν
2957 4048 3210 4102 ἀκτιστον
3244 4047 3406 4118 φύσιν
3450 4050 3542 4100 καὶ
3583 4048 3716 4119 ἆτρε

2161 4155 2293 4191 πτον
2337 4134 2498 4200 εἶναι,
2532 4141 2626 4192 καὶ
2669 4141 2756 4192 ἀεὶ
2793 4139 3055 4199 ὡσαύτως
3092 4141 3258 4211 ἔχειν,
3291 4141 3390 4212 τὴν
3421 4142 3477 4194 δὲ
3515 4141 3747 4211 κτιστὴν

2158 4233 2418 4286 ἀδύνατον
2449 4232 2574 4286 ἄνευ
2604 4230 2941 4296 ἀλλοιώσεως
2972 4234 3252 4304 συστῆναι.
3289 4234 3436 4287 Aona
3466 4234 3570 4305 γὰρ
3598 4235 3630 4304 ἡ
3674 4236 3742 4288 ἐκ

2157 4325 2249 4379 τοῦ
2291 4325 2364 4396 μὴ
2398 4325 2549 4389 δντος
2576 4326 2656 4389 εἰς
2688 4325 2748 4378 τὸ
2773 4322 2912 4378 εἶναι
2955 4325 3205 4398 πάροδος,
3237 4325 3448 4395 κίνησίς
3480 4327 3561 4388 τίς
3595 4329 3740 4388 ἐστι,

2158 4419 2252 4471 καὶ
2297 4417 2581 4481 ἀλλοίωσις
2620 4417 2716 4470 τοῦ
2772 4418 2847 4490 μὴ
2897 4418 3049 4482 ὄντος
3081 4421 3161 4482 εἰς
3192 4419 3251 4472 τὸ
3284 4416 3444 4480 εἶναι,
3487 4420 3628 4474 κατά
3675 4422 3741 4475 τὸ

477 4500 843 4568 conformata,
879 4503 1176 4560 discrimen
1209 4510 1450 4579 perspici
1507 4513 1722 4581 possit?
1757 4514 1888 4568 illud
1923 4531 2053 4570 vero

2161 4513 2298 4565 θεῖον
2337 4512 2580 4582 βούλημα
2637 4511 3055 4583 μεθισταμένου.
3112 4514 3218 4566 Καὶ
3268 4512 3455 4582 ὥσπερ
3505 4513 3593 4566 τὸν
3643 4514 3742 4567 ἐπὶ

479 4592 532 4645 in
566 4606 631 4646 eo
660 4594 980 4662 perspicies,
1014 4599 1160 4665 quod
1192 4597 1286 4654 Dei
1325 4608 1519 4656 natura
1541 4601 2048 4663 exsistitincreata:

477 4683 758 4738 hominum
793 4701 924 4740 vero
955 4703 1048 4757 per
1089 4691 1420 4746 creationem
1460 4701 1545 4748 est
1607 4703 1747 4748 orta.
1809 4694 1922 4750 Hoc
1958 4697 2058 4753 de-

476 4775 603 4828 inde
664 4775 958 4830 discrimen
1017 4779 1124 4832 alia
1182 4782 1429 4850 quaedam
1481 4799 1913 4855 consequuntur.
1958 4787 2054 4844 Est

475 4863 619 4915 enim
664 4863 818 4932 plane
845 4866 984 4932 apud
1019 4882 1210 4922 omnes
1265 4870 1319 4923 in
1358 4871 1634 4936 confesso,
1685 4883 1934 4928 naturam
1970 4877 2052 4930 in-

473 4961 717 5008 crcatam
769 4957 1187 5022 immutabilem,
1243 4960 1600 5032 eamdemque
1649 4979 1860 5034 semper
1897 4982 2058 5032 esse;

473 5053 758 5111 creatam,
812 5049 957 5103 sine.
997 5061 1256 5120 perpetua
1312 5054 1695 5110 vicissitudine
1750 5059 2054 5113 consistere

474 5140 629 5192 nullo
661 5141 822 5196 modo
857 5159 1038 5211 posse.
1074 5143 1208 5198 Nam
1242 5146 1356 5216 ipse
1391 5149 1659 5204 transitus
1684 5166 1750 5203 ex
1784 5150 1954 5204 nihilo
1987 5152 2052 5205 ad

471 5244 679 5295 ortum,
710 5243 889 5290 motus
911 5237 1132 5305 quidam
1165 5246 1268 5301 est,
1301 5248 1355 5294 et
1384 5243 1633 5306 mutatio,
1672 5259 1778 5312 qua
1826 5245 1878 5297 id
1906 5246 2053 5313 quod

473 5337 656 5375 rerum
695 5325 747 5377 in
786 5336 982 5380 natura
1022 5345 1130 5382 non
1169 5343 1317 5393 erat,
1351 5333 1416 5387 de
1454 5337 1719 5390 sententia
1750 5339 2048 5392 voluntatis

474 5415 672 5470 divina:
697 5420 962 5474 exsistere
998 5423 1206 5493 incipit.
1229 5428 1402 5498 Atque
1416 5427 1534 5482 utin
1549 5430 1896 5502 Erangelio"
1918 5443 2046 5486 nota

475 5508 528 5561 in
562 5525 668 5564 aere
696 5527 952 5581 expressa
971 5515 1202 5573 Ctesaris
1228 5518 1405 5590 imago
1443 5520 1666 5584 dicitur,
1702 5523 1768 5576 de
1807 5540 1916 5592 quo
1962 5527 2048 5578 in-

476 5602 736 5672 telligitur
769 5607 1072 5661 secundum
1106 5621 1384 5665 externam
1415 5613 1648 5681 speciem
1689 5613 1860 5672 fuisse
1897 5618 2042 5672 illam

548 5776 595 5807 "
632 5776 799 5833 Marc.
855 5796 950 5847 xu,
998 5781 1079 5836 15.

2167 4601 2249 4656 τοῦ
2309 4603 2509 4673 χαλκοῦ
2559 4603 2879 4673 χαρακτῆρα
2937 4602 3212 4674 Καίσαρος
3256 4605 3439 4656 εἰκόνα
3483 4601 3628 4671 λέγει
3679 4603 3742 4657 τὸ

2156 4695 2507 4763 Εὐαγγέλιον,
2557 4696 2625 4748 δι’
2672 4689 2732 4749 οὗ
2781 4693 3120 4765 μανθάνομεν
3164 4695 3304 4749 κατὰ
3357 4695 3454 4765 μὲν
3501 4695 3561 4748 τὸ
3608 4697 3742 4768 πρό-

2157 4805 2344 4858 σχημα
2393 4787 2491 4860 τὴν
2520 4787 2780 4856 ὁμοίωσιν
2817 4783 2956 4840 εἶναι
2990 4785 3082 4838 τοῦ
3123 4786 3554 4858 μεμορφωμένου
3597 4787 3740 4858 πρὸς

2156 4881 2431 4950 Καίσαρα,
2462 4881 2520 4932 ὲν
2548 4879 2603 4931 δὲ
2626 4877 2703 4949 τῷ
2729 4878 3071 4949 ὑποκειμένῳ
3108 4877 3205 4949 τὴν
3238 4878 3503 4950 διαφορὰν
3547 4879 3692 4949 ἔχειν
3720 4896 3734 4910 °

2152 4973 2294 5026 οὕτω
2315 4966 2571 5025 καὶκατὰ
2617 4971 2703 5024 τὸν
2745 4971 2985 5042 παρόντα
3014 4971 3192 5040 λόγον,
3221 4970 3344 5023 ἀντὶ
3369 4973 3736 5041 χαρακτήρων

2149 5065 2218 5116 τὰ
2253 5062 2695 5132 ἐπιθεωρούμενα
2725 5065 2790 5133 τῇ
2822 5079 2879 5114 τε
2909 5062 3026 5133 θείᾳ.
3070 5062 3229 5132 φύσει
3275 5062 3368 5115 καὶ
3412 5065 3476 5132 τῇ
3523 5061 3738 5134 ἀνθρωο

2154 5156 2282 5226 πίνῃ
2313 5156 2770 5224 κατανοήσαντες,
2797 5156 2852 5206 ἐν
2882 5149 2961 5214 οἷς
3004 5155 3036 5224 ἡ
3072 5154 3329 5224 ὁμοιότης
3367 5156 3533 5219 ἐστὶν,
3564 5155 3630 5231 ,ἐν
3655 5153 3735 5224 τῷ

2153 5249 2501 5320 ὑποκειμένῳ
2543 5247 2640 5318 τὴν
2661 5246 2922 5317 διαφορὰν
2971 5246 3378 5317 ἐξευρίσκομεν,
3412 5247 3532 5316 ἦτις
3576 5247 3732 5318 ἐντῷ

2155 5343 2394 5410 ἀκτίστῳ
2441 5341 2535 5393 καὶ
2568 5340 2644 5409 τῷ
2685 5337 2884 5408 κτιστῷ
2931 5339 3250 5410 καθορᾶται.
3305 5338 3519 5409 Ἐπειδὴ
3550 5338 3730 5392 τοίνυν

2153 5435 2216 5488 τὸ
2247 5435 2346 5504 μὲν
2374 5431 2632 5494 ὡσαύτως
2668 5431 2796 5500 ἔχει,
2829 5431 2919 5483 καὶ
2957 5432 3063 5493 ἀεὶ,
3095 5431 3154 5484 τὸ
3185 5432 3240 5485 δὲ
3273 5432 3358 5484 διὰ
3385 5431 3616 5494 κτίσεως
3642 5448 3729 5500 γει

2155 5525 2455 5596 γενημένον
2504 5523 2596 5576 ἀπ’
2649 5519 2984 5583 ἀλλοιώσεως
3027 5521 3120 5573 τοῦ
3166 5517 3302 5573 εἶναι
3350 5519 3584 5591 ἤρξατο,
3635 5518 3730 5571 καὶ

2157 5615 2432 5684 συγγενῶς
2504 5614 2640 5684 πρὸς
2704 5614 2801 5684 τὴν
2843 5613 3118 5684 ’τοιαύτην
3171 5611 3280 5682 ἔχει
3337 5613 3576 5683 τροπήν·
3636 5609 3728 5666 διὰ
