  <div class='ocr_page' id='page_1' title='image "/cluster/home/n/w/nwhite01/storage/ocr_20150623/44/hvd.32044012542270/102.png"; bbox 0 0 3996 6462; ppageno 0'>
   <div class='ocr_carea' id='block_1_1' title="bbox 223 383 328 442">
    <p class='ocr_par' dir='ltr' id='par_1_1' title="bbox 223 383 328 442">
     <span class='ocr_line' id='line_1_1' title="bbox 223 383 328 442; baseline 0 0"><span class='ocrx_word' id='word_1_1' title='bbox 223 383 328 442; x_wconf 73' lang='lat'><strong>135</strong></span> 
     </span>
    </p>
   </div>
   <div class='ocr_carea' id='block_1_2' title="bbox 1477 389 2236 450">
    <p class='ocr_par' dir='ltr' id='par_1_2' title="bbox 1477 389 2236 450">
     <span class='ocr_line' id='line_1_2' title="bbox 1477 389 2236 450; baseline 0.008 -6"><span class='ocrx_word' id='word_1_2' title='bbox 1477 389 1566 444; x_wconf 81' lang='lat' dir='ltr'><strong>DE</strong></span> <span class='ocrx_word' id='word_1_3' title='bbox 1603 389 1887 448; x_wconf 76' lang='lat' dir='ltr'><strong>HOMINIS</strong></span> <span class='ocrx_word' id='word_1_4' title='bbox 1923 391 2236 450; x_wconf 81' lang='lat' dir='ltr'><strong>OPlFlCIO.</strong></span> 
     </span>
    </p>
   </div>
   <div class='ocr_carea' id='block_1_3' title="bbox 3383 397 3484 452">
    <p class='ocr_par' dir='ltr' id='par_1_3' title="bbox 3383 397 3484 452">
     <span class='ocr_line' id='line_1_3' title="bbox 3383 397 3484 452; baseline 0.05 -4"><span class='ocrx_word' id='word_1_5' title='bbox 3383 397 3484 452; x_wconf 72' lang='lat'><strong>186</strong></span> 
     </span>
    </p>
   </div>
   <div class='ocr_carea' id='block_1_4' title="bbox 186 500 1825 580">
    <p class='ocr_par' dir='ltr' id='par_1_4' title="bbox 186 500 1807 576">
     <span class='ocr_line' id='line_1_4' title="bbox 186 500 1807 576; baseline 0.007 -26"><span class='ocrx_word' id='word_1_6' title='bbox 186 507 191 512; x_wconf 87' lang='lat'>&#39;</span> <span class='ocrx_word' id='word_1_7' title='bbox 223 500 384 553; x_wconf 83' lang='grc' dir='ltr'>τοῦτο</span> <span class='ocrx_word' id='word_1_8' title='bbox 403 503 432 555; x_wconf 90' lang='lat'><strong>6</strong></span> <span class='ocrx_word' id='word_1_9' title='bbox 463 501 619 566; x_wconf 86' lang='grc' dir='ltr'>εἰδὼς</span> <span class='ocrx_word' id='word_1_10' title='bbox 640 502 711 556; x_wconf 80' lang='grc' dir='ltr'>τὰ</span> <span class='ocrx_word' id='word_1_11' title='bbox 739 503 917 558; x_wconf 87' lang='grc' dir='ltr'>πάντα</span> <span class='ocrx_word' id='word_1_12' title='bbox 946 505 1077 576; x_wconf 74' lang='grc' dir='ltr'>πρὶν</span> <span class='ocrx_word' id='word_1_13' title='bbox 1111 505 1378 571; x_wconf 85' lang='grc' dir='ltr'>γενέσεως</span> <span class='ocrx_word' id='word_1_14' title='bbox 1400 507 1602 569; x_wconf 79' lang='grc' dir='ltr'>αὐτῶν,</span> <span class='ocrx_word' id='word_1_15' title='bbox 1625 505 1807 571; x_wconf 86' lang='grc' dir='ltr'>καθώς</span> 
     </span>
    </p>
   </div>
   <div class='ocr_carea' id='block_1_5' title="bbox 1919 500 3478 580">
    <p class='ocr_par' dir='ltr' id='par_1_5' title="bbox 1919 507 3478 580">
     <span class='ocr_line' id='line_1_5' title="bbox 1919 507 3478 580; baseline 0 -16"><span class='ocrx_word' id='word_1_16' title='bbox 1919 512 2323 566; x_wconf 73' lang='lat' dir='ltr'><strong>similitudinem</strong></span> <span class='ocrx_word' id='word_1_17' title='bbox 2353 511 2431 567; x_wconf 85' lang='lat' dir='ltr'><strong>rei</strong></span> <span class='ocrx_word' id='word_1_18' title='bbox 2467 509 2821 566; x_wconf 75' lang='lat' dir='ltr'><strong>conformatae</strong></span> <span class='ocrx_word' id='word_1_19' title='bbox 2850 509 2916 564; x_wconf 90' lang='lat' dir='ltr'><strong>ad</strong></span> <span class='ocrx_word' id='word_1_20' title='bbox 2964 507 3191 580; x_wconf 79' lang='lat' dir='ltr'><strong>eﬂigiem</strong></span> <span class='ocrx_word' id='word_1_21' title='bbox 3234 508 3478 580; x_wconf 76' lang='lat' dir='ltr'><strong>Cesaris,</strong></span> 
     </span>
    </p>
   </div>
   <div class='ocr_carea' id='block_1_6' title="bbox 228 592 1803 671">
    <p class='ocr_par' dir='ltr' id='par_1_6' title="bbox 228 592 1803 671">
     <span class='ocr_line' id='line_1_6' title="bbox 228 592 1803 671; baseline -0.003 -27"><span class='ocrx_word' id='word_1_22' title='bbox 228 608 393 660; x_wconf 73' lang='grc' dir='ltr'>φησιν</span> <span class='ocrx_word' id='word_1_23' title='bbox 426 592 460 662; x_wconf 77' lang='grc' dir='ltr'>ἡ</span> <span class='ocrx_word' id='word_1_24' title='bbox 487 594 814 663; x_wconf 79' lang='grc' dir='ltr'><strong>προφητεία,</strong></span> <span class='ocrx_word' id='word_1_25' title='bbox 854 595 1316 668; x_wconf 84' lang='grc' dir='ltr'>ἐπακολουθήσας,</span> <span class='ocrx_word' id='word_1_26' title='bbox 1350 597 1550 668; x_wconf 79' lang='grc' dir='ltr'>μᾶλλον</span> <span class='ocrx_word' id='word_1_27' title='bbox 1577 598 1632 651; x_wconf 84' lang='grc' dir='ltr'>δὲ</span> <span class='ocrx_word' id='word_1_28' title='bbox 1668 616 1803 671; x_wconf 86' lang='grc' dir='ltr'>προ-</span> 
     </span>
    </p>
   </div>
   <div class='ocr_carea' id='block_1_7' title="bbox 227 685 1808 758">
    <p class='ocr_par' dir='ltr' id='par_1_7' title="bbox 227 685 1808 758">
     <span class='ocr_line' id='line_1_7' title="bbox 227 685 1808 758; baseline 0.005 -26"><span class='ocrx_word' id='word_1_29' title='bbox 227 686 570 752; x_wconf 70' lang='grc' dir='ltr'><strong>κατανοήσας</strong></span> <span class='ocrx_word' id='word_1_30' title='bbox 592 687 657 754; x_wconf 84' lang='grc' dir='ltr'>τῇ</span> <span class='ocrx_word' id='word_1_31' title='bbox 685 689 1067 757; x_wconf 81' lang='grc' dir='ltr'>προγνωστικῇ</span> <span class='ocrx_word' id='word_1_32' title='bbox 1110 685 1356 756; x_wconf 82' lang='grc' dir='ltr'><strong>δυνάμει,</strong></span> <span class='ocrx_word' id='word_1_33' title='bbox 1387 687 1524 758; x_wconf 82' lang='grc' dir='ltr'>πρὸς</span> <span class='ocrx_word' id='word_1_34' title='bbox 1558 692 1585 744; x_wconf 86' lang='grc' dir='ltr'>ὃ</span> <span class='ocrx_word' id='word_1_35' title='bbox 1630 706 1682 742; x_wconf 87' lang='grc' dir='ltr'><strong>τι</strong></span> <span class='ocrx_word' id='word_1_36' title='bbox 1717 689 1808 756; x_wconf 78' lang='grc' dir='ltr'><strong>ῥέ-</strong></span> 
     </span>
    </p>
   </div>
   <div class='ocr_carea' id='block_1_8' title="bbox 227 773 1807 847">
    <p class='ocr_par' dir='ltr' id='par_1_8' title="bbox 227 773 1807 847">
     <span class='ocr_line' id='line_1_8' title="bbox 227 773 1807 847; baseline 0.003 -23"><span class='ocrx_word' id='word_1_37' title='bbox 227 790 321 826; x_wconf 90' lang='grc' dir='ltr'><strong>πει</strong></span> <span class='ocrx_word' id='word_1_38' title='bbox 360 773 499 825; x_wconf 80' lang='grc' dir='ltr'><strong>κατά</strong></span> <span class='ocrx_word' id='word_1_39' title='bbox 529 773 588 826; x_wconf 84' lang='grc' dir='ltr'><strong>τὸ</strong></span> <span class='ocrx_word' id='word_1_40' title='bbox 619 775 950 846; x_wconf 80' lang='grc' dir='ltr'>αὐτοκρατές</span> <span class='ocrx_word' id='word_1_41' title='bbox 982 793 1042 828; x_wconf 89' lang='grc' dir='ltr'><strong>τε</strong></span> <span class='ocrx_word' id='word_1_42' title='bbox 1073 777 1166 829; x_wconf 80' lang='grc' dir='ltr'>καὶ</span> <span class='ocrx_word' id='word_1_43' title='bbox 1196 777 1541 844; x_wconf 78' lang='grc' dir='ltr'><strong>αὐτεξούσιον</strong></span> <span class='ocrx_word' id='word_1_44' title='bbox 1577 777 1676 847; x_wconf 78' lang='grc' dir='ltr'><strong>τῆς</strong></span> <span class='ocrx_word' id='word_1_45' title='bbox 1714 779 1807 831; x_wconf 90' lang='grc' dir='ltr'>ἀν-</span> 
     </span>
    </p>
   </div>
   <div class='ocr_carea' id='block_1_9' title="bbox 229 863 1836 947">
    <p class='ocr_par' dir='ltr' id='par_1_9' title="bbox 229 863 1836 947">
     <span class='ocr_line' id='line_1_9' title="bbox 229 863 1836 947; baseline 0.004 -32"><span class='ocrx_word' id='word_1_46' title='bbox 229 863 510 936; x_wconf 85' lang='grc' dir='ltr'>θρωπίνης</span> <span class='ocrx_word' id='word_1_47' title='bbox 535 867 905 936; x_wconf 83' lang='grc' dir='ltr'>προαιρέσεως</span> <span class='ocrx_word' id='word_1_48' title='bbox 934 869 966 938; x_wconf 80' lang='grc' dir='ltr'>ὴ</span> <span class='ocrx_word' id='word_1_49' title='bbox 991 867 1222 938; x_wconf 87' lang='grc' dir='ltr'>κίνησις,</span> <span class='ocrx_word' id='word_1_50' title='bbox 1254 868 1441 940; x_wconf 80' lang='grc' dir='ltr'>ἐπειδὴ</span> <span class='ocrx_word' id='word_1_51' title='bbox 1471 870 1531 922; x_wconf 81' lang='grc' dir='ltr'><strong>τὸ</strong></span> <span class='ocrx_word' id='word_1_52' title='bbox 1551 870 1836 947; x_wconf 31' lang='grc' dir='ltr'>ἐσόμενονκ</span> 
     </span>
    </p>
   </div>
   <div class='ocr_carea' id='block_1_10' title="bbox 229 951 1807 1028">
    <p class='ocr_par' dir='ltr' id='par_1_10' title="bbox 229 951 1807 1028">
     <span class='ocr_line' id='line_1_10' title="bbox 229 951 1807 1028; baseline 0.003 -23"><span class='ocrx_word' id='word_1_53' title='bbox 229 951 392 1021; x_wconf 82' lang='grc' dir='ltr'>εἶδεν,</span> <span class='ocrx_word' id='word_1_54' title='bbox 443 955 791 1025; x_wconf 84' lang='grc' dir='ltr'>ἐπιτεχνᾶται</span> <span class='ocrx_word' id='word_1_55' title='bbox 834 959 900 1026; x_wconf 80' lang='grc' dir='ltr'>τῇ</span> <span class='ocrx_word' id='word_1_56' title='bbox 932 957 1100 1009; x_wconf 81' lang='grc' dir='ltr'>εἰκόνι</span> <span class='ocrx_word' id='word_1_57' title='bbox 1137 957 1234 1027; x_wconf 84' lang='grc' dir='ltr'>τὴν</span> <span class='ocrx_word' id='word_1_58' title='bbox 1265 958 1392 1024; x_wconf 77' lang='grc' dir='ltr'>περὶ</span> <span class='ocrx_word' id='word_1_59' title='bbox 1423 956 1482 1010; x_wconf 81' lang='grc' dir='ltr'><strong>τὸ</strong></span> <span class='ocrx_word' id='word_1_60' title='bbox 1519 958 1683 1028; x_wconf 70' lang='grc' dir='ltr'>ἄρρεν</span> <span class='ocrx_word' id='word_1_61' title='bbox 1713 959 1807 1010; x_wconf 77' lang='grc' dir='ltr'><strong>καὶ</strong></span> 
     </span>
    </p>
   </div>
   <div class='ocr_carea' id='block_1_11' title="bbox 231 1043 1807 1120">
    <p class='ocr_par' dir='ltr' id='par_1_11' title="bbox 231 1043 1807 1120">
     <span class='ocr_line' id='line_1_11' title="bbox 231 1043 1807 1120; baseline 0.005 -26"><span class='ocrx_word' id='word_1_62' title='bbox 231 1043 370 1113; x_wconf 78' lang='grc' dir='ltr'>θῆλυ</span> <span class='ocrx_word' id='word_1_63' title='bbox 405 1044 688 1116; x_wconf 78' lang='grc' dir='ltr'>διαφοράν,</span> <span class='ocrx_word' id='word_1_64' title='bbox 718 1047 839 1116; x_wconf 79' lang='grc' dir='ltr'>ἥτις</span> <span class='ocrx_word' id='word_1_65' title='bbox 866 1048 1050 1100; x_wconf 82' lang='grc' dir='ltr'>οὐκέτι</span> <span class='ocrx_word' id='word_1_66' title='bbox 1079 1047 1215 1118; x_wconf 85' lang='grc' dir='ltr'>πρὸς</span> <span class='ocrx_word' id='word_1_67' title='bbox 1245 1047 1305 1100; x_wconf 82' lang='grc' dir='ltr'><strong>τὸ</strong></span> <span class='ocrx_word' id='word_1_68' title='bbox 1332 1046 1474 1102; x_wconf 81' lang='grc' dir='ltr'>θεῖον</span> <span class='ocrx_word' id='word_1_69' title='bbox 1504 1049 1807 1120; x_wconf 85' lang='grc' dir='ltr'>ἀρχέτυπον</span> 
     </span>
    </p>
   </div>
   <div class='ocr_carea' id='block_1_12' title="bbox 231 1135 1809 1210">
    <p class='ocr_par' dir='ltr' id='par_1_12' title="bbox 231 1135 1809 1210">
     <span class='ocr_line' id='line_1_12' title="bbox 231 1135 1809 1210; baseline 0.003 -23"><span class='ocrx_word' id='word_1_70' title='bbox 231 1135 440 1205; x_wconf 83' lang='grc' dir='ltr'><strong>βλέπει,</strong></span> <span class='ocrx_word' id='word_1_71' title='bbox 497 1136 633 1190; x_wconf 78' lang='grc' dir='ltr'>ἀλλὰ</span> <span class='ocrx_word' id='word_1_72' title='bbox 670 1137 850 1200; x_wconf 85' lang='grc' dir='ltr'>καθὼς</span> <span class='ocrx_word' id='word_1_73' title='bbox 901 1138 1132 1209; x_wconf 85' lang='grc' dir='ltr'>εῐρηται,</span> <span class='ocrx_word' id='word_1_74' title='bbox 1179 1141 1244 1209; x_wconf 84' lang='grc' dir='ltr'>τῇ</span> <span class='ocrx_word' id='word_1_75' title='bbox 1290 1139 1604 1210; x_wconf 73' lang='grc' dir='ltr'>ἀλογωτέρᾳ</span> <span class='ocrx_word' id='word_1_76' title='bbox 1643 1155 1809 1210; x_wconf 88' lang='grc' dir='ltr'>προσ-</span> 
     </span>
    </p>
   </div>
   <div class='ocr_carea' id='block_1_13' title="bbox 230 1227 1809 1300">
    <p class='ocr_par' dir='ltr' id='par_1_13' title="bbox 230 1227 1809 1300">
     <span class='ocr_line' id='line_1_13' title="bbox 230 1227 1809 1300; baseline 0.003 -22"><span class='ocrx_word' id='word_1_77' title='bbox 230 1227 503 1296; x_wconf 81' lang='grc' dir='ltr'>ῳκείωται</span> <span class='ocrx_word' id='word_1_78' title='bbox 537 1228 714 1297; x_wconf 87' lang='grc' dir='ltr'>φύσει.</span> <span class='ocrx_word' id='word_1_79' title='bbox 748 1229 858 1300; x_wconf 83' lang='grc' dir='ltr'><strong>Τὴν</strong></span> <span class='ocrx_word' id='word_1_80' title='bbox 898 1228 954 1281; x_wconf 83' lang='grc' dir='ltr'><strong>δὲ</strong></span> <span class='ocrx_word' id='word_1_81' title='bbox 998 1231 1175 1282; x_wconf 77' lang='grc' dir='ltr'>αἰτίαν</span> <span class='ocrx_word' id='word_1_82' title='bbox 1200 1231 1298 1298; x_wconf 79' lang='grc' dir='ltr'>τῆς</span> <span class='ocrx_word' id='word_1_83' title='bbox 1339 1230 1595 1300; x_wconf 80' lang='grc' dir='ltr'>τοιαύτης</span> <span class='ocrx_word' id='word_1_84' title='bbox 1623 1231 1809 1283; x_wconf 86' lang='grc' dir='ltr'>ἐπιτε-</span> 
     </span>
    </p>
   </div>
   <div class='ocr_carea' id='block_1_14' title="bbox 230 1319 1808 1392">
    <p class='ocr_par' dir='ltr' id='par_1_14' title="bbox 230 1319 1808 1392">
     <span class='ocr_line' id='line_1_14' title="bbox 230 1319 1808 1392; baseline 0.002 -22"><span class='ocrx_word' id='word_1_85' title='bbox 230 1319 475 1389; x_wconf 80' lang='grc' dir='ltr'>χνήσεως</span> <span class='ocrx_word' id='word_1_86' title='bbox 512 1320 662 1390; x_wconf 85' lang='grc' dir='ltr'>μόνοι</span> <span class='ocrx_word' id='word_1_87' title='bbox 694 1320 795 1391; x_wconf 84' lang='grc' dir='ltr'><strong>μὲν</strong></span> <span class='ocrx_word' id='word_1_88' title='bbox 835 1319 901 1373; x_wconf 84' lang='grc' dir='ltr'><strong>ἂν</strong></span> <span class='ocrx_word' id='word_1_89' title='bbox 926 1321 1117 1374; x_wconf 87' lang='grc' dir='ltr'>εἰδεῖεν</span> <span class='ocrx_word' id='word_1_90' title='bbox 1152 1322 1202 1374; x_wconf 89' lang='grc' dir='ltr'><strong>οἰ</strong></span> <span class='ocrx_word' id='word_1_91' title='bbox 1229 1321 1328 1391; x_wconf 78' lang='grc' dir='ltr'>τῆς</span> <span class='ocrx_word' id='word_1_92' title='bbox 1362 1322 1619 1392; x_wconf 80' lang='grc' dir='ltr'>ἀληθείας</span> <span class='ocrx_word' id='word_1_93' title='bbox 1644 1321 1808 1374; x_wconf 80' lang='grc' dir='ltr'>αὐτό-</span> 
     </span>
    </p>
   </div>
   <div class='ocr_carea' id='block_1_15' title="bbox 231 1411 1808 1485">
    <p class='ocr_par' dir='ltr' id='par_1_15' title="bbox 231 1411 1808 1485">
     <span class='ocr_line' id='line_1_15' title="bbox 231 1411 1808 1485; baseline 0.003 -22"><span class='ocrx_word' id='word_1_94' title='bbox 231 1428 391 1476; x_wconf 83' lang='grc' dir='ltr'>πται,</span> <span class='ocrx_word' id='word_1_95' title='bbox 413 1413 506 1466; x_wconf 70' lang='grc' dir='ltr'><strong>καὶ</strong></span> <span class='ocrx_word' id='word_1_96' title='bbox 525 1411 793 1484; x_wconf 78' lang='grc' dir='ltr'>ὑπηρέται</span> <span class='ocrx_word' id='word_1_97' title='bbox 819 1413 912 1466; x_wconf 88' lang='grc' dir='ltr'><strong>τοῦ</strong></span> <span class='ocrx_word' id='word_1_98' title='bbox 942 1414 1121 1482; x_wconf 82' lang='grc' dir='ltr'><strong>λόγου.</strong></span> <span class='ocrx_word' id='word_1_99' title='bbox 1165 1415 1358 1485; x_wconf 78' lang='grc' dir='ltr'>Ἡμεῖς</span> <span class='ocrx_word' id='word_1_100' title='bbox 1386 1415 1462 1478; x_wconf 84' lang='grc' dir='ltr'>δὲ,</span> <span class='ocrx_word' id='word_1_101' title='bbox 1488 1414 1668 1478; x_wconf 84' lang='grc' dir='ltr'>καθώς</span> <span class='ocrx_word' id='word_1_102' title='bbox 1691 1418 1808 1468; x_wconf 89' lang='grc' dir='ltr'>ἐστι</span> 
     </span>
    </p>
   </div>
   <div class='ocr_carea' id='block_1_16' title="bbox 231 1507 1812 1588">
    <p class='ocr_par' dir='ltr' id='par_1_16' title="bbox 231 1507 1812 1588">
     <span class='ocr_line' id='line_1_16' title="bbox 231 1507 1812 1588; baseline 0.001 -28"><span class='ocrx_word' id='word_1_103' title='bbox 231 1507 578 1570; x_wconf 76' lang='grc' dir='ltr'>δυνατὸν,διὰ</span> <span class='ocrx_word' id='word_1_104' title='bbox 602 1507 922 1578; x_wconf 82' lang='grc' dir='ltr'>στοχασμῶν</span> <span class='ocrx_word' id='word_1_105' title='bbox 943 1525 1106 1561; x_wconf 89' lang='grc' dir='ltr'>τινων</span> <span class='ocrx_word' id='word_1_106' title='bbox 1130 1509 1220 1561; x_wconf 81' lang='grc' dir='ltr'><strong>καὶ</strong></span> <span class='ocrx_word' id='word_1_107' title='bbox 1238 1509 1459 1561; x_wconf 82' lang='grc' dir='ltr'>εἰκόνων</span> <span class='ocrx_word' id='word_1_108' title='bbox 1480 1509 1812 1588; x_wconf 56' lang='grc' dir='ltr'>φαντασθένς</span> 
     </span>
    </p>
   </div>
   <div class='ocr_carea' id='block_1_17' title="bbox 230 1595 1810 1669">
    <p class='ocr_par' dir='ltr' id='par_1_17' title="bbox 230 1595 1810 1669">
     <span class='ocr_line' id='line_1_17' title="bbox 230 1595 1810 1669; baseline 0.003 -20"><span class='ocrx_word' id='word_1_109' title='bbox 230 1614 326 1660; x_wconf 89' lang='grc' dir='ltr'><strong>τες</strong></span> <span class='ocrx_word' id='word_1_110' title='bbox 349 1597 447 1667; x_wconf 83' lang='grc' dir='ltr'>τὴν</span> <span class='ocrx_word' id='word_1_111' title='bbox 468 1595 742 1668; x_wconf 84' lang='grc' dir='ltr'>ἀλήθειαν,</span> <span class='ocrx_word' id='word_1_112' title='bbox 767 1597 826 1649; x_wconf 79' lang='grc' dir='ltr'>τὸ</span> <span class='ocrx_word' id='word_1_113' title='bbox 855 1599 946 1650; x_wconf 74' lang='grc' dir='ltr'><strong>ἐπὶ</strong></span> <span class='ocrx_word' id='word_1_114' title='bbox 975 1596 1098 1651; x_wconf 90' lang='grc' dir='ltr'>νοῦν</span> <span class='ocrx_word' id='word_1_115' title='bbox 1121 1597 1274 1652; x_wconf 88' lang='grc' dir='ltr'>ἐλθὸν</span> <span class='ocrx_word' id='word_1_116' title='bbox 1303 1599 1402 1652; x_wconf 81' lang='grc' dir='ltr'><strong>οὐκ</strong></span> <span class='ocrx_word' id='word_1_117' title='bbox 1422 1600 1810 1669; x_wconf 64' lang='grc' dir='ltr'>ἀποφαντικιῖκ</span> 
     </span>
    </p>
   </div>
   <div class='ocr_carea' id='block_1_18' title="bbox 232 1687 1810 1760">
    <p class='ocr_par' dir='ltr' id='par_1_18' title="bbox 232 1687 1810 1760">
     <span class='ocr_line' id='line_1_18' title="bbox 232 1687 1810 1760; baseline 0.003 -20"><span class='ocrx_word' id='word_1_118' title='bbox 232 1689 582 1758; x_wconf 86' lang='grc' dir='ltr'>ἐκτιθεμεθα,</span> <span class='ocrx_word' id='word_1_119' title='bbox 613 1687 726 1741; x_wconf 84' lang='grc' dir='ltr'>ἀλλ’</span> <span class='ocrx_word' id='word_1_120' title='bbox 755 1689 828 1752; x_wconf 82' lang='grc' dir='ltr'>ὡς</span> <span class='ocrx_word' id='word_1_121' title='bbox 869 1691 926 1741; x_wconf 88' lang='grc' dir='ltr'><strong>ἐν</strong></span> <span class='ocrx_word' id='word_1_122' title='bbox 954 1690 1261 1760; x_wconf 83' lang='grc' dir='ltr'>γυμνασίας</span> <span class='ocrx_word' id='word_1_123' title='bbox 1296 1689 1428 1743; x_wconf 80' lang='grc' dir='ltr'>εῖδει</span> <span class='ocrx_word' id='word_1_124' title='bbox 1455 1693 1567 1754; x_wconf 85' lang='grc' dir='ltr'>τοῖς</span> <span class='ocrx_word' id='word_1_125' title='bbox 1609 1690 1810 1760; x_wconf 82' lang='grc' dir='ltr'>εὐγνώ-</span> 
     </span>
    </p>
   </div>
   <div class='ocr_carea' id='block_1_19' title="bbox 235 1779 1807 1853">
    <p class='ocr_par' dir='ltr' id='par_1_19' title="bbox 235 1779 1807 1853">
     <span class='ocr_line' id='line_1_19' title="bbox 235 1779 1807 1853; baseline 0.003 -21"><span class='ocrx_word' id='word_1_126' title='bbox 235 1797 366 1850; x_wconf 86' lang='grc' dir='ltr'>μοσι</span> <span class='ocrx_word' id='word_1_127' title='bbox 389 1779 499 1832; x_wconf 83' lang='grc' dir='ltr'>τῶν</span> <span class='ocrx_word' id='word_1_128' title='bbox 523 1780 889 1852; x_wconf 82' lang='grc' dir='ltr'>ἀκροωμένων</span> <span class='ocrx_word' id='word_1_129' title='bbox 917 1780 1320 1853; x_wconf 85' lang='grc' dir='ltr'>προσθήσομεν.</span> <span class='ocrx_word' id='word_1_130' title='bbox 1344 1783 1409 1835; x_wconf 90' lang='grc' dir='ltr'>Τί</span> <span class='ocrx_word' id='word_1_131' title='bbox 1434 1783 1612 1836; x_wconf 86' lang='grc' dir='ltr'>τοίνυν</span> <span class='ocrx_word' id='word_1_132' title='bbox 1641 1785 1807 1847; x_wconf 79' lang='grc' dir='ltr'>ἐστὶν,</span> 
     </span>
    </p>
   </div>
   <div class='ocr_carea' id='block_1_20' title="bbox 231 1872 1810 1944">
    <p class='ocr_par' dir='ltr' id='par_1_20' title="bbox 231 1872 1810 1944">
     <span class='ocr_line' id='line_1_20' title="bbox 231 1872 1810 1944; baseline 0.002 -19"><span class='ocrx_word' id='word_1_133' title='bbox 231 1873 262 1924; x_wconf 81' lang='grc' dir='ltr'><strong>ὃ</strong></span> <span class='ocrx_word' id='word_1_134' title='bbox 291 1872 420 1943; x_wconf 78' lang='grc' dir='ltr'>περὶ</span> <span class='ocrx_word' id='word_1_135' title='bbox 448 1873 651 1925; x_wconf 85' lang='grc' dir='ltr'>τούτων</span> <span class='ocrx_word' id='word_1_136' title='bbox 682 1872 1034 1944; x_wconf 82' lang='grc' dir='ltr'>διενοήθημεν</span> <span class='ocrx_word' id='word_1_137' title='bbox 1055 1890 1069 1938; x_wconf 85' lang='grc'>;</span> <span class='ocrx_word' id='word_1_138' title='bbox 1094 1872 1279 1926; x_wconf 81' lang='grc' dir='ltr'>Εἰπὼν</span> <span class='ocrx_word' id='word_1_139' title='bbox 1310 1876 1339 1928; x_wconf 91' lang='lat'><strong>6</strong></span> <span class='ocrx_word' id='word_1_140' title='bbox 1373 1874 1528 1943; x_wconf 83' lang='grc' dir='ltr'>λόγος</span> <span class='ocrx_word' id='word_1_141' title='bbox 1555 1876 1637 1928; x_wconf 86' lang='grc' dir='ltr'><strong>ὅτι</strong></span> <span class='ocrx_word' id='word_1_142' title='bbox 1659 1876 1810 1928; x_wconf 85' lang='grc' dir='ltr'>ἐποί-</span> 
     </span>
    </p>
   </div>
   <div class='ocr_carea' id='block_1_21' title="bbox 230 1963 1810 2038">
    <p class='ocr_par' dir='ltr' id='par_1_21' title="bbox 230 1963 1810 2038">
     <span class='ocr_line' id='line_1_21' title="bbox 230 1963 1810 2038; baseline 0.003 -22"><span class='ocrx_word' id='word_1_143' title='bbox 230 1981 368 2034; x_wconf 86' lang='grc' dir='ltr'>ησεν</span> <span class='ocrx_word' id='word_1_144' title='bbox 395 1966 422 2018; x_wconf 92' lang='lat'><strong>6</strong></span> <span class='ocrx_word' id='word_1_145' title='bbox 446 1964 579 2028; x_wconf 83' lang='grc' dir='ltr'>Θεὸς</span> <span class='ocrx_word' id='word_1_146' title='bbox 603 1963 695 2018; x_wconf 79' lang='grc' dir='ltr'><strong>τὸν</strong></span> <span class='ocrx_word' id='word_1_147' title='bbox 715 1963 1021 2034; x_wconf 82' lang='grc' dir='ltr'>ἄνθρωπον,</span> <span class='ocrx_word' id='word_1_148' title='bbox 1053 1963 1132 2034; x_wconf 85' lang='grc' dir='ltr'>τῷ</span> <span class='ocrx_word' id='word_1_149' title='bbox 1153 1965 1387 2037; x_wconf 82' lang='grc' dir='ltr'>ἀορίστῳ</span> <span class='ocrx_word' id='word_1_150' title='bbox 1410 1967 1509 2034; x_wconf 88' lang='grc' dir='ltr'>τῆς</span> <span class='ocrx_word' id='word_1_151' title='bbox 1537 1967 1810 2038; x_wconf 85' lang='grc' dir='ltr'>σημασίας</span> 
     </span>
    </p>
   </div>
   <div class='ocr_carea' id='block_1_22' title="bbox 233 2055 1875 2128">
    <p class='ocr_par' dir='ltr' id='par_1_22' title="bbox 233 2055 1875 2128">
     <span class='ocr_line' id='line_1_22' title="bbox 233 2055 1875 2128; baseline -0.001 -16"><span class='ocrx_word' id='word_1_152' title='bbox 233 2061 383 2112; x_wconf 75' lang='grc' dir='ltr'>ἅπαν</span> <span class='ocrx_word' id='word_1_153' title='bbox 417 2056 750 2110; x_wconf 78' lang='grc' dir='ltr'>ἐνδείκνυται</span> <span class='ocrx_word' id='word_1_154' title='bbox 777 2057 839 2110; x_wconf 84' lang='grc' dir='ltr'><strong>τὸ</strong></span> <span class='ocrx_word' id='word_1_155' title='bbox 868 2055 1232 2128; x_wconf 85' lang='grc' dir='ltr'>ἀνθρώπινον.</span> <span class='ocrx_word' id='word_1_156' title='bbox 1266 2058 1341 2110; x_wconf 81' lang='grc' dir='ltr'><strong>Οὐ</strong></span> <span class='ocrx_word' id='word_1_157' title='bbox 1367 2058 1474 2128; x_wconf 88' lang='grc' dir='ltr'>γὰρ</span> <span class='ocrx_word' id='word_1_158' title='bbox 1501 2055 1826 2128; x_wconf 76' lang='grc' dir='ltr'>συνωνομά-’</span> <span class='ocrx_word' id='word_1_159' title='bbox 1868 2067 1875 2082; x_wconf 91' lang='lat'>&#39;</span> 
     </span>
    </p>
   </div>
   <div class='ocr_carea' id='block_1_23' title="bbox 233 2147 1812 2221">
    <p class='ocr_par' dir='ltr' id='par_1_23' title="bbox 233 2147 1812 2221">
     <span class='ocr_line' id='line_1_23' title="bbox 233 2147 1812 2221; baseline -0.001 -18"><span class='ocrx_word' id='word_1_160' title='bbox 233 2152 340 2221; x_wconf 65' lang='grc' dir='ltr'>σὲη</span> <span class='ocrx_word' id='word_1_161' title='bbox 363 2149 444 2219; x_wconf 82' lang='grc' dir='ltr'>τῷ</span> <span class='ocrx_word' id='word_1_162' title='bbox 463 2149 723 2220; x_wconf 82' lang='grc' dir='ltr'>κτίσματι</span> <span class='ocrx_word' id='word_1_163' title='bbox 761 2149 856 2203; x_wconf 90' lang='grc' dir='ltr'><strong>νῦν</strong></span> <span class='ocrx_word' id='word_1_164' title='bbox 879 2152 907 2203; x_wconf 98' lang='lat'><strong>6</strong></span> <span class='ocrx_word' id='word_1_165' title='bbox 940 2149 1131 2220; x_wconf 81' lang='grc' dir='ltr'>Ἀδὰμ,</span> <span class='ocrx_word' id='word_1_166' title='bbox 1166 2147 1350 2212; x_wconf 89' lang='grc' dir='ltr'>καθὼς</span> <span class='ocrx_word' id='word_1_167' title='bbox 1386 2151 1444 2202; x_wconf 91' lang='grc' dir='ltr'><strong>ἐν</strong></span> <span class='ocrx_word' id='word_1_168' title='bbox 1478 2153 1590 2212; x_wconf 87' lang='grc' dir='ltr'>τοῖς</span> <span class='ocrx_word' id='word_1_169' title='bbox 1616 2151 1812 2219; x_wconf 82' lang='grc' dir='ltr'>ἐφεξῆς</span> 
     </span>
    </p>
   </div>
   <div class='ocr_carea' id='block_1_24' title="bbox 231 2239 1812 2316">
    <p class='ocr_par' dir='ltr' id='par_1_24' title="bbox 231 2239 1812 2316">
     <span class='ocr_line' id='line_1_24' title="bbox 231 2239 1812 2316; baseline -0.001 -22"><span class='ocrx_word' id='word_1_170' title='bbox 231 2245 267 2313; x_wconf 78' lang='grc' dir='ltr'><strong>ἡ</strong></span> <span class='ocrx_word' id='word_1_171' title='bbox 300 2243 514 2316; x_wconf 80' lang='grc' dir='ltr'>ἱστορία</span> <span class='ocrx_word' id='word_1_172' title='bbox 549 2243 748 2311; x_wconf 85' lang='grc' dir='ltr'>φησίν·</span> <span class='ocrx_word' id='word_1_173' title='bbox 791 2242 904 2297; x_wconf 84' lang='grc' dir='ltr'>ἀλλ’</span> <span class='ocrx_word' id='word_1_174' title='bbox 930 2243 1104 2313; x_wconf 71' lang='grc' dir='ltr'>ὄνομα</span> <span class='ocrx_word' id='word_1_175' title='bbox 1139 2241 1220 2313; x_wconf 81' lang='grc' dir='ltr'>τῷ</span> <span class='ocrx_word' id='word_1_176' title='bbox 1247 2240 1522 2294; x_wconf 87' lang='grc' dir='ltr'>κτισθέντι</span> <span class='ocrx_word' id='word_1_177' title='bbox 1542 2239 1812 2311; x_wconf 80' lang='grc' dir='ltr'>ἀνθρώπῳ</span> 
     </span>
    </p>
   </div>
   <div class='ocr_carea' id='block_1_25' title="bbox 230 2330 1810 2404">
    <p class='ocr_par' dir='ltr' id='par_1_25' title="bbox 230 2330 1810 2404">
     <span class='ocr_line' id='line_1_25' title="bbox 230 2330 1810 2404; baseline -0.002 -17"><span class='ocrx_word' id='word_1_178' title='bbox 230 2335 334 2404; x_wconf 78' lang='grc' dir='ltr'>οὐχ</span> <span class='ocrx_word' id='word_1_179' title='bbox 353 2336 382 2388; x_wconf 91' lang='lat'><strong>6</strong></span> <span class='ocrx_word' id='word_1_180' title='bbox 406 2335 511 2397; x_wconf 79' lang='grc' dir='ltr'>τὶς,</span> <span class='ocrx_word' id='word_1_181' title='bbox 540 2333 657 2388; x_wconf 88' lang='grc' dir='ltr'>ἀλλ’</span> <span class='ocrx_word' id='word_1_182' title='bbox 680 2335 707 2386; x_wconf 94' lang='lat'><strong>6</strong></span> <span class='ocrx_word' id='word_1_183' title='bbox 743 2332 972 2387; x_wconf 87' lang='grc' dir='ltr'>καθόλου</span> <span class='ocrx_word' id='word_1_184' title='bbox 1011 2332 1182 2387; x_wconf 87' lang='grc' dir='ltr'>ἐστίν.</span> <span class='ocrx_word' id='word_1_185' title='bbox 1206 2330 1413 2384; x_wconf 79' lang='grc' dir='ltr'>Οὐκοῦν</span> <span class='ocrx_word' id='word_1_186' title='bbox 1443 2333 1510 2402; x_wconf 81' lang='grc' dir='ltr'>τῇ</span> <span class='ocrx_word' id='word_1_187' title='bbox 1552 2331 1810 2402; x_wconf 80' lang='grc' dir='ltr'>καθολικῇ</span> 
     </span>
    </p>
   </div>
   <div class='ocr_carea' id='block_1_26' title="bbox 229 2421 1809 2496">
    <p class='ocr_par' dir='ltr' id='par_1_26' title="bbox 229 2421 1809 2496">
     <span class='ocr_line' id='line_1_26' title="bbox 229 2421 1809 2496; baseline -0.004 -16"><span class='ocrx_word' id='word_1_188' title='bbox 229 2428 334 2496; x_wconf 80' lang='grc' dir='ltr'>τῆς</span> <span class='ocrx_word' id='word_1_189' title='bbox 373 2426 587 2496; x_wconf 82' lang='grc' dir='ltr'>φύσεως</span> <span class='ocrx_word' id='word_1_190' title='bbox 618 2425 804 2496; x_wconf 85' lang='grc' dir='ltr'>κλήσει</span> <span class='ocrx_word' id='word_1_191' title='bbox 840 2424 1081 2478; x_wconf 83' lang='grc' dir='ltr'>τοιοῦτόν</span> <span class='ocrx_word' id='word_1_192' title='bbox 1109 2441 1161 2476; x_wconf 94' lang='grc' dir='ltr'><strong>τι</strong></span> <span class='ocrx_word' id='word_1_193' title='bbox 1205 2423 1451 2476; x_wconf 82' lang='grc' dir='ltr'>ὑπονοεῖν</span> <span class='ocrx_word' id='word_1_194' title='bbox 1484 2421 1809 2493; x_wconf 86' lang='grc' dir='ltr'>ἐναγόμεθα,</span> 
     </span>
    </p>
   </div>
   <div class='ocr_carea' id='block_1_27' title="bbox 231 2514 1846 2590">
    <p class='ocr_par' dir='ltr' id='par_1_27' title="bbox 231 2514 1846 2590">
     <span class='ocr_line' id='line_1_27' title="bbox 231 2514 1846 2590; baseline -0.002 -18"><span class='ocrx_word' id='word_1_195' title='bbox 231 2521 316 2572; x_wconf 82' lang='grc' dir='ltr'>ὃτι</span> <span class='ocrx_word' id='word_1_196' title='bbox 353 2522 419 2590; x_wconf 84' lang='grc' dir='ltr'>τῇ</span> <span class='ocrx_word' id='word_1_197' title='bbox 458 2518 578 2589; x_wconf 72' lang='grc' dir='ltr'>θείᾳ</span> <span class='ocrx_word' id='word_1_198' title='bbox 620 2516 924 2588; x_wconf 84' lang='grc' dir='ltr'>προγνώσει</span> <span class='ocrx_word' id='word_1_199' title='bbox 962 2533 1022 2570; x_wconf 87' lang='grc' dir='ltr'><strong>τε</strong></span> <span class='ocrx_word' id='word_1_200' title='bbox 1060 2517 1155 2570; x_wconf 78' lang='grc' dir='ltr'>καὶ</span> <span class='ocrx_word' id='word_1_201' title='bbox 1195 2514 1424 2584; x_wconf 81' lang='grc' dir='ltr'>δυνάμει</span> <span class='ocrx_word' id='word_1_202' title='bbox 1464 2517 1611 2570; x_wconf 84' lang='grc' dir='ltr'>πᾶσα</span> <span class='ocrx_word' id='word_1_203' title='bbox 1636 2517 1690 2586; x_wconf 81' lang='grc' dir='ltr'><strong>-ή</strong></span> <span class='ocrx_word' id='word_1_204' title='bbox 1726 2519 1846 2570; x_wconf 51' lang='grc' dir='ltr'>ἀνσκ</span> 
     </span>
    </p>
   </div>
   <div class='ocr_carea' id='block_1_28' title="bbox 232 2607 1809 2682">
    <p class='ocr_par' dir='ltr' id='par_1_28' title="bbox 232 2607 1809 2682">
     <span class='ocr_line' id='line_1_28' title="bbox 232 2607 1809 2682; baseline -0.002 -18"><span class='ocrx_word' id='word_1_205' title='bbox 232 2610 527 2680; x_wconf 84' lang='grc' dir='ltr'>θρωπότης</span> <span class='ocrx_word' id='word_1_206' title='bbox 574 2612 632 2664; x_wconf 82' lang='grc' dir='ltr'><strong>ὲν</strong></span> <span class='ocrx_word' id='word_1_207' title='bbox 677 2613 744 2680; x_wconf 81' lang='grc' dir='ltr'>τῇ</span> <span class='ocrx_word' id='word_1_208' title='bbox 802 2607 994 2680; x_wconf 81' lang='grc' dir='ltr'>πρώτῃ</span> <span class='ocrx_word' id='word_1_209' title='bbox 1037 2613 1352 2682; x_wconf 83' lang='grc' dir='ltr'>κατασκευῇ</span> <span class='ocrx_word' id='word_1_210' title='bbox 1406 2609 1809 2680; x_wconf 81' lang='grc' dir='ltr'>περιείληπται.</span> 
     </span>
    </p>
   </div>
   <div class='ocr_carea' id='block_1_29' title="bbox 230 2701 1813 2774">
    <p class='ocr_par' dir='ltr' id='par_1_29' title="bbox 230 2701 1813 2774">
     <span class='ocr_line' id='line_1_29' title="bbox 230 2701 1813 2774; baseline -0.003 -18"><span class='ocrx_word' id='word_1_211' title='bbox 230 2703 358 2774; x_wconf 83' lang='grc' dir='ltr'><strong>Χρὴ</strong></span> <span class='ocrx_word' id='word_1_212' title='bbox 382 2703 492 2773; x_wconf 81' lang='grc' dir='ltr'><strong>γὰρ</strong></span> <span class='ocrx_word' id='word_1_213' title='bbox 529 2701 650 2772; x_wconf 84' lang='grc' dir='ltr'><strong>Θεῷ</strong></span> <span class='ocrx_word' id='word_1_214' title='bbox 698 2702 862 2772; x_wconf 79' lang='grc' dir='ltr'>μηδὲν</span> <span class='ocrx_word' id='word_1_215' title='bbox 904 2701 1155 2770; x_wconf 81' lang='grc' dir='ltr'>ἀόριστον</span> <span class='ocrx_word' id='word_1_216' title='bbox 1178 2703 1236 2754; x_wconf 89' lang='grc' dir='ltr'><strong>ἐν</strong></span> <span class='ocrx_word' id='word_1_217' title='bbox 1278 2705 1391 2765; x_wconf 84' lang='grc' dir='ltr'>τοῖς</span> <span class='ocrx_word' id='word_1_218' title='bbox 1426 2701 1813 2772; x_wconf 83' lang='grc' dir='ltr'>γεγενημένοις</span> 
     </span>
    </p>
   </div>
   <div class='ocr_carea' id='block_1_30' title="bbox 231 2790 1812 2865">
    <p class='ocr_par' dir='ltr' id='par_1_30' title="bbox 231 2790 1812 2865">
     <span class='ocr_line' id='line_1_30' title="bbox 231 2790 1812 2865; baseline -0.002 -17"><span class='ocrx_word' id='word_1_219' title='bbox 231 2797 368 2865; x_wconf 74' lang='grc' dir='ltr'>παρ’</span> <span class='ocrx_word' id='word_1_220' title='bbox 404 2794 567 2848; x_wconf 79' lang='grc' dir='ltr'>αὐτοῦ</span> <span class='ocrx_word' id='word_1_221' title='bbox 599 2793 841 2864; x_wconf 74' lang='grc' dir='ltr'>νομίζειν</span> <span class='ocrx_word' id='word_1_222' title='bbox 862 2811 874 2824; x_wconf 89' lang='grc'><strong>·</strong></span> <span class='ocrx_word' id='word_1_223' title='bbox 906 2793 1020 2847; x_wconf 84' lang='grc' dir='ltr'>ἀλλ’</span> <span class='ocrx_word' id='word_1_224' title='bbox 1067 2794 1297 2848; x_wconf 79' lang='grc' dir='ltr'>ἑκάστου</span> <span class='ocrx_word' id='word_1_225' title='bbox 1330 2795 1440 2848; x_wconf 82' lang='grc' dir='ltr'><strong>τῶν</strong></span> <span class='ocrx_word' id='word_1_226' title='bbox 1478 2794 1645 2846; x_wconf 75' lang='grc' dir='ltr'>ὄντων</span> <span class='ocrx_word' id='word_1_227' title='bbox 1675 2790 1812 2846; x_wconf 81' lang='grc' dir='ltr'>εἷναί</span> 
     </span>
    </p>
   </div>
   <div class='ocr_carea' id='block_1_31' title="bbox 230 2885 1814 2956">
    <p class='ocr_par' dir='ltr' id='par_1_31' title="bbox 230 2885 1814 2956">
     <span class='ocr_line' id='line_1_31' title="bbox 230 2885 1814 2956; baseline -0.001 -18"><span class='ocrx_word' id='word_1_228' title='bbox 230 2903 288 2938; x_wconf 88' lang='grc' dir='ltr'><strong>τι</strong></span> <span class='ocrx_word' id='word_1_229' title='bbox 342 2885 514 2956; x_wconf 82' lang='grc' dir='ltr'>πέρας</span> <span class='ocrx_word' id='word_1_230' title='bbox 565 2885 660 2938; x_wconf 75' lang='grc' dir='ltr'><strong>καὶ</strong></span> <span class='ocrx_word' id='word_1_231' title='bbox 711 2885 930 2954; x_wconf 82' lang='grc' dir='ltr'>μέτρον,</span> <span class='ocrx_word' id='word_1_232' title='bbox 978 2887 1045 2955; x_wconf 80' lang='grc' dir='ltr'>τῇ</span> <span class='ocrx_word' id='word_1_233' title='bbox 1095 2885 1191 2938; x_wconf 90' lang='grc' dir='ltr'><strong>τοῦ</strong></span> <span class='ocrx_word' id='word_1_234' title='bbox 1237 2886 1598 2956; x_wconf 86' lang='grc' dir='ltr'>πεποιηκότος</span> <span class='ocrx_word' id='word_1_235' title='bbox 1651 2885 1814 2955; x_wconf 79' lang='grc' dir='ltr'>σοφίᾳ</span> 
     </span>
    </p>
   </div>
   <div class='ocr_carea' id='block_1_32' title="bbox 231 2977 1882 3050">
    <p class='ocr_par' dir='ltr' id='par_1_32' title="bbox 231 2977 1882 3050">
     <span class='ocr_line' id='line_1_32' title="bbox 231 2977 1882 3050; baseline -0.002 -20"><span class='ocrx_word' id='word_1_236' title='bbox 231 2996 304 3030; x_wconf 88' lang='grc' dir='ltr'><strong>πε</strong></span> <span class='ocrx_word' id='word_1_237' title='bbox 316 2977 758 3050; x_wconf 85' lang='grc' dir='ltr'>ριμετρούμενον.</span> <span class='ocrx_word' id='word_1_238' title='bbox 785 2978 996 3048; x_wconf 81' lang='grc' dir='ltr'>Ὠσπερ</span> <span class='ocrx_word' id='word_1_239' title='bbox 1021 2977 1199 3030; x_wconf 89' lang='grc' dir='ltr'>τοίνυν</span> <span class='ocrx_word' id='word_1_240' title='bbox 1224 2980 1252 3031; x_wconf 93' lang='lat'><strong>6</strong></span> <span class='ocrx_word' id='word_1_241' title='bbox 1288 2978 1374 3041; x_wconf 73' lang='grc' dir='ltr'>τὶς</span> <span class='ocrx_word' id='word_1_242' title='bbox 1413 2978 1696 3049; x_wconf 84' lang='grc' dir='ltr'>ἄνθρωπος</span> <span class='ocrx_word' id='word_1_243' title='bbox 1737 2977 1814 3046; x_wconf 82' lang='grc' dir='ltr'><strong>τῷ</strong></span> <span class='ocrx_word' id='word_1_244' title='bbox 1829 2993 1882 3026; x_wconf 53' lang='grc' dir='ltr'><strong>εκ.</strong></span> 
     </span>
    </p>
   </div>
   <div class='ocr_carea' id='block_1_33' title="bbox 234 3068 1814 3141">
    <p class='ocr_par' dir='ltr' id='par_1_33' title="bbox 234 3068 1814 3141">
     <span class='ocr_line' id='line_1_33' title="bbox 234 3068 1814 3141; baseline -0.001 -19"><span class='ocrx_word' id='word_1_245' title='bbox 234 3073 380 3124; x_wconf 81' lang='grc' dir='ltr'><strong>κατά</strong></span> <span class='ocrx_word' id='word_1_246' title='bbox 411 3072 470 3122; x_wconf 89' lang='grc' dir='ltr'><strong>τὸ</strong></span> <span class='ocrx_word' id='word_1_247' title='bbox 500 3070 660 3140; x_wconf 84' lang='grc' dir='ltr'>σῶμα</span> <span class='ocrx_word' id='word_1_248' title='bbox 687 3070 836 3141; x_wconf 80' lang='grc' dir='ltr'>ποσῷ</span> <span class='ocrx_word' id='word_1_249' title='bbox 879 3069 1267 3140; x_wconf 82' lang='grc' dir='ltr'>περιείργεται,</span> <span class='ocrx_word' id='word_1_250' title='bbox 1301 3071 1393 3124; x_wconf 71' lang='grc' dir='ltr'>καὶ</span> <span class='ocrx_word' id='word_1_251' title='bbox 1430 3070 1627 3140; x_wconf 82' lang='grc' dir='ltr'>μέτρον</span> <span class='ocrx_word' id='word_1_252' title='bbox 1664 3068 1814 3138; x_wconf 83' lang='grc' dir='ltr'><strong>αὑτῷ</strong></span> 
     </span>
    </p>
   </div>
   <div class='ocr_carea' id='block_1_34' title="bbox 1907 600 3479 669">
    <p class='ocr_par' dir='ltr' id='par_1_34' title="bbox 1907 600 3479 669">
     <span class='ocr_line' id='line_1_34' title="bbox 1907 600 3479 669; baseline -0.001 -15"><span class='ocrx_word' id='word_1_253' title='bbox 1907 616 2030 654; x_wconf 92' lang='lat' dir='ltr'><strong>cum</strong></span> <span class='ocrx_word' id='word_1_254' title='bbox 2061 617 2170 656; x_wconf 89' lang='lat' dir='ltr'><strong>non</strong></span> <span class='ocrx_word' id='word_1_255' title='bbox 2217 602 2440 656; x_wconf 90' lang='lat' dir='ltr'><strong>dubium</strong></span> <span class='ocrx_word' id='word_1_256' title='bbox 2498 602 2552 655; x_wconf 93' lang='lat' dir='ltr'><strong>in</strong></span> <span class='ocrx_word' id='word_1_257' title='bbox 2601 603 2827 655; x_wconf 87' lang='lat' dir='ltr'><strong>materia</strong></span> <span class='ocrx_word' id='word_1_258' title='bbox 2880 601 3123 669; x_wconf 83' lang='lat' dir='ltr'><strong>subjecta</strong></span> <span class='ocrx_word' id='word_1_259' title='bbox 3182 600 3479 654; x_wconf 85' lang='lat' dir='ltr'><strong>discrimen</strong></span> 
     </span>
    </p>
   </div>
   <div class='ocr_carea' id='block_1_35' title="bbox 1907 677 3481 762">
    <p class='ocr_par' dir='ltr' id='par_1_35' title="bbox 1907 677 3481 762">
     <span class='ocr_line' id='line_1_35' title="bbox 1907 677 3481 762; baseline -0.001 -15"><span class='ocrx_word' id='word_1_260' title='bbox 1907 702 2090 748; x_wconf 88' lang='lat' dir='ltr'><strong>esset:</strong></span> <span class='ocrx_word' id='word_1_261' title='bbox 2123 677 2202 748; x_wconf 70' lang='lat' dir='ltr'><strong>sic</strong></span> <span class='ocrx_word' id='word_1_262' title='bbox 2236 695 2402 747; x_wconf 87' lang='lat' dir='ltr'><strong>etiam</strong></span> <span class='ocrx_word' id='word_1_263' title='bbox 2436 693 2538 747; x_wconf 90' lang='lat' dir='ltr'><strong>hac</strong></span> <span class='ocrx_word' id='word_1_264' title='bbox 2566 694 2618 746; x_wconf 91' lang='lat' dir='ltr'><strong>in</strong></span> <span class='ocrx_word' id='word_1_265' title='bbox 2651 693 3048 762; x_wconf 89' lang='lat' dir='ltr'><strong>disputatione.</strong></span> <span class='ocrx_word' id='word_1_266' title='bbox 3081 692 3126 745; x_wconf 92' lang='lat' dir='ltr'><strong>si</strong></span> <span class='ocrx_word' id='word_1_267' title='bbox 3183 707 3279 762; x_wconf 76' lang='lat' dir='ltr'><strong>pro</strong></span> <span class='ocrx_word' id='word_1_268' title='bbox 3337 694 3481 745; x_wconf 90' lang='lat' dir='ltr'><strong>notis</strong></span> 
     </span>
    </p>
   </div>
   <div class='ocr_carea' id='block_1_36' title="bbox 1907 777 3480 854">
    <p class='ocr_par' dir='ltr' id='par_1_36' title="bbox 1907 777 3480 854">
     <span class='ocr_line' id='line_1_36' title="bbox 1907 777 3480 854; baseline -0.002 -16"><span class='ocrx_word' id='word_1_269' title='bbox 1907 799 1968 838; x_wconf 90' lang='lat' dir='ltr'><strong>ea</strong></span> <span class='ocrx_word' id='word_1_270' title='bbox 1991 800 2110 854; x_wconf 71' lang='lat' dir='ltr'><strong>qua:</strong></span> <span class='ocrx_word' id='word_1_271' title='bbox 2146 786 2201 838; x_wconf 91' lang='lat' dir='ltr'><strong>in</strong></span> <span class='ocrx_word' id='word_1_272' title='bbox 2229 793 2422 838; x_wconf 89' lang='lat' dir='ltr'><strong>natura</strong></span> <span class='ocrx_word' id='word_1_273' title='bbox 2453 785 2637 838; x_wconf 90' lang='lat' dir='ltr'><strong>divina</strong></span> <span class='ocrx_word' id='word_1_274' title='bbox 2667 792 2720 839; x_wconf 89' lang='lat' dir='ltr'><strong>et</strong></span> <span class='ocrx_word' id='word_1_275' title='bbox 2744 785 2977 837; x_wconf 84' lang='lat' dir='ltr'><strong>humana</strong></span> <span class='ocrx_word' id='word_1_276' title='bbox 3005 795 3152 846; x_wconf 90' lang='lat' dir='ltr'><strong>sunt,</strong></span> <span class='ocrx_word' id='word_1_277' title='bbox 3193 783 3248 836; x_wconf 91' lang='lat' dir='ltr'><strong>in</strong></span> <span class='ocrx_word' id='word_1_278' title='bbox 3280 777 3480 851; x_wconf 82' lang='lat' dir='ltr'><strong>quibus</strong></span> 
     </span>
    </p>
   </div>
   <div class='ocr_carea' id='block_1_37' title="bbox 1909 876 3479 944">
    <p class='ocr_par' dir='ltr' id='par_1_37' title="bbox 1909 876 3479 944">
     <span class='ocr_line' id='line_1_37' title="bbox 1909 876 3479 944; baseline -0.003 -13"><span class='ocrx_word' id='word_1_279' title='bbox 1909 876 2209 931; x_wconf 77' lang='lat' dir='ltr'><strong>similitudo</strong></span> <span class='ocrx_word' id='word_1_280' title='bbox 2242 878 2514 940; x_wconf 89' lang='lat' dir='ltr'><strong>consistit,</strong></span> <span class='ocrx_word' id='word_1_281' title='bbox 2543 877 3012 930; x_wconf 80' lang='lat' dir='ltr'><strong>considerabimus</strong></span> <span class='ocrx_word' id='word_1_282' title='bbox 3039 895 3051 907; x_wconf 88' lang='grc'><strong>·</strong></span> <span class='ocrx_word' id='word_1_283' title='bbox 3079 891 3204 930; x_wconf 89' lang='lat' dir='ltr'><strong>esse</strong></span> <span class='ocrx_word' id='word_1_284' title='bbox 3230 890 3479 944; x_wconf 86' lang='lat' dir='ltr'><strong>magnam</strong></span> 
     </span>
    </p>
   </div>
   <div class='ocr_carea' id='block_1_38' title="bbox 1907 967 3478 1037">
    <p class='ocr_par' dir='ltr' id='par_1_38' title="bbox 1907 967 3478 1037">
     <span class='ocr_line' id='line_1_38' title="bbox 1907 967 3478 1037; baseline -0.002 -15"><span class='ocrx_word' id='word_1_285' title='bbox 1907 969 1963 1022; x_wconf 91' lang='lat' dir='ltr'><strong>in</strong></span> <span class='ocrx_word' id='word_1_286' title='bbox 2018 969 2182 1023; x_wconf 86' lang='lat' dir='ltr'><strong>rebus</strong></span> <span class='ocrx_word' id='word_1_287' title='bbox 2240 968 2504 1037; x_wconf 82' lang='lat' dir='ltr'><strong>subjectis</strong></span> <span class='ocrx_word' id='word_1_288' title='bbox 2561 968 2933 1022; x_wconf 80' lang='lat' dir='ltr'><strong>diversitatem</strong></span> <span class='ocrx_word' id='word_1_289' title='bbox 2970 967 3478 1037; x_wconf 86' lang='lat' dir='ltr'><strong>deprehendemus,</strong></span> 
     </span>
    </p>
   </div>
   <div class='ocr_carea' id='block_1_39' title="bbox 1909 1040 3482 1130">
    <p class='ocr_par' dir='ltr' id='par_1_39' title="bbox 1909 1040 3482 1130">
     <span class='ocr_line' id='line_1_39' title="bbox 1909 1040 3482 1130; baseline -0.001 -18"><span class='ocrx_word' id='word_1_290' title='bbox 1909 1076 2071 1121; x_wconf 87' lang='lat' dir='ltr'><strong>quam</strong></span> <span class='ocrx_word' id='word_1_291' title='bbox 2135 1062 2425 1130; x_wconf 84' lang='lat' dir='ltr'><strong>perspicue</strong></span> <span class='ocrx_word' id='word_1_292' title='bbox 2477 1062 2644 1114; x_wconf 86' lang='lat' dir='ltr'><strong>estin</strong></span> <span class='ocrx_word' id='word_1_293' title='bbox 2703 1074 2768 1114; x_wconf 91' lang='lat' dir='ltr'><strong>eo</strong></span> <span class='ocrx_word' id='word_1_294' title='bbox 2824 1040 3292 1120; x_wconf 72' lang='lat' dir='ltr'><strong>animadvertere,</strong></span> <span class='ocrx_word' id='word_1_295' title='bbox 3337 1058 3482 1127; x_wconf 89' lang='lat' dir='ltr'><strong>quod</strong></span> 
     </span>
    </p>
   </div>
   <div class='ocr_carea' id='block_1_40' title="bbox 1911 1148 3482 1218">
    <p class='ocr_par' dir='ltr' id='par_1_40' title="bbox 1911 1148 3482 1218">
     <span class='ocr_line' id='line_1_40' title="bbox 1911 1148 3482 1218; baseline -0.001 -16"><span class='ocrx_word' id='word_1_296' title='bbox 1911 1158 2156 1204; x_wconf 88' lang='lat' dir='ltr'><strong>creatum</strong></span> <span class='ocrx_word' id='word_1_297' title='bbox 2193 1158 2246 1203; x_wconf 92' lang='lat' dir='ltr'><strong>et</strong></span> <span class='ocrx_word' id='word_1_298' title='bbox 2277 1151 2579 1204; x_wconf 88' lang='lat' dir='ltr'><strong>increatum</strong></span> <span class='ocrx_word' id='word_1_299' title='bbox 2611 1151 2903 1218; x_wconf 91' lang='lat' dir='ltr'><strong>plurimum</strong></span> <span class='ocrx_word' id='word_1_300' title='bbox 2933 1149 3078 1202; x_wconf 87' lang='lat' dir='ltr'><strong>inter</strong></span> <span class='ocrx_word' id='word_1_301' title='bbox 3107 1163 3165 1201; x_wconf 86' lang='lat' dir='ltr'><strong>se</strong></span> <span class='ocrx_word' id='word_1_302' title='bbox 3201 1148 3482 1206; x_wconf 74' lang='lat' dir='ltr'><strong>ditl‘ernnt.</strong></span> 
     </span>
    </p>
   </div>
   <div class='ocr_carea' id='block_1_41' title="bbox 1913 1241 3483 1313">
    <p class='ocr_par' dir='ltr' id='par_1_41' title="bbox 1913 1241 3483 1313">
     <span class='ocr_line' id='line_1_41' title="bbox 1913 1241 3483 1313; baseline -0.002 -16"><span class='ocrx_word' id='word_1_303' title='bbox 1913 1243 2280 1310; x_wconf 87' lang='lat' dir='ltr'><strong>Quamobrem</strong></span> <span class='ocrx_word' id='word_1_304' title='bbox 2315 1259 2437 1298; x_wconf 88' lang='lat' dir='ltr'><strong>cum</strong></span> <span class='ocrx_word' id='word_1_305' title='bbox 2466 1242 2611 1313; x_wconf 91' lang='lat' dir='ltr'><strong>quod</strong></span> <span class='ocrx_word' id='word_1_306' title='bbox 2639 1245 2936 1296; x_wconf 88' lang='lat' dir='ltr'><strong>increatum</strong></span> <span class='ocrx_word' id='word_1_307' title='bbox 2969 1252 3072 1303; x_wconf 90' lang='lat' dir='ltr'><strong>est,</strong></span> <span class='ocrx_word' id='word_1_308' title='bbox 3104 1256 3318 1309; x_wconf 84' lang='lat' dir='ltr'><strong>semper</strong></span> <span class='ocrx_word' id='word_1_309' title='bbox 3340 1241 3483 1294; x_wconf 89' lang='lat' dir='ltr'><strong>idem</strong></span> 
     </span>
    </p>
   </div>
   <div class='ocr_carea' id='block_1_42' title="bbox 1912 1331 3485 1403">
    <p class='ocr_par' dir='ltr' id='par_1_42' title="bbox 1912 1331 3485 1403">
     <span class='ocr_line' id='line_1_42' title="bbox 1912 1331 3485 1403; baseline -0.006 -11"><span class='ocrx_word' id='word_1_310' title='bbox 1912 1340 2182 1392; x_wconf 80' lang='lat' dir='ltr'><strong>exsistat:</strong></span> <span class='ocrx_word' id='word_1_311' title='bbox 2220 1345 2463 1390; x_wconf 89' lang='lat' dir='ltr'><strong>creatum</strong></span> <span class='ocrx_word' id='word_1_312' title='bbox 2501 1350 2633 1390; x_wconf 88' lang='lat' dir='ltr'><strong>vero</strong></span> <span class='ocrx_word' id='word_1_313' title='bbox 2665 1349 2761 1403; x_wconf 81' lang='lat' dir='ltr'><strong>per</strong></span> <span class='ocrx_word' id='word_1_314' title='bbox 2802 1331 3240 1388; x_wconf 86' lang='lat' dir='ltr'><strong>vicissitudinem</strong></span> <span class='ocrx_word' id='word_1_315' title='bbox 3292 1348 3485 1401; x_wconf 82' lang='lat' dir='ltr'><strong>qnam-</strong></span> 
     </span>
    </p>
   </div>
   <div class='ocr_carea' id='block_1_43' title="bbox 1910 1423 3481 1498">
    <p class='ocr_par' dir='ltr' id='par_1_43' title="bbox 1910 1423 3481 1498">
     <span class='ocr_line' id='line_1_43' title="bbox 1910 1423 3481 1498; baseline -0.006 -14"><span class='ocrx_word' id='word_1_316' title='bbox 1910 1431 2031 1484; x_wconf 89' lang='lat' dir='ltr'><strong>dam</strong></span> <span class='ocrx_word' id='word_1_317' title='bbox 2066 1445 2187 1484; x_wconf 87' lang='lat' dir='ltr'><strong>esse</strong></span> <span class='ocrx_word' id='word_1_318' title='bbox 2214 1429 2464 1498; x_wconf 64' lang='lat' dir='ltr'><strong>carperit,</strong></span> <span class='ocrx_word' id='word_1_319' title='bbox 2492 1436 2544 1482; x_wconf 90' lang='lat' dir='ltr'><strong>et</strong></span> <span class='ocrx_word' id='word_1_320' title='bbox 2574 1427 2864 1480; x_wconf 82' lang='lat' dir='ltr'><strong>mutationi</strong></span> <span class='ocrx_word' id='word_1_321' title='bbox 2896 1441 3122 1495; x_wconf 84' lang='lat' dir='ltr'><strong>prorsus</strong></span> <span class='ocrx_word' id='word_1_322' title='bbox 3155 1423 3312 1478; x_wconf 77' lang='lat' dir='ltr'><strong>aliine</strong></span> <span class='ocrx_word' id='word_1_323' title='bbox 3371 1424 3481 1486; x_wconf 87' lang='lat' dir='ltr'><strong>sit,</strong></span> 
     </span>
    </p>
   </div>
   <div class='ocr_carea' id='block_1_44' title="bbox 1909 1520 3486 1590">
    <p class='ocr_par' dir='ltr' id='par_1_44' title="bbox 1909 1520 3486 1590">
     <span class='ocr_line' id='line_1_44' title="bbox 1909 1520 3486 1590; baseline -0.004 -13"><span class='ocrx_word' id='word_1_324' title='bbox 1909 1523 2115 1577; x_wconf 89' lang='lat' dir='ltr'><strong>idcirco</strong></span> <span class='ocrx_word' id='word_1_325' title='bbox 2154 1524 2202 1577; x_wconf 88' lang='lat' dir='ltr'><strong>is</strong></span> <span class='ocrx_word' id='word_1_326' title='bbox 2237 1523 2330 1590; x_wconf 86' lang='lat' dir='ltr'><strong>qui</strong></span> <span class='ocrx_word' id='word_1_327' title='bbox 2389 1520 2693 1576; x_wconf 88' lang='lat' dir='ltr'><strong>secundum</strong></span> <span class='ocrx_word' id='word_1_328' title='bbox 2742 1527 2917 1572; x_wconf 82' lang='lat' dir='ltr'><strong>vatem</strong></span> <span class='ocrx_word' id='word_1_329' title='bbox 2959 1532 3047 1572; x_wconf 90' lang='lat' dir='ltr'><strong>res</strong></span> <span class='ocrx_word' id='word_1_330' title='bbox 3111 1530 3302 1570; x_wconf 87' lang='lat' dir='ltr'><strong>omnes</strong></span> <span class='ocrx_word' id='word_1_331' title='bbox 3358 1522 3486 1570; x_wconf 84' lang='lat' dir='ltr'><strong>ante</strong></span> 
     </span>
    </p>
   </div>
   <div class='ocr_carea' id='block_1_45' title="bbox 1910 1607 3485 1685">
    <p class='ocr_par' dir='ltr' id='par_1_45' title="bbox 1910 1607 3485 1685">
     <span class='ocr_line' id='line_1_45' title="bbox 1910 1607 3485 1685; baseline -0.005 -15"><span class='ocrx_word' id='word_1_332' title='bbox 1910 1616 2149 1685; x_wconf 86' lang='lat' dir='ltr'><strong>ipsarum</strong></span> <span class='ocrx_word' id='word_1_333' title='bbox 2181 1621 2360 1669; x_wconf 91' lang='lat' dir='ltr'><strong>ortum</strong></span> <span class='ocrx_word' id='word_1_334' title='bbox 2391 1613 2642 1682; x_wconf 88' lang='lat' dir='ltr'><strong>cognitas</strong></span> <span class='ocrx_word' id='word_1_335' title='bbox 2694 1611 2875 1674; x_wconf 81' lang='lat' dir='ltr'><strong>habet,</strong></span> <span class='ocrx_word' id='word_1_336' title='bbox 2911 1625 3034 1664; x_wconf 90' lang='lat' dir='ltr'><strong>cum</strong></span> <span class='ocrx_word' id='word_1_337' title='bbox 3071 1624 3252 1663; x_wconf 89' lang='lat' dir='ltr'><strong>rerum</strong></span> <span class='ocrx_word' id='word_1_338' title='bbox 3307 1607 3485 1662; x_wconf 85' lang='lat' dir='ltr'><strong>ordini</strong></span> 
     </span>
    </p>
   </div>
   <div class='ocr_carea' id='block_1_46' title="bbox 1909 1698 3486 1772">
    <p class='ocr_par' dir='ltr' id='par_1_46' title="bbox 1909 1698 3486 1772">
     <span class='ocr_line' id='line_1_46' title="bbox 1909 1698 3486 1772; baseline -0.006 -10"><span class='ocrx_word' id='word_1_339' title='bbox 1909 1708 2208 1771; x_wconf 85' lang='lat' dir='ltr'><strong>insisteret,</strong></span> <span class='ocrx_word' id='word_1_340' title='bbox 2243 1705 2325 1758; x_wconf 89' lang='lat' dir='ltr'><strong>vel</strong></span> <span class='ocrx_word' id='word_1_341' title='bbox 2359 1704 2539 1772; x_wconf 88' lang='lat' dir='ltr'><strong>potius</strong></span> <span class='ocrx_word' id='word_1_342' title='bbox 2573 1703 2758 1757; x_wconf 89' lang='lat' dir='ltr'><strong>divina</strong></span> <span class='ocrx_word' id='word_1_343' title='bbox 2801 1717 2900 1756; x_wconf 88' lang='lat' dir='ltr'><strong>sua</strong></span> <span class='ocrx_word' id='word_1_344' title='bbox 2935 1698 3300 1770; x_wconf 88' lang='lat' dir='ltr'><strong>prospiciendi</strong></span> <span class='ocrx_word' id='word_1_345' title='bbox 3338 1698 3486 1752; x_wconf 80' lang='lat' dir='ltr'><strong>futu—</strong></span> 
     </span>
    </p>
   </div>
   <div class='ocr_carea' id='block_1_47' title="bbox 1911 1789 3484 1862">
    <p class='ocr_par' dir='ltr' id='par_1_47' title="bbox 1911 1789 3484 1862">
     <span class='ocr_line' id='line_1_47' title="bbox 1911 1789 3484 1862; baseline -0.009 -9"><span class='ocrx_word' id='word_1_346' title='bbox 1911 1813 2001 1853; x_wconf 85' lang='lat' dir='ltr'><strong>ros</strong></span> <span class='ocrx_word' id='word_1_347' title='bbox 2029 1803 2258 1852; x_wconf 85' lang='lat' dir='ltr'><strong>eventus</strong></span> <span class='ocrx_word' id='word_1_348' title='bbox 2298 1793 2556 1848; x_wconf 78' lang='lat' dir='ltr'><strong>facultate</strong></span> <span class='ocrx_word' id='word_1_349' title='bbox 2590 1791 2956 1862; x_wconf 67' lang='lat' dir='ltr'><strong>prmcepisset,</strong></span> <span class='ocrx_word' id='word_1_350' title='bbox 2989 1804 3151 1859; x_wconf 84' lang='lat' dir='ltr'><strong>quam</strong></span> <span class='ocrx_word' id='word_1_351' title='bbox 3183 1789 3236 1842; x_wconf 89' lang='lat' dir='ltr'><strong>in</strong></span> <span class='ocrx_word' id='word_1_352' title='bbox 3274 1796 3484 1857; x_wconf 88' lang='lat' dir='ltr'><strong>partem</strong></span> 
     </span>
    </p>
   </div>
   <div class='ocr_carea' id='block_1_48' title="bbox 1913 1881 3487 1953">
    <p class='ocr_par' dir='ltr' id='par_1_48' title="bbox 1913 1881 3487 1953">
     <span class='ocr_line' id='line_1_48' title="bbox 1913 1881 3487 1953; baseline -0.008 -9"><span class='ocrx_word' id='word_1_353' title='bbox 1913 1899 2094 1944; x_wconf 90' lang='lat' dir='ltr'><strong>motus</strong></span> <span class='ocrx_word' id='word_1_354' title='bbox 2127 1887 2410 1942; x_wconf 87' lang='lat' dir='ltr'><strong>electionis</strong></span> <span class='ocrx_word' id='word_1_355' title='bbox 2441 1887 2691 1939; x_wconf 68' lang='lat' dir='ltr'><strong>humanae</strong></span> <span class='ocrx_word' id='word_1_356' title='bbox 2722 1898 2819 1953; x_wconf 90' lang='lat' dir='ltr'><strong>pro</strong></span> <span class='ocrx_word' id='word_1_357' title='bbox 2843 1881 3055 1937; x_wconf 88' lang='lat' dir='ltr'><strong>arbitrii</strong></span> <span class='ocrx_word' id='word_1_358' title='bbox 3081 1881 3487 1949; x_wconf 81' lang='lat' dir='ltr'><strong>voluntatisque</strong></span> 
     </span>
    </p>
   </div>
   <div class='ocr_carea' id='block_1_49' title="bbox 1914 1974 3482 2048">
    <p class='ocr_par' dir='ltr' id='par_1_49' title="bbox 1914 1974 3482 2048">
     <span class='ocr_line' id='line_1_49' title="bbox 1914 1974 3482 2048; baseline -0.009 -8"><span class='ocrx_word' id='word_1_359' title='bbox 1914 2000 2026 2040; x_wconf 68' lang='lat' dir='ltr'><strong>suae</strong></span> <span class='ocrx_word' id='word_1_360' title='bbox 2085 1983 2338 2036; x_wconf 86' lang='lat' dir='ltr'><strong>libertate</strong></span> <span class='ocrx_word' id='word_1_361' title='bbox 2397 1980 2722 2033; x_wconf 82' lang='lat' dir='ltr'><strong>inclinaret:</strong></span> <span class='ocrx_word' id='word_1_362' title='bbox 2783 1977 3077 2048; x_wconf 76' lang='lat' dir='ltr'><strong>imaginem</strong></span> <span class='ocrx_word' id='word_1_363' title='bbox 3134 1985 3371 2030; x_wconf 90' lang='lat' dir='ltr'><strong>creatam</strong></span> <span class='ocrx_word' id='word_1_364' title='bbox 3429 1974 3482 2026; x_wconf 90' lang='lat' dir='ltr'><strong>in</strong></span> 
     </span>
    </p>
   </div>
   <div class='ocr_carea' id='block_1_50' title="bbox 1914 2063 3486 2131">
    <p class='ocr_par' dir='ltr' id='par_1_50' title="bbox 1914 2063 3486 2131">
     <span class='ocr_line' id='line_1_50' title="bbox 1914 2063 3486 2131; baseline -0.008 -2"><span class='ocrx_word' id='word_1_365' title='bbox 1914 2078 2218 2131; x_wconf 88' lang='lat' dir='ltr'><strong>masculum</strong></span> <span class='ocrx_word' id='word_1_366' title='bbox 2248 2081 2302 2130; x_wconf 92' lang='lat' dir='ltr'><strong>et</strong></span> <span class='ocrx_word' id='word_1_367' title='bbox 2331 2071 2588 2127; x_wconf 83' lang='lat' dir='ltr'><strong>feminam</strong></span> <span class='ocrx_word' id='word_1_368' title='bbox 2621 2070 2822 2125; x_wconf 89' lang='lat' dir='ltr'><strong>divisit.</strong></span> <span class='ocrx_word' id='word_1_369' title='bbox 2857 2067 2984 2124; x_wconf 75' lang='lat' dir='ltr'><strong>Hzec</strong></span> <span class='ocrx_word' id='word_1_370' title='bbox 3023 2067 3222 2122; x_wconf 85' lang='lat' dir='ltr'><strong>divisio</strong></span> <span class='ocrx_word' id='word_1_371' title='bbox 3265 2081 3374 2120; x_wconf 90' lang='lat' dir='ltr'><strong>non</strong></span> <span class='ocrx_word' id='word_1_372' title='bbox 3418 2063 3486 2116; x_wconf 88' lang='lat' dir='ltr'><strong>ad</strong></span> 
     </span>
    </p>
   </div>
   <div class='ocr_carea' id='block_1_51' title="bbox 1915 2155 3489 2236">
    <p class='ocr_par' dir='ltr' id='par_1_51' title="bbox 1915 2155 3489 2236">
     <span class='ocr_line' id='line_1_51' title="bbox 1915 2155 3489 2236; baseline -0.008 -16"><span class='ocrx_word' id='word_1_373' title='bbox 1915 2168 2007 2222; x_wconf 88' lang='lat' dir='ltr'><strong>Dei</strong></span> <span class='ocrx_word' id='word_1_374' title='bbox 2031 2168 2286 2236; x_wconf 83' lang='lat' dir='ltr'><strong>princeps</strong></span> <span class='ocrx_word' id='word_1_375' title='bbox 2317 2164 2450 2218; x_wconf 91' lang='lat' dir='ltr'><strong>illud</strong></span> <span class='ocrx_word' id='word_1_376' title='bbox 2486 2162 2792 2231; x_wconf 85' lang='lat' dir='ltr'><strong>exemplum</strong></span> <span class='ocrx_word' id='word_1_377' title='bbox 2832 2159 2972 2213; x_wconf 84' lang='lat' dir='ltr'><strong>facta</strong></span> <span class='ocrx_word' id='word_1_378' title='bbox 3018 2173 3140 2214; x_wconf 90' lang='lat' dir='ltr'><strong>esse</strong></span> <span class='ocrx_word' id='word_1_379' title='bbox 3187 2157 3362 2227; x_wconf 89' lang='lat' dir='ltr'><strong>putari</strong></span> <span class='ocrx_word' id='word_1_380' title='bbox 3392 2155 3489 2208; x_wconf 85' lang='lat' dir='ltr'><strong>dc-</strong></span> 
     </span>
    </p>
   </div>
   <div class='ocr_carea' id='block_1_52' title="bbox 1912 2248 3488 2325">
    <p class='ocr_par' dir='ltr' id='par_1_52' title="bbox 1912 2248 3488 2325">
     <span class='ocr_line' id='line_1_52' title="bbox 1912 2248 3488 2325; baseline -0.01 -11"><span class='ocrx_word' id='word_1_381' title='bbox 1912 2259 2024 2319; x_wconf 88' lang='lat' dir='ltr'><strong>bet,</strong></span> <span class='ocrx_word' id='word_1_382' title='bbox 2065 2256 2160 2312; x_wconf 88' lang='lat' dir='ltr'><strong>sed</strong></span> <span class='ocrx_word' id='word_1_383' title='bbox 2220 2253 2676 2325; x_wconf 85' lang='lat' dir='ltr'><strong>quemadmodum</strong></span> <span class='ocrx_word' id='word_1_384' title='bbox 2713 2260 2796 2306; x_wconf 90' lang='lat' dir='ltr'><strong>est</strong></span> <span class='ocrx_word' id='word_1_385' title='bbox 2856 2251 3089 2305; x_wconf 89' lang='lat' dir='ltr'><strong>antehac</strong></span> <span class='ocrx_word' id='word_1_386' title='bbox 3149 2248 3488 2310; x_wconf 85' lang='lat' dir='ltr'><strong>indicatum,</strong></span> 
     </span>
    </p>
   </div>
   <div class='ocr_carea' id='block_1_53' title="bbox 1913 2341 3484 2419">
    <p class='ocr_par' dir='ltr' id='par_1_53' title="bbox 1913 2341 3484 2419">
     <span class='ocr_line' id='line_1_53' title="bbox 1913 2341 3484 2419; baseline -0.008 -15"><span class='ocrx_word' id='word_1_387' title='bbox 1913 2349 2291 2419; x_wconf 84' lang='lat' dir='ltr'><strong>cognationem</strong></span> <span class='ocrx_word' id='word_1_388' title='bbox 2329 2347 2490 2401; x_wconf 89' lang='lat' dir='ltr'><strong>habet</strong></span> <span class='ocrx_word' id='word_1_389' title='bbox 2537 2360 2659 2398; x_wconf 91' lang='lat' dir='ltr'><strong>cum</strong></span> <span class='ocrx_word' id='word_1_390' title='bbox 2701 2352 2893 2397; x_wconf 78' lang='lat' dir='ltr'><strong>natura</strong></span> <span class='ocrx_word' id='word_1_391' title='bbox 2948 2341 3177 2395; x_wconf 90' lang='lat' dir='ltr'><strong>rationis</strong></span> <span class='ocrx_word' id='word_1_392' title='bbox 3239 2348 3484 2408; x_wconf 79' lang='lat' dir='ltr'><strong>experte.</strong></span> 
     </span>
    </p>
   </div>
   <div class='ocr_carea' id='block_1_54' title="bbox 1913 2431 3489 2509">
    <p class='ocr_par' dir='ltr' id='par_1_54' title="bbox 1913 2431 3489 2509">
     <span class='ocr_line' id='line_1_54' title="bbox 1913 2431 3489 2509; baseline -0.008 -13"><span class='ocrx_word' id='word_1_393' title='bbox 1913 2441 2147 2497; x_wconf 85' lang='lat' dir='ltr'><strong>Causam</strong></span> <span class='ocrx_word' id='word_1_394' title='bbox 2188 2439 2405 2509; x_wconf 83' lang='lat' dir='ltr'><strong>quidem</strong></span> <span class='ocrx_word' id='word_1_395' title='bbox 2446 2439 2611 2507; x_wconf 88' lang='lat' dir='ltr'><strong>hujus</strong></span> <span class='ocrx_word' id='word_1_396' title='bbox 2633 2436 2984 2492; x_wconf 87' lang='lat' dir='ltr'><strong>discretionis</strong></span> <span class='ocrx_word' id='word_1_397' title='bbox 3016 2449 3181 2490; x_wconf 80' lang='lat' dir='ltr'><strong>sexus</strong></span> <span class='ocrx_word' id='word_1_398' title='bbox 3212 2433 3314 2487; x_wconf 91' lang='lat' dir='ltr'><strong>soli</strong></span> <span class='ocrx_word' id='word_1_399' title='bbox 3347 2431 3489 2486; x_wconf 88' lang='lat' dir='ltr'><strong>haud</strong></span> 
     </span>
    </p>
   </div>
   <div class='ocr_carea' id='block_1_55' title="bbox 1875 2511 3487 2599">
    <p class='ocr_par' dir='ltr' id='par_1_55' title="bbox 1875 2511 3487 2599">
     <span class='ocr_line' id='line_1_55' title="bbox 1875 2511 3487 2599; baseline -0.009 -11"><span class='ocrx_word' id='word_1_400' title='bbox 1875 2511 2077 2588; x_wconf 64' lang='lat' dir='ltr'><strong>adubie</strong></span> <span class='ocrx_word' id='word_1_401' title='bbox 2122 2531 2432 2599; x_wconf 87' lang='lat' dir='ltr'><strong>intelligunt</strong></span> <span class='ocrx_word' id='word_1_402' title='bbox 2465 2528 2565 2592; x_wconf 89' lang='lat' dir='ltr'><strong>illi,</strong></span> <span class='ocrx_word' id='word_1_403' title='bbox 2600 2527 2694 2595; x_wconf 88' lang='lat' dir='ltr'><strong>qui</strong></span> <span class='ocrx_word' id='word_1_404' title='bbox 2753 2525 2999 2580; x_wconf 85' lang='lat' dir='ltr'><strong>veritatis</strong></span> <span class='ocrx_word' id='word_1_405' title='bbox 3051 2522 3258 2577; x_wconf 89' lang='lat' dir='ltr'><strong>oculati</strong></span> <span class='ocrx_word' id='word_1_406' title='bbox 3316 2529 3487 2575; x_wconf 73' lang='lat' dir='ltr'><strong>testes</strong></span> 
     </span>
    </p>
   </div>
   <div class='ocr_carea' id='block_1_56' title="bbox 1915 2611 3492 2687">
    <p class='ocr_par' dir='ltr' id='par_1_56' title="bbox 1915 2611 3492 2687">
     <span class='ocr_line' id='line_1_56' title="bbox 1915 2611 3492 2687; baseline -0.008 -9"><span class='ocrx_word' id='word_1_407' title='bbox 1915 2633 2064 2687; x_wconf 88' lang='lat' dir='ltr'><strong>sunt,</strong></span> <span class='ocrx_word' id='word_1_408' title='bbox 2105 2631 2157 2677; x_wconf 91' lang='lat' dir='ltr'><strong>et</strong></span> <span class='ocrx_word' id='word_1_409' title='bbox 2209 2623 2403 2675; x_wconf 88' lang='lat' dir='ltr'><strong>harum</strong></span> <span class='ocrx_word' id='word_1_410' title='bbox 2460 2635 2646 2674; x_wconf 87' lang='lat' dir='ltr'><strong>rerum</strong></span> <span class='ocrx_word' id='word_1_411' title='bbox 2695 2617 2856 2672; x_wconf 91' lang='lat' dir='ltr'><strong>nobis</strong></span> <span class='ocrx_word' id='word_1_412' title='bbox 2909 2616 3229 2671; x_wconf 87' lang='lat' dir='ltr'><strong>memoriam</strong></span> <span class='ocrx_word' id='word_1_413' title='bbox 3291 2611 3492 2669; x_wconf 86' lang='lat' dir='ltr'><strong>litteris</strong></span> 
     </span>
    </p>
   </div>
   <div class='ocr_carea' id='block_1_57' title="bbox 1915 2707 3490 2786">
    <p class='ocr_par' dir='ltr' id='par_1_57' title="bbox 1915 2707 3490 2786">
     <span class='ocr_line' id='line_1_57' title="bbox 1915 2707 3490 2786; baseline -0.008 -15"><span class='ocrx_word' id='word_1_414' title='bbox 1915 2716 2183 2786; x_wconf 89' lang='lat' dir='ltr'><strong>proditam</strong></span> <span class='ocrx_word' id='word_1_415' title='bbox 2209 2714 2572 2768; x_wconf 89' lang='lat' dir='ltr'><strong>tradiderunt.</strong></span> <span class='ocrx_word' id='word_1_416' title='bbox 2607 2710 2718 2765; x_wconf 81' lang='lat' dir='ltr'><strong>Nos</strong></span> <span class='ocrx_word' id='word_1_417' title='bbox 2771 2726 2902 2765; x_wconf 87' lang='lat' dir='ltr'><strong>vero</strong></span> <span class='ocrx_word' id='word_1_418' title='bbox 2941 2723 3042 2778; x_wconf 79' lang='lat' dir='ltr'><strong>pro</strong></span> <span class='ocrx_word' id='word_1_419' title='bbox 3094 2707 3240 2762; x_wconf 84' lang='lat' dir='ltr'><strong>virili</strong></span> <span class='ocrx_word' id='word_1_420' title='bbox 3301 2713 3490 2760; x_wconf 85' lang='lat' dir='ltr'><strong>nostra</strong></span> 
     </span>
    </p>
   </div>
   <div class='ocr_carea' id='block_1_58' title="bbox 1915 2797 3494 2880">
    <p class='ocr_par' dir='ltr' id='par_1_58' title="bbox 1915 2797 3494 2880">
     <span class='ocr_line' id='line_1_58' title="bbox 1915 2797 3494 2880; baseline -0.009 -16"><span class='ocrx_word' id='word_1_421' title='bbox 1915 2825 2010 2880; x_wconf 87' lang='lat' dir='ltr'><strong>per</strong></span> <span class='ocrx_word' id='word_1_422' title='bbox 2041 2809 2387 2876; x_wconf 87' lang='lat' dir='ltr'><strong>conjecturas</strong></span> <span class='ocrx_word' id='word_1_423' title='bbox 2412 2813 2464 2859; x_wconf 87' lang='lat' dir='ltr'><strong>et</strong></span> <span class='ocrx_word' id='word_1_424' title='bbox 2492 2805 2787 2858; x_wconf 87' lang='lat' dir='ltr'><strong>simulacra</strong></span> <span class='ocrx_word' id='word_1_425' title='bbox 2815 2801 3062 2873; x_wconf 67' lang='lat' dir='ltr'><strong>quaedam</strong></span> <span class='ocrx_word' id='word_1_426' title='bbox 3095 2800 3378 2854; x_wconf 86' lang='lat' dir='ltr'><strong>veritatem</strong></span> <span class='ocrx_word' id='word_1_427' title='bbox 3414 2797 3494 2850; x_wconf 94' lang='lat' dir='ltr'><strong>in-</strong></span> 
     </span>
    </p>
   </div>
   <div class='ocr_carea' id='block_1_59' title="bbox 1917 2887 3491 2968">
    <p class='ocr_par' dir='ltr' id='par_1_59' title="bbox 1917 2887 3491 2968">
     <span class='ocr_line' id='line_1_59' title="bbox 1917 2887 3491 2968; baseline -0.01 -14"><span class='ocrx_word' id='word_1_428' title='bbox 1917 2902 2238 2963; x_wconf 80' lang='lat' dir='ltr'><strong>formantes,</strong></span> <span class='ocrx_word' id='word_1_429' title='bbox 2271 2897 2414 2968; x_wconf 89' lang='lat' dir='ltr'><strong>quod</strong></span> <span class='ocrx_word' id='word_1_430' title='bbox 2453 2897 2613 2951; x_wconf 89' lang='lat' dir='ltr'><strong>nobis</strong></span> <span class='ocrx_word' id='word_1_431' title='bbox 2645 2895 2712 2949; x_wconf 88' lang='lat' dir='ltr'><strong>ad</strong></span> <span class='ocrx_word' id='word_1_432' title='bbox 2745 2895 2986 2948; x_wconf 89' lang='lat' dir='ltr'><strong>animum</strong></span> <span class='ocrx_word' id='word_1_433' title='bbox 3025 2891 3224 2946; x_wconf 88' lang='lat' dir='ltr'><strong>accidit</strong></span> <span class='ocrx_word' id='word_1_434' title='bbox 3263 2887 3491 2959; x_wconf 75' lang='lat' dir='ltr'><strong>exponi-</strong></span> 
     </span>
    </p>
   </div>
   <div class='ocr_carea' id='block_1_60' title="bbox 1915 2975 3494 3058">
    <p class='ocr_par' dir='ltr' id='par_1_60' title="bbox 1915 2975 3494 3058">
     <span class='ocr_line' id='line_1_60' title="bbox 1915 2975 3494 3058; baseline -0.012 -11"><span class='ocrx_word' id='word_1_435' title='bbox 1915 3008 2060 3053; x_wconf 88' lang='lat' dir='ltr'><strong>mus,</strong></span> <span class='ocrx_word' id='word_1_436' title='bbox 2094 3007 2206 3044; x_wconf 87' lang='lat' dir='ltr'><strong>nou</strong></span> <span class='ocrx_word' id='word_1_437' title='bbox 2249 2987 2383 3044; x_wconf 93' lang='lat' dir='ltr'><strong>illud</strong></span> <span class='ocrx_word' id='word_1_438' title='bbox 2416 2988 2634 3058; x_wconf 89' lang='lat' dir='ltr'><strong>quidem</strong></span> <span class='ocrx_word' id='word_1_439' title='bbox 2671 2993 2730 3038; x_wconf 92' lang='lat' dir='ltr'><strong>ut</strong></span> <span class='ocrx_word' id='word_1_440' title='bbox 2762 2999 2952 3038; x_wconf 87' lang='lat' dir='ltr'><strong>verum</strong></span> <span class='ocrx_word' id='word_1_441' title='bbox 3010 2990 3340 3039; x_wconf 83' lang='lat' dir='ltr'><strong>asserentes,</strong></span> <span class='ocrx_word' id='word_1_442' title='bbox 3397 2975 3494 3031; x_wconf 89' lang='lat' dir='ltr'><strong>sed</strong></span> 
     </span>
    </p>
   </div>
   <div class='ocr_carea' id='block_1_61' title="bbox 1918 3067 3494 3151">
    <p class='ocr_par' dir='ltr' id='par_1_61' title="bbox 1918 3067 3494 3151">
     <span class='ocr_line' id='line_1_61' title="bbox 1918 3067 3494 3151; baseline -0.012 -14"><span class='ocrx_word' id='word_1_443' title='bbox 1918 3084 2270 3151; x_wconf 89' lang='lat' dir='ltr'><strong>subjicientes</strong></span> <span class='ocrx_word' id='word_1_444' title='bbox 2309 3082 2364 3134; x_wconf 90' lang='lat' dir='ltr'><strong>in</strong></span> <span class='ocrx_word' id='word_1_445' title='bbox 2413 3080 2642 3149; x_wconf 78' lang='lat' dir='ltr'><strong>gratiam</strong></span> <span class='ocrx_word' id='word_1_446' title='bbox 2697 3075 3030 3138; x_wconf 87' lang='lat' dir='ltr'><strong>auditorum,</strong></span> <span class='ocrx_word' id='word_1_447' title='bbox 3093 3071 3329 3138; x_wconf 78' lang='lat' dir='ltr'><strong>benigne</strong></span> <span class='ocrx_word' id='word_1_448' title='bbox 3379 3067 3494 3119; x_wconf 73' lang='lat' dir='ltr'><strong>haac</strong></span> 
     </span>
    </p>
   </div>
   <div class='ocr_carea' id='block_1_62' title="bbox 235 3159 1825 3251">
    <p class='ocr_par' dir='ltr' id='par_1_62' title="bbox 235 3160 1818 3232">
     <span class='ocr_line' id='line_1_62' title="bbox 235 3160 1818 3232; baseline -0.001 -18"><span class='ocrx_word' id='word_1_449' title='bbox 235 3163 338 3230; x_wconf 70' lang='grc' dir='ltr'>τῆς</span> <span class='ocrx_word' id='word_1_450' title='bbox 362 3162 712 3224; x_wconf 83' lang='grc' dir='ltr'>ὑποστάσεως</span> <span class='ocrx_word' id='word_1_451' title='bbox 744 3163 776 3231; x_wconf 82' lang='grc' dir='ltr'>ἡ</span> <span class='ocrx_word' id='word_1_452' title='bbox 814 3160 1112 3231; x_wconf 88' lang='grc' dir='ltr'>πηλικότης</span> <span class='ocrx_word' id='word_1_453' title='bbox 1140 3161 1310 3221; x_wconf 77' lang='grc' dir='ltr'>ἐστὶν,</span> <span class='ocrx_word' id='word_1_454' title='bbox 1354 3162 1386 3232; x_wconf 84' lang='grc' dir='ltr'>ἡ</span> <span class='ocrx_word' id='word_1_455' title='bbox 1433 3163 1818 3231; x_wconf 77' lang='grc' dir='ltr'>συναπαρτιςο·</span> 
     </span>
    </p>
   </div>
   <div class='ocr_carea' id='block_1_63' title="bbox 1919 3159 3494 3251">
    <p class='ocr_par' dir='ltr' id='par_1_63' title="bbox 1919 3159 3494 3242">
     <span class='ocr_line' id='line_1_63' title="bbox 1919 3159 3494 3242; baseline -0.013 -15"><span class='ocrx_word' id='word_1_456' title='bbox 1919 3173 2076 3242; x_wconf 87' lang='lat' dir='ltr'><strong>quasi</strong></span> <span class='ocrx_word' id='word_1_457' title='bbox 2108 3170 2352 3226; x_wconf 76' lang='lat' dir='ltr'><strong>exercitii</strong></span> <span class='ocrx_word' id='word_1_458' title='bbox 2379 3183 2545 3224; x_wconf 91' lang='lat' dir='ltr'><strong>causa</strong></span> <span class='ocrx_word' id='word_1_459' title='bbox 2574 3167 2628 3220; x_wconf 91' lang='lat' dir='ltr'><strong>in</strong></span> <span class='ocrx_word' id='word_1_460' title='bbox 2654 3165 2892 3220; x_wconf 85' lang='lat' dir='ltr'><strong>medium</strong></span> <span class='ocrx_word' id='word_1_461' title='bbox 2933 3161 3096 3214; x_wconf 88' lang='lat' dir='ltr'><strong>allata</strong></span> <span class='ocrx_word' id='word_1_462' title='bbox 3127 3159 3494 3225; x_wconf 89' lang='lat' dir='ltr'><strong>interpretan-</strong></span> 
     </span>
    </p>
   </div>
   <div class='ocr_carea' id='block_1_64' title="bbox 239 3245 1818 3324">
    <p class='ocr_par' dir='ltr' id='par_1_64' title="bbox 239 3245 1818 3324">
     <span class='ocr_line' id='line_1_64' title="bbox 239 3245 1818 3324; baseline -0.001 -20"><span class='ocrx_word' id='word_1_463' title='bbox 239 3254 379 3324; x_wconf 79' lang='grc' dir='ltr'>μὲνη</span> <span class='ocrx_word' id='word_1_464' title='bbox 407 3255 473 3322; x_wconf 83' lang='grc' dir='ltr'>τῇ</span> <span class='ocrx_word' id='word_1_465' title='bbox 500 3251 789 3322; x_wconf 73' lang='grc' dir='ltr'>ἐπιφανείᾳ</span> <span class='ocrx_word' id='word_1_466' title='bbox 825 3249 918 3302; x_wconf 90' lang='grc' dir='ltr'><strong>τοῦ</strong></span> <span class='ocrx_word' id='word_1_467' title='bbox 945 3248 1196 3320; x_wconf 87' lang='grc' dir='ltr'>σώματος</span> <span class='ocrx_word' id='word_1_468' title='bbox 1221 3266 1234 3280; x_wconf 84' lang='lat'><strong><em>°</em></strong></span> <span class='ocrx_word' id='word_1_469' title='bbox 1264 3249 1437 3314; x_wconf 75' lang='grc' dir='ltr'>οὕτως</span> <span class='ocrx_word' id='word_1_470' title='bbox 1459 3245 1613 3321; x_wconf 71' lang='grc' dir='ltr'>οἶμαι</span> <span class='ocrx_word' id='word_1_471' title='bbox 1648 3250 1818 3304; x_wconf 79' lang='grc' dir='ltr'>καθάο</span> 
     </span>
    </p>
   </div>
   <div class='ocr_carea' id='block_1_65' title="bbox 237 3342 1819 3416">
    <p class='ocr_par' dir='ltr' id='par_1_65' title="bbox 237 3342 1819 3416">
     <span class='ocr_line' id='line_1_65' title="bbox 237 3342 1819 3416; baseline 0 -19"><span class='ocrx_word' id='word_1_472' title='bbox 237 3362 348 3416; x_wconf 86' lang='grc' dir='ltr'><strong>περ</strong></span> <span class='ocrx_word' id='word_1_473' title='bbox 371 3347 428 3396; x_wconf 83' lang='grc' dir='ltr'><strong>ἐν</strong></span> <span class='ocrx_word' id='word_1_474' title='bbox 448 3345 525 3397; x_wconf 79' lang='grc' dir='ltr'><strong>ἐνὶ</strong></span> <span class='ocrx_word' id='word_1_475' title='bbox 551 3345 763 3414; x_wconf 88' lang='grc' dir='ltr'>σώματι</span> <span class='ocrx_word' id='word_1_476' title='bbox 786 3342 905 3396; x_wconf 83' lang='grc' dir='ltr'>ὅλον</span> <span class='ocrx_word' id='word_1_477' title='bbox 919 3343 980 3395; x_wconf 86' lang='grc' dir='ltr'><strong>τὸ</strong></span> <span class='ocrx_word' id='word_1_478' title='bbox 990 3343 1088 3413; x_wconf 84' lang='grc' dir='ltr'>τῆς</span> <span class='ocrx_word' id='word_1_479' title='bbox 1111 3343 1524 3414; x_wconf 86' lang='grc' dir='ltr'>ἀνθρωπότητος</span> <span class='ocrx_word' id='word_1_480' title='bbox 1546 3342 1819 3414; x_wconf 84' lang='grc' dir='ltr'>πλήρωμα</span> 
     </span>
    </p>
   </div>
   <div class='ocr_carea' id='block_1_66' title="bbox 235 3434 1868 3508">
    <p class='ocr_par' dir='ltr' id='par_1_66' title="bbox 235 3434 1868 3508">
     <span class='ocr_line' id='line_1_66' title="bbox 235 3434 1868 3508; baseline -0.002 -17"><span class='ocrx_word' id='word_1_481' title='bbox 235 3440 305 3508; x_wconf 83' lang='grc' dir='ltr'>τῇ</span> <span class='ocrx_word' id='word_1_482' title='bbox 346 3439 726 3508; x_wconf 78' lang='grc' dir='ltr'>προγνωστικῇ</span> <span class='ocrx_word' id='word_1_483' title='bbox 761 3435 987 3506; x_wconf 86' lang='grc' dir='ltr'>δυνάμει</span> <span class='ocrx_word' id='word_1_484' title='bbox 1029 3435 1179 3506; x_wconf 78' lang='grc' dir='ltr'>παρὰ</span> <span class='ocrx_word' id='word_1_485' title='bbox 1219 3435 1312 3488; x_wconf 86' lang='grc' dir='ltr'><strong>τοῦ</strong></span> <span class='ocrx_word' id='word_1_486' title='bbox 1355 3434 1489 3488; x_wconf 87' lang='grc' dir='ltr'>Θεοῦ</span> <span class='ocrx_word' id='word_1_487' title='bbox 1539 3435 1648 3489; x_wconf 84' lang='grc' dir='ltr'>τῶν</span> <span class='ocrx_word' id='word_1_488' title='bbox 1683 3435 1868 3489; x_wconf 67' lang='grc' dir='ltr'>ὅλωνίν</span> 
     </span>
    </p>
   </div>
   <div class='ocr_carea' id='block_1_67' title="bbox 235 3527 1820 3600">
    <p class='ocr_par' dir='ltr' id='par_1_67' title="bbox 235 3527 1820 3600">
     <span class='ocr_line' id='line_1_67' title="bbox 235 3527 1820 3600; baseline -0.001 -19"><span class='ocrx_word' id='word_1_489' title='bbox 235 3528 652 3600; x_wconf 83' lang='grc' dir='ltr'>περισχεθῆναι,</span> <span class='ocrx_word' id='word_1_490' title='bbox 689 3527 782 3580; x_wconf 79' lang='grc' dir='ltr'>καὶ</span> <span class='ocrx_word' id='word_1_491' title='bbox 809 3527 970 3580; x_wconf 83' lang='grc' dir='ltr'>τοῦτο</span> <span class='ocrx_word' id='word_1_492' title='bbox 1013 3527 1282 3580; x_wconf 88' lang='grc' dir='ltr'>διδάσκειν</span> <span class='ocrx_word' id='word_1_493' title='bbox 1314 3527 1406 3580; x_wconf 74' lang='grc' dir='ltr'>τὸν</span> <span class='ocrx_word' id='word_1_494' title='bbox 1436 3527 1594 3595; x_wconf 90' lang='grc' dir='ltr'>λόγον</span> <span class='ocrx_word' id='word_1_495' title='bbox 1623 3527 1715 3580; x_wconf 82' lang='grc' dir='ltr'><strong>τὸν</strong></span> <span class='ocrx_word' id='word_1_496' title='bbox 1743 3529 1820 3580; x_wconf 77' lang='grc' dir='ltr'>εἰ·</span> 
     </span>
    </p>
   </div>
   <div class='ocr_carea' id='block_1_68' title="bbox 237 3614 1820 3688">
    <p class='ocr_par' dir='ltr' id='par_1_68' title="bbox 237 3614 1820 3688">
     <span class='ocr_line' id='line_1_68' title="bbox 237 3614 1820 3688; baseline 0.001 -19"><span class='ocrx_word' id='word_1_497' title='bbox 237 3617 436 3676; x_wconf 87' lang='grc' dir='ltr'>πόντα,</span> <span class='ocrx_word' id='word_1_498' title='bbox 483 3617 564 3669; x_wconf 84' lang='grc' dir='ltr'>ὅτι</span> <span class='ocrx_word' id='word_1_499' title='bbox 605 3615 698 3668; x_wconf 78' lang='grc' dir='ltr'>καί.</span> <span class='ocrx_word' id='word_1_500' title='bbox 726 3615 981 3684; x_wconf 84' lang='grc' dir='ltr'>ἐποίησεν</span> <span class='ocrx_word' id='word_1_501' title='bbox 1023 3615 1052 3668; x_wconf 90' lang='lat'><strong>6</strong></span> <span class='ocrx_word' id='word_1_502' title='bbox 1083 3614 1214 3679; x_wconf 85' lang='grc' dir='ltr'>Θεὸς</span> <span class='ocrx_word' id='word_1_503' title='bbox 1256 3615 1347 3668; x_wconf 82' lang='grc' dir='ltr'><strong>τὸν</strong></span> <span class='ocrx_word' id='word_1_504' title='bbox 1381 3615 1686 3688; x_wconf 77' lang='grc' dir='ltr'>ἄνθρωπον,</span> <span class='ocrx_word' id='word_1_505' title='bbox 1725 3618 1820 3670; x_wconf 76' lang='grc' dir='ltr'><strong>καὶ</strong></span> 
     </span>
    </p>
   </div>
   <div class='ocr_carea' id='block_1_69' title="bbox 237 3706 1820 3783">
    <p class='ocr_par' dir='ltr' id='par_1_69' title="bbox 237 3706 1820 3783">
     <span class='ocr_line' id='line_1_69' title="bbox 237 3706 1820 3783; baseline 0 -21"><span class='ocrx_word' id='word_1_506' title='bbox 237 3711 366 3762; x_wconf 82' lang='grc' dir='ltr'>κατ’</span> <span class='ocrx_word' id='word_1_507' title='bbox 401 3708 584 3761; x_wconf 86' lang='grc' dir='ltr'>εἰκόνα</span> <span class='ocrx_word' id='word_1_508' title='bbox 619 3706 754 3760; x_wconf 87' lang='grc' dir='ltr'>Θεοῦ</span> <span class='ocrx_word' id='word_1_509' title='bbox 792 3709 1046 3783; x_wconf 76' lang='grc' dir='ltr'>ἐποίησεν</span> <span class='ocrx_word' id='word_1_510' title='bbox 1085 3707 1266 3762; x_wconf 83' lang='grc' dir='ltr'>αὐτόν.</span> <span class='ocrx_word' id='word_1_511' title='bbox 1299 3710 1372 3762; x_wconf 85' lang='grc' dir='ltr'>Ού</span> <span class='ocrx_word' id='word_1_512' title='bbox 1413 3709 1524 3781; x_wconf 84' lang='grc' dir='ltr'>γὰρ</span> <span class='ocrx_word' id='word_1_513' title='bbox 1561 3711 1618 3763; x_wconf 88' lang='grc' dir='ltr'><strong>ἐν</strong></span> <span class='ocrx_word' id='word_1_514' title='bbox 1663 3708 1820 3780; x_wconf 82' lang='grc' dir='ltr'>μέρει</span> 
     </span>
    </p>
   </div>
   <div class='ocr_carea' id='block_1_70' title="bbox 237 3797 1822 3871">
    <p class='ocr_par' dir='ltr' id='par_1_70' title="bbox 237 3797 1822 3871">
     <span class='ocr_line' id='line_1_70' title="bbox 237 3797 1822 3871; baseline -0.001 -18"><span class='ocrx_word' id='word_1_515' title='bbox 237 3801 346 3871; x_wconf 79' lang='grc' dir='ltr'>τῆς</span> <span class='ocrx_word' id='word_1_516' title='bbox 384 3798 600 3869; x_wconf 87' lang='grc' dir='ltr'>φύσεως</span> <span class='ocrx_word' id='word_1_517' title='bbox 642 3801 675 3869; x_wconf 90' lang='grc' dir='ltr'><strong>ή</strong></span> <span class='ocrx_word' id='word_1_518' title='bbox 727 3799 912 3865; x_wconf 85' lang='grc' dir='ltr'>εἰκὼν,</span> <span class='ocrx_word' id='word_1_519' title='bbox 961 3797 1082 3851; x_wconf 84' lang='grc' dir='ltr'><strong>οὐδέ</strong></span> <span class='ocrx_word' id='word_1_520' title='bbox 1126 3797 1184 3851; x_wconf 77' lang='grc' dir='ltr'><strong>ἐν</strong></span> <span class='ocrx_word' id='word_1_521' title='bbox 1210 3816 1317 3852; x_wconf 89' lang='grc' dir='ltr'>τινι</span> <span class='ocrx_word' id='word_1_522' title='bbox 1356 3799 1465 3852; x_wconf 86' lang='grc' dir='ltr'>τῶν</span> <span class='ocrx_word' id='word_1_523' title='bbox 1503 3799 1626 3854; x_wconf 88' lang='grc' dir='ltr'>καθ’</span> <span class='ocrx_word' id='word_1_524' title='bbox 1658 3800 1822 3854; x_wconf 83' lang='grc' dir='ltr'>αὐτὸν</span> 
     </span>
    </p>
   </div>
   <div class='ocr_carea' id='block_1_71' title="bbox 241 3877 1866 3965">
    <p class='ocr_par' dir='ltr' id='par_1_71' title="bbox 241 3877 1866 3965">
     <span class='ocr_line' id='line_1_71' title="bbox 241 3877 1866 3965; baseline 0 -19"><span class='ocrx_word' id='word_1_525' title='bbox 241 3893 641 3965; x_wconf 84' lang='grc' dir='ltr'>θεωρουμένων</span> <span class='ocrx_word' id='word_1_526' title='bbox 682 3893 714 3964; x_wconf 84' lang='grc' dir='ltr'><strong>ἠ</strong></span> <span class='ocrx_word' id='word_1_527' title='bbox 744 3893 938 3963; x_wconf 81' lang='grc' dir='ltr'>χάρις’</span> <span class='ocrx_word' id='word_1_528' title='bbox 971 3891 1084 3944; x_wconf 87' lang='grc' dir='ltr'>ἀλλ’</span> <span class='ocrx_word' id='word_1_529' title='bbox 1115 3893 1199 3961; x_wconf 85' lang='grc' dir='ltr'>ἐφ’</span> <span class='ocrx_word' id='word_1_530' title='bbox 1236 3892 1381 3946; x_wconf 76' lang='grc' dir='ltr'>ἅπαν</span> <span class='ocrx_word' id='word_1_531' title='bbox 1415 3893 1476 3946; x_wconf 87' lang='grc' dir='ltr'><strong>τὸ</strong></span> <span class='ocrx_word' id='word_1_532' title='bbox 1515 3892 1671 3961; x_wconf 89' lang='grc' dir='ltr'>γένος</span> <span class='ocrx_word' id='word_1_533' title='bbox 1699 3877 1866 3946; x_wconf 41' lang='lat' dir='ltr'><strong>imi-ﬂ&quot;</strong></span> 
     </span>
    </p>
   </div>
   <div class='ocr_carea' id='block_1_72' title="bbox 241 3982 1823 4056">
    <p class='ocr_par' dir='ltr' id='par_1_72' title="bbox 241 3982 1823 4056">
     <span class='ocr_line' id='line_1_72' title="bbox 241 3982 1823 4056; baseline -0.001 -18"><span class='ocrx_word' id='word_1_534' title='bbox 241 4001 348 4056; x_wconf 88' lang='grc' dir='ltr'><strong>σης</strong></span> <span class='ocrx_word' id='word_1_535' title='bbox 379 3987 414 4055; x_wconf 84' lang='grc' dir='ltr'>ή</span> <span class='ocrx_word' id='word_1_536' title='bbox 454 3984 677 4055; x_wconf 78' lang='grc' dir='ltr'>τοιαύτη</span> <span class='ocrx_word' id='word_1_537' title='bbox 712 3983 890 4054; x_wconf 86' lang='grc' dir='ltr'>διήκει</span> <span class='ocrx_word' id='word_1_538' title='bbox 933 3982 1182 4053; x_wconf 86' lang='grc' dir='ltr'>δύναμις.</span> <span class='ocrx_word' id='word_1_539' title='bbox 1222 3984 1452 4054; x_wconf 87' lang='grc' dir='ltr'>Σημείον</span> <span class='ocrx_word' id='word_1_540' title='bbox 1483 3983 1559 4048; x_wconf 86' lang='grc' dir='ltr'>δὲ,</span> <span class='ocrx_word' id='word_1_541' title='bbox 1593 3984 1676 4036; x_wconf 82' lang='grc' dir='ltr'>ὅτι</span> <span class='ocrx_word' id='word_1_542' title='bbox 1719 3985 1823 4036; x_wconf 81' lang='grc' dir='ltr'><strong>πᾶ-</strong></span> 
     </span>
    </p>
   </div>
   <div class='ocr_carea' id='block_1_73' title="bbox 241 4073 1821 4147">
    <p class='ocr_par' dir='ltr' id='par_1_73' title="bbox 241 4073 1821 4147">
     <span class='ocr_line' id='line_1_73' title="bbox 241 4073 1821 4147; baseline -0.002 -16"><span class='ocrx_word' id='word_1_543' title='bbox 241 4094 331 4131; x_wconf 84' lang='grc' dir='ltr'>σ·ν</span> <span class='ocrx_word' id='word_1_544' title='bbox 388 4075 650 4138; x_wconf 83' lang='grc' dir='ltr'>ὡσαύτως</span> <span class='ocrx_word' id='word_1_545' title='bbox 706 4078 735 4128; x_wconf 91' lang='lat'><strong>6</strong></span> <span class='ocrx_word' id='word_1_546' title='bbox 802 4075 926 4138; x_wconf 87' lang='grc' dir='ltr'>νοῦς</span> <span class='ocrx_word' id='word_1_547' title='bbox 984 4075 1366 4147; x_wconf 83' lang='grc' dir='ltr'>ἐγκαθίδρυται</span> <span class='ocrx_word' id='word_1_548' title='bbox 1391 4089 1406 4106; x_wconf 75' lang='grc' dir='ltr'><strong>ο</strong></span> <span class='ocrx_word' id='word_1_549' title='bbox 1472 4076 1676 4139; x_wconf 85' lang='grc' dir='ltr'>πάντες</span> <span class='ocrx_word' id='word_1_550' title='bbox 1725 4073 1821 4128; x_wconf 88' lang='grc' dir='ltr'><strong>τοῦ</strong></span> 
     </span>
    </p>
   </div>
   <div class='ocr_carea' id='block_1_74' title="bbox 241 4165 1824 4238">
    <p class='ocr_par' dir='ltr' id='par_1_74' title="bbox 241 4165 1824 4238">
     <span class='ocr_line' id='line_1_74' title="bbox 241 4165 1824 4238; baseline -0.003 -14"><span class='ocrx_word' id='word_1_551' title='bbox 241 4168 574 4224; x_wconf 86' lang='grc' dir='ltr'>διανοεῖσθαι</span> <span class='ocrx_word' id='word_1_552' title='bbox 609 4168 705 4222; x_wconf 75' lang='grc' dir='ltr'>καὶ</span> <span class='ocrx_word' id='word_1_553' title='bbox 730 4165 1116 4238; x_wconf 76' lang='grc' dir='ltr'>προϐουλεύειν</span> <span class='ocrx_word' id='word_1_554' title='bbox 1137 4165 1237 4236; x_wconf 84' lang='grc' dir='ltr'>τὴν</span> <span class='ocrx_word' id='word_1_555' title='bbox 1256 4167 1484 4238; x_wconf 88' lang='grc' dir='ltr'>δύναμιν</span> <span class='ocrx_word' id='word_1_556' title='bbox 1506 4167 1708 4237; x_wconf 80' lang='grc' dir='ltr'>έχουσι,</span> <span class='ocrx_word' id='word_1_557' title='bbox 1729 4167 1824 4220; x_wconf 76' lang='grc' dir='ltr'><strong>καὶ</strong></span> 
     </span>
    </p>
   </div>
   <div class='ocr_carea' id='block_1_75' title="bbox 241 4247 1824 4329">
    <p class='ocr_par' dir='ltr' id='par_1_75' title="bbox 241 4247 1824 4329">
     <span class='ocr_line' id='line_1_75' title="bbox 241 4247 1824 4329; baseline -0.004 -14"><span class='ocrx_word' id='word_1_558' title='bbox 241 4263 312 4315; x_wconf 69' lang='grc' dir='ltr'><strong>τά</strong></span> <span class='ocrx_word' id='word_1_559' title='bbox 337 4261 472 4315; x_wconf 81' lang='grc' dir='ltr'>ἄλλα</span> <span class='ocrx_word' id='word_1_560' title='bbox 502 4259 700 4322; x_wconf 86' lang='grc' dir='ltr'>πάντα,</span> <span class='ocrx_word' id='word_1_561' title='bbox 725 4258 790 4310; x_wconf 79' lang='grc' dir='ltr'>δι’</span> <span class='ocrx_word' id='word_1_562' title='bbox 811 4247 887 4310; x_wconf 80' lang='grc' dir='ltr'>ὧν</span> <span class='ocrx_word' id='word_1_563' title='bbox 917 4259 950 4329; x_wconf 83' lang='grc' dir='ltr'><strong>ἡ</strong></span> <span class='ocrx_word' id='word_1_564' title='bbox 984 4256 1105 4310; x_wconf 89' lang='grc' dir='ltr'>θεία</span> <span class='ocrx_word' id='word_1_565' title='bbox 1125 4257 1285 4322; x_wconf 84' lang='grc' dir='ltr'>φύσις</span> <span class='ocrx_word' id='word_1_566' title='bbox 1320 4258 1378 4308; x_wconf 92' lang='grc' dir='ltr'><strong>ἐν</strong></span> <span class='ocrx_word' id='word_1_567' title='bbox 1399 4257 1476 4327; x_wconf 85' lang='grc' dir='ltr'>τῷ</span> <span class='ocrx_word' id='word_1_568' title='bbox 1505 4258 1624 4310; x_wconf 81' lang='grc' dir='ltr'>κατ’</span> <span class='ocrx_word' id='word_1_569' title='bbox 1654 4257 1824 4328; x_wconf 81' lang='grc' dir='ltr'>αὐτὴν</span> 
     </span>
    </p>
   </div>
   <div class='ocr_carea' id='block_1_76' title="bbox 243 4341 1888 4421">
    <p class='ocr_par' dir='ltr' id='par_1_76' title="bbox 243 4341 1888 4421">
     <span class='ocr_line' id='line_1_76' title="bbox 243 4341 1888 4421; baseline 0.01 -17"><span class='ocrx_word' id='word_1_570' title='bbox 243 4352 496 4421; x_wconf 84' lang='grc' dir='ltr'>γεγονότι</span> <span class='ocrx_word' id='word_1_571' title='bbox 523 4349 944 4414; x_wconf 80' lang='grc' dir='ltr'>άπεικονίζεται.</span> <span class='ocrx_word' id='word_1_572' title='bbox 988 4348 1220 4419; x_wconf 83' lang='grc' dir='ltr'>Ὁμοίως</span> <span class='ocrx_word' id='word_1_573' title='bbox 1249 4348 1361 4418; x_wconf 75' lang='grc' dir='ltr'>ἔχει</span> <span class='ocrx_word' id='word_1_574' title='bbox 1392 4349 1420 4402; x_wconf 82' lang='grc' dir='ltr'>δ</span> <span class='ocrx_word' id='word_1_575' title='bbox 1447 4366 1506 4401; x_wconf 85' lang='grc' dir='ltr'>τε</span> <span class='ocrx_word' id='word_1_576' title='bbox 1538 4352 1604 4420; x_wconf 72' lang='grc' dir='ltr'><strong>τῇ</strong></span> <span class='ocrx_word' id='word_1_577' title='bbox 1634 4349 1823 4420; x_wconf 76' lang='grc' dir='ltr'>πρώτη</span> 
     </span>
    </p>
   </div>
   <div class='ocr_carea' id='block_1_77' title="bbox 242 4441 1822 4513">
    <p class='ocr_par' dir='ltr' id='par_1_77' title="bbox 242 4441 1822 4513">
     <span class='ocr_line' id='line_1_77' title="bbox 242 4441 1822 4513; baseline -0.002 -15"><span class='ocrx_word' id='word_1_578' title='bbox 242 4445 343 4498; x_wconf 89' lang='grc' dir='ltr'><strong>τοῦ</strong></span> <span class='ocrx_word' id='word_1_579' title='bbox 402 4443 608 4513; x_wconf 87' lang='grc' dir='ltr'>κόσμου</span> <span class='ocrx_word' id='word_1_580' title='bbox 658 4444 972 4512; x_wconf 83' lang='grc' dir='ltr'>κατασκευῇ</span> <span class='ocrx_word' id='word_1_581' title='bbox 1033 4441 1465 4511; x_wconf 75' lang='grc' dir='ltr'>συναναδειχθείς</span> <span class='ocrx_word' id='word_1_582' title='bbox 1509 4441 1822 4512; x_wconf 76' lang='grc' dir='ltr'>ἅνθρωπος,</span> 
     </span>
    </p>
   </div>
   <div class='ocr_carea' id='block_1_78' title="bbox 1925 3244 3496 3330">
    <p class='ocr_par' dir='ltr' id='par_1_78' title="bbox 1925 3244 3496 3330">
     <span class='ocr_line' id='line_1_78' title="bbox 1925 3244 3496 3330; baseline -0.013 -14"><span class='ocrx_word' id='word_1_583' title='bbox 1925 3264 2084 3320; x_wconf 90' lang='lat' dir='ltr'><strong>tium.</strong></span> <span class='ocrx_word' id='word_1_584' title='bbox 2147 3260 2288 3328; x_wconf 83' lang='lat' dir='ltr'><strong>Quid</strong></span> <span class='ocrx_word' id='word_1_585' title='bbox 2319 3260 2482 3330; x_wconf 81' lang='lat' dir='ltr'><strong>igitur</strong></span> <span class='ocrx_word' id='word_1_586' title='bbox 2520 3257 2586 3312; x_wconf 91' lang='lat' dir='ltr'><strong>de</strong></span> <span class='ocrx_word' id='word_1_587' title='bbox 2631 3257 2716 3311; x_wconf 90' lang='lat' dir='ltr'><strong>his</strong></span> <span class='ocrx_word' id='word_1_588' title='bbox 2757 3257 2812 3308; x_wconf 93' lang='lat' dir='ltr'><strong>in</strong></span> <span class='ocrx_word' id='word_1_589' title='bbox 2847 3261 3083 3307; x_wconf 87' lang='lat' dir='ltr'><strong>mentem</strong></span> <span class='ocrx_word' id='word_1_590' title='bbox 3116 3248 3274 3304; x_wconf 77' lang='lat' dir='ltr'><strong>nobis</strong></span> <span class='ocrx_word' id='word_1_591' title='bbox 3297 3244 3496 3300; x_wconf 77' lang='lat' dir='ltr'><strong>venit?</strong></span> 
     </span>
    </p>
   </div>
   <div class='ocr_carea' id='block_1_79' title="bbox 1925 3338 3494 3412">
    <p class='ocr_par' dir='ltr' id='par_1_79' title="bbox 1925 3338 3494 3412">
     <span class='ocr_line' id='line_1_79' title="bbox 1925 3338 3494 3412; baseline -0.015 -2"><span class='ocrx_word' id='word_1_592' title='bbox 1925 3358 2028 3410; x_wconf 91' lang='lat' dir='ltr'><strong>hoc</strong></span> <span class='ocrx_word' id='word_1_593' title='bbox 2054 3355 2334 3410; x_wconf 88' lang='lat' dir='ltr'><strong>nimirum:</strong></span> <span class='ocrx_word' id='word_1_594' title='bbox 2359 3352 2493 3407; x_wconf 83' lang='lat' dir='ltr'><strong>Cum</strong></span> <span class='ocrx_word' id='word_1_595' title='bbox 2519 3349 2742 3412; x_wconf 86' lang='lat' dir='ltr'><strong>dicitur,</strong></span> <span class='ocrx_word' id='word_1_596' title='bbox 2765 3345 2932 3400; x_wconf 91' lang='lat' dir='ltr'><strong>Deum</strong></span> <span class='ocrx_word' id='word_1_597' title='bbox 2957 3355 3178 3397; x_wconf 85' lang='lat' dir='ltr'><strong>creasse</strong></span> <span class='ocrx_word' id='word_1_598' title='bbox 3198 3338 3494 3400; x_wconf 85' lang='lat' dir='ltr'><strong>hominem,</strong></span> 
     </span>
    </p>
   </div>
   <div class='ocr_carea' id='block_1_80' title="bbox 1925 3435 3492 3519">
    <p class='ocr_par' dir='ltr' id='par_1_80' title="bbox 1925 3435 3492 3519">
     <span class='ocr_line' id='line_1_80' title="bbox 1925 3435 3492 3519; baseline -0.015 -15"><span class='ocrx_word' id='word_1_599' title='bbox 1925 3465 2021 3519; x_wconf 89' lang='lat' dir='ltr'><strong>per</strong></span> <span class='ocrx_word' id='word_1_600' title='bbox 2050 3446 2386 3501; x_wconf 82' lang='lat' dir='ltr'><strong>indeﬁnitam</strong></span> <span class='ocrx_word' id='word_1_601' title='bbox 2426 3441 2678 3495; x_wconf 89' lang='lat' dir='ltr'><strong>vocabuli</strong></span> <span class='ocrx_word' id='word_1_602' title='bbox 2709 3438 2948 3494; x_wconf 88' lang='lat' dir='ltr'><strong>hominis</strong></span> <span class='ocrx_word' id='word_1_603' title='bbox 2988 3435 3351 3494; x_wconf 87' lang='lat' dir='ltr'><strong>notationem,</strong></span> <span class='ocrx_word' id='word_1_604' title='bbox 3393 3443 3492 3482; x_wconf 80' lang='lat' dir='ltr'><strong>na—</strong></span> 
     </span>
    </p>
   </div>
   <div class='ocr_carea' id='block_1_81' title="bbox 1927 3524 3494 3598">
    <p class='ocr_par' dir='ltr' id='par_1_81' title="bbox 1927 3524 3494 3598">
     <span class='ocr_line' id='line_1_81' title="bbox 1927 3524 3494 3598; baseline -0.015 -4"><span class='ocrx_word' id='word_1_605' title='bbox 1927 3550 2104 3596; x_wconf 91' lang='lat' dir='ltr'><strong>turam</strong></span> <span class='ocrx_word' id='word_1_606' title='bbox 2134 3539 2423 3592; x_wconf 89' lang='lat' dir='ltr'><strong>humanam</strong></span> <span class='ocrx_word' id='word_1_607' title='bbox 2455 3535 2764 3588; x_wconf 86' lang='lat' dir='ltr'><strong>universam</strong></span> <span class='ocrx_word' id='word_1_608' title='bbox 2795 3528 3046 3598; x_wconf 77' lang='lat' dir='ltr'><strong>intelligi.</strong></span> <span class='ocrx_word' id='word_1_609' title='bbox 3084 3524 3218 3578; x_wconf 80' lang='lat' dir='ltr'><strong>Nam</strong></span> <span class='ocrx_word' id='word_1_610' title='bbox 3249 3530 3494 3577; x_wconf 89' lang='lat' dir='ltr'><strong>creatum</strong></span> 
     </span>
    </p>
   </div>
   <div class='ocr_carea' id='block_1_82' title="bbox 1923 3616 3498 3701">
    <p class='ocr_par' dir='ltr' id='par_1_82' title="bbox 1923 3616 3498 3701">
     <span class='ocr_line' id='line_1_82' title="bbox 1923 3616 3498 3701; baseline -0.015 -12"><span class='ocrx_word' id='word_1_611' title='bbox 1923 3635 2050 3697; x_wconf 89' lang='lat' dir='ltr'><strong>hoc,</strong></span> <span class='ocrx_word' id='word_1_612' title='bbox 2087 3631 2233 3701; x_wconf 91' lang='lat' dir='ltr'><strong>quod</strong></span> <span class='ocrx_word' id='word_1_613' title='bbox 2270 3629 2336 3682; x_wconf 88' lang='lat' dir='ltr'><strong>ad</strong></span> <span class='ocrx_word' id='word_1_614' title='bbox 2365 3627 2456 3682; x_wconf 91' lang='lat' dir='ltr'><strong>Dei</strong></span> <span class='ocrx_word' id='word_1_615' title='bbox 2493 3626 2694 3680; x_wconf 84' lang='lat' dir='ltr'><strong>factum</strong></span> <span class='ocrx_word' id='word_1_616' title='bbox 2740 3623 3033 3692; x_wconf 82' lang='lat' dir='ltr'><strong>imaginem</strong></span> <span class='ocrx_word' id='word_1_617' title='bbox 3091 3616 3347 3676; x_wconf 80' lang='lat' dir='ltr'><strong>traditur,</strong></span> <span class='ocrx_word' id='word_1_618' title='bbox 3386 3627 3498 3666; x_wconf 75' lang='lat' dir='ltr'><strong>non</strong></span> 
     </span>
    </p>
   </div>
   <div class='ocr_carea' id='block_1_83' title="bbox 1925 3704 3498 3787">
    <p class='ocr_par' dir='ltr' id='par_1_83' title="bbox 1925 3704 3498 3787">
     <span class='ocr_line' id='line_1_83' title="bbox 1925 3704 3498 3787; baseline -0.015 -6"><span class='ocrx_word' id='word_1_619' title='bbox 1925 3727 2015 3780; x_wconf 92' lang='lat' dir='ltr'><strong>hic</strong></span> <span class='ocrx_word' id='word_1_620' title='bbox 2043 3722 2233 3777; x_wconf 82' lang='lat' dir='ltr'><strong>Adami</strong></span> <span class='ocrx_word' id='word_1_621' title='bbox 2266 3735 2462 3774; x_wconf 88' lang='lat' dir='ltr'><strong>nomen</strong></span> <span class='ocrx_word' id='word_1_622' title='bbox 2493 3717 2765 3787; x_wconf 87' lang='lat' dir='ltr'><strong>adjectum</strong></span> <span class='ocrx_word' id='word_1_623' title='bbox 2792 3717 2970 3777; x_wconf 89' lang='lat' dir='ltr'><strong>habet,</strong></span> <span class='ocrx_word' id='word_1_624' title='bbox 2999 3712 3141 3767; x_wconf 88' lang='lat' dir='ltr'><strong>sicut</strong></span> <span class='ocrx_word' id='word_1_625' title='bbox 3173 3709 3227 3762; x_wconf 92' lang='lat' dir='ltr'><strong>in</strong></span> <span class='ocrx_word' id='word_1_626' title='bbox 3259 3704 3498 3760; x_wconf 76' lang='lat' dir='ltr'><strong>historia:</strong></span> 
     </span>
    </p>
   </div>
   <div class='ocr_carea' id='block_1_84' title="bbox 1925 3794 3500 3879">
    <p class='ocr_par' dir='ltr' id='par_1_84' title="bbox 1925 3794 3500 3879">
     <span class='ocr_line' id='line_1_84' title="bbox 1925 3794 3500 3879; baseline -0.017 -8"><span class='ocrx_word' id='word_1_627' title='bbox 1925 3812 2336 3872; x_wconf 87' lang='lat' dir='ltr'><strong>narrationibus</strong></span> <span class='ocrx_word' id='word_1_628' title='bbox 2393 3807 2785 3879; x_wconf 80' lang='lat' dir='ltr'><strong>sequentibus:</strong></span> <span class='ocrx_word' id='word_1_629' title='bbox 2849 3802 2948 3857; x_wconf 91' lang='lat' dir='ltr'><strong>sed</strong></span> <span class='ocrx_word' id='word_1_630' title='bbox 3009 3814 3208 3854; x_wconf 92' lang='lat' dir='ltr'><strong>nomen</strong></span> <span class='ocrx_word' id='word_1_631' title='bbox 3257 3794 3500 3849; x_wconf 80' lang='lat' dir='ltr'><strong>hominis</strong></span> 
     </span>
    </p>
   </div>
   <div class='ocr_carea' id='block_1_85' title="bbox 1927 3888 3496 3969">
    <p class='ocr_par' dir='ltr' id='par_1_85' title="bbox 1927 3888 3496 3969">
     <span class='ocr_line' id='line_1_85' title="bbox 1927 3888 3496 3969; baseline -0.012 -9"><span class='ocrx_word' id='word_1_632' title='bbox 1927 3905 2098 3960; x_wconf 87' lang='lat' dir='ltr'><strong>creati</strong></span> <span class='ocrx_word' id='word_1_633' title='bbox 2131 3901 2370 3958; x_wconf 88' lang='lat' dir='ltr'><strong>universi</strong></span> <span class='ocrx_word' id='word_1_634' title='bbox 2411 3900 2649 3969; x_wconf 88' lang='lat' dir='ltr'><strong>positum</strong></span> <span class='ocrx_word' id='word_1_635' title='bbox 2680 3905 2786 3959; x_wconf 88' lang='lat' dir='ltr'><strong>est,</strong></span> <span class='ocrx_word' id='word_1_636' title='bbox 2836 3909 2946 3948; x_wconf 92' lang='lat' dir='ltr'><strong>non</strong></span> <span class='ocrx_word' id='word_1_637' title='bbox 2981 3901 3038 3946; x_wconf 91' lang='lat' dir='ltr'><strong>ut</strong></span> <span class='ocrx_word' id='word_1_638' title='bbox 3097 3891 3162 3946; x_wconf 88' lang='lat' dir='ltr'><strong>de</strong></span> <span class='ocrx_word' id='word_1_639' title='bbox 3195 3888 3496 3942; x_wconf 81' lang='lat' dir='ltr'><strong>individuo.</strong></span> 
     </span>
    </p>
   </div>
   <div class='ocr_carea' id='block_1_86' title="bbox 1928 3985 3498 4065">
    <p class='ocr_par' dir='ltr' id='par_1_86' title="bbox 1928 3985 3498 4065">
     <span class='ocr_line' id='line_1_86' title="bbox 1928 3985 3498 4065; baseline -0.016 -10"><span class='ocrx_word' id='word_1_640' title='bbox 1928 4000 2138 4054; x_wconf 84' lang='lat' dir='ltr'><strong>Idcirco</strong></span> <span class='ocrx_word' id='word_1_641' title='bbox 2164 4011 2261 4065; x_wconf 82' lang='lat' dir='ltr'><strong>per</strong></span> <span class='ocrx_word' id='word_1_642' title='bbox 2294 3994 2434 4048; x_wconf 87' lang='lat' dir='ltr'><strong>hanc</strong></span> <span class='ocrx_word' id='word_1_643' title='bbox 2456 3990 2695 4045; x_wconf 88' lang='lat' dir='ltr'><strong>hominis</strong></span> <span class='ocrx_word' id='word_1_644' title='bbox 2721 3985 3162 4057; x_wconf 79' lang='lat' dir='ltr'><strong>appellationem,</strong></span> <span class='ocrx_word' id='word_1_645' title='bbox 3191 3996 3298 4051; x_wconf 90' lang='lat' dir='ltr'><strong>qua</strong></span> <span class='ocrx_word' id='word_1_646' title='bbox 3325 3987 3498 4033; x_wconf 89' lang='lat' dir='ltr'><strong>totum</strong></span> 
     </span>
    </p>
   </div>
   <div class='ocr_carea' id='block_1_87' title="bbox 1930 4075 3498 4162">
    <p class='ocr_par' dir='ltr' id='par_1_87' title="bbox 1930 4075 3498 4162">
     <span class='ocr_line' id='line_1_87' title="bbox 1930 4075 3498 4162; baseline -0.015 -15"><span class='ocrx_word' id='word_1_647' title='bbox 1930 4107 2101 4162; x_wconf 90' lang='lat' dir='ltr'><strong>genus</strong></span> <span class='ocrx_word' id='word_1_648' title='bbox 2127 4091 2381 4144; x_wconf 87' lang='lat' dir='ltr'><strong>universe</strong></span> <span class='ocrx_word' id='word_1_649' title='bbox 2413 4079 2919 4153; x_wconf 84' lang='lat' dir='ltr'><strong>comprehenditur,</strong></span> <span class='ocrx_word' id='word_1_650' title='bbox 2947 4078 3065 4147; x_wconf 87' lang='lat' dir='ltr'><strong>ejus</strong></span> <span class='ocrx_word' id='word_1_651' title='bbox 3103 4075 3460 4129; x_wconf 89' lang='lat' dir='ltr'><strong>admonemur</strong></span> <span class='ocrx_word' id='word_1_652' title='bbox 3484 4087 3498 4124; x_wconf 90' lang='lat'><strong>:</strong></span> 
     </span>
    </p>
   </div>
   <div class='ocr_carea' id='block_1_88' title="bbox 1931 4163 3500 4254">
    <p class='ocr_par' dir='ltr' id='par_1_88' title="bbox 1931 4163 3500 4254">
     <span class='ocr_line' id='line_1_88' title="bbox 1931 4163 3500 4254; baseline -0.015 -17"><span class='ocrx_word' id='word_1_653' title='bbox 1931 4183 2074 4254; x_wconf 89' lang='lat' dir='ltr'><strong>quod</strong></span> <span class='ocrx_word' id='word_1_654' title='bbox 2100 4177 2441 4250; x_wconf 86' lang='lat' dir='ltr'><strong>providentia</strong></span> <span class='ocrx_word' id='word_1_655' title='bbox 2472 4180 2826 4244; x_wconf 88' lang='lat' dir='ltr'><strong>potestasque</strong></span> <span class='ocrx_word' id='word_1_656' title='bbox 2860 4169 2957 4222; x_wconf 91' lang='lat' dir='ltr'><strong>Dei</strong></span> <span class='ocrx_word' id='word_1_657' title='bbox 2992 4173 3162 4221; x_wconf 87' lang='lat' dir='ltr'><strong>totam</strong></span> <span class='ocrx_word' id='word_1_658' title='bbox 3217 4163 3500 4217; x_wconf 90' lang='lat' dir='ltr'><strong>hominum</strong></span> 
     </span>
    </p>
   </div>
   <div class='ocr_carea' id='block_1_89' title="bbox 1930 4251 3503 4336">
    <p class='ocr_par' dir='ltr' id='par_1_89' title="bbox 1930 4251 3503 4336">
     <span class='ocr_line' id='line_1_89' title="bbox 1930 4251 3503 4336; baseline -0.013 -11"><span class='ocrx_word' id='word_1_659' title='bbox 1930 4251 2181 4326; x_wconf 82' lang='lat' dir='ltr'><strong>naturam</strong></span> <span class='ocrx_word' id='word_1_660' title='bbox 2213 4268 2269 4321; x_wconf 92' lang='lat' dir='ltr'><strong>in</strong></span> <span class='ocrx_word' id='word_1_661' title='bbox 2329 4266 2502 4336; x_wconf 89' lang='lat' dir='ltr'><strong>prima</strong></span> <span class='ocrx_word' id='word_1_662' title='bbox 2536 4263 2626 4316; x_wconf 90' lang='lat' dir='ltr'><strong>illa</strong></span> <span class='ocrx_word' id='word_1_663' title='bbox 2658 4260 2936 4315; x_wconf 87' lang='lat' dir='ltr'><strong>creatione</strong></span> <span class='ocrx_word' id='word_1_664' title='bbox 2992 4255 3272 4325; x_wconf 86' lang='lat' dir='ltr'><strong>complexa</strong></span> <span class='ocrx_word' id='word_1_665' title='bbox 3317 4254 3406 4308; x_wconf 93' lang='lat' dir='ltr'><strong>sit.</strong></span> <span class='ocrx_word' id='word_1_666' title='bbox 3442 4251 3503 4305; x_wconf 86' lang='lat' dir='ltr'><strong>In</strong></span> 
     </span>
    </p>
   </div>
   <div class='ocr_carea' id='block_1_90' title="bbox 1930 4346 3501 4418">
    <p class='ocr_par' dir='ltr' id='par_1_90' title="bbox 1930 4346 3501 4418">
     <span class='ocr_line' id='line_1_90' title="bbox 1930 4346 3501 4418; baseline -0.014 0"><span class='ocrx_word' id='word_1_667' title='bbox 1930 4364 2094 4418; x_wconf 76' lang='lat' dir='ltr'><strong>rebus</strong></span> <span class='ocrx_word' id='word_1_668' title='bbox 2123 4360 2267 4415; x_wconf 90' lang='lat' dir='ltr'><strong>enim</strong></span> <span class='ocrx_word' id='word_1_669' title='bbox 2301 4373 2329 4410; x_wconf 90' lang='lat' dir='ltr'><strong>a</strong></span> <span class='ocrx_word' id='word_1_670' title='bbox 2368 4355 2478 4410; x_wconf 91' lang='lat' dir='ltr'><strong>Deo</strong></span> <span class='ocrx_word' id='word_1_671' title='bbox 2528 4354 2691 4408; x_wconf 79' lang='lat' dir='ltr'><strong>factis</strong></span> <span class='ocrx_word' id='word_1_672' title='bbox 2731 4353 2869 4406; x_wconf 90' lang='lat' dir='ltr'><strong>nihil</strong></span> <span class='ocrx_word' id='word_1_673' title='bbox 2911 4365 3033 4404; x_wconf 90' lang='lat' dir='ltr'><strong>csse</strong></span> <span class='ocrx_word' id='word_1_674' title='bbox 3065 4346 3361 4417; x_wconf 81' lang='lat' dir='ltr'><strong>putandum</strong></span> <span class='ocrx_word' id='word_1_675' title='bbox 3395 4351 3501 4407; x_wconf 88' lang='lat' dir='ltr'><strong>est,</strong></span> 
     </span>
    </p>
   </div>
   <div class='ocr_carea' id='block_1_91' title="bbox 1931 4436 3501 4521">
    <p class='ocr_par' dir='ltr' id='par_1_91' title="bbox 1931 4436 3501 4521">
     <span class='ocr_line' id='line_1_91' title="bbox 1931 4436 3501 4521; baseline -0.013 -15"><span class='ocrx_word' id='word_1_676' title='bbox 1931 4450 2080 4521; x_wconf 88' lang='lat' dir='ltr'><strong>quod</strong></span> <span class='ocrx_word' id='word_1_677' title='bbox 2109 4450 2179 4504; x_wconf 88' lang='lat' dir='ltr'><strong>sit</strong></span> <span class='ocrx_word' id='word_1_678' title='bbox 2210 4446 2312 4516; x_wconf 83' lang='lat' dir='ltr'><strong>ipsi</strong></span> <span class='ocrx_word' id='word_1_679' title='bbox 2340 4445 2608 4498; x_wconf 83' lang='lat' dir='ltr'><strong>inﬁnitum</strong></span> <span class='ocrx_word' id='word_1_680' title='bbox 2634 4461 2649 4496; x_wconf 88' lang='lat'><strong>:</strong></span> <span class='ocrx_word' id='word_1_681' title='bbox 2683 4457 2805 4495; x_wconf 91' lang='lat' dir='ltr'><strong>cum</strong></span> <span class='ocrx_word' id='word_1_682' title='bbox 2834 4439 3018 4493; x_wconf 90' lang='lat' dir='ltr'><strong>omnia</strong></span> <span class='ocrx_word' id='word_1_683' title='bbox 3040 4453 3168 4508; x_wconf 58' lang='lat' dir='ltr'><strong>qua:</strong></span> <span class='ocrx_word' id='word_1_684' title='bbox 3189 4436 3463 4493; x_wconf 81' lang='lat' dir='ltr'><strong>exsistunt</strong></span> <span class='ocrx_word' id='word_1_685' title='bbox 3486 4474 3501 4496; x_wconf 90' lang='lat'><strong>,</strong></span> 
     </span>
    </p>
   </div>
   <div class='ocr_carea' id='block_1_92' title="bbox 245 4527 1825 4610">
    <p class='ocr_par' dir='ltr' id='par_1_92' title="bbox 245 4533 1817 4605">
     <span class='ocr_line' id='line_1_92' title="bbox 245 4533 1817 4605; baseline -0.002 -15"><span class='ocrx_word' id='word_1_686' title='bbox 245 4537 346 4591; x_wconf 76' lang='grc' dir='ltr'><strong>καὶ</strong></span> <span class='ocrx_word' id='word_1_687' title='bbox 379 4538 407 4590; x_wconf 92' lang='lat'><strong>6</strong></span> <span class='ocrx_word' id='word_1_688' title='bbox 434 4536 576 4588; x_wconf 83' lang='grc' dir='ltr'><strong>κατά</strong></span> <span class='ocrx_word' id='word_1_689' title='bbox 604 4533 705 4605; x_wconf 81' lang='grc' dir='ltr'><strong>τὴν</strong></span> <span class='ocrx_word' id='word_1_690' title='bbox 737 4534 832 4588; x_wconf 84' lang='grc' dir='ltr'><strong>τοῦ</strong></span> <span class='ocrx_word' id='word_1_691' title='bbox 862 4534 1060 4597; x_wconf 81' lang='grc' dir='ltr'>παντὸς</span> <span class='ocrx_word' id='word_1_692' title='bbox 1092 4533 1400 4588; x_wconf 86' lang='grc' dir='ltr'>συντέλειαν</span> <span class='ocrx_word' id='word_1_693' title='bbox 1434 4536 1817 4604; x_wconf 87' lang='grc' dir='ltr'>γενησόμενος,</span> 
     </span>
    </p>
   </div>
   <div class='ocr_carea' id='block_1_93' title="bbox 1919 4527 3504 4610">
    <p class='ocr_par' dir='ltr' id='par_1_93' title="bbox 1929 4527 3504 4610">
     <span class='ocr_line' id='line_1_93' title="bbox 1929 4527 3504 4610; baseline -0.011 -11"><span class='ocrx_word' id='word_1_694' title='bbox 1929 4547 2086 4600; x_wconf 83' lang='lat' dir='ltr'><strong>tinem</strong></span> <span class='ocrx_word' id='word_1_695' title='bbox 2131 4537 2420 4610; x_wconf 88' lang='lat' dir='ltr'><strong>quemdam</strong></span> <span class='ocrx_word' id='word_1_696' title='bbox 2455 4544 2508 4590; x_wconf 89' lang='lat' dir='ltr'><strong>et</strong></span> <span class='ocrx_word' id='word_1_697' title='bbox 2564 4548 2852 4590; x_wconf 90' lang='lat' dir='ltr'><strong>numerum</strong></span> <span class='ocrx_word' id='word_1_698' title='bbox 2889 4532 3148 4594; x_wconf 87' lang='lat' dir='ltr'><strong>habeant,</strong></span> <span class='ocrx_word' id='word_1_699' title='bbox 3203 4527 3504 4583; x_wconf 90' lang='lat' dir='ltr'><strong>conditoris</strong></span> 
     </span>
    </p>
   </div>
   <div class='ocr_carea' id='block_1_94' title="bbox 245 4627 1826 4698">
    <p class='ocr_par' dir='ltr' id='par_1_94' title="bbox 245 4627 1826 4698">
     <span class='ocr_line' id='line_1_94' title="bbox 245 4627 1826 4698; baseline 0.001 -16"><span class='ocrx_word' id='word_1_700' title='bbox 245 4630 452 4698; x_wconf 82' lang='grc' dir='ltr'>ἐπίσης</span> <span class='ocrx_word' id='word_1_701' title='bbox 492 4630 576 4697; x_wconf 80' lang='grc' dir='ltr'>ἐφ’</span> <span class='ocrx_word' id='word_1_702' title='bbox 621 4627 830 4681; x_wconf 80' lang='grc' dir='ltr'>ἑαυτῶν</span> <span class='ocrx_word' id='word_1_703' title='bbox 873 4627 1102 4698; x_wconf 84' lang='grc' dir='ltr'>φέρουσι</span> <span class='ocrx_word' id='word_1_704' title='bbox 1139 4627 1241 4698; x_wconf 85' lang='grc' dir='ltr'>τὴν</span> <span class='ocrx_word' id='word_1_705' title='bbox 1285 4628 1435 4682; x_wconf 90' lang='grc' dir='ltr'>θείαν</span> <span class='ocrx_word' id='word_1_706' title='bbox 1479 4629 1680 4683; x_wconf 86' lang='grc' dir='ltr'>εἰκόνα.</span> <span class='ocrx_word' id='word_1_707' title='bbox 1727 4629 1826 4683; x_wconf 85' lang='grc' dir='ltr'><strong>Διὰ</strong></span> 
     </span>
    </p>
   </div>
   <div class='ocr_carea' id='block_1_95' title="bbox 245 4715 1827 4791">
    <p class='ocr_par' dir='ltr' id='par_1_95' title="bbox 245 4715 1827 4791">
     <span class='ocr_line' id='line_1_95' title="bbox 245 4715 1827 4791; baseline 0 -17"><span class='ocrx_word' id='word_1_708' title='bbox 245 4721 413 4774; x_wconf 85' lang='grc' dir='ltr'>τοῦτο</span> <span class='ocrx_word' id='word_1_709' title='bbox 441 4715 521 4783; x_wconf 79' lang='grc' dir='ltr'>εἷς</span> <span class='ocrx_word' id='word_1_710' title='bbox 554 4719 838 4791; x_wconf 80' lang='grc' dir='ltr'>ἄνθρωπος</span> <span class='ocrx_word' id='word_1_711' title='bbox 864 4719 1262 4790; x_wconf 83' lang='grc' dir='ltr'>κατωνομάσθη</span> <span class='ocrx_word' id='word_1_712' title='bbox 1289 4720 1352 4772; x_wconf 82' lang='grc' dir='ltr'>τὸ</span> <span class='ocrx_word' id='word_1_713' title='bbox 1376 4721 1504 4782; x_wconf 83' lang='grc' dir='ltr'>πᾶν,</span> <span class='ocrx_word' id='word_1_714' title='bbox 1537 4722 1618 4774; x_wconf 83' lang='grc' dir='ltr'>ὅτι</span> <span class='ocrx_word' id='word_1_715' title='bbox 1640 4723 1707 4791; x_wconf 83' lang='grc' dir='ltr'>τῇ</span> <span class='ocrx_word' id='word_1_716' title='bbox 1739 4722 1827 4774; x_wconf 69' lang='grc' dir='ltr'>δυο</span> 
     </span>
    </p>
   </div>
   <div class='ocr_carea' id='block_1_96' title="bbox 245 4799 1902 4886">
    <p class='ocr_par' dir='ltr' id='par_1_96' title="bbox 245 4799 1902 4886">
     <span class='ocr_line' id='line_1_96' title="bbox 245 4799 1902 4886; baseline -0.001 -17"><span class='ocrx_word' id='word_1_717' title='bbox 245 4817 414 4886; x_wconf 84' lang='grc' dir='ltr'>νάμει</span> <span class='ocrx_word' id='word_1_718' title='bbox 451 4814 547 4867; x_wconf 83' lang='grc' dir='ltr'><strong>τοῦ</strong></span> <span class='ocrx_word' id='word_1_719' title='bbox 592 4813 730 4867; x_wconf 84' lang='grc' dir='ltr'>Θεοῦ</span> <span class='ocrx_word' id='word_1_720' title='bbox 763 4813 888 4866; x_wconf 73' lang='grc' dir='ltr'>οὔτε</span> <span class='ocrx_word' id='word_1_721' title='bbox 931 4831 983 4866; x_wconf 89' lang='grc' dir='ltr'><strong>τι</strong></span> <span class='ocrx_word' id='word_1_722' title='bbox 1035 4813 1401 4884; x_wconf 78' lang='grc' dir='ltr'>παρῴχηκεν,</span> <span class='ocrx_word' id='word_1_723' title='bbox 1454 4813 1580 4867; x_wconf 73' lang='grc' dir='ltr'>οὔτε</span> <span class='ocrx_word' id='word_1_724' title='bbox 1620 4799 1902 4884; x_wconf 71' lang='grc' dir='ltr'>μέλλει,”’”</span> 
     </span>
    </p>
   </div>
   <div class='ocr_carea' id='block_1_97' title="bbox 247 4905 1826 4979">
    <p class='ocr_par' dir='ltr' id='par_1_97' title="bbox 247 4905 1826 4979">
     <span class='ocr_line' id='line_1_97' title="bbox 247 4905 1826 4979; baseline -0.003 -15"><span class='ocrx_word' id='word_1_725' title='bbox 247 4910 390 4964; x_wconf 79' lang='grc' dir='ltr'>ἀλλὰ</span> <span class='ocrx_word' id='word_1_726' title='bbox 433 4909 527 4962; x_wconf 74' lang='grc' dir='ltr'><strong>καὶ</strong></span> <span class='ocrx_word' id='word_1_727' title='bbox 570 4909 632 4961; x_wconf 81' lang='grc' dir='ltr'>τὸ</span> <span class='ocrx_word' id='word_1_728' title='bbox 674 4906 1122 4979; x_wconf 87' lang='grc' dir='ltr'>προσδοκώμενον</span> <span class='ocrx_word' id='word_1_729' title='bbox 1151 4906 1347 4978; x_wconf 82' lang='grc' dir='ltr'>ἐπίσης</span> <span class='ocrx_word' id='word_1_730' title='bbox 1383 4905 1462 4978; x_wconf 84' lang='grc' dir='ltr'>τῷ</span> <span class='ocrx_word' id='word_1_731' title='bbox 1494 4907 1722 4978; x_wconf 90' lang='grc' dir='ltr'>παρόντι</span> <span class='ocrx_word' id='word_1_732' title='bbox 1762 4911 1826 4978; x_wconf 88' lang='grc' dir='ltr'>τῇ</span> 
     </span>
    </p>
   </div>
   <div class='ocr_carea' id='block_1_98' title="bbox 249 4998 1825 5073">
    <p class='ocr_par' dir='ltr' id='par_1_98' title="bbox 249 4998 1825 5073">
     <span class='ocr_line' id='line_1_98' title="bbox 249 4998 1825 5073; baseline -0.003 -17"><span class='ocrx_word' id='word_1_733' title='bbox 249 5003 576 5073; x_wconf 79' lang='grc' dir='ltr'>περιεκτικῇ</span> <span class='ocrx_word' id='word_1_734' title='bbox 641 4998 734 5052; x_wconf 87' lang='grc' dir='ltr'><strong>τοῦ</strong></span> <span class='ocrx_word' id='word_1_735' title='bbox 803 4999 1004 5062; x_wconf 85' lang='grc' dir='ltr'>παντὸς</span> <span class='ocrx_word' id='word_1_736' title='bbox 1070 5000 1322 5071; x_wconf 78' lang='grc' dir='ltr'>ἐνεργείᾳ</span> <span class='ocrx_word' id='word_1_737' title='bbox 1391 5001 1825 5071; x_wconf 88' lang='grc' dir='ltr'>περικρατεῖται.</span> 
     </span>
    </p>
   </div>
   <div class='ocr_carea' id='block_1_99' title="bbox 248 5087 1834 5160">
    <p class='ocr_par' dir='ltr' id='par_1_99' title="bbox 248 5087 1834 5160">
     <span class='ocr_line' id='line_1_99' title="bbox 248 5087 1834 5160; baseline -0.001 -16"><span class='ocrx_word' id='word_1_738' title='bbox 248 5092 413 5144; x_wconf 76' lang='grc' dir='ltr'>Πᾶσα</span> <span class='ocrx_word' id='word_1_739' title='bbox 441 5090 620 5143; x_wconf 83' lang='grc' dir='ltr'>τοίνυν</span> <span class='ocrx_word' id='word_1_740' title='bbox 647 5091 680 5160; x_wconf 81' lang='grc' dir='ltr'><strong>ἡ</strong></span> <span class='ocrx_word' id='word_1_741' title='bbox 712 5087 874 5157; x_wconf 87' lang='grc' dir='ltr'>φύσις</span> <span class='ocrx_word' id='word_1_742' title='bbox 903 5091 936 5159; x_wconf 82' lang='grc' dir='ltr'>ἡ</span> <span class='ocrx_word' id='word_1_743' title='bbox 964 5089 1072 5142; x_wconf 82' lang='grc' dir='ltr'><strong>ἀπὸ</strong></span> <span class='ocrx_word' id='word_1_744' title='bbox 1118 5089 1241 5142; x_wconf 51' lang='grc' dir='ltr'><strong>τῶνχ</strong></span> <span class='ocrx_word' id='word_1_745' title='bbox 1262 5088 1492 5160; x_wconf 88' lang='grc' dir='ltr'>πρώτων</span> <span class='ocrx_word' id='word_1_746' title='bbox 1535 5090 1696 5160; x_wconf 87' lang='grc' dir='ltr'>μέχρι</span> <span class='ocrx_word' id='word_1_747' title='bbox 1725 5091 1834 5142; x_wconf 85' lang='grc' dir='ltr'>τῶν</span> 
     </span>
    </p>
   </div>
   <div class='ocr_carea' id='block_1_100' title="bbox 249 5181 1852 5252">
    <p class='ocr_par' dir='ltr' id='par_1_100' title="bbox 249 5181 1852 5252">
     <span class='ocr_line' id='line_1_100' title="bbox 249 5181 1852 5252; baseline -0.001 -18"><span class='ocrx_word' id='word_1_748' title='bbox 249 5183 499 5252; x_wconf 81' lang='grc' dir='ltr'>ἐσχάτων</span> <span class='ocrx_word' id='word_1_749' title='bbox 531 5181 792 5252; x_wconf 73' lang='grc' dir='ltr'>διήκουσα</span> <span class='ocrx_word' id='word_1_750' title='bbox 814 5222 828 5246; x_wconf 90' lang='grc'><strong>,</strong></span> <span class='ocrx_word' id='word_1_751' title='bbox 873 5181 968 5251; x_wconf 89' lang='grc' dir='ltr'><strong>μία</strong></span> <span class='ocrx_word' id='word_1_752' title='bbox 997 5198 1080 5243; x_wconf 89' lang='grc' dir='ltr'><strong>τις</strong></span> <span class='ocrx_word' id='word_1_753' title='bbox 1121 5181 1215 5233; x_wconf 86' lang='grc' dir='ltr'><strong>τοῦ</strong></span> <span class='ocrx_word' id='word_1_754' title='bbox 1255 5181 1405 5244; x_wconf 75' lang='grc' dir='ltr'>ὄντος</span> <span class='ocrx_word' id='word_1_755' title='bbox 1436 5182 1584 5235; x_wconf 75' lang='grc' dir='ltr'>ἐστὶν</span> <span class='ocrx_word' id='word_1_756' title='bbox 1633 5183 1796 5235; x_wconf 85' lang='grc' dir='ltr'>εἰκών</span> <span class='ocrx_word' id='word_1_757' title='bbox 1818 5199 1852 5248; x_wconf 46' lang='grc' dir='ltr'>ο,</span> 
     </span>
    </p>
   </div>
   <div class='ocr_carea' id='block_1_101' title="bbox 250 5249 1866 5345">
    <p class='ocr_par' dir='ltr' id='par_1_101' title="bbox 250 5249 1866 5345">
     <span class='ocr_line' id='line_1_101' title="bbox 250 5249 1866 5345; baseline -0.001 -18"><span class='ocrx_word' id='word_1_758' title='bbox 250 5277 286 5345; x_wconf 82' lang='grc' dir='ltr'><strong>ἠ</strong></span> <span class='ocrx_word' id='word_1_759' title='bbox 408 5274 544 5344; x_wconf 84' lang='grc' dir='ltr'>πρὸς</span> <span class='ocrx_word' id='word_1_760' title='bbox 582 5249 646 5326; x_wconf 84' lang='grc' dir='ltr'><strong>τὸ</strong></span> <span class='ocrx_word' id='word_1_761' title='bbox 673 5274 840 5344; x_wconf 67' lang='grc' dir='ltr'>ἄρρεν</span> <span class='ocrx_word' id='word_1_762' title='bbox 876 5249 980 5326; x_wconf 75' lang='grc' dir='ltr'><strong>καὶ</strong></span> <span class='ocrx_word' id='word_1_763' title='bbox 1019 5272 1152 5342; x_wconf 85' lang='grc' dir='ltr'>θῆλυ</span> <span class='ocrx_word' id='word_1_764' title='bbox 1184 5271 1276 5325; x_wconf 88' lang='grc' dir='ltr'><strong>τοῦ</strong></span> <span class='ocrx_word' id='word_1_765' title='bbox 1318 5274 1508 5341; x_wconf 85' lang='grc' dir='ltr'>γένους</span> <span class='ocrx_word' id='word_1_766' title='bbox 1597 5249 1866 5344; x_wconf 63' lang='grc' dir='ltr'>διαφορὰί·</span> 
     </span>
    </p>
   </div>
   <div class='ocr_carea' id='block_1_102' title="bbox 253 5364 1832 5437">
    <p class='ocr_par' dir='ltr' id='par_1_102' title="bbox 253 5364 1832 5437">
     <span class='ocr_line' id='line_1_102' title="bbox 253 5364 1832 5437; baseline -0.001 -17"><span class='ocrx_word' id='word_1_767' title='bbox 253 5364 812 5437; x_wconf 66' lang='grc' dir='ltr'>προαατεσκευάσθη</span> <span class='ocrx_word' id='word_1_768' title='bbox 855 5365 1161 5417; x_wconf 88' lang='grc' dir='ltr'>τελευταῖον</span> <span class='ocrx_word' id='word_1_769' title='bbox 1177 5364 1254 5434; x_wconf 77' lang='grc' dir='ltr'>τῷ</span> <span class='ocrx_word' id='word_1_770' title='bbox 1284 5365 1586 5435; x_wconf 84' lang='grc' dir='ltr'>πλάσματι,</span> <span class='ocrx_word' id='word_1_771' title='bbox 1620 5365 1709 5418; x_wconf 84' lang='grc' dir='ltr'>διὰ</span> <span class='ocrx_word' id='word_1_772' title='bbox 1734 5364 1832 5436; x_wconf 80' lang='grc' dir='ltr'>τὴν</span> 
     </span>
    </p>
   </div>
   <div class='ocr_carea' id='block_1_103' title="bbox 252 5452 1033 5527">
    <p class='ocr_par' dir='ltr' id='par_1_103' title="bbox 252 5452 1033 5527">
     <span class='ocr_line' id='line_1_103' title="bbox 252 5452 1033 5527; baseline -0.003 -15"><span class='ocrx_word' id='word_1_773' title='bbox 252 5458 458 5524; x_wconf 82' lang='grc' dir='ltr'>αἰτίαν,</span> <span class='ocrx_word' id='word_1_774' title='bbox 495 5456 570 5519; x_wconf 83' lang='grc' dir='ltr'><strong>ώς</strong></span> <span class='ocrx_word' id='word_1_775' title='bbox 603 5452 777 5526; x_wconf 76' lang='grc' dir='ltr'>οἶμαι,</span> <span class='ocrx_word' id='word_1_776' title='bbox 810 5455 1033 5527; x_wconf 88' lang='grc' dir='ltr'>ταύτην.</span> 
     </span>
    </p>
   </div>
   <div class='ocr_carea' id='block_1_104' title="bbox 1931 4619 3504 4703">
    <p class='ocr_par' dir='ltr' id='par_1_104' title="bbox 1931 4619 3504 4703">
     <span class='ocr_line' id='line_1_104' title="bbox 1931 4619 3504 4703; baseline -0.01 -15"><span class='ocrx_word' id='word_1_777' title='bbox 1931 4634 2198 4703; x_wconf 79' lang='lat' dir='ltr'><strong>sapientia</strong></span> <span class='ocrx_word' id='word_1_778' title='bbox 2235 4628 2619 4683; x_wconf 89' lang='lat' dir='ltr'><strong>constitutum.</strong></span> <span class='ocrx_word' id='word_1_779' title='bbox 2649 4622 3118 4690; x_wconf 86' lang='lat' dir='ltr'><strong>Quemadmodum</strong></span> <span class='ocrx_word' id='word_1_780' title='bbox 3151 4621 3317 4688; x_wconf 78' lang='lat' dir='ltr'><strong>igitur</strong></span> <span class='ocrx_word' id='word_1_781' title='bbox 3343 4619 3504 4672; x_wconf 90' lang='lat' dir='ltr'><strong>homo</strong></span> 
     </span>
    </p>
   </div>
   <div class='ocr_carea' id='block_1_105' title="bbox 1931 4711 3506 4797">
    <p class='ocr_par' dir='ltr' id='par_1_105' title="bbox 1931 4711 3506 4797">
     <span class='ocr_line' id='line_1_105' title="bbox 1931 4711 3506 4797; baseline -0.011 -16"><span class='ocrx_word' id='word_1_782' title='bbox 1931 4725 2220 4797; x_wconf 82' lang='lat' dir='ltr'><strong>(intelligo</strong></span> <span class='ocrx_word' id='word_1_783' title='bbox 2255 4730 2434 4775; x_wconf 89' lang='lat' dir='ltr'><strong>autem</strong></span> <span class='ocrx_word' id='word_1_784' title='bbox 2495 4717 2835 4772; x_wconf 87' lang='lat' dir='ltr'><strong>individuum</strong></span> <span class='ocrx_word' id='word_1_785' title='bbox 2887 4711 3202 4784; x_wconf 88' lang='lat' dir='ltr'><strong>quoddam)</strong></span> <span class='ocrx_word' id='word_1_786' title='bbox 3261 4714 3506 4780; x_wconf 87' lang='lat' dir='ltr'><strong>corporis</strong></span> 
     </span>
    </p>
   </div>
   <div class='ocr_carea' id='block_1_106' title="bbox 1933 4805 3505 4887">
    <p class='ocr_par' dir='ltr' id='par_1_106' title="bbox 1933 4805 3505 4887">
     <span class='ocr_line' id='line_1_106' title="bbox 1933 4805 3505 4887; baseline -0.008 -15"><span class='ocrx_word' id='word_1_787' title='bbox 1933 4815 2362 4887; x_wconf 79' lang='lat' dir='ltr'><strong>magnitudinem</strong></span> <span class='ocrx_word' id='word_1_788' title='bbox 2392 4811 2597 4864; x_wconf 79' lang='lat' dir='ltr'><strong>[initam</strong></span> <span class='ocrx_word' id='word_1_789' title='bbox 2623 4810 2802 4871; x_wconf 89' lang='lat' dir='ltr'><strong>habet,</strong></span> <span class='ocrx_word' id='word_1_790' title='bbox 2835 4807 3310 4874; x_wconf 85' lang='lat' dir='ltr'><strong>substantiamque</strong></span> <span class='ocrx_word' id='word_1_791' title='bbox 3335 4805 3505 4874; x_wconf 88' lang='lat' dir='ltr'><strong>ipsius</strong></span> 
     </span>
    </p>
   </div>
   <div class='ocr_carea' id='block_1_107' title="bbox 1930 4897 3505 4980">
    <p class='ocr_par' dir='ltr' id='par_1_107' title="bbox 1930 4897 3505 4980">
     <span class='ocr_line' id='line_1_107' title="bbox 1930 4897 3505 4980; baseline -0.01 -17"><span class='ocrx_word' id='word_1_792' title='bbox 1930 4909 2239 4980; x_wconf 87' lang='lat' dir='ltr'><strong>quantitate</strong></span> <span class='ocrx_word' id='word_1_793' title='bbox 2271 4905 2548 4966; x_wconf 89' lang='lat' dir='ltr'><strong>metimur,</strong></span> <span class='ocrx_word' id='word_1_794' title='bbox 2581 4916 2706 4970; x_wconf 66' lang='lat' dir='ltr'><strong>quas</strong></span> <span class='ocrx_word' id='word_1_795' title='bbox 2727 4901 2978 4969; x_wconf 88' lang='lat' dir='ltr'><strong>corporis</strong></span> <span class='ocrx_word' id='word_1_796' title='bbox 3011 4897 3299 4968; x_wconf 81' lang='lat' dir='ltr'><strong>superﬁcie</strong></span> <span class='ocrx_word' id='word_1_797' title='bbox 3329 4897 3505 4951; x_wconf 89' lang='lat' dir='ltr'><strong>conti-</strong></span> 
     </span>
    </p>
   </div>
   <div class='ocr_carea' id='block_1_108' title="bbox 1930 4996 3484 5062">
    <p class='ocr_par' dir='ltr' id='par_1_108' title="bbox 1930 4996 3484 5062">
     <span class='ocr_line' id='line_1_108' title="bbox 1930 4996 3484 5062; baseline -0.011 -4"><span class='ocrx_word' id='word_1_798' title='bbox 1930 5015 2090 5058; x_wconf 89' lang='lat' dir='ltr'><strong>netur</strong></span> <span class='ocrx_word' id='word_1_799' title='bbox 2118 5018 2132 5054; x_wconf 89' lang='lat'><strong>:</strong></span> <span class='ocrx_word' id='word_1_800' title='bbox 2165 4999 2246 5054; x_wconf 86' lang='lat' dir='ltr'><strong>sic</strong></span> <span class='ocrx_word' id='word_1_801' title='bbox 2281 4998 2522 5052; x_wconf 90' lang='lat' dir='ltr'><strong>arbitror</strong></span> <span class='ocrx_word' id='word_1_802' title='bbox 2551 4996 2710 5049; x_wconf 88' lang='lat' dir='ltr'><strong>initio</strong></span> <span class='ocrx_word' id='word_1_803' title='bbox 2741 5009 2923 5049; x_wconf 90' lang='lat' dir='ltr'><strong>rerum</strong></span> <span class='ocrx_word' id='word_1_804' title='bbox 2948 5007 3058 5047; x_wconf 92' lang='lat' dir='ltr'><strong>uno</strong></span> <span class='ocrx_word' id='word_1_805' title='bbox 3088 5007 3316 5062; x_wconf 88' lang='lat' dir='ltr'><strong>corpore</strong></span> <span class='ocrx_word' id='word_1_806' title='bbox 3338 4998 3484 5043; x_wconf 87' lang='lat' dir='ltr'><strong>totan</strong></span> 
     </span>
    </p>
   </div>
   <div class='ocr_carea' id='block_1_109' title="bbox 1930 5088 3498 5156">
    <p class='ocr_par' dir='ltr' id='par_1_109' title="bbox 1930 5088 3498 5156">
     <span class='ocr_line' id='line_1_109' title="bbox 1930 5088 3498 5156; baseline -0.011 -7"><span class='ocrx_word' id='word_1_807' title='bbox 1930 5103 2182 5149; x_wconf 86' lang='lat' dir='ltr'><strong>naturam</strong></span> <span class='ocrx_word' id='word_1_808' title='bbox 2233 5091 2530 5144; x_wconf 88' lang='lat' dir='ltr'><strong>humanam</strong></span> <span class='ocrx_word' id='word_1_809' title='bbox 2575 5088 2740 5142; x_wconf 90' lang='lat' dir='ltr'><strong>Deum</strong></span> <span class='ocrx_word' id='word_1_810' title='bbox 2780 5093 3048 5156; x_wconf 90' lang='lat' dir='ltr'><strong>potestate</strong></span> <span class='ocrx_word' id='word_1_811' title='bbox 3076 5099 3198 5145; x_wconf 87' lang='lat' dir='ltr'><strong>sua.</strong></span> <span class='ocrx_word' id='word_1_812' title='bbox 3229 5097 3337 5152; x_wconf 90' lang='lat' dir='ltr'><strong>qua</strong></span> <span class='ocrx_word' id='word_1_813' title='bbox 3376 5095 3498 5134; x_wconf 87' lang='lat' dir='ltr'><strong>cun-</strong></span> 
     </span>
    </p>
   </div>
   <div class='ocr_carea' id='block_1_110' title="bbox 1933 5171 3508 5254">
    <p class='ocr_par' dir='ltr' id='par_1_110' title="bbox 1933 5171 3508 5254">
     <span class='ocr_line' id='line_1_110' title="bbox 1933 5171 3508 5254; baseline -0.01 -15"><span class='ocrx_word' id='word_1_814' title='bbox 1933 5196 2022 5240; x_wconf 89' lang='lat' dir='ltr'><strong>cta</strong></span> <span class='ocrx_word' id='word_1_815' title='bbox 2059 5183 2336 5254; x_wconf 61' lang='lat' dir='ltr'><strong>praevidet,</strong></span> <span class='ocrx_word' id='word_1_816' title='bbox 2367 5181 2707 5252; x_wconf 77' lang='lat' dir='ltr'><strong>complexum</strong></span> <span class='ocrx_word' id='word_1_817' title='bbox 2742 5193 2885 5240; x_wconf 86' lang='lat' dir='ltr'><strong>esse,</strong></span> <span class='ocrx_word' id='word_1_818' title='bbox 2933 5177 3095 5246; x_wconf 86' lang='lat' dir='ltr'><strong>idque</strong></span> <span class='ocrx_word' id='word_1_819' title='bbox 3136 5176 3271 5229; x_wconf 86' lang='lat' dir='ltr'><strong>adeo</strong></span> <span class='ocrx_word' id='word_1_820' title='bbox 3328 5171 3508 5225; x_wconf 84' lang='lat' dir='ltr'><strong>verbis</strong></span> 
     </span>
    </p>
   </div>
   <div class='ocr_carea' id='block_1_111' title="bbox 1931 5263 3504 5333">
    <p class='ocr_par' dir='ltr' id='par_1_111' title="bbox 1931 5263 3504 5333">
     <span class='ocr_line' id='line_1_111' title="bbox 1931 5263 3504 5333; baseline -0.01 -4"><span class='ocrx_word' id='word_1_821' title='bbox 1931 5275 2082 5330; x_wconf 89' lang='lat' dir='ltr'><strong>hisce</strong></span> <span class='ocrx_word' id='word_1_822' title='bbox 2115 5272 2256 5329; x_wconf 88' lang='lat' dir='ltr'><strong>tradi</strong></span> <span class='ocrx_word' id='word_1_823' title='bbox 2285 5291 2298 5326; x_wconf 86' lang='lat'><strong>:</strong></span> <span class='ocrx_word' id='word_1_824' title='bbox 2339 5291 2357 5322; x_wconf 78' lang='grc' dir='ltr'><strong>ι</strong></span> <span class='ocrx_word' id='word_1_825' title='bbox 2397 5270 2549 5325; x_wconf 88' lang='lat' dir='ltr'><strong>Fecit</strong></span> <span class='ocrx_word' id='word_1_826' title='bbox 2584 5270 2727 5324; x_wconf 90' lang='lat' dir='ltr'><strong>Deus</strong></span> <span class='ocrx_word' id='word_1_827' title='bbox 2758 5270 3056 5333; x_wconf 86' lang='lat' dir='ltr'><strong>hominem,</strong></span> <span class='ocrx_word' id='word_1_828' title='bbox 3081 5275 3134 5320; x_wconf 90' lang='lat' dir='ltr'><strong>et</strong></span> <span class='ocrx_word' id='word_1_829' title='bbox 3161 5265 3226 5318; x_wconf 91' lang='lat' dir='ltr'><strong>ad</strong></span> <span class='ocrx_word' id='word_1_830' title='bbox 3256 5263 3346 5317; x_wconf 90' lang='lat' dir='ltr'><strong>Dei</strong></span> <span class='ocrx_word' id='word_1_831' title='bbox 3376 5263 3504 5315; x_wconf 88' lang='lat' dir='ltr'><strong>ima-</strong></span> 
     </span>
    </p>
   </div>
   <div class='ocr_carea' id='block_1_112' title="bbox 1938 5352 3482 5438">
    <p class='ocr_par' dir='ltr' id='par_1_112' title="bbox 1938 5352 3482 5438">
     <span class='ocr_line' id='line_1_112' title="bbox 1938 5352 3482 5438; baseline -0.01 -17"><span class='ocrx_word' id='word_1_832' title='bbox 1938 5368 2117 5438; x_wconf 89' lang='lat' dir='ltr'><strong>ginem</strong></span> <span class='ocrx_word' id='word_1_833' title='bbox 2150 5380 2275 5421; x_wconf 89' lang='lat' dir='ltr'><strong>eum</strong></span> <span class='ocrx_word' id='word_1_834' title='bbox 2311 5364 2458 5419; x_wconf 79' lang='lat' dir='ltr'><strong>fecit.</strong></span> <span class='ocrx_word' id='word_1_835' title='bbox 2488 5383 2505 5415; x_wconf 77' lang='grc' dir='ltr'><strong>ι</strong></span> <span class='ocrx_word' id='word_1_836' title='bbox 2540 5361 2657 5417; x_wconf 84' lang='lat' dir='ltr'><strong>Non</strong></span> <span class='ocrx_word' id='word_1_837' title='bbox 2688 5363 2830 5416; x_wconf 89' lang='lat' dir='ltr'><strong>enim</strong></span> <span class='ocrx_word' id='word_1_838' title='bbox 2863 5362 3041 5430; x_wconf 87' lang='lat' dir='ltr'><strong>imago</strong></span> <span class='ocrx_word' id='word_1_839' title='bbox 3073 5371 3124 5413; x_wconf 91' lang='lat' dir='ltr'><strong>et</strong></span> <span class='ocrx_word' id='word_1_840' title='bbox 3158 5357 3329 5427; x_wconf 88' lang='lat' dir='ltr'><strong>gratia</strong></span> <span class='ocrx_word' id='word_1_841' title='bbox 3358 5352 3482 5408; x_wconf 88' lang='lat' dir='ltr'><strong>beni</strong></span> 
     </span>
    </p>
   </div>
   <div class='ocr_carea' id='block_1_113' title="bbox 1938 5453 3506 5531">
    <p class='ocr_par' dir='ltr' id='par_1_113' title="bbox 1938 5453 3506 5531">
     <span class='ocr_line' id='line_1_113' title="bbox 1938 5453 3506 5531; baseline -0.008 -19"><span class='ocrx_word' id='word_1_842' title='bbox 1938 5460 2030 5531; x_wconf 88' lang='lat' dir='ltr'><strong>gni</strong></span> <span class='ocrx_word' id='word_1_843' title='bbox 2065 5460 2155 5513; x_wconf 92' lang='lat' dir='ltr'><strong>Dei</strong></span> <span class='ocrx_word' id='word_1_844' title='bbox 2186 5459 2271 5513; x_wconf 90' lang='lat' dir='ltr'><strong>vel</strong></span> <span class='ocrx_word' id='word_1_845' title='bbox 2300 5459 2440 5529; x_wconf 82' lang='lat' dir='ltr'><strong>parti</strong></span> <span class='ocrx_word' id='word_1_846' title='bbox 2503 5467 2731 5520; x_wconf 82' lang='lat' dir='ltr'><strong>naturae,</strong></span> <span class='ocrx_word' id='word_1_847' title='bbox 2770 5457 2853 5510; x_wconf 88' lang='lat' dir='ltr'><strong>vel</strong></span> <span class='ocrx_word' id='word_1_848' title='bbox 2889 5456 2982 5509; x_wconf 90' lang='lat' dir='ltr'><strong>nni</strong></span> <span class='ocrx_word' id='word_1_849' title='bbox 3019 5453 3183 5507; x_wconf 88' lang='lat' dir='ltr'><strong>alicui</strong></span> <span class='ocrx_word' id='word_1_850' title='bbox 3244 5462 3506 5504; x_wconf 89' lang='lat' dir='ltr'><strong>concessa</strong></span> 
     </span>
    </p>
   </div>
   <div class='ocr_carea' id='block_1_114' title="bbox 255 5541 3507 5620">
    <p class='ocr_par' dir='ltr' id='par_1_114' title="bbox 255 5541 3507 5620">
     <span class='ocr_line' id='line_1_114' title="bbox 255 5541 3507 5620; baseline -0.004 -12"><span class='ocrx_word' id='word_1_851' title='bbox 255 5560 343 5609; x_wconf 89' lang='lat' dir='ltr'><strong>est</strong></span> <span class='ocrx_word' id='word_1_852' title='bbox 379 5551 588 5606; x_wconf 91' lang='lat' dir='ltr'><strong>homini</strong></span> <span class='ocrx_word' id='word_1_853' title='bbox 621 5549 992 5620; x_wconf 88' lang='lat' dir='ltr'><strong>peculiariter,</strong></span> <span class='ocrx_word' id='word_1_854' title='bbox 1033 5548 1127 5604; x_wconf 89' lang='lat' dir='ltr'><strong>sed</strong></span> <span class='ocrx_word' id='word_1_855' title='bbox 1172 5548 1406 5604; x_wconf 82' lang='lat' dir='ltr'><strong>facultas</strong></span> <span class='ocrx_word' id='word_1_856' title='bbox 1459 5549 1552 5602; x_wconf 91' lang='lat' dir='ltr'><strong>illa</strong></span> <span class='ocrx_word' id='word_1_857' title='bbox 1609 5548 1676 5603; x_wconf 89' lang='lat' dir='ltr'><strong>ad</strong></span> <span class='ocrx_word' id='word_1_858' title='bbox 1709 5565 1880 5618; x_wconf 87' lang='lat' dir='ltr'><strong>genus</strong></span> <span class='ocrx_word' id='word_1_859' title='bbox 1921 5553 2236 5606; x_wconf 91' lang='lat' dir='ltr'><strong>universum</strong></span> <span class='ocrx_word' id='word_1_860' title='bbox 2288 5549 2570 5618; x_wconf 64' lang='lat' dir='ltr'><strong>equaliter</strong></span> <span class='ocrx_word' id='word_1_861' title='bbox 2600 5551 2878 5620; x_wconf 88' lang='lat' dir='ltr'><strong>pertinuit.</strong></span> <span class='ocrx_word' id='word_1_862' title='bbox 2931 5547 3084 5613; x_wconf 87' lang='lat' dir='ltr'><strong>Quod</strong></span> <span class='ocrx_word' id='word_1_863' title='bbox 3117 5546 3186 5597; x_wconf 88' lang='lat' dir='ltr'><strong>ita</strong></span> <span class='ocrx_word' id='word_1_864' title='bbox 3218 5557 3360 5605; x_wconf 84' lang='lat' dir='ltr'><strong>esse,</strong></span> <span class='ocrx_word' id='word_1_865' title='bbox 3406 5541 3507 5596; x_wconf 71' lang='lat' dir='ltr'><strong>hoc</strong></span> 
     </span>
    </p>
   </div>
   <div class='ocr_carea' id='block_1_115' title="bbox 261 5641 2218 5711">
    <p class='ocr_par' dir='ltr' id='par_1_115' title="bbox 261 5641 2218 5711">
     <span class='ocr_line' id='line_1_115' title="bbox 261 5641 2218 5711; baseline -0.003 -12"><span class='ocrx_word' id='word_1_866' title='bbox 261 5645 431 5700; x_wconf 89' lang='lat' dir='ltr'><strong>etiam</strong></span> <span class='ocrx_word' id='word_1_867' title='bbox 469 5649 793 5711; x_wconf 76' lang='lat' dir='ltr'><strong>argumento</strong></span> <span class='ocrx_word' id='word_1_868' title='bbox 822 5646 927 5706; x_wconf 90' lang='lat' dir='ltr'><strong>est,</strong></span> <span class='ocrx_word' id='word_1_869' title='bbox 985 5641 1128 5710; x_wconf 92' lang='lat' dir='ltr'><strong>quod</strong></span> <span class='ocrx_word' id='word_1_870' title='bbox 1168 5657 1321 5695; x_wconf 86' lang='lat' dir='ltr'><strong>mens</strong></span> <span class='ocrx_word' id='word_1_871' title='bbox 1352 5641 1559 5710; x_wconf 90' lang='lat' dir='ltr'><strong>pariter</strong></span> <span class='ocrx_word' id='word_1_872' title='bbox 1597 5641 1652 5694; x_wconf 91' lang='lat' dir='ltr'><strong>in</strong></span> <span class='ocrx_word' id='word_1_873' title='bbox 1693 5644 1951 5700; x_wconf 86' lang='lat' dir='ltr'><strong>omnibus</strong></span> <span class='ocrx_word' id='word_1_874' title='bbox 2008 5643 2218 5697; x_wconf 87' lang='lat' dir='ltr'><strong>habitat</strong></span> 
     </span>
    </p>
   </div>
   <div class='ocr_carea' id='block_1_116' title="bbox 2266 5635 3506 5711">
    <p class='ocr_par' dir='ltr' id='par_1_116' title="bbox 2266 5635 3506 5711">
     <span class='ocr_line' id='line_1_116' title="bbox 2266 5635 3506 5711; baseline -0.008 -16"><span class='ocrx_word' id='word_1_875' title='bbox 2266 5659 2282 5695; x_wconf 89' lang='lat'><strong>:</strong></span> <span class='ocrx_word' id='word_1_876' title='bbox 2329 5656 2516 5695; x_wconf 87' lang='lat' dir='ltr'><strong>omnes</strong></span> <span class='ocrx_word' id='word_1_877' title='bbox 2579 5641 2874 5711; x_wconf 86' lang='lat' dir='ltr'><strong>cogitandi,</strong></span> <span class='ocrx_word' id='word_1_878' title='bbox 2913 5639 3092 5708; x_wconf 89' lang='lat' dir='ltr'><strong>deque</strong></span> <span class='ocrx_word' id='word_1_879' title='bbox 3138 5635 3337 5689; x_wconf 84' lang='lat' dir='ltr'><strong>futuris</strong></span> <span class='ocrx_word' id='word_1_880' title='bbox 3373 5648 3506 5687; x_wconf 57' lang='grc' dir='ltr'>σου-</span> 
     </span>
    </p>
   </div>
   <div class='ocr_carea' id='block_1_117' title="bbox 257 5728 3510 5805">
    <p class='ocr_par' dir='ltr' id='par_1_117' title="bbox 257 5728 3510 5805">
     <span class='ocr_line' id='line_1_117' title="bbox 257 5728 3510 5805; baseline -0.002 -17"><span class='ocrx_word' id='word_1_881' title='bbox 257 5732 503 5793; x_wconf 79' lang='lat' dir='ltr'><strong>saltandi</strong></span> <span class='ocrx_word' id='word_1_882' title='bbox 535 5730 816 5794; x_wconf 78' lang='lat' dir='ltr'><strong>facultate,</strong></span> <span class='ocrx_word' id='word_1_883' title='bbox 856 5733 1180 5801; x_wconf 82' lang='lat' dir='ltr'><strong>caeterisquc</strong></span> <span class='ocrx_word' id='word_1_884' title='bbox 1241 5732 1405 5787; x_wconf 87' lang='lat' dir='ltr'><strong>rebus</strong></span> <span class='ocrx_word' id='word_1_885' title='bbox 1435 5733 1711 5797; x_wconf 90' lang='lat' dir='ltr'><strong>omnibus,</strong></span> <span class='ocrx_word' id='word_1_886' title='bbox 1748 5751 1842 5804; x_wconf 91' lang='lat' dir='ltr'><strong>per</strong></span> <span class='ocrx_word' id='word_1_887' title='bbox 1875 5751 2014 5805; x_wconf 89' lang='lat' dir='ltr'><strong>quas</strong></span> <span class='ocrx_word' id='word_1_888' title='bbox 2046 5750 2135 5789; x_wconf 86' lang='lat' dir='ltr'><strong>res</strong></span> <span class='ocrx_word' id='word_1_889' title='bbox 2167 5733 2348 5788; x_wconf 86' lang='lat' dir='ltr'><strong>divina</strong></span> <span class='ocrx_word' id='word_1_890' title='bbox 2384 5741 2579 5786; x_wconf 82' lang='lat' dir='ltr'><strong>natura</strong></span> <span class='ocrx_word' id='word_1_891' title='bbox 2636 5734 2688 5785; x_wconf 94' lang='lat' dir='ltr'><strong>in</strong></span> <span class='ocrx_word' id='word_1_892' title='bbox 2726 5732 2960 5801; x_wconf 86' lang='lat' dir='ltr'><strong>imagine</strong></span> <span class='ocrx_word' id='word_1_893' title='bbox 3007 5744 3105 5783; x_wconf 88' lang='lat' dir='ltr'><strong>sua</strong></span> <span class='ocrx_word' id='word_1_894' title='bbox 3162 5728 3510 5797; x_wconf 76' lang='lat' dir='ltr'><strong>exprimitur.</strong></span> 
     </span>
    </p>
   </div>
   <div class='ocr_carea' id='block_1_118' title="bbox 259 5823 3507 5902">
    <p class='ocr_par' dir='ltr' id='par_1_118' title="bbox 259 5823 3507 5902">
     <span class='ocr_line' id='line_1_118' title="bbox 259 5823 3507 5902; baseline -0.004 -14"><span class='ocrx_word' id='word_1_895' title='bbox 259 5827 470 5900; x_wconf 63' lang='lat' dir='ltr'><strong>praediti</strong></span> <span class='ocrx_word' id='word_1_896' title='bbox 508 5833 659 5882; x_wconf 90' lang='lat' dir='ltr'><strong>sunt.</strong></span> <span class='ocrx_word' id='word_1_897' title='bbox 691 5823 838 5880; x_wconf 86' lang='lat' dir='ltr'><strong>Nihil</strong></span> <span class='ocrx_word' id='word_1_898' title='bbox 866 5826 1006 5882; x_wconf 90' lang='lat' dir='ltr'><strong>inter</strong></span> <span class='ocrx_word' id='word_1_899' title='bbox 1037 5827 1310 5882; x_wconf 88' lang='lat' dir='ltr'><strong>hominem</strong></span> <span class='ocrx_word' id='word_1_900' title='bbox 1343 5837 1585 5884; x_wconf 88' lang='lat' dir='ltr'><strong>creatum</strong></span> <span class='ocrx_word' id='word_1_901' title='bbox 1619 5832 1670 5886; x_wconf 93' lang='lat' dir='ltr'><strong>in</strong></span> <span class='ocrx_word' id='word_1_902' title='bbox 1714 5835 1887 5902; x_wconf 89' lang='lat' dir='ltr'><strong>prima</strong></span> <span class='ocrx_word' id='word_1_903' title='bbox 1944 5848 2125 5888; x_wconf 89' lang='lat' dir='ltr'><strong>rerutn</strong></span> <span class='ocrx_word' id='word_1_904' title='bbox 2179 5830 2557 5894; x_wconf 81' lang='lat' dir='ltr'><strong>fabricatione,</strong></span> <span class='ocrx_word' id='word_1_905' title='bbox 2611 5837 2664 5885; x_wconf 92' lang='lat' dir='ltr'><strong>et</strong></span> <span class='ocrx_word' id='word_1_906' title='bbox 2721 5843 2842 5884; x_wconf 90' lang='lat' dir='ltr'><strong>eum</strong></span> <span class='ocrx_word' id='word_1_907' title='bbox 2877 5826 2970 5896; x_wconf 88' lang='lat' dir='ltr'><strong>qui</strong></span> <span class='ocrx_word' id='word_1_908' title='bbox 3004 5828 3058 5881; x_wconf 94' lang='lat' dir='ltr'><strong>in</strong></span> <span class='ocrx_word' id='word_1_909' title='bbox 3125 5834 3373 5881; x_wconf 80' lang='lat' dir='ltr'><strong>extremo</strong></span> <span class='ocrx_word' id='word_1_910' title='bbox 3414 5836 3507 5876; x_wconf 58' lang='lat' dir='ltr'><strong>nae</strong></span> 
     </span>
    </p>
   </div>
  </div>
