  <div class='ocr_page' id='page_1' title='image "/cluster/home/n/w/nwhite01/storage/ocr_20150623/44/hvd.32044012542270/103.png"; bbox 0 0 3996 6450; ppageno 0'>
   <div class='ocr_carea' id='block_1_1' title="bbox 565 347 2143 456">
    <p class='ocr_par' dir='ltr' id='par_1_1' title="bbox 565 347 2143 436">
     <span class='ocr_line' id='line_1_1' title="bbox 565 347 2143 436; baseline 0.023 -37"><span class='ocrx_word' id='word_1_1' title='bbox 565 347 657 401; x_wconf 76' lang='grc'><strong>187</strong></span> <span class='ocrx_word' id='word_1_2' title='bbox 1755 371 1812 428; x_wconf 84' lang='grc'><strong>8.</strong></span> <span class='ocrx_word' id='word_1_3' title='bbox 1843 373 2143 436; x_wconf 76' lang='lat' dir='ltr'><strong>GREGORI</strong></span> 
     </span>
    </p>
   </div>
   <div class='ocr_carea' id='block_1_2' title="bbox 2185 347 3763 456">
    <p class='ocr_par' dir='ltr' id='par_1_2' title="bbox 2199 383 3763 456">
     <span class='ocr_line' id='line_1_2' title="bbox 2199 383 3763 456; baseline 0.012 -18"><span class='ocrx_word' id='word_1_4' title='bbox 2199 383 2244 438; x_wconf 90' lang='grc' dir='ltr'><strong>Ν</strong></span> <span class='ocrx_word' id='word_1_5' title='bbox 2251 384 2492 442; x_wconf 77' lang='lat' dir='ltr'><strong>YSSENI</strong></span> <span class='ocrx_word' id='word_1_6' title='bbox 3675 404 3763 456; x_wconf 71' lang='lat'><strong>188</strong></span> 
     </span>
    </p>
   </div>
   <div class='ocr_carea' id='block_1_3' title="bbox 560 471 3770 588">
    <p class='ocr_par' dir='ltr' id='par_1_3' title="bbox 560 471 3770 588">
     <span class='ocr_line' id='line_1_3' title="bbox 560 471 3770 588; baseline 0.016 -70"><span class='ocrx_word' id='word_1_7' title='bbox 560 475 950 588; x_wconf 72' lang='lat' dir='ltr'><strong>scetur,Dcum</strong></span> <span class='ocrx_word' id='word_1_8' title='bbox 986 471 1098 540; x_wconf 85' lang='lat' dir='ltr'><strong>jam</strong></span> <span class='ocrx_word' id='word_1_9' title='bbox 1159 477 1346 530; x_wconf 83' lang='lat' dir='ltr'><strong>omnia</strong></span> <span class='ocrx_word' id='word_1_10' title='bbox 1383 493 1760 541; x_wconf 86' lang='lat' dir='ltr'><strong>consummata</strong></span> <span class='ocrx_word' id='word_1_11' title='bbox 1815 505 1999 558; x_wconf 91' lang='lat' dir='ltr'><strong>erunt,</strong></span> <span class='ocrx_word' id='word_1_12' title='bbox 2033 492 2308 556; x_wconf 81' lang='lat' dir='ltr'><strong>interest.‘</strong></span> <span class='ocrx_word' id='word_1_13' title='bbox 2333 501 2554 572; x_wconf 69' lang='grc' dir='ltr'><strong>Αἰτιυωί</strong></span> <span class='ocrx_word' id='word_1_14' title='bbox 2593 506 2736 559; x_wconf 90' lang='lat' dir='ltr'><strong>enim</strong></span> <span class='ocrx_word' id='word_1_15' title='bbox 2793 509 3004 563; x_wconf 76' lang='lat' dir='ltr'><strong>ratione</strong></span> <span class='ocrx_word' id='word_1_16' title='bbox 3064 511 3355 581; x_wconf 81' lang='lat' dir='ltr'><strong>imaginem</strong></span> <span class='ocrx_word' id='word_1_17' title='bbox 3407 511 3498 569; x_wconf 91' lang='lat' dir='ltr'><strong>Dei</strong></span> <span class='ocrx_word' id='word_1_18' title='bbox 3559 527 3770 588; x_wconf 72' lang='lat' dir='ltr'><strong>uterque</strong></span> 
     </span>
    </p>
   </div>
   <div class='ocr_carea' id='block_1_4' title="bbox 2031 595 3768 678">
    <p class='ocr_par' dir='ltr' id='par_1_4' title="bbox 2031 595 3768 678">
     <span class='ocr_line' id='line_1_4' title="bbox 2031 595 3768 678; baseline 0.01 -32"><span class='ocrx_word' id='word_1_19' title='bbox 2031 595 2245 661; x_wconf 79' lang='lat' dir='ltr'><strong>generis</strong></span> <span class='ocrx_word' id='word_1_20' title='bbox 2283 597 2609 652; x_wconf 76' lang='lat' dir='ltr'><strong>universitas</strong></span> <span class='ocrx_word' id='word_1_21' title='bbox 2667 602 3059 678; x_wconf 87' lang='lat' dir='ltr'><strong>comprehensa</strong></span> <span class='ocrx_word' id='word_1_22' title='bbox 3111 603 3246 670; x_wconf 81' lang='lat' dir='ltr'><strong>fuit,</strong></span> <span class='ocrx_word' id='word_1_23' title='bbox 3281 607 3500 674; x_wconf 86' lang='lat' dir='ltr'><strong>quando</strong></span> <span class='ocrx_word' id='word_1_24' title='bbox 3535 613 3768 678; x_wconf 86' lang='lat' dir='ltr'><strong>potestati</strong></span> 
     </span>
    </p>
   </div>
   <div class='ocr_carea' id='block_1_5' title="bbox 1947 683 3769 771">
    <p class='ocr_par' dir='ltr' id='par_1_5' title="bbox 1947 683 3769 771">
     <span class='ocr_line' id='line_1_5' title="bbox 1947 683 3769 771; baseline 0.011 -37"><span class='ocrx_word' id='word_1_25' title='bbox 1947 722 1961 734; x_wconf 94' lang='lat'><strong>.</strong></span> <span class='ocrx_word' id='word_1_26' title='bbox 1996 683 2136 749; x_wconf 87' lang='lat' dir='ltr'><strong>Quin</strong></span> <span class='ocrx_word' id='word_1_27' title='bbox 2191 695 2242 743; x_wconf 90' lang='lat' dir='ltr'><strong>et</strong></span> <span class='ocrx_word' id='word_1_28' title='bbox 2291 703 2352 742; x_wconf 91' lang='lat' dir='ltr'><strong>ea</strong></span> <span class='ocrx_word' id='word_1_29' title='bbox 2401 705 2522 757; x_wconf 73' lang='lat' dir='ltr'><strong>qua:</strong></span> <span class='ocrx_word' id='word_1_30' title='bbox 2580 699 2957 759; x_wconf 81' lang='lat' dir='ltr'><strong>expectantur,</strong></span> <span class='ocrx_word' id='word_1_31' title='bbox 3017 711 3124 748; x_wconf 91' lang='lat' dir='ltr'><strong>non</strong></span> <span class='ocrx_word' id='word_1_32' title='bbox 3171 697 3328 752; x_wconf 81' lang='lat' dir='ltr'><strong>aliter</strong></span> <span class='ocrx_word' id='word_1_33' title='bbox 3365 709 3528 768; x_wconf 90' lang='lat' dir='ltr'><strong>atque</strong></span> <span class='ocrx_word' id='word_1_34' title='bbox 3584 701 3634 758; x_wconf 84' lang='lat' dir='ltr'><strong>si</strong></span> <span class='ocrx_word' id='word_1_35' title='bbox 3668 703 3769 771; x_wconf 89' lang='lat' dir='ltr'><strong>jam</strong></span> 
     </span>
    </p>
   </div>
   <div class='ocr_carea' id='block_1_6' title="bbox 564 747 3772 856">
    <p class='ocr_par' dir='ltr' id='par_1_6' title="bbox 564 747 3772 856">
     <span class='ocr_line' id='line_1_6' title="bbox 2020 747 3769 768; baseline 0.003 -13"><span class='ocrx_word' id='word_1_36' title='bbox 2020 747 2033 749; x_wconf 79' lang='lat'><strong>-</strong></span> <span class='ocrx_word' id='word_1_37' title='bbox 2420 747 2432 757; x_wconf 93' lang='lat'><strong>.</strong></span> <span class='ocrx_word' id='word_1_38' title='bbox 2650 747 2666 759; x_wconf 92' lang='lat'><strong>.</strong></span> <span class='ocrx_word' id='word_1_39' title='bbox 2945 747 2957 758; x_wconf 84' lang='lat'><strong>,.</strong></span> <span class='ocrx_word' id='word_1_40' title='bbox 3367 747 3527 768; x_wconf 53' lang='grc' dir='ltr'><strong>νη.--</strong></span> <span class='ocrx_word' id='word_1_41' title='bbox 3584 747 3634 758; x_wconf 61' lang='grc' dir='ltr'>-.ι</span> <span class='ocrx_word' id='word_1_42' title='bbox 3691 747 3769 755; x_wconf 80' lang='grc'><strong>-..-</strong></span> 
     </span>
     <span class='ocr_line' id='line_1_7' title="bbox 564 747 3772 856; baseline 0.016 -60"><span class='ocrx_word' id='word_1_43' title='bbox 564 748 846 811; x_wconf 65' lang='lat' dir='ltr'><strong>praesentia</strong></span> <span class='ocrx_word' id='word_1_44' title='bbox 887 747 1086 816; x_wconf 71' lang='lat' dir='ltr'><strong>forent,</strong></span> <span class='ocrx_word' id='word_1_45' title='bbox 1141 771 1240 810; x_wconf 91' lang='lat' dir='ltr'><strong>sua</strong></span> <span class='ocrx_word' id='word_1_46' title='bbox 1299 758 1352 811; x_wconf 94' lang='lat' dir='ltr'><strong>in</strong></span> <span class='ocrx_word' id='word_1_47' title='bbox 1411 771 1705 829; x_wconf 88' lang='lat' dir='ltr'><strong>potestate,</strong></span> <span class='ocrx_word' id='word_1_48' title='bbox 1767 785 1869 838; x_wconf 83' lang='lat' dir='ltr'><strong>qua</strong></span> <span class='ocrx_word' id='word_1_49' title='bbox 1915 778 2189 856; x_wconf 87' lang='lat' dir='ltr'><strong>universa</strong></span> <span class='ocrx_word' id='word_1_50' title='bbox 2220 781 2619 850; x_wconf 86' lang='lat' dir='ltr'><strong>complectitur,</strong></span> <span class='ocrx_word' id='word_1_51' title='bbox 2665 784 2849 838; x_wconf 81' lang='lat' dir='ltr'><strong>habet.</strong></span> <span class='ocrx_word' id='word_1_52' title='bbox 2903 787 2996 841; x_wconf 88' lang='lat' dir='ltr'><strong>Est</strong></span> <span class='ocrx_word' id='word_1_53' title='bbox 3031 787 3197 856; x_wconf 77' lang='lat' dir='ltr'><strong>igitur</strong></span> <span class='ocrx_word' id='word_1_54' title='bbox 3227 797 3340 842; x_wconf 88' lang='lat' dir='ltr'><strong>tota</strong></span> <span class='ocrx_word' id='word_1_55' title='bbox 3387 799 3578 845; x_wconf 86' lang='lat' dir='ltr'><strong>natura</strong></span> <span class='ocrx_word' id='word_1_56' title='bbox 3611 747 3772 848; x_wconf 38' lang='lat' dir='ltr'><strong>holmi-</strong></span> 
     </span>
    </p>
   </div>
   <div class='ocr_carea' id='block_1_7' title="bbox 565 846 3774 962">
    <p class='ocr_par' dir='ltr' id='par_1_7' title="bbox 565 846 3774 962">
     <span class='ocr_line' id='line_1_8' title="bbox 565 846 3774 962; baseline 0.016 -68"><span class='ocrx_word' id='word_1_57' title='bbox 565 855 770 962; x_wconf 45' lang='lat' dir='ltr'><strong>[Imma</strong></span> <span class='ocrx_word' id='word_1_58' title='bbox 806 846 998 949; x_wconf 78' lang='lat' dir='ltr'><strong>primis</strong></span> <span class='ocrx_word' id='word_1_59' title='bbox 1023 851 1110 962; x_wconf 54' lang='lat' dir='ltr'><strong>Iad</strong></span> <span class='ocrx_word' id='word_1_60' title='bbox 1137 861 1412 955; x_wconf 72' lang='lat' dir='ltr'><strong>extremos</strong></span> <span class='ocrx_word' id='word_1_61' title='bbox 1465 877 1658 932; x_wconf 90' lang='lat' dir='ltr'><strong>usque,</strong></span> <span class='ocrx_word' id='word_1_62' title='bbox 1703 881 1808 920; x_wconf 86' lang='lat' dir='ltr'><strong>una</strong></span> <span class='ocrx_word' id='word_1_63' title='bbox 1861 873 2156 944; x_wconf 88' lang='lat' dir='ltr'><strong>eademque</strong></span> <span class='ocrx_word' id='word_1_64' title='bbox 2182 855 2323 934; x_wconf 55' lang='lat' dir='ltr'><strong>&#39;sveri</strong></span> <span class='ocrx_word' id='word_1_65' title='bbox 2375 882 2465 937; x_wconf 87' lang='lat' dir='ltr'><strong>Dei</strong></span> <span class='ocrx_word' id='word_1_66' title='bbox 2497 885 2694 954; x_wconf 76' lang='lat' dir='ltr'><strong>imago.</strong></span> <span class='ocrx_word' id='word_1_67' title='bbox 2735 884 2909 943; x_wconf 82' lang='lat' dir='ltr'><strong>Sexus</strong></span> <span class='ocrx_word' id='word_1_68' title='bbox 2955 900 3133 945; x_wconf 88' lang='lat' dir='ltr'><strong>autem</strong></span> <span class='ocrx_word' id='word_1_69' title='bbox 3189 893 3414 946; x_wconf 89' lang='lat' dir='ltr'><strong>masculi</strong></span> <span class='ocrx_word' id='word_1_70' title='bbox 3461 893 3774 962; x_wconf 77' lang='lat' dir='ltr'><strong>femineique</strong></span> 
     </span>
    </p>
   </div>
   <div class='ocr_carea' id='block_1_8' title="bbox 561 932 3772 1078">
    <p class='ocr_par' dir='ltr' id='par_1_8' title="bbox 561 932 3772 1078">
     <span class='ocr_line' id='line_1_9' title="bbox 603 932 3772 962; baseline 0.01 -42"><span class='ocrx_word' id='word_1_71' title='bbox 603 932 613 942; x_wconf 38' lang='lat'>&#39;</span> <span class='ocrx_word' id='word_1_72' title='bbox 715 934 726 945; x_wconf 46' lang='lat'><strong>.</strong></span> <span class='ocrx_word' id='word_1_73' title='bbox 904 939 914 949; x_wconf 31' lang='lat' dir='ltr'><strong>O</strong></span> <span class='ocrx_word' id='word_1_74' title='bbox 2067 932 2080 944; x_wconf 85' lang='grc'><strong>,</strong></span> <span class='ocrx_word' id='word_1_75' title='bbox 2381 932 2464 937; x_wconf 81' lang='lat'><strong>---</strong></span> <span class='ocrx_word' id='word_1_76' title='bbox 2497 932 2694 954; x_wconf 67' lang='grc' dir='ltr'><strong>--η-ο--</strong></span> <span class='ocrx_word' id='word_1_77' title='bbox 2736 932 2909 943; x_wconf 57' lang='grc' dir='ltr'><strong>ηπ,</strong></span> <span class='ocrx_word' id='word_1_78' title='bbox 2955 932 3133 945; x_wconf 50' lang='grc' dir='ltr'><strong>νην...</strong></span> <span class='ocrx_word' id='word_1_79' title='bbox 3189 932 3414 946; x_wconf 55' lang='lat' dir='ltr'><strong>unum...</strong></span> <span class='ocrx_word' id='word_1_80' title='bbox 3464 932 3772 962; x_wconf 67' lang='grc' dir='ltr'><strong>,νη-...νηιηυ</strong></span> 
     </span>
     <span class='ocr_line' id='line_1_10' title="bbox 561 932 3772 1078; baseline 0.017 -93"><span class='ocrx_word' id='word_1_81' title='bbox 561 932 854 1078; x_wconf 54' lang='grc' dir='ltr'>ἓιεριιιηιεη</span> <span class='ocrx_word' id='word_1_82' title='bbox 902 955 958 992; x_wconf 81' lang='grc' dir='ltr'><strong>ιιι</strong></span> <span class='ocrx_word' id='word_1_83' title='bbox 1020 942 1238 1001; x_wconf 89' lang='lat' dir='ltr'><strong>homine</strong></span> <span class='ocrx_word' id='word_1_84' title='bbox 1289 949 1400 1016; x_wconf 86' lang='lat' dir='ltr'><strong>jam</strong></span> <span class='ocrx_word' id='word_1_85' title='bbox 1461 965 1645 1010; x_wconf 89' lang='lat' dir='ltr'><strong>creato</strong></span> <span class='ocrx_word' id='word_1_86' title='bbox 1674 959 1741 1014; x_wconf 90' lang='lat' dir='ltr'><strong>de</strong></span> <span class='ocrx_word' id='word_1_87' title='bbox 1767 977 1952 1032; x_wconf 88' lang='lat' dir='ltr'><strong>causa,</strong></span> <span class='ocrx_word' id='word_1_88' title='bbox 1990 977 2048 1020; x_wconf 95' lang='lat' dir='ltr'><strong>ut</strong></span> <span class='ocrx_word' id='word_1_89' title='bbox 2096 985 2196 1041; x_wconf 77' lang='lat' dir='ltr'><strong>ego</strong></span> <span class='ocrx_word' id='word_1_90' title='bbox 2251 974 2467 1042; x_wconf 90' lang='lat' dir='ltr'><strong>quidem</strong></span> <span class='ocrx_word' id='word_1_91' title='bbox 2501 978 2788 1042; x_wconf 75' lang='lat' dir='ltr'><strong>existimo,</strong></span> <span class='ocrx_word' id='word_1_92' title='bbox 2855 979 3167 1050; x_wconf 87' lang='lat' dir='ltr'><strong>hujusmodi</strong></span> <span class='ocrx_word' id='word_1_93' title='bbox 3229 985 3462 1054; x_wconf 89' lang='lat' dir='ltr'><strong>quadam</strong></span> <span class='ocrx_word' id='word_1_94' title='bbox 3516 986 3772 1056; x_wconf 85' lang='lat' dir='ltr'><strong>adjectum</strong></span> 
     </span>
     <span class='ocr_line' id='line_1_11' title="bbox 587 1040 680 1078; baseline -0.022 0"><span class='ocrx_word' id='word_1_95' title='bbox 587 1040 637 1078; x_wconf 77' lang='lat' dir='ltr'><strong>ut</strong></span> <span class='ocrx_word' id='word_1_96' title='bbox 667 1064 680 1076; x_wconf 88' lang='lat'><strong>.</strong></span> 
     </span>
    </p>
   </div>
   <div class='ocr_carea' id='block_1_9' title="bbox 587 1040 680 1078">
    <p class='ocr_par' dir='ltr' id='par_1_9' title="bbox 587 1040 680 1078">
     <span class='ocr_line' id='line_1_12' title="bbox 587 1040 680 1078; baseline -0.022 0"><span class='ocrx_word' id='word_1_97' title='bbox 587 1040 680 1078; x_wconf 81' lang='grc' dir='ltr'>υιι.</span> 
     </span>
    </p>
   </div>
   <div class='ocr_carea' id='block_1_10' title="bbox 1124 1161 2702 1250">
    <p class='ocr_par' dir='ltr' id='par_1_10' title="bbox 1124 1171 2196 1234">
     <span class='ocr_line' id='line_1_13' title="bbox 1124 1171 2196 1234; baseline 0.021 -9"><span class='ocrx_word' id='word_1_98' title='bbox 1124 1171 1352 1229; x_wconf 82' lang='lat' dir='ltr'><strong>CAPUT</strong></span> <span class='ocrx_word' id='word_1_99' title='bbox 1395 1177 1558 1234; x_wconf 76' lang='lat' dir='ltr'><strong>XVII.</strong></span> <span class='ocrx_word' id='word_1_100' title='bbox 2149 1192 2196 1233; x_wconf 72' lang='grc' dir='ltr'>Α</span> 
     </span>
    </p>
   </div>
   <div class='ocr_carea' id='block_1_11' title="bbox 1683 1161 3261 1250">
    <p class='ocr_par' dir='ltr' id='par_1_11' title="bbox 2149 1161 3261 1250">
     <span class='ocr_line' id='line_1_14' title="bbox 2149 1161 3261 1250; baseline 0.007 -8"><span class='ocrx_word' id='word_1_101' title='bbox 2149 1192 2196 1233; x_wconf 71' lang='grc' dir='ltr'>Α</span> <span class='ocrx_word' id='word_1_102' title='bbox 2733 1161 3122 1248; x_wconf 62' lang='grc' dir='ltr'><strong>ΚΕΦᾸΛΔΙΟΝ</strong></span> <span class='ocrx_word' id='word_1_103' title='bbox 3167 1198 3261 1250; x_wconf 92' lang='lat' dir='ltr'><strong>lZ&#39;.</strong></span> 
     </span>
    </p>
   </div>
   <div class='ocr_carea' id='block_1_12' title="bbox 562 1276 2140 1380">
    <p class='ocr_par' dir='ltr' id='par_1_12' title="bbox 562 1276 2122 1380">
     <span class='ocr_line' id='line_1_15' title="bbox 562 1276 2122 1380; baseline 0.011 -51"><span class='ocrx_word' id='word_1_104' title='bbox 562 1276 1140 1380; x_wconf 44' lang='lat' dir='ltr'><strong>Quidfesppn-dendum</strong></span> <span class='ocrx_word' id='word_1_105' title='bbox 1174 1287 1574 1380; x_wconf 50' lang='grc' dir='ltr'>Ιάηὸίιαηιίίηιε,</span> <span class='ocrx_word' id='word_1_106' title='bbox 1641 1298 1897 1362; x_wconf 83' lang='lat' dir='ltr'><strong>quomodo</strong></span> <span class='ocrx_word' id='word_1_107' title='bbox 1955 1303 2122 1356; x_wconf 71' lang='lat' dir='ltr'><strong>animi</strong></span> 
     </span>
     <span class='ocr_line' id='line_1_16' title="bbox 635 1357 1982 1380; baseline 0 0"><span class='ocrx_word' id='word_1_108' title='bbox 635 1360 820 1380; x_wconf 65' lang='lat' dir='ltr'><strong>nsuqu.</strong></span> <span class='ocrx_word' id='word_1_109' title='bbox 869 1365 1064 1380; x_wconf 67' lang='lat' dir='ltr'><strong>........-.a</strong></span> <span class='ocrx_word' id='word_1_110' title='bbox 1101 1357 1142 1380; x_wconf 66' lang='grc' dir='ltr'><strong>,ἔ</strong></span> <span class='ocrx_word' id='word_1_111' title='bbox 1185 1361 1395 1380; x_wconf 38' lang='grc' dir='ltr'><strong>-,..--3η-μ</strong></span> <span class='ocrx_word' id='word_1_112' title='bbox 1455 1362 1530 1380; x_wconf 53' lang='grc' dir='ltr'>ξιιμ</span> <span class='ocrx_word' id='word_1_113' title='bbox 1596 1379 1599 1380; x_wconf 66' lang='lat'><strong>,</strong></span> <span class='ocrx_word' id='word_1_114' title='bbox 1645 1367 1655 1375; x_wconf 86' lang='lat'><strong>-</strong></span> <span class='ocrx_word' id='word_1_115' title='bbox 1733 1369 1742 1376; x_wconf 91' lang='lat'><em>-</em></span> <span class='ocrx_word' id='word_1_116' title='bbox 1951 1372 1982 1380; x_wconf 90' lang='lat'><strong>..</strong></span> 
     </span>
    </p>
   </div>
   <div class='ocr_carea' id='block_1_13' title="bbox 2197 1276 3775 1380">
    <p class='ocr_par' dir='ltr' id='par_1_13' title="bbox 2227 1300 3775 1380">
     <span class='ocr_line' id='line_1_17' title="bbox 2227 1300 3775 1380; baseline 0.008 -27"><span class='ocrx_word' id='word_1_117' title='bbox 2227 1301 2290 1354; x_wconf 85' lang='grc' dir='ltr'>Τί</span> <span class='ocrx_word' id='word_1_118' title='bbox 2311 1300 2428 1380; x_wconf 71' lang='grc' dir='ltr'><strong>χρὴ</strong></span> <span class='ocrx_word' id='word_1_119' title='bbox 2453 1304 2659 1380; x_wconf 36' lang='lat' dir='ltr'><strong>fierer</strong></span> <span class='ocrx_word' id='word_1_120' title='bbox 2692 1303 2832 1380; x_wconf 63' lang='grc' dir='ltr'>πρὸς</span> <span class='ocrx_word' id='word_1_121' title='bbox 2863 1305 3010 1380; x_wconf 58' lang='grc' dir='ltr'>τοῂς</span> <span class='ocrx_word' id='word_1_122' title='bbox 3040 1307 3495 1380; x_wconf 62' lang='grc' dir='ltr'>ἐπαποροῦγτας</span> <span class='ocrx_word' id='word_1_123' title='bbox 3515 1351 3527 1366; x_wconf 91' lang='grc'><strong>.</strong></span> <span class='ocrx_word' id='word_1_124' title='bbox 3562 1314 3612 1364; x_wconf 83' lang='grc' dir='ltr'><strong>εί</strong></span> <span class='ocrx_word' id='word_1_125' title='bbox 3635 1314 3775 1380; x_wconf 80' lang='grc' dir='ltr'>μετὰ</span> 
     </span>
    </p>
   </div>
   <div class='ocr_carea' id='block_1_14' title="bbox 633 1351 2211 1448">
    <p class='ocr_par' dir='ltr' id='par_1_14' title="bbox 633 1351 2122 1448">
     <span class='ocr_line' id='line_1_18' title="bbox 633 1351 2122 1448; baseline 0.018 -50"><span class='ocrx_word' id='word_1_126' title='bbox 633 1351 1064 1448; x_wconf 40' lang='lat' dir='ltr'><strong>crinali/nimam</strong></span> <span class='ocrx_word' id='word_1_127' title='bbox 1096 1357 1400 1448; x_wconf 52' lang='lat' dir='ltr'><strong>silltomines</strong></span> <span class='ocrx_word' id='word_1_128' title='bbox 1447 1362 1530 1414; x_wconf 82' lang='lat' dir='ltr'><strong>illi</strong></span> <span class='ocrx_word' id='word_1_129' title='bbox 1559 1351 1830 1448; x_wconf 48' lang='lat' dir='ltr'><strong>&#39;pqi&#39;ncipes</strong></span> <span class='ocrx_word' id='word_1_130' title='bbox 1870 1372 2017 1422; x_wconf 84' lang='lat' dir='ltr'><strong>nulla</strong></span> <span class='ocrx_word' id='word_1_131' title='bbox 2069 1390 2122 1426; x_wconf 81' lang='lat' dir='ltr'><strong>se</strong></span> 
     </span>
    </p>
   </div>
   <div class='ocr_carea' id='block_1_15' title="bbox 2193 1351 3771 1448">
    <p class='ocr_par' dir='ltr' id='par_1_15' title="bbox 2309 1351 3771 1448">
     <span class='ocr_line' id='line_1_19' title="bbox 2309 1351 3771 1448; baseline 0.008 -24"><span class='ocrx_word' id='word_1_132' title='bbox 2309 1351 2723 1448; x_wconf 38' lang='grc' dir='ltr'>εἶινιάμάρτζαν</span> <span class='ocrx_word' id='word_1_133' title='bbox 2735 1351 2784 1438; x_wconf 56' lang='lat' dir='ltr'><strong>r7}</strong></span> <span class='ocrx_word' id='word_1_134' title='bbox 2796 1351 3173 1448; x_wconf 34' lang='lat' dir='ltr'><strong>‘Ezatdorzon‘a,</strong></span> <span class='ocrx_word' id='word_1_135' title='bbox 3199 1351 3324 1442; x_wconf 50' lang='grc' dir='ltr'>πδῶς</span> <span class='ocrx_word' id='word_1_136' title='bbox 3335 1377 3412 1431; x_wconf 81' lang='grc' dir='ltr'><strong>ἂν</strong></span> <span class='ocrx_word' id='word_1_137' title='bbox 3431 1351 3699 1448; x_wconf 28' lang='lat' dir='ltr'><strong>egi-erg</strong></span> <span class='ocrx_word' id='word_1_138' title='bbox 3713 1387 3771 1436; x_wconf 79' lang='grc' dir='ltr'><strong>ιιί</strong></span> 
     </span>
    </p>
   </div>
   <div class='ocr_carea' id='block_1_16' title="bbox 631 1422 2209 1522">
    <p class='ocr_par' dir='ltr' id='par_1_16' title="bbox 631 1422 2123 1522">
     <span class='ocr_line' id='line_1_20' title="bbox 631 1422 2123 1522; baseline 0.017 -53"><span class='ocrx_word' id='word_1_139' title='bbox 631 1422 830 1522; x_wconf 54' lang='lat' dir='ltr'><strong>percuti</strong></span> <span class='ocrx_word' id='word_1_140' title='bbox 892 1423 1004 1502; x_wconf 78' lang='lat' dir='ltr'><strong>lqbe</strong></span> <span class='ocrx_word' id='word_1_141' title='bbox 1051 1426 1404 1492; x_wconf 82' lang='lat' dir='ltr'><strong>polluisscnt:</strong></span> <span class='ocrx_word' id='word_1_142' title='bbox 1459 1422 1668 1500; x_wconf 78' lang='lat' dir='ltr'><strong>quando</strong></span> <span class='ocrx_word' id='word_1_143' title='bbox 1721 1422 1950 1504; x_wconf 65' lang='lat' dir='ltr'><strong>primum</strong></span> <span class='ocrx_word' id='word_1_144' title='bbox 2008 1422 2123 1506; x_wconf 64' lang='lat' dir='ltr'><strong>post</strong></span> 
     </span>
     <span class='ocr_line' id='line_1_21' title="bbox 669 1497 2093 1522; baseline 0 0"><span class='ocrx_word' id='word_1_145' title='bbox 669 1507 764 1522; x_wconf 71' lang='grc' dir='ltr'><strong>ιιηι·</strong></span> <span class='ocrx_word' id='word_1_146' title='bbox 797 1497 1204 1522; x_wconf 67' lang='grc' dir='ltr'><strong>οηηιις.ιηοέη..-.-.</strong></span> <span class='ocrx_word' id='word_1_147' title='bbox 1268 1516 1471 1522; x_wconf 74' lang='lat'><strong>....-..-__--</strong></span> <span class='ocrx_word' id='word_1_148' title='bbox 1754 1510 1784 1522; x_wconf 89' lang='lat'><strong>--</strong></span> <span class='ocrx_word' id='word_1_149' title='bbox 1867 1511 1875 1519; x_wconf 84' lang='lat'><strong>-</strong></span> <span class='ocrx_word' id='word_1_150' title='bbox 1990 1511 2000 1522; x_wconf 81' lang='grc' dir='ltr'><strong><em>ι</em></strong></span> <span class='ocrx_word' id='word_1_151' title='bbox 2062 1513 2093 1522; x_wconf 76' lang='grc' dir='ltr'>ι.</span> 
     </span>
    </p>
   </div>
   <div class='ocr_carea' id='block_1_17' title="bbox 2193 1422 3771 1522">
    <p class='ocr_par' dir='ltr' id='par_1_17' title="bbox 2233 1422 3771 1522">
     <span class='ocr_line' id='line_1_22' title="bbox 2233 1422 3771 1522; baseline 0.013 -33"><span class='ocrx_word' id='word_1_152' title='bbox 2233 1513 2250 1522; x_wconf 88' lang='lat'>_</span> <span class='ocrx_word' id='word_1_153' title='bbox 2290 1422 3771 1522; x_wconf 35' lang='lat' dir='ltr'><strong>simulamasene;arguare;£53555</strong></span> 
     </span>
    </p>
   </div>
   <div class='ocr_carea' id='block_1_18' title="bbox 631 1488 2608 1578">
    <p class='ocr_par' dir='ltr' id='par_1_18' title="bbox 631 1488 2608 1578">
     <span class='ocr_line' id='line_1_23' title="bbox 631 1488 2608 1578; baseline 0.017 -40"><span class='ocrx_word' id='word_1_154' title='bbox 631 1488 1480 1578; x_wconf 35' lang='lat' dir='ltr'><strong>[Illinc-inquinantionentloperam,</strong></span> <span class='ocrx_word' id='word_1_155' title='bbox 1525 1488 1875 1572; x_wconf 60' lang='lat' dir='ltr'><strong>procreationi</strong></span> <span class='ocrx_word' id='word_1_156' title='bbox 1921 1488 2120 1566; x_wconf 73' lang='grc' dir='ltr'>δοὺόίίε</span> <span class='ocrx_word' id='word_1_157' title='bbox 2216 1513 2270 1578; x_wconf 64' lang='grc' dir='ltr'>ψ</span> <span class='ocrx_word' id='word_1_158' title='bbox 2292 1488 2608 1577; x_wconf 49' lang='grc' dir='ltr'><strong>ἂνῦᾖωὲτυιο</strong></span> 
     </span>
    </p>
   </div>
   <div class='ocr_carea' id='block_1_19' title="bbox 633 1559 1406 1623">
    <p class='ocr_par' dir='ltr' id='par_1_19' title="bbox 633 1559 1406 1623">
     <span class='ocr_line' id='line_1_24' title="bbox 633 1559 1406 1623; baseline 0.017 -14"><span class='ocrx_word' id='word_1_159' title='bbox 633 1559 892 1613; x_wconf 83' lang='lat' dir='ltr'><strong>hominem</strong></span> <span class='ocrx_word' id='word_1_160' title='bbox 928 1563 1132 1618; x_wconf 76' lang='lat' dir='ltr'><strong>dedisse</strong></span> <span class='ocrx_word' id='word_1_161' title='bbox 1159 1559 1406 1623; x_wconf 74' lang='lat' dir='ltr'><strong>videmus.</strong></span> 
     </span>
    </p>
   </div>
   <div class='ocr_carea' id='block_1_20' title="bbox 631 1646 2209 1745">
    <p class='ocr_par' dir='ltr' id='par_1_20' title="bbox 631 1646 2158 1728">
     <span class='ocr_line' id='line_1_25' title="bbox 631 1646 2158 1728; baseline 0.018 -28"><span class='ocrx_word' id='word_1_162' title='bbox 631 1646 790 1704; x_wconf 84' lang='lat' dir='ltr'><strong>Prius</strong></span> <span class='ocrx_word' id='word_1_163' title='bbox 819 1667 946 1706; x_wconf 82' lang='lat' dir='ltr'><strong>vero</strong></span> <span class='ocrx_word' id='word_1_164' title='bbox 973 1671 1134 1722; x_wconf 90' lang='lat' dir='ltr'><strong>quam</strong></span> <span class='ocrx_word' id='word_1_165' title='bbox 1167 1657 1219 1710; x_wconf 92' lang='lat' dir='ltr'><strong>id</strong></span> <span class='ocrx_word' id='word_1_166' title='bbox 1275 1669 1696 1728; x_wconf 84' lang='lat' dir='ltr'><strong>perscrutemur,</strong></span> <span class='ocrx_word' id='word_1_167' title='bbox 1735 1665 1875 1722; x_wconf 85' lang='lat' dir='ltr'><strong>forte</strong></span> <span class='ocrx_word' id='word_1_168' title='bbox 1919 1670 2122 1726; x_wconf 82' lang='lat' dir='ltr'><strong>rectius</strong></span> <span class='ocrx_word' id='word_1_169' title='bbox 2155 1697 2158 1702; x_wconf 62' lang='grc' dir='ltr'><strong>ι</strong></span> 
     </span>
    </p>
   </div>
   <div class='ocr_carea' id='block_1_21' title="bbox 2198 1646 3776 1745">
    <p class='ocr_par' dir='ltr' id='par_1_21' title="bbox 2290 1667 3776 1745">
     <span class='ocr_line' id='line_1_26' title="bbox 2290 1667 3776 1745; baseline 0.006 -24"><span class='ocrx_word' id='word_1_170' title='bbox 2290 1667 2505 1721; x_wconf 74' lang='grc' dir='ltr'>Μᾶλλον</span> <span class='ocrx_word' id='word_1_171' title='bbox 2527 1667 2603 1730; x_wconf 86' lang='grc' dir='ltr'><strong>δὲ,</strong></span> <span class='ocrx_word' id='word_1_172' title='bbox 2621 1668 2750 1739; x_wconf 77' lang='grc' dir='ltr'>πρὶν</span> <span class='ocrx_word' id='word_1_173' title='bbox 2767 1667 2827 1720; x_wconf 80' lang='grc' dir='ltr'><strong>τὸ</strong></span> <span class='ocrx_word' id='word_1_174' title='bbox 2849 1670 3202 1740; x_wconf 83' lang='grc' dir='ltr'>προκείμενον</span> <span class='ocrx_word' id='word_1_175' title='bbox 3220 1671 3296 1724; x_wconf 92' lang='grc' dir='ltr'><strong>διε</strong></span> <span class='ocrx_word' id='word_1_176' title='bbox 3305 1674 3584 1743; x_wconf 79' lang='grc' dir='ltr'>ρευνῆσαι,</span> <span class='ocrx_word' id='word_1_177' title='bbox 3615 1679 3776 1745; x_wconf 82' lang='grc' dir='ltr'>κρεῖτ-</span> 
     </span>
    </p>
   </div>
   <div class='ocr_carea' id='block_1_22' title="bbox 563 1734 2141 1837">
    <p class='ocr_par' dir='ltr' id='par_1_22' title="bbox 563 1734 2123 1829">
     <span class='ocr_line' id='line_1_27' title="bbox 563 1734 2123 1829; baseline 0.017 -40"><span class='ocrx_word' id='word_1_178' title='bbox 563 1734 874 1802; x_wconf 82' lang='lat' dir='ltr'><strong>fecerimus,</strong></span> <span class='ocrx_word' id='word_1_179' title='bbox 906 1744 950 1796; x_wconf 91' lang='lat' dir='ltr'><strong>si</strong></span> <span class='ocrx_word' id='word_1_180' title='bbox 981 1745 1255 1810; x_wconf 83' lang='lat' dir='ltr'><strong>quiddam,</strong></span> <span class='ocrx_word' id='word_1_181' title='bbox 1291 1751 1436 1818; x_wconf 89' lang='lat' dir='ltr'><strong>quod</strong></span> <span class='ocrx_word' id='word_1_182' title='bbox 1469 1754 1537 1806; x_wconf 89' lang='lat' dir='ltr'><strong>ab</strong></span> <span class='ocrx_word' id='word_1_183' title='bbox 1567 1755 1892 1813; x_wconf 86' lang='lat' dir='ltr'><strong>adversariis</strong></span> <span class='ocrx_word' id='word_1_184' title='bbox 1931 1759 2123 1829; x_wconf 58' lang='lat' dir='ltr'><strong>objici-</strong></span> 
     </span>
    </p>
   </div>
   <div class='ocr_carea' id='block_1_23' title="bbox 2197 1734 3775 1837">
    <p class='ocr_par' dir='ltr' id='par_1_23' title="bbox 2221 1757 3775 1837">
     <span class='ocr_line' id='line_1_28' title="bbox 2221 1757 3775 1837; baseline 0.007 -28"><span class='ocrx_word' id='word_1_185' title='bbox 2221 1775 2311 1810; x_wconf 91' lang='grc' dir='ltr'><strong>τον</strong></span> <span class='ocrx_word' id='word_1_186' title='bbox 2353 1759 2482 1820; x_wconf 81' lang='grc' dir='ltr'>ἴσως</span> <span class='ocrx_word' id='word_1_187' title='bbox 2521 1757 2613 1810; x_wconf 88' lang='grc' dir='ltr'><strong>τοῦ</strong></span> <span class='ocrx_word' id='word_1_188' title='bbox 2648 1761 3054 1830; x_wconf 81' lang='grc' dir='ltr'><strong>προφερομένου</strong></span> <span class='ocrx_word' id='word_1_189' title='bbox 3104 1764 3257 1832; x_wconf 86' lang='grc' dir='ltr'><strong>παρά</strong></span> <span class='ocrx_word' id='word_1_190' title='bbox 3301 1765 3409 1818; x_wconf 82' lang='grc' dir='ltr'><strong>τῶν</strong></span> <span class='ocrx_word' id='word_1_191' title='bbox 3459 1769 3775 1837; x_wconf 78' lang='grc' dir='ltr'><strong>μαχομένων</strong></span> 
     </span>
    </p>
   </div>
   <div class='ocr_carea' id='block_1_24' title="bbox 563 1832 2141 1930">
    <p class='ocr_par' dir='ltr' id='par_1_24' title="bbox 563 1832 2120 1915">
     <span class='ocr_line' id='line_1_29' title="bbox 563 1832 2120 1915; baseline 0.019 -37"><span class='ocrx_word' id='word_1_192' title='bbox 563 1835 672 1891; x_wconf 90' lang='lat' dir='ltr'><strong>tur,</strong></span> <span class='ocrx_word' id='word_1_193' title='bbox 703 1832 1052 1899; x_wconf 81' lang='lat' dir='ltr'><strong>explicemus.</strong></span> <span class='ocrx_word' id='word_1_194' title='bbox 1083 1837 1246 1892; x_wconf 83' lang='lat' dir='ltr'><strong>Aiunt</strong></span> <span class='ocrx_word' id='word_1_195' title='bbox 1272 1843 1436 1906; x_wconf 87' lang='lat' dir='ltr'><strong>enim,</strong></span> <span class='ocrx_word' id='word_1_196' title='bbox 1469 1855 1592 1899; x_wconf 85' lang='lat' dir='ltr'><strong>ante</strong></span> <span class='ocrx_word' id='word_1_197' title='bbox 1620 1857 1894 1915; x_wconf 84' lang='lat' dir='ltr'><strong>peccatum</strong></span> <span class='ocrx_word' id='word_1_198' title='bbox 1919 1853 2120 1906; x_wconf 89' lang='lat' dir='ltr'><strong>nullam</strong></span> 
     </span>
    </p>
   </div>
   <div class='ocr_carea' id='block_1_25' title="bbox 2197 1832 3775 1930">
    <p class='ocr_par' dir='ltr' id='par_1_25' title="bbox 2221 1832 3775 1930">
     <span class='ocr_line' id='line_1_30' title="bbox 2221 1832 3775 1930; baseline 0 -28"><span class='ocrx_word' id='word_1_199' title='bbox 2221 1851 2350 1918; x_wconf 85' lang='grc' dir='ltr'>ἡμῖν</span> <span class='ocrx_word' id='word_1_200' title='bbox 2390 1848 2717 1921; x_wconf 78' lang='grc' dir='ltr'>ἐπιζητῆσαι</span> <span class='ocrx_word' id='word_1_201' title='bbox 2763 1851 2861 1922; x_wconf 80' lang='grc' dir='ltr'>τὴν</span> <span class='ocrx_word' id='word_1_202' title='bbox 2893 1852 3066 1906; x_wconf 89' lang='grc' dir='ltr'>λύσιν.</span> <span class='ocrx_word' id='word_1_203' title='bbox 3116 1854 3347 1924; x_wconf 78' lang='grc' dir='ltr'><strong>Λέγουσι</strong></span> <span class='ocrx_word' id='word_1_204' title='bbox 3381 1832 3490 1926; x_wconf 78' lang='grc' dir='ltr'>γὰρ</span> <span class='ocrx_word' id='word_1_205' title='bbox 3681 1861 3775 1930; x_wconf 77' lang='grc' dir='ltr'>τῆς</span> 
     </span>
    </p>
   </div>
   <div class='ocr_carea' id='block_1_26' title="bbox 560 1927 2138 2021">
    <p class='ocr_par' dir='ltr' id='par_1_26' title="bbox 560 1927 2118 2014">
     <span class='ocr_line' id='line_1_31' title="bbox 560 1927 2118 2014; baseline 0.019 -44"><span class='ocrx_word' id='word_1_206' title='bbox 560 1935 736 1988; x_wconf 89' lang='lat' dir='ltr'><strong>neque</strong></span> <span class='ocrx_word' id='word_1_207' title='bbox 763 1927 1178 1992; x_wconf 79' lang='lat' dir='ltr'><strong>procreationis,</strong></span> <span class='ocrx_word' id='word_1_208' title='bbox 1223 1949 1397 2002; x_wconf 85' lang='lat' dir='ltr'><strong>neque</strong></span> <span class='ocrx_word' id='word_1_209' title='bbox 1425 1941 1797 2010; x_wconf 79' lang='lat' dir='ltr'><strong>parturiginis,</strong></span> <span class='ocrx_word' id='word_1_210' title='bbox 1829 1958 1892 1996; x_wconf 89' lang='lat' dir='ltr'><strong>ac</strong></span> <span class='ocrx_word' id='word_1_211' title='bbox 1923 1961 1988 1998; x_wconf 90' lang='lat' dir='ltr'><strong>ne</strong></span> <span class='ocrx_word' id='word_1_212' title='bbox 2021 1961 2118 2014; x_wconf 89' lang='lat' dir='ltr'><strong>ap-</strong></span> 
     </span>
    </p>
   </div>
   <div class='ocr_carea' id='block_1_27' title="bbox 2195 1927 3773 2021">
    <p class='ocr_par' dir='ltr' id='par_1_27' title="bbox 2197 1927 3773 2021">
     <span class='ocr_line' id='line_1_32' title="bbox 2197 1927 3773 2021; baseline 0.007 -29"><span class='ocrx_word' id='word_1_213' title='bbox 2197 1942 2494 2021; x_wconf 67' lang='grc' dir='ltr'><strong>Διὶιμαρτςίας</strong></span> <span class='ocrx_word' id='word_1_214' title='bbox 2527 1943 2662 2011; x_wconf 86' lang='grc' dir='ltr'>μήτε</span> <span class='ocrx_word' id='word_1_215' title='bbox 2693 1942 2851 1995; x_wconf 87' lang='grc' dir='ltr'>τόκον</span> <span class='ocrx_word' id='word_1_216' title='bbox 2886 1944 3234 2015; x_wconf 77' lang='grc' dir='ltr'>ἱστορεῖσθαι,</span> <span class='ocrx_word' id='word_1_217' title='bbox 3265 1948 3403 2018; x_wconf 87' lang='grc' dir='ltr'>μήτε</span> <span class='ocrx_word' id='word_1_218' title='bbox 3429 1927 3615 2012; x_wconf 81' lang='grc' dir='ltr'>ὠδῖνα,</span> <span class='ocrx_word' id='word_1_219' title='bbox 3645 1927 3773 2021; x_wconf 73' lang='grc' dir='ltr'>μήτε</span> 
     </span>
    </p>
   </div>
   <div class='ocr_carea' id='block_1_28' title="bbox 559 2013 2137 2107">
    <p class='ocr_par' dir='ltr' id='par_1_28' title="bbox 559 2013 2120 2098">
     <span class='ocr_line' id='line_1_33' title="bbox 559 2013 2120 2098; baseline 0.019 -34"><span class='ocrx_word' id='word_1_220' title='bbox 559 2013 760 2080; x_wconf 80' lang='lat' dir='ltr'><strong>petitus</strong></span> <span class='ocrx_word' id='word_1_221' title='bbox 791 2018 1008 2084; x_wconf 83' lang='lat' dir='ltr'><strong>quidem</strong></span> <span class='ocrx_word' id='word_1_222' title='bbox 1043 2022 1095 2076; x_wconf 91' lang='lat' dir='ltr'><strong>in</strong></span> <span class='ocrx_word' id='word_1_223' title='bbox 1127 2024 1345 2081; x_wconf 83' lang='lat' dir='ltr'><strong>homine</strong></span> <span class='ocrx_word' id='word_1_224' title='bbox 1366 2030 1430 2082; x_wconf 90' lang='lat' dir='ltr'><strong>ad</strong></span> <span class='ocrx_word' id='word_1_225' title='bbox 1463 2035 1856 2098; x_wconf 79' lang='lat' dir='ltr'><strong>procreandum</strong></span> <span class='ocrx_word' id='word_1_226' title='bbox 1889 2038 2120 2092; x_wconf 88' lang='lat' dir='ltr'><strong>mentio-</strong></span> 
     </span>
    </p>
   </div>
   <div class='ocr_carea' id='block_1_29' title="bbox 2197 2013 3775 2107">
    <p class='ocr_par' dir='ltr' id='par_1_29' title="bbox 2197 2018 3775 2107">
     <span class='ocr_line' id='line_1_34' title="bbox 2197 2018 3775 2107; baseline 0.009 -24"><span class='ocrx_word' id='word_1_227' title='bbox 2197 2018 2316 2102; x_wconf 78' lang='grc' dir='ltr'>’τὴν</span> <span class='ocrx_word' id='word_1_228' title='bbox 2345 2034 2480 2104; x_wconf 83' lang='grc' dir='ltr'>πρὸς</span> <span class='ocrx_word' id='word_1_229' title='bbox 2529 2034 2866 2088; x_wconf 76' lang='grc' dir='ltr'>παιδοποιϊαν</span> <span class='ocrx_word' id='word_1_230' title='bbox 2907 2040 3079 2107; x_wconf 81' lang='grc' dir='ltr'>ὁρμήν</span> <span class='ocrx_word' id='word_1_231' title='bbox 3105 2056 3117 2068; x_wconf 88' lang='grc'><strong>·</strong></span> <span class='ocrx_word' id='word_1_232' title='bbox 3151 2041 3574 2094; x_wconf 86' lang='grc' dir='ltr'>ἀποικισθέντων</span> <span class='ocrx_word' id='word_1_233' title='bbox 3605 2043 3658 2096; x_wconf 80' lang='grc' dir='ltr'>δὲ</span> <span class='ocrx_word' id='word_1_234' title='bbox 3683 2041 3775 2097; x_wconf 74' lang='grc' dir='ltr'><strong>τεῦ</strong></span> 
     </span>
    </p>
   </div>
   <div class='ocr_carea' id='block_1_30' title="bbox 559 2105 2137 2206">
    <p class='ocr_par' dir='ltr' id='par_1_30' title="bbox 559 2105 2122 2196">
     <span class='ocr_line' id='line_1_35' title="bbox 559 2105 2122 2196; baseline 0.017 -40"><span class='ocrx_word' id='word_1_235' title='bbox 559 2119 682 2156; x_wconf 87' lang='lat' dir='ltr'><strong>nem</strong></span> <span class='ocrx_word' id='word_1_236' title='bbox 716 2105 850 2161; x_wconf 79' lang='lat' dir='ltr'><strong>ﬁeri.</strong></span> <span class='ocrx_word' id='word_1_237' title='bbox 880 2107 1178 2181; x_wconf 79' lang='lat' dir='ltr'><strong>Postquam</strong></span> <span class='ocrx_word' id='word_1_238' title='bbox 1219 2127 1396 2172; x_wconf 88' lang='lat' dir='ltr'><strong>autem</strong></span> <span class='ocrx_word' id='word_1_239' title='bbox 1433 2120 1677 2178; x_wconf 87' lang='lat' dir='ltr'><strong>homines</strong></span> <span class='ocrx_word' id='word_1_240' title='bbox 1719 2126 1876 2194; x_wconf 87' lang='lat' dir='ltr'><strong>primi</strong></span> <span class='ocrx_word' id='word_1_241' title='bbox 1907 2143 2122 2196; x_wconf 87' lang='lat' dir='ltr'><strong>peccas-</strong></span> 
     </span>
    </p>
   </div>
   <div class='ocr_carea' id='block_1_31' title="bbox 2196 2105 3774 2206">
    <p class='ocr_par' dir='ltr' id='par_1_31' title="bbox 2219 2105 3774 2206">
     <span class='ocr_line' id='line_1_36' title="bbox 2219 2105 3774 2206; baseline 0.007 -29"><span class='ocrx_word' id='word_1_242' title='bbox 2219 2126 2544 2193; x_wconf 82' lang='grc' dir='ltr'>παραδείσου</span> <span class='ocrx_word' id='word_1_243' title='bbox 2574 2127 2710 2195; x_wconf 87' lang='grc' dir='ltr'><strong>μετά</strong></span> <span class='ocrx_word' id='word_1_244' title='bbox 2735 2128 2831 2198; x_wconf 82' lang='grc' dir='ltr'>τὴν</span> <span class='ocrx_word' id='word_1_245' title='bbox 2857 2105 3151 2199; x_wconf 80' lang='grc' dir='ltr'>ἁμαρτίαν,</span> <span class='ocrx_word' id='word_1_246' title='bbox 3179 2133 3273 2184; x_wconf 75' lang='grc' dir='ltr'>καὶ</span> <span class='ocrx_word' id='word_1_247' title='bbox 3305 2134 3404 2202; x_wconf 81' lang='grc' dir='ltr'>τῆς</span> <span class='ocrx_word' id='word_1_248' title='bbox 3432 2135 3686 2201; x_wconf 74' lang='grc' dir='ltr'>γυναικὸς</span> <span class='ocrx_word' id='word_1_249' title='bbox 3709 2140 3774 2206; x_wconf 82' lang='grc' dir='ltr'>τῇ</span> 
     </span>
    </p>
   </div>
   <div class='ocr_carea' id='block_1_32' title="bbox 558 2197 2136 2294">
    <p class='ocr_par' dir='ltr' id='par_1_32' title="bbox 558 2197 2118 2289">
     <span class='ocr_line' id='line_1_37' title="bbox 558 2197 2118 2289; baseline 0.017 -41"><span class='ocrx_word' id='word_1_250' title='bbox 558 2203 702 2260; x_wconf 86' lang='lat' dir='ltr'><strong>sent,</strong></span> <span class='ocrx_word' id='word_1_251' title='bbox 732 2197 906 2268; x_wconf 85' lang='lat' dir='ltr'><strong>deque</strong></span> <span class='ocrx_word' id='word_1_252' title='bbox 935 2205 1186 2270; x_wconf 86' lang='lat' dir='ltr'><strong>paradiso</strong></span> <span class='ocrx_word' id='word_1_253' title='bbox 1210 2209 1368 2275; x_wconf 84' lang='lat' dir='ltr'><strong>ejecti</strong></span> <span class='ocrx_word' id='word_1_254' title='bbox 1395 2221 1595 2278; x_wconf 75' lang='lat' dir='ltr'><strong>essent,</strong></span> <span class='ocrx_word' id='word_1_255' title='bbox 1625 2230 1686 2268; x_wconf 87' lang='lat' dir='ltr'><strong>ac</strong></span> <span class='ocrx_word' id='word_1_256' title='bbox 1719 2215 1931 2271; x_wconf 79' lang='lat' dir='ltr'><strong>feminae</strong></span> <span class='ocrx_word' id='word_1_257' title='bbox 1959 2235 2118 2289; x_wconf 64' lang='lat' dir='ltr'><strong>poena</strong></span> 
     </span>
    </p>
   </div>
   <div class='ocr_carea' id='block_1_33' title="bbox 2199 2197 3777 2294">
    <p class='ocr_par' dir='ltr' id='par_1_33' title="bbox 2215 2197 3777 2294">
     <span class='ocr_line' id='line_1_38' title="bbox 2215 2197 3777 2294; baseline 0.007 -24"><span class='ocrx_word' id='word_1_258' title='bbox 2215 2217 2454 2288; x_wconf 69' lang='grc' dir='ltr'>τιμωρίᾳ</span> <span class='ocrx_word' id='word_1_259' title='bbox 2490 2218 2596 2270; x_wconf 83' lang='grc' dir='ltr'><strong>τῶν</strong></span> <span class='ocrx_word' id='word_1_260' title='bbox 2635 2197 2839 2272; x_wconf 82' lang='grc' dir='ltr'>ὠδίνων</span> <span class='ocrx_word' id='word_1_261' title='bbox 2890 2197 3563 2294; x_wconf 35' lang='grc' dir='ltr'>κατίακριθείσηςξοῦτως</span> <span class='ocrx_word' id='word_1_262' title='bbox 3613 2197 3777 2282; x_wconf 55' lang='grc' dir='ltr'>ὲλθεῖῦ</span> 
     </span>
    </p>
   </div>
   <div class='ocr_carea' id='block_1_34' title="bbox 557 2288 2135 2387">
    <p class='ocr_par' dir='ltr' id='par_1_34' title="bbox 557 2288 2118 2369">
     <span class='ocr_line' id='line_1_39' title="bbox 557 2288 2118 2369; baseline 0.02 -32"><span class='ocrx_word' id='word_1_263' title='bbox 557 2288 806 2343; x_wconf 83' lang='lat' dir='ltr'><strong>dolorum</strong></span> <span class='ocrx_word' id='word_1_264' title='bbox 839 2291 893 2344; x_wconf 91' lang='lat' dir='ltr'><strong>in</strong></span> <span class='ocrx_word' id='word_1_265' title='bbox 925 2303 1082 2362; x_wconf 86' lang='lat' dir='ltr'><strong>partu</strong></span> <span class='ocrx_word' id='word_1_266' title='bbox 1118 2309 1262 2352; x_wconf 85' lang='lat' dir='ltr'><strong>esset</strong></span> <span class='ocrx_word' id='word_1_267' title='bbox 1303 2301 1576 2369; x_wconf 87' lang='lat' dir='ltr'><strong>imposita,</strong></span> <span class='ocrx_word' id='word_1_268' title='bbox 1641 2315 1756 2360; x_wconf 91' lang='lat' dir='ltr'><strong>tum</strong></span> <span class='ocrx_word' id='word_1_269' title='bbox 1791 2288 1998 2365; x_wconf 84' lang='lat' dir='ltr'><strong>scilicet</strong></span> <span class='ocrx_word' id='word_1_270' title='bbox 2053 2313 2118 2368; x_wconf 89' lang='lat' dir='ltr'><strong>ad</strong></span> 
     </span>
    </p>
   </div>
   <div class='ocr_carea' id='block_1_35' title="bbox 2199 2288 3777 2387">
    <p class='ocr_par' dir='ltr' id='par_1_35' title="bbox 2217 2288 3777 2387">
     <span class='ocr_line' id='line_1_40' title="bbox 2217 2288 3777 2387; baseline 0.009 -28"><span class='ocrx_word' id='word_1_271' title='bbox 2217 2309 2306 2360; x_wconf 77' lang='grc' dir='ltr'><strong>τὸν</strong></span> <span class='ocrx_word' id='word_1_272' title='bbox 2354 2309 2523 2379; x_wconf 71' lang='grc' dir='ltr'>Ἀδὰμ</span> <span class='ocrx_word' id='word_1_273' title='bbox 2549 2311 2626 2370; x_wconf 80' lang='grc' dir='ltr'><strong>είς</strong></span> <span class='ocrx_word' id='word_1_274' title='bbox 2651 2309 2712 2361; x_wconf 86' lang='grc' dir='ltr'><strong>τὸ</strong></span> <span class='ocrx_word' id='word_1_275' title='bbox 2733 2310 2933 2377; x_wconf 84' lang='grc' dir='ltr'>γνῶναι</span> <span class='ocrx_word' id='word_1_276' title='bbox 2963 2288 3216 2382; x_wconf 78' lang='grc' dir='ltr'>γαμικῶς</span> <span class='ocrx_word' id='word_1_277' title='bbox 3243 2288 3341 2386; x_wconf 45' lang='grc' dir='ltr'>τὴν</span> <span class='ocrx_word' id='word_1_278' title='bbox 3369 2288 3656 2387; x_wconf 78' lang='grc' dir='ltr'>ὁμόζυγον,</span> <span class='ocrx_word' id='word_1_279' title='bbox 3687 2320 3777 2374; x_wconf 74' lang='grc' dir='ltr'>καὶ</span> 
     </span>
    </p>
   </div>
   <div class='ocr_carea' id='block_1_36' title="bbox 559 2382 2137 2476">
    <p class='ocr_par' dir='ltr' id='par_1_36' title="bbox 559 2382 2120 2458">
     <span class='ocr_line' id='line_1_41' title="bbox 559 2382 2120 2458; baseline 0.016 -24"><span class='ocrx_word' id='word_1_280' title='bbox 559 2382 608 2434; x_wconf 86' lang='lat' dir='ltr'><strong>id</strong></span> <span class='ocrx_word' id='word_1_281' title='bbox 634 2397 984 2451; x_wconf 80' lang='lat' dir='ltr'><strong>progressum</strong></span> <span class='ocrx_word' id='word_1_282' title='bbox 1012 2402 1132 2442; x_wconf 88' lang='lat' dir='ltr'><strong>esse</strong></span> <span class='ocrx_word' id='word_1_283' title='bbox 1163 2391 1450 2456; x_wconf 79' lang='lat' dir='ltr'><strong>Adamuin,</strong></span> <span class='ocrx_word' id='word_1_284' title='bbox 1479 2404 1535 2448; x_wconf 91' lang='lat' dir='ltr'><strong>ut</strong></span> <span class='ocrx_word' id='word_1_285' title='bbox 1565 2402 1956 2458; x_wconf 86' lang='lat' dir='ltr'><strong>consuetudine</strong></span> <span class='ocrx_word' id='word_1_286' title='bbox 1989 2419 2120 2458; x_wconf 88' lang='lat' dir='ltr'><strong>con-</strong></span> 
     </span>
    </p>
   </div>
   <div class='ocr_carea' id='block_1_37' title="bbox 2199 2382 3777 2476">
    <p class='ocr_par' dir='ltr' id='par_1_37' title="bbox 2216 2382 3777 2476">
     <span class='ocr_line' id='line_1_42' title="bbox 2216 2382 3777 2476; baseline 0.008 -24"><span class='ocrx_word' id='word_1_287' title='bbox 2216 2401 2337 2452; x_wconf 75' lang='grc' dir='ltr'>τότε</span> <span class='ocrx_word' id='word_1_288' title='bbox 2384 2401 2482 2470; x_wconf 86' lang='grc' dir='ltr'>τῆς</span> <span class='ocrx_word' id='word_1_289' title='bbox 2522 2401 2842 2465; x_wconf 84' lang='grc' dir='ltr'>παιδοποῖας</span> <span class='ocrx_word' id='word_1_290' title='bbox 2880 2403 2980 2473; x_wconf 80' lang='grc' dir='ltr'>τὴν</span> <span class='ocrx_word' id='word_1_291' title='bbox 3029 2405 3203 2476; x_wconf 83' lang='grc' dir='ltr'>ἀρχὴν</span> <span class='ocrx_word' id='word_1_292' title='bbox 3250 2382 3522 2475; x_wconf 76' lang='grc' dir='ltr'>γενέσθαι.</span> <span class='ocrx_word' id='word_1_293' title='bbox 3551 2382 3643 2464; x_wconf 32' lang='grc' dir='ltr'><strong>*Εί</strong></span> <span class='ocrx_word' id='word_1_294' title='bbox 3687 2407 3777 2466; x_wconf 75' lang='grc' dir='ltr'>οὖν</span> 
     </span>
    </p>
   </div>
   <div class='ocr_carea' id='block_1_38' title="bbox 553 2473 2131 2575">
    <p class='ocr_par' dir='ltr' id='par_1_38' title="bbox 553 2473 2131 2566">
     <span class='ocr_line' id='line_1_43' title="bbox 553 2473 2131 2566; baseline 0.016 -40"><span class='ocrx_word' id='word_1_295' title='bbox 553 2473 700 2542; x_wconf 82' lang='lat' dir='ltr'><strong>jugis</strong></span> <span class='ocrx_word' id='word_1_296' title='bbox 739 2475 805 2528; x_wconf 89' lang='lat' dir='ltr'><strong>ad</strong></span> <span class='ocrx_word' id='word_1_297' title='bbox 866 2483 1292 2546; x_wconf 89' lang='lat' dir='ltr'><strong>procreationem</strong></span> <span class='ocrx_word' id='word_1_298' title='bbox 1351 2487 1426 2538; x_wconf 91' lang='lat' dir='ltr'><strong>uti</strong></span> <span class='ocrx_word' id='word_1_299' title='bbox 1463 2488 1742 2558; x_wconf 84' lang='lat' dir='ltr'><strong>inciperet.</strong></span> <span class='ocrx_word' id='word_1_300' title='bbox 1807 2493 1862 2546; x_wconf 88' lang='lat' dir='ltr'><strong>Si</strong></span> <span class='ocrx_word' id='word_1_301' title='bbox 1931 2487 2131 2566; x_wconf 67' lang='lat' dir='ltr'><strong>igitur,l</strong></span> 
     </span>
    </p>
   </div>
   <div class='ocr_carea' id='block_1_39' title="bbox 2199 2473 3777 2575">
    <p class='ocr_par' dir='ltr' id='par_1_39' title="bbox 2199 2475 3777 2566">
     <span class='ocr_line' id='line_1_44' title="bbox 2199 2475 3777 2566; baseline 0.007 -22"><span class='ocrx_word' id='word_1_302' title='bbox 2199 2475 2390 2561; x_wconf 74' lang='grc' dir='ltr'>’γάμος</span> <span class='ocrx_word' id='word_1_303' title='bbox 2420 2493 2476 2544; x_wconf 83' lang='grc' dir='ltr'>ὲν</span> <span class='ocrx_word' id='word_1_304' title='bbox 2501 2492 2578 2562; x_wconf 87' lang='grc' dir='ltr'><strong>τῷ</strong></span> <span class='ocrx_word' id='word_1_305' title='bbox 2609 2493 2919 2565; x_wconf 79' lang='grc' dir='ltr'><strong>παραδείσῳ</strong></span> <span class='ocrx_word' id='word_1_306' title='bbox 2950 2495 3050 2546; x_wconf 84' lang='grc' dir='ltr'><strong>οὐκ</strong></span> <span class='ocrx_word' id='word_1_307' title='bbox 3075 2491 3164 2566; x_wconf 82' lang='grc' dir='ltr'>ἦν,</span> <span class='ocrx_word' id='word_1_308' title='bbox 3201 2496 3320 2551; x_wconf 73' lang='grc' dir='ltr'>οὔτε</span> <span class='ocrx_word' id='word_1_309' title='bbox 3349 2500 3496 2566; x_wconf 79' lang='grc' dir='ltr'>ὠδὶς,</span> <span class='ocrx_word' id='word_1_310' title='bbox 3536 2502 3660 2554; x_wconf 73' lang='grc' dir='ltr'>οὔτε</span> <span class='ocrx_word' id='word_1_311' title='bbox 3691 2505 3777 2555; x_wconf 78' lang='grc' dir='ltr'><strong>τό·</strong></span> 
     </span>
    </p>
   </div>
   <div class='ocr_carea' id='block_1_40' title="bbox 557 2567 2135 2662">
    <p class='ocr_par' dir='ltr' id='par_1_40' title="bbox 557 2567 2110 2652">
     <span class='ocr_line' id='line_1_45' title="bbox 557 2567 2110 2652; baseline 0.016 -35"><span class='ocrx_word' id='word_1_312' title='bbox 557 2567 829 2635; x_wconf 84' lang='lat' dir='ltr'><strong>inquiunt,</strong></span> <span class='ocrx_word' id='word_1_313' title='bbox 857 2585 1034 2638; x_wconf 89' lang='lat' dir='ltr'><strong>neque</strong></span> <span class='ocrx_word' id='word_1_314' title='bbox 1062 2573 1128 2626; x_wconf 91' lang='lat' dir='ltr'><strong>ad</strong></span> <span class='ocrx_word' id='word_1_315' title='bbox 1160 2576 1398 2648; x_wconf 79' lang='lat' dir='ltr'><strong>nuptias,</strong></span> <span class='ocrx_word' id='word_1_316' title='bbox 1434 2593 1608 2648; x_wconf 90' lang='lat' dir='ltr'><strong>neque</strong></span> <span class='ocrx_word' id='word_1_317' title='bbox 1660 2587 2110 2652; x_wconf 86' lang='lat' dir='ltr'><strong>procreationem,</strong></span> 
     </span>
    </p>
   </div>
   <div class='ocr_carea' id='block_1_41' title="bbox 2199 2567 3777 2662">
    <p class='ocr_par' dir='ltr' id='par_1_41' title="bbox 2220 2581 3777 2662">
     <span class='ocr_line' id='line_1_46' title="bbox 2220 2581 3777 2662; baseline 0.007 -26"><span class='ocrx_word' id='word_1_318' title='bbox 2220 2601 2334 2647; x_wconf 82' lang='grc' dir='ltr'>κος,</span> <span class='ocrx_word' id='word_1_319' title='bbox 2363 2583 2607 2654; x_wconf 87' lang='grc' dir='ltr'>ἀνάγκην</span> <span class='ocrx_word' id='word_1_320' title='bbox 2643 2581 2782 2638; x_wconf 79' lang='grc' dir='ltr'>εἷναί</span> <span class='ocrx_word' id='word_1_321' title='bbox 2809 2603 2972 2662; x_wconf 81' lang='grc' dir='ltr'>φασιν</span> <span class='ocrx_word' id='word_1_322' title='bbox 3005 2589 3070 2640; x_wconf 80' lang='grc' dir='ltr'>ὲκ</span> <span class='ocrx_word' id='word_1_323' title='bbox 3102 2587 3197 2640; x_wconf 89' lang='grc' dir='ltr'><strong>τοῦ</strong></span> <span class='ocrx_word' id='word_1_324' title='bbox 3241 2591 3534 2644; x_wconf 81' lang='grc' dir='ltr'>ἀκολούθου</span> <span class='ocrx_word' id='word_1_325' title='bbox 3569 2593 3777 2662; x_wconf 75' lang='grc' dir='ltr'>λογίζε-</span> 
     </span>
    </p>
   </div>
   <div class='ocr_carea' id='block_1_42' title="bbox 555 2661 2133 2754">
    <p class='ocr_par' dir='ltr' id='par_1_42' title="bbox 555 2665 2118 2740">
     <span class='ocr_line' id='line_1_47' title="bbox 555 2665 2118 2740; baseline 0.017 -31"><span class='ocrx_word' id='word_1_326' title='bbox 555 2673 730 2727; x_wconf 86' lang='lat' dir='ltr'><strong>neque</strong></span> <span class='ocrx_word' id='word_1_327' title='bbox 761 2670 972 2728; x_wconf 86' lang='lat' dir='ltr'><strong>partum</strong></span> <span class='ocrx_word' id='word_1_328' title='bbox 1008 2665 1062 2717; x_wconf 92' lang='lat' dir='ltr'><strong>in</strong></span> <span class='ocrx_word' id='word_1_329' title='bbox 1092 2668 1346 2734; x_wconf 82' lang='lat' dir='ltr'><strong>paradiso</strong></span> <span class='ocrx_word' id='word_1_330' title='bbox 1373 2681 1692 2738; x_wconf 80' lang='lat' dir='ltr'><strong>perventum</strong></span> <span class='ocrx_word' id='word_1_331' title='bbox 1727 2684 1832 2740; x_wconf 86' lang='lat' dir='ltr'><strong>est,</strong></span> <span class='ocrx_word' id='word_1_332' title='bbox 1863 2693 2118 2735; x_wconf 80' lang='lat' dir='ltr'><strong>necessa-</strong></span> 
     </span>
    </p>
   </div>
   <div class='ocr_carea' id='block_1_43' title="bbox 2199 2661 3777 2754">
    <p class='ocr_par' dir='ltr' id='par_1_43' title="bbox 2221 2661 3777 2754">
     <span class='ocr_line' id='line_1_48' title="bbox 2221 2661 3777 2754; baseline 0.008 -26"><span class='ocrx_word' id='word_1_333' title='bbox 2221 2676 2361 2738; x_wconf 83' lang='grc' dir='ltr'>σθαι,</span> <span class='ocrx_word' id='word_1_334' title='bbox 2406 2675 2482 2746; x_wconf 82' lang='grc' dir='ltr'><strong>μὴ</strong></span> <span class='ocrx_word' id='word_1_335' title='bbox 2509 2675 2575 2728; x_wconf 85' lang='grc' dir='ltr'><strong>ἂν</strong></span> <span class='ocrx_word' id='word_1_336' title='bbox 2606 2677 2662 2728; x_wconf 79' lang='grc' dir='ltr'>ἐν</span> <span class='ocrx_word' id='word_1_337' title='bbox 2691 2661 2885 2746; x_wconf 75' lang='grc' dir='ltr'>πλήθέι</span> <span class='ocrx_word' id='word_1_338' title='bbox 2912 2679 3166 2746; x_wconf 87' lang='grc' dir='ltr'>γενέσθαι</span> <span class='ocrx_word' id='word_1_339' title='bbox 3203 2681 3301 2744; x_wconf 79' lang='grc' dir='ltr'>τὰς</span> <span class='ocrx_word' id='word_1_340' title='bbox 3333 2681 3440 2735; x_wconf 86' lang='grc' dir='ltr'><strong>τῶν</strong></span> <span class='ocrx_word' id='word_1_341' title='bbox 3479 2661 3777 2754; x_wconf 82' lang='grc' dir='ltr'>ἀνθρώπων</span> 
     </span>
    </p>
   </div>
   <div class='ocr_carea' id='block_1_44' title="bbox 555 2747 2133 2846">
    <p class='ocr_par' dir='ltr' id='par_1_44' title="bbox 555 2747 2118 2826">
     <span class='ocr_line' id='line_1_49' title="bbox 555 2747 2118 2826; baseline 0.017 -28"><span class='ocrx_word' id='word_1_342' title='bbox 555 2747 696 2800; x_wconf 84' lang='lat' dir='ltr'><strong>rium</strong></span> <span class='ocrx_word' id='word_1_343' title='bbox 729 2758 808 2804; x_wconf 87' lang='lat' dir='ltr'><strong>est</strong></span> <span class='ocrx_word' id='word_1_344' title='bbox 844 2751 946 2805; x_wconf 90' lang='lat' dir='ltr'><strong>hoc</strong></span> <span class='ocrx_word' id='word_1_345' title='bbox 977 2769 1196 2824; x_wconf 91' lang='lat' dir='ltr'><strong>quoque</strong></span> <span class='ocrx_word' id='word_1_346' title='bbox 1221 2769 1504 2826; x_wconf 85' lang='lat' dir='ltr'><strong>sequatur,</strong></span> <span class='ocrx_word' id='word_1_347' title='bbox 1538 2763 1841 2818; x_wconf 89' lang='lat' dir='ltr'><strong>animorum</strong></span> <span class='ocrx_word' id='word_1_348' title='bbox 1877 2770 2118 2824; x_wconf 89' lang='lat' dir='ltr'><strong>multitu-</strong></span> 
     </span>
    </p>
   </div>
   <div class='ocr_carea' id='block_1_45' title="bbox 2201 2747 3779 2846">
    <p class='ocr_par' dir='ltr' id='par_1_45' title="bbox 2216 2747 3779 2846">
     <span class='ocr_line' id='line_1_50' title="bbox 2216 2747 3779 2846; baseline 0.008 -29"><span class='ocrx_word' id='word_1_349' title='bbox 2216 2765 2411 2834; x_wconf 74' lang='grc' dir='ltr'>ψυχάς,</span> <span class='ocrx_word' id='word_1_350' title='bbox 2440 2767 2488 2818; x_wconf 81' lang='grc' dir='ltr'><strong>εί</strong></span> <span class='ocrx_word' id='word_1_351' title='bbox 2519 2765 2592 2836; x_wconf 84' lang='grc' dir='ltr'><strong>μὴ</strong></span> <span class='ocrx_word' id='word_1_352' title='bbox 2622 2765 2756 2836; x_wconf 88' lang='grc' dir='ltr'>πρὸς</span> <span class='ocrx_word' id='word_1_353' title='bbox 2785 2768 2846 2818; x_wconf 78' lang='grc' dir='ltr'><strong>τὸ</strong></span> <span class='ocrx_word' id='word_1_354' title='bbox 2878 2766 3069 2838; x_wconf 82' lang='grc' dir='ltr'>θνητὸν</span> <span class='ocrx_word' id='word_1_355' title='bbox 3097 2773 3129 2839; x_wconf 83' lang='grc' dir='ltr'><strong>ὴ</strong></span> <span class='ocrx_word' id='word_1_356' title='bbox 3167 2771 3266 2841; x_wconf 85' lang='grc' dir='ltr'>τῆς</span> <span class='ocrx_word' id='word_1_357' title='bbox 3293 2747 3598 2837; x_wconf 71' lang='grc' dir='ltr'>ἀθανασίας</span> <span class='ocrx_word' id='word_1_358' title='bbox 3626 2776 3779 2846; x_wconf 72' lang='grc' dir='ltr'>χάρις</span> 
     </span>
    </p>
   </div>
   <div class='ocr_carea' id='block_1_46' title="bbox 554 2840 2132 2936">
    <p class='ocr_par' dir='ltr' id='par_1_46' title="bbox 554 2840 2115 2918">
     <span class='ocr_line' id='line_1_51' title="bbox 554 2840 2115 2918; baseline 0.013 -24"><span class='ocrx_word' id='word_1_359' title='bbox 554 2840 734 2895; x_wconf 87' lang='lat' dir='ltr'><strong>dinem</strong></span> <span class='ocrx_word' id='word_1_360' title='bbox 767 2844 968 2896; x_wconf 88' lang='lat' dir='ltr'><strong>nullam</strong></span> <span class='ocrx_word' id='word_1_361' title='bbox 1023 2845 1194 2902; x_wconf 78' lang='lat' dir='ltr'><strong>fuisse</strong></span> <span class='ocrx_word' id='word_1_362' title='bbox 1251 2849 1524 2918; x_wconf 81' lang='lat' dir='ltr'><strong>futuram,</strong></span> <span class='ocrx_word' id='word_1_363' title='bbox 1579 2858 1684 2910; x_wconf 87' lang='lat' dir='ltr'><strong>nisi</strong></span> <span class='ocrx_word' id='word_1_364' title='bbox 1725 2859 1922 2912; x_wconf 87' lang='lat' dir='ltr'><strong>donum</strong></span> <span class='ocrx_word' id='word_1_365' title='bbox 1985 2861 2115 2916; x_wconf 86' lang='lat' dir='ltr'><strong>illud</strong></span> 
     </span>
    </p>
   </div>
   <div class='ocr_carea' id='block_1_47' title="bbox 2201 2840 3779 2936">
    <p class='ocr_par' dir='ltr' id='par_1_47' title="bbox 2221 2840 3779 2936">
     <span class='ocr_line' id='line_1_52' title="bbox 2221 2840 3779 2936; baseline 0.008 -27"><span class='ocrx_word' id='word_1_366' title='bbox 2221 2859 2484 2928; x_wconf 80' lang='grc' dir='ltr'>μετέπεσε</span> <span class='ocrx_word' id='word_1_367' title='bbox 2505 2898 2518 2920; x_wconf 93' lang='grc'><strong>,</strong></span> <span class='ocrx_word' id='word_1_368' title='bbox 2547 2859 2638 2910; x_wconf 80' lang='grc' dir='ltr'><strong>καὶ</strong></span> <span class='ocrx_word' id='word_1_369' title='bbox 2671 2861 2698 2911; x_wconf 82' lang='grc' dir='ltr'><strong>ὁ</strong></span> <span class='ocrx_word' id='word_1_370' title='bbox 2737 2859 2910 2928; x_wconf 81' lang='grc' dir='ltr'>γάμος</span> <span class='ocrx_word' id='word_1_371' title='bbox 2940 2859 3026 2913; x_wconf 81' lang='grc' dir='ltr'><strong>διὰ</strong></span> <span class='ocrx_word' id='word_1_372' title='bbox 3062 2861 3169 2915; x_wconf 83' lang='grc' dir='ltr'><strong>τῶν</strong></span> <span class='ocrx_word' id='word_1_373' title='bbox 3201 2864 3592 2936; x_wconf 79' lang='grc' dir='ltr'><strong>ἐπιγινομένων</strong></span> <span class='ocrx_word' id='word_1_374' title='bbox 3627 2840 3779 2921; x_wconf 64' lang='grc' dir='ltr'>συνε-</span> 
     </span>
    </p>
   </div>
   <div class='ocr_carea' id='block_1_48' title="bbox 553 2933 2131 3020">
    <p class='ocr_par' dir='ltr' id='par_1_48' title="bbox 553 2933 2111 3018">
     <span class='ocr_line' id='line_1_53' title="bbox 553 2933 2111 3018; baseline 0.013 -35"><span class='ocrx_word' id='word_1_375' title='bbox 553 2933 980 2990; x_wconf 87' lang='lat' dir='ltr'><strong>immortalitatis</strong></span> <span class='ocrx_word' id='word_1_376' title='bbox 1013 2936 1066 2989; x_wconf 92' lang='lat' dir='ltr'><strong>in</strong></span> <span class='ocrx_word' id='word_1_377' title='bbox 1101 2941 1484 2996; x_wconf 87' lang='lat' dir='ltr'><strong>mortalitatem</strong></span> <span class='ocrx_word' id='word_1_378' title='bbox 1519 2955 1910 3002; x_wconf 86' lang='lat' dir='ltr'><strong>commutatum</strong></span> <span class='ocrx_word' id='word_1_379' title='bbox 1947 2963 2111 3018; x_wconf 83' lang='lat' dir='ltr'><strong>esset,</strong></span> 
     </span>
    </p>
   </div>
   <div class='ocr_carea' id='block_1_49' title="bbox 2201 2933 3779 3020">
    <p class='ocr_par' dir='ltr' id='par_1_49' title="bbox 2201 2949 3779 3020">
     <span class='ocr_line' id='line_1_54' title="bbox 2201 2949 3779 3020; baseline 0.007 -20"><span class='ocrx_word' id='word_1_380' title='bbox 2201 2951 2370 3020; x_wconf 80' lang='grc' dir='ltr'>’τήρει</span> <span class='ocrx_word' id='word_1_381' title='bbox 2391 2949 2487 3018; x_wconf 84' lang='grc' dir='ltr'>τὴν</span> <span class='ocrx_word' id='word_1_382' title='bbox 2519 2949 2701 3018; x_wconf 85' lang='grc' dir='ltr'>φύσιν,</span> <span class='ocrx_word' id='word_1_383' title='bbox 2729 2951 2850 3002; x_wconf 75' lang='grc' dir='ltr'>ἀντὶ</span> <span class='ocrx_word' id='word_1_384' title='bbox 2875 2950 2982 3004; x_wconf 84' lang='grc' dir='ltr'>τῶν</span> <span class='ocrx_word' id='word_1_385' title='bbox 3013 2952 3340 3015; x_wconf 84' lang='grc' dir='ltr'>ύπεξιόντων</span> <span class='ocrx_word' id='word_1_386' title='bbox 3369 2957 3495 3018; x_wconf 73' lang='grc' dir='ltr'>τοὺς</span> <span class='ocrx_word' id='word_1_387' title='bbox 3517 2957 3577 3020; x_wconf 79' lang='grc' dir='ltr'>ἐξ</span> <span class='ocrx_word' id='word_1_388' title='bbox 3603 2958 3779 3012; x_wconf 81' lang='grc' dir='ltr'>αὐτῶν</span> 
     </span>
    </p>
   </div>
   <div class='ocr_carea' id='block_1_50' title="bbox 551 3028 2129 3122">
    <p class='ocr_par' dir='ltr' id='par_1_50' title="bbox 551 3028 2118 3110">
     <span class='ocr_line' id='line_1_55' title="bbox 551 3028 2118 3110; baseline 0.015 -34"><span class='ocrx_word' id='word_1_389' title='bbox 551 3039 616 3078; x_wconf 92' lang='lat' dir='ltr'><strong>ac</strong></span> <span class='ocrx_word' id='word_1_390' title='bbox 645 3041 742 3093; x_wconf 90' lang='lat' dir='ltr'><strong>per</strong></span> <span class='ocrx_word' id='word_1_391' title='bbox 780 3028 1096 3098; x_wconf 81' lang='lat' dir='ltr'><strong>conjugium</strong></span> <span class='ocrx_word' id='word_1_392' title='bbox 1130 3035 1364 3087; x_wconf 83' lang='lat' dir='ltr'><strong>excitata</strong></span> <span class='ocrx_word' id='word_1_393' title='bbox 1397 3037 1686 3104; x_wconf 87' lang='lat' dir='ltr'><strong>posteritas</strong></span> <span class='ocrx_word' id='word_1_394' title='bbox 1713 3055 1812 3108; x_wconf 91' lang='lat' dir='ltr'><strong>pro</strong></span> <span class='ocrx_word' id='word_1_395' title='bbox 1837 3042 2118 3110; x_wconf 82' lang='lat' dir='ltr'><strong>migranti-</strong></span> 
     </span>
    </p>
   </div>
   <div class='ocr_carea' id='block_1_51' title="bbox 2203 3028 3781 3122">
    <p class='ocr_par' dir='ltr' id='par_1_51' title="bbox 2217 3041 3781 3122">
     <span class='ocr_line' id='line_1_56' title="bbox 2217 3041 3781 3122; baseline 0.008 -30"><span class='ocrx_word' id='word_1_396' title='bbox 2217 3041 2570 3108; x_wconf 88' lang='grc' dir='ltr'>ἀντεισάγων,</span> <span class='ocrx_word' id='word_1_397' title='bbox 2589 3041 2726 3093; x_wconf 82' lang='grc' dir='ltr'>ὥστε</span> <span class='ocrx_word' id='word_1_398' title='bbox 2741 3042 3088 3112; x_wconf 83' lang='grc' dir='ltr'>λυσιτελῆσαι</span> <span class='ocrx_word' id='word_1_399' title='bbox 3113 3045 3458 3114; x_wconf 68' lang='grc' dir='ltr'>ορόποντινά,</span> <span class='ocrx_word' id='word_1_400' title='bbox 3481 3050 3580 3116; x_wconf 76' lang='grc' dir='ltr'>τὴν</span> <span class='ocrx_word' id='word_1_401' title='bbox 3601 3050 3781 3122; x_wconf 76' lang='grc' dir='ltr'>ἀμαρ-</span> 
     </span>
    </p>
   </div>
   <div class='ocr_carea' id='block_1_52' title="bbox 551 3117 2129 3209">
    <p class='ocr_par' dir='ltr' id='par_1_52' title="bbox 551 3117 2116 3192">
     <span class='ocr_line' id='line_1_57' title="bbox 551 3117 2116 3192; baseline 0.013 -22"><span class='ocrx_word' id='word_1_402' title='bbox 551 3117 657 3171; x_wconf 86' lang='lat' dir='ltr'><strong>bus</strong></span> <span class='ocrx_word' id='word_1_403' title='bbox 692 3119 758 3172; x_wconf 89' lang='lat' dir='ltr'><strong>de</strong></span> <span class='ocrx_word' id='word_1_404' title='bbox 791 3119 894 3173; x_wconf 89' lang='lat' dir='ltr'><strong>hac</strong></span> <span class='ocrx_word' id='word_1_405' title='bbox 921 3122 1030 3174; x_wconf 84' lang='lat' dir='ltr'><strong>vita</strong></span> <span class='ocrx_word' id='word_1_406' title='bbox 1057 3125 1408 3180; x_wconf 67' lang='lat' dir='ltr'><strong>substituet-et</strong></span> <span class='ocrx_word' id='word_1_407' title='bbox 1459 3129 1615 3192; x_wconf 86' lang='lat' dir='ltr'><strong>alios,</strong></span> <span class='ocrx_word' id='word_1_408' title='bbox 1667 3141 1722 3184; x_wconf 91' lang='lat' dir='ltr'><strong>et</strong></span> <span class='ocrx_word' id='word_1_409' title='bbox 1745 3133 1847 3186; x_wconf 90' lang='lat' dir='ltr'><strong>hac</strong></span> <span class='ocrx_word' id='word_1_410' title='bbox 1905 3137 2116 3192; x_wconf 87' lang='lat' dir='ltr'><strong>ratione</strong></span> 
     </span>
    </p>
   </div>
   <div class='ocr_carea' id='block_1_53' title="bbox 2201 3117 3779 3209">
    <p class='ocr_par' dir='ltr' id='par_1_53' title="bbox 2215 3131 3779 3209">
     <span class='ocr_line' id='line_1_58' title="bbox 2215 3131 3779 3209; baseline 0.007 -26"><span class='ocrx_word' id='word_1_411' title='bbox 2215 3133 2334 3184; x_wconf 78' lang='grc' dir='ltr'>τίαν</span> <span class='ocrx_word' id='word_1_412' title='bbox 2361 3132 2774 3186; x_wconf 80' lang='grc' dir='ltr'>ἐπεισελθοῦσαν</span> <span class='ocrx_word' id='word_1_413' title='bbox 2805 3136 2870 3202; x_wconf 82' lang='grc' dir='ltr'>τῇ</span> <span class='ocrx_word' id='word_1_414' title='bbox 2909 3131 3021 3203; x_wconf 82' lang='grc' dir='ltr'><strong>ζωῇ</strong></span> <span class='ocrx_word' id='word_1_415' title='bbox 3051 3135 3157 3188; x_wconf 83' lang='grc' dir='ltr'><strong>τῶν</strong></span> <span class='ocrx_word' id='word_1_416' title='bbox 3195 3137 3516 3207; x_wconf 85' lang='grc' dir='ltr'>ἀνθρώπων.</span> <span class='ocrx_word' id='word_1_417' title='bbox 3557 3141 3779 3209; x_wconf 74' lang='grc' dir='ltr'>Ἔμεινε</span> 
     </span>
    </p>
   </div>
   <div class='ocr_carea' id='block_1_54' title="bbox 549 3218 2127 3302">
    <p class='ocr_par' dir='ltr' id='par_1_54' title="bbox 549 3218 2114 3296">
     <span class='ocr_line' id='line_1_59' title="bbox 549 3218 2114 3296; baseline 0.013 -34"><span class='ocrx_word' id='word_1_418' title='bbox 549 3218 802 3264; x_wconf 89' lang='lat' dir='ltr'><strong>naturam</strong></span> <span class='ocrx_word' id='word_1_419' title='bbox 851 3224 1222 3270; x_wconf 81' lang='lat' dir='ltr'><strong>conservaret.</strong></span> <span class='ocrx_word' id='word_1_420' title='bbox 1257 3219 1512 3289; x_wconf 82' lang='lat' dir='ltr'><strong>Adeoque</strong></span> <span class='ocrx_word' id='word_1_421' title='bbox 1543 3232 1823 3291; x_wconf 89' lang='lat' dir='ltr'><strong>peccatum</strong></span> <span class='ocrx_word' id='word_1_422' title='bbox 1877 3229 2114 3296; x_wconf 87' lang='lat' dir='ltr'><strong>quodam</strong></span> 
     </span>
    </p>
   </div>
   <div class='ocr_carea' id='block_1_55' title="bbox 2200 3218 3778 3302">
    <p class='ocr_par' dir='ltr' id='par_1_55' title="bbox 2215 3225 3778 3302">
     <span class='ocr_line' id='line_1_60' title="bbox 2215 3225 3778 3302; baseline 0.006 -26"><span class='ocrx_word' id='word_1_423' title='bbox 2215 3225 2324 3294; x_wconf 77' lang='grc' dir='ltr'>γὰρ</span> <span class='ocrx_word' id='word_1_424' title='bbox 2354 3225 2419 3278; x_wconf 82' lang='grc' dir='ltr'><strong>ἂν</strong></span> <span class='ocrx_word' id='word_1_425' title='bbox 2457 3228 2512 3277; x_wconf 79' lang='grc' dir='ltr'>ὲν</span> <span class='ocrx_word' id='word_1_426' title='bbox 2541 3229 2605 3295; x_wconf 84' lang='grc' dir='ltr'>τῇ</span> <span class='ocrx_word' id='word_1_427' title='bbox 2638 3225 2745 3300; x_wconf 81' lang='grc' dir='ltr'>τῶν</span> <span class='ocrx_word' id='word_1_428' title='bbox 2773 3228 3210 3297; x_wconf 87' lang='grc' dir='ltr'>πρωτοπλάστων</span> <span class='ocrx_word' id='word_1_429' title='bbox 3237 3230 3386 3283; x_wconf 80' lang='grc' dir='ltr'>δυάδι</span> <span class='ocrx_word' id='word_1_430' title='bbox 3419 3231 3778 3302; x_wconf 72' lang='grc' dir='ltr'>τὸζάνθρώπι-</span> 
     </span>
    </p>
   </div>
   <div class='ocr_carea' id='block_1_56' title="bbox 550 3303 2128 3392">
    <p class='ocr_par' dir='ltr' id='par_1_56' title="bbox 550 3303 2111 3386">
     <span class='ocr_line' id='line_1_61' title="bbox 550 3303 2111 3386; baseline 0.011 -33"><span class='ocrx_word' id='word_1_431' title='bbox 550 3303 712 3357; x_wconf 89' lang='lat' dir='ltr'><strong>modo</strong></span> <span class='ocrx_word' id='word_1_432' title='bbox 753 3303 1034 3358; x_wconf 83' lang='lat' dir='ltr'><strong>hominum</strong></span> <span class='ocrx_word' id='word_1_433' title='bbox 1063 3308 1181 3360; x_wconf 58' lang='lat' dir='ltr'><strong>vitae</strong></span> <span class='ocrx_word' id='word_1_434' title='bbox 1207 3309 1368 3362; x_wconf 88' lang='lat' dir='ltr'><strong>etiam</strong></span> <span class='ocrx_word' id='word_1_435' title='bbox 1404 3311 1544 3364; x_wconf 88' lang='lat' dir='ltr'><strong>bono</strong></span> <span class='ocrx_word' id='word_1_436' title='bbox 1583 3328 1705 3367; x_wconf 91' lang='lat' dir='ltr'><strong>esse</strong></span> <span class='ocrx_word' id='word_1_437' title='bbox 1733 3315 1902 3368; x_wconf 87' lang='lat' dir='ltr'><strong>videri</strong></span> <span class='ocrx_word' id='word_1_438' title='bbox 1933 3333 2111 3386; x_wconf 88' lang='lat' dir='ltr'><strong>posse.</strong></span> 
     </span>
    </p>
   </div>
   <div class='ocr_carea' id='block_1_57' title="bbox 2203 3303 3781 3392">
    <p class='ocr_par' dir='ltr' id='par_1_57' title="bbox 2215 3316 3781 3392">
     <span class='ocr_line' id='line_1_62' title="bbox 2215 3316 3781 3392; baseline 0.005 -24"><span class='ocrx_word' id='word_1_439' title='bbox 2215 3333 2304 3368; x_wconf 89' lang='grc' dir='ltr'><strong>νον</strong></span> <span class='ocrx_word' id='word_1_440' title='bbox 2328 3316 2502 3383; x_wconf 88' lang='grc' dir='ltr'>γένος,</span> <span class='ocrx_word' id='word_1_441' title='bbox 2538 3317 2610 3387; x_wconf 82' lang='grc' dir='ltr'>μὴ</span> <span class='ocrx_word' id='word_1_442' title='bbox 2635 3317 2728 3369; x_wconf 87' lang='grc' dir='ltr'><strong>τοῦ</strong></span> <span class='ocrx_word' id='word_1_443' title='bbox 2759 3319 2898 3372; x_wconf 72' lang='grc' dir='ltr'>κατὰ</span> <span class='ocrx_word' id='word_1_444' title='bbox 2919 3319 3009 3372; x_wconf 79' lang='grc' dir='ltr'><strong>τὸν</strong></span> <span class='ocrx_word' id='word_1_445' title='bbox 3039 3319 3265 3373; x_wconf 88' lang='grc' dir='ltr'>θάνατον</span> <span class='ocrx_word' id='word_1_446' title='bbox 3301 3321 3464 3388; x_wconf 76' lang='grc' dir='ltr'>φόϐου</span> <span class='ocrx_word' id='word_1_447' title='bbox 3500 3321 3640 3392; x_wconf 83' lang='grc' dir='ltr'>πρὸς</span> <span class='ocrx_word' id='word_1_448' title='bbox 3667 3323 3781 3376; x_wconf 83' lang='grc' dir='ltr'>δια-</span> 
     </span>
    </p>
   </div>
   <div class='ocr_carea' id='block_1_58' title="bbox 549 3391 2127 3481">
    <p class='ocr_par' dir='ltr' id='par_1_58' title="bbox 549 3391 2112 3470">
     <span class='ocr_line' id='line_1_63' title="bbox 549 3391 2112 3470; baseline 0.01 -24"><span class='ocrx_word' id='word_1_449' title='bbox 549 3391 684 3446; x_wconf 84' lang='lat' dir='ltr'><strong>Nam</strong></span> <span class='ocrx_word' id='word_1_450' title='bbox 721 3409 894 3464; x_wconf 80' lang='lat' dir='ltr'><strong>genus</strong></span> <span class='ocrx_word' id='word_1_451' title='bbox 935 3397 1232 3452; x_wconf 87' lang='lat' dir='ltr'><strong>humanum</strong></span> <span class='ocrx_word' id='word_1_452' title='bbox 1297 3415 1462 3468; x_wconf 89' lang='lat' dir='ltr'><strong>supra</strong></span> <span class='ocrx_word' id='word_1_453' title='bbox 1521 3402 1751 3456; x_wconf 88' lang='lat' dir='ltr'><strong>duorum</strong></span> <span class='ocrx_word' id='word_1_454' title='bbox 1805 3421 2112 3470; x_wconf 88' lang='lat' dir='ltr'><strong>numerum,</strong></span> 
     </span>
    </p>
   </div>
   <div class='ocr_carea' id='block_1_59' title="bbox 2201 3391 3779 3481">
    <p class='ocr_par' dir='ltr' id='par_1_59' title="bbox 2201 3405 3779 3481">
     <span class='ocr_line' id='line_1_64' title="bbox 2201 3405 3779 3481; baseline 0.007 -24"><span class='ocrx_word' id='word_1_455' title='bbox 2201 3405 2374 3475; x_wconf 73' lang='grc' dir='ltr'>’δοχὴν</span> <span class='ocrx_word' id='word_1_456' title='bbox 2425 3407 2520 3476; x_wconf 85' lang='grc' dir='ltr'><strong>τὴν</strong></span> <span class='ocrx_word' id='word_1_457' title='bbox 2560 3409 2720 3476; x_wconf 84' lang='grc' dir='ltr'>φύσιν</span> <span class='ocrx_word' id='word_1_458' title='bbox 2778 3411 3223 3481; x_wconf 82' lang='grc' dir='ltr'>άνακινήσαντος.</span> <span class='ocrx_word' id='word_1_459' title='bbox 3283 3413 3419 3465; x_wconf 83' lang='grc' dir='ltr'>Ἀλλ’</span> <span class='ocrx_word' id='word_1_460' title='bbox 3455 3416 3513 3466; x_wconf 84' lang='grc' dir='ltr'><strong>ὲν</strong></span> <span class='ocrx_word' id='word_1_461' title='bbox 3563 3415 3779 3479; x_wconf 77' lang='grc' dir='ltr'><strong>τούτοις</strong></span> 
     </span>
    </p>
   </div>
   <div class='ocr_carea' id='block_1_60' title="bbox 549 3487 2127 3576">
    <p class='ocr_par' dir='ltr' id='par_1_60' title="bbox 549 3487 2116 3556">
     <span class='ocr_line' id='line_1_65' title="bbox 549 3487 2116 3556; baseline 0.009 -18"><span class='ocrx_word' id='word_1_462' title='bbox 549 3487 644 3554; x_wconf 92' lang='lat' dir='ltr'><strong>qui</strong></span> <span class='ocrx_word' id='word_1_463' title='bbox 679 3487 840 3554; x_wconf 90' lang='lat' dir='ltr'><strong>primi</strong></span> <span class='ocrx_word' id='word_1_464' title='bbox 869 3492 1152 3556; x_wconf 83' lang='lat' dir='ltr'><strong>exstitere,</strong></span> <span class='ocrx_word' id='word_1_465' title='bbox 1179 3499 1400 3544; x_wconf 79' lang='lat' dir='ltr'><strong>auctum</strong></span> <span class='ocrx_word' id='word_1_466' title='bbox 1427 3507 1536 3547; x_wconf 94' lang='lat' dir='ltr'><strong>non</strong></span> <span class='ocrx_word' id='word_1_467' title='bbox 1569 3495 1797 3549; x_wconf 77' lang='lat' dir='ltr'><strong>fuisset:</strong></span> <span class='ocrx_word' id='word_1_468' title='bbox 1837 3498 1941 3552; x_wconf 88' lang='lat' dir='ltr'><strong>nisi</strong></span> <span class='ocrx_word' id='word_1_469' title='bbox 1973 3515 2116 3552; x_wconf 81' lang='lat' dir='ltr'><strong>rnor-</strong></span> 
     </span>
    </p>
   </div>
   <div class='ocr_carea' id='block_1_61' title="bbox 2199 3487 3777 3576">
    <p class='ocr_par' dir='ltr' id='par_1_61' title="bbox 2215 3497 3777 3576">
     <span class='ocr_line' id='line_1_66' title="bbox 2215 3497 3777 3576; baseline 0.009 -30"><span class='ocrx_word' id='word_1_470' title='bbox 2215 3497 2374 3552; x_wconf 87' lang='grc' dir='ltr'>πάλιν</span> <span class='ocrx_word' id='word_1_471' title='bbox 2401 3499 2429 3548; x_wconf 90' lang='grc' dir='ltr'><strong>ὁ</strong></span> <span class='ocrx_word' id='word_1_472' title='bbox 2464 3497 2568 3568; x_wconf 80' lang='grc' dir='ltr'>μὴν</span> <span class='ocrx_word' id='word_1_473' title='bbox 2604 3499 2806 3570; x_wconf 81' lang='grc' dir='ltr'>ἀληθὴς</span> <span class='ocrx_word' id='word_1_474' title='bbox 2838 3499 3011 3568; x_wconf 86' lang='grc' dir='ltr'>λόγος,</span> <span class='ocrx_word' id='word_1_475' title='bbox 3043 3504 3190 3564; x_wconf 85' lang='grc' dir='ltr'>ὅστις</span> <span class='ocrx_word' id='word_1_476' title='bbox 3219 3505 3346 3556; x_wconf 86' lang='grc' dir='ltr'>ποτὲ</span> <span class='ocrx_word' id='word_1_477' title='bbox 3374 3504 3449 3556; x_wconf 81' lang='grc' dir='ltr'>ὣν</span> <span class='ocrx_word' id='word_1_478' title='bbox 3483 3507 3744 3576; x_wconf 79' lang='grc' dir='ltr'>τυγχάνει</span> <span class='ocrx_word' id='word_1_479' title='bbox 3763 3549 3777 3572; x_wconf 91' lang='grc'><strong>,</strong></span> 
     </span>
    </p>
   </div>
   <div class='ocr_carea' id='block_1_62' title="bbox 551 3579 2129 3670">
    <p class='ocr_par' dir='ltr' id='par_1_62' title="bbox 551 3579 2114 3658">
     <span class='ocr_line' id='line_1_67' title="bbox 551 3579 2114 3658; baseline 0.009 -28"><span class='ocrx_word' id='word_1_480' title='bbox 551 3579 623 3634; x_wconf 91' lang='lat' dir='ltr'><strong>tis</strong></span> <span class='ocrx_word' id='word_1_481' title='bbox 678 3586 858 3634; x_wconf 87' lang='lat' dir='ltr'><strong>metus</strong></span> <span class='ocrx_word' id='word_1_482' title='bbox 913 3590 1186 3644; x_wconf 88' lang='lat' dir='ltr'><strong>naturam,</strong></span> <span class='ocrx_word' id='word_1_483' title='bbox 1254 3591 1312 3635; x_wconf 92' lang='lat' dir='ltr'><strong>ut</strong></span> <span class='ocrx_word' id='word_1_484' title='bbox 1349 3584 1418 3638; x_wconf 92' lang='lat' dir='ltr'><strong>de</strong></span> <span class='ocrx_word' id='word_1_485' title='bbox 1471 3587 1820 3641; x_wconf 82' lang='lat' dir='ltr'><strong>successione</strong></span> <span class='ocrx_word' id='word_1_486' title='bbox 1857 3599 2114 3658; x_wconf 85' lang='lat' dir='ltr'><strong>perpetua</strong></span> 
     </span>
    </p>
   </div>
   <div class='ocr_carea' id='block_1_63' title="bbox 2203 3579 3781 3670">
    <p class='ocr_par' dir='ltr' id='par_1_63' title="bbox 2219 3589 3781 3670">
     <span class='ocr_line' id='line_1_68' title="bbox 2219 3589 3781 3670; baseline 0.008 -30"><span class='ocrx_word' id='word_1_487' title='bbox 2219 3589 2397 3658; x_wconf 84' lang='grc' dir='ltr'>μόνοις</span> <span class='ocrx_word' id='word_1_488' title='bbox 2426 3589 2492 3642; x_wconf 83' lang='grc' dir='ltr'><strong>ἂν</strong></span> <span class='ocrx_word' id='word_1_489' title='bbox 2517 3590 2602 3660; x_wconf 76' lang='grc' dir='ltr'><strong>εἴη</strong></span> <span class='ocrx_word' id='word_1_490' title='bbox 2629 3592 2784 3661; x_wconf 85' lang='grc' dir='ltr'>δῆλος</span> <span class='ocrx_word' id='word_1_491' title='bbox 2811 3595 2921 3654; x_wconf 85' lang='grc' dir='ltr'>τοῖς</span> <span class='ocrx_word' id='word_1_492' title='bbox 2949 3594 3089 3646; x_wconf 70' lang='grc' dir='ltr'>κατὰ</span> <span class='ocrx_word' id='word_1_493' title='bbox 3115 3595 3321 3648; x_wconf 82' lang='grc' dir='ltr'>Παῦλον</span> <span class='ocrx_word' id='word_1_494' title='bbox 3353 3597 3424 3649; x_wconf 88' lang='grc' dir='ltr'><strong>τά</strong></span> <span class='ocrx_word' id='word_1_495' title='bbox 3457 3598 3550 3650; x_wconf 89' lang='grc' dir='ltr'><strong>τοῦ</strong></span> <span class='ocrx_word' id='word_1_496' title='bbox 3601 3617 3781 3670; x_wconf 84' lang='grc' dir='ltr'>παρα-</span> 
     </span>
    </p>
   </div>
   <div class='ocr_carea' id='block_1_64' title="bbox 549 3673 2127 3754">
    <p class='ocr_par' dir='ltr' id='par_1_64' title="bbox 549 3673 2112 3744">
     <span class='ocr_line' id='line_1_69' title="bbox 549 3673 2112 3744; baseline 0.006 -19"><span class='ocrx_word' id='word_1_497' title='bbox 549 3673 848 3741; x_wconf 80' lang='lat' dir='ltr'><strong>cogitaret,</strong></span> <span class='ocrx_word' id='word_1_498' title='bbox 907 3675 1287 3742; x_wconf 85' lang='lat' dir='ltr'><strong>permovisset.</strong></span> <span class='ocrx_word' id='word_1_499' title='bbox 1347 3674 1610 3744; x_wconf 86' lang='lat' dir='ltr'><strong>Equidem</strong></span> <span class='ocrx_word' id='word_1_500' title='bbox 1671 3678 1772 3733; x_wconf 87' lang='lat' dir='ltr'><strong>hac</strong></span> <span class='ocrx_word' id='word_1_501' title='bbox 1843 3681 2003 3734; x_wconf 83' lang='lat' dir='ltr'><strong>etiam</strong></span> <span class='ocrx_word' id='word_1_502' title='bbox 2058 3681 2112 3736; x_wconf 92' lang='lat' dir='ltr'><strong>in</strong></span> 
     </span>
    </p>
   </div>
   <div class='ocr_carea' id='block_1_65' title="bbox 2205 3673 3783 3754">
    <p class='ocr_par' dir='ltr' id='par_1_65' title="bbox 2213 3678 3783 3754">
     <span class='ocr_line' id='line_1_70' title="bbox 2213 3678 3783 3754; baseline 0.006 -24"><span class='ocrx_word' id='word_1_503' title='bbox 2213 3678 2386 3731; x_wconf 86' lang='grc' dir='ltr'>δείσου</span> <span class='ocrx_word' id='word_1_504' title='bbox 2417 3679 2700 3748; x_wconf 83' lang='grc' dir='ltr'>μυηθεῖσιν</span> <span class='ocrx_word' id='word_1_505' title='bbox 2725 3681 3031 3752; x_wconf 69' lang='grc' dir='ltr'>ἀπόρρητα.</span> <span class='ocrx_word' id='word_1_506' title='bbox 3081 3685 3138 3735; x_wconf 85' lang='grc'><strong>’0</strong></span> <span class='ocrx_word' id='word_1_507' title='bbox 3167 3684 3222 3736; x_wconf 82' lang='grc' dir='ltr'>δὲ</span> <span class='ocrx_word' id='word_1_508' title='bbox 3253 3685 3516 3754; x_wconf 81' lang='grc' dir='ltr'>ἡμέτερος</span> <span class='ocrx_word' id='word_1_509' title='bbox 3541 3687 3783 3749; x_wconf 64' lang='grc' dir='ltr'>τοιοῦτός</span> 
     </span>
    </p>
   </div>
   <div class='ocr_carea' id='block_1_66' title="bbox 551 3767 2129 3847">
    <p class='ocr_par' dir='ltr' id='par_1_66' title="bbox 551 3767 2113 3838">
     <span class='ocr_line' id='line_1_71' title="bbox 551 3767 2113 3838; baseline 0.006 -19"><span class='ocrx_word' id='word_1_510' title='bbox 551 3775 704 3836; x_wconf 88' lang='lat' dir='ltr'><strong>parte</strong></span> <span class='ocrx_word' id='word_1_511' title='bbox 734 3775 922 3821; x_wconf 87' lang='lat' dir='ltr'><strong>statuo</strong></span> <span class='ocrx_word' id='word_1_512' title='bbox 955 3767 1260 3832; x_wconf 82' lang='lat' dir='ltr'><strong>veritatem,</strong></span> <span class='ocrx_word' id='word_1_513' title='bbox 1292 3783 1629 3838; x_wconf 82' lang='lat' dir='ltr'><strong>quaecunque</strong></span> <span class='ocrx_word' id='word_1_514' title='bbox 1663 3771 1882 3826; x_wconf 89' lang='lat' dir='ltr'><strong>tandem</strong></span> <span class='ocrx_word' id='word_1_515' title='bbox 1915 3773 2006 3838; x_wconf 89' lang='lat' dir='ltr'><strong>sit,</strong></span> <span class='ocrx_word' id='word_1_516' title='bbox 2047 3775 2113 3828; x_wconf 89' lang='lat' dir='ltr'><strong>iis</strong></span> 
     </span>
    </p>
   </div>
   <div class='ocr_carea' id='block_1_67' title="bbox 2205 3767 3783 3847">
    <p class='ocr_par' dir='ltr' id='par_1_67' title="bbox 2205 3771 3783 3847">
     <span class='ocr_line' id='line_1_72' title="bbox 2205 3771 3783 3847; baseline 0.006 -25"><span class='ocrx_word' id='word_1_517' title='bbox 2205 3771 2384 3839; x_wconf 52' lang='grc' dir='ltr'>ἐστιν·</span> <span class='ocrx_word' id='word_1_518' title='bbox 2415 3771 2823 3839; x_wconf 85' lang='grc' dir='ltr'>Ἀντιλεγόντων</span> <span class='ocrx_word' id='word_1_519' title='bbox 2851 3775 2978 3826; x_wconf 83' lang='grc' dir='ltr'>ποτὲ</span> <span class='ocrx_word' id='word_1_520' title='bbox 2997 3774 3105 3828; x_wconf 86' lang='grc' dir='ltr'><strong>τῶν</strong></span> <span class='ocrx_word' id='word_1_521' title='bbox 3135 3775 3506 3830; x_wconf 80' lang='grc' dir='ltr'>Σαδδουκαίων</span> <span class='ocrx_word' id='word_1_522' title='bbox 3533 3777 3613 3847; x_wconf 82' lang='grc' dir='ltr'>τῷ</span> <span class='ocrx_word' id='word_1_523' title='bbox 3639 3779 3783 3831; x_wconf 70' lang='grc' dir='ltr'>κατὰ</span> 
     </span>
    </p>
   </div>
   <div class='ocr_carea' id='block_1_68' title="bbox 549 3857 2127 3942">
    <p class='ocr_par' dir='ltr' id='par_1_68' title="bbox 549 3857 2114 3929">
     <span class='ocr_line' id='line_1_73' title="bbox 549 3857 2114 3929; baseline 0.004 -19"><span class='ocrx_word' id='word_1_524' title='bbox 549 3857 682 3910; x_wconf 89' lang='lat' dir='ltr'><strong>solis</strong></span> <span class='ocrx_word' id='word_1_525' title='bbox 727 3864 912 3910; x_wconf 87' lang='lat' dir='ltr'><strong>notam</strong></span> <span class='ocrx_word' id='word_1_526' title='bbox 970 3865 1022 3911; x_wconf 88' lang='lat' dir='ltr'><strong>et</strong></span> <span class='ocrx_word' id='word_1_527' title='bbox 1071 3867 1409 3927; x_wconf 86' lang='lat' dir='ltr'><strong>perspectam</strong></span> <span class='ocrx_word' id='word_1_528' title='bbox 1453 3873 1607 3923; x_wconf 89' lang='lat' dir='ltr'><strong>esse,</strong></span> <span class='ocrx_word' id='word_1_529' title='bbox 1649 3861 1743 3929; x_wconf 91' lang='lat' dir='ltr'><strong>qui</strong></span> <span class='ocrx_word' id='word_1_530' title='bbox 1802 3877 1910 3916; x_wconf 88' lang='lat' dir='ltr'><strong>non</strong></span> <span class='ocrx_word' id='word_1_531' title='bbox 1957 3863 2114 3919; x_wconf 88' lang='lat' dir='ltr'><strong>aliter</strong></span> 
     </span>
    </p>
   </div>
   <div class='ocr_carea' id='block_1_69' title="bbox 2205 3857 3783 3942">
    <p class='ocr_par' dir='ltr' id='par_1_69' title="bbox 2205 3857 3783 3942">
     <span class='ocr_line' id='line_1_74' title="bbox 2205 3857 3783 3942; baseline 0.007 -30"><span class='ocrx_word' id='word_1_532' title='bbox 2205 3857 2311 3931; x_wconf 81' lang='grc' dir='ltr'>’τὴν</span> <span class='ocrx_word' id='word_1_533' title='bbox 2357 3861 2649 3916; x_wconf 79' lang='grc' dir='ltr'>ἀνάστασιν</span> <span class='ocrx_word' id='word_1_534' title='bbox 2703 3865 2877 3935; x_wconf 77' lang='grc' dir='ltr'>λόγῳ,</span> <span class='ocrx_word' id='word_1_535' title='bbox 2925 3867 3018 3918; x_wconf 74' lang='grc' dir='ltr'><strong>καὶ</strong></span> <span class='ocrx_word' id='word_1_536' title='bbox 3064 3866 3159 3936; x_wconf 80' lang='grc' dir='ltr'>τὴν</span> <span class='ocrx_word' id='word_1_537' title='bbox 3209 3867 3522 3938; x_wconf 89' lang='grc' dir='ltr'>πολύγαμον</span> <span class='ocrx_word' id='word_1_538' title='bbox 3561 3870 3783 3942; x_wconf 73' lang='grc' dir='ltr'>ἐκείνην</span> 
     </span>
    </p>
   </div>
   <div class='ocr_carea' id='block_1_70' title="bbox 547 3947 2125 4027">
    <p class='ocr_par' dir='ltr' id='par_1_70' title="bbox 547 3947 2113 4024">
     <span class='ocr_line' id='line_1_75' title="bbox 547 3947 2113 4024; baseline 0.006 -25"><span class='ocrx_word' id='word_1_539' title='bbox 547 3955 710 4015; x_wconf 87' lang='lat' dir='ltr'><strong>atque</strong></span> <span class='ocrx_word' id='word_1_540' title='bbox 743 3947 946 4001; x_wconf 89' lang='lat' dir='ltr'><strong>Paulus</strong></span> <span class='ocrx_word' id='word_1_541' title='bbox 978 3949 1216 4016; x_wconf 87' lang='lat' dir='ltr'><strong>paradisi</strong></span> <span class='ocrx_word' id='word_1_542' title='bbox 1249 3949 1524 4018; x_wconf 87' lang='lat' dir='ltr'><strong>mysteriis</strong></span> <span class='ocrx_word' id='word_1_543' title='bbox 1555 3951 1748 4005; x_wconf 89' lang='lat' dir='ltr'><strong>initiati</strong></span> <span class='ocrx_word' id='word_1_544' title='bbox 1796 3961 1942 4018; x_wconf 89' lang='lat' dir='ltr'><strong>sunt,</strong></span> <span class='ocrx_word' id='word_1_545' title='bbox 1991 3971 2113 4024; x_wconf 68' lang='lat' dir='ltr'><strong>quae</strong></span> 
     </span>
    </p>
   </div>
   <div class='ocr_carea' id='block_1_71' title="bbox 2191 3947 3769 4027">
    <p class='ocr_par' dir='ltr' id='par_1_71' title="bbox 2212 3955 3769 4027">
     <span class='ocr_line' id='line_1_76' title="bbox 2212 3955 3769 4027; baseline 0.006 -22"><span class='ocrx_word' id='word_1_546' title='bbox 2212 3955 2459 4016; x_wconf 82' lang='grc' dir='ltr'>γυναῖκα,</span> <span class='ocrx_word' id='word_1_547' title='bbox 2487 3955 2584 4024; x_wconf 84' lang='grc' dir='ltr'>τὴν</span> <span class='ocrx_word' id='word_1_548' title='bbox 2611 3958 2721 4018; x_wconf 88' lang='grc' dir='ltr'>τοῖς</span> <span class='ocrx_word' id='word_1_549' title='bbox 2755 3955 2892 4008; x_wconf 80' lang='grc' dir='ltr'><strong>ἐπτά</strong></span> <span class='ocrx_word' id='word_1_550' title='bbox 2927 3958 3225 4027; x_wconf 80' lang='grc' dir='ltr'>γενομένην</span> <span class='ocrx_word' id='word_1_551' title='bbox 3255 3957 3524 4027; x_wconf 81' lang='grc' dir='ltr'>ἀδελφοῖς,</span> <span class='ocrx_word' id='word_1_552' title='bbox 3567 3964 3650 4025; x_wconf 85' lang='grc' dir='ltr'><strong>είς</strong></span> <span class='ocrx_word' id='word_1_553' title='bbox 3682 3961 3769 4015; x_wconf 82' lang='grc' dir='ltr'>σύ-</span> 
     </span>
    </p>
   </div>
   <div class='ocr_carea' id='block_1_72' title="bbox 547 4037 2125 4122">
    <p class='ocr_par' dir='ltr' id='par_1_72' title="bbox 547 4037 2112 4110">
     <span class='ocr_line' id='line_1_77' title="bbox 547 4037 2112 4110; baseline 0.006 -19"><span class='ocrx_word' id='word_1_554' title='bbox 547 4039 856 4092; x_wconf 84' lang='lat' dir='ltr'><strong>enarrando</strong></span> <span class='ocrx_word' id='word_1_555' title='bbox 895 4037 978 4093; x_wconf 79' lang='lat' dir='ltr'><strong>fas</strong></span> <span class='ocrx_word' id='word_1_556' title='bbox 1013 4053 1120 4094; x_wconf 91' lang='lat' dir='ltr'><strong>non</strong></span> <span class='ocrx_word' id='word_1_557' title='bbox 1152 4048 1235 4094; x_wconf 89' lang='lat' dir='ltr'><strong>est</strong></span> <span class='ocrx_word' id='word_1_558' title='bbox 1261 4041 1586 4110; x_wconf 78' lang='lat' dir='ltr'><strong>exprimere.</strong></span> <span class='ocrx_word' id='word_1_559' title='bbox 1607 4043 1804 4098; x_wconf 67' lang='lat' dir='ltr'><strong>Nostra</strong></span> <span class='ocrx_word' id='word_1_560' title='bbox 1834 4061 1965 4100; x_wconf 82' lang='lat' dir='ltr'><strong>sane</strong></span> <span class='ocrx_word' id='word_1_561' title='bbox 1997 4047 2112 4101; x_wconf 61' lang='lat' dir='ltr'><strong>haec</strong></span> 
     </span>
    </p>
   </div>
   <div class='ocr_carea' id='block_1_73' title="bbox 2207 4037 3785 4122">
    <p class='ocr_par' dir='ltr' id='par_1_73' title="bbox 2213 4044 3785 4122">
     <span class='ocr_line' id='line_1_78' title="bbox 2213 4044 3785 4122; baseline 0.009 -29"><span class='ocrx_word' id='word_1_562' title='bbox 2213 4059 2402 4096; x_wconf 88' lang='grc' dir='ltr'>στασιν</span> <span class='ocrx_word' id='word_1_563' title='bbox 2423 4044 2514 4096; x_wconf 87' lang='grc' dir='ltr'><strong>τοῦ</strong></span> <span class='ocrx_word' id='word_1_564' title='bbox 2545 4045 2662 4097; x_wconf 80' lang='grc' dir='ltr'>καθ’</span> <span class='ocrx_word' id='word_1_565' title='bbox 2689 4047 2914 4108; x_wconf 81' lang='grc' dir='ltr'>ἑαυτοὺς</span> <span class='ocrx_word' id='word_1_566' title='bbox 2939 4048 3204 4117; x_wconf 75' lang='grc' dir='ltr'>δόγματος</span> <span class='ocrx_word' id='word_1_567' title='bbox 3232 4051 3634 4122; x_wconf 73' lang='grc' dir='ltr'>προφερόντων,</span> <span class='ocrx_word' id='word_1_568' title='bbox 3661 4049 3785 4107; x_wconf 79' lang='grc' dir='ltr'>εἶτα</span> 
     </span>
    </p>
   </div>
   <div class='ocr_carea' id='block_1_74' title="bbox 546 4133 2124 4210">
    <p class='ocr_par' dir='ltr' id='par_1_74' title="bbox 546 4133 2112 4200">
     <span class='ocr_line' id='line_1_79' title="bbox 546 4133 2112 4200; baseline 0.006 -14"><span class='ocrx_word' id='word_1_569' title='bbox 546 4139 631 4186; x_wconf 88' lang='lat' dir='ltr'><strong>est</strong></span> <span class='ocrx_word' id='word_1_570' title='bbox 667 4134 970 4200; x_wconf 88' lang='lat' dir='ltr'><strong>responsio:</strong></span> <span class='ocrx_word' id='word_1_571' title='bbox 1005 4134 1142 4188; x_wconf 90' lang='lat' dir='ltr'><strong>Cum</strong></span> <span class='ocrx_word' id='word_1_572' title='bbox 1173 4133 1454 4188; x_wconf 69' lang='lat' dir='ltr'><strong>Sadducazi</strong></span> <span class='ocrx_word' id='word_1_573' title='bbox 1479 4136 1740 4192; x_wconf 67' lang='lat' dir='ltr'><strong>doctrina:</strong></span> <span class='ocrx_word' id='word_1_574' title='bbox 1766 4139 1834 4192; x_wconf 90' lang='lat' dir='ltr'><strong>de</strong></span> <span class='ocrx_word' id='word_1_575' title='bbox 1865 4147 2112 4196; x_wconf 82' lang='lat' dir='ltr'><strong>mortuo-</strong></span> 
     </span>
    </p>
   </div>
   <div class='ocr_carea' id='block_1_75' title="bbox 2209 4133 3787 4210">
    <p class='ocr_par' dir='ltr' id='par_1_75' title="bbox 2209 4133 3787 4210">
     <span class='ocr_line' id='line_1_80' title="bbox 2209 4133 3787 4210; baseline 0.008 -25"><span class='ocrx_word' id='word_1_576' title='bbox 2209 4133 2352 4197; x_wconf 84' lang='grc' dir='ltr'>τίνος</span> <span class='ocrx_word' id='word_1_577' title='bbox 2389 4135 2527 4206; x_wconf 85' lang='grc' dir='ltr'>μετὰ</span> <span class='ocrx_word' id='word_1_578' title='bbox 2554 4135 2650 4207; x_wconf 83' lang='grc' dir='ltr'><strong>τὴν</strong></span> <span class='ocrx_word' id='word_1_579' title='bbox 2679 4138 2972 4191; x_wconf 78' lang='grc' dir='ltr'>ἀνάστασιν</span> <span class='ocrx_word' id='word_1_580' title='bbox 2997 4139 3145 4192; x_wconf 72' lang='grc' dir='ltr'>ἔσται</span> <span class='ocrx_word' id='word_1_581' title='bbox 3179 4140 3616 4210; x_wconf 81' lang='grc' dir='ltr'>πυνθανομένων,</span> <span class='ocrx_word' id='word_1_582' title='bbox 3643 4146 3787 4197; x_wconf 82' lang='grc' dir='ltr'>ἁπο-</span> 
     </span>
    </p>
   </div>
   <div class='ocr_carea' id='block_1_76' title="bbox 547 4224 2125 4302">
    <p class='ocr_par' dir='ltr' id='par_1_76' title="bbox 547 4224 2110 4299">
     <span class='ocr_line' id='line_1_81' title="bbox 547 4224 2110 4299; baseline 0.006 -23"><span class='ocrx_word' id='word_1_583' title='bbox 547 4239 670 4276; x_wconf 90' lang='lat' dir='ltr'><strong>rum</strong></span> <span class='ocrx_word' id='word_1_584' title='bbox 707 4224 1124 4280; x_wconf 89' lang='lat' dir='ltr'><strong>resuscitatione</strong></span> <span class='ocrx_word' id='word_1_585' title='bbox 1153 4227 1594 4290; x_wconf 75' lang='lat' dir='ltr'><strong>adversarentur,</strong></span> <span class='ocrx_word' id='word_1_586' title='bbox 1641 4237 1696 4282; x_wconf 93' lang='lat' dir='ltr'><strong>et</strong></span> <span class='ocrx_word' id='word_1_587' title='bbox 1728 4240 1911 4299; x_wconf 63' lang='lat' dir='ltr'><strong>nuptae</strong></span> <span class='ocrx_word' id='word_1_588' title='bbox 1965 4232 2110 4288; x_wconf 88' lang='lat' dir='ltr'><strong>illius</strong></span> 
     </span>
    </p>
   </div>
   <div class='ocr_carea' id='block_1_77' title="bbox 2209 4224 3787 4302">
    <p class='ocr_par' dir='ltr' id='par_1_77' title="bbox 2211 4227 3787 4302">
     <span class='ocr_line' id='line_1_82' title="bbox 2211 4227 3787 4302; baseline 0.008 -25"><span class='ocrx_word' id='word_1_589' title='bbox 2211 4227 2454 4294; x_wconf 79' lang='grc' dir='ltr'>κρίνεται</span> <span class='ocrx_word' id='word_1_590' title='bbox 2508 4228 2644 4296; x_wconf 85' lang='grc' dir='ltr'>πρὸς</span> <span class='ocrx_word' id='word_1_591' title='bbox 2687 4229 2776 4281; x_wconf 84' lang='grc' dir='ltr'><strong>τὸν</strong></span> <span class='ocrx_word' id='word_1_592' title='bbox 2809 4228 2964 4298; x_wconf 88' lang='grc' dir='ltr'>λόγον</span> <span class='ocrx_word' id='word_1_593' title='bbox 3009 4231 3036 4282; x_wconf 86' lang='grc' dir='ltr'>ὁ</span> <span class='ocrx_word' id='word_1_594' title='bbox 3079 4231 3309 4302; x_wconf 84' lang='grc' dir='ltr'>Κύριος,</span> <span class='ocrx_word' id='word_1_595' title='bbox 3341 4233 3400 4284; x_wconf 81' lang='grc' dir='ltr'><strong>ού</strong></span> <span class='ocrx_word' id='word_1_596' title='bbox 3438 4234 3598 4302; x_wconf 79' lang='grc' dir='ltr'>μόνον</span> <span class='ocrx_word' id='word_1_597' title='bbox 3651 4239 3787 4300; x_wconf 80' lang='grc' dir='ltr'>τοὺς</span> 
     </span>
    </p>
   </div>
   <div class='ocr_carea' id='block_1_78' title="bbox 547 4303 2125 4397">
    <p class='ocr_par' dir='ltr' id='par_1_78' title="bbox 547 4313 2125 4385">
     <span class='ocr_line' id='line_1_83' title="bbox 547 4313 2125 4385; baseline 0.006 -17"><span class='ocrx_word' id='word_1_598' title='bbox 547 4330 672 4368; x_wconf 91' lang='lat' dir='ltr'><strong>cum</strong></span> <span class='ocrx_word' id='word_1_599' title='bbox 736 4313 947 4378; x_wconf 89' lang='lat' dir='ltr'><strong>multis,</strong></span> <span class='ocrx_word' id='word_1_600' title='bbox 1002 4313 1248 4384; x_wconf 85' lang='lat' dir='ltr'><strong>adeoque</strong></span> <span class='ocrx_word' id='word_1_601' title='bbox 1313 4326 1516 4385; x_wconf 91' lang='lat' dir='ltr'><strong>septem</strong></span> <span class='ocrx_word' id='word_1_602' title='bbox 1569 4317 1827 4374; x_wconf 82' lang='lat' dir='ltr'><strong>fratribus</strong></span> <span class='ocrx_word' id='word_1_603' title='bbox 1869 4322 2125 4377; x_wconf 85' lang='lat' dir='ltr'><strong>mulieris-</strong></span> 
     </span>
    </p>
   </div>
   <div class='ocr_carea' id='block_1_79' title="bbox 2209 4303 3787 4397">
    <p class='ocr_par' dir='ltr' id='par_1_79' title="bbox 2211 4317 3787 4397">
     <span class='ocr_line' id='line_1_84' title="bbox 2211 4317 3787 4397; baseline 0.008 -29"><span class='ocrx_word' id='word_1_604' title='bbox 2211 4317 2598 4382; x_wconf 81' lang='grc' dir='ltr'>Σαδδουκαίους</span> <span class='ocrx_word' id='word_1_605' title='bbox 2638 4320 2922 4385; x_wconf 81' lang='grc' dir='ltr'>παιδεύων,</span> <span class='ocrx_word' id='word_1_606' title='bbox 2975 4321 3110 4375; x_wconf 84' lang='grc' dir='ltr'><strong>ἀλλά</strong></span> <span class='ocrx_word' id='word_1_607' title='bbox 3151 4323 3244 4376; x_wconf 78' lang='grc' dir='ltr'><strong>καὶ</strong></span> <span class='ocrx_word' id='word_1_608' title='bbox 3291 4325 3426 4376; x_wconf 76' lang='grc' dir='ltr'>πᾶσι</span> <span class='ocrx_word' id='word_1_609' title='bbox 3473 4327 3587 4389; x_wconf 85' lang='grc' dir='ltr'>τοῖς</span> <span class='ocrx_word' id='word_1_610' title='bbox 3639 4328 3787 4397; x_wconf 78' lang='grc' dir='ltr'>μετὰ</span> 
     </span>
    </p>
   </div>
   <div class='ocr_carea' id='block_1_80' title="bbox 547 4405 2125 4490">
    <p class='ocr_par' dir='ltr' id='par_1_80' title="bbox 547 4405 2110 4478">
     <span class='ocr_line' id='line_1_85' title="bbox 547 4405 2110 4478; baseline 0.006 -20"><span class='ocrx_word' id='word_1_611' title='bbox 547 4405 878 4458; x_wconf 86' lang='lat' dir='ltr'><strong>mentionem</strong></span> <span class='ocrx_word' id='word_1_612' title='bbox 906 4405 978 4458; x_wconf 85' lang='lat' dir='ltr'><strong>ad</strong></span> <span class='ocrx_word' id='word_1_613' title='bbox 1011 4406 1412 4460; x_wconf 87' lang='lat' dir='ltr'><strong>conciliandam</strong></span> <span class='ocrx_word' id='word_1_614' title='bbox 1473 4406 1630 4461; x_wconf 75' lang='lat' dir='ltr'><strong>(idem</strong></span> <span class='ocrx_word' id='word_1_615' title='bbox 1664 4409 1964 4478; x_wconf 66' lang='lat' dir='ltr'><strong>disciplina:</strong></span> <span class='ocrx_word' id='word_1_616' title='bbox 1997 4427 2110 4466; x_wconf 67' lang='lat' dir='ltr'><strong>sua:</strong></span> 
     </span>
    </p>
   </div>
   <div class='ocr_carea' id='block_1_81' title="bbox 2213 4405 3791 4490">
    <p class='ocr_par' dir='ltr' id='par_1_81' title="bbox 2213 4407 3791 4490">
     <span class='ocr_line' id='line_1_86' title="bbox 2213 4407 3791 4490; baseline 0.008 -31"><span class='ocrx_word' id='word_1_617' title='bbox 2213 4407 2379 4460; x_wconf 77' lang='grc' dir='ltr'>ταῦτα</span> <span class='ocrx_word' id='word_1_618' title='bbox 2407 4410 2506 4478; x_wconf 78' lang='grc' dir='ltr'>τῆς</span> <span class='ocrx_word' id='word_1_619' title='bbox 2533 4411 2590 4462; x_wconf 83' lang='grc' dir='ltr'><strong>ἐν</strong></span> <span class='ocrx_word' id='word_1_620' title='bbox 2618 4414 2684 4482; x_wconf 83' lang='grc' dir='ltr'>τῇ</span> <span class='ocrx_word' id='word_1_621' title='bbox 2715 4413 3003 4466; x_wconf 82' lang='grc' dir='ltr'>ἀναστάσει</span> <span class='ocrx_word' id='word_1_622' title='bbox 3031 4414 3174 4483; x_wconf 75' lang='grc' dir='ltr'>ζωῆς</span> <span class='ocrx_word' id='word_1_623' title='bbox 3203 4416 3450 4486; x_wconf 82' lang='grc' dir='ltr'>φανερῶν</span> <span class='ocrx_word' id='word_1_624' title='bbox 3481 4417 3540 4470; x_wconf 82' lang='grc' dir='ltr'>τὸ</span> <span class='ocrx_word' id='word_1_625' title='bbox 3573 4422 3791 4490; x_wconf 81' lang='grc' dir='ltr'>μυστή-</span> 
     </span>
    </p>
   </div>
   <div class='ocr_carea' id='block_1_82' title="bbox 547 4497 2125 4576">
    <p class='ocr_par' dir='ltr' id='par_1_82' title="bbox 547 4497 2110 4565">
     <span class='ocr_line' id='line_1_87' title="bbox 547 4497 2110 4565; baseline 0.004 -17"><span class='ocrx_word' id='word_1_626' title='bbox 547 4497 810 4560; x_wconf 84' lang='lat' dir='ltr'><strong>i&#39;acerent,</strong></span> <span class='ocrx_word' id='word_1_627' title='bbox 839 4503 894 4549; x_wconf 88' lang='lat' dir='ltr'><strong>et</strong></span> <span class='ocrx_word' id='word_1_628' title='bbox 921 4497 1108 4565; x_wconf 86' lang='lat' dir='ltr'><strong>ecquis</strong></span> <span class='ocrx_word' id='word_1_629' title='bbox 1139 4497 1330 4549; x_wconf 88' lang='lat' dir='ltr'><strong>horum</strong></span> <span class='ocrx_word' id='word_1_630' title='bbox 1358 4512 1478 4551; x_wconf 89' lang='lat' dir='ltr'><strong>eam</strong></span> <span class='ocrx_word' id='word_1_631' title='bbox 1526 4513 1555 4549; x_wconf 89' lang='lat' dir='ltr'><strong>a</strong></span> <span class='ocrx_word' id='word_1_632' title='bbox 1589 4501 1985 4555; x_wconf 89' lang='lat' dir='ltr'><strong>resurrectione</strong></span> <span class='ocrx_word' id='word_1_633' title='bbox 2013 4501 2110 4555; x_wconf 88' lang='lat' dir='ltr'><strong>ha-</strong></span> 
     </span>
    </p>
   </div>
   <div class='ocr_carea' id='block_1_83' title="bbox 2207 4497 3785 4576">
    <p class='ocr_par' dir='ltr' id='par_1_83' title="bbox 2210 4501 3785 4576">
     <span class='ocr_line' id='line_1_88' title="bbox 2210 4501 3785 4576; baseline 0.008 -25"><span class='ocrx_word' id='word_1_634' title='bbox 2210 4516 2342 4570; x_wconf 92' lang='grc' dir='ltr'>ριον.</span> <span class='ocrx_word' id='word_1_635' title='bbox 2379 4517 2398 4550; x_wconf 74' lang='grc' dir='ltr'><strong>ι</strong></span> <span class='ocrx_word' id='word_1_636' title='bbox 2419 4501 2508 4556; x_wconf 88' lang='grc' dir='ltr'>Ἐν</span> <span class='ocrx_word' id='word_1_637' title='bbox 2531 4501 2638 4572; x_wconf 83' lang='grc' dir='ltr'><strong>γάρ</strong></span> <span class='ocrx_word' id='word_1_638' title='bbox 2655 4507 2718 4574; x_wconf 84' lang='grc' dir='ltr'>τῇ</span> <span class='ocrx_word' id='word_1_639' title='bbox 2753 4505 3065 4570; x_wconf 79' lang='grc' dir='ltr'>ἀναστάσει,</span> <span class='ocrx_word' id='word_1_640' title='bbox 3109 4509 3292 4574; x_wconf 69' lang='grc' dir='ltr'>φησιν,</span> <span class='ocrx_word' id='word_1_641' title='bbox 3326 4509 3447 4561; x_wconf 67' lang='grc' dir='ltr'>οὔτε</span> <span class='ocrx_word' id='word_1_642' title='bbox 3481 4512 3785 4576; x_wconf 74' lang='grc' dir='ltr'>γαμοῦσιν,</span> 
     </span>
    </p>
   </div>
   <div class='ocr_carea' id='block_1_84' title="bbox 545 4586 2123 4667">
    <p class='ocr_par' dir='ltr' id='par_1_84' title="bbox 545 4586 2104 4656">
     <span class='ocr_line' id='line_1_89' title="bbox 545 4586 2104 4656; baseline 0.004 -18"><span class='ocrx_word' id='word_1_643' title='bbox 545 4586 764 4640; x_wconf 89' lang='lat' dir='ltr'><strong>biturus</strong></span> <span class='ocrx_word' id='word_1_644' title='bbox 793 4597 937 4642; x_wconf 86' lang='lat' dir='ltr'><strong>esset</strong></span> <span class='ocrx_word' id='word_1_645' title='bbox 977 4595 1303 4656; x_wconf 74' lang='lat' dir='ltr'><strong>quaererent.</strong></span> <span class='ocrx_word' id='word_1_646' title='bbox 1343 4587 1415 4640; x_wconf 88' lang='lat' dir='ltr'><strong>ita</strong></span> <span class='ocrx_word' id='word_1_647' title='bbox 1473 4587 1764 4656; x_wconf 90' lang='lat' dir='ltr'><strong>respondet</strong></span> <span class='ocrx_word' id='word_1_648' title='bbox 1827 4589 2104 4653; x_wconf 87' lang='lat' dir='ltr'><strong>Dominus,</strong></span> 
     </span>
    </p>
   </div>
   <div class='ocr_carea' id='block_1_85' title="bbox 2211 4586 3789 4667">
    <p class='ocr_par' dir='ltr' id='par_1_85' title="bbox 2211 4590 3789 4667">
     <span class='ocr_line' id='line_1_90' title="bbox 2211 4590 3789 4667; baseline 0.01 -25"><span class='ocrx_word' id='word_1_649' title='bbox 2211 4590 2328 4643; x_wconf 75' lang='grc' dir='ltr'>οὔτε</span> <span class='ocrx_word' id='word_1_650' title='bbox 2362 4593 2926 4661; x_wconf 59' lang='grc' dir='ltr'>γαμίσκονταιποῦτε</span> <span class='ocrx_word' id='word_1_651' title='bbox 2986 4597 3095 4667; x_wconf 83' lang='grc' dir='ltr'><strong>γὰρ</strong></span> <span class='ocrx_word' id='word_1_652' title='bbox 3133 4597 3423 4652; x_wconf 80' lang='grc' dir='ltr'>ἀποθανεῖν</span> <span class='ocrx_word' id='word_1_653' title='bbox 3469 4601 3548 4654; x_wconf 80' lang='grc' dir='ltr'><strong>ἔτι</strong></span> <span class='ocrx_word' id='word_1_654' title='bbox 3589 4603 3789 4657; x_wconf 81' lang='grc' dir='ltr'>δύναν-</span> 
     </span>
    </p>
   </div>
   <div class='ocr_carea' id='block_1_86' title="bbox 547 4679 2125 4765">
    <p class='ocr_par' dir='ltr' id='par_1_86' title="bbox 547 4679 2108 4748">
     <span class='ocr_line' id='line_1_91' title="bbox 547 4679 2108 4748; baseline 0.001 -13"><span class='ocrx_word' id='word_1_655' title='bbox 547 4689 606 4735; x_wconf 84' lang='grc' dir='ltr'><strong>υι</strong></span> <span class='ocrx_word' id='word_1_656' title='bbox 637 4687 692 4734; x_wconf 90' lang='lat' dir='ltr'><strong>et</strong></span> <span class='ocrx_word' id='word_1_657' title='bbox 718 4680 840 4734; x_wconf 91' lang='lat' dir='ltr'><strong>illos</strong></span> <span class='ocrx_word' id='word_1_658' title='bbox 873 4679 1120 4746; x_wconf 76' lang='lat' dir='ltr'><strong>castiget,</strong></span> <span class='ocrx_word' id='word_1_659' title='bbox 1151 4693 1214 4732; x_wconf 90' lang='lat' dir='ltr'><strong>ac</strong></span> <span class='ocrx_word' id='word_1_660' title='bbox 1251 4680 1396 4740; x_wconf 73' lang='lat' dir='ltr'><strong>vitae,</strong></span> <span class='ocrx_word' id='word_1_661' title='bbox 1426 4693 1591 4748; x_wconf 85' lang='lat' dir='ltr'><strong>quam</strong></span> <span class='ocrx_word' id='word_1_662' title='bbox 1627 4679 1681 4731; x_wconf 90' lang='lat' dir='ltr'><strong>in</strong></span> <span class='ocrx_word' id='word_1_663' title='bbox 1709 4681 2108 4736; x_wconf 83' lang='lat' dir='ltr'><strong>resurrectione</strong></span> 
     </span>
    </p>
   </div>
   <div class='ocr_carea' id='block_1_87' title="bbox 2213 4679 3791 4765">
    <p class='ocr_par' dir='ltr' id='par_1_87' title="bbox 2213 4682 3791 4765">
     <span class='ocr_line' id='line_1_92' title="bbox 2213 4682 3791 4765; baseline 0.009 -32"><span class='ocrx_word' id='word_1_664' title='bbox 2213 4700 2330 4734; x_wconf 83' lang='grc' dir='ltr'>ται·</span> <span class='ocrx_word' id='word_1_665' title='bbox 2387 4682 2664 4752; x_wconf 82' lang='grc' dir='ltr'>ἰσάγγελοι</span> <span class='ocrx_word' id='word_1_666' title='bbox 2709 4686 2816 4757; x_wconf 85' lang='grc' dir='ltr'><strong>γάρ</strong></span> <span class='ocrx_word' id='word_1_667' title='bbox 2867 4689 2994 4750; x_wconf 79' lang='grc' dir='ltr'>εἰσι,</span> <span class='ocrx_word' id='word_1_668' title='bbox 3031 4689 3124 4742; x_wconf 78' lang='grc' dir='ltr'><strong>καὶ</strong></span> <span class='ocrx_word' id='word_1_669' title='bbox 3171 4691 3274 4742; x_wconf 80' lang='grc' dir='ltr'>υἱοὶ</span> <span class='ocrx_word' id='word_1_670' title='bbox 3313 4691 3447 4744; x_wconf 88' lang='grc' dir='ltr'>Θεοῦ</span> <span class='ocrx_word' id='word_1_671' title='bbox 3503 4693 3652 4758; x_wconf 84' lang='grc' dir='ltr'>εἰσι,</span> <span class='ocrx_word' id='word_1_672' title='bbox 3685 4697 3791 4765; x_wconf 82' lang='grc' dir='ltr'>τῆς</span> 
     </span>
    </p>
   </div>
   <div class='ocr_carea' id='block_1_88' title="bbox 544 4731 2122 4855">
    <p class='ocr_par' dir='ltr' id='par_1_88' title="bbox 544 4770 2122 4842">
     <span class='ocr_line' id='line_1_93' title="bbox 544 4770 2122 4842; baseline 0.001 -16"><span class='ocrx_word' id='word_1_673' title='bbox 544 4773 873 4841; x_wconf 88' lang='lat' dir='ltr'><strong>apiscemur,</strong></span> <span class='ocrx_word' id='word_1_674' title='bbox 905 4771 1223 4841; x_wconf 83' lang='lat' dir='ltr'><strong>mysterium</strong></span> <span class='ocrx_word' id='word_1_675' title='bbox 1253 4770 1564 4824; x_wconf 84' lang='lat' dir='ltr'><strong>hominibus</strong></span> <span class='ocrx_word' id='word_1_676' title='bbox 1603 4771 1860 4842; x_wconf 88' lang='lat' dir='ltr'><strong>deinceps</strong></span> <span class='ocrx_word' id='word_1_677' title='bbox 1897 4774 2122 4828; x_wconf 63' lang='lat' dir='ltr'><strong>univer-t</strong></span> 
     </span>
    </p>
   </div>
   <div class='ocr_carea' id='block_1_89' title="bbox 2213 4731 3791 4855">
    <p class='ocr_par' dir='ltr' id='par_1_89' title="bbox 2213 4731 3791 4855">
     <span class='ocr_line' id='line_1_94' title="bbox 2218 4731 3788 4765; baseline 0.009 -31"><span class='ocrx_word' id='word_1_678' title='bbox 2389 4731 2664 4752; x_wconf 44' lang='grc' dir='ltr'><strong>--τη-η--</strong></span> <span class='ocrx_word' id='word_1_679' title='bbox 2719 4731 2814 4757; x_wconf 57' lang='grc' dir='ltr'><strong>μη,</strong></span> <span class='ocrx_word' id='word_1_680' title='bbox 2869 4731 2994 4750; x_wconf 79' lang='grc'><strong>----,</strong></span> <span class='ocrx_word' id='word_1_681' title='bbox 3033 4731 3124 4742; x_wconf 68' lang='grc' dir='ltr'><strong>...η</strong></span> <span class='ocrx_word' id='word_1_682' title='bbox 3175 4731 3274 4742; x_wconf 64' lang='grc' dir='ltr'><strong>-.π</strong></span> <span class='ocrx_word' id='word_1_683' title='bbox 3316 4731 3446 4744; x_wconf 65' lang='grc' dir='ltr'><strong>νη..</strong></span> <span class='ocrx_word' id='word_1_684' title='bbox 3503 4731 3652 4758; x_wconf 61' lang='grc' dir='ltr'><strong>...νη</strong></span> <span class='ocrx_word' id='word_1_685' title='bbox 3695 4731 3788 4765; x_wconf 64' lang='grc' dir='ltr'><strong>ην,</strong></span> 
     </span>
     <span class='ocr_line' id='line_1_95' title="bbox 2213 4773 3791 4855; baseline 0.008 -29"><span class='ocrx_word' id='word_1_686' title='bbox 2213 4773 2550 4836; x_wconf 79' lang='grc' dir='ltr'>ἀναστάσεως</span> <span class='ocrx_word' id='word_1_687' title='bbox 2574 4775 2680 4826; x_wconf 78' lang='grc' dir='ltr'>υίοὶ</span> <span class='ocrx_word' id='word_1_688' title='bbox 2711 4775 2880 4838; x_wconf 80' lang='grc' dir='ltr'>ὄντες.</span> <span class='ocrx_word' id='word_1_689' title='bbox 2929 4778 2992 4829; x_wconf 88' lang='lat' dir='ltr'><strong>&#39;H</strong></span> <span class='ocrx_word' id='word_1_690' title='bbox 3023 4777 3078 4830; x_wconf 84' lang='grc' dir='ltr'><strong>δὲ</strong></span> <span class='ocrx_word' id='word_1_691' title='bbox 3111 4779 3208 4850; x_wconf 83' lang='grc' dir='ltr'>τῆς</span> <span class='ocrx_word' id='word_1_692' title='bbox 3239 4783 3592 4846; x_wconf 79' lang='grc' dir='ltr'>ἀναστάσεως</span> <span class='ocrx_word' id='word_1_693' title='bbox 3617 4787 3791 4855; x_wconf 80' lang='grc' dir='ltr'>χάρις</span> 
     </span>
    </p>
   </div>
   <div class='ocr_carea' id='block_1_90' title="bbox 545 4861 2123 4944">
    <p class='ocr_par' dir='ltr' id='par_1_90' title="bbox 545 4864 2107 4934">
     <span class='ocr_line' id='line_1_96' title="bbox 545 4864 2107 4934; baseline 0 -14"><span class='ocrx_word' id='word_1_694' title='bbox 545 4866 622 4920; x_wconf 87' lang='lat' dir='ltr'><strong>sis</strong></span> <span class='ocrx_word' id='word_1_695' title='bbox 673 4865 944 4933; x_wconf 86' lang='lat' dir='ltr'><strong>explanet.</strong></span> <span class='ocrx_word' id='word_1_696' title='bbox 991 4883 1009 4914; x_wconf 76' lang='grc' dir='ltr'><strong>ι</strong></span> <span class='ocrx_word' id='word_1_697' title='bbox 1051 4864 1112 4918; x_wconf 88' lang='lat' dir='ltr'><strong>ln</strong></span> <span class='ocrx_word' id='word_1_698' title='bbox 1163 4864 1582 4930; x_wconf 86' lang='lat' dir='ltr'><strong>resurrectione,</strong></span> <span class='ocrx_word' id='word_1_699' title='bbox 1620 4882 1638 4914; x_wconf 72' lang='grc' dir='ltr'><strong>ι</strong></span> <span class='ocrx_word' id='word_1_700' title='bbox 1705 4864 1800 4926; x_wconf 92' lang='lat' dir='ltr'><strong>ait,</strong></span> <span class='ocrx_word' id='word_1_701' title='bbox 1863 4883 1882 4916; x_wconf 87' lang='grc'><strong><em>‹</em></strong></span> <span class='ocrx_word' id='word_1_702' title='bbox 1929 4881 2107 4934; x_wconf 89' lang='lat' dir='ltr'><strong>neque</strong></span> 
     </span>
    </p>
   </div>
   <div class='ocr_carea' id='block_1_91' title="bbox 2214 4861 3792 4944">
    <p class='ocr_par' dir='ltr' id='par_1_91' title="bbox 2214 4861 3792 4944">
     <span class='ocr_line' id='line_1_97' title="bbox 2214 4861 3792 4944; baseline 0.01 -33"><span class='ocrx_word' id='word_1_703' title='bbox 2214 4861 2356 4913; x_wconf 72' lang='grc' dir='ltr'>οὐδὲν</span> <span class='ocrx_word' id='word_1_704' title='bbox 2379 4863 2562 4931; x_wconf 76' lang='grc' dir='ltr'>ἕτερον</span> <span class='ocrx_word' id='word_1_705' title='bbox 2587 4865 2718 4933; x_wconf 83' lang='grc' dir='ltr'>ἡμῖν</span> <span class='ocrx_word' id='word_1_706' title='bbox 2743 4866 3158 4934; x_wconf 80' lang='grc' dir='ltr'>ἐπαγγέλλεται,</span> <span class='ocrx_word' id='word_1_707' title='bbox 3179 4869 3210 4938; x_wconf 86' lang='grc' dir='ltr'>ἢ</span> <span class='ocrx_word' id='word_1_708' title='bbox 3241 4871 3338 4939; x_wconf 77' lang='grc' dir='ltr'><strong>τὴν</strong></span> <span class='ocrx_word' id='word_1_709' title='bbox 3359 4873 3438 4933; x_wconf 88' lang='grc' dir='ltr'>εἰς</span> <span class='ocrx_word' id='word_1_710' title='bbox 3467 4873 3526 4924; x_wconf 83' lang='grc' dir='ltr'><strong>τὸ</strong></span> <span class='ocrx_word' id='word_1_711' title='bbox 3549 4875 3792 4944; x_wconf 81' lang='grc' dir='ltr'>ἀρχαῖον</span> 
     </span>
    </p>
   </div>
   <div class='ocr_carea' id='block_1_92' title="bbox 545 4950 2123 5036">
    <p class='ocr_par' dir='ltr' id='par_1_92' title="bbox 545 4953 2099 5024">
     <span class='ocr_line' id='line_1_98' title="bbox 545 4953 2099 5024; baseline -0.001 -16"><span class='ocrx_word' id='word_1_712' title='bbox 545 4956 764 5023; x_wconf 88' lang='lat' dir='ltr'><strong>nuptias</strong></span> <span class='ocrx_word' id='word_1_713' title='bbox 779 4955 1124 5016; x_wconf 87' lang='lat' dir='ltr'><strong>contrahent,</strong></span> <span class='ocrx_word' id='word_1_714' title='bbox 1145 4971 1316 5023; x_wconf 89' lang='lat' dir='ltr'><strong>neque</strong></span> <span class='ocrx_word' id='word_1_715' title='bbox 1333 4956 1396 5008; x_wconf 88' lang='lat' dir='ltr'><strong>ad</strong></span> <span class='ocrx_word' id='word_1_716' title='bbox 1421 4961 1651 5024; x_wconf 89' lang='lat' dir='ltr'><strong>nuptum</strong></span> <span class='ocrx_word' id='word_1_717' title='bbox 1675 4953 1956 5008; x_wconf 89' lang='lat' dir='ltr'><strong>tradentur</strong></span> <span class='ocrx_word' id='word_1_718' title='bbox 1975 4956 2052 5010; x_wconf 70' lang='lat'><strong>“°:</strong></span> <span class='ocrx_word' id='word_1_719' title='bbox 2081 4976 2099 5007; x_wconf 78' lang='grc' dir='ltr'><strong>ι</strong></span> 
     </span>
    </p>
   </div>
   <div class='ocr_carea' id='block_1_93' title="bbox 2213 4950 3791 5036">
    <p class='ocr_par' dir='ltr' id='par_1_93' title="bbox 2213 4950 3791 5036">
     <span class='ocr_line' id='line_1_99' title="bbox 2213 4950 3791 5036; baseline 0.01 -32"><span class='ocrx_word' id='word_1_720' title='bbox 2213 4950 2310 5004; x_wconf 76' lang='grc' dir='ltr'><strong>τῶν</strong></span> <span class='ocrx_word' id='word_1_721' title='bbox 2340 4955 2703 5008; x_wconf 84' lang='grc' dir='ltr'>πεπτωκότων</span> <span class='ocrx_word' id='word_1_722' title='bbox 2727 4957 3187 5012; x_wconf 84' lang='grc' dir='ltr'>ἀποκατάστασιν.</span> <span class='ocrx_word' id='word_1_723' title='bbox 3235 4961 3522 5025; x_wconf 81' lang='grc' dir='ltr'>Ἑπάνοδος</span> <span class='ocrx_word' id='word_1_724' title='bbox 3545 4969 3662 5036; x_wconf 81' lang='grc' dir='ltr'><strong>γάρ</strong></span> <span class='ocrx_word' id='word_1_725' title='bbox 3701 4969 3791 5030; x_wconf 84' lang='grc' dir='ltr'><strong>τίς</strong></span> 
     </span>
    </p>
   </div>
   <div class='ocr_carea' id='block_1_94' title="bbox 527 5043 2105 5127">
    <p class='ocr_par' dir='ltr' id='par_1_94' title="bbox 527 5045 2105 5118">
     <span class='ocr_line' id='line_1_100' title="bbox 527 5045 2105 5118; baseline 0.001 -18"><span class='ocrx_word' id='word_1_726' title='bbox 527 5049 742 5116; x_wconf 56' lang='grc' dir='ltr'>ιίιιιίρρθ</span> <span class='ocrx_word' id='word_1_727' title='bbox 777 5063 898 5101; x_wconf 90' lang='lat' dir='ltr'><strong>cum</strong></span> <span class='ocrx_word' id='word_1_728' title='bbox 925 5047 1158 5116; x_wconf 89' lang='lat' dir='ltr'><strong>amplius</strong></span> <span class='ocrx_word' id='word_1_729' title='bbox 1179 5049 1328 5100; x_wconf 81' lang='lat' dir='ltr'><strong>mori</strong></span> <span class='ocrx_word' id='word_1_730' title='bbox 1355 5055 1644 5116; x_wconf 85' lang='lat' dir='ltr'><strong>nequeant.</strong></span> <span class='ocrx_word' id='word_1_731' title='bbox 1681 5045 1819 5100; x_wconf 84' lang='lat' dir='ltr'><strong>Sunt</strong></span> <span class='ocrx_word' id='word_1_732' title='bbox 1845 5048 1986 5101; x_wconf 87' lang='lat' dir='ltr'><strong>enim</strong></span> <span class='ocrx_word' id='word_1_733' title='bbox 2017 5065 2105 5118; x_wconf 88' lang='lat' dir='ltr'><strong>pa-</strong></span> 
     </span>
    </p>
   </div>
   <div class='ocr_carea' id='block_1_95' title="bbox 2211 5043 3789 5127">
    <p class='ocr_par' dir='ltr' id='par_1_95' title="bbox 2211 5043 3789 5127">
     <span class='ocr_line' id='line_1_101' title="bbox 2211 5043 3789 5127; baseline 0.011 -33"><span class='ocrx_word' id='word_1_734' title='bbox 2211 5043 2348 5096; x_wconf 73' lang='grc' dir='ltr'>ἐστιν</span> <span class='ocrx_word' id='word_1_735' title='bbox 2377 5046 2468 5096; x_wconf 75' lang='grc' dir='ltr'><strong>ἐπὶ</strong></span> <span class='ocrx_word' id='word_1_736' title='bbox 2491 5047 2588 5116; x_wconf 82' lang='grc' dir='ltr'>τὴν</span> <span class='ocrx_word' id='word_1_737' title='bbox 2622 5047 2843 5118; x_wconf 84' lang='grc' dir='ltr'>πρώτην</span> <span class='ocrx_word' id='word_1_738' title='bbox 2883 5049 3027 5119; x_wconf 78' lang='grc' dir='ltr'>ζωὴν</span> <span class='ocrx_word' id='word_1_739' title='bbox 3057 5053 3088 5121; x_wconf 85' lang='grc' dir='ltr'><strong>ἡ</strong></span> <span class='ocrx_word' id='word_1_740' title='bbox 3124 5053 3546 5124; x_wconf 80' lang='grc' dir='ltr'>προσδοκωμένη</span> <span class='ocrx_word' id='word_1_741' title='bbox 3577 5059 3754 5127; x_wconf 80' lang='grc' dir='ltr'>χάρις</span> <span class='ocrx_word' id='word_1_742' title='bbox 3773 5099 3789 5122; x_wconf 90' lang='grc'><strong>,</strong></span> 
     </span>
    </p>
   </div>
   <div class='ocr_carea' id='block_1_96' title="bbox 541 5137 2119 5213">
    <p class='ocr_par' dir='ltr' id='par_1_96' title="bbox 541 5137 2105 5206">
     <span class='ocr_line' id='line_1_102' title="bbox 541 5137 2105 5206; baseline 0 -14"><span class='ocrx_word' id='word_1_743' title='bbox 541 5155 630 5194; x_wconf 90' lang='lat' dir='ltr'><strong>res</strong></span> <span class='ocrx_word' id='word_1_744' title='bbox 669 5139 902 5205; x_wconf 80' lang='lat' dir='ltr'><strong>angelis,</strong></span> <span class='ocrx_word' id='word_1_745' title='bbox 930 5146 983 5192; x_wconf 88' lang='lat' dir='ltr'><strong>et</strong></span> <span class='ocrx_word' id='word_1_746' title='bbox 1015 5137 1110 5192; x_wconf 90' lang='lat' dir='ltr'><strong>Dei</strong></span> <span class='ocrx_word' id='word_1_747' title='bbox 1143 5137 1259 5202; x_wconf 84' lang='lat' dir='ltr'><strong>ﬁlii,</strong></span> <span class='ocrx_word' id='word_1_748' title='bbox 1309 5139 1397 5192; x_wconf 90' lang='lat' dir='ltr'><strong>ubi</strong></span> <span class='ocrx_word' id='word_1_749' title='bbox 1419 5139 1532 5206; x_wconf 87' lang='lat' dir='ltr'><strong>jam</strong></span> <span class='ocrx_word' id='word_1_750' title='bbox 1585 5139 2003 5193; x_wconf 72' lang='lat' dir='ltr'><strong>rcsurrexerint.</strong></span> <span class='ocrx_word' id='word_1_751' title='bbox 2035 5141 2105 5192; x_wconf 80' lang='lat' dir='ltr'><strong>At</strong></span> 
     </span>
    </p>
   </div>
   <div class='ocr_carea' id='block_1_97' title="bbox 2215 5137 3793 5213">
    <p class='ocr_par' dir='ltr' id='par_1_97' title="bbox 2215 5137 3793 5213">
     <span class='ocr_line' id='line_1_103' title="bbox 2215 5137 3793 5213; baseline 0.006 -24"><span class='ocrx_word' id='word_1_752' title='bbox 2215 5137 2295 5190; x_wconf 75' lang='grc' dir='ltr'><strong>τὸν</strong></span> <span class='ocrx_word' id='word_1_753' title='bbox 2341 5138 2714 5208; x_wconf 85' lang='grc' dir='ltr'>ἀποϐληθέντα</span> <span class='ocrx_word' id='word_1_754' title='bbox 2763 5140 2858 5193; x_wconf 91' lang='grc' dir='ltr'><strong>τοῦ</strong></span> <span class='ocrx_word' id='word_1_755' title='bbox 2907 5143 3234 5213; x_wconf 80' lang='grc' dir='ltr'>παραδείσου</span> <span class='ocrx_word' id='word_1_756' title='bbox 3278 5145 3436 5197; x_wconf 83' lang='grc' dir='ltr'>πάλιν</span> <span class='ocrx_word' id='word_1_757' title='bbox 3483 5149 3562 5209; x_wconf 86' lang='grc' dir='ltr'>εἰς</span> <span class='ocrx_word' id='word_1_758' title='bbox 3613 5147 3793 5200; x_wconf 83' lang='grc' dir='ltr'>αὑτὸν</span> 
     </span>
    </p>
   </div>
   <div class='ocr_carea' id='block_1_98' title="bbox 537 5205 2115 5308">
    <p class='ocr_par' dir='ltr' id='par_1_98' title="bbox 537 5205 2104 5297">
     <span class='ocr_line' id='line_1_104' title="bbox 537 5205 2104 5297; baseline -0.001 -13"><span class='ocrx_word' id='word_1_759' title='bbox 537 5243 670 5284; x_wconf 72' lang='grc' dir='ltr'>νει-ο</span> <span class='ocrx_word' id='word_1_760' title='bbox 703 5227 1125 5282; x_wconf 89' lang='lat' dir='ltr'><strong>resurrectionis</strong></span> <span class='ocrx_word' id='word_1_761' title='bbox 1175 5227 1377 5281; x_wconf 83' lang='lat' dir='ltr'><strong>donum</strong></span> <span class='ocrx_word' id='word_1_762' title='bbox 1415 5205 1548 5280; x_wconf 86' lang='lat' dir='ltr'><strong>nihil</strong></span> <span class='ocrx_word' id='word_1_763' title='bbox 1577 5227 1722 5280; x_wconf 91' lang='lat' dir='ltr'><strong>aliud</strong></span> <span class='ocrx_word' id='word_1_764' title='bbox 1753 5229 1912 5282; x_wconf 89' lang='lat' dir='ltr'><strong>nobis</strong></span> <span class='ocrx_word' id='word_1_765' title='bbox 1949 5229 2104 5297; x_wconf 85' lang='lat' dir='ltr'><strong>polli-</strong></span> 
     </span>
    </p>
   </div>
   <div class='ocr_carea' id='block_1_99' title="bbox 2213 5205 3791 5308">
    <p class='ocr_par' dir='ltr' id='par_1_99' title="bbox 2213 5230 3791 5308">
     <span class='ocr_line' id='line_1_105' title="bbox 2213 5230 3791 5308; baseline 0.006 -27"><span class='ocrx_word' id='word_1_766' title='bbox 2213 5230 2574 5298; x_wconf 77' lang='grc' dir='ltr'>ὲπανάγουσα.</span> <span class='ocrx_word' id='word_1_767' title='bbox 2611 5232 2674 5285; x_wconf 80' lang='lat' dir='ltr'><strong>Ei</strong></span> <span class='ocrx_word' id='word_1_768' title='bbox 2706 5233 2884 5285; x_wconf 84' lang='grc' dir='ltr'>τοίνυν</span> <span class='ocrx_word' id='word_1_769' title='bbox 2909 5237 2940 5304; x_wconf 84' lang='grc' dir='ltr'>ἡ</span> <span class='ocrx_word' id='word_1_770' title='bbox 2975 5234 3084 5286; x_wconf 84' lang='grc' dir='ltr'><strong>τῶν</strong></span> <span class='ocrx_word' id='word_1_771' title='bbox 3114 5236 3638 5305; x_wconf 84' lang='grc' dir='ltr'>ἀποκαθισταμένων</span> <span class='ocrx_word' id='word_1_772' title='bbox 3665 5238 3791 5308; x_wconf 77' lang='grc' dir='ltr'><strong>ζωὴ</strong></span> 
     </span>
    </p>
   </div>
   <div class='ocr_carea' id='block_1_100' title="bbox 535 5319 2113 5400">
    <p class='ocr_par' dir='ltr' id='par_1_100' title="bbox 535 5319 2099 5388">
     <span class='ocr_line' id='line_1_106' title="bbox 535 5319 2099 5388; baseline 0.001 -14"><span class='ocrx_word' id='word_1_773' title='bbox 535 5329 712 5382; x_wconf 89' lang='lat' dir='ltr'><strong>cetur,</strong></span> <span class='ocrx_word' id='word_1_774' title='bbox 741 5333 904 5388; x_wconf 89' lang='lat' dir='ltr'><strong>quam</strong></span> <span class='ocrx_word' id='word_1_775' title='bbox 933 5319 1210 5388; x_wconf 85' lang='lat' dir='ltr'><strong>lapsorum</strong></span> <span class='ocrx_word' id='word_1_776' title='bbox 1249 5320 1304 5374; x_wconf 89' lang='lat' dir='ltr'><strong>in</strong></span> <span class='ocrx_word' id='word_1_777' title='bbox 1359 5319 1628 5388; x_wconf 83' lang='lat' dir='ltr'><strong>integrum</strong></span> <span class='ocrx_word' id='word_1_778' title='bbox 1673 5320 2099 5375; x_wconf 87' lang='lat' dir='ltr'><strong>restitutionem.</strong></span> 
     </span>
    </p>
   </div>
   <div class='ocr_carea' id='block_1_101' title="bbox 2213 5319 3791 5400">
    <p class='ocr_par' dir='ltr' id='par_1_101' title="bbox 2213 5321 3791 5400">
     <span class='ocr_line' id='line_1_107' title="bbox 2213 5321 3791 5400; baseline 0.007 -28"><span class='ocrx_word' id='word_1_779' title='bbox 2213 5321 2343 5391; x_wconf 82' lang='grc' dir='ltr'>πρὸς</span> <span class='ocrx_word' id='word_1_780' title='bbox 2377 5322 2474 5392; x_wconf 80' lang='grc' dir='ltr'><strong>τὴν</strong></span> <span class='ocrx_word' id='word_1_781' title='bbox 2500 5321 2607 5374; x_wconf 82' lang='grc' dir='ltr'>τῶν</span> <span class='ocrx_word' id='word_1_782' title='bbox 2651 5323 2894 5391; x_wconf 82' lang='grc' dir='ltr'>ἀγγέλων</span> <span class='ocrx_word' id='word_1_783' title='bbox 2927 5326 3140 5388; x_wconf 81' lang='grc' dir='ltr'>οἰκείως</span> <span class='ocrx_word' id='word_1_784' title='bbox 3163 5325 3276 5396; x_wconf 77' lang='grc' dir='ltr'>ἔχει</span> <span class='ocrx_word' id='word_1_785' title='bbox 3296 5368 3309 5391; x_wconf 92' lang='grc'><strong>,</strong></span> <span class='ocrx_word' id='word_1_786' title='bbox 3343 5327 3587 5396; x_wconf 80' lang='grc' dir='ltr'>δηλονότι</span> <span class='ocrx_word' id='word_1_787' title='bbox 3617 5331 3791 5400; x_wconf 59' lang='grc' dir='ltr'>ὁ-,πρὺ</span> 
     </span>
    </p>
   </div>
   <div class='ocr_carea' id='block_1_102' title="bbox 537 5407 2115 5491">
    <p class='ocr_par' dir='ltr' id='par_1_102' title="bbox 537 5407 2100 5478">
     <span class='ocr_line' id='line_1_108' title="bbox 537 5407 2100 5478; baseline 0.001 -17"><span class='ocrx_word' id='word_1_788' title='bbox 537 5407 672 5462; x_wconf 79' lang='lat' dir='ltr'><strong>Nam</strong></span> <span class='ocrx_word' id='word_1_789' title='bbox 702 5424 764 5464; x_wconf 82' lang='lat' dir='ltr'><strong>ea</strong></span> <span class='ocrx_word' id='word_1_790' title='bbox 797 5410 992 5478; x_wconf 81' lang='lat' dir='ltr'><strong>gratia,</strong></span> <span class='ocrx_word' id='word_1_791' title='bbox 1024 5423 1183 5477; x_wconf 86' lang='lat' dir='ltr'><strong>quam</strong></span> <span class='ocrx_word' id='word_1_792' title='bbox 1215 5419 1620 5478; x_wconf 80' lang='lat' dir='ltr'><strong>exspectamus,</strong></span> <span class='ocrx_word' id='word_1_793' title='bbox 1649 5409 1856 5462; x_wconf 90' lang='lat' dir='ltr'><strong>reditus</strong></span> <span class='ocrx_word' id='word_1_794' title='bbox 1885 5409 1988 5462; x_wconf 91' lang='lat' dir='ltr'><strong>erit</strong></span> <span class='ocrx_word' id='word_1_795' title='bbox 2033 5409 2100 5463; x_wconf 87' lang='lat' dir='ltr'><strong>ad</strong></span> 
     </span>
    </p>
   </div>
   <div class='ocr_carea' id='block_1_103' title="bbox 2209 5407 3787 5491">
    <p class='ocr_par' dir='ltr' id='par_1_103' title="bbox 2209 5414 3787 5491">
     <span class='ocr_line' id='line_1_109' title="bbox 2209 5414 3787 5491; baseline 0.008 -26"><span class='ocrx_word' id='word_1_796' title='bbox 2209 5414 2303 5484; x_wconf 78' lang='grc' dir='ltr'><strong>τῆς</strong></span> <span class='ocrx_word' id='word_1_797' title='bbox 2334 5416 2694 5484; x_wconf 87' lang='grc' dir='ltr'>παραϐάσεως</span> <span class='ocrx_word' id='word_1_798' title='bbox 2740 5417 2853 5486; x_wconf 86' lang='grc' dir='ltr'>βίος</span> <span class='ocrx_word' id='word_1_799' title='bbox 2901 5419 3189 5486; x_wconf 83' lang='grc' dir='ltr'>ἀγγελικὸς</span> <span class='ocrx_word' id='word_1_800' title='bbox 3221 5437 3302 5482; x_wconf 88' lang='grc' dir='ltr'><strong>τις</strong></span> <span class='ocrx_word' id='word_1_801' title='bbox 3333 5416 3431 5491; x_wconf 87' lang='grc' dir='ltr'><strong>ἦν·</strong></span> <span class='ocrx_word' id='word_1_802' title='bbox 3477 5421 3560 5474; x_wconf 79' lang='grc' dir='ltr'><strong>διὸ</strong></span> <span class='ocrx_word' id='word_1_803' title='bbox 3606 5425 3708 5476; x_wconf 72' lang='grc' dir='ltr'><strong>καὶ</strong></span> <span class='ocrx_word' id='word_1_804' title='bbox 3753 5425 3787 5490; x_wconf 72' lang='grc' dir='ltr'>ἡ</span> 
     </span>
    </p>
   </div>
   <div class='ocr_carea' id='block_1_104' title="bbox 540 5499 2118 5580">
    <p class='ocr_par' dir='ltr' id='par_1_104' title="bbox 540 5499 2100 5569">
     <span class='ocr_line' id='line_1_110' title="bbox 540 5499 2100 5569; baseline 0.003 -19"><span class='ocrx_word' id='word_1_805' title='bbox 540 5501 702 5554; x_wconf 71' lang='lat' dir='ltr'><strong>vitam</strong></span> <span class='ocrx_word' id='word_1_806' title='bbox 735 5501 984 5569; x_wconf 89' lang='lat' dir='ltr'><strong>primam,</strong></span> <span class='ocrx_word' id='word_1_807' title='bbox 1023 5515 1131 5569; x_wconf 89' lang='lat' dir='ltr'><strong>qua</strong></span> <span class='ocrx_word' id='word_1_808' title='bbox 1188 5501 1352 5554; x_wconf 87' lang='lat' dir='ltr'><strong>homo</strong></span> <span class='ocrx_word' id='word_1_809' title='bbox 1380 5502 1446 5554; x_wconf 92' lang='lat' dir='ltr'><strong>de</strong></span> <span class='ocrx_word' id='word_1_810' title='bbox 1493 5501 1746 5568; x_wconf 89' lang='lat' dir='ltr'><strong>paradiso</strong></span> <span class='ocrx_word' id='word_1_811' title='bbox 1784 5499 1992 5568; x_wconf 85' lang='lat' dir='ltr'><strong>cjectus</strong></span> <span class='ocrx_word' id='word_1_812' title='bbox 2045 5501 2100 5556; x_wconf 89' lang='lat' dir='ltr'><strong>in</strong></span> 
     </span>
    </p>
   </div>
   <div class='ocr_carea' id='block_1_105' title="bbox 2205 5499 3783 5580">
    <p class='ocr_par' dir='ltr' id='par_1_105' title="bbox 2205 5505 3783 5580">
     <span class='ocr_line' id='line_1_111' title="bbox 2205 5505 3783 5580; baseline 0.008 -25"><span class='ocrx_word' id='word_1_813' title='bbox 2205 5505 2342 5574; x_wconf 83' lang='grc' dir='ltr'>πρὸς</span> <span class='ocrx_word' id='word_1_814' title='bbox 2369 5505 2428 5556; x_wconf 84' lang='grc' dir='ltr'><strong>τὸ</strong></span> <span class='ocrx_word' id='word_1_815' title='bbox 2449 5507 2671 5576; x_wconf 84' lang='grc' dir='ltr'>ἀρχαῖον</span> <span class='ocrx_word' id='word_1_816' title='bbox 2699 5507 2797 5576; x_wconf 81' lang='grc' dir='ltr'>τῆς</span> <span class='ocrx_word' id='word_1_817' title='bbox 2829 5506 2972 5579; x_wconf 76' lang='grc' dir='ltr'>ζωῆς</span> <span class='ocrx_word' id='word_1_818' title='bbox 2996 5508 3152 5580; x_wconf 84' lang='grc' dir='ltr'>ἡμῶν</span> <span class='ocrx_word' id='word_1_819' title='bbox 3177 5511 3433 5574; x_wconf 74' lang='grc' dir='ltr'>ἐπάνοδος</span> <span class='ocrx_word' id='word_1_820' title='bbox 3463 5514 3577 5576; x_wconf 85' lang='grc' dir='ltr'>τοῖς</span> <span class='ocrx_word' id='word_1_821' title='bbox 3605 5514 3783 5580; x_wconf 82' lang='grc' dir='ltr'>ἀγγέ-</span> 
     </span>
    </p>
   </div>
   <div class='ocr_carea' id='block_1_106' title="bbox 534 5589 2112 5674">
    <p class='ocr_par' dir='ltr' id='par_1_106' title="bbox 534 5589 2096 5655">
     <span class='ocr_line' id='line_1_112' title="bbox 534 5589 2096 5655; baseline 0.003 -11"><span class='ocrx_word' id='word_1_822' title='bbox 534 5589 786 5644; x_wconf 77' lang='lat' dir='ltr'><strong>ounniem</strong></span> <span class='ocrx_word' id='word_1_823' title='bbox 813 5589 1124 5644; x_wconf 85' lang='lat' dir='ltr'><strong>reducetur.</strong></span> <span class='ocrx_word' id='word_1_824' title='bbox 1153 5590 1516 5655; x_wconf 85' lang='lat' dir='ltr'><strong>Quamobrem</strong></span> <span class='ocrx_word' id='word_1_825' title='bbox 1581 5593 1626 5647; x_wconf 89' lang='lat' dir='ltr'><strong>si</strong></span> <span class='ocrx_word' id='word_1_826' title='bbox 1661 5592 1768 5646; x_wconf 82' lang='lat' dir='ltr'><strong>vita</strong></span> <span class='ocrx_word' id='word_1_827' title='bbox 1814 5594 2096 5648; x_wconf 88' lang='lat' dir='ltr'><strong>restituto-</strong></span> 
     </span>
    </p>
   </div>
   <div class='ocr_carea' id='block_1_107' title="bbox 2209 5589 3787 5674">
    <p class='ocr_par' dir='ltr' id='par_1_107' title="bbox 2209 5597 3787 5674">
     <span class='ocr_line' id='line_1_113' title="bbox 2209 5597 3787 5674; baseline 0.004 -24"><span class='ocrx_word' id='word_1_828' title='bbox 2209 5598 2316 5662; x_wconf 84' lang='grc' dir='ltr'>λοις</span> <span class='ocrx_word' id='word_1_829' title='bbox 2363 5597 2658 5668; x_wconf 83' lang='grc' dir='ltr'>ὡμοίωται.</span> <span class='ocrx_word' id='word_1_830' title='bbox 2719 5599 2879 5652; x_wconf 83' lang='grc' dir='ltr'>Ἀλλὰ</span> <span class='ocrx_word' id='word_1_831' title='bbox 2911 5599 3037 5672; x_wconf 81' lang='grc' dir='ltr'>μὴν,</span> <span class='ocrx_word' id='word_1_832' title='bbox 3085 5600 3265 5666; x_wconf 86' lang='grc' dir='ltr'>καθὼς</span> <span class='ocrx_word' id='word_1_833' title='bbox 3308 5601 3556 5669; x_wconf 77' lang='grc' dir='ltr'>είοηται,</span> <span class='ocrx_word' id='word_1_834' title='bbox 3589 5607 3787 5674; x_wconf 72' lang='grc' dir='ltr'>γάμου</span> 
     </span>
    </p>
   </div>
   <div class='ocr_carea' id='block_1_108' title="bbox 606 5771 2052 5842">
    <p class='ocr_par' dir='ltr' id='par_1_108' title="bbox 606 5771 2052 5842">
     <span class='ocr_line' id='line_1_114' title="bbox 606 5771 2052 5842; baseline 0.004 -18"><span class='ocrx_word' id='word_1_835' title='bbox 606 5771 651 5802; x_wconf 81' lang='grc'><strong>⁶⁶</strong></span> <span class='ocrx_word' id='word_1_836' title='bbox 693 5771 880 5826; x_wconf 81' lang='lat' dir='ltr'><strong>Matth.</strong></span> <span class='ocrx_word' id='word_1_837' title='bbox 931 5788 1058 5838; x_wconf 76' lang='lat' dir='ltr'><strong>xxii,</strong></span> <span class='ocrx_word' id='word_1_838' title='bbox 1103 5771 1198 5840; x_wconf 75' lang='lat'><strong>30;</strong></span> <span class='ocrx_word' id='word_1_839' title='bbox 1255 5772 1430 5828; x_wconf 67' lang='lat' dir='ltr'><strong>Marc.</strong></span> <span class='ocrx_word' id='word_1_840' title='bbox 1456 5789 1549 5838; x_wconf 75' lang='lat' dir='ltr'><strong>xu,</strong></span> <span class='ocrx_word' id='word_1_841' title='bbox 1583 5773 1684 5842; x_wconf 62' lang='lat'><strong>“3‘3;</strong></span> <span class='ocrx_word' id='word_1_842' title='bbox 1713 5774 1841 5830; x_wconf 76' lang='lat' dir='ltr'><strong>Luc.</strong></span> <span class='ocrx_word' id='word_1_843' title='bbox 1877 5793 1926 5842; x_wconf 60' lang='grc' dir='ltr'><strong>κ,</strong></span> <span class='ocrx_word' id='word_1_844' title='bbox 1964 5777 2052 5832; x_wconf 72' lang='grc'><strong>55.</strong></span> 
     </span>
    </p>
   </div>
  </div>
