3996 6504
252 415 357 469 189

1511 424 1598 478 DE
1638 422 1920 479 ilOMlNlS
1956 423 2267 480 OPIFICIO.

3399 420 3500 475 100

247 532 384 601 παρ’
408 532 586 595 αὐτοῖς
614 534 712 586 οὐκ
742 534 913 598 ὄντος,
943 538 1001 588 ἐν
1029 537 1286 610 μυριάσιν
1309 538 1557 610 ἀπείροις
1580 541 1637 592 αἱ
1661 557 1821 610 στρα-

1927 556 2043 593 rum
2074 542 2121 594 ei
2148 541 2342 595 similis
2377 540 2501 605 erit,
2542 557 2647 609 qua
2683 541 2941 594 fruuntur
2984 539 3162 609 angeli
3192 557 3204 591 :
3238 528 3496 592 nimirum

247 622 364 674 τιαὶ
396 623 502 674 τῶν
521 623 773 690 ἀγγέλων
803 626 940 678 εἰσίν
966 644 977 655 ’
1011 628 1153 682 οὕτω
1173 630 1281 702 γὰρ
1303 634 1359 683 ὲν
1390 635 1507 693 ταῖς
1537 630 1822 692 ὀπτασίαις

248 718 278 765 6
314 715 510 784 Δανιὴλ
536 715 851 787 διηγήσατο.
887 718 1097 773 Οὐκοῦν
1132 722 1272 775 κατά
1299 723 1387 775 τὸν
1414 723 1574 775 αὑτὸν
1598 723 1820 792 τρόπον,

248 806 411 875 εἴπερ
437 807 675 876 μηδεμία
710 813 1033 881 παρατροπή
1066 830 1125 865 τε
1165 815 1259 865 καὶ
1285 813 1541 877 ἔκστασις
1573 814 1679 867 ἀπὸ
1721 814 1824 884 τῆς

1924 638 1979 683 et
2006 629 2246 683 hominis
2281 637 2407 683 ante
2460 630 2668 699 lapsum
2699 630 2807 683 vita
2841 630 3154 699 angelorum
3219 627 3325 681 fuit
3376 629 3500 683 vitae

1926 728 2312 784 consentanea,
2353 736 2582 791 eamque
2615 723 2755 776 haud
2798 724 2962 778 dubie
2992 724 3061 777 ob
3102 738 3325 777 causam
3378 722 3501 776 vitae

1924 818 2129 865 nostrae
2157 812 2213 864 in
2250 813 2521 880 integrum
2555 813 2828 866 restitutio
2856 813 3265 883 comparatione
3301 812 3366 865 ad
3398 828 3498 866 an-

247 896 549 965 ἀγγελικῆς
581 899 868 967 όμοτιμίας
896 900 955 963 ἐξ
984 903 1256 972 ἁμαρτίας
1288 904 1417 973 ἡμῖν
1452 904 1691 972 ἐγένετο,
1723 904 1823 954 οὐκ

1927 903 2072 971 gelos
2107 901 2251 955 facta
2290 902 2620 957 declaratur.
2664 905 2953 958 Enimvero
3007 920 3318 974 quanquam
3352 905 3498 958 inter

245 984 317 1039 ἂν
340 988 461 1040 οὐδὲ
497 990 656 1058 ἡμεῖς
685 990 777 1041 τοῦ
813 991 990 1061 γάμου
1022 993 1156 1063 πρὸς
1186 995 1276 1046 τὸν
1313 995 1628 1064 πληθυσμδν
1665 995 1821 1064 ἐδεή-

247 1080 443 1149 Θημεν.
502 1081 639 1133 ’Δλλ’
668 1083 813 1146 ὅστις
848 1084 994 1137 ἐστὶν
1043 1086 1101 1137 ὲν
1129 1088 1194 1155 τῇ
1230 1087 1389 1154 φύσει
1428 1086 1535 1139 τῶν
1568 1087 1816 1154 ἀγγέλων

234 1172 346 1225 τοῦ
380 1172 723 1243 πλεονασμοῦ
749 1174 968 1245 τρόπος,
1004 1177 1241 1247 ἄρρητός
1272 1178 1369 1246 μὲν
1409 1179 1501 1231 καὶ
1534 1178 1821 1248 ἀνεπινόηο

242 1279 338 1324 τος
356 1267 680 1333 στοχασμοῖς
696 1264 1078 1335 ἀνθρωπίνοις,
1102 1267 1237 1338 πλὴν
1260 1268 1394 1322 ἀλλά
1418 1269 1633 1331 πάντως
1650 1267 1817 1320 ἐστίν·

1924 995 2144 1062 angelos
2178 994 2323 1047 nulla
2359 996 2431 1048 sit
2485 998 2834 1064 propagatio,
2894 995 3352 1064 quemadmodum
3413 1002 3498 1049 est

1924 1085 2248 1151 indicatum,
2294 1095 2473 1140 tamen
2524 1102 2712 1141 eorum
2756 1088 2925 1155 copiae
2978 1102 3207 1140 numero
3245 1087 3493 1155 quzedam

1923 1175 2146 1230 infinita:
2185 1185 2334 1231 sunt.
2364 1176 2453 1230 Sic
2491 1179 2633 1231 enim
2662 1179 2775 1231 suis
2810 1179 2915 1231 illis
2940 1194 2993 1230 tn
3038 1178 3173 1231 visis
3234 1178 3489 1233 Danielus

1922 1277 2332 1321 commemorat.
2360 1269 2565 1322 Idcirco
2591 1270 2634 1322 si
2672 1280 2891 1339 propter
2927 1281 3208 1338 peccatum
3238 1270 3303 1323 de
3344 1280 3488 1324 statu

253 1350 414 1418 οὗτος
443 1355 509 1409 ἂν
543 1356 635 1409 κα)⁵
670 1357 759 1409 ἐπὶ
786 1357 894 1409 τῶν
921 1358 1091 1428 βραχύ
1126 1378 1176 1412 τι
1204 1364 1333 1431 παρ’
1362 1360 1624 1428 ἀγγέλους
1658 1359 1821 1427 ήλατ-

1927 1368 1974 1412 et
2007 1359 2341 1423 conditione,
2375 1375 2481 1429 qua
2509 1374 2667 1429 pares
2697 1361 2904 1430 angelis
2926 1375 3165 1421 eramus,
3205 1375 3311 1412 non
3344 1361 3493 1412 exci-

244 1447 512 1516 τωμένων
540 1447 839 1517 ἀνθρώπων
867 1451 1187 1520 ἐνήργησεν,
1213 1456 1291 1515 εἰς
1319 1454 1377 1505 τὸ
1398 1452 1695 1522 ὡρισμένον
1718 1450 1821 1503 ὑπὸ
1850 1462 1857 1471 ’

245 1537 348 1605 τῆς
391 1536 585 1607 βουλῆς
625 1538 719 1590 τοῦ
752 1542 1111 1610 πεποιηκότος
1155 1543 1350 1611 μέτρον
1395 1542 1455 1593 τὸ
1486 1541 1820 1610 ἀνθρώπινον

246 1627 448 1692 αὔξων.
494 1628 555 1679 Εἰ
586 1628 641 1680 δὲ
688 1631 1097 1700 στενοχωρεῖταί
1144 1649 1226 1694 τις
1272 1631 1542 1701 ἐπιζητῶν
1587 1631 1676 1683 τὸν
1721 1632 1821 1701 τῆς

249 1719 520 1782 γενέσεως
556 1720 663 1771 τῶν
702 1720 1000 1787 ἀνθρώπων
1029 1723 1244 1792 τρόπον,
1285 1725 1331 1775 εἰ
1380 1721 1452 1793 μὴ
1490 1720 1818 1791 προσεδεήθη

1922 1448 2218 1514 dissemus,
2254 1466 2321 1504 ne
2353 1452 2510 1504 nobis
2565 1451 2785 1519 quidem
2836 1450 3093 1519 conjugio
3148 1450 3213 1502 ad
3276 1450 3492 1518 generis

1921 1543 2095 1596 nostri
2125 1543 2597 1612 amplilicationem
2628 1558 2766 1610 opus
2800 1544 3014 1601 fuisset.
3057 1542 3190 1595 Nam
3235 1558 3494 1611 quaecun—

1920 1650 2026 1703 que
2053 1634 2270 1687 tandem
2298 1636 2618 1688 incrementi
2647 1637 2888 1705 angelica
2910 1636 2962 1689 in
2990 1645 3182 1688 natura
3205 1635 3304 1688 fuit
3332 1636 3492 1701 ratio,

1921 1739 2082 1792 quam
2113 1723 2346 1777 dicendo
2370 1740 2664 1793 exponere,
2710 1725 2792 1778 vel
2850 1724 3141 1794 cogitando
3190 1725 3496 1793 intelligere

247 1806 349 1873 τῆς
370 1806 454 1859 διὰ
484 1808 575 1860 τοῦ
603 1809 780 1879 γάμου
817 1812 1102 1882 συνεργίας
1128 1815 1155 1865 6
1181 1812 1482 1883 ἄνθρωπος,
1514 1812 1827 1881 ἀντερωτή4

1927 1831 2018 1885 per
2045 1814 2308 1884 quasdam
2358 1816 2705 1883 conjecturas
2758 1816 3027 1871 humanas
3082 1831 3190 1868 non
3247 1814 3330 1870 fas
3388 1822 3493 1877 est,

250 1914 419 1967 σομεν
453 1900 544 1950 καὶ
574 1902 732 1969 ήμεῖς
762 1901 852 1954 τὸν
878 1902 973 1969 τῆς
998 1903 1292 1972 ἀγγελικῆς
1317 1900 1663 1962 ὑποστάσεως
1688 1900 1815 1971 τρό-

1927 1907 2029 1961 nisi
2064 1907 2206 1976 quod
2249 1908 2474 1960 omnino
2531 1909 2765 1976 aliquam
2804 1907 2975 1962 fuisse
3022 1910 3333 1961 necessario
3382 1914 3495 1960 sta-

247 2004 373 2051 πον,
406 1988 521 2054 πῶς
556 1991 613 2042 ὲν
641 1990 886 2061 ἀπείροις
923 1993 1179 2062 μυριάσιν
1214 1994 1429 2054 ἐκεῖνοι,
1467 1990 1560 2043 καὶ
1593 1990 1689 2060 μία
1723 1991 1809 2042 οὐσ

1927 2000 2181 2053 tuendum
2210 2008 2293 2053 est
2319 2019 2330 2053 :
2359 2002 2546 2053 eadem
2586 2001 2750 2069 igitur
2783 2000 2926 2053 ratio
2954 2000 3007 2051 in
3038 2000 3278 2052 humano
3330 1998 3492 2052 etiam

249 2075 342 2125 σία
370 2078 527 2141 ,ὅντες
547 2118 561 2141 ,
598 2079 688 2130 καὶ
721 2081 777 2131 ἐν
804 2078 1015 2143 πολλοῖς
1046 2081 1457 2152 ἀριθμούμενοι.

1927 2104 2139 2157 genere,
2172 2090 2316 2158 quod
2342 2107 2507 2160 prope
2561 2092 2630 2144 ab
2666 2092 2872 2161 angelis
2909 2091 3080 2152 abest,
3143 2090 3495 2159 propagando

248 2164 544 2227 valuisset,
596 2167 769 2221 donec
827 2169 894 2221 ad
941 2186 1229 2225 numerum
1289 2176 1523 2230 consilio
1572 2176 1846 2233 Creatoris
1901 2178 2182 2249 definitum
2240 2190 2556 2249 perventum
2584 2191 2748 2234 esset.
2785 2181 2937 2245 Quod
3005 2182 3046 2233 si
3081 2182 3238 2247 cujus
3288 2180 3375 2233 hic
3435 2178 3492 2232 in

247 2264 541 2324 angustum
573 2258 836 2328 redigitur
863 2261 1234 2330 intelligentia,
1272 2274 1331 2317 ut
1366 2282 1432 2320 ex
1478 2268 1635 2323 nobis
1670 2270 1811 2323 scire
1840 2247 2196 2340 veliWecquo
2247 2270 2463 2325 tandem
2506 2272 2668 2325 modo
2710 2272 2958 2325 homines
2989 2272 3185 2324 orituri
3224 2270 3476 2330 fuissent,

248 2344 300 2399 si
330 2349 568 2417 conjugii
616 2350 927 2419 adjumento
962 2369 1069 2406 non
1101 2356 1417 2424 eguissent:
1450 2376 1573 2414 eum
1601 2361 1851 2421 vicissim
1876 2363 2211 2431 rogabimus,
2253 2364 2528 2431 quomodo
2574 2365 2753 2433 angeli
2796 2365 2906 2418 sint
2949 2364 3078 2426 orti,
3112 2379 3288 2433 quove
3338 2372 3496 2432 pacto

247 2456 372 2501 cum
426 2442 492 2495 ad
531 2442 738 2496 inﬁnita
768 2459 934 2514 prepe
969 2447 1135 2500 millia
1167 2449 1276 2502 sint
1333 2450 1547 2515 ditiusi,
1581 2461 1633 2505 et
1669 2468 1775 2506 una
1809 2463 2004 2507 natura
2042 2440 2286 2507 et'multi
2313 2469 2436 2510 esse
2466 2469 2695 2509 numero
2713 2456 2943 2523 possint.

286 2626 459 2679 Τοῦτο
473 2626 580 2695 γὰρ
593 2630 912 2699 προσφόρως
929 2630 1367 2701 ἀποκρινούμεθα
1383 2633 1458 2704 τῷ
1477 2637 1823 2707 προφέροντι,

249 2718 379 2782 Πῶς
394 2717 459 2770 ἀν
473 2714 539 2790 ἦν
549 2719 669 2791 δίχα
681 2720 773 2773 τοῦ
789 2720 965 2791 γάμου
981 2722 1008 2772 ὁ
1022 2720 1114 2773 ἄνθ
1122 2738 1301 2791 ρωπος
1319 2742 1333 2790 ;
1358 2726 1618 2791 εἰπόντες,
1637 2729 1716 2781 ὅτι
1732 2746 1825 2782 κα-

250 2808 361 2872 θώς
384 2771 1158 2882 εἰσιιγάέουχωρὶςιοῐἅγγελόι
1175 2830 1188 2843 ’
1210 2815 1270 2867 τὸ
1403 2771 1890 2890 ὄμοιοξέκείνοιθί

249 2902 344 2954 τὸν
370 2901 651 2973 ἄνθρωπον
676 2900 815 2957 εῖναι
845 2908 978 2977 πρὸς
1008 2908 1103 2977 τῆς
1130 2907 1516 2981 παραϐάσεως,
1545 2910 1814 2967 δείκνυσιν

248 2998 281 3060 ἡ
312 2997 392 3058 εἰς
418 2999 589 3049 ἐκεῖνο
619 2998 778 3051 πάλιν
810 2999 1269 3064 ἀποκατάστασις.
1309 3004 1524 3058 Τούτων
1563 3001 1655 3059 οὖν
1687 3008 1817 3076 ἡμῖν

250 3083 396 3137 οὕτω
432 3086 933 3157 διευκρινηθὲντων,
969 3092 1248 3145 ἐπανιτέον
1290 3094 1382 3146 ἐπὶ
1418 3095 1509 3147 τὸν
1557 3097 1818 3168 πρότερον

249 3176 411 3242 λόγον
436 3194 448 3205 ·
487 3177 604 3239 πῶς
641 3176 779 3247 μετά
811 3180 909 3248 τὴν
941 3180 1282 3251 κατασκευὴν
1329 3183 1430 3252 τῆς
1460 3185 1685 3247 εἰκόνος,
1722 3184 1819 3254 τὴν

1996 2632 2111 2691 Hoc
2138 2637 2281 2692 enim
2310 2636 2590 2706 aptissime
2636 2636 3089 2706 respondebimus
3137 2637 3370 2705 roganti,
3404 2636 3499 2705 qui

1926 2741 2045 2780 esse
2077 2726 2237 2781 homo
2268 2727 2385 2781 sine
2418 2727 2674 2796 conjugio
2724 2727 2992 2796 potuisset
3021 2743 3035 2778 :
3075 2728 3119 2781 si
3169 2727 3415 2782 dicamus
3443 2728 3497 2781 in

1925 2818 2082 2871 nobis
2118 2819 2217 2872 hoc
2254 2818 2367 2871 ﬁeri
2399 2819 2620 2886 perinde
2651 2819 2912 2888 potuisse,
2938 2826 3116 2887 .atque
3175 2817 3227 2870 in
3267 2818 3496 2886 angelis,

1925 2910 2097 2980 quiet
2133 2910 2237 2981 ipsi
2288 2910 2541 2981 eonjugio
2590 2926 2697 2964 non
2752 2919 2999 2964 utuntur.
3053 2909 3273 2978 Angelis
3316 2916 3496 2962 autem

1923 3012 2341 3059 consentaneam
2369 3004 2602 3058 hominis
2624 3011 2872 3056 naturam
2910 3010 3035 3055 ante
3062 3004 3273 3069 lapsum
3303 2999 3494 3064 fuisse,

1925 3095 1991 3149 de
2018 3096 2119 3148 hoc
2148 3102 2315 3162 patet,
2350 3093 2493 3162 quod
2526 3104 2578 3146 et
2606 3095 2659 3145 in
2696 3094 2964 3163 integrum
3003 3093 3273 3153 restituta,
3306 3091 3493 3145 consi-

1927 3185 2074 3238 milis
2106 3184 2308 3237 eisdem
2342 3183 2465 3236 erit.
2497 3182 2591 3236 His
2618 3182 2682 3235 ad
2713 3184 2856 3235 hunc
2885 3181 3100 3233 modum
3128 3180 3491 3248 inveStigatis,

249 3225 395 3322 κατὰ
423 3272 481 3324 τὸ
520 3225 684 3343 ἅρρεἰι
714 3275 805 3326 καὶ
830 3225 963 3343 Gillo
987 3225 1251 3346 διαφορὰν
1277 3278 1304 3328 6
1326 3225 1456 3338 Θεός
1475 3225 1827 3346 ὲπιτεξύᾶτάύ

2107 3225 2308 3237 om“...
2343 3225 2465 3236 ω...
2498 3225 2591 3236 ...υ
2618 3225 2682 3235 ..ν
2713 3225 2855 3235 ..νην
3128 3225 3491 3248 -....,-..οκ-.υ,

1928 3274 1995 3327 ad
2052 3274 2104 3327 id
2139 3272 2281 3335 unde
2348 3272 2579 3341 digressi
2631 3287 2842 3331 smnus,
2898 3282 3269 3323 revertamur:
3309 3286 3500 3337 quam-

249 3361 332 3431 τῷ
362 3362 659 3430 πλάσματι.
708 3365 848 3434 Πρὸς
885 3364 1039 3417 τοῦτο
1064 3363 1173 3435 γάρ
1215 3382 1355 3434 φημι
1377 3366 1644 3435 χρήσιμον
1684 3360 1820 3417 εἶναι

250 3455 313 3505 τὸ
348 3455 804 3525 προδιηνυσμὲνον
830 3458 958 3525 ἡμῖν
991 3452 1270 3524 θεώρημα.
1319 3455 1376 3507 '0
1402 3454 1510 3525 γὰρ
1543 3454 1610 3507 τὰ
1645 3456 1822 3508 πάντα

250 3544 593 3615 παραγαγὼν
624 3549 702 3609 εἰς
732 3547 793 3598 τὸ
827 3543 967 3600 εἶναι
993 3587 1008 3612 ,
1041 3547 1133 3599 καὶ
1174 3547 1293 3599 ὅλον
1319 3548 1376 3600 ὲν
1405 3546 1481 3616 τῷ
1514 3547 1628 3618 ἰδίῳ
1662 3548 1820 3617 θελή-

257 3654 391 3704 ματι
420 3638 512 3691 τὸν
541 3638 822 3709 ἄνθρωπον
853 3641 988 3711 πρὸς
1008 3640 1105 3711 τὴν
1139 3639 1289 3692 θείαν
1315 3638 1497 3691 εἰκόνα
1519 3639 1825 3709 διαμορφώ-

253 3746 377 3793 σας,
409 3729 470 3781 ού
503 3733 619 3793 ταῖς
646 3731 765 3783 κατ’
788 3730 963 3799 ὀλίγον
988 3731 1323 3802 προσθήκαις
1355 3730 1462 3784 τῶν
1495 3711 1877 3800 ὲπιγινομέ-ιῇ

253 3839 361 3873 νων
379 3821 657 3890 ἀνέμεινεν
685 3822 810 3875 ἰδεῖν
832 3823 923 3873 ἐπὶ
949 3823 1008 3874 τὸ
1029 3821 1158 3875 ἴδιον
1184 3822 1455 3892 πλήρωμα
1477 3822 1568 3874 τὸν
1593 3822 1824 3893 ἀριθμὸν

253 3912 366 3965 τῶν
384 3913 571 3981 ψυχῶν
603 3914 972 3984 τελειούμενον
996 3932 1008 3944 ο
1052 3915 1165 3968 ἀλλ’
1200 3914 1409 3985 ἀθρόως
1444 3914 1591 3984 αύτῷ
1617 3914 1826 3985 πληρώ-

258 4022 394 4073 ματι
432 4007 609 4058 πᾶσαν
641 4006 741 4076 τήν
766 4006 1109 4077 ἀνθρωπίνην
1139 4005 1295 4074 φύσιν
1332 4006 1418 4059 διὰ
1453 4007 1550 4074 τῆς
1580 4022 1826 4076 προγνω-

256 4094 455 4162 στικῆς
489 4095 766 4164 ἐνεργείας
796 4098 1166 4166 κατανοήσας,
1204 4096 1296 4148 καὶ
1329 4100 1393 4165 τῇ
1438 4096 1613 4167 ὑψηλῇ
1648 4114 1707 4149 τε
1732 4098 1825 4149 καὶ

1924 3366 2109 3418 obrem
2128 3362 2373 3418 videlicet
2395 3363 2695 3425 Deus,cum
2724 3361 3011 3430 imaginem
3038 3360 3493 3424 suicondidisset,

1922 3470 2087 3511 sexus
2164 3455 2392 3508 masculi
2450 3453 2774 3522 fetnineique
2833 3451 3127 3506 discrimen
3199 3452 3492 3506 addiderit.

1926 3547 2183 3617 Equidem
2214 3546 2281 3600 ad
2326 3546 2740 3614 explicationem
2791 3544 2956 3612 hujus
2985 3542 3303 3612 quaestionis
3354 3543 3488 3597 utile

1923 3639 2039 3692 fore
2064 3636 2336 3698 existimo,
2371 3634 2514 3704 quod
2550 3635 2709 3703 paulo
2739 3643 2864 3687 ante
2897 3632 3299 3687 considerando
3328 3632 3487 3702 quasi

1923 3729 2315 3791 conclusimus,
2344 3726 2535 3790 Deum,
2569 3726 2665 3795 qui
2697 3734 2846 3779 creat
2874 3724 3078 3788 omnia,
3113 3724 3289 3792 deque
3318 3723 3490 3777 animi

1924 3823 2009 3875 sui
2047 3819 2315 3875 sententia
2342 3817 2617 3871 hominem
2644 3824 2817 3870 totum
2854 3815 2920 3868 ad
2946 3814 3233 3884 imaginem
3257 3812 3495 3866 divinam

1924 3908 2630 3973 conformavit,.noluisse
2697 3907 3006 3959 animorum
3071 3919 3356 3958 numerum
3418 3904 3492 3955 ita

1924 4002 2206 4071 compleri,
2242 4007 2299 4053 ut
2329 4014 2477 4053 nunc
2510 3999 2595 4051 bis
2633 4012 2778 4051 nunc
2810 3997 2915 4051 illis
2956 3997 3011 4049 in
3046 3997 3222 4049 lucem
3256 3995 3491 4064 posteris

1924 4092 2083 4147 editis
2109 4091 2490 4158 adaugeretur,
2525 4088 2618 4141 sed
2648 4101 2769 4141 cum
2799 4086 2988 4139 eodem
3042 4093 3340 4147 momento,
3392 4098 3499 4155 quo

260 4186 534 4256 ὶσαγγέλῳ
574 4176 722 4257 λήξει
760 4164 1027 4257 τιμήσας,
1048 4188 1231 4259 ἐπειδὴ
1263 4164 1475 4259 προεῖδε
1500 4164 1565 4258 τῇ
1589 4164 1823 4257 νόρατικῇ

1927 4191 2177 4236 naturam
2225 4180 2519 4232 humanam
2571 4177 2836 4238 condidit,
2891 4191 3009 4229 eam
3082 4177 3390 4229 universam
3448 4184 3502 4228 et

254 4276 485 4346 δυνάμει
518 4278 590 4347 μὴ
618 4278 1029 4348 εύθυποροῦσαν
1064 4279 1200 4349 πρὸς
1230 4279 1293 4331 τὸ
1321 4279 1483 4331 καλὸν
1509 4282 1607 4349 τὴν
1636 4279 1827 4349 προαί-

261 4384 436 4437 ρεσιν,
468 4368 559 4419 καὶ
586 4367 673 4420 διὰ
694 4368 851 4421 τοῦτο
874 4369 973 4438 τῆς
1000 4369 1295 4439 ἀγγελικῆς
1321 4367 1465 4437 ζωῆς
1499 4369 1829 4423 ἀποπίπτου-

260 4476 363 4511 σαν
386 4475 399 4486 ·
427 4459 501 4521 ὡς
526 4457 591 4511 ἂν
617 4458 689 4529 μὴ
712 4455 1037 4527 κολοϐωθείη
1065 4461 1123 4511 τὸ
1151 4459 1259 4511 τῶν
1283 4460 1467 4529 ψυχῶν
1494 4460 1601 4513 τῶν
1624 4462 1830 4532 ἀνθρω-

1927 4272 2191 4338 integram
2227 4268 2484 4323 facultate
2513 4281 2612 4320 sua
2661 4266 2846 4318 futura
2899 4266 3262 4334 prospiciente
3314 4266 3495 4319 intue-

1926 4371 2102 4424 retur,
2159 4361 2485 4428 excelsoque
2537 4358 2593 4412 in
2657 4358 2941 4427 dignitatis
3003 4357 3215 4427 gradu,
3283 4365 3337 4411 et
3402 4357 3499 4426 qui

1927 4455 2239 4523 angelorum
2265 4450 2561 4505 conditioni
2586 4466 2682 4518 par
2708 4458 2873 4513 esset,
2898 4450 3193 4503 collocaret
3217 4468 3230 4503 :
3254 4450 3502 4502 animad-

258 4550 436 4601 πίνων
463 4550 696 4619 πλῆθος,
730 4550 958 4601 ἐκπεσὸν
985 4551 1193 4602 ἐκείνου
1226 4550 1321 4603 τοῦ
1356 4552 1577 4621 τρόπου,
1613 4553 1735 4607 καθ’
1770 4553 1827 4607 ὃν

1928 4548 2157 4601 vertisse
2196 4546 2249 4597 vi
2295 4545 2519 4604 divina,
2567 4544 2793 4597 liberam
2850 4544 3085 4596 hominis
3135 4543 3188 4595 in
3250 4542 3501 4612 eligendo

255 4649 307 4698 οἱ
338 4644 559 4713 ἄγγελοι
589 4645 723 4712 πρὸς
741 4644 801 4697 τὸ
832 4644 1033 4714 πλῆθος
1062 4645 1373 4717 ηὐξήθησαν
1397 4664 1410 4677 ·
1435 4647 1521 4700 διὰ
1544 4649 1706 4703 τοῦτο
1730 4650 1827 4718 τὴν

1933 4639 2266 4691 voluntatem
2298 4651 2404 4689 non
2437 4634 2538 4705 (uti
2568 4634 2818 4702 debebat)
2842 4635 3060 4687 virtutis
3084 4634 3227 4687 viam
3269 4634 3498 4704 ingredi.

256 4737 597 4806 κατάλληλον
644 4739 758 4800 τοῖς
798 4739 877 4800 εἰς
929 4737 1204 4808 ἁμαρτίαν
1256 4739 1676 4810 κατολισθήσασι
1725 4741 1826 4811 τῆς

257 4828 545 4898 αὐξήσεως
581 4828 819 4880 ἐπίνοιαν
864 4829 1321 4896 ἐγκατασκευάζει
1364 4832 1429 4901 τῇ
1480 4831 1678 4899 φύσει,
1711 4833 1830 4885 ἀντὶ

254 4924 360 4990 τῆς
389 4920 680 4989 ἀγγελικῆς
709 4920 1075 4988 μεγαλοψυῖας
1107 4921 1194 4973 τὸν
1222 4922 1464 4993 κτηνώδη
1491 4941 1550 4975 τε
1577 4925 1671 4975 καὶ
1702 4923 1828 4977 ἄλο-

257 5030 359 5083 γον
402 5013 499 5081 τῆς
524 5010 581 5075 ἐξ
611 5012 852 5081 ἀλλήλων
876 5011 1120 5082 διαδοχῆς
1152 5013 1349 5083 τρόπον
1388 5015 1729 5084 ἐμφυτεύσας
1760 5018 1825 5086 τῇ

257 5106 665 5176 ἀνθρωπότητι.
712 5104 993 5157 Ἐντεῦθεν
1033 5122 1121 5175 μοι
1159 5106 1304 5159 δοκεῖ
1336 5110 1427 5160 καὶ
1458 5111 1485 5161 6
1528 5110 1703 5179 μέγας
1735 5104 1831 5161 Δαλ

260 5197 351 5249 (λδ
391 5194 864 5263 κατοικτιζόμενος
896 5195 989 5248 τοῦ
1036 5194 1322 5265 ἀνθρώπου
1366 5199 1463 5268 τὴν
1500 5200 1789 5268 ἀθλιότητα
1812 5242 1825 5264 ,

258 5289 523 5349 τοιούτοις
541 5288 717 5354 λόγοις
731 5288 900 5340 καταθ
911 5288 1138 5358 ρηνῆσαι
1154 5287 1251 5359 τὴν
1265 5288 1442 5357 φύσιν·
1464 5289 1545 5341 ὅτι
1563 5308 1580 5339 ι
1596 5289 1834 5358 Ἀνθρω-

263 5398 367 5441 πος
401 5381 459 5430 ὲν
485 5382 617 5448 τιμῇ
652 5379 726 5431 ὢν
754 5380 813 5431 ού
847 5380 1076 5449 συνῆκεο
1107 5398 1124 5431 ι
1156 5380 1318 5451 τιμὴν
1346 5380 1537 5448 λέγων,
1573 5379 1670 5434 τὴν
1696 5379 1833 5451 πρὸς

1936 4734 2122 4800 itaque
2156 4729 2248 4782 ubi
2273 4728 2339 4782 de
2375 4729 2530 4781 beato
2571 4726 2695 4779 vitae
2724 4727 2983 4795 angelicae
3013 4733 3159 4779 statu
3195 4726 3503 4780 exorllitas-

1937 4832 2038 4884 set,
2088 4836 2157 4874 ne
2206 4820 2568 4873 humanorum
2604 4819 2912 4872 animorum
2946 4818 3095 4871 natio
3149 4818 3269 4872 sine
3320 4819 3499 4872 incre-

1937 4920 2121 4967 mento
2182 4920 2349 4972 esset,
2405 4911 2612 4964 amisso
2685 4909 3093 4979 propagationis
3164 4909 3349 4973 modo,
3391 4923 3499 4978 quo

1935 5004 2249 5073 angelorum
2278 5010 2434 5055 erant
2464 5011 2637 5053 auctae
2670 4999 2858 5067 copiae,
2912 4998 3179 5053 rationem
3204 4999 3499 5068 quamdam

1878 5091 2176 5164 iinvenit,
2245 5109 2351 5163 qua
2423 5108 2594 5163 genus
2662 5092 2954 5147 humanum
3036 5091 3496 5161 ampliﬁcaretur,

1934 5196 2358 5243 consentaneam
2395 5196 2600 5239 natura:
2651 5192 2872 5247 nostrae,
2903 5182 2995 5251 qui
3034 5182 3088 5236 in
3145 5182 3335 5236 vitium
3373 5196 3500 5249 pro-

1938 5281 2076 5350 lapsi
2128 5293 2367 5335 eramus.
2413 5276 2548 5331 Nam
2604 5292 2703 5347 pro
2754 5283 3047 5345 prmstante
3093 5276 3187 5328 illo
3244 5275 3498 5344 angelicae

1940 5381 2152 5428 naturae
2182 5370 2342 5425 modo
2374 5370 2540 5422 alium
2578 5368 2865 5437 quemdam
2900 5368 3056 5422 nobis
3100 5368 3397 5429 concessit,
3443 5376 3501 5419 ut

258 5462 389 5516 tuo;
415 5458 681 5525 ἀγγέλους
706 5461 1013 5529 ὀμοτιμίαν.
1034 5463 1130 5515 Διά
1156 5463 1330 5528 τοῦτο,
1365 5468 1515 5535 φησι,
1551 5486 1827 5539 παρασυν-

291 5543 338 5560 ρ⁵
371 5543 380 5560 ο
399 5541 424 5560 Λ
446 5557 460 5560 _
526 5559 536 5560 γ
583 5545 601 5558 ο
751 5544 761 5559 1
1012 5549 1031 5560 ει
1128 5549 1139 5560 ι
1224 5552 1235 5560 ι
1523 5554 1530 5560 .
1596 5554 1606 5560 .
1741 5555 1750 5560 .
1772 5555 1787 5560 Α

1939 5462 2223 5516 brutorum
2252 5458 2587 5525 rationisque
2618 5458 2921 5524 expertinm
2978 5456 3296 5509 animalium
3352 5470 3503 5509 more

256 5541 467 5611 εὸλήθη
519 5545 630 5605 τοῖς
670 5544 891 5613 κτήνεσι
948 5549 1060 5610 τοῖς
1116 5549 1390 5620 ἀνοήτοις,
1452 5554 1543 5605 καὶ
1579 5554 1827 5630 ὡμοιώθη

1941 5560 2156 5610 nosmet
2188 5548 2539 5621 propagando
2572 5554 3039 5616 pcrpetuaremus.
3074 5545 3224 5599 ilanc
3252 5546 3322 5599 ob
3374 5559 3501 5598 cau-

261 5634 472 5694 αὐτοῖς.
514 5634 719 5695 Ὄντως
751 5635 861 5705 γὰρ
903 5638 1178 5710 κτηνώδης
1218 5643 1431 5710 ἐγένετο
1466 5648 1493 5699 6
1526 5646 1623 5717 τὴν
1662 5647 1832 5718 ῥοώδη

337 5811 377 5843 ⁸⁸
411 5810 556 5875 Psal.
592 5828 775 5872 XLVIII.
799 5813 886 5868 ‘21.

1941 5661 2058 5703 sam
2111 5657 2338 5714 magnus
2387 5642 2476 5697 ille
2520 5634 3369 5713 Davides“,hominismiseriam
3416 5636 3501 5690 his
