  <div class='ocr_page' id='page_1' title='image "/cluster/home/n/w/nwhite01/storage/ocr_20150623/44/hvd.32044012542270/105.png"; bbox 0 0 3996 6510; ppageno 0'>
   <div class='ocr_carea' id='block_1_1' title="bbox 529 393 3803 460">
    <p class='ocr_par' dir='ltr' id='par_1_1' title="bbox 529 393 3803 460">
     <span class='ocr_line' id='line_1_1' title="bbox 529 393 3803 460; baseline 0.002 -12"><span class='ocrx_word' id='word_1_1' title='bbox 529 393 621 448; x_wconf 61' lang='grc' dir='ltr'>μοι</span> <span class='ocrx_word' id='word_1_2' title='bbox 1693 393 1750 450; x_wconf 94' lang='lat' dir='ltr'><strong>S.</strong></span> <span class='ocrx_word' id='word_1_3' title='bbox 1793 393 2120 454; x_wconf 73' lang='lat' dir='ltr'><strong>GREGORII</strong></span> <span class='ocrx_word' id='word_1_4' title='bbox 2163 399 2460 460; x_wconf 79' lang='lat' dir='ltr'><strong>NYSSENI</strong></span> <span class='ocrx_word' id='word_1_5' title='bbox 3697 404 3722 455; x_wconf 77' lang='grc'><strong>1</strong></span> <span class='ocrx_word' id='word_1_6' title='bbox 3737 403 3803 455; x_wconf 69' lang='lat'><strong>9?.</strong></span> 
     </span>
    </p>
   </div>
   <div class='ocr_carea' id='block_1_2' title="bbox 529 491 2107 594">
    <p class='ocr_par' dir='ltr' id='par_1_2' title="bbox 529 509 2100 580">
     <span class='ocr_line' id='line_1_2' title="bbox 529 509 2100 580; baseline 0.001 -14"><span class='ocrx_word' id='word_1_7' title='bbox 529 511 662 566; x_wconf 82' lang='lat' dir='ltr'><strong>mihi</strong></span> <span class='ocrx_word' id='word_1_8' title='bbox 693 509 874 564; x_wconf 88' lang='lat' dir='ltr'><strong>verbis</strong></span> <span class='ocrx_word' id='word_1_9' title='bbox 897 509 1214 580; x_wconf 86' lang='lat' dir='ltr'><strong>deplorasse</strong></span> <span class='ocrx_word' id='word_1_10' title='bbox 1237 509 1456 564; x_wconf 86' lang='lat' dir='ltr'><strong>videtur</strong></span> <span class='ocrx_word' id='word_1_11' title='bbox 1483 528 1496 564; x_wconf 91' lang='lat'><strong>:</strong></span> <span class='ocrx_word' id='word_1_12' title='bbox 1537 528 1554 562; x_wconf 78' lang='grc' dir='ltr'><strong>ι</strong></span> <span class='ocrx_word' id='word_1_13' title='bbox 1595 510 1768 564; x_wconf 86' lang='lat' dir='ltr'><strong>llomo</strong></span> <span class='ocrx_word' id='word_1_14' title='bbox 1797 528 1922 567; x_wconf 90' lang='lat' dir='ltr'><strong>cum</strong></span> <span class='ocrx_word' id='word_1_15' title='bbox 1953 523 2100 570; x_wconf 88' lang='lat' dir='ltr'><strong>esset</strong></span> 
     </span>
    </p>
   </div>
   <div class='ocr_carea' id='block_1_3' title="bbox 2224 491 3802 594">
    <p class='ocr_par' dir='ltr' id='par_1_3' title="bbox 2224 518 3802 594">
     <span class='ocr_line' id='line_1_3' title="bbox 2224 518 3802 594; baseline 0.002 -25"><span class='ocrx_word' id='word_1_16' title='bbox 2224 518 2406 590; x_wconf 78' lang='grc' dir='ltr'>ταύτην</span> <span class='ocrx_word' id='word_1_17' title='bbox 2447 519 2659 588; x_wconf 79' lang='grc' dir='ltr'>γένεσιν</span> <span class='ocrx_word' id='word_1_18' title='bbox 2701 525 2766 592; x_wconf 86' lang='grc' dir='ltr'>τῇ</span> <span class='ocrx_word' id='word_1_19' title='bbox 2813 523 2972 590; x_wconf 85' lang='grc' dir='ltr'>φύσει</span> <span class='ocrx_word' id='word_1_20' title='bbox 3027 522 3472 594; x_wconf 80' lang='grc' dir='ltr'>παραδεξάμενος</span> <span class='ocrx_word' id='word_1_21' title='bbox 3497 565 3513 588; x_wconf 89' lang='grc'><strong>,</strong></span> <span class='ocrx_word' id='word_1_22' title='bbox 3570 523 3660 576; x_wconf 76' lang='grc' dir='ltr'><strong>διὰ</strong></span> <span class='ocrx_word' id='word_1_23' title='bbox 3695 521 3802 590; x_wconf 69' lang='grc' dir='ltr'><strong>τὴν</strong></span> 
     </span>
    </p>
   </div>
   <div class='ocr_carea' id='block_1_4' title="bbox 529 599 2107 685">
    <p class='ocr_par' dir='ltr' id='par_1_4' title="bbox 529 599 2106 674">
     <span class='ocr_line' id='line_1_4' title="bbox 529 599 2106 674; baseline 0.003 -18"><span class='ocrx_word' id='word_1_24' title='bbox 529 605 582 656; x_wconf 86' lang='lat' dir='ltr'><strong>in</strong></span> <span class='ocrx_word' id='word_1_25' title='bbox 614 599 900 668; x_wconf 87' lang='lat' dir='ltr'><strong>dignitate,</strong></span> <span class='ocrx_word' id='word_1_26' title='bbox 923 601 1168 654; x_wconf 84' lang='lat' dir='ltr'><strong>animum</strong></span> <span class='ocrx_word' id='word_1_27' title='bbox 1193 615 1304 655; x_wconf 87' lang='lat' dir='ltr'><strong>non</strong></span> <span class='ocrx_word' id='word_1_28' title='bbox 1331 602 1568 656; x_wconf 85' lang='lat' dir='ltr'><strong>advertit</strong></span> <span class='ocrx_word' id='word_1_29' title='bbox 1599 621 1612 656; x_wconf 93' lang='lat'>:</span> <span class='ocrx_word' id='word_1_30' title='bbox 1649 621 1670 654; x_wconf 74' lang='grc' dir='ltr'><strong>ι</strong></span> <span class='ocrx_word' id='word_1_31' title='bbox 1725 605 1984 658; x_wconf 85' lang='lat' dir='ltr'><strong>nimirum</strong></span> <span class='ocrx_word' id='word_1_32' title='bbox 2009 622 2106 674; x_wconf 88' lang='lat' dir='ltr'><strong>per</strong></span> 
     </span>
    </p>
   </div>
   <div class='ocr_carea' id='block_1_5' title="bbox 2161 599 3739 685">
    <p class='ocr_par' dir='ltr' id='par_1_5' title="bbox 2213 610 3739 685">
     <span class='ocr_line' id='line_1_5' title="bbox 2213 610 3739 685; baseline 0.011 -24"><span class='ocrx_word' id='word_1_33' title='bbox 2213 610 2350 680; x_wconf 71' lang='grc' dir='ltr'>πρὸς</span> <span class='ocrx_word' id='word_1_34' title='bbox 2375 611 2438 664; x_wconf 84' lang='grc' dir='ltr'>τὺ</span> <span class='ocrx_word' id='word_1_35' title='bbox 2468 613 2668 676; x_wconf 83' lang='grc' dir='ltr'>ὑλῶδες</span> <span class='ocrx_word' id='word_1_36' title='bbox 2693 615 2882 685; x_wconf 82' lang='grc' dir='ltr'>ῥοπήν.</span> <span class='ocrx_word' id='word_1_37' title='bbox 3737 673 3739 678; x_wconf 94' lang='grc'><strong>.</strong></span> 
     </span>
    </p>
   </div>
   <div class='ocr_carea' id='block_1_6' title="bbox 527 691 3797 778">
    <p class='ocr_par' dir='ltr' id='par_1_6' title="bbox 527 691 3797 778">
     <span class='ocr_line' id='line_1_6' title="bbox 527 691 3797 778; baseline 0.005 -34"><span class='ocrx_word' id='word_1_38' title='bbox 527 691 805 758; x_wconf 71' lang='lat' dir='ltr'><strong>dignitatis</strong></span> <span class='ocrx_word' id='word_1_39' title='bbox 835 699 1036 745; x_wconf 87' lang='lat' dir='ltr'><strong>statum</strong></span> <span class='ocrx_word' id='word_1_40' title='bbox 1079 692 1364 756; x_wconf 79' lang='lat' dir='ltr'><strong>intellexit,</strong></span> <span class='ocrx_word' id='word_1_41' title='bbox 1403 694 1613 762; x_wconf 79' lang='lat' dir='ltr'><strong>angelis</strong></span> <span class='ocrx_word' id='word_1_42' title='bbox 1663 694 1940 750; x_wconf 85' lang='lat' dir='ltr'><strong>hominem</strong></span> <span class='ocrx_word' id='word_1_43' title='bbox 1988 697 2304 755; x_wconf 88' lang='lat' dir='ltr'><strong>conditione</strong></span> <span class='ocrx_word' id='word_1_44' title='bbox 2355 717 2565 778; x_wconf 41' lang='lat' dir='ltr'><strong>parem.</strong></span> <span class='ocrx_word' id='word_1_45' title='bbox 2603 704 2793 768; x_wconf 89' lang='lat' dir='ltr'><strong>fuisse,</strong></span> <span class='ocrx_word' id='word_1_46' title='bbox 2855 706 3078 774; x_wconf 87' lang='lat' dir='ltr'><strong>subjicit</strong></span> <span class='ocrx_word' id='word_1_47' title='bbox 3130 715 3360 763; x_wconf 89' lang='lat' dir='ltr'><strong>autem:</strong></span> <span class='ocrx_word' id='word_1_48' title='bbox 3413 707 3624 762; x_wconf 85' lang='lat' dir='ltr'><strong>idcirco</strong></span> <span class='ocrx_word' id='word_1_49' title='bbox 3655 708 3797 760; x_wconf 88' lang='lat' dir='ltr'><strong>hru-</strong></span> 
     </span>
    </p>
   </div>
   <div class='ocr_carea' id='block_1_7' title="bbox 531 784 3802 871">
    <p class='ocr_par' dir='ltr' id='par_1_7' title="bbox 531 784 3802 871">
     <span class='ocr_line' id='line_1_7' title="bbox 531 784 3802 871; baseline 0.005 -35"><span class='ocrx_word' id='word_1_50' title='bbox 531 786 600 837; x_wconf 85' lang='lat' dir='ltr'><strong>tis</strong></span> <span class='ocrx_word' id='word_1_51' title='bbox 645 794 729 838; x_wconf 88' lang='lat' dir='ltr'><strong>est</strong></span> <span class='ocrx_word' id='word_1_52' title='bbox 772 784 1148 840; x_wconf 86' lang='lat' dir='ltr'><strong>animantibus</strong></span> <span class='ocrx_word' id='word_1_53' title='bbox 1179 794 1553 853; x_wconf 88' lang='lat' dir='ltr'><strong>comparatus,</strong></span> <span class='ocrx_word' id='word_1_54' title='bbox 1585 793 1640 840; x_wconf 88' lang='lat' dir='ltr'><strong>et</strong></span> <span class='ocrx_word' id='word_1_55' title='bbox 1686 788 1878 843; x_wconf 85' lang='lat' dir='ltr'><strong>iisdem</strong></span> <span class='ocrx_word' id='word_1_56' title='bbox 1923 788 2412 871; x_wconf 82' lang='lat' dir='ltr'><strong>elfectns_similis.</strong></span> <span class='ocrx_word' id='word_1_57' title='bbox 2468 795 2724 852; x_wconf 87' lang='lat' dir='ltr'><strong>Profecto</strong></span> <span class='ocrx_word' id='word_1_58' title='bbox 2775 801 2920 853; x_wconf 89' lang='lat' dir='ltr'><strong>enim</strong></span> <span class='ocrx_word' id='word_1_59' title='bbox 2954 800 3257 864; x_wconf 87' lang='lat' dir='ltr'><strong>obbrutuit,</strong></span> <span class='ocrx_word' id='word_1_60' title='bbox 3297 812 3586 871; x_wconf 85' lang='lat' dir='ltr'><strong>postquam</strong></span> <span class='ocrx_word' id='word_1_61' title='bbox 3640 815 3802 854; x_wconf 86' lang='lat' dir='ltr'><strong>more</strong></span> 
     </span>
    </p>
   </div>
   <div class='ocr_carea' id='block_1_8' title="bbox 527 860 3798 962">
    <p class='ocr_par' dir='ltr' id='par_1_8' title="bbox 527 860 3798 962">
     <span class='ocr_line' id='line_1_8' title="bbox 527 860 3798 962; baseline 0.006 -30"><span class='ocrx_word' id='word_1_62' title='bbox 527 877 812 932; x_wconf 89' lang='lat' dir='ltr'><strong>brutorum</strong></span> <span class='ocrx_word' id='word_1_63' title='bbox 873 880 1164 951; x_wconf 81' lang='lat' dir='ltr'><strong>propagari</strong></span> <span class='ocrx_word' id='word_1_64' title='bbox 1224 880 1430 950; x_wconf 75' lang='lat' dir='ltr'><strong>cmpit,</strong></span> <span class='ocrx_word' id='word_1_65' title='bbox 1491 881 1854 952; x_wconf 89' lang='lat' dir='ltr'><strong>degenerante</strong></span> <span class='ocrx_word' id='word_1_66' title='bbox 1911 884 2088 954; x_wconf 90' lang='lat' dir='ltr'><strong>ipsius</strong></span> <span class='ocrx_word' id='word_1_67' title='bbox 2141 860 2481 955; x_wconf 58' lang='lat' dir='ltr'><strong>p?azstantia,</strong></span> <span class='ocrx_word' id='word_1_68' title='bbox 2530 907 2702 962; x_wconf 88' lang='lat' dir='ltr'><strong>seque</strong></span> <span class='ocrx_word' id='word_1_69' title='bbox 2749 894 3070 950; x_wconf 87' lang='lat' dir='ltr'><strong>demittente</strong></span> <span class='ocrx_word' id='word_1_70' title='bbox 3110 895 3178 949; x_wconf 90' lang='lat' dir='ltr'><strong>ad</strong></span> <span class='ocrx_word' id='word_1_71' title='bbox 3221 860 3458 951; x_wconf 62' lang='grc' dir='ltr'><strong>ιιιιίιιιτιι⁸</strong></span> <span class='ocrx_word' id='word_1_72' title='bbox 3488 895 3798 953; x_wconf 85' lang='lat' dir='ltr'><strong>crassioris</strong></span> 
     </span>
    </p>
   </div>
   <div class='ocr_carea' id='block_1_9' title="bbox 529 970 918 1026">
    <p class='ocr_par' dir='ltr' id='par_1_9' title="bbox 529 970 918 1026">
     <span class='ocr_line' id='line_1_9' title="bbox 529 970 918 1026; baseline 0 -2"><span class='ocrx_word' id='word_1_73' title='bbox 529 970 918 1026; x_wconf 85' lang='lat' dir='ltr'><strong>conditionem.</strong></span> 
     </span>
    </p>
   </div>
   <div class='ocr_carea' id='block_1_10' title="bbox 1097 1087 2675 1156">
    <p class='ocr_par' dir='ltr' id='par_1_10' title="bbox 1097 1087 1550 1147">
     <span class='ocr_line' id='line_1_10' title="bbox 1097 1087 1550 1147; baseline 0.002 -1"><span class='ocrx_word' id='word_1_74' title='bbox 1097 1087 1328 1146; x_wconf 78' lang='lat' dir='ltr'><strong>CAPUT</strong></span> <span class='ocrx_word' id='word_1_75' title='bbox 1367 1089 1550 1147; x_wconf 83' lang='lat' dir='ltr'><strong>XVIII.</strong></span> 
     </span>
    </p>
   </div>
   <div class='ocr_carea' id='block_1_11' title="bbox 1689 1087 3267 1156">
    <p class='ocr_par' dir='ltr' id='par_1_11' title="bbox 2729 1097 3267 1156">
     <span class='ocr_line' id='line_1_11' title="bbox 2729 1097 3267 1156; baseline 0.009 -6"><span class='ocrx_word' id='word_1_76' title='bbox 2729 1097 3132 1154; x_wconf 80' lang='grc' dir='ltr'><strong>ΚΕΦΑΛΑῘΟΝ</strong></span> <span class='ocrx_word' id='word_1_77' title='bbox 3161 1101 3267 1156; x_wconf 86' lang='grc' dir='ltr'><strong>ΙΗ’.</strong></span> 
     </span>
    </p>
   </div>
   <div class='ocr_carea' id='block_1_12' title="bbox 529 1177 2107 1268">
    <p class='ocr_par' dir='ltr' id='par_1_12' title="bbox 529 1177 2107 1268">
     <span class='ocr_line' id='line_1_12' title="bbox 529 1177 2107 1268; baseline 0.003 -35"><span class='ocrx_word' id='word_1_78' title='bbox 529 1177 962 1268; x_wconf 60' lang='grc' dir='ltr'>Ρεττειτὺαιὶοηερ</span> <span class='ocrx_word' id='word_1_79' title='bbox 993 1181 1046 1234; x_wconf 83' lang='lat' dir='ltr'><strong>in</strong></span> <span class='ocrx_word' id='word_1_80' title='bbox 1077 1183 1227 1236; x_wconf 87' lang='lat' dir='ltr'><strong>nobis</strong></span> <span class='ocrx_word' id='word_1_81' title='bbox 1263 1183 1450 1246; x_wconf 85' lang='lat' dir='ltr'><strong>animi,</strong></span> <span class='ocrx_word' id='word_1_82' title='bbox 1483 1185 1688 1238; x_wconf 78' lang='lat' dir='ltr'><strong>alienas</strong></span> <span class='ocrx_word' id='word_1_83' title='bbox 1718 1201 1750 1238; x_wconf 88' lang='lat' dir='ltr'><strong>a</strong></span> <span class='ocrx_word' id='word_1_84' title='bbox 1775 1185 2003 1264; x_wconf 75' lang='lat' dir='ltr'><strong>ratione,</strong></span> <span class='ocrx_word' id='word_1_85' title='bbox 2040 1201 2107 1240; x_wconf 75' lang='lat' dir='ltr'><strong>ea:</strong></span> 
     </span>
    </p>
   </div>
   <div class='ocr_carea' id='block_1_13' title="bbox 2217 1177 3795 1268">
    <p class='ocr_par' dir='ltr' id='par_1_13' title="bbox 2217 1182 3795 1268">
     <span class='ocr_line' id='line_1_13' title="bbox 2217 1182 3795 1268; baseline 0.011 -33"><span class='ocrx_word' id='word_1_86' title='bbox 2217 1182 2349 1268; x_wconf 46' lang='lat' dir='ltr'><strong>&#39;Ogt‘</strong></span> <span class='ocrx_word' id='word_1_87' title='bbox 2377 1184 2450 1238; x_wconf 84' lang='grc' dir='ltr'>τὰ</span> <span class='ocrx_word' id='word_1_88' title='bbox 2488 1184 2678 1268; x_wconf 73' lang='grc' dir='ltr'>ἄλογα</span> <span class='ocrx_word' id='word_1_89' title='bbox 2707 1186 2775 1238; x_wconf 72' lang='grc' dir='ltr'>ἐν</span> <span class='ocrx_word' id='word_1_90' title='bbox 2821 1188 2966 1255; x_wconf 80' lang='grc' dir='ltr'><strong>ἡμῖν</strong></span> <span class='ocrx_word' id='word_1_91' title='bbox 3000 1189 3158 1268; x_wconf 65' lang='grc' dir='ltr'>πάθη</span> <span class='ocrx_word' id='word_1_92' title='bbox 3179 1191 3268 1268; x_wconf 38' lang='grc' dir='ltr'>,ἐκ</span> <span class='ocrx_word' id='word_1_93' title='bbox 3290 1262 3302 1268; x_wconf 87' lang='lat'><em>_</em></span> <span class='ocrx_word' id='word_1_94' title='bbox 3320 1191 3433 1260; x_wconf 84' lang='grc' dir='ltr'>τῆς</span> <span class='ocrx_word' id='word_1_95' title='bbox 3464 1195 3614 1268; x_wconf 61' lang='grc' dir='ltr'>πρὸς</span> <span class='ocrx_word' id='word_1_96' title='bbox 3665 1198 3795 1268; x_wconf 76' lang='grc' dir='ltr'><strong>τὴν</strong></span> 
     </span>
    </p>
   </div>
   <div class='ocr_carea' id='block_1_14' title="bbox 657 1251 2235 1336">
    <p class='ocr_par' dir='ltr' id='par_1_14' title="bbox 657 1251 1954 1325">
     <span class='ocr_line' id='line_1_14' title="bbox 657 1251 1954 1325; baseline 0.005 -23"><span class='ocrx_word' id='word_1_97' title='bbox 657 1251 754 1304; x_wconf 79' lang='lat' dir='ltr'><strong>hac</strong></span> <span class='ocrx_word' id='word_1_98' title='bbox 781 1269 898 1304; x_wconf 87' lang='lat' dir='ltr'><strong>cum</strong></span> <span class='ocrx_word' id='word_1_99' title='bbox 928 1253 1202 1306; x_wconf 81' lang='lat' dir='ltr'><strong>brutorum</strong></span> <span class='ocrx_word' id='word_1_100' title='bbox 1231 1263 1424 1306; x_wconf 73' lang='lat' dir='ltr'><strong>natura</strong></span> <span class='ocrx_word' id='word_1_101' title='bbox 1457 1257 1770 1325; x_wconf 76' lang='lat' dir='ltr'><strong>cognatione</strong></span> <span class='ocrx_word' id='word_1_102' title='bbox 1800 1257 1954 1308; x_wconf 79' lang='lat' dir='ltr'><strong>oriri.</strong></span> 
     </span>
    </p>
   </div>
   <div class='ocr_carea' id='block_1_15' title="bbox 2133 1251 3711 1336">
    <p class='ocr_par' dir='ltr' id='par_1_15' title="bbox 2272 1251 3711 1336">
     <span class='ocr_line' id='line_1_15' title="bbox 2272 1251 3711 1336; baseline 0.012 -32"><span class='ocrx_word' id='word_1_103' title='bbox 2272 1254 2498 1323; x_wconf 65' lang='grc' dir='ltr'>ἄλογον</span> <span class='ocrx_word' id='word_1_104' title='bbox 2516 1257 2704 1323; x_wconf 62' lang='grc' dir='ltr'>φύσιν</span> <span class='ocrx_word' id='word_1_105' title='bbox 2737 1251 3094 1326; x_wconf 56' lang='grc' dir='ltr'>συγγενείας</span> <span class='ocrx_word' id='word_1_106' title='bbox 3131 1251 3240 1324; x_wconf 63' lang='grc' dir='ltr'>τὰς</span> <span class='ocrx_word' id='word_1_107' title='bbox 3271 1251 3544 1332; x_wconf 62' lang='grc' dir='ltr'><strong>ἀφὸῥμὰξι</strong></span> <span class='ocrx_word' id='word_1_108' title='bbox 3565 1251 3711 1336; x_wconf 54' lang='grc' dir='ltr'>ἔχει.</span> 
     </span>
    </p>
   </div>
   <div class='ocr_carea' id='block_1_16' title="bbox 599 1335 2177 1419">
    <p class='ocr_par' dir='ltr' id='par_1_16' title="bbox 599 1339 2152 1416">
     <span class='ocr_line' id='line_1_16' title="bbox 599 1339 2152 1416; baseline 0.005 -22"><span class='ocrx_word' id='word_1_109' title='bbox 599 1339 734 1395; x_wconf 83' lang='lat' dir='ltr'><strong>Nam</strong></span> <span class='ocrx_word' id='word_1_110' title='bbox 791 1344 1044 1412; x_wconf 87' lang='lat' dir='ltr'><strong>equidem</strong></span> <span class='ocrx_word' id='word_1_111' title='bbox 1099 1345 1376 1408; x_wconf 80' lang='lat' dir='ltr'><strong>existimo,</strong></span> <span class='ocrx_word' id='word_1_112' title='bbox 1432 1346 1500 1400; x_wconf 91' lang='lat' dir='ltr'><strong>de</strong></span> <span class='ocrx_word' id='word_1_113' title='bbox 1547 1348 1650 1400; x_wconf 93' lang='lat' dir='ltr'><strong>hac</strong></span> <span class='ocrx_word' id='word_1_114' title='bbox 1708 1348 1826 1416; x_wconf 89' lang='lat' dir='ltr'><strong>ipsa</strong></span> <span class='ocrx_word' id='word_1_115' title='bbox 1888 1347 2152 1414; x_wconf 78' lang='lat' dir='ltr'><strong>origine&#39;</strong></span> 
     </span>
    </p>
   </div>
   <div class='ocr_carea' id='block_1_17' title="bbox 2211 1335 3789 1419">
    <p class='ocr_par' dir='ltr' id='par_1_17' title="bbox 2269 1335 3789 1419">
     <span class='ocr_line' id='line_1_17' title="bbox 2269 1335 3789 1419; baseline 0.011 -24"><span class='ocrx_word' id='word_1_116' title='bbox 2269 1335 2436 1414; x_wconf 83' lang='grc' dir='ltr'>Οἶμαι</span> <span class='ocrx_word' id='word_1_117' title='bbox 2463 1346 2570 1416; x_wconf 75' lang='grc' dir='ltr'><strong>γὰρ</strong></span> <span class='ocrx_word' id='word_1_118' title='bbox 2607 1347 2671 1400; x_wconf 84' lang='grc' dir='ltr'><strong>ἐκ</strong></span> <span class='ocrx_word' id='word_1_119' title='bbox 2709 1348 2806 1416; x_wconf 82' lang='grc' dir='ltr'>τῆς</span> <span class='ocrx_word' id='word_1_120' title='bbox 2833 1350 3005 1419; x_wconf 83' lang='grc' dir='ltr'>ἀρχῆς</span> <span class='ocrx_word' id='word_1_121' title='bbox 3033 1348 3236 1418; x_wconf 83' lang='grc' dir='ltr'><strong>ταύτης</strong></span> <span class='ocrx_word' id='word_1_122' title='bbox 3263 1353 3356 1404; x_wconf 79' lang='grc' dir='ltr'><strong>καὶ</strong></span> <span class='ocrx_word' id='word_1_123' title='bbox 3401 1355 3466 1406; x_wconf 82' lang='grc' dir='ltr'><strong>τά</strong></span> <span class='ocrx_word' id='word_1_124' title='bbox 3505 1335 3626 1409; x_wconf 83' lang='grc' dir='ltr'>καθ’</span> <span class='ocrx_word' id='word_1_125' title='bbox 3651 1357 3789 1410; x_wconf 80' lang='grc' dir='ltr'>ἐκα-</span> 
     </span>
    </p>
   </div>
   <div class='ocr_carea' id='block_1_18' title="bbox 529 1429 2107 1520">
    <p class='ocr_par' dir='ltr' id='par_1_18' title="bbox 529 1434 2098 1509">
     <span class='ocr_line' id='line_1_18' title="bbox 529 1434 2098 1509; baseline 0.004 -24"><span class='ocrx_word' id='word_1_126' title='bbox 529 1434 974 1502; x_wconf 87' lang='lat' dir='ltr'><strong>perturbationes</strong></span> <span class='ocrx_word' id='word_1_127' title='bbox 1013 1436 1181 1490; x_wconf 90' lang='lat' dir='ltr'><strong>animi</strong></span> <span class='ocrx_word' id='word_1_128' title='bbox 1215 1451 1404 1492; x_wconf 88' lang='lat' dir='ltr'><strong>omnes</strong></span> <span class='ocrx_word' id='word_1_129' title='bbox 1429 1445 1484 1492; x_wconf 90' lang='lat' dir='ltr'><strong>et</strong></span> <span class='ocrx_word' id='word_1_130' title='bbox 1516 1439 1784 1508; x_wconf 87' lang='lat' dir='ltr'><strong>singulas,</strong></span> <span class='ocrx_word' id='word_1_131' title='bbox 1833 1447 2098 1509; x_wconf 80' lang='lat' dir='ltr'><strong>tanquam</strong></span> 
     </span>
    </p>
   </div>
   <div class='ocr_carea' id='block_1_19' title="bbox 2213 1429 3791 1520">
    <p class='ocr_par' dir='ltr' id='par_1_19' title="bbox 2213 1433 3791 1520">
     <span class='ocr_line' id='line_1_19' title="bbox 2213 1433 3791 1520; baseline 0.01 -33"><span class='ocrx_word' id='word_1_132' title='bbox 2213 1451 2330 1488; x_wconf 84' lang='grc' dir='ltr'>στον</span> <span class='ocrx_word' id='word_1_133' title='bbox 2363 1436 2530 1507; x_wconf 88' lang='grc' dir='ltr'>πάθη,</span> <span class='ocrx_word' id='word_1_134' title='bbox 2553 1433 2663 1491; x_wconf 79' lang='grc' dir='ltr'>οἷον</span> <span class='ocrx_word' id='word_1_135' title='bbox 2693 1439 2756 1490; x_wconf 74' lang='grc' dir='ltr'><strong>ἐκ</strong></span> <span class='ocrx_word' id='word_1_136' title='bbox 2792 1457 2934 1503; x_wconf 89' lang='grc' dir='ltr'>τινος</span> <span class='ocrx_word' id='word_1_137' title='bbox 2959 1441 3140 1511; x_wconf 86' lang='grc' dir='ltr'>πηγῆς</span> <span class='ocrx_word' id='word_1_138' title='bbox 3176 1444 3491 1499; x_wconf 87' lang='grc' dir='ltr'>συνδοθέντα</span> <span class='ocrx_word' id='word_1_139' title='bbox 3519 1449 3791 1520; x_wconf 83' lang='grc' dir='ltr'>πλημμυ-</span> 
     </span>
    </p>
   </div>
   <div class='ocr_carea' id='block_1_20' title="bbox 530 1523 2108 1609">
    <p class='ocr_par' dir='ltr' id='par_1_20' title="bbox 530 1523 2094 1592">
     <span class='ocr_line' id='line_1_20' title="bbox 530 1523 2094 1592; baseline 0.004 -14"><span class='ocrx_word' id='word_1_140' title='bbox 530 1523 679 1580; x_wconf 86' lang='lat' dir='ltr'><strong>lonte</strong></span> <span class='ocrx_word' id='word_1_141' title='bbox 707 1529 1090 1592; x_wconf 89' lang='lat' dir='ltr'><strong>scaturientes,</strong></span> <span class='ocrx_word' id='word_1_142' title='bbox 1118 1529 1174 1581; x_wconf 91' lang='lat' dir='ltr'><strong>in</strong></span> <span class='ocrx_word' id='word_1_143' title='bbox 1207 1527 1448 1582; x_wconf 88' lang='lat' dir='ltr'><strong>hominis</strong></span> <span class='ocrx_word' id='word_1_144' title='bbox 1473 1539 1724 1583; x_wconf 87' lang='lat' dir='ltr'><strong>naturam</strong></span> <span class='ocrx_word' id='word_1_145' title='bbox 1757 1529 2094 1584; x_wconf 82' lang='lat' dir='ltr'><strong>redundare.</strong></span> 
     </span>
    </p>
   </div>
   <div class='ocr_carea' id='block_1_21' title="bbox 2207 1523 3785 1609">
    <p class='ocr_par' dir='ltr' id='par_1_21' title="bbox 2207 1529 3785 1609">
     <span class='ocr_line' id='line_1_21' title="bbox 2207 1529 3785 1609; baseline 0.01 -29"><span class='ocrx_word' id='word_1_146' title='bbox 2207 1532 2322 1598; x_wconf 86' lang='grc' dir='ltr'>ρεῖν</span> <span class='ocrx_word' id='word_1_147' title='bbox 2349 1529 2407 1582; x_wconf 84' lang='grc' dir='ltr'>ὲν</span> <span class='ocrx_word' id='word_1_148' title='bbox 2435 1533 2502 1601; x_wconf 82' lang='grc' dir='ltr'>τῇ</span> <span class='ocrx_word' id='word_1_149' title='bbox 2525 1530 2836 1604; x_wconf 82' lang='grc' dir='ltr'><strong>ἀνθρωπίνῃ</strong></span> <span class='ocrx_word' id='word_1_150' title='bbox 2867 1533 3003 1604; x_wconf 81' lang='grc' dir='ltr'>ζωῇ.</span> <span class='ocrx_word' id='word_1_151' title='bbox 3035 1535 3344 1606; x_wconf 84' lang='grc' dir='ltr'>Τεκμήριον</span> <span class='ocrx_word' id='word_1_152' title='bbox 3367 1537 3421 1590; x_wconf 85' lang='grc' dir='ltr'>δὲ</span> <span class='ocrx_word' id='word_1_153' title='bbox 3447 1539 3556 1591; x_wconf 89' lang='grc' dir='ltr'><strong>τῶν</strong></span> <span class='ocrx_word' id='word_1_154' title='bbox 3588 1541 3785 1609; x_wconf 85' lang='grc' dir='ltr'>λόγων,</span> 
     </span>
    </p>
   </div>
   <div class='ocr_carea' id='block_1_22' title="bbox 528 1619 2106 1703">
    <p class='ocr_par' dir='ltr' id='par_1_22' title="bbox 528 1619 2098 1692">
     <span class='ocr_line' id='line_1_22' title="bbox 528 1619 2098 1692; baseline 0.003 -21"><span class='ocrx_word' id='word_1_155' title='bbox 528 1619 708 1686; x_wconf 85' lang='lat' dir='ltr'><strong>Atque</strong></span> <span class='ocrx_word' id='word_1_156' title='bbox 741 1619 844 1672; x_wconf 93' lang='lat' dir='ltr'><strong>hoc</strong></span> <span class='ocrx_word' id='word_1_157' title='bbox 875 1627 1024 1673; x_wconf 88' lang='lat' dir='ltr'><strong>recte</strong></span> <span class='ocrx_word' id='word_1_158' title='bbox 1071 1620 1146 1672; x_wconf 90' lang='lat' dir='ltr'><strong>ita</strong></span> <span class='ocrx_word' id='word_1_159' title='bbox 1193 1622 1380 1684; x_wconf 81' lang='lat' dir='ltr'><strong>statui,</strong></span> <span class='ocrx_word' id='word_1_160' title='bbox 1417 1631 1742 1691; x_wconf 89' lang='lat' dir='ltr'><strong>argumento</strong></span> <span class='ocrx_word' id='word_1_161' title='bbox 1770 1633 1893 1688; x_wconf 89' lang='lat' dir='ltr'><strong>est,</strong></span> <span class='ocrx_word' id='word_1_162' title='bbox 1951 1622 2098 1692; x_wconf 86' lang='lat' dir='ltr'><strong>quod</strong></span> 
     </span>
    </p>
   </div>
   <div class='ocr_carea' id='block_1_23' title="bbox 2205 1619 3783 1703">
    <p class='ocr_par' dir='ltr' id='par_1_23' title="bbox 2205 1622 3783 1703">
     <span class='ocr_line' id='line_1_23' title="bbox 2205 1622 3783 1703; baseline 0.01 -30"><span class='ocrx_word' id='word_1_163' title='bbox 2205 1623 2237 1692; x_wconf 81' lang='grc' dir='ltr'><strong>ἡ</strong></span> <span class='ocrx_word' id='word_1_164' title='bbox 2273 1622 2380 1674; x_wconf 89' lang='grc' dir='ltr'><strong>τῶν</strong></span> <span class='ocrx_word' id='word_1_165' title='bbox 2412 1623 2748 1693; x_wconf 79' lang='grc' dir='ltr'><strong>παθημάτων</strong></span> <span class='ocrx_word' id='word_1_166' title='bbox 2781 1625 3102 1694; x_wconf 75' lang='grc' dir='ltr'>συγγένεια,</span> <span class='ocrx_word' id='word_1_167' title='bbox 3137 1627 3278 1681; x_wconf 77' lang='grc' dir='ltr'>κατὰ</span> <span class='ocrx_word' id='word_1_168' title='bbox 3301 1630 3362 1682; x_wconf 82' lang='grc' dir='ltr'><strong>τὸ</strong></span> <span class='ocrx_word' id='word_1_169' title='bbox 3392 1626 3510 1684; x_wconf 75' lang='grc' dir='ltr'>ἴσον</span> <span class='ocrx_word' id='word_1_170' title='bbox 3543 1635 3676 1703; x_wconf 80' lang='grc' dir='ltr'>ἡμῖν</span> <span class='ocrx_word' id='word_1_171' title='bbox 3717 1653 3783 1688; x_wconf 87' lang='grc' dir='ltr'><strong>τε</strong></span> 
     </span>
    </p>
   </div>
   <div class='ocr_carea' id='block_1_24' title="bbox 529 1712 2107 1799">
    <p class='ocr_par' dir='ltr' id='par_1_24' title="bbox 529 1712 2098 1783">
     <span class='ocr_line' id='line_1_24' title="bbox 529 1712 2098 1783; baseline 0.001 -19"><span class='ocrx_word' id='word_1_172' title='bbox 529 1713 972 1780; x_wconf 86' lang='lat' dir='ltr'><strong>perturbationes</strong></span> <span class='ocrx_word' id='word_1_173' title='bbox 1003 1713 1156 1783; x_wconf 69' lang='lat' dir='ltr'><strong>ipsae,</strong></span> <span class='ocrx_word' id='word_1_174' title='bbox 1202 1729 1323 1781; x_wconf 71' lang='lat' dir='ltr'><strong>qua:</strong></span> <span class='ocrx_word' id='word_1_175' title='bbox 1353 1714 1558 1782; x_wconf 88' lang='lat' dir='ltr'><strong>pariter</strong></span> <span class='ocrx_word' id='word_1_176' title='bbox 1589 1721 1643 1768; x_wconf 88' lang='lat' dir='ltr'><strong>et</strong></span> <span class='ocrx_word' id='word_1_177' title='bbox 1691 1715 1744 1766; x_wconf 92' lang='lat' dir='ltr'><strong>in</strong></span> <span class='ocrx_word' id='word_1_178' title='bbox 1775 1713 1936 1768; x_wconf 89' lang='lat' dir='ltr'><strong>nobis</strong></span> <span class='ocrx_word' id='word_1_179' title='bbox 1961 1722 2014 1766; x_wconf 90' lang='lat' dir='ltr'><strong>et</strong></span> <span class='ocrx_word' id='word_1_180' title='bbox 2043 1712 2098 1766; x_wconf 92' lang='lat' dir='ltr'><strong>in</strong></span> 
     </span>
    </p>
   </div>
   <div class='ocr_carea' id='block_1_25' title="bbox 2201 1712 3779 1799">
    <p class='ocr_par' dir='ltr' id='par_1_25' title="bbox 2204 1713 3779 1799">
     <span class='ocr_line' id='line_1_25' title="bbox 2204 1713 3779 1799; baseline 0.008 -33"><span class='ocrx_word' id='word_1_181' title='bbox 2204 1713 2298 1766; x_wconf 71' lang='grc' dir='ltr'><strong>καὶ</strong></span> <span class='ocrx_word' id='word_1_182' title='bbox 2327 1717 2436 1778; x_wconf 87' lang='grc' dir='ltr'>τοῖς</span> <span class='ocrx_word' id='word_1_183' title='bbox 2474 1716 2688 1784; x_wconf 78' lang='grc' dir='ltr'><strong>ἀλόγοις</strong></span> <span class='ocrx_word' id='word_1_184' title='bbox 2725 1719 3122 1790; x_wconf 83' lang='grc' dir='ltr'>ἐμφαινομένη.</span> <span class='ocrx_word' id='word_1_185' title='bbox 3161 1721 3234 1773; x_wconf 86' lang='grc' dir='ltr'>Οὑ</span> <span class='ocrx_word' id='word_1_186' title='bbox 3273 1723 3384 1794; x_wconf 74' lang='grc' dir='ltr'><strong>γάρ</strong></span> <span class='ocrx_word' id='word_1_187' title='bbox 3419 1723 3483 1794; x_wconf 80' lang='grc' dir='ltr'>δὴ</span> <span class='ocrx_word' id='word_1_188' title='bbox 3515 1725 3676 1795; x_wconf 86' lang='grc' dir='ltr'>θέμις</span> <span class='ocrx_word' id='word_1_189' title='bbox 3707 1729 3779 1799; x_wconf 78' lang='grc' dir='ltr'>τῇ</span> 
     </span>
    </p>
   </div>
   <div class='ocr_carea' id='block_1_26' title="bbox 530 1801 2108 1890">
    <p class='ocr_par' dir='ltr' id='par_1_26' title="bbox 530 1801 2096 1874">
     <span class='ocr_line' id='line_1_26' title="bbox 530 1801 2096 1874; baseline 0.003 -19"><span class='ocrx_word' id='word_1_190' title='bbox 530 1801 712 1856; x_wconf 89' lang='lat' dir='ltr'><strong>brutis</strong></span> <span class='ocrx_word' id='word_1_191' title='bbox 740 1803 1036 1867; x_wconf 84' lang='lat' dir='ltr'><strong>exsistunt,</strong></span> <span class='ocrx_word' id='word_1_192' title='bbox 1071 1813 1316 1873; x_wconf 71' lang='lat' dir='ltr'><strong>cognata:</strong></span> <span class='ocrx_word' id='word_1_193' title='bbox 1341 1806 1575 1874; x_wconf 85' lang='lat' dir='ltr'><strong>quodam</strong></span> <span class='ocrx_word' id='word_1_194' title='bbox 1603 1805 1765 1858; x_wconf 92' lang='lat' dir='ltr'><strong>modo</strong></span> <span class='ocrx_word' id='word_1_195' title='bbox 1797 1815 1944 1858; x_wconf 90' lang='lat' dir='ltr'><strong>sunt.</strong></span> <span class='ocrx_word' id='word_1_196' title='bbox 1977 1803 2096 1860; x_wconf 87' lang='lat' dir='ltr'><strong>Non</strong></span> 
     </span>
    </p>
   </div>
   <div class='ocr_carea' id='block_1_27' title="bbox 2205 1801 3783 1890">
    <p class='ocr_par' dir='ltr' id='par_1_27' title="bbox 2205 1807 3783 1890">
     <span class='ocr_line' id='line_1_27' title="bbox 2205 1807 3783 1890; baseline 0.008 -31"><span class='ocrx_word' id='word_1_197' title='bbox 2205 1807 2518 1880; x_wconf 82' lang='grc' dir='ltr'><strong>ἀνθρωπίνῃ</strong></span> <span class='ocrx_word' id='word_1_198' title='bbox 2546 1808 2724 1876; x_wconf 85' lang='grc' dir='ltr'>φύσει,</span> <span class='ocrx_word' id='word_1_199' title='bbox 2769 1813 2834 1880; x_wconf 80' lang='grc' dir='ltr'>τῇ</span> <span class='ocrx_word' id='word_1_200' title='bbox 2877 1812 3016 1863; x_wconf 79' lang='grc' dir='ltr'>κατὰ</span> <span class='ocrx_word' id='word_1_201' title='bbox 3040 1811 3097 1864; x_wconf 86' lang='grc' dir='ltr'><strong>τὸ</strong></span> <span class='ocrx_word' id='word_1_202' title='bbox 3129 1814 3270 1865; x_wconf 88' lang='grc' dir='ltr'>θεῖον</span> <span class='ocrx_word' id='word_1_203' title='bbox 3302 1810 3439 1880; x_wconf 79' lang='grc' dir='ltr'>εἶδος</span> <span class='ocrx_word' id='word_1_204' title='bbox 3477 1833 3783 1890; x_wconf 70' lang='grc' dir='ltr'>μεμορφω·</span> 
     </span>
    </p>
   </div>
   <div class='ocr_carea' id='block_1_28' title="bbox 502 1879 2080 1981">
    <p class='ocr_par' dir='ltr' id='par_1_28' title="bbox 502 1893 2080 1965">
     <span class='ocr_line' id='line_1_28' title="bbox 502 1893 2080 1965; baseline 0.004 -23"><span class='ocrx_word' id='word_1_205' title='bbox 502 1894 672 1948; x_wconf 79' lang='lat' dir='ltr'><strong>enim</strong></span> <span class='ocrx_word' id='word_1_206' title='bbox 700 1901 846 1948; x_wconf 89' lang='lat' dir='ltr'><strong>certe</strong></span> <span class='ocrx_word' id='word_1_207' title='bbox 875 1893 957 1948; x_wconf 82' lang='lat' dir='ltr'><strong>fas</strong></span> <span class='ocrx_word' id='word_1_208' title='bbox 988 1904 1073 1950; x_wconf 90' lang='lat' dir='ltr'><strong>est</strong></span> <span class='ocrx_word' id='word_1_209' title='bbox 1101 1895 1305 1961; x_wconf 86' lang='lat' dir='ltr'><strong>dicere,</strong></span> <span class='ocrx_word' id='word_1_210' title='bbox 1331 1897 1600 1965; x_wconf 81' lang='lat' dir='ltr'><strong>originem</strong></span> <span class='ocrx_word' id='word_1_211' title='bbox 1627 1898 2080 1965; x_wconf 72' lang='lat' dir='ltr'><strong>perturliationun</strong></span> 
     </span>
    </p>
   </div>
   <div class='ocr_carea' id='block_1_29' title="bbox 2204 1879 3782 1981">
    <p class='ocr_par' dir='ltr' id='par_1_29' title="bbox 2204 1879 3782 1981">
     <span class='ocr_line' id='line_1_29' title="bbox 2204 1879 3782 1981; baseline 0.008 -29"><span class='ocrx_word' id='word_1_212' title='bbox 2204 1901 2380 1972; x_wconf 81' lang='grc' dir='ltr'>μένῃ,</span> <span class='ocrx_word' id='word_1_213' title='bbox 2408 1879 2506 1971; x_wconf 82' lang='grc' dir='ltr'>τῆς</span> <span class='ocrx_word' id='word_1_214' title='bbox 2551 1879 2830 1970; x_wconf 80' lang='grc' dir='ltr'>ἐμπαθοῦς</span> <span class='ocrx_word' id='word_1_215' title='bbox 2871 1903 3162 1968; x_wconf 79' lang='grc' dir='ltr'><strong>διαθέσεως</strong></span> <span class='ocrx_word' id='word_1_216' title='bbox 3196 1879 3640 1981; x_wconf 70' lang='grc' dir='ltr'>προσμαρτυρεῖν</span> <span class='ocrx_word' id='word_1_217' title='bbox 3677 1879 3782 1976; x_wconf 42' lang='grc' dir='ltr'>’τὰς</span> 
     </span>
    </p>
   </div>
   <div class='ocr_carea' id='block_1_30' title="bbox 527 1983 2105 2068">
    <p class='ocr_par' dir='ltr' id='par_1_30' title="bbox 527 1983 2100 2056">
     <span class='ocr_line' id='line_1_30' title="bbox 527 1983 2100 2056; baseline 0.003 -18"><span class='ocrx_word' id='word_1_218' title='bbox 527 1986 725 2056; x_wconf 86' lang='lat' dir='ltr'><strong>quibus</strong></span> <span class='ocrx_word' id='word_1_219' title='bbox 755 1983 1042 2050; x_wconf 85' lang='lat' dir='ltr'><strong>allicimur,</strong></span> <span class='ocrx_word' id='word_1_220' title='bbox 1074 1987 1140 2041; x_wconf 88' lang='lat' dir='ltr'><strong>ad</strong></span> <span class='ocrx_word' id='word_1_221' title='bbox 1171 1988 1468 2042; x_wconf 89' lang='lat' dir='ltr'><strong>humanam</strong></span> <span class='ocrx_word' id='word_1_222' title='bbox 1504 1995 1756 2040; x_wconf 88' lang='lat' dir='ltr'><strong>naturam</strong></span> <span class='ocrx_word' id='word_1_223' title='bbox 1805 2003 1928 2043; x_wconf 83' lang='lat' dir='ltr'><strong>esse</strong></span> <span class='ocrx_word' id='word_1_224' title='bbox 1959 1987 2100 2042; x_wconf 86' lang='lat' dir='ltr'><strong>refe-</strong></span> 
     </span>
    </p>
   </div>
   <div class='ocr_carea' id='block_1_31' title="bbox 2203 1983 3781 2068">
    <p class='ocr_par' dir='ltr' id='par_1_31' title="bbox 2204 1990 3781 2068">
     <span class='ocr_line' id='line_1_31' title="bbox 2204 1990 3781 2068; baseline 0.009 -27"><span class='ocrx_word' id='word_1_225' title='bbox 2204 1990 2428 2059; x_wconf 87' lang='grc' dir='ltr'>πρώτας</span> <span class='ocrx_word' id='word_1_226' title='bbox 2473 1991 2671 2060; x_wconf 85' lang='grc' dir='ltr'>ἀρχάς.</span> <span class='ocrx_word' id='word_1_227' title='bbox 2729 1991 2870 2044; x_wconf 84' lang='grc' dir='ltr'>Ἀλλ’</span> <span class='ocrx_word' id='word_1_228' title='bbox 2916 1995 3106 2065; x_wconf 85' lang='grc' dir='ltr'>ἐπειδὴ</span> <span class='ocrx_word' id='word_1_229' title='bbox 3161 1999 3518 2068; x_wconf 74' lang='grc' dir='ltr'>προεισῆλθεν</span> <span class='ocrx_word' id='word_1_230' title='bbox 3569 2003 3649 2064; x_wconf 85' lang='grc' dir='ltr'><strong>εἰς</strong></span> <span class='ocrx_word' id='word_1_231' title='bbox 3691 2005 3781 2055; x_wconf 72' lang='grc' dir='ltr'><strong>τὸν</strong></span> 
     </span>
    </p>
   </div>
   <div class='ocr_carea' id='block_1_32' title="bbox 525 2074 2103 2156">
    <p class='ocr_par' dir='ltr' id='par_1_32' title="bbox 525 2077 2103 2141">
     <span class='ocr_line' id='line_1_32' title="bbox 525 2077 2103 2141; baseline -0.001 -8"><span class='ocrx_word' id='word_1_232' title='bbox 525 2077 774 2141; x_wconf 83' lang='lat' dir='ltr'><strong>rendam,</strong></span> <span class='ocrx_word' id='word_1_233' title='bbox 803 2093 930 2131; x_wconf 91' lang='lat' dir='ltr'><strong>cum</strong></span> <span class='ocrx_word' id='word_1_234' title='bbox 980 2092 1044 2132; x_wconf 88' lang='lat' dir='ltr'><strong>ea</strong></span> <span class='ocrx_word' id='word_1_235' title='bbox 1089 2078 1164 2133; x_wconf 89' lang='lat' dir='ltr'><strong>sit</strong></span> <span class='ocrx_word' id='word_1_236' title='bbox 1221 2078 1286 2132; x_wconf 89' lang='lat' dir='ltr'><strong>ad</strong></span> <span class='ocrx_word' id='word_1_237' title='bbox 1333 2077 1430 2132; x_wconf 86' lang='lat' dir='ltr'><strong>Dei</strong></span> <span class='ocrx_word' id='word_1_238' title='bbox 1490 2079 1844 2134; x_wconf 78' lang='lat' dir='ltr'><strong>simulacrum</strong></span> <span class='ocrx_word' id='word_1_239' title='bbox 1880 2079 2103 2132; x_wconf 86' lang='lat' dir='ltr'><strong>confor—</strong></span> 
     </span>
    </p>
   </div>
   <div class='ocr_carea' id='block_1_33' title="bbox 2195 2074 3773 2156">
    <p class='ocr_par' dir='ltr' id='par_1_33' title="bbox 2202 2074 3773 2156">
     <span class='ocr_line' id='line_1_33' title="bbox 2202 2074 3773 2156; baseline 0.009 -31"><span class='ocrx_word' id='word_1_240' title='bbox 2202 2074 2403 2145; x_wconf 89' lang='grc' dir='ltr'>κόσμον</span> <span class='ocrx_word' id='word_1_241' title='bbox 2425 2075 2612 2128; x_wconf 82' lang='grc' dir='ltr'>τοῦτον</span> <span class='ocrx_word' id='word_1_242' title='bbox 2634 2077 2666 2148; x_wconf 75' lang='grc' dir='ltr'>ἡ</span> <span class='ocrx_word' id='word_1_243' title='bbox 2699 2076 2808 2128; x_wconf 86' lang='grc' dir='ltr'><strong>τῶν</strong></span> <span class='ocrx_word' id='word_1_244' title='bbox 2837 2078 3046 2146; x_wconf 78' lang='grc' dir='ltr'><strong>ἀλόγων</strong></span> <span class='ocrx_word' id='word_1_245' title='bbox 3079 2079 3214 2151; x_wconf 75' lang='grc' dir='ltr'>ζωὴ,</span> <span class='ocrx_word' id='word_1_246' title='bbox 3240 2079 3364 2151; x_wconf 75' lang='grc' dir='ltr'>ἔσχε</span> <span class='ocrx_word' id='word_1_247' title='bbox 3391 2081 3446 2135; x_wconf 86' lang='grc' dir='ltr'><strong>δέ</strong></span> <span class='ocrx_word' id='word_1_248' title='bbox 3479 2101 3532 2136; x_wconf 88' lang='grc' dir='ltr'><strong>τι</strong></span> <span class='ocrx_word' id='word_1_249' title='bbox 3559 2085 3649 2138; x_wconf 76' lang='grc' dir='ltr'>διὰ</span> <span class='ocrx_word' id='word_1_250' title='bbox 3675 2087 3773 2156; x_wconf 75' lang='grc' dir='ltr'><strong>τὴν</strong></span> 
     </span>
    </p>
   </div>
   <div class='ocr_carea' id='block_1_34' title="bbox 527 2169 2105 2249">
    <p class='ocr_par' dir='ltr' id='par_1_34' title="bbox 527 2169 2104 2249">
     <span class='ocr_line' id='line_1_34' title="bbox 527 2169 2104 2249; baseline 0 -25"><span class='ocrx_word' id='word_1_251' title='bbox 527 2179 724 2236; x_wconf 88' lang='lat' dir='ltr'><strong>mata;</strong></span> <span class='ocrx_word' id='word_1_252' title='bbox 791 2169 886 2224; x_wconf 91' lang='lat' dir='ltr'><strong>sed</strong></span> <span class='ocrx_word' id='word_1_253' title='bbox 958 2169 1088 2240; x_wconf 88' lang='lat' dir='ltr'><strong>quia</strong></span> <span class='ocrx_word' id='word_1_254' title='bbox 1153 2171 1307 2239; x_wconf 88' lang='lat' dir='ltr'><strong>prius</strong></span> <span class='ocrx_word' id='word_1_255' title='bbox 1373 2171 1478 2224; x_wconf 91' lang='lat' dir='ltr'><strong>hoc</strong></span> <span class='ocrx_word' id='word_1_256' title='bbox 1544 2172 1600 2224; x_wconf 93' lang='lat' dir='ltr'><strong>in</strong></span> <span class='ocrx_word' id='word_1_257' title='bbox 1672 2172 1876 2224; x_wconf 90' lang='lat' dir='ltr'><strong>mundo</strong></span> <span class='ocrx_word' id='word_1_258' title='bbox 1941 2171 2104 2249; x_wconf 83' lang='lat' dir='ltr'><strong>bruta</strong></span> 
     </span>
    </p>
   </div>
   <div class='ocr_carea' id='block_1_35' title="bbox 2197 2169 3775 2249">
    <p class='ocr_par' dir='ltr' id='par_1_35' title="bbox 2203 2169 3775 2249">
     <span class='ocr_line' id='line_1_35' title="bbox 2203 2169 3775 2249; baseline 0.008 -29"><span class='ocrx_word' id='word_1_259' title='bbox 2203 2169 2498 2239; x_wconf 87' lang='grc' dir='ltr'>εἰρημένην</span> <span class='ocrx_word' id='word_1_260' title='bbox 2521 2169 2698 2222; x_wconf 91' lang='grc' dir='ltr'>αἰτίαν</span> <span class='ocrx_word' id='word_1_261' title='bbox 2718 2171 2817 2241; x_wconf 84' lang='grc' dir='ltr'>τῆς</span> <span class='ocrx_word' id='word_1_262' title='bbox 2835 2172 3042 2224; x_wconf 86' lang='grc' dir='ltr'>ἐκεῖθεν</span> <span class='ocrx_word' id='word_1_263' title='bbox 3059 2173 3278 2242; x_wconf 68' lang='grc' dir='ltr'>’φύσεως</span> <span class='ocrx_word' id='word_1_264' title='bbox 3301 2177 3396 2228; x_wconf 73' lang='grc' dir='ltr'>καὶ</span> <span class='ocrx_word' id='word_1_265' title='bbox 3425 2178 3452 2228; x_wconf 89' lang='grc' dir='ltr'><strong>ό</strong></span> <span class='ocrx_word' id='word_1_266' title='bbox 3473 2177 3775 2249; x_wconf 85' lang='grc' dir='ltr'>ἄνθρωπος,</span> 
     </span>
    </p>
   </div>
   <div class='ocr_carea' id='block_1_36' title="bbox 527 2245 2105 2335">
    <p class='ocr_par' dir='ltr' id='par_1_36' title="bbox 527 2245 2104 2334">
     <span class='ocr_line' id='line_1_36' title="bbox 527 2245 2104 2334; baseline -0.001 -18"><span class='ocrx_word' id='word_1_267' title='bbox 527 2262 878 2325; x_wconf 79' lang='lat' dir='ltr'><strong>exstiterunt,</strong></span> <span class='ocrx_word' id='word_1_268' title='bbox 901 2277 1024 2316; x_wconf 92' lang='lat' dir='ltr'><strong>cum</strong></span> <span class='ocrx_word' id='word_1_269' title='bbox 1046 2263 1246 2332; x_wconf 87' lang='lat' dir='ltr'><strong>quibus</strong></span> <span class='ocrx_word' id='word_1_270' title='bbox 1269 2263 1521 2316; x_wconf 82' lang='lat' dir='ltr'><strong>nonnihil</strong></span> <span class='ocrx_word' id='word_1_271' title='bbox 1545 2271 1630 2318; x_wconf 91' lang='lat' dir='ltr'><strong>est</strong></span> <span class='ocrx_word' id='word_1_272' title='bbox 1649 2263 1858 2316; x_wconf 87' lang='lat' dir='ltr'><strong>homini</strong></span> <span class='ocrx_word' id='word_1_273' title='bbox 1891 2245 2104 2334; x_wconf 80' lang='lat' dir='ltr'><strong>(quem-</strong></span> 
     </span>
    </p>
   </div>
   <div class='ocr_carea' id='block_1_37' title="bbox 2178 2245 3756 2335">
    <p class='ocr_par' dir='ltr' id='par_1_37' title="bbox 2202 2245 3756 2335">
     <span class='ocr_line' id='line_1_37' title="bbox 2202 2245 3756 2335; baseline 0.007 -22"><span class='ocrx_word' id='word_1_274' title='bbox 2202 2259 2264 2313; x_wconf 75' lang='grc' dir='ltr'>τὸ</span> <span class='ocrx_word' id='word_1_275' title='bbox 2291 2260 2430 2314; x_wconf 77' lang='grc' dir='ltr'>κατὰ</span> <span class='ocrx_word' id='word_1_276' title='bbox 2450 2260 2546 2330; x_wconf 88' lang='grc' dir='ltr'><strong>τὴν</strong></span> <span class='ocrx_word' id='word_1_277' title='bbox 2566 2261 2777 2329; x_wconf 84' lang='grc' dir='ltr'>γένεσιν</span> <span class='ocrx_word' id='word_1_278' title='bbox 2800 2261 2964 2330; x_wconf 83' lang='grc' dir='ltr'>λέγω,</span> <span class='ocrx_word' id='word_1_279' title='bbox 2991 2280 3054 2315; x_wconf 89' lang='grc' dir='ltr'><strong>συ</strong></span> <span class='ocrx_word' id='word_1_280' title='bbox 3063 2264 3334 2335; x_wconf 87' lang='grc' dir='ltr'>μμετέσχε</span> <span class='ocrx_word' id='word_1_281' title='bbox 3362 2267 3446 2320; x_wconf 77' lang='grc' dir='ltr'>διὰ</span> <span class='ocrx_word' id='word_1_282' title='bbox 3467 2245 3657 2322; x_wconf 77' lang='grc' dir='ltr'>τούτου</span> <span class='ocrx_word' id='word_1_283' title='bbox 3687 2288 3756 2326; x_wconf 86' lang='grc' dir='ltr'><strong>κα</strong></span> 
     </span>
    </p>
   </div>
   <div class='ocr_carea' id='block_1_38' title="bbox 526 2351 2104 2432">
    <p class='ocr_par' dir='ltr' id='par_1_38' title="bbox 526 2353 2104 2424">
     <span class='ocr_line' id='line_1_38' title="bbox 526 2353 2104 2424; baseline 0.001 -18"><span class='ocrx_word' id='word_1_284' title='bbox 526 2353 858 2410; x_wconf 87' lang='lat' dir='ltr'><strong>admodum.</strong></span> <span class='ocrx_word' id='word_1_285' title='bbox 906 2354 1218 2422; x_wconf 81' lang='lat' dir='ltr'><strong>expositum</strong></span> <span class='ocrx_word' id='word_1_286' title='bbox 1299 2354 1420 2424; x_wconf 90' lang='lat' dir='ltr'><strong>est)</strong></span> <span class='ocrx_word' id='word_1_287' title='bbox 1505 2368 1841 2418; x_wconf 90' lang='lat' dir='ltr'><strong>commune,</strong></span> <span class='ocrx_word' id='word_1_288' title='bbox 1905 2353 2104 2408; x_wconf 87' lang='lat' dir='ltr'><strong>modus</strong></span> 
     </span>
    </p>
   </div>
   <div class='ocr_carea' id='block_1_39' title="bbox 2195 2351 3773 2432">
    <p class='ocr_par' dir='ltr' id='par_1_39' title="bbox 2201 2351 3773 2432">
     <span class='ocr_line' id='line_1_39' title="bbox 2201 2351 3773 2432; baseline 0.008 -29"><span class='ocrx_word' id='word_1_289' title='bbox 2201 2351 2310 2405; x_wconf 91' lang='grc' dir='ltr'><strong>τῶν</strong></span> <span class='ocrx_word' id='word_1_290' title='bbox 2350 2351 2552 2404; x_wconf 83' lang='grc' dir='ltr'>λοιπῶν</span> <span class='ocrx_word' id='word_1_291' title='bbox 2587 2351 2696 2406; x_wconf 89' lang='grc' dir='ltr'><strong>τῶν</strong></span> <span class='ocrx_word' id='word_1_292' title='bbox 2742 2355 2799 2405; x_wconf 83' lang='grc' dir='ltr'><strong>ἐν</strong></span> <span class='ocrx_word' id='word_1_293' title='bbox 2836 2355 3020 2428; x_wconf 86' lang='grc' dir='ltr'>ἐκείνῃ</span> <span class='ocrx_word' id='word_1_294' title='bbox 3064 2355 3451 2428; x_wconf 81' lang='grc' dir='ltr'>θεωρουμένων</span> <span class='ocrx_word' id='word_1_295' title='bbox 3491 2363 3556 2432; x_wconf 86' lang='grc' dir='ltr'>τῇ</span> <span class='ocrx_word' id='word_1_296' title='bbox 3599 2363 3773 2430; x_wconf 85' lang='grc' dir='ltr'>φύσει.</span> 
     </span>
    </p>
   </div>
   <div class='ocr_carea' id='block_1_40' title="bbox 527 2442 2105 2525">
    <p class='ocr_par' dir='ltr' id='par_1_40' title="bbox 527 2442 2100 2514">
     <span class='ocr_line' id='line_1_40' title="bbox 527 2442 2100 2514; baseline -0.001 -16"><span class='ocrx_word' id='word_1_297' title='bbox 527 2445 779 2498; x_wconf 81' lang='lat' dir='ltr'><strong>videlicet</strong></span> <span class='ocrx_word' id='word_1_298' title='bbox 808 2451 1006 2500; x_wconf 84' lang='lat' dir='ltr'><strong>ortus:</strong></span> <span class='ocrx_word' id='word_1_299' title='bbox 1039 2443 1248 2498; x_wconf 88' lang='lat' dir='ltr'><strong>idcirco</strong></span> <span class='ocrx_word' id='word_1_300' title='bbox 1276 2451 1331 2498; x_wconf 84' lang='lat' dir='ltr'><strong>et</strong></span> <span class='ocrx_word' id='word_1_301' title='bbox 1367 2444 1474 2497; x_wconf 87' lang='lat' dir='ltr'><strong>alia</strong></span> <span class='ocrx_word' id='word_1_302' title='bbox 1523 2442 1776 2514; x_wconf 69' lang='lat' dir='ltr'><strong>quaedam</strong></span> <span class='ocrx_word' id='word_1_303' title='bbox 1813 2443 2100 2498; x_wconf 87' lang='lat' dir='ltr'><strong>brutorum</strong></span> 
     </span>
    </p>
   </div>
   <div class='ocr_carea' id='block_1_41' title="bbox 2201 2442 3779 2525">
    <p class='ocr_par' dir='ltr' id='par_1_41' title="bbox 2205 2442 3779 2525">
     <span class='ocr_line' id='line_1_41' title="bbox 2205 2442 3779 2525; baseline 0.009 -31"><span class='ocrx_word' id='word_1_304' title='bbox 2205 2443 2278 2494; x_wconf 84' lang='grc' dir='ltr'><strong>Οὐ</strong></span> <span class='ocrx_word' id='word_1_305' title='bbox 2318 2442 2426 2515; x_wconf 82' lang='grc' dir='ltr'><strong>γάρ</strong></span> <span class='ocrx_word' id='word_1_306' title='bbox 2455 2443 2596 2496; x_wconf 82' lang='grc' dir='ltr'>κατὰ</span> <span class='ocrx_word' id='word_1_307' title='bbox 2635 2444 2726 2497; x_wconf 82' lang='grc' dir='ltr'><strong>τὸν</strong></span> <span class='ocrx_word' id='word_1_308' title='bbox 2755 2445 2927 2516; x_wconf 87' lang='grc' dir='ltr'>θυμόν</span> <span class='ocrx_word' id='word_1_309' title='bbox 2972 2449 3090 2499; x_wconf 89' lang='grc' dir='ltr'>ἐστι</span> <span class='ocrx_word' id='word_1_310' title='bbox 3117 2447 3211 2500; x_wconf 89' lang='grc' dir='ltr'><strong>τοῦ</strong></span> <span class='ocrx_word' id='word_1_311' title='bbox 3249 2449 3534 2522; x_wconf 84' lang='grc' dir='ltr'>ἀνθρώπου</span> <span class='ocrx_word' id='word_1_312' title='bbox 3572 2455 3604 2524; x_wconf 76' lang='grc' dir='ltr'>ἡ</span> <span class='ocrx_word' id='word_1_313' title='bbox 3647 2457 3779 2525; x_wconf 79' lang='grc' dir='ltr'>πρὸς</span> 
     </span>
    </p>
   </div>
   <div class='ocr_carea' id='block_1_42' title="bbox 527 2533 2105 2617">
    <p class='ocr_par' dir='ltr' id='par_1_42' title="bbox 527 2535 2100 2605">
     <span class='ocr_line' id='line_1_42' title="bbox 527 2535 2100 2605; baseline -0.001 -14"><span class='ocrx_word' id='word_1_314' title='bbox 527 2545 740 2591; x_wconf 67' lang='lat' dir='ltr'><strong>naturae</strong></span> <span class='ocrx_word' id='word_1_315' title='bbox 784 2551 848 2590; x_wconf 87' lang='lat' dir='ltr'><strong>ac</strong></span> <span class='ocrx_word' id='word_1_316' title='bbox 905 2535 1186 2589; x_wconf 83' lang='lat' dir='ltr'><strong>hominum</strong></span> <span class='ocrx_word' id='word_1_317' title='bbox 1242 2536 1560 2589; x_wconf 87' lang='lat' dir='ltr'><strong>communia</strong></span> <span class='ocrx_word' id='word_1_318' title='bbox 1609 2551 1734 2590; x_wconf 87' lang='lat' dir='ltr'><strong>esse</strong></span> <span class='ocrx_word' id='word_1_319' title='bbox 1793 2545 2100 2605; x_wconf 85' lang='lat' dir='ltr'><strong>coeperunt.</strong></span> 
     </span>
    </p>
   </div>
   <div class='ocr_carea' id='block_1_43' title="bbox 2201 2533 3779 2617">
    <p class='ocr_par' dir='ltr' id='par_1_43' title="bbox 2203 2533 3779 2617">
     <span class='ocr_line' id='line_1_43' title="bbox 2203 2533 3779 2617; baseline 0.009 -31"><span class='ocrx_word' id='word_1_320' title='bbox 2203 2533 2265 2587; x_wconf 76' lang='grc' dir='ltr'>τὺ</span> <span class='ocrx_word' id='word_1_321' title='bbox 2279 2533 2429 2587; x_wconf 86' lang='grc' dir='ltr'>Θεῖον</span> <span class='ocrx_word' id='word_1_322' title='bbox 2460 2535 2736 2606; x_wconf 79' lang='grc' dir='ltr'>ὁμοίωσις,</span> <span class='ocrx_word' id='word_1_323' title='bbox 2769 2535 2894 2589; x_wconf 79' lang='grc' dir='ltr'>οὔτε</span> <span class='ocrx_word' id='word_1_324' title='bbox 2918 2537 3007 2590; x_wconf 83' lang='grc' dir='ltr'><strong>διὰ</strong></span> <span class='ocrx_word' id='word_1_325' title='bbox 3039 2539 3138 2608; x_wconf 84' lang='grc' dir='ltr'>τῆς</span> <span class='ocrx_word' id='word_1_326' title='bbox 3165 2541 3409 2614; x_wconf 85' lang='grc' dir='ltr'>ήδονῆςή</span> <span class='ocrx_word' id='word_1_327' title='bbox 3442 2544 3779 2617; x_wconf 75' lang='grc' dir='ltr'>ὑπερέχουσα</span> 
     </span>
    </p>
   </div>
   <div class='ocr_carea' id='block_1_44' title="bbox 525 2625 2103 2710">
    <p class='ocr_par' dir='ltr' id='par_1_44' title="bbox 525 2625 2102 2698">
     <span class='ocr_line' id='line_1_44' title="bbox 525 2625 2102 2698; baseline -0.003 -16"><span class='ocrx_word' id='word_1_328' title='bbox 525 2627 714 2698; x_wconf 83' lang='lat' dir='ltr'><strong>Neque</strong></span> <span class='ocrx_word' id='word_1_329' title='bbox 747 2628 890 2683; x_wconf 87' lang='lat' dir='ltr'><strong>enim</strong></span> <span class='ocrx_word' id='word_1_330' title='bbox 925 2627 1090 2681; x_wconf 89' lang='lat' dir='ltr'><strong>homo</strong></span> <span class='ocrx_word' id='word_1_331' title='bbox 1123 2625 1218 2681; x_wconf 90' lang='lat' dir='ltr'><strong>Dei</strong></span> <span class='ocrx_word' id='word_1_332' title='bbox 1269 2625 1437 2681; x_wconf 83' lang='lat' dir='ltr'><strong>refert</strong></span> <span class='ocrx_word' id='word_1_333' title='bbox 1482 2627 1804 2696; x_wconf 80' lang='lat' dir='ltr'><strong>imaginem,</strong></span> <span class='ocrx_word' id='word_1_334' title='bbox 1839 2642 1948 2696; x_wconf 88' lang='lat' dir='ltr'><strong>qua</strong></span> <span class='ocrx_word' id='word_1_335' title='bbox 1991 2628 2102 2679; x_wconf 85' lang='lat' dir='ltr'><strong>ira-</strong></span> 
     </span>
    </p>
   </div>
   <div class='ocr_carea' id='block_1_45' title="bbox 2195 2625 3773 2710">
    <p class='ocr_par' dir='ltr' id='par_1_45' title="bbox 2207 2629 3773 2710">
     <span class='ocr_line' id='line_1_45' title="bbox 2207 2629 3773 2710; baseline 0.008 -30"><span class='ocrx_word' id='word_1_336' title='bbox 2207 2629 2666 2701; x_wconf 78' lang='grc' dir='ltr'>χαρακτηρίζεται</span> <span class='ocrx_word' id='word_1_337' title='bbox 2702 2629 2880 2700; x_wconf 88' lang='grc' dir='ltr'>φύσις,</span> <span class='ocrx_word' id='word_1_338' title='bbox 2921 2631 3090 2686; x_wconf 88' lang='grc' dir='ltr'>δειλία</span> <span class='ocrx_word' id='word_1_339' title='bbox 3124 2651 3180 2686; x_wconf 89' lang='grc' dir='ltr'><strong>τε</strong></span> <span class='ocrx_word' id='word_1_340' title='bbox 3221 2635 3308 2688; x_wconf 68' lang='grc' dir='ltr'>καὶ</span> <span class='ocrx_word' id='word_1_341' title='bbox 3352 2633 3572 2707; x_wconf 86' lang='grc' dir='ltr'>θράσος.</span> <span class='ocrx_word' id='word_1_342' title='bbox 3617 2641 3710 2692; x_wconf 75' lang='grc' dir='ltr'><strong>καὶ</strong></span> <span class='ocrx_word' id='word_1_343' title='bbox 3743 2642 3773 2710; x_wconf 85' lang='grc' dir='ltr'><strong>ή</strong></span> 
     </span>
    </p>
   </div>
   <div class='ocr_carea' id='block_1_46' title="bbox 527 2713 2105 2794">
    <p class='ocr_par' dir='ltr' id='par_1_46' title="bbox 527 2718 2103 2790">
     <span class='ocr_line' id='line_1_46' title="bbox 527 2718 2103 2790; baseline -0.002 -16"><span class='ocrx_word' id='word_1_344' title='bbox 527 2719 727 2774; x_wconf 87' lang='lat' dir='ltr'><strong>cundia</strong></span> <span class='ocrx_word' id='word_1_345' title='bbox 759 2719 1022 2790; x_wconf 67' lang='lat' dir='ltr'><strong>praeditus</strong></span> <span class='ocrx_word' id='word_1_346' title='bbox 1051 2727 1136 2774; x_wconf 88' lang='lat' dir='ltr'><strong>est</strong></span> <span class='ocrx_word' id='word_1_347' title='bbox 1164 2735 1179 2784; x_wconf 90' lang='lat'><strong>;</strong></span> <span class='ocrx_word' id='word_1_348' title='bbox 1213 2733 1392 2788; x_wconf 84' lang='lat' dir='ltr'><strong>neque</strong></span> <span class='ocrx_word' id='word_1_349' title='bbox 1421 2718 1675 2788; x_wconf 88' lang='lat' dir='ltr'><strong>voluptas</strong></span> <span class='ocrx_word' id='word_1_350' title='bbox 1707 2719 2103 2788; x_wconf 71' lang='lat' dir='ltr'><strong>praestantissi-</strong></span> 
     </span>
    </p>
   </div>
   <div class='ocr_carea' id='block_1_47' title="bbox 2199 2713 3777 2794">
    <p class='ocr_par' dir='ltr' id='par_1_47' title="bbox 2203 2713 3777 2794">
     <span class='ocr_line' id='line_1_47' title="bbox 2203 2713 3777 2794; baseline 0.007 -29"><span class='ocrx_word' id='word_1_351' title='bbox 2203 2714 2297 2766; x_wconf 86' lang='grc' dir='ltr'><strong>τοῦ</strong></span> <span class='ocrx_word' id='word_1_352' title='bbox 2322 2713 2562 2778; x_wconf 85' lang='grc' dir='ltr'>πλείονος</span> <span class='ocrx_word' id='word_1_353' title='bbox 2586 2714 2790 2783; x_wconf 79' lang='grc' dir='ltr'>ἔφεσις,</span> <span class='ocrx_word' id='word_1_354' title='bbox 2821 2716 2913 2768; x_wconf 79' lang='grc' dir='ltr'><strong>καὶ</strong></span> <span class='ocrx_word' id='word_1_355' title='bbox 2942 2717 3000 2769; x_wconf 84' lang='grc' dir='ltr'><strong>τὸ</strong></span> <span class='ocrx_word' id='word_1_356' title='bbox 3027 2719 3164 2788; x_wconf 83' lang='grc' dir='ltr'>πρὸς</span> <span class='ocrx_word' id='word_1_357' title='bbox 3205 2719 3264 2771; x_wconf 88' lang='grc' dir='ltr'><strong>τὸ</strong></span> <span class='ocrx_word' id='word_1_358' title='bbox 3291 2721 3646 2776; x_wconf 84' lang='grc' dir='ltr'>ἐλαττοῦσθαι</span> <span class='ocrx_word' id='word_1_359' title='bbox 3689 2728 3777 2794; x_wconf 88' lang='grc' dir='ltr'>μῖ-</span> 
     </span>
    </p>
   </div>
   <div class='ocr_carea' id='block_1_48' title="bbox 527 2795 2105 2884">
    <p class='ocr_par' dir='ltr' id='par_1_48' title="bbox 527 2811 2105 2881">
     <span class='ocr_line' id='line_1_48' title="bbox 527 2811 2105 2881; baseline -0.001 -17"><span class='ocrx_word' id='word_1_360' title='bbox 527 2826 630 2864; x_wconf 76' lang='lat' dir='ltr'><strong>mre</strong></span> <span class='ocrx_word' id='word_1_361' title='bbox 661 2819 870 2866; x_wconf 70' lang='lat' dir='ltr'><strong>natm-ae</strong></span> <span class='ocrx_word' id='word_1_362' title='bbox 911 2821 1040 2865; x_wconf 89' lang='lat' dir='ltr'><strong>nota</strong></span> <span class='ocrx_word' id='word_1_363' title='bbox 1077 2811 1257 2881; x_wconf 89' lang='lat' dir='ltr'><strong>putari</strong></span> <span class='ocrx_word' id='word_1_364' title='bbox 1283 2811 1468 2874; x_wconf 90' lang='lat' dir='ltr'><strong>debet.</strong></span> <span class='ocrx_word' id='word_1_365' title='bbox 1497 2811 1640 2866; x_wconf 90' lang='lat' dir='ltr'><strong>sicut</strong></span> <span class='ocrx_word' id='word_1_366' title='bbox 1665 2820 1720 2866; x_wconf 89' lang='lat' dir='ltr'><strong>et</strong></span> <span class='ocrx_word' id='word_1_367' title='bbox 1739 2811 2027 2874; x_wconf 87' lang='lat' dir='ltr'><strong>timiditas,</strong></span> <span class='ocrx_word' id='word_1_368' title='bbox 2051 2821 2105 2863; x_wconf 86' lang='lat' dir='ltr'><strong>et</strong></span> 
     </span>
    </p>
   </div>
   <div class='ocr_carea' id='block_1_49' title="bbox 2200 2795 3778 2884">
    <p class='ocr_par' dir='ltr' id='par_1_49' title="bbox 2200 2795 3778 2884">
     <span class='ocr_line' id='line_1_49' title="bbox 2200 2795 3778 2884; baseline 0.007 -28"><span class='ocrx_word' id='word_1_369' title='bbox 2200 2797 2326 2868; x_wconf 58' lang='grc' dir='ltr'>σος,</span> <span class='ocrx_word' id='word_1_370' title='bbox 2357 2805 2450 2857; x_wconf 74' lang='grc' dir='ltr'><strong>καὶ</strong></span> <span class='ocrx_word' id='word_1_371' title='bbox 2484 2805 2660 2858; x_wconf 86' lang='grc' dir='ltr'>πάντα</span> <span class='ocrx_word' id='word_1_372' title='bbox 2701 2806 2770 2860; x_wconf 76' lang='grc' dir='ltr'>τὰ</span> <span class='ocrx_word' id='word_1_373' title='bbox 2806 2807 3030 2860; x_wconf 89' lang='grc' dir='ltr'>τοιαῦτα</span> <span class='ocrx_word' id='word_1_374' title='bbox 3078 2809 3264 2880; x_wconf 83' lang='grc' dir='ltr'><strong>πόρρω</strong></span> <span class='ocrx_word' id='word_1_375' title='bbox 3305 2795 3397 2863; x_wconf 79' lang='grc' dir='ltr'><strong>τοῦ</strong></span> <span class='ocrx_word' id='word_1_376' title='bbox 3441 2811 3778 2884; x_wconf 75' lang='grc' dir='ltr'>θεοπρεποῦς</span> 
     </span>
    </p>
   </div>
   <div class='ocr_carea' id='block_1_50' title="bbox 529 2897 2107 2978">
    <p class='ocr_par' dir='ltr' id='par_1_50' title="bbox 529 2901 2106 2972">
     <span class='ocr_line' id='line_1_50' title="bbox 529 2901 2106 2972; baseline -0.001 -16"><span class='ocrx_word' id='word_1_377' title='bbox 529 2901 782 2968; x_wconf 85' lang='lat' dir='ltr'><strong>audacia,</strong></span> <span class='ocrx_word' id='word_1_378' title='bbox 831 2911 888 2956; x_wconf 90' lang='lat' dir='ltr'><strong>et</strong></span> <span class='ocrx_word' id='word_1_379' title='bbox 927 2903 1193 2971; x_wconf 88' lang='lat' dir='ltr'><strong>majorum</strong></span> <span class='ocrx_word' id='word_1_380' title='bbox 1252 2903 1545 2972; x_wconf 84' lang='lat' dir='ltr'><strong>cupiditas,</strong></span> <span class='ocrx_word' id='word_1_381' title='bbox 1593 2912 1648 2956; x_wconf 88' lang='lat' dir='ltr'><strong>et</strong></span> <span class='ocrx_word' id='word_1_382' title='bbox 1693 2903 1879 2956; x_wconf 88' lang='lat' dir='ltr'><strong>odium</strong></span> <span class='ocrx_word' id='word_1_383' title='bbox 1930 2910 2106 2956; x_wconf 85' lang='lat' dir='ltr'><strong>status</strong></span> 
     </span>
    </p>
   </div>
   <div class='ocr_carea' id='block_1_51' title="bbox 2199 2897 3777 2978">
    <p class='ocr_par' dir='ltr' id='par_1_51' title="bbox 2205 2897 3777 2978">
     <span class='ocr_line' id='line_1_51' title="bbox 2205 2897 3777 2978; baseline 0.006 -30"><span class='ocrx_word' id='word_1_384' title='bbox 2205 2897 2544 2967; x_wconf 84' lang='grc' dir='ltr'>χαρακτῆρός</span> <span class='ocrx_word' id='word_1_385' title='bbox 2567 2900 2701 2953; x_wconf 80' lang='grc' dir='ltr'>ἐστι.</span> <span class='ocrx_word' id='word_1_386' title='bbox 2733 2898 2916 2952; x_wconf 83' lang='grc' dir='ltr'>Ταῦτα</span> <span class='ocrx_word' id='word_1_387' title='bbox 2946 2901 3124 2954; x_wconf 82' lang='grc' dir='ltr'>τοίνυν</span> <span class='ocrx_word' id='word_1_388' title='bbox 3151 2902 3214 2953; x_wconf 84' lang='grc' dir='ltr'><strong>ἐκ</strong></span> <span class='ocrx_word' id='word_1_389' title='bbox 3237 2900 3330 2954; x_wconf 84' lang='grc' dir='ltr'><strong>τοῦ</strong></span> <span class='ocrx_word' id='word_1_390' title='bbox 3356 2903 3550 2972; x_wconf 81' lang='grc' dir='ltr'>ἀλόγου</span> <span class='ocrx_word' id='word_1_391' title='bbox 3581 2907 3777 2978; x_wconf 79' lang='grc' dir='ltr'>μέρους</span> 
     </span>
    </p>
   </div>
   <div class='ocr_carea' id='block_1_52' title="bbox 529 2987 2107 3064">
    <p class='ocr_par' dir='ltr' id='par_1_52' title="bbox 529 2994 2107 3064">
     <span class='ocr_line' id='line_1_52' title="bbox 529 2994 2107 3064; baseline -0.001 -17"><span class='ocrx_word' id='word_1_392' title='bbox 529 2994 837 3060; x_wconf 73' lang='lat' dir='ltr'><strong>deterioris,</strong></span> <span class='ocrx_word' id='word_1_393' title='bbox 869 3003 1172 3063; x_wconf 65' lang='lat' dir='ltr'><strong>caelataque</strong></span> <span class='ocrx_word' id='word_1_394' title='bbox 1201 2994 1288 3048; x_wconf 89' lang='lat' dir='ltr'><strong>his</strong></span> <span class='ocrx_word' id='word_1_395' title='bbox 1322 2994 1634 3049; x_wconf 89' lang='lat' dir='ltr'><strong>consimilia</strong></span> <span class='ocrx_word' id='word_1_396' title='bbox 1665 2995 1826 3064; x_wconf 83' lang='lat' dir='ltr'><strong>longe</strong></span> <span class='ocrx_word' id='word_1_397' title='bbox 1859 3009 1890 3048; x_wconf 90' lang='lat' dir='ltr'><strong>a</strong></span> <span class='ocrx_word' id='word_1_398' title='bbox 1921 2995 2107 3048; x_wconf 78' lang='lat' dir='ltr'><strong>divino</strong></span> 
     </span>
    </p>
   </div>
   <div class='ocr_carea' id='block_1_53' title="bbox 2199 2987 3777 3064">
    <p class='ocr_par' dir='ltr' id='par_1_53' title="bbox 2203 2987 3777 3063">
     <span class='ocr_line' id='line_1_53' title="bbox 2203 2987 3777 3063; baseline 0.008 -24"><span class='ocrx_word' id='word_1_399' title='bbox 2203 2991 2236 3057; x_wconf 86' lang='grc' dir='ltr'>ὴ</span> <span class='ocrx_word' id='word_1_400' title='bbox 2278 2987 2590 3060; x_wconf 80' lang='grc' dir='ltr'>ἀνθρωπίνη</span> <span class='ocrx_word' id='word_1_401' title='bbox 2637 2989 2796 3058; x_wconf 81' lang='grc' dir='ltr'>φύσις</span> <span class='ocrx_word' id='word_1_402' title='bbox 2835 2991 2972 3061; x_wconf 81' lang='grc' dir='ltr'>πρὸς</span> <span class='ocrx_word' id='word_1_403' title='bbox 3012 2992 3206 3063; x_wconf 79' lang='grc' dir='ltr'>ἑαυτὴν</span> <span class='ocrx_word' id='word_1_404' title='bbox 3254 2994 3631 3062; x_wconf 81' lang='grc' dir='ltr'>ἐφειλκύσατο.</span> <span class='ocrx_word' id='word_1_405' title='bbox 3683 2993 3777 3062; x_wconf 78' lang='grc' dir='ltr'><strong>Οἷς</strong></span> 
     </span>
    </p>
   </div>
   <div class='ocr_carea' id='block_1_54' title="bbox 529 3079 2107 3160">
    <p class='ocr_par' dir='ltr' id='par_1_54' title="bbox 529 3083 2107 3154">
     <span class='ocr_line' id='line_1_54' title="bbox 529 3083 2107 3154; baseline 0 -16"><span class='ocrx_word' id='word_1_406' title='bbox 529 3084 624 3138; x_wconf 82' lang='lat' dir='ltr'><strong>illo</strong></span> <span class='ocrx_word' id='word_1_407' title='bbox 660 3085 975 3140; x_wconf 80' lang='lat' dir='ltr'><strong>charactere</strong></span> <span class='ocrx_word' id='word_1_408' title='bbox 1004 3085 1226 3139; x_wconf 87' lang='lat' dir='ltr'><strong>absunt.</strong></span> <span class='ocrx_word' id='word_1_409' title='bbox 1266 3083 1616 3154; x_wconf 85' lang='lat' dir='ltr'><strong>Quapropter</strong></span> <span class='ocrx_word' id='word_1_410' title='bbox 1645 3085 1761 3138; x_wconf 75' lang='lat' dir='ltr'><strong>haec</strong></span> <span class='ocrx_word' id='word_1_411' title='bbox 1787 3093 2012 3153; x_wconf 88' lang='lat' dir='ltr'><strong>accepta</strong></span> <span class='ocrx_word' id='word_1_412' title='bbox 2039 3083 2107 3138; x_wconf 89' lang='lat' dir='ltr'><strong>de</strong></span> 
     </span>
    </p>
   </div>
   <div class='ocr_carea' id='block_1_55' title="bbox 2197 3079 3775 3160">
    <p class='ocr_par' dir='ltr' id='par_1_55' title="bbox 2203 3079 3775 3160">
     <span class='ocr_line' id='line_1_55' title="bbox 2203 3079 3775 3160; baseline 0.005 -28"><span class='ocrx_word' id='word_1_413' title='bbox 2203 3079 2313 3150; x_wconf 84' lang='grc' dir='ltr'>γὰρ</span> <span class='ocrx_word' id='word_1_414' title='bbox 2333 3082 2365 3151; x_wconf 85' lang='grc' dir='ltr'>ἡ</span> <span class='ocrx_word' id='word_1_415' title='bbox 2388 3080 2576 3149; x_wconf 82' lang='grc' dir='ltr'>ἄλογος</span> <span class='ocrx_word' id='word_1_416' title='bbox 2597 3081 2708 3152; x_wconf 77' lang='grc' dir='ltr'><strong>ζωὴ</strong></span> <span class='ocrx_word' id='word_1_417' title='bbox 2726 3083 2862 3152; x_wconf 80' lang='grc' dir='ltr'>πρὸς</span> <span class='ocrx_word' id='word_1_418' title='bbox 2881 3085 3206 3156; x_wconf 86' lang='grc' dir='ltr'>συντήρησιν</span> <span class='ocrx_word' id='word_1_419' title='bbox 3223 3085 3418 3155; x_wconf 78' lang='grc' dir='ltr'>ἑαυτῆς</span> <span class='ocrx_word' id='word_1_420' title='bbox 3443 3087 3775 3160; x_wconf 73' lang='grc' dir='ltr'>ἡσφαλίσθη,</span> 
     </span>
    </p>
   </div>
   <div class='ocr_carea' id='block_1_56' title="bbox 529 3169 2107 3251">
    <p class='ocr_par' dir='ltr' id='par_1_56' title="bbox 529 3173 2105 3244">
     <span class='ocr_line' id='line_1_56' title="bbox 529 3173 2105 3244; baseline -0.001 -14"><span class='ocrx_word' id='word_1_421' title='bbox 529 3173 728 3235; x_wconf 71' lang='lat' dir='ltr'><strong>brutis,</strong></span> <span class='ocrx_word' id='word_1_422' title='bbox 786 3175 1024 3229; x_wconf 79' lang='lat' dir='ltr'><strong>hominis</strong></span> <span class='ocrx_word' id='word_1_423' title='bbox 1085 3191 1354 3244; x_wconf 84' lang='lat' dir='ltr'><strong>usurpare</strong></span> <span class='ocrx_word' id='word_1_424' title='bbox 1411 3183 1608 3229; x_wconf 86' lang='lat' dir='ltr'><strong>natura</strong></span> <span class='ocrx_word' id='word_1_425' title='bbox 1661 3175 1848 3244; x_wconf 70' lang='lat' dir='ltr'><strong>erepit.</strong></span> <span class='ocrx_word' id='word_1_426' title='bbox 1889 3173 2105 3240; x_wconf 85' lang='lat' dir='ltr'><strong>Quibus</strong></span> 
     </span>
    </p>
   </div>
   <div class='ocr_carea' id='block_1_57' title="bbox 2195 3169 3773 3251">
    <p class='ocr_par' dir='ltr' id='par_1_57' title="bbox 2206 3169 3773 3251">
     <span class='ocr_line' id='line_1_57' title="bbox 2206 3169 3773 3251; baseline 0.006 -28"><span class='ocrx_word' id='word_1_427' title='bbox 2206 3169 2374 3224; x_wconf 83' lang='grc' dir='ltr'>ταῦτα</span> <span class='ocrx_word' id='word_1_428' title='bbox 2407 3174 2542 3244; x_wconf 66' lang='grc' dir='ltr'>πρὸς</span> <span class='ocrx_word' id='word_1_429' title='bbox 2563 3176 2660 3228; x_wconf 74' lang='grc' dir='ltr'><strong>τὸν</strong></span> <span class='ocrx_word' id='word_1_430' title='bbox 2694 3173 3031 3246; x_wconf 83' lang='grc' dir='ltr'>ἀνθρώπινον</span> <span class='ocrx_word' id='word_1_431' title='bbox 3058 3177 3444 3247; x_wconf 82' lang='grc' dir='ltr'>μετενεχθέντα</span> <span class='ocrx_word' id='word_1_432' title='bbox 3472 3179 3608 3248; x_wconf 82' lang='grc' dir='ltr'>βίον.</span> <span class='ocrx_word' id='word_1_433' title='bbox 3631 3181 3773 3251; x_wconf 82' lang='grc' dir='ltr'>πάθη</span> 
     </span>
    </p>
   </div>
   <div class='ocr_carea' id='block_1_58' title="bbox 527 3235 2105 3336">
    <p class='ocr_par' dir='ltr' id='par_1_58' title="bbox 527 3264 2104 3320">
     <span class='ocr_line' id='line_1_58' title="bbox 527 3264 2104 3320; baseline 0 -2"><span class='ocrx_word' id='word_1_434' title='bbox 527 3267 672 3318; x_wconf 89' lang='lat' dir='ltr'><strong>enim</strong></span> <span class='ocrx_word' id='word_1_435' title='bbox 709 3264 874 3318; x_wconf 85' lang='lat' dir='ltr'><strong>rebus</strong></span> <span class='ocrx_word' id='word_1_436' title='bbox 929 3265 1040 3317; x_wconf 89' lang='lat' dir='ltr'><strong>vita</strong></span> <span class='ocrx_word' id='word_1_437' title='bbox 1077 3265 1364 3319; x_wconf 79' lang='lat' dir='ltr'><strong>brutorum</strong></span> <span class='ocrx_word' id='word_1_438' title='bbox 1429 3265 1498 3318; x_wconf 89' lang='lat' dir='ltr'><strong>ad</strong></span> <span class='ocrx_word' id='word_1_439' title='bbox 1555 3281 1618 3320; x_wconf 75' lang='lat' dir='ltr'><strong>se</strong></span> <span class='ocrx_word' id='word_1_440' title='bbox 1665 3265 2104 3320; x_wconf 86' lang='lat' dir='ltr'><strong>conservandum</strong></span> 
     </span>
    </p>
   </div>
   <div class='ocr_carea' id='block_1_59' title="bbox 2193 3235 3771 3336">
    <p class='ocr_par' dir='ltr' id='par_1_59' title="bbox 2193 3235 3771 3336">
     <span class='ocr_line' id='line_1_59' title="bbox 2193 3235 3771 3336; baseline 0.008 -31"><span class='ocrx_word' id='word_1_441' title='bbox 2193 3235 2461 3322; x_wconf 54' lang='grc' dir='ltr'>ιέγένετο.’</span> <span class='ocrx_word' id='word_1_442' title='bbox 2499 3257 2669 3328; x_wconf 81' lang='grc' dir='ltr'>Θυμῷ</span> <span class='ocrx_word' id='word_1_443' title='bbox 2718 3235 2954 3329; x_wconf 73' lang='grc' dir='ltr'>μὲνγὰρ</span> <span class='ocrx_word' id='word_1_444' title='bbox 3002 3235 3345 3330; x_wconf 54' lang='grc' dir='ltr'>συντηρεῖται</span> <span class='ocrx_word' id='word_1_445' title='bbox 3385 3261 3454 3314; x_wconf 83' lang='grc' dir='ltr'>τὰ</span> <span class='ocrx_word' id='word_1_446' title='bbox 3472 3235 3771 3336; x_wconf 51' lang='grc' dir='ltr'>’ὠμοϐόραί</span> 
     </span>
    </p>
   </div>
   <div class='ocr_carea' id='block_1_60' title="bbox 529 3342 2107 3421">
    <p class='ocr_par' dir='ltr' id='par_1_60' title="bbox 529 3355 2103 3421">
     <span class='ocr_line' id='line_1_60' title="bbox 529 3355 2103 3421; baseline 0.002 -13"><span class='ocrx_word' id='word_1_447' title='bbox 529 3355 740 3408; x_wconf 79' lang='lat' dir='ltr'><strong>numita</strong></span> <span class='ocrx_word' id='word_1_448' title='bbox 790 3361 895 3418; x_wconf 89' lang='lat' dir='ltr'><strong>est,</strong></span> <span class='ocrx_word' id='word_1_449' title='bbox 944 3371 1022 3409; x_wconf 63' lang='lat' dir='ltr'><strong>ea:</strong></span> <span class='ocrx_word' id='word_1_450' title='bbox 1053 3371 1138 3410; x_wconf 89' lang='lat' dir='ltr'><strong>res</strong></span> <span class='ocrx_word' id='word_1_451' title='bbox 1190 3355 1258 3410; x_wconf 89' lang='lat' dir='ltr'><strong>ad</strong></span> <span class='ocrx_word' id='word_1_452' title='bbox 1305 3357 1544 3412; x_wconf 90' lang='lat' dir='ltr'><strong>hominis</strong></span> <span class='ocrx_word' id='word_1_453' title='bbox 1589 3358 1755 3410; x_wconf 87' lang='lat' dir='ltr'><strong>vitam</strong></span> <span class='ocrx_word' id='word_1_454' title='bbox 1805 3358 2103 3421; x_wconf 71' lang='lat' dir='ltr'><strong>translatze,</strong></span> 
     </span>
    </p>
   </div>
   <div class='ocr_carea' id='block_1_61' title="bbox 2197 3342 3775 3421">
    <p class='ocr_par' dir='ltr' id='par_1_61' title="bbox 2209 3342 3775 3416">
     <span class='ocr_line' id='line_1_61' title="bbox 2209 3342 3775 3416; baseline 0.008 -22"><span class='ocrx_word' id='word_1_455' title='bbox 2209 3342 2489 3412; x_wconf 84' lang='grc' dir='ltr'>φιληδονία</span> <span class='ocrx_word' id='word_1_456' title='bbox 2516 3345 2571 3396; x_wconf 78' lang='grc' dir='ltr'>δὲ</span> <span class='ocrx_word' id='word_1_457' title='bbox 2603 3347 2673 3398; x_wconf 79' lang='grc' dir='ltr'>τὰ</span> <span class='ocrx_word' id='word_1_458' title='bbox 2711 3345 3104 3414; x_wconf 86' lang='grc' dir='ltr'>πολυγονοῦντα</span> <span class='ocrx_word' id='word_1_459' title='bbox 3138 3349 3246 3402; x_wconf 91' lang='grc' dir='ltr'><strong>τῶν</strong></span> <span class='ocrx_word' id='word_1_460' title='bbox 3279 3345 3432 3412; x_wconf 77' lang='grc' dir='ltr'>ζώων</span> <span class='ocrx_word' id='word_1_461' title='bbox 3455 3351 3622 3416; x_wconf 75' lang='grc' dir='ltr'>σώζει</span> <span class='ocrx_word' id='word_1_462' title='bbox 3645 3370 3660 3384; x_wconf 90' lang='grc'><strong>·</strong></span> <span class='ocrx_word' id='word_1_463' title='bbox 3689 3354 3775 3407; x_wconf 73' lang='grc' dir='ltr'><strong>τόν</strong></span> 
     </span>
    </p>
   </div>
   <div class='ocr_carea' id='block_1_62' title="bbox 529 3435 2107 3519">
    <p class='ocr_par' dir='ltr' id='par_1_62' title="bbox 529 3448 2107 3519">
     <span class='ocr_line' id='line_1_62' title="bbox 529 3448 2107 3519; baseline -0.003 -15"><span class='ocrx_word' id='word_1_464' title='bbox 529 3459 659 3504; x_wconf 79' lang='lat' dir='ltr'><strong>sunt</strong></span> <span class='ocrx_word' id='word_1_465' title='bbox 691 3451 774 3503; x_wconf 67' lang='lat' dir='ltr'><strong>ha:</strong></span> <span class='ocrx_word' id='word_1_466' title='bbox 805 3451 936 3519; x_wconf 61' lang='lat' dir='ltr'><strong>ipsa:</strong></span> <span class='ocrx_word' id='word_1_467' title='bbox 969 3450 1038 3504; x_wconf 91' lang='lat' dir='ltr'><strong>de</strong></span> <span class='ocrx_word' id='word_1_468' title='bbox 1067 3450 1268 3518; x_wconf 89' lang='lat' dir='ltr'><strong>quibus</strong></span> <span class='ocrx_word' id='word_1_469' title='bbox 1309 3449 1604 3518; x_wconf 89' lang='lat' dir='ltr'><strong>loquimur,</strong></span> <span class='ocrx_word' id='word_1_470' title='bbox 1635 3448 1805 3501; x_wconf 91' lang='lat' dir='ltr'><strong>animi</strong></span> <span class='ocrx_word' id='word_1_471' title='bbox 1839 3451 1954 3503; x_wconf 89' lang='lat' dir='ltr'><strong>sive</strong></span> <span class='ocrx_word' id='word_1_472' title='bbox 1987 3465 2107 3518; x_wconf 85' lang='lat' dir='ltr'><strong>per-</strong></span> 
     </span>
    </p>
   </div>
   <div class='ocr_carea' id='block_1_63' title="bbox 2197 3435 3775 3519">
    <p class='ocr_par' dir='ltr' id='par_1_63' title="bbox 2209 3435 3775 3518">
     <span class='ocr_line' id='line_1_63' title="bbox 2209 3435 3775 3518; baseline 0.009 -32"><span class='ocrx_word' id='word_1_473' title='bbox 2209 3435 2430 3488; x_wconf 82' lang='grc' dir='ltr'>ἇναλκιν</span> <span class='ocrx_word' id='word_1_474' title='bbox 2461 3439 2493 3507; x_wconf 81' lang='grc' dir='ltr'><strong>ἡ</strong></span> <span class='ocrx_word' id='word_1_475' title='bbox 2517 3437 2705 3502; x_wconf 80' lang='grc' dir='ltr'>δειλία,</span> <span class='ocrx_word' id='word_1_476' title='bbox 2736 3440 2828 3492; x_wconf 76' lang='grc' dir='ltr'>καὶ</span> <span class='ocrx_word' id='word_1_477' title='bbox 2863 3440 2954 3494; x_wconf 85' lang='grc' dir='ltr'><strong>τὸν</strong></span> <span class='ocrx_word' id='word_1_478' title='bbox 2979 3440 3248 3494; x_wconf 85' lang='grc' dir='ltr'>εὐάλωτον</span> <span class='ocrx_word' id='word_1_479' title='bbox 3276 3447 3386 3506; x_wconf 79' lang='grc' dir='ltr'>τοῖς</span> <span class='ocrx_word' id='word_1_480' title='bbox 3413 3446 3775 3518; x_wconf 78' lang='grc' dir='ltr'>ἰσχυροτέροις</span> 
     </span>
    </p>
   </div>
   <div class='ocr_carea' id='block_1_64' title="bbox 528 3529 2106 3607">
    <p class='ocr_par' dir='ltr' id='par_1_64' title="bbox 528 3537 2106 3604">
     <span class='ocr_line' id='line_1_64' title="bbox 528 3537 2106 3604; baseline 0.002 -12"><span class='ocrx_word' id='word_1_481' title='bbox 528 3541 910 3604; x_wconf 86' lang='lat' dir='ltr'><strong>turbationes,</strong></span> <span class='ocrx_word' id='word_1_482' title='bbox 963 3541 1077 3594; x_wconf 84' lang='lat' dir='ltr'><strong>sive</strong></span> <span class='ocrx_word' id='word_1_483' title='bbox 1134 3539 1472 3594; x_wconf 67' lang='lat' dir='ltr'><strong>affectiones.</strong></span> <span class='ocrx_word' id='word_1_484' title='bbox 1558 3537 1841 3593; x_wconf 87' lang='lat' dir='ltr'><strong>Iracundia</strong></span> <span class='ocrx_word' id='word_1_485' title='bbox 1897 3539 2106 3595; x_wconf 73' lang='lat' dir='ltr'><strong>belluas</strong></span> 
     </span>
    </p>
   </div>
   <div class='ocr_carea' id='block_1_65' title="bbox 2199 3529 3777 3607">
    <p class='ocr_par' dir='ltr' id='par_1_65' title="bbox 2207 3529 3777 3607">
     <span class='ocr_line' id='line_1_65' title="bbox 2207 3529 3777 3607; baseline 0.008 -25"><span class='ocrx_word' id='word_1_486' title='bbox 2207 3531 2236 3582; x_wconf 90' lang='grc' dir='ltr'><strong>ό</strong></span> <span class='ocrx_word' id='word_1_487' title='bbox 2277 3529 2470 3597; x_wconf 76' lang='grc' dir='ltr'>φόϐος,</span> <span class='ocrx_word' id='word_1_488' title='bbox 2505 3530 2594 3582; x_wconf 82' lang='grc' dir='ltr'><strong>τὸν</strong></span> <span class='ocrx_word' id='word_1_489' title='bbox 2631 3531 2687 3583; x_wconf 83' lang='grc' dir='ltr'><strong>δὲ</strong></span> <span class='ocrx_word' id='word_1_490' title='bbox 2738 3532 3078 3603; x_wconf 86' lang='grc' dir='ltr'>πολύσαρκον</span> <span class='ocrx_word' id='word_1_491' title='bbox 3112 3535 3160 3604; x_wconf 86' lang='grc' dir='ltr'><strong>ἡ,</strong></span> <span class='ocrx_word' id='word_1_492' title='bbox 3195 3534 3516 3607; x_wconf 79' lang='grc' dir='ltr'>λαιμαργία.</span> <span class='ocrx_word' id='word_1_493' title='bbox 3559 3540 3664 3593; x_wconf 82' lang='grc' dir='ltr'><strong>Καὶ</strong></span> <span class='ocrx_word' id='word_1_494' title='bbox 3719 3540 3777 3593; x_wconf 83' lang='grc' dir='ltr'><strong>τὸ</strong></span> 
     </span>
    </p>
   </div>
   <div class='ocr_carea' id='block_1_66' title="bbox 529 3621 2107 3698">
    <p class='ocr_par' dir='ltr' id='par_1_66' title="bbox 529 3625 2107 3698">
     <span class='ocr_line' id='line_1_66' title="bbox 529 3625 2107 3698; baseline 0.004 -18"><span class='ocrx_word' id='word_1_495' title='bbox 529 3625 853 3682; x_wconf 73' lang='lat' dir='ltr'><strong>crudivoras</strong></span> <span class='ocrx_word' id='word_1_496' title='bbox 883 3635 1070 3681; x_wconf 87' lang='lat' dir='ltr'><strong>tuetur</strong></span> <span class='ocrx_word' id='word_1_497' title='bbox 1092 3627 1162 3680; x_wconf 90' lang='lat' dir='ltr'><strong>ab</strong></span> <span class='ocrx_word' id='word_1_498' title='bbox 1202 3627 1466 3682; x_wconf 86' lang='lat' dir='ltr'><strong>interitu:</strong></span> <span class='ocrx_word' id='word_1_499' title='bbox 1503 3626 1767 3683; x_wconf 90' lang='lat' dir='ltr'><strong>fecundas</strong></span> <span class='ocrx_word' id='word_1_500' title='bbox 1813 3631 2107 3698; x_wconf 84' lang='lat' dir='ltr'><strong>voluptatis</strong></span> 
     </span>
    </p>
   </div>
   <div class='ocr_carea' id='block_1_67' title="bbox 2199 3621 3777 3698">
    <p class='ocr_par' dir='ltr' id='par_1_67' title="bbox 2207 3621 3777 3698">
     <span class='ocr_line' id='line_1_67' title="bbox 2207 3621 3777 3698; baseline 0.008 -26"><span class='ocrx_word' id='word_1_501' title='bbox 2207 3621 2523 3698; x_wconf 80' lang='grc' dir='ltr'>διαμαρτεῖν</span> <span class='ocrx_word' id='word_1_502' title='bbox 2550 3623 2858 3677; x_wconf 81' lang='grc' dir='ltr'>οὑτινοσοῦν</span> <span class='ocrx_word' id='word_1_503' title='bbox 2904 3627 3012 3678; x_wconf 88' lang='grc' dir='ltr'><strong>τῶν</strong></span> <span class='ocrx_word' id='word_1_504' title='bbox 3043 3625 3164 3678; x_wconf 85' lang='grc' dir='ltr'>καθ’</span> <span class='ocrx_word' id='word_1_505' title='bbox 3197 3627 3408 3697; x_wconf 83' lang='grc' dir='ltr'>ἡδονὴν,</span> <span class='ocrx_word' id='word_1_506' title='bbox 3449 3629 3628 3698; x_wconf 80' lang='grc' dir='ltr'>λύπης</span> <span class='ocrx_word' id='word_1_507' title='bbox 3655 3631 3777 3685; x_wconf 85' lang='grc' dir='ltr'>ὑπό-</span> 
     </span>
    </p>
   </div>
   <div class='ocr_carea' id='block_1_68' title="bbox 531 3691 2109 3790">
    <p class='ocr_par' dir='ltr' id='par_1_68' title="bbox 531 3691 2106 3790">
     <span class='ocr_line' id='line_1_68' title="bbox 531 3691 2106 3790; baseline 0.004 -19"><span class='ocrx_word' id='word_1_508' title='bbox 531 3720 824 3789; x_wconf 86' lang='lat' dir='ltr'><strong>appetitus,</strong></span> <span class='ocrx_word' id='word_1_509' title='bbox 857 3719 1104 3775; x_wconf 84' lang='lat' dir='ltr'><strong>imbelles</strong></span> <span class='ocrx_word' id='word_1_510' title='bbox 1128 3720 1422 3790; x_wconf 89' lang='lat' dir='ltr'><strong>trepidatio</strong></span> <span class='ocrx_word' id='word_1_511' title='bbox 1446 3739 1460 3775; x_wconf 90' lang='lat'><strong>:</strong></span> <span class='ocrx_word' id='word_1_512' title='bbox 1485 3736 1608 3790; x_wconf 64' lang='lat' dir='ltr'><strong>quae</strong></span> <span class='ocrx_word' id='word_1_513' title='bbox 1636 3737 1665 3774; x_wconf 91' lang='lat' dir='ltr'><strong>a</strong></span> <span class='ocrx_word' id='word_1_514' title='bbox 1692 3691 2106 3777; x_wconf 71' lang='lat' dir='ltr'><strong>robustioribus</strong></span> 
     </span>
    </p>
   </div>
   <div class='ocr_carea' id='block_1_69' title="bbox 2199 3691 3777 3790">
    <p class='ocr_par' dir='ltr' id='par_1_69' title="bbox 2199 3691 3777 3782">
     <span class='ocr_line' id='line_1_69' title="bbox 2199 3691 3777 3782; baseline 0.008 -19"><span class='ocrx_word' id='word_1_515' title='bbox 2199 3691 2458 3774; x_wconf 16' lang='grc' dir='ltr'>ἷλεσιςήὲν</span> <span class='ocrx_word' id='word_1_516' title='bbox 2507 3717 2619 3778; x_wconf 84' lang='grc' dir='ltr'>τοῖς</span> <span class='ocrx_word' id='word_1_517' title='bbox 2673 3715 2891 3782; x_wconf 80' lang='grc' dir='ltr'>ἀλόγοις</span> <span class='ocrx_word' id='word_1_518' title='bbox 2937 3716 3071 3770; x_wconf 86' lang='grc' dir='ltr'>ἐστί.</span> <span class='ocrx_word' id='word_1_519' title='bbox 3117 3691 3303 3771; x_wconf 80' lang='grc' dir='ltr'>Ταῦτα</span> <span class='ocrx_word' id='word_1_520' title='bbox 3344 3691 3528 3774; x_wconf 69' lang='grc' dir='ltr'>πάντα</span> <span class='ocrx_word' id='word_1_521' title='bbox 3573 3691 3672 3775; x_wconf 79' lang='grc' dir='ltr'>καὶ</span> <span class='ocrx_word' id='word_1_522' title='bbox 3711 3723 3777 3776; x_wconf 72' lang='grc' dir='ltr'><strong>τά</strong></span> 
     </span>
    </p>
   </div>
   <div class='ocr_carea' id='block_1_70' title="bbox 531 3801 2109 3886">
    <p class='ocr_par' dir='ltr' id='par_1_70' title="bbox 531 3811 2108 3884">
     <span class='ocr_line' id='line_1_70' title="bbox 531 3811 2108 3884; baseline 0.001 -17"><span class='ocrx_word' id='word_1_523' title='bbox 531 3826 592 3867; x_wconf 90' lang='lat' dir='ltr'><strong>se</strong></span> <span class='ocrx_word' id='word_1_524' title='bbox 655 3811 798 3868; x_wconf 89' lang='lat' dir='ltr'><strong>tueri</strong></span> <span class='ocrx_word' id='word_1_525' title='bbox 861 3819 1178 3880; x_wconf 88' lang='lat' dir='ltr'><strong>nequeunt,</strong></span> <span class='ocrx_word' id='word_1_526' title='bbox 1241 3821 1461 3868; x_wconf 90' lang='lat' dir='ltr'><strong>metus:</strong></span> <span class='ocrx_word' id='word_1_527' title='bbox 1529 3812 1766 3884; x_wconf 79' lang='lat' dir='ltr'><strong>grandes</strong></span> <span class='ocrx_word' id='word_1_528' title='bbox 1834 3823 2108 3869; x_wconf 82' lang='lat' dir='ltr'><strong>sustentat</strong></span> 
     </span>
    </p>
   </div>
   <div class='ocr_carea' id='block_1_71' title="bbox 2195 3801 3773 3886">
    <p class='ocr_par' dir='ltr' id='par_1_71' title="bbox 2207 3801 3773 3886">
     <span class='ocr_line' id='line_1_71' title="bbox 2207 3801 3773 3886; baseline 0.008 -33"><span class='ocrx_word' id='word_1_529' title='bbox 2207 3801 2430 3854; x_wconf 88' lang='grc' dir='ltr'>τοιαῦτα</span> <span class='ocrx_word' id='word_1_530' title='bbox 2471 3802 2556 3856; x_wconf 77' lang='grc' dir='ltr'>διὰ</span> <span class='ocrx_word' id='word_1_531' title='bbox 2600 3803 2699 3874; x_wconf 85' lang='grc' dir='ltr'>τῆς</span> <span class='ocrx_word' id='word_1_532' title='bbox 2733 3805 3036 3873; x_wconf 84' lang='grc' dir='ltr'>κτηνὼδους</span> <span class='ocrx_word' id='word_1_533' title='bbox 3073 3807 3340 3874; x_wconf 89' lang='grc' dir='ltr'>γενέσεως</span> <span class='ocrx_word' id='word_1_534' title='bbox 3367 3813 3682 3882; x_wconf 85' lang='grc' dir='ltr'>συνεισῆλθε</span> <span class='ocrx_word' id='word_1_535' title='bbox 3711 3817 3773 3886; x_wconf 78' lang='grc' dir='ltr'>τῇ</span> 
     </span>
    </p>
   </div>
   <div class='ocr_carea' id='block_1_72' title="bbox 530 3890 2108 3978">
    <p class='ocr_par' dir='ltr' id='par_1_72' title="bbox 530 3903 2108 3978">
     <span class='ocr_line' id='line_1_72' title="bbox 530 3903 2108 3978; baseline 0.001 -18"><span class='ocrx_word' id='word_1_536' title='bbox 530 3905 821 3974; x_wconf 73' lang='lat' dir='ltr'><strong>ingluvies.</strong></span> <span class='ocrx_word' id='word_1_537' title='bbox 857 3903 1194 3975; x_wconf 88' lang='lat' dir='ltr'><strong>Contraque,</strong></span> <span class='ocrx_word' id='word_1_538' title='bbox 1249 3905 1298 3960; x_wconf 90' lang='lat' dir='ltr'><strong>si</strong></span> <span class='ocrx_word' id='word_1_539' title='bbox 1349 3921 1461 3976; x_wconf 92' lang='lat' dir='ltr'><strong>quo</strong></span> <span class='ocrx_word' id='word_1_540' title='bbox 1513 3905 1678 3976; x_wconf 85' lang='lat' dir='ltr'><strong>potiri</strong></span> <span class='ocrx_word' id='word_1_541' title='bbox 1712 3907 1856 3976; x_wconf 88' lang='lat' dir='ltr'><strong>quod</strong></span> <span class='ocrx_word' id='word_1_542' title='bbox 1910 3907 2108 3978; x_wconf 86' lang='lat' dir='ltr'><strong>volupe</strong></span> 
     </span>
    </p>
   </div>
   <div class='ocr_carea' id='block_1_73' title="bbox 2199 3890 3777 3978">
    <p class='ocr_par' dir='ltr' id='par_1_73' title="bbox 2207 3890 3777 3974">
     <span class='ocr_line' id='line_1_73' title="bbox 2207 3890 3777 3974; baseline 0.009 -32"><span class='ocrx_word' id='word_1_543' title='bbox 2207 3890 2303 3943; x_wconf 88' lang='grc' dir='ltr'><strong>τοῦ</strong></span> <span class='ocrx_word' id='word_1_544' title='bbox 2347 3891 2634 3963; x_wconf 84' lang='grc' dir='ltr'>ἀνθρώπου</span> <span class='ocrx_word' id='word_1_545' title='bbox 2681 3899 3013 3966; x_wconf 83' lang='grc' dir='ltr'>κατασκευῇ.</span> <span class='ocrx_word' id='word_1_546' title='bbox 3051 3897 3158 3949; x_wconf 87' lang='grc' dir='ltr'><strong>Καί</strong></span> <span class='ocrx_word' id='word_1_547' title='bbox 3201 3915 3288 3967; x_wconf 84' lang='grc' dir='ltr'><strong>μοι</strong></span> <span class='ocrx_word' id='word_1_548' title='bbox 3339 3904 3777 3974; x_wconf 78' lang='grc' dir='ltr'>συγκεχωρήσθω</span> 
     </span>
    </p>
   </div>
   <div class='ocr_carea' id='block_1_74' title="bbox 531 3985 2109 4068">
    <p class='ocr_par' dir='ltr' id='par_1_74' title="bbox 531 3995 2106 4065">
     <span class='ocr_line' id='line_1_74' title="bbox 531 3995 2106 4065; baseline 0.001 -15"><span class='ocrx_word' id='word_1_549' title='bbox 531 3995 604 4050; x_wconf 85' lang='lat' dir='ltr'><strong>sit</strong></span> <span class='ocrx_word' id='word_1_550' title='bbox 630 4001 927 4065; x_wconf 85' lang='lat' dir='ltr'><strong>nequeant,</strong></span> <span class='ocrx_word' id='word_1_551' title='bbox 965 3995 1019 4048; x_wconf 90' lang='lat' dir='ltr'><strong>id</strong></span> <span class='ocrx_word' id='word_1_552' title='bbox 1046 3997 1294 4050; x_wconf 87' lang='lat' dir='ltr'><strong>dolorem</strong></span> <span class='ocrx_word' id='word_1_553' title='bbox 1323 3995 1378 4048; x_wconf 90' lang='lat' dir='ltr'><strong>in</strong></span> <span class='ocrx_word' id='word_1_554' title='bbox 1409 3995 1491 4051; x_wconf 89' lang='lat' dir='ltr'><strong>eis</strong></span> <span class='ocrx_word' id='word_1_555' title='bbox 1520 3997 1744 4050; x_wconf 89' lang='lat' dir='ltr'><strong>excitat.</strong></span> <span class='ocrx_word' id='word_1_556' title='bbox 1775 3995 1901 4052; x_wconf 73' lang='lat' dir='ltr'><strong>Hazc</strong></span> <span class='ocrx_word' id='word_1_557' title='bbox 1925 3998 2106 4051; x_wconf 86' lang='lat' dir='ltr'><strong>omnia</strong></span> 
     </span>
    </p>
   </div>
   <div class='ocr_carea' id='block_1_75' title="bbox 2197 3985 3775 4068">
    <p class='ocr_par' dir='ltr' id='par_1_75' title="bbox 2210 3985 3775 4068">
     <span class='ocr_line' id='line_1_75' title="bbox 2210 3985 3775 4068; baseline 0.008 -32"><span class='ocrx_word' id='word_1_558' title='bbox 2210 3985 2350 4038; x_wconf 86' lang='grc' dir='ltr'>κατά</span> <span class='ocrx_word' id='word_1_559' title='bbox 2389 4003 2509 4038; x_wconf 86' lang='grc' dir='ltr'>τινα</span> <span class='ocrx_word' id='word_1_560' title='bbox 2552 3987 2854 4058; x_wconf 81' lang='grc' dir='ltr'>πλαστικὴν</span> <span class='ocrx_word' id='word_1_561' title='bbox 2897 3989 3330 4059; x_wconf 82' lang='grc' dir='ltr'>θαυματοποιῖαν</span> <span class='ocrx_word' id='word_1_562' title='bbox 3372 3993 3672 4065; x_wconf 76' lang='grc' dir='ltr'>διαγράψαι</span> <span class='ocrx_word' id='word_1_563' title='bbox 3705 3997 3775 4068; x_wconf 79' lang='grc' dir='ltr'>τῷ</span> 
     </span>
    </p>
   </div>
   <div class='ocr_carea' id='block_1_76' title="bbox 531 4076 2109 4158">
    <p class='ocr_par' dir='ltr' id='par_1_76' title="bbox 531 4085 2109 4158">
     <span class='ocr_line' id='line_1_76' title="bbox 531 4085 2109 4158; baseline 0 -17"><span class='ocrx_word' id='word_1_564' title='bbox 531 4095 588 4141; x_wconf 89' lang='lat' dir='ltr'><strong>et</strong></span> <span class='ocrx_word' id='word_1_565' title='bbox 617 4085 705 4140; x_wconf 87' lang='lat' dir='ltr'><strong>his</strong></span> <span class='ocrx_word' id='word_1_566' title='bbox 740 4087 846 4139; x_wconf 91' lang='lat' dir='ltr'><strong>alia</strong></span> <span class='ocrx_word' id='word_1_567' title='bbox 903 4087 1215 4141; x_wconf 89' lang='lat' dir='ltr'><strong>consimilia</strong></span> <span class='ocrx_word' id='word_1_568' title='bbox 1245 4087 1494 4156; x_wconf 78' lang='lat' dir='ltr'><strong>quaedam</strong></span> <span class='ocrx_word' id='word_1_569' title='bbox 1531 4102 1639 4141; x_wconf 89' lang='lat' dir='ltr'><strong>una</strong></span> <span class='ocrx_word' id='word_1_570' title='bbox 1671 4101 1796 4142; x_wconf 89' lang='lat' dir='ltr'><strong>cum</strong></span> <span class='ocrx_word' id='word_1_571' title='bbox 1849 4103 2109 4158; x_wconf 86' lang='lat' dir='ltr'><strong>procrea-</strong></span> 
     </span>
    </p>
   </div>
   <div class='ocr_carea' id='block_1_77' title="bbox 2199 4076 3777 4158">
    <p class='ocr_par' dir='ltr' id='par_1_77' title="bbox 2207 4076 3777 4157">
     <span class='ocr_line' id='line_1_77' title="bbox 2207 4076 3777 4157; baseline 0.009 -29"><span class='ocrx_word' id='word_1_572' title='bbox 2207 4076 2350 4148; x_wconf 83' lang='grc' dir='ltr'>λόγῳ</span> <span class='ocrx_word' id='word_1_573' title='bbox 2393 4077 2492 4150; x_wconf 80' lang='grc' dir='ltr'>τὴν</span> <span class='ocrx_word' id='word_1_574' title='bbox 2540 4079 2884 4152; x_wconf 84' lang='grc' dir='ltr'>ἀνθρωπίνην</span> <span class='ocrx_word' id='word_1_575' title='bbox 2915 4082 3116 4134; x_wconf 72' lang='grc' dir='ltr'>εἰκόνα.</span> <span class='ocrx_word' id='word_1_576' title='bbox 3165 4083 3432 4156; x_wconf 82' lang='grc' dir='ltr'>Καθάπερ</span> <span class='ocrx_word' id='word_1_577' title='bbox 3475 4087 3586 4157; x_wconf 87' lang='grc' dir='ltr'>γὰρ</span> <span class='ocrx_word' id='word_1_578' title='bbox 3633 4087 3777 4142; x_wconf 78' lang='grc' dir='ltr'>ἐστιν</span> 
     </span>
    </p>
   </div>
   <div class='ocr_carea' id='block_1_78' title="bbox 531 4169 2109 4252">
    <p class='ocr_par' dir='ltr' id='par_1_78' title="bbox 531 4179 2109 4250">
     <span class='ocr_line' id='line_1_78' title="bbox 531 4179 2109 4250; baseline 0.002 -18"><span class='ocrx_word' id='word_1_579' title='bbox 531 4179 682 4234; x_wconf 87' lang='lat' dir='ltr'><strong>tione</strong></span> <span class='ocrx_word' id='word_1_580' title='bbox 703 4180 868 4234; x_wconf 89' lang='lat' dir='ltr'><strong>bruta</strong></span> <span class='ocrx_word' id='word_1_581' title='bbox 895 4180 1136 4235; x_wconf 88' lang='lat' dir='ltr'><strong>hominis</strong></span> <span class='ocrx_word' id='word_1_582' title='bbox 1162 4180 1439 4250; x_wconf 83' lang='lat' dir='ltr'><strong>opificium</strong></span> <span class='ocrx_word' id='word_1_583' title='bbox 1465 4193 1890 4250; x_wconf 88' lang='lat' dir='ltr'><strong>occupaverunt.</strong></span> <span class='ocrx_word' id='word_1_584' title='bbox 1920 4181 2109 4237; x_wconf 89' lang='lat' dir='ltr'><strong>Liceat</strong></span> 
     </span>
    </p>
   </div>
   <div class='ocr_carea' id='block_1_79' title="bbox 2191 4169 3769 4252">
    <p class='ocr_par' dir='ltr' id='par_1_79' title="bbox 2191 4169 3769 4252">
     <span class='ocr_line' id='line_1_79' title="bbox 2191 4169 3769 4252; baseline 0.008 -32"><span class='ocrx_word' id='word_1_585' title='bbox 2191 4169 2339 4223; x_wconf 77' lang='grc' dir='ltr'>ηδεῖν</span> <span class='ocrx_word' id='word_1_586' title='bbox 2391 4171 2451 4223; x_wconf 84' lang='grc' dir='ltr'>ὲν</span> <span class='ocrx_word' id='word_1_587' title='bbox 2513 4173 2626 4234; x_wconf 82' lang='grc' dir='ltr'>τοῖς</span> <span class='ocrx_word' id='word_1_588' title='bbox 2683 4172 2965 4244; x_wconf 83' lang='grc' dir='ltr'>πλάσμασι</span> <span class='ocrx_word' id='word_1_589' title='bbox 3015 4173 3118 4237; x_wconf 87' lang='grc' dir='ltr'><strong>τάς</strong></span> <span class='ocrx_word' id='word_1_590' title='bbox 3163 4174 3455 4243; x_wconf 86' lang='grc' dir='ltr'>διγλύφους</span> <span class='ocrx_word' id='word_1_591' title='bbox 3523 4179 3769 4252; x_wconf 82' lang='grc' dir='ltr'>μορφάς,</span> 
     </span>
    </p>
   </div>
   <div class='ocr_carea' id='block_1_80' title="bbox 533 4261 2111 4344">
    <p class='ocr_par' dir='ltr' id='par_1_80' title="bbox 533 4271 2105 4344">
     <span class='ocr_line' id='line_1_80' title="bbox 533 4271 2105 4344; baseline 0.001 -18"><span class='ocrx_word' id='word_1_592' title='bbox 533 4280 716 4327; x_wconf 74' lang='lat' dir='ltr'><strong>autem</strong></span> <span class='ocrx_word' id='word_1_593' title='bbox 767 4271 903 4326; x_wconf 90' lang='lat' dir='ltr'><strong>mihi</strong></span> <span class='ocrx_word' id='word_1_594' title='bbox 935 4272 1038 4326; x_wconf 87' lang='lat' dir='ltr'><strong>hoc</strong></span> <span class='ocrx_word' id='word_1_595' title='bbox 1067 4274 1189 4326; x_wconf 89' lang='lat' dir='ltr'><strong>loco</strong></span> <span class='ocrx_word' id='word_1_596' title='bbox 1238 4271 1306 4327; x_wconf 89' lang='lat' dir='ltr'><strong>de</strong></span> <span class='ocrx_word' id='word_1_597' title='bbox 1337 4274 1680 4343; x_wconf 90' lang='lat' dir='ltr'><strong>sculptorum</strong></span> <span class='ocrx_word' id='word_1_598' title='bbox 1725 4276 2105 4344; x_wconf 85' lang='lat' dir='ltr'><strong>praestantium</strong></span> 
     </span>
    </p>
   </div>
   <div class='ocr_carea' id='block_1_81' title="bbox 2193 4261 3771 4344">
    <p class='ocr_par' dir='ltr' id='par_1_81' title="bbox 2209 4261 3771 4340">
     <span class='ocr_line' id='line_1_81' title="bbox 2209 4261 3771 4340; baseline 0.008 -25"><span class='ocrx_word' id='word_1_599' title='bbox 2209 4261 2276 4324; x_wconf 79' lang='grc' dir='ltr'><strong>ἀς</strong></span> <span class='ocrx_word' id='word_1_600' title='bbox 2302 4264 2643 4334; x_wconf 84' lang='grc' dir='ltr'>μηχανῶνται</span> <span class='ocrx_word' id='word_1_601' title='bbox 2673 4265 2808 4335; x_wconf 76' lang='grc' dir='ltr'>πρὸς</span> <span class='ocrx_word' id='word_1_602' title='bbox 2834 4265 3091 4336; x_wconf 75' lang='grc' dir='ltr'>ἔκπληξιν</span> <span class='ocrx_word' id='word_1_603' title='bbox 3122 4266 3230 4321; x_wconf 88' lang='grc' dir='ltr'><strong>τῶν</strong></span> <span class='ocrx_word' id='word_1_604' title='bbox 3265 4271 3700 4340; x_wconf 76' lang='grc' dir='ltr'>ἐντυγχανόντων</span> <span class='ocrx_word' id='word_1_605' title='bbox 3725 4275 3771 4328; x_wconf 84' lang='grc' dir='ltr'><strong>οἰ</strong></span> 
     </span>
    </p>
   </div>
   <div class='ocr_carea' id='block_1_82' title="bbox 533 4355 2111 4438">
    <p class='ocr_par' dir='ltr' id='par_1_82' title="bbox 533 4363 2106 4434">
     <span class='ocr_line' id='line_1_82' title="bbox 533 4363 2106 4434; baseline 0.002 -16"><span class='ocrx_word' id='word_1_606' title='bbox 533 4379 706 4430; x_wconf 89' lang='lat' dir='ltr'><strong>more,</strong></span> <span class='ocrx_word' id='word_1_607' title='bbox 738 4363 975 4418; x_wconf 86' lang='lat' dir='ltr'><strong>hominis</strong></span> <span class='ocrx_word' id='word_1_608' title='bbox 1021 4365 1314 4432; x_wconf 83' lang='lat' dir='ltr'><strong>imaginem</strong></span> <span class='ocrx_word' id='word_1_609' title='bbox 1348 4364 1404 4417; x_wconf 89' lang='lat' dir='ltr'><strong>vi</strong></span> <span class='ocrx_word' id='word_1_610' title='bbox 1457 4365 1727 4420; x_wconf 88' lang='lat' dir='ltr'><strong>orationis</strong></span> <span class='ocrx_word' id='word_1_611' title='bbox 1773 4367 2106 4434; x_wconf 76' lang='lat' dir='ltr'><strong>exprimere.</strong></span> 
     </span>
    </p>
   </div>
   <div class='ocr_carea' id='block_1_83' title="bbox 2201 4355 3779 4438">
    <p class='ocr_par' dir='ltr' id='par_1_83' title="bbox 2208 4355 3779 4438">
     <span class='ocr_line' id='line_1_83' title="bbox 2208 4355 3779 4438; baseline 0.008 -31"><span class='ocrx_word' id='word_1_612' title='bbox 2208 4355 2277 4408; x_wconf 80' lang='grc' dir='ltr'>τὰ</span> <span class='ocrx_word' id='word_1_613' title='bbox 2321 4356 2546 4409; x_wconf 84' lang='grc' dir='ltr'>τοιαῦτα</span> <span class='ocrx_word' id='word_1_614' title='bbox 2588 4357 3047 4428; x_wconf 78' lang='grc' dir='ltr'>φιλοτεχνοῦντες,</span> <span class='ocrx_word' id='word_1_615' title='bbox 3076 4361 3172 4430; x_wconf 83' lang='grc' dir='ltr'>μιᾷ</span> <span class='ocrx_word' id='word_1_616' title='bbox 3215 4364 3421 4432; x_wconf 80' lang='grc' dir='ltr'>κεφαλῇ</span> <span class='ocrx_word' id='word_1_617' title='bbox 3450 4363 3543 4416; x_wconf 87' lang='grc' dir='ltr'><strong>δύο</strong></span> <span class='ocrx_word' id='word_1_618' title='bbox 3572 4367 3779 4438; x_wconf 81' lang='grc' dir='ltr'>μορφὰς</span> 
     </span>
    </p>
   </div>
   <div class='ocr_carea' id='block_1_84' title="bbox 533 4445 2111 4528">
    <p class='ocr_par' dir='ltr' id='par_1_84' title="bbox 533 4453 2106 4525">
     <span class='ocr_line' id='line_1_84' title="bbox 533 4453 2106 4525; baseline 0.001 -17"><span class='ocrx_word' id='word_1_619' title='bbox 533 4453 1003 4520; x_wconf 84' lang='lat' dir='ltr'><strong>Quemadmodum</strong></span> <span class='ocrx_word' id='word_1_620' title='bbox 1035 4455 1181 4509; x_wconf 87' lang='lat' dir='ltr'><strong>enim</strong></span> <span class='ocrx_word' id='word_1_621' title='bbox 1224 4453 1412 4507; x_wconf 88' lang='lat' dir='ltr'><strong>videre</strong></span> <span class='ocrx_word' id='word_1_622' title='bbox 1442 4463 1525 4509; x_wconf 89' lang='lat' dir='ltr'><strong>est</strong></span> <span class='ocrx_word' id='word_1_623' title='bbox 1571 4453 1835 4524; x_wconf 89' lang='lat' dir='ltr'><strong>quasdam</strong></span> <span class='ocrx_word' id='word_1_624' title='bbox 1881 4455 2106 4525; x_wconf 70' lang='lat' dir='ltr'><strong>effigies,</strong></span> 
     </span>
    </p>
   </div>
   <div class='ocr_carea' id='block_1_85' title="bbox 2199 4445 3777 4528">
    <p class='ocr_par' dir='ltr' id='par_1_85' title="bbox 2210 4445 3777 4528">
     <span class='ocr_line' id='line_1_85' title="bbox 2210 4445 3777 4528; baseline 0.008 -29"><span class='ocrx_word' id='word_1_625' title='bbox 2210 4445 2518 4518; x_wconf 81' lang='grc' dir='ltr'>προσώπων</span> <span class='ocrx_word' id='word_1_626' title='bbox 2557 4449 3057 4520; x_wconf 82' lang='grc' dir='ltr'>ὑποχαράσσοντες’</span> <span class='ocrx_word' id='word_1_627' title='bbox 3099 4450 3239 4502; x_wconf 81' lang='grc' dir='ltr'>οὓτω</span> <span class='ocrx_word' id='word_1_628' title='bbox 3275 4469 3363 4522; x_wconf 88' lang='grc' dir='ltr'><strong>μοι</strong></span> <span class='ocrx_word' id='word_1_629' title='bbox 3404 4453 3550 4507; x_wconf 88' lang='grc' dir='ltr'>δοκεί</span> <span class='ocrx_word' id='word_1_630' title='bbox 3592 4456 3777 4528; x_wconf 79' lang='grc' dir='ltr'>διπλῆν</span> 
     </span>
    </p>
   </div>
   <div class='ocr_carea' id='block_1_86' title="bbox 535 4540 2113 4633">
    <p class='ocr_par' dir='ltr' id='par_1_86' title="bbox 535 4544 2108 4616">
     <span class='ocr_line' id='line_1_86' title="bbox 535 4544 2108 4616; baseline 0.001 -16"><span class='ocrx_word' id='word_1_631' title='bbox 535 4547 591 4600; x_wconf 90' lang='lat' dir='ltr'><strong>in</strong></span> <span class='ocrx_word' id='word_1_632' title='bbox 622 4545 822 4616; x_wconf 89' lang='lat' dir='ltr'><strong>quibus</strong></span> <span class='ocrx_word' id='word_1_633' title='bbox 845 4544 1046 4615; x_wconf 79' lang='lat' dir='ltr'><strong>duplex</strong></span> <span class='ocrx_word' id='word_1_634' title='bbox 1100 4553 1184 4600; x_wconf 87' lang='lat' dir='ltr'><strong>est</strong></span> <span class='ocrx_word' id='word_1_635' title='bbox 1229 4559 1494 4614; x_wconf 77' lang='lat' dir='ltr'><strong>expressa</strong></span> <span class='ocrx_word' id='word_1_636' title='bbox 1529 4546 1724 4609; x_wconf 85' lang='lat' dir='ltr'><strong>forma,</strong></span> <span class='ocrx_word' id='word_1_637' title='bbox 1777 4547 2108 4616; x_wconf 84' lang='lat' dir='ltr'><strong>ﬁngentibus</strong></span> 
     </span>
    </p>
   </div>
   <div class='ocr_carea' id='block_1_87' title="bbox 2197 4540 3775 4633">
    <p class='ocr_par' dir='ltr' id='par_1_87' title="bbox 2197 4540 3775 4633">
     <span class='ocr_line' id='line_1_87' title="bbox 2197 4540 3775 4633; baseline 0.007 -41"><span class='ocrx_word' id='word_1_638' title='bbox 2197 4541 2398 4633; x_wconf 53' lang='lat' dir='ltr'><strong>ltpépstv</strong></span> <span class='ocrx_word' id='word_1_639' title='bbox 2425 4542 2452 4593; x_wconf 91' lang='grc' dir='ltr'><strong>ό</strong></span> <span class='ocrx_word' id='word_1_640' title='bbox 2482 4540 2764 4612; x_wconf 84' lang='grc' dir='ltr'>ἄνθρωπος</span> <span class='ocrx_word' id='word_1_641' title='bbox 2791 4542 2926 4612; x_wconf 83' lang='grc' dir='ltr'>πρὸς</span> <span class='ocrx_word' id='word_1_642' title='bbox 2973 4540 3042 4594; x_wconf 86' lang='grc' dir='ltr'><strong>τά</strong></span> <span class='ocrx_word' id='word_1_643' title='bbox 3074 4543 3288 4596; x_wconf 79' lang='grc' dir='ltr'>ἐναντία</span> <span class='ocrx_word' id='word_1_644' title='bbox 3313 4545 3412 4613; x_wconf 83' lang='grc' dir='ltr'>τὴν</span> <span class='ocrx_word' id='word_1_645' title='bbox 3453 4549 3775 4621; x_wconf 83' lang='grc' dir='ltr'>ὁμοιότητα·</span> 
     </span>
    </p>
   </div>
   <div class='ocr_carea' id='block_1_88' title="bbox 537 4619 2115 4712">
    <p class='ocr_par' dir='ltr' id='par_1_88' title="bbox 537 4637 2107 4712">
     <span class='ocr_line' id='line_1_88' title="bbox 537 4637 2107 4712; baseline 0.003 -20"><span class='ocrx_word' id='word_1_646' title='bbox 537 4639 638 4693; x_wconf 86' lang='lat' dir='ltr'><strong>has</strong></span> <span class='ocrx_word' id='word_1_647' title='bbox 685 4637 993 4693; x_wconf 83' lang='lat' dir='ltr'><strong>artificibus</strong></span> <span class='ocrx_word' id='word_1_648' title='bbox 1051 4654 1246 4709; x_wconf 88' lang='lat' dir='ltr'><strong>magno</strong></span> <span class='ocrx_word' id='word_1_649' title='bbox 1295 4639 1508 4704; x_wconf 89' lang='lat' dir='ltr'><strong>studio,</strong></span> <span class='ocrx_word' id='word_1_650' title='bbox 1571 4649 1736 4709; x_wconf 90' lang='lat' dir='ltr'><strong>atque</strong></span> <span class='ocrx_word' id='word_1_651' title='bbox 1793 4641 1884 4694; x_wconf 89' lang='lat' dir='ltr'><strong>uni</strong></span> <span class='ocrx_word' id='word_1_652' title='bbox 1941 4643 2107 4712; x_wconf 91' lang='lat' dir='ltr'><strong>capiti</strong></span> 
     </span>
    </p>
   </div>
   <div class='ocr_carea' id='block_1_89' title="bbox 2203 4619 3781 4712">
    <p class='ocr_par' dir='ltr' id='par_1_89' title="bbox 2203 4619 3781 4704">
     <span class='ocr_line' id='line_1_89' title="bbox 2203 4619 3781 4704; baseline 0.006 -20"><span class='ocrx_word' id='word_1_653' title='bbox 2203 4619 2290 4702; x_wconf 62' lang='grc' dir='ltr'><strong>τεῷ</strong></span> <span class='ocrx_word' id='word_1_654' title='bbox 2340 4629 2438 4701; x_wconf 83' lang='grc' dir='ltr'>μὲν</span> <span class='ocrx_word' id='word_1_655' title='bbox 2485 4630 2706 4685; x_wconf 84' lang='grc' dir='ltr'>θεοειδεῖ</span> <span class='ocrx_word' id='word_1_656' title='bbox 2745 4633 2842 4702; x_wconf 84' lang='grc' dir='ltr'><strong>τῆς</strong></span> <span class='ocrx_word' id='word_1_657' title='bbox 2872 4632 3109 4696; x_wconf 86' lang='grc' dir='ltr'>διανοίας</span> <span class='ocrx_word' id='word_1_658' title='bbox 3153 4634 3289 4704; x_wconf 84' lang='grc' dir='ltr'>πρὸς</span> <span class='ocrx_word' id='word_1_659' title='bbox 3333 4635 3390 4687; x_wconf 85' lang='grc' dir='ltr'><strong>τὸ</strong></span> <span class='ocrx_word' id='word_1_660' title='bbox 3425 4635 3566 4690; x_wconf 84' lang='grc' dir='ltr'>θεῖον</span> <span class='ocrx_word' id='word_1_661' title='bbox 3594 4619 3781 4704; x_wconf 80' lang='grc' dir='ltr'>κάλλος</span> 
     </span>
    </p>
   </div>
   <div class='ocr_carea' id='block_1_90' title="bbox 536 4723 2114 4799">
    <p class='ocr_par' dir='ltr' id='par_1_90' title="bbox 536 4729 2108 4799">
     <span class='ocr_line' id='line_1_90' title="bbox 536 4729 2108 4799; baseline 0.001 -15"><span class='ocrx_word' id='word_1_662' title='bbox 536 4729 782 4798; x_wconf 83' lang='lat' dir='ltr'><strong>geminas</strong></span> <span class='ocrx_word' id='word_1_663' title='bbox 829 4729 1082 4782; x_wconf 86' lang='lat' dir='ltr'><strong>vultuum</strong></span> <span class='ocrx_word' id='word_1_664' title='bbox 1137 4729 1344 4785; x_wconf 87' lang='lat' dir='ltr'><strong>formas</strong></span> <span class='ocrx_word' id='word_1_665' title='bbox 1381 4730 1846 4799; x_wconf 86' lang='lat' dir='ltr'><strong>insculpentihus,</strong></span> <span class='ocrx_word' id='word_1_666' title='bbox 1899 4743 1954 4785; x_wconf 89' lang='lat' dir='ltr'><strong>ut</strong></span> <span class='ocrx_word' id='word_1_667' title='bbox 2014 4747 2108 4786; x_wconf 88' lang='lat' dir='ltr'><strong>eas</strong></span> 
     </span>
    </p>
   </div>
   <div class='ocr_carea' id='block_1_91' title="bbox 2195 4723 3773 4799">
    <p class='ocr_par' dir='ltr' id='par_1_91' title="bbox 2218 4723 3773 4798">
     <span class='ocr_line' id='line_1_91' title="bbox 2218 4723 3773 4798; baseline 0.006 -24"><span class='ocrx_word' id='word_1_668' title='bbox 2218 4723 2644 4793; x_wconf 86' lang='grc' dir='ltr'>μεμορφωμένος</span> <span class='ocrx_word' id='word_1_669' title='bbox 2669 4763 2684 4786; x_wconf 89' lang='grc'><strong>,</strong></span> <span class='ocrx_word' id='word_1_670' title='bbox 2736 4725 2854 4785; x_wconf 89' lang='grc' dir='ltr'>ταῖς</span> <span class='ocrx_word' id='word_1_671' title='bbox 2905 4724 2962 4776; x_wconf 79' lang='grc' dir='ltr'>δὲ</span> <span class='ocrx_word' id='word_1_672' title='bbox 3016 4723 3158 4776; x_wconf 86' lang='grc' dir='ltr'><strong>κατά</strong></span> <span class='ocrx_word' id='word_1_673' title='bbox 3208 4725 3378 4788; x_wconf 82' lang='grc' dir='ltr'>πάθος</span> <span class='ocrx_word' id='word_1_674' title='bbox 3410 4727 3773 4798; x_wconf 75' lang='grc' dir='ltr'>ἐγγινομέναις</span> 
     </span>
    </p>
   </div>
   <div class='ocr_carea' id='block_1_92' title="bbox 537 4813 2115 4892">
    <p class='ocr_par' dir='ltr' id='par_1_92' title="bbox 537 4821 2108 4892">
     <span class='ocr_line' id='line_1_92' title="bbox 537 4821 2108 4892; baseline 0 -15"><span class='ocrx_word' id='word_1_675' title='bbox 537 4831 878 4892; x_wconf 87' lang='lat' dir='ltr'><strong>spectatores</strong></span> <span class='ocrx_word' id='word_1_676' title='bbox 921 4821 1158 4890; x_wconf 87' lang='lat' dir='ltr'><strong>quodam</strong></span> <span class='ocrx_word' id='word_1_677' title='bbox 1208 4837 1330 4876; x_wconf 90' lang='lat' dir='ltr'><strong>cum</strong></span> <span class='ocrx_word' id='word_1_678' title='bbox 1372 4833 1595 4891; x_wconf 86' lang='lat' dir='ltr'><strong>stupore</strong></span> <span class='ocrx_word' id='word_1_679' title='bbox 1643 4821 1978 4887; x_wconf 83' lang='lat' dir='ltr'><strong>intueantur,</strong></span> <span class='ocrx_word' id='word_1_680' title='bbox 2027 4823 2108 4879; x_wconf 90' lang='lat' dir='ltr'><strong>sic</strong></span> 
     </span>
    </p>
   </div>
   <div class='ocr_carea' id='block_1_93' title="bbox 2199 4813 3777 4892">
    <p class='ocr_par' dir='ltr' id='par_1_93' title="bbox 2213 4813 3777 4888">
     <span class='ocr_line' id='line_1_93' title="bbox 2213 4813 3777 4888; baseline 0.004 -22"><span class='ocrx_word' id='word_1_681' title='bbox 2213 4815 2410 4886; x_wconf 87' lang='grc' dir='ltr'>ὁρμαῖς</span> <span class='ocrx_word' id='word_1_682' title='bbox 2459 4814 2594 4885; x_wconf 85' lang='grc' dir='ltr'>πρὸς</span> <span class='ocrx_word' id='word_1_683' title='bbox 2639 4814 2700 4866; x_wconf 80' lang='grc' dir='ltr'><strong>τὸ</strong></span> <span class='ocrx_word' id='word_1_684' title='bbox 2751 4813 3022 4884; x_wconf 85' lang='grc' dir='ltr'>κτηνῶδες</span> <span class='ocrx_word' id='word_1_685' title='bbox 3071 4813 3250 4884; x_wconf 82' lang='grc' dir='ltr'>φέρων</span> <span class='ocrx_word' id='word_1_686' title='bbox 3309 4815 3405 4886; x_wconf 84' lang='grc' dir='ltr'>τὴν</span> <span class='ocrx_word' id='word_1_687' title='bbox 3455 4817 3777 4888; x_wconf 75' lang='grc' dir='ltr'>οἰκειότητα.</span> 
     </span>
    </p>
   </div>
   <div class='ocr_carea' id='block_1_94' title="bbox 535 4904 2113 4984">
    <p class='ocr_par' dir='ltr' id='par_1_94' title="bbox 535 4914 2103 4984">
     <span class='ocr_line' id='line_1_94' title="bbox 535 4914 2103 4984; baseline 0.001 -14"><span class='ocrx_word' id='word_1_688' title='bbox 535 4915 671 4970; x_wconf 89' lang='lat' dir='ltr'><strong>mihi</strong></span> <span class='ocrx_word' id='word_1_689' title='bbox 699 4925 754 4969; x_wconf 89' lang='lat' dir='ltr'><strong>et</strong></span> <span class='ocrx_word' id='word_1_690' title='bbox 799 4915 856 4969; x_wconf 90' lang='lat' dir='ltr'><strong>in</strong></span> <span class='ocrx_word' id='word_1_691' title='bbox 887 4914 1109 4970; x_wconf 87' lang='lat' dir='ltr'><strong>homine</strong></span> <span class='ocrx_word' id='word_1_692' title='bbox 1139 4915 1334 4984; x_wconf 79' lang='lat' dir='ltr'><strong>duplex</strong></span> <span class='ocrx_word' id='word_1_693' title='bbox 1373 4930 1499 4970; x_wconf 89' lang='lat' dir='ltr'><strong>esse</strong></span> <span class='ocrx_word' id='word_1_694' title='bbox 1529 4915 1836 4970; x_wconf 91' lang='lat' dir='ltr'><strong>similitudo</strong></span> <span class='ocrx_word' id='word_1_695' title='bbox 1865 4917 2103 4974; x_wconf 86' lang='lat' dir='ltr'><strong>videtur.</strong></span> 
     </span>
    </p>
   </div>
   <div class='ocr_carea' id='block_1_95' title="bbox 2200 4904 3778 4984">
    <p class='ocr_par' dir='ltr' id='par_1_95' title="bbox 2215 4904 3778 4980">
     <span class='ocr_line' id='line_1_95' title="bbox 2215 4904 3778 4980; baseline 0.002 -22"><span class='ocrx_word' id='word_1_696' title='bbox 2215 4905 2480 4969; x_wconf 85' lang='grc' dir='ltr'>Πολλάκις</span> <span class='ocrx_word' id='word_1_697' title='bbox 2521 4904 2584 4958; x_wconf 78' lang='grc' dir='ltr'>δὲ</span> <span class='ocrx_word' id='word_1_698' title='bbox 2612 4905 2705 4958; x_wconf 67' lang='grc' dir='ltr'><strong>καί⁸</strong></span> <span class='ocrx_word' id='word_1_699' title='bbox 2733 4907 2760 4958; x_wconf 90' lang='grc' dir='ltr'><strong>ό</strong></span> <span class='ocrx_word' id='word_1_700' title='bbox 2791 4905 2946 4974; x_wconf 88' lang='grc' dir='ltr'>λόγος</span> <span class='ocrx_word' id='word_1_701' title='bbox 2975 4905 3373 4980; x_wconf 85' lang='grc' dir='ltr'>ἀποκτηνοῦται</span> <span class='ocrx_word' id='word_1_702' title='bbox 3411 4906 3500 4960; x_wconf 83' lang='grc' dir='ltr'>διὰ</span> <span class='ocrx_word' id='word_1_703' title='bbox 3526 4911 3628 4978; x_wconf 78' lang='grc' dir='ltr'><strong>τῆς</strong></span> <span class='ocrx_word' id='word_1_704' title='bbox 3655 4911 3778 4980; x_wconf 66' lang='grc' dir='ltr'>πρὸς</span> 
     </span>
    </p>
   </div>
   <div class='ocr_carea' id='block_1_96' title="bbox 535 4997 2113 5077">
    <p class='ocr_par' dir='ltr' id='par_1_96' title="bbox 535 5005 2104 5077">
     <span class='ocr_line' id='line_1_96' title="bbox 535 5005 2104 5077; baseline 0.001 -16"><span class='ocrx_word' id='word_1_705' title='bbox 535 5022 766 5077; x_wconf 90' lang='lat' dir='ltr'><strong>quarum</strong></span> <span class='ocrx_word' id='word_1_706' title='bbox 802 5007 972 5061; x_wconf 87' lang='lat' dir='ltr'><strong>altera</strong></span> <span class='ocrx_word' id='word_1_707' title='bbox 1005 5007 1164 5076; x_wconf 89' lang='lat' dir='ltr'><strong>longe</strong></span> <span class='ocrx_word' id='word_1_708' title='bbox 1192 5007 1260 5059; x_wconf 88' lang='lat' dir='ltr'><strong>ab</strong></span> <span class='ocrx_word' id='word_1_709' title='bbox 1313 5007 1484 5060; x_wconf 90' lang='lat' dir='ltr'><strong>altera</strong></span> <span class='ocrx_word' id='word_1_710' title='bbox 1533 5005 1816 5062; x_wconf 82' lang='lat' dir='ltr'><strong>dissideat.</strong></span> <span class='ocrx_word' id='word_1_711' title='bbox 1853 5007 2104 5063; x_wconf 92' lang='lat' dir='ltr'><strong>Divinum</strong></span> 
     </span>
    </p>
   </div>
   <div class='ocr_carea' id='block_1_97' title="bbox 2205 4997 3783 5077">
    <p class='ocr_par' dir='ltr' id='par_1_97' title="bbox 2212 4997 3783 5070">
     <span class='ocr_line' id='line_1_97' title="bbox 2212 4997 3783 5070; baseline 0.001 -18"><span class='ocrx_word' id='word_1_712' title='bbox 2212 5001 2272 5053; x_wconf 87' lang='grc' dir='ltr'><strong>τὸ</strong></span> <span class='ocrx_word' id='word_1_713' title='bbox 2299 4999 2490 5068; x_wconf 77' lang='grc' dir='ltr'>ἄλογον</span> <span class='ocrx_word' id='word_1_714' title='bbox 2524 4999 2694 5070; x_wconf 79' lang='grc' dir='ltr'>ῥοπῆς</span> <span class='ocrx_word' id='word_1_715' title='bbox 2726 5015 2783 5051; x_wconf 86' lang='grc' dir='ltr'><strong>τε</strong></span> <span class='ocrx_word' id='word_1_716' title='bbox 2819 4997 2914 5050; x_wconf 76' lang='grc' dir='ltr'><strong>καὶ</strong></span> <span class='ocrx_word' id='word_1_717' title='bbox 2951 4997 3264 5062; x_wconf 85' lang='grc' dir='ltr'>διαθέσεως,</span> <span class='ocrx_word' id='word_1_718' title='bbox 3297 4999 3698 5065; x_wconf 84' lang='grc' dir='ltr'>συγκαλύπτων</span> <span class='ocrx_word' id='word_1_719' title='bbox 3729 5001 3783 5053; x_wconf 67' lang='grc' dir='ltr'><strong>τὸ</strong></span> 
     </span>
    </p>
   </div>
   <div class='ocr_carea' id='block_1_98' title="bbox 534 5089 2112 5168">
    <p class='ocr_par' dir='ltr' id='par_1_98' title="bbox 534 5095 2107 5168">
     <span class='ocr_line' id='line_1_98' title="bbox 534 5095 2107 5168; baseline 0.002 -16"><span class='ocrx_word' id='word_1_720' title='bbox 534 5099 678 5152; x_wconf 87' lang='lat' dir='ltr'><strong>enim</strong></span> <span class='ocrx_word' id='word_1_721' title='bbox 707 5097 907 5152; x_wconf 90' lang='lat' dir='ltr'><strong>mentis</strong></span> <span class='ocrx_word' id='word_1_722' title='bbox 937 5095 1141 5151; x_wconf 89' lang='lat' dir='ltr'><strong>donum</strong></span> <span class='ocrx_word' id='word_1_723' title='bbox 1181 5097 1329 5166; x_wconf 90' lang='lat' dir='ltr'><strong>quod</strong></span> <span class='ocrx_word' id='word_1_724' title='bbox 1375 5098 1588 5163; x_wconf 87' lang='lat' dir='ltr'><strong>attinet,</strong></span> <span class='ocrx_word' id='word_1_725' title='bbox 1643 5099 2107 5168; x_wconf 86' lang='lat' dir='ltr'><strong>pulchritudinem</strong></span> 
     </span>
    </p>
   </div>
   <div class='ocr_carea' id='block_1_99' title="bbox 2205 5089 3783 5168">
    <p class='ocr_par' dir='ltr' id='par_1_99' title="bbox 2210 5089 3783 5162">
     <span class='ocr_line' id='line_1_99' title="bbox 2210 5089 3783 5162; baseline 0.001 -19"><span class='ocrx_word' id='word_1_726' title='bbox 2210 5093 2452 5162; x_wconf 85' lang='grc' dir='ltr'>κρεῖττον</span> <span class='ocrx_word' id='word_1_727' title='bbox 2479 5089 2558 5160; x_wconf 85' lang='grc' dir='ltr'>τῷ</span> <span class='ocrx_word' id='word_1_728' title='bbox 2585 5089 2802 5161; x_wconf 80' lang='grc' dir='ltr'>χείρονι.</span> <span class='ocrx_word' id='word_1_729' title='bbox 2867 5089 3118 5143; x_wconf 80' lang='grc' dir='ltr'>Ἐπειδὰν</span> <span class='ocrx_word' id='word_1_730' title='bbox 3167 5089 3274 5161; x_wconf 83' lang='grc' dir='ltr'><strong>γάρ</strong></span> <span class='ocrx_word' id='word_1_731' title='bbox 3315 5107 3398 5153; x_wconf 86' lang='grc' dir='ltr'><strong>τις</strong></span> <span class='ocrx_word' id='word_1_732' title='bbox 3445 5091 3584 5160; x_wconf 79' lang='grc' dir='ltr'>πρὸς</span> <span class='ocrx_word' id='word_1_733' title='bbox 3617 5093 3783 5144; x_wconf 82' lang='grc' dir='ltr'>ταῦτα</span> 
     </span>
    </p>
   </div>
   <div class='ocr_carea' id='block_1_100' title="bbox 537 5181 2115 5262">
    <p class='ocr_par' dir='ltr' id='par_1_100' title="bbox 537 5188 2109 5262">
     <span class='ocr_line' id='line_1_100' title="bbox 537 5188 2109 5262; baseline 0.002 -21"><span class='ocrx_word' id='word_1_734' title='bbox 537 5189 650 5242; x_wconf 67' lang='lat' dir='ltr'><strong>haec</strong></span> <span class='ocrx_word' id='word_1_735' title='bbox 690 5204 833 5252; x_wconf 90' lang='lat' dir='ltr'><strong>eam,</strong></span> <span class='ocrx_word' id='word_1_736' title='bbox 873 5205 996 5259; x_wconf 66' lang='lat' dir='ltr'><strong>qua:</strong></span> <span class='ocrx_word' id='word_1_737' title='bbox 1031 5192 1086 5244; x_wconf 92' lang='lat' dir='ltr'><strong>in</strong></span> <span class='ocrx_word' id='word_1_738' title='bbox 1133 5188 1245 5244; x_wconf 91' lang='lat' dir='ltr'><strong>Deo</strong></span> <span class='ocrx_word' id='word_1_739' title='bbox 1283 5197 1388 5250; x_wconf 89' lang='lat' dir='ltr'><strong>est.</strong></span> <span class='ocrx_word' id='word_1_740' title='bbox 1437 5189 1646 5256; x_wconf 77' lang='lat' dir='ltr'><strong>refert;</strong></span> <span class='ocrx_word' id='word_1_741' title='bbox 1691 5199 1950 5245; x_wconf 81' lang='lat' dir='ltr'><strong>caeterum</strong></span> <span class='ocrx_word' id='word_1_742' title='bbox 2000 5209 2109 5262; x_wconf 88' lang='lat' dir='ltr'><strong>qua</strong></span> 
     </span>
    </p>
   </div>
   <div class='ocr_carea' id='block_1_101' title="bbox 2203 5181 3781 5262">
    <p class='ocr_par' dir='ltr' id='par_1_101' title="bbox 2208 5181 3781 5255">
     <span class='ocr_line' id='line_1_101' title="bbox 2208 5181 3781 5255; baseline -0.001 -20"><span class='ocrx_word' id='word_1_743' title='bbox 2208 5183 2306 5254; x_wconf 83' lang='grc' dir='ltr'>τὴν</span> <span class='ocrx_word' id='word_1_744' title='bbox 2329 5183 2670 5254; x_wconf 85' lang='grc' dir='ltr'>διανοητικὴν</span> <span class='ocrx_word' id='word_1_745' title='bbox 2697 5183 2974 5254; x_wconf 76' lang='grc' dir='ltr'>ἐνέργειαν</span> <span class='ocrx_word' id='word_1_746' title='bbox 2999 5181 3327 5254; x_wconf 81' lang='grc' dir='ltr'>καθελκύσῃ,</span> <span class='ocrx_word' id='word_1_747' title='bbox 3381 5185 3474 5236; x_wconf 78' lang='grc' dir='ltr'><strong>καὶ</strong></span> <span class='ocrx_word' id='word_1_748' title='bbox 3504 5186 3781 5255; x_wconf 81' lang='grc' dir='ltr'>ὑπηρέτην</span> 
     </span>
    </p>
   </div>
   <div class='ocr_carea' id='block_1_102' title="bbox 535 5273 2113 5352">
    <p class='ocr_par' dir='ltr' id='par_1_102' title="bbox 535 5281 2108 5352">
     <span class='ocr_line' id='line_1_102' title="bbox 535 5281 2108 5352; baseline 0.003 -18"><span class='ocrx_word' id='word_1_749' title='bbox 535 5281 867 5350; x_wconf 88' lang='lat' dir='ltr'><strong>cupiditates</strong></span> <span class='ocrx_word' id='word_1_750' title='bbox 917 5282 966 5336; x_wconf 90' lang='lat' dir='ltr'><strong>ei</strong></span> <span class='ocrx_word' id='word_1_751' title='bbox 1023 5283 1273 5352; x_wconf 61' lang='lat' dir='ltr'><strong>quaedam</strong></span> <span class='ocrx_word' id='word_1_752' title='bbox 1335 5285 1559 5349; x_wconf 90' lang='lat' dir='ltr'><strong>insunt,</strong></span> <span class='ocrx_word' id='word_1_753' title='bbox 1619 5293 1756 5338; x_wconf 69' lang='lat' dir='ltr'><strong>ortae</strong></span> <span class='ocrx_word' id='word_1_754' title='bbox 1819 5300 1881 5339; x_wconf 80' lang='lat' dir='ltr'><strong>ex</strong></span> <span class='ocrx_word' id='word_1_755' title='bbox 1942 5287 2108 5338; x_wconf 89' lang='lat' dir='ltr'><strong>animi</strong></span> 
     </span>
    </p>
   </div>
   <div class='ocr_carea' id='block_1_103' title="bbox 2203 5273 3781 5352">
    <p class='ocr_par' dir='ltr' id='par_1_103' title="bbox 2207 5273 3781 5348">
     <span class='ocr_line' id='line_1_103' title="bbox 2207 5273 3781 5348; baseline 0 -20"><span class='ocrx_word' id='word_1_756' title='bbox 2207 5275 2462 5344; x_wconf 73' lang='grc' dir='ltr'>γενέσθαι</span> <span class='ocrx_word' id='word_1_757' title='bbox 2485 5275 2594 5328; x_wconf 90' lang='grc' dir='ltr'><strong>τῶν</strong></span> <span class='ocrx_word' id='word_1_758' title='bbox 2625 5275 2812 5328; x_wconf 85' lang='grc' dir='ltr'>παθῶν</span> <span class='ocrx_word' id='word_1_759' title='bbox 2833 5275 2925 5328; x_wconf 84' lang='grc' dir='ltr'>τὸν</span> <span class='ocrx_word' id='word_1_760' title='bbox 2953 5273 3209 5345; x_wconf 74' lang='grc' dir='ltr'>λογισμὸν</span> <span class='ocrx_word' id='word_1_761' title='bbox 3237 5275 3580 5346; x_wconf 76' lang='grc' dir='ltr'>ἐκϐιάσηται,</span> <span class='ocrx_word' id='word_1_762' title='bbox 3611 5293 3781 5348; x_wconf 85' lang='grc' dir='ltr'>παρα·-</span> 
     </span>
    </p>
   </div>
   <div class='ocr_carea' id='block_1_104' title="bbox 535 5353 2113 5445">
    <p class='ocr_par' dir='ltr' id='par_1_104' title="bbox 535 5353 2105 5445">
     <span class='ocr_line' id='line_1_104' title="bbox 535 5353 2105 5445; baseline 0.004 -21"><span class='ocrx_word' id='word_1_763' title='bbox 535 5371 771 5438; x_wconf 89' lang='lat' dir='ltr'><strong>morhis,</strong></span> <span class='ocrx_word' id='word_1_764' title='bbox 816 5371 980 5426; x_wconf 83' lang='lat' dir='ltr'><strong>etiam</strong></span> <span class='ocrx_word' id='word_1_765' title='bbox 1013 5355 1224 5427; x_wconf 73' lang='lat' dir='ltr'><strong>natura:</strong></span> <span class='ocrx_word' id='word_1_766' title='bbox 1257 5353 1431 5429; x_wconf 59' lang='lat' dir='ltr'><strong>bruta;</strong></span> <span class='ocrx_word' id='word_1_767' title='bbox 1485 5376 1818 5445; x_wconf 83' lang='lat' dir='ltr'><strong>cognatione</strong></span> <span class='ocrx_word' id='word_1_768' title='bbox 1869 5383 2105 5431; x_wconf 88' lang='lat' dir='ltr'><strong>tenetur.</strong></span> 
     </span>
    </p>
   </div>
   <div class='ocr_carea' id='block_1_105' title="bbox 2202 5353 3780 5445">
    <p class='ocr_par' dir='ltr' id='par_1_105' title="bbox 2207 5369 3780 5443">
     <span class='ocr_line' id='line_1_105' title="bbox 2207 5369 3780 5443; baseline -0.002 -18"><span class='ocrx_word' id='word_1_769' title='bbox 2207 5373 2381 5443; x_wconf 87' lang='grc' dir='ltr'>τροπή</span> <span class='ocrx_word' id='word_1_770' title='bbox 2415 5389 2500 5434; x_wconf 87' lang='grc' dir='ltr'><strong>τις</strong></span> <span class='ocrx_word' id='word_1_771' title='bbox 2528 5371 2736 5440; x_wconf 87' lang='grc' dir='ltr'>γίνεται</span> <span class='ocrx_word' id='word_1_772' title='bbox 2762 5371 2856 5424; x_wconf 84' lang='grc' dir='ltr'><strong>τοῦ</strong></span> <span class='ocrx_word' id='word_1_773' title='bbox 2901 5369 3104 5440; x_wconf 82' lang='grc' dir='ltr'>ἀγαθοῦ</span> <span class='ocrx_word' id='word_1_774' title='bbox 3147 5371 3492 5443; x_wconf 81' lang='grc' dir='ltr'>χαρακτῆρος</span> <span class='ocrx_word' id='word_1_775' title='bbox 3523 5373 3662 5442; x_wconf 82' lang='grc' dir='ltr'>πρὸς</span> <span class='ocrx_word' id='word_1_776' title='bbox 3687 5372 3780 5442; x_wconf 79' lang='grc' dir='ltr'>τὴν</span> 
     </span>
    </p>
   </div>
   <div class='ocr_carea' id='block_1_106' title="bbox 537 5462 2115 5535">
    <p class='ocr_par' dir='ltr' id='par_1_106' title="bbox 537 5463 2108 5535">
     <span class='ocr_line' id='line_1_106' title="bbox 537 5463 2108 5535; baseline 0.004 -19"><span class='ocrx_word' id='word_1_777' title='bbox 537 5463 728 5534; x_wconf 89' lang='lat' dir='ltr'><strong>Itaque</strong></span> <span class='ocrx_word' id='word_1_778' title='bbox 755 5479 1147 5534; x_wconf 88' lang='lat' dir='ltr'><strong>nonnunqnam</strong></span> <span class='ocrx_word' id='word_1_779' title='bbox 1188 5473 1242 5520; x_wconf 90' lang='lat' dir='ltr'><strong>et</strong></span> <span class='ocrx_word' id='word_1_780' title='bbox 1275 5467 1391 5535; x_wconf 90' lang='lat' dir='ltr'><strong>ipsa</strong></span> <span class='ocrx_word' id='word_1_781' title='bbox 1419 5467 1560 5522; x_wconf 87' lang='lat' dir='ltr'><strong>ratio</strong></span> <span class='ocrx_word' id='word_1_782' title='bbox 1615 5467 1696 5521; x_wconf 92' lang='lat' dir='ltr'><strong>sic</strong></span> <span class='ocrx_word' id='word_1_783' title='bbox 1742 5467 2108 5532; x_wconf 84' lang='lat' dir='ltr'><strong>obbruteseit,</strong></span> 
     </span>
    </p>
   </div>
   <div class='ocr_carea' id='block_1_107' title="bbox 2205 5462 3783 5535">
    <p class='ocr_par' dir='ltr' id='par_1_107' title="bbox 2211 5462 3783 5535">
     <span class='ocr_line' id='line_1_107' title="bbox 2211 5462 3783 5535; baseline -0.002 -17"><span class='ocrx_word' id='word_1_784' title='bbox 2211 5466 2406 5535; x_wconf 68' lang='grc' dir='ltr'>ᾇλογον</span> <span class='ocrx_word' id='word_1_785' title='bbox 2435 5463 2645 5527; x_wconf 84' lang='grc' dir='ltr'>εἰκόνα,</span> <span class='ocrx_word' id='word_1_786' title='bbox 2691 5465 2870 5533; x_wconf 83' lang='grc' dir='ltr'>πάσης</span> <span class='ocrx_word' id='word_1_787' title='bbox 2896 5464 3028 5534; x_wconf 80' lang='grc' dir='ltr'>πρὸς</span> <span class='ocrx_word' id='word_1_788' title='bbox 3053 5462 3208 5516; x_wconf 82' lang='grc' dir='ltr'>τοῦτο</span> <span class='ocrx_word' id='word_1_789' title='bbox 3235 5465 3783 5534; x_wconf 80' lang='grc' dir='ltr'>μεταχαρασσομένης</span> 
     </span>
    </p>
   </div>
   <div class='ocr_carea' id='block_1_108' title="bbox 539 5467 2117 5638">
    <p class='ocr_par' dir='ltr' id='par_1_108' title="bbox 539 5467 2110 5628">
     <span class='ocr_line' id='line_1_108' title="bbox 539 5467 2108 5535; baseline 0.004 -19"><span class='ocrx_word' id='word_1_790' title='bbox 539 5467 728 5534; x_wconf 90' lang='lat' dir='ltr'><strong>Itaque</strong></span> <span class='ocrx_word' id='word_1_791' title='bbox 755 5479 1147 5534; x_wconf 88' lang='lat' dir='ltr'><strong>nonnunqnam</strong></span> <span class='ocrx_word' id='word_1_792' title='bbox 1188 5473 1242 5520; x_wconf 90' lang='lat' dir='ltr'><strong>et</strong></span> <span class='ocrx_word' id='word_1_793' title='bbox 1275 5467 1391 5535; x_wconf 90' lang='lat' dir='ltr'><strong>ipsa</strong></span> <span class='ocrx_word' id='word_1_794' title='bbox 1419 5467 1560 5522; x_wconf 87' lang='lat' dir='ltr'><strong>ratio</strong></span> <span class='ocrx_word' id='word_1_795' title='bbox 1615 5467 1696 5521; x_wconf 92' lang='lat' dir='ltr'><strong>sic</strong></span> <span class='ocrx_word' id='word_1_796' title='bbox 1742 5467 2108 5532; x_wconf 84' lang='lat' dir='ltr'><strong>obbruteseit,</strong></span> 
     </span>
     <span class='ocr_line' id='line_1_109' title="bbox 539 5557 2110 5628; baseline 0.002 -19"><span class='ocrx_word' id='word_1_797' title='bbox 539 5565 600 5609; x_wconf 91' lang='lat' dir='ltr'><strong>ut</strong></span> <span class='ocrx_word' id='word_1_798' title='bbox 644 5558 712 5612; x_wconf 85' lang='lat' dir='ltr'><strong>ab</strong></span> <span class='ocrx_word' id='word_1_799' title='bbox 743 5557 1031 5612; x_wconf 85' lang='lat' dir='ltr'><strong>aﬂ&#39;ectione</strong></span> <span class='ocrx_word' id='word_1_800' title='bbox 1071 5571 1202 5627; x_wconf 88' lang='lat' dir='ltr'><strong>erga</strong></span> <span class='ocrx_word' id='word_1_801' title='bbox 1253 5557 1474 5611; x_wconf 86' lang='lat' dir='ltr'><strong>brutam</strong></span> <span class='ocrx_word' id='word_1_802' title='bbox 1515 5567 1723 5627; x_wconf 88' lang='lat' dir='ltr'><strong>partem</strong></span> <span class='ocrx_word' id='word_1_803' title='bbox 1766 5559 1929 5622; x_wconf 91' lang='lat' dir='ltr'><strong>victa,</strong></span> <span class='ocrx_word' id='word_1_804' title='bbox 1964 5559 2110 5628; x_wconf 88' lang='lat' dir='ltr'><strong>quod</strong></span> 
     </span>
    </p>
   </div>
   <div class='ocr_carea' id='block_1_109' title="bbox 2201 5467 3779 5638">
    <p class='ocr_par' dir='ltr' id='par_1_109' title="bbox 2201 5467 3779 5630">
     <span class='ocr_line' id='line_1_110' title="bbox 2201 5467 3779 5561; baseline -0.002 -43"><span class='ocrx_word' id='word_1_805' title='bbox 2201 5467 2406 5561; x_wconf 46' lang='grc' dir='ltr'>βλογον</span> <span class='ocrx_word' id='word_1_806' title='bbox 2435 5467 2645 5527; x_wconf 88' lang='grc' dir='ltr'>εἰκόνα,</span> <span class='ocrx_word' id='word_1_807' title='bbox 2691 5467 2870 5533; x_wconf 82' lang='grc' dir='ltr'>πάσης</span> <span class='ocrx_word' id='word_1_808' title='bbox 2896 5467 3028 5534; x_wconf 83' lang='grc' dir='ltr'>πρὸς</span> <span class='ocrx_word' id='word_1_809' title='bbox 3053 5467 3208 5516; x_wconf 82' lang='grc' dir='ltr'>τοῦτο</span> <span class='ocrx_word' id='word_1_810' title='bbox 3235 5467 3779 5534; x_wconf 79' lang='grc' dir='ltr'>μεταχαρασσομένης</span> 
     </span>
     <span class='ocr_line' id='line_1_111' title="bbox 2216 5555 3779 5630; baseline -0.003 -18"><span class='ocrx_word' id='word_1_811' title='bbox 2216 5560 2314 5630; x_wconf 87' lang='grc' dir='ltr'>τῆς</span> <span class='ocrx_word' id='word_1_812' title='bbox 2343 5557 2574 5627; x_wconf 87' lang='grc' dir='ltr'>φύσεως,</span> <span class='ocrx_word' id='word_1_813' title='bbox 2607 5556 2853 5626; x_wconf 85' lang='grc' dir='ltr'>καθάπερ</span> <span class='ocrx_word' id='word_1_814' title='bbox 2878 5555 3244 5625; x_wconf 85' lang='grc' dir='ltr'>γεωργοῦντος</span> <span class='ocrx_word' id='word_1_815' title='bbox 3275 5555 3369 5609; x_wconf 85' lang='grc' dir='ltr'><strong>τοῦ</strong></span> <span class='ocrx_word' id='word_1_816' title='bbox 3402 5556 3664 5627; x_wconf 83' lang='grc' dir='ltr'>λογισμοῦ</span> <span class='ocrx_word' id='word_1_817' title='bbox 3689 5555 3779 5616; x_wconf 79' lang='grc' dir='ltr'><strong>τάς</strong></span> 
     </span>
    </p>
   </div>
   <div class='ocr_carea' id='block_1_110' title="bbox 538 5649 2116 5724">
    <p class='ocr_par' dir='ltr' id='par_1_110' title="bbox 538 5650 2110 5724">
     <span class='ocr_line' id='line_1_112' title="bbox 538 5650 2110 5724; baseline 0.004 -22"><span class='ocrx_word' id='word_1_818' title='bbox 538 5657 623 5703; x_wconf 89' lang='lat' dir='ltr'><strong>est</strong></span> <span class='ocrx_word' id='word_1_819' title='bbox 682 5650 738 5704; x_wconf 92' lang='lat' dir='ltr'><strong>in</strong></span> <span class='ocrx_word' id='word_1_820' title='bbox 798 5651 1016 5704; x_wconf 90' lang='lat' dir='ltr'><strong>homine</strong></span> <span class='ocrx_word' id='word_1_821' title='bbox 1071 5651 1588 5719; x_wconf 67' lang='lat' dir='ltr'><strong>praestantissimum</strong></span> <span class='ocrx_word' id='word_1_822' title='bbox 1619 5691 1633 5715; x_wconf 88' lang='lat'><strong>,</strong></span> <span class='ocrx_word' id='word_1_823' title='bbox 1702 5651 1768 5724; x_wconf 55' lang='lat' dir='ltr'><strong>vi.</strong></span> <span class='ocrx_word' id='word_1_824' title='bbox 1817 5651 2110 5708; x_wconf 83' lang='lat' dir='ltr'><strong>deterioris</strong></span> 
     </span>
    </p>
   </div>
   <div class='ocr_carea' id='block_1_111' title="bbox 2205 5649 3783 5724">
    <p class='ocr_par' dir='ltr' id='par_1_111' title="bbox 2213 5649 3783 5720">
     <span class='ocr_line' id='line_1_113' title="bbox 2213 5649 3783 5720; baseline -0.002 -17"><span class='ocrx_word' id='word_1_825' title='bbox 2213 5653 2322 5705; x_wconf 89' lang='grc' dir='ltr'><strong>τῶν</strong></span> <span class='ocrx_word' id='word_1_826' title='bbox 2354 5651 2688 5720; x_wconf 83' lang='grc' dir='ltr'>παθημάτων</span> <span class='ocrx_word' id='word_1_827' title='bbox 2736 5649 2944 5720; x_wconf 84' lang='grc' dir='ltr'>ἀρχάς,</span> <span class='ocrx_word' id='word_1_828' title='bbox 2990 5651 3082 5702; x_wconf 70' lang='grc' dir='ltr'>καὶ</span> <span class='ocrx_word' id='word_1_829' title='bbox 3125 5649 3190 5702; x_wconf 79' lang='grc' dir='ltr'>δι’</span> <span class='ocrx_word' id='word_1_830' title='bbox 3221 5649 3414 5718; x_wconf 84' lang='grc' dir='ltr'>ὀλίγων</span> <span class='ocrx_word' id='word_1_831' title='bbox 3457 5653 3536 5712; x_wconf 83' lang='grc' dir='ltr'>εἰς</span> <span class='ocrx_word' id='word_1_832' title='bbox 3584 5649 3783 5719; x_wconf 78' lang='grc' dir='ltr'>πλῆθος</span> 
     </span>
    </p>
   </div>
   <div class='ocr_carea' id='block_1_112' title="bbox 541 5739 2119 5814">
    <p class='ocr_par' dir='ltr' id='par_1_112' title="bbox 541 5739 2106 5813">
     <span class='ocr_line' id='line_1_114' title="bbox 541 5739 2106 5813; baseline 0.003 -22"><span class='ocrx_word' id='word_1_833' title='bbox 541 5740 757 5796; x_wconf 86' lang='lat' dir='ltr'><strong>obruat.</strong></span> <span class='ocrx_word' id='word_1_834' title='bbox 779 5739 914 5795; x_wconf 87' lang='lat' dir='ltr'><strong>Nam</strong></span> <span class='ocrx_word' id='word_1_835' title='bbox 937 5741 984 5794; x_wconf 91' lang='lat' dir='ltr'><strong>si</strong></span> <span class='ocrx_word' id='word_1_836' title='bbox 1009 5743 1134 5810; x_wconf 86' lang='lat' dir='ltr'><strong>quis</strong></span> <span class='ocrx_word' id='word_1_837' title='bbox 1155 5755 1220 5797; x_wconf 90' lang='lat' dir='ltr'><strong>eo</strong></span> <span class='ocrx_word' id='word_1_838' title='bbox 1242 5742 1443 5796; x_wconf 88' lang='lat' dir='ltr'><strong>mentis</strong></span> <span class='ocrx_word' id='word_1_839' title='bbox 1469 5740 1784 5797; x_wconf 84' lang='lat' dir='ltr'><strong>facultatem</strong></span> <span class='ocrx_word' id='word_1_840' title='bbox 1815 5743 2106 5813; x_wconf 88' lang='lat' dir='ltr'><strong>pertrahit,</strong></span> 
     </span>
    </p>
   </div>
   <div class='ocr_carea' id='block_1_113' title="bbox 2203 5739 3781 5814">
    <p class='ocr_par' dir='ltr' id='par_1_113' title="bbox 2213 5741 3781 5814">
     <span class='ocr_line' id='line_1_115' title="bbox 2213 5741 3781 5814; baseline 0 -19"><span class='ocrx_word' id='word_1_841' title='bbox 2213 5742 2553 5806; x_wconf 78' lang='grc' dir='ltr'>ἐπαύξοντος.</span> <span class='ocrx_word' id='word_1_842' title='bbox 2608 5742 2717 5810; x_wconf 83' lang='grc' dir='ltr'><strong>Τὴν</strong></span> <span class='ocrx_word' id='word_1_843' title='bbox 2743 5742 2851 5810; x_wconf 80' lang='grc' dir='ltr'><strong>γάρ</strong></span> <span class='ocrx_word' id='word_1_844' title='bbox 2875 5743 3004 5812; x_wconf 82' lang='grc' dir='ltr'>παρ’</span> <span class='ocrx_word' id='word_1_845' title='bbox 3031 5741 3226 5794; x_wconf 79' lang='grc' dir='ltr'>ἑαυτοῦ</span> <span class='ocrx_word' id='word_1_846' title='bbox 3259 5741 3548 5814; x_wconf 80' lang='grc' dir='ltr'>συνεργίαν</span> <span class='ocrx_word' id='word_1_847' title='bbox 3577 5743 3781 5812; x_wconf 79' lang='grc' dir='ltr'>χρήσας</span> 
     </span>
    </p>
   </div>
   <div class='ocr_carea' id='block_1_114' title="bbox 545 5832 2123 5907">
    <p class='ocr_par' dir='ltr' id='par_1_114' title="bbox 545 5832 2100 5907">
     <span class='ocr_line' id='line_1_116' title="bbox 545 5832 2100 5907; baseline 0.001 -21"><span class='ocrx_word' id='word_1_848' title='bbox 545 5838 608 5886; x_wconf 89' lang='lat' dir='ltr'><strong>ut</strong></span> <span class='ocrx_word' id='word_1_849' title='bbox 645 5832 906 5888; x_wconf 87' lang='lat' dir='ltr'><strong>rationem</strong></span> <span class='ocrx_word' id='word_1_850' title='bbox 947 5833 1154 5890; x_wconf 83' lang='lat' dir='ltr'><strong>servire</strong></span> <span class='ocrx_word' id='word_1_851' title='bbox 1187 5833 1394 5890; x_wconf 84' lang='lat' dir='ltr'><strong>morbis</strong></span> <span class='ocrx_word' id='word_1_852' title='bbox 1425 5835 1592 5890; x_wconf 85' lang='lat' dir='ltr'><strong>animi</strong></span> <span class='ocrx_word' id='word_1_853' title='bbox 1627 5842 1784 5907; x_wconf 87' lang='lat' dir='ltr'><strong>cogat</strong></span> <span class='ocrx_word' id='word_1_854' title='bbox 1813 5854 1824 5888; x_wconf 95' lang='lat'>:</span> <span class='ocrx_word' id='word_1_855' title='bbox 1859 5851 1942 5890; x_wconf 65' lang='lat' dir='ltr'><strong>nae</strong></span> <span class='ocrx_word' id='word_1_856' title='bbox 1987 5845 2100 5890; x_wconf 88' lang='lat' dir='ltr'><strong>tum</strong></span> 
     </span>
    </p>
   </div>
   <div class='ocr_carea' id='block_1_115' title="bbox 2202 5832 3780 5907">
    <p class='ocr_par' dir='ltr' id='par_1_115' title="bbox 2213 5834 3780 5906">
     <span class='ocr_line' id='line_1_117' title="bbox 2213 5834 3780 5906; baseline -0.002 -17"><span class='ocrx_word' id='word_1_857' title='bbox 2213 5835 2290 5906; x_wconf 82' lang='grc' dir='ltr'>τῷ</span> <span class='ocrx_word' id='word_1_858' title='bbox 2321 5835 2498 5899; x_wconf 85' lang='grc' dir='ltr'>πάθει,</span> <span class='ocrx_word' id='word_1_859' title='bbox 2547 5835 2807 5906; x_wconf 87' lang='grc' dir='ltr'>πολύχουν</span> <span class='ocrx_word' id='word_1_860' title='bbox 2851 5835 2944 5888; x_wconf 79' lang='grc' dir='ltr'>καὶ</span> <span class='ocrx_word' id='word_1_861' title='bbox 2987 5835 3270 5906; x_wconf 85' lang='grc' dir='ltr'>ἀμφιλαφῆ</span> <span class='ocrx_word' id='word_1_862' title='bbox 3302 5834 3398 5906; x_wconf 82' lang='grc' dir='ltr'><strong>τὴν</strong></span> <span class='ocrx_word' id='word_1_863' title='bbox 3427 5835 3534 5888; x_wconf 87' lang='grc' dir='ltr'><strong>τῶν</strong></span> <span class='ocrx_word' id='word_1_864' title='bbox 3567 5837 3780 5890; x_wconf 84' lang='grc' dir='ltr'>ἀτόπων</span> 
     </span>
    </p>
   </div>
  </div>
