3996 6466
167 412 248 466 193
1353 393 1442 448 DE
1489 393 1777 449 HOMINIS
1818 394 2130 449 OPIFICIO.

3285 397 3388 455 494

167 529 349 593 γένεσιν
393 510 777 581 ἁπειργασάτο.
824 511 1010 572 Οὕτως
1056 513 1089 581 ἡ
1145 510 1423 581 φιληδονία
1467 513 1570 583 τὴν
1615 512 1707 580 μὲν

1819 513 2074 566 universa
2124 518 2319 564 natura
2370 509 2424 564 fn
2477 511 2642 589 aliam
2679 510 2838 580 quasi
2887 511 3116 580 figuram
3149 517 3385 570 redacta.

162 612 310 687 ἀρχὴν
338 608 485 676 ἔσχεν
515 605 578 656 ἐκ
604 603 700 672 τῆς
734 603 872 674 πρὸς
903 603 964 656 τὸ
1007 602 1198 670 ἄλογον
1226 601 1557 672 ὁμοιώσεως,
1595 600 1710 654 ἀλλ’

165 703 357 763 ἔν’τοῖς
410 695 766 767 ἀνθρωπίνοις
822 694 1256 765 πλημμελήμασι
1317 693 1707 764 προσηυξήθη,

160 792 396 853 τοσαύτας
433 789 693 856 διαφορὰς
741 786 848 839 τῶν
894 786 1038 840 κατὰ
1077 786 1174 855 τὴν
1227 786 1415 856 ἡδονὴν
1461 788 1710 857 ἀμαρτα-

163 886 372 955 νομένων
409 873 734 948 γεννήσασα,
769 878 899 941 ὅσας
944 880 1001 930 ὲν
1030 881 1144 940 τοῖς
1187 876 1400 944 ἀλόγοις
1433 879 1532 930 οὑκ
1565 877 1710 930 ἔστιν

1819 604 2033 657 eximiae
2065 602 2252 656 formae
2281 604 2335 655 in
2367 602 2662 671 imaginem
2687 603 2903 660 brutam
2928 604 2985 657 fit
3009 608 3388 667 commutatio.

1819 693 2031 746 ratione
2063 692 2288 746 morbos
2320 693 2444 744 illos
2478 693 2630 760 ipsos
2683 693 2988 756 excolenle,
3023 695 3274 749 acobrcvi
3324 695 3392 749 de

1818 785 2010 852 paucis
2040 797 2291 853 magnam
2324 798 2513 836 eorum
2563 782 2777 851 cepiam
2811 783 3099 838 efﬁciente.
3159 784 3388 840 Omnem

1815 875 1959 929 enim
1991 891 2212 945 operam
2255 892 2410 930 suam
2444 876 2525 932 eis
2551 876 2709 944 quasi
2737 876 2946 941 locans,
2974 877 3104 934 facit
3131 889 3190 932 ut
3212 881 3389 949 ampla

162 976 338 1044 εὑρεῖν.
371 967 611 1037 Οὕτωςή
661 967 798 1038 πρὸς
847 967 937 1019 τὸν
985 966 1156 1036 θυμὸν
1202 966 1550 1030 διανάοντασις
1582 984 1707 1035 συγ-

1814 963 2054 1032 [ιιιξεάηιιι
2103 977 2286 1016 rerum
2352 963 2720 1017 absurdarum
2773 980 2835 1019 ac
2897 967 3066 1022 densa
3124 969 3390 1022 materies

169 1066 310 1136 γενὴς
355 1063 446 1133 μέν
476 1061 592 1112 ἐστι
619 1063 684 1130 τῇ
719 1059 829 1112 τῶν
862 1060 1073 1127 ἀλόγων
1104 1061 1270 1131 ὁρμῇ,
1306 1059 1527 1124 αὔξεται
1559 1060 1615 1112 δὲ
1646 1062 1711 1130 τῇ

1810 1055 2106 1110 exoriatur.
2145 1054 2238 1109 Sic
2265 1071 2389 1110 cum
2421 1056 2722 1126 voluptatis
2755 1057 2998 1111 studium
3029 1073 3094 1112 ex
3127 1059 3391 1113 similitu-

167 1159 259 1212 τῶν
302 1150 564 1221 λογισμῶν
608 1151 913 1222 συμμαχίᾳ.
976 1151 1218 1205 Ἐκεῖθεν
1248 1151 1357 1222 γὰρ
1395 1153 1430 1222 ἡ
1476 1150 1707 1222 μῆνις,ό

1814 1151 1960 1217 dine,
1993 1167 2100 1220 qua
2134 1151 2293 1206 bruta
2322 1151 2632 1214 referimus,
2666 1151 2970 1222 profectum
3001 1154 3056 1208 in
3084 1155 3246 1209 nobis
3273 1156 3345 1210 sit
3372 1174 3386 1206 :

161 1249 344 1320 φθόνος,
378 1243 436 1296 τὸ
459 1242 673 1312 ψεῦδος,
709 1244 742 1313 ἡ
774 1241 1053 1312 ὲπιῦουλὴ,
1096 1245 1128 1313 ὴ
1165 1243 1472 1314 ὑπόκρισις.

1813 1240 1950 1295 adeo
1979 1250 2158 1294 tamen
2193 1242 2473 1296 hominum
2508 1242 2729 1296 delictis
2761 1246 2954 1307 crevit,
2986 1255 3046 1298 ut
3078 1245 3134 1298 in
3173 1247 3391 1299 anima-

163 1342 287 1394 libus
340 1337 547 1390 ratione
600 1336 924 1392 carentibus
980 1345 1064 1390 tot
1120 1338 1461 1407 voluptatum
1527 1321 1914 1390 formae’nullo
1961 1336 2123 1390 modo
2176 1336 2699 1406 deprehendantur,
2760 1346 2892 1406 quot
2959 1339 3390 1408 voluptariorum

157 1432 405 1486 hominum
437 1429 671 1484 scelesta
727 1430 896 1485 libido
939 1433 1290 1502 excogitavit.
1347 1432 1440 1486 Sic
1485 1439 1540 1486 et
1583 1432 1752 1484 animi
1808 1432 1876 1484 ad
1934 1432 2070 1484 iram
2119 1435 2443 1493 commotio.
2507 1433 2668 1486 habet
2720 1433 2810 1485 illa
2857 1433 3076 1501 quidem
3138 1434 3387 1487 nonnihil

157 1523 294 1580 alllne
328 1520 607 1600 cupiditati
648 1522 938 1576 bruterum
973 1541 986 1576 :
1021 1540 1209 1579 verum
1262 1526 1438 1579 multo
1488 1524 1725 1578 maxime
1777 1538 1806 1576 a
1851 1524 2084 1579 rationis
2122 1539 2226 1594 ope
2273 1534 2524 1596 augetur.
2555 1526 2637 1578 Ab
2692 1527 2793 1580 hac
2841 1525 2988 1579 enim
3025 1525 3394 1595 proficiscitur

155 1618 384 1672 diuturna
415 1614 539 1667 irati
563 1613 729 1667 animi
760 1615 1055 1678 acerbitas,
1079 1616 1305 1681 invidia,
1329 1616 1698 1678 mendacium,
1724 1615 1959 1704 insidiae,
1994 1617 2292 1671 simulatio.

213 1709 380 1763 Ταῦτα
395 1708 570 1761 πάντα
581 1709 677 1778 τῆς
701 1711 940 1780 πονηρᾶς
955 1709 1048 1764 τοῦ
1067 1711 1158 1764 νοῦ
1177 1713 1448 1782 γεωργίας
1461 1713 1629 1768 ἐστίν.
1647 1713 1707 1766 Ei

1814 1711 1821 1735 ’
1885 1710 2010 1766 Haec
2065 1714 2251 1767 omnia
2312 1727 2492 1782 pravae
2546 1712 2746 1767 mentis
2791 1712 2951 1780 quasi
3013 1709 3387 1780 agricolationi

153 1805 245 1876 γὰρ
259 1800 560 1872 γυμνωθείη
583 1802 681 1871 τῆς
695 1805 758 1855 ἐκ
771 1802 877 1855 τῶν
893 1803 1166 1874 λογισμῶν
1198 1806 1510 1876 συμμαχίας
1524 1805 1584 1859 τὸ
1601 1807 1706 1860 πά-

155 1895 249 1956 θος,
275 1891 554 1961 ὠκύμορός
582 1908 666 1954 τις
704 1891 797 1945 καὶ
839 1894 1024 1956 ἄτονος
1052 1895 1079 1947 ό
1097 1893 1268 1966 θυμὸς
1299 1896 1706 1960 καταλείπεται,

151 1982 467 2054 πομφόλυγος
491 1981 648 2052 δίκην
670 1982 802 2052 ὁμοῦ
831 2000 888 2036 τε
916 1984 1219 2054 γινόμενος,
1253 1987 1346 2038 καὶ
1367 1985 1528 2049 εὐθὺς
1545 1987 1710 2039 ἀπολ-

150 2075 367 2144 λύμενος.
392 2072 583 2137 Οὕτως
599 2076 630 2144 ή
649 2074 756 2126 τῶν
775 2075 914 2128 συῶν
946 2076 1252 2148 λαιμαργία
1275 2077 1373 2148 τὴν
1400 2078 1709 2142 πλεονεξίαν

1815 1811 2040 1874 accepta
2093 1803 2315 1858 ferenda
2353 1811 2500 1858 sunt.
2555 1802 2691 1857 Nam
2732 1803 2775 1858 si
2804 1803 2916 1858 hac
2950 1804 3119 1856 animi
3167 1810 3386 1873 pertur-

1817 1892 1987 1956 batio,
2021 1909 2184 1962 quam
2218 1893 2356 1946 iram
2386 1893 2643 1953 dicimus,
2677 1908 2706 1946 a
2735 1893 2963 1947 rationis
3017 1909 3120 1962 ope
3151 1893 3388 1948 societa-

1815 1993 1976 2052 teque
2025 1985 2454 2050 destitueretur,
2519 1984 2663 2038 haud
2717 1984 2882 2038 dubie
2945 1994 3385 2038 momentaneum

1812 2073 2070 2143 quiddam
2115 2085 2170 2130 et
2224 2075 2541 2144 languidum
2600 2075 2763 2140 foret,
2802 2075 2948 2144 quod
2999 2077 3172 2130 instar
3228 2076 3389 2129 bullae

151 2168 428 2237 εἰσήνεγκε,
455 2165 636 2218 καὶτὸ
663 2166 755 2218 τοῦ
785 2167 952 2220 ἵππου
974 2168 1178 2240 γαῦρον
1201 2169 1392 2237 γέγονε
1421 2170 1522 2239 τῆς
1543 2171 1707 2242 ὑπερ-

1819 2166 1985 2220 simul
2015 2176 2070 2222 et
2104 2167 2364 2230 oriretur,
2401 2174 2454 2220 et
2498 2167 2765 2220 interiret.
2803 2167 2896 2220 Sic
2926 2165 2994 2220 ad
3030 2167 3385 2220 imitationem

149 2257 358 2326 ηφανίας
411 2256 597 2325 ἀρχή·
660 2257 754 2309 καὶ
803 2258 872 2310 τὰ
927 2258 1051 2311 καθ’
1102 2259 1330 2313 ἕκαστον
1382 2262 1558 2314 πάντα
1612 2263 1711 2332 τῆς

149 2346 426 2417 κτηνώδους
470 2346 700 2414 ἀλογίας
739 2349 1148 2421 ἀφορμηθέντα,
1198 2350 1285 2404 διὰ
1323 2351 1423 2421 τῆς
1468 2355 1710 2423 πονηρᾶς

147 2438 227 2491 τοῦ
256 2437 341 2492 νοῦ
374 2438 630 2508 χρήσεως
669 2440 836 2494 κακία
883 2441 1118 2510 ἐγένετο,
1152 2441 1341 2514 ὥσπερ
1373 2438 1465 2497 οὖν
1513 2445 1606 2497 κιιί⁹
1649 2444 1710 2496 τὸ

147 2528 376 2599 ἔμπαλιν,
417 2529 584 2600 εἴπερ
614 2533 642 2584 ὁ
671 2531 930 2602 λογισμὸς
957 2532 1066 2586 τῶν
1097 2533 1352 2588 τοιούτων
1393 2536 1709 2606 κινημάτων

1813 2257 2074 2328 ingluviei
2115 2273 2429 2326 porcorum,
2461 2259 2708 2312 homines
2733 2257 2978 2310 avaritiae
3008 2259 3188 2311 studio
3217 2257 3388 2310 teneri

1810 2359 2136 2419 cmperunt:
2193 2353 2272 2406 sic
2328 2350 2382 2403 in
2448 2349 2607 2419 equis
2659 2351 2800 2404 elata
2857 2348 3061 2404 ferocia
3119 2351 3389 2418 superbia:

1814 2445 2161 2499 occasionem
2192 2443 2443 2510 praebuit.
2479 2441 2721 2511 Denique
2751 2441 3190 2510 perturbationes
3221 2441 3388 2494 animi

1813 2537 2082 2592 universae
2119 2543 2175 2590 et
2226 2535 2458 2604 singula:
2493 2548 2523 2586 a
2557 2534 2734 2588 brutis
2778 2541 2935 2595 ortae,
2978 2547 3147 2603 prava
3183 2533 3386 2588 mentis

146 2621 544 2690 ἀντιμεταλάὅοι
592 2623 653 2676 τὸ
686 2625 907 2694 κράτος,
943 2627 1020 2689 είς
1065 2627 1267 2696 ἀρετῆς
1311 2623 1449 2690 εἶδος
1480 2629 1707 2680 ἕκαστον

1814 2627 2168 2696 usurpatione
2186 2626 2440 2680 vitiorum
2465 2625 2621 2695 origo
2641 2628 2991 2681 exstiterunt.
3018 2623 3060 2676 E
3081 2625 3384 2688 contrarie,

144 2710 329 2765 τούτων
359 2713 831 2783 ἀντιμεθίσταται.
877 2717 1028 2770 Ποιεῖ
1071 2717 1180 2790 γὰρ
1207 2719 1236 2770 ὁ
1283 2719 1383 2788 μὲν
1411 2718 1581 2790 θυμὸς
1613 2719 1710 2790 τὴν

144 2801 366 2872 ἀνδρίαν,
399 2803 458 2856 τὸ
488 2804 552 2857 δὲ
579 2805 750 2858 δειλὸν
773 2806 873 2877 τὴν
899 2806 1215 2875 ἀσφάλειαν,
1243 2809 1338 2861 καὶ
1366 2811 1394 2862 ὁ
1424 2808 1584 2878 φόϐος
1611 2809 1710 2878 τὴν

143 2892 455 2958 εὐπείθειαν,
479 2893 547 2947 τὸ
571 2897 727 2964 μῖσος
757 2895 815 2948 δὲ
844 2896 942 2966 τὴν
975 2896 1077 2966 τῆς
1106 2897 1306 2961 κακίας
1342 2898 1710 2969 ἀποστροφὴν,

144 2983 249 3052 ἠδὲ
281 2985 603 3057 ἀγαπητικὴ
648 2987 875 3058 δύναμις
919 2989 1018 3058 τὴν
1051 2989 1186 3058 πρὸς
1217 2990 1277 3042 τὺ
1305 2989 1519 3059 ἀληθῶς
1548 2990 1709 3042 καλὸν

141 3072 440 3143 ἐπιθυμίαν.
488 3076 569 3128 Τὸ
613 3076 670 3129 δὲ
719 3077 920 3146 γαῦρον
960 3077 1052 3130 τοῦ
1087 3079 1249 3148 ἤθους
1285 3078 1572 3149 ὑπεραίρει
1605 3079 1680 3132 τῶ

140 3165 499 3235 παθημάτων,
551 3168 643 3220 καὶ
687 3167 987 3222 ἀδούλωτον
1029 3169 1134 3222 ὑπὸ
1172 3169 1265 3223 τοῦ
1318 3170 1488 3224 κακοῦ
1518 3171 1711 3239 διαφυ-

141 3257 313 3310 λάσσει
358 3259 418 3312 τὸ
465 3261 746 3330 φρόνημα.
825 3262 1068 3316 Ἐπαινεῖ
1113 3263 1170 3316 δὲ
1231 3263 1292 3315 τὸ
1335 3263 1573 3316 τοιοῦτον
1616 3264 1713 3334 τῆς

143 3349 409 3419 ὲπάρσεως
452 3348 602 3415 εἶδος
641 3355 736 3406 καὶ⁹
784 3354 811 3405 ό
857 3354 1028 3424 μέγας
1081 3355 1420 3419 Ἀπόστολος,
1473 3356 1680 3426 συνεχῶ

143 3374 409 3419 ιπαρσεως
452 3374 602 3415 ειοος
641 3374 736 3406 και
784 3374 811 3405 ο
857 3374 1028 3424 μεγας
1086 3374 1420 3419 Λποστολος,
1473 3374 1680 3426 συνεχω

143 3439 553 3509 ἐγκελευόμενος
595 3440 664 3493 τὰ
691 3441 802 3495 ἄνω
835 3446 1074 3514 φρονεῖν.
1114 3445 1222 3496 Καὶ
1251 3443 1422 3508 οὕτως
1451 3445 1596 3498 ἔστιν
1624 3374 1714 3497 ei

144 3532 276 3598 ρεῖν,
327 3533 409 3584 ὅτι
461 3535 580 3586 πᾶν
620 3533 682 3586 τὸ
729 3534 966 3588 τοιοῦτον
1013 3535 1217 3606 κίνημα
1259 3535 1336 3606 τῷ
1381 3536 1568 3608 ὑψηλῷ
1611 3538 1712 3608 τῆς

141 3619 360 3684 διανοίας
389 3624 876 3695 συνεπαιρόμενον,
918 3625 995 3696 τῷ
1028 3627 1168 3679 κατά
1205 3627 1304 3698 τὴν
1337 3627 1486 3681 θείαν
1528 3630 1712 3683 εἰκόνα

140 3711 308 3765 κάλλει
337 3715 831 3791 συχσχηματίζεται.
874 3718 1013 3770 Ἀλλ’
1044 3720 1230 3788 ἐπειδὴ
1261 3720 1454 3791 βαρεῖά
1482 3720 1564 3784 τίς
1596 3723 1712 3774 ἐστι

142 3803 226 3855 καὶ
267 3808 602 3879 κατωφερὴς
645 3809 678 3878 ἡ
723 3809 822 3879 τῆς
871 3810 1143 3879 ἁμαρτίας
1190 3813 1362 3881 ῥοπὴ,
1419 3812 1603 3866 πλεῖον
1651 3813 1712 3866 τὸ

136 3895 307 3965 ἕτερον
356 3898 620 3965 γίνεται·
670 3900 867 3969 μᾶλλον
911 3901 1018 3971 γὰρ
1059 3901 1138 3970 τῷ
1185 3901 1339 3972 βάρει
1374 3902 1471 3972 τῆς
1513 3903 1709 3971 ἀλόγου

1810 2720 1856 2775 si
1893 2719 2176 2788 imperium
2214 2718 2269 2771 in
2304 2717 2404 2772 bos
2434 2717 2600 2771 animi
2659 2725 2840 2771 motus
2889 2717 2943 2770 in
2991 2730 3050 2770 se
3085 2715 3387 2770 transferat

1810 2810 1950 2862 ratio
1978 2827 1992 2863 :
2026 2809 2225 2878 singuli
2258 2807 2477 2863 virtutis
2511 2807 2742 2862 formam
2780 2806 3033 2860 induunt.
3065 2805 3200 2859 Nam
3230 2806 3389 2860 forti-

1810 2901 1945 2954 tudo
1975 2916 2038 2954 ex
2079 2900 2363 2953 iracundia
2398 2901 2614 2953 oritur:
2656 2897 2922 2952 timiditas
2958 2897 3108 2962 facit,
3145 2905 3204 2950 ut
3236 2906 3389 2951 certo

1814 2991 2070 3061 praesidio
2124 3000 2340 3046 nosmet
2390 2991 2743 3044 muniamus:
2799 2997 3000 3052 metus,
3043 2997 3102 3043 ut
3159 2989 3389 3044 libenter

1816 3099 2108 3155 pareamus
2139 3103 2152 3137 :
2185 3084 2373 3138 odium
2407 3084 2461 3136 in
2495 3081 2901 3136 aversationem
2950 3081 3206 3134 vitiorum
3237 3096 3390 3134 com-

1820 3183 2101 3238 mutatur;
2133 3174 2377 3228 charitas
2408 3188 2550 3226 vera:
2584 3173 2804 3226 virtutis
2837 3171 2891 3224 in
2943 3171 3100 3226 nobis
3146 3186 3386 3224 amorem

1813 3267 2016 3322 excitat
2043 3282 2057 3328 ;
2088 3266 2231 3320 elata
2263 3265 2522 3318 ferocitas
2571 3263 2720 3327 facit,
2772 3270 2832 3317 ut
2875 3278 3040 3332 supra
3089 3263 3379 3330 perturba-

1815 3358 1992 3412 tiones
2014 3371 2205 3410 onmes
2229 3370 2328 3408 nos
2347 3353 2658 3418 efferamus,
2684 3360 2740 3405 et
2767 3353 2933 3406 animi
2961 3351 3386 3421 magnitudinem

1815 3456 2129 3512 conservat,
2163 3461 2272 3515 quo
2307 3447 2492 3500 minus
2525 3445 2573 3499 is
2605 3461 2636 3498 a
2689 3445 2838 3500 vitiis
2876 3453 3165 3513 superatus
3213 3443 3388 3498 servi-

1816 3547 1984 3594 tutem
2036 3538 2258 3592 serviat.
2310 3534 2636 3605 Hujusmodi
2681 3543 2830 3588 certe
2877 3535 3045 3588 animi
3094 3534 3384 3588 elationem

1815 3645 2048 3699 magnus
2076 3630 2240 3684 etiam
2269 3627 2561 3696 Apostolus
2578 3624 2668 3681 ille
2680 3623 3108 3694 praedicat“.qui
3128 3624 3386 3694 frequen-

1813 3729 1898 3776 ter
1928 3737 2028 3776 nos
2057 3721 2398 3783 cohortatur,
2431 3727 2491 3773 ut
2517 3719 2598 3774 eis
2623 3733 2744 3787 qua:
2773 3732 2990 3773 sursum
3024 3723 3177 3778 sunt,
3204 3719 3387 3772 addie-

1816 3815 1854 3868 ti
1910 3814 2103 3870 simus.
2154 3809 2229 3864 De
2291 3825 2399 3880 quo
2445 3810 2554 3880 jam
2607 3816 2660 3863 et
2707 3809 2839 3862 illud
2897 3807 3122 3876 intelligi
3183 3815 3384 3877 potesi,

1816 3919 2032 3960 omnem
2087 3904 2250 3957 animi
2305 3893 2510 3956 motum
2563 3915 2672 3955 una
2737 3916 2862 3954 cum
2917 3901 3130 3954 excelsa
3184 3901 3384 3954 mentis

138 3987 339 4054 φύσεως
386 3992 848 4058 συγκατασπᾶται
894 3991 956 4044 τὸ
998 3993 1320 4063 ἡγεμονικὸν
1373 3995 1472 4064 τῆς
1496 3993 1707 4064 ψυχῆς,

1815 3997 2073 4052 facultate
2125 4011 2183 4049 se
2231 3995 2588 4057 attollentem,
2623 3991 2690 4045 ad
2735 3992 2930 4046 divinae
2982 3992 3234 4061 imaginis
3266 3993 3385 4062 pol-

133 4083 265 4151 ἥπερ
297 4081 373 4151 τῷ
408 4083 540 4152 ὖψει
589 4083 690 4150 τῆς
732 4083 970 4148 διανοίας
1015 4084 1076 4136 τὸ
1121 4085 1257 4156 βαρύ
1304 4103 1362 4138 τε
1407 4087 1500 4139 καὶ
1529 4088 1707 4156 χοῖκὸν

1815 4090 2180 4144 chritudinem
2221 4083 2724 4139 conformari.Cum
2757 4091 2934 4137 autem
2959 4083 3224 4152 gravitate
3248 4099 3385 4152 qua-

135 4171 444 4239 ἀνυψοὼαι.
501 4172 606 4225 Διά
636 4172 792 4226 τοῦτο
826 4174 1083 4236 πολλάκις
1129 4175 1437 4244 ἀγνοεῖσθαι
1479 4181 1622 4230 ποιεῖ
1651 4178 1707 4231 τὸ

1814 4181 1938 4235 dam
1971 4195 2070 4232 sua
2109 4177 2364 4232 deorsum
2401 4177 2531 4230 vitia
2567 4186 2795 4246 vergant
2825 4193 2840 4242 ;
2879 4175 3083 4228 idcirco
3123 4173 3376 4244 frequen-

133 4258 262 4313 θεῖον
301 4261 476 4333 δῶρον
511 4265 545 4332 ἡ
578 4264 703 4334 περὶ
739 4266 885 4334 ἡμᾶς
928 4264 1198 4336 ἀθλιότης,
1231 4261 1340 4318 οἷον
1374 4270 1707 4337 προσωπεῖον

1814 4275 1922 4328 tius
1961 4271 2016 4326 id
2049 4271 2196 4340 quod
2235 4273 2576 4323 contrarium
2631 4269 2756 4322 huic
2786 4275 2889 4329 est,
2944 4267 3161 4321 accidit.
3211 4267 3382 4321 Multo

131 4350 356 4421 εἰδεχθὲς
403 4353 486 4423 τῷ
540 4355 681 4408 κατὰ
727 4356 824 4426 τὴν
869 4356 1054 4409 εἰκόνα
1095 4357 1282 4409 κάλλει
1315 4358 1384 4410 τὰ
1423 4357 1568 4429 πάθη
1613 4359 1707 4430 τῆς

1814 4365 1977 4418 citius
2008 4363 2152 4416 enim
2186 4363 2443 4430 princeps
2476 4361 2641 4414 animi
2685 4360 2918 4413 facultas
2951 4360 3127 4414 bruta:
3174 4370 3384 4414 naturae

129 4441 324 4510 σαρκὸς
355 4443 796 4500 ὲπιπλάσσουσα,
828 4446 1035 4499 Οὐκοῦν
1069 4448 1400 4515 συγγνωστοί
1427 4447 1544 4512 πῶς
1573 4452 1707 4502 εἰσιν

1815 4459 2052 4526 pondere
2080 4454 2313 4522 impulsa
2341 4453 2685 4521 deprimitur,
2715 4467 2877 4520 quam
2927 4450 3072 4519 quod
3118 4467 3282 4520 grave
3318 4467 3384 4505 ac

128 4534 173 4585 οἰ
201 4535 334 4604 πρὸς
362 4536 435 4588 τὰ
464 4536 694 4589 τοιαῦτα
725 4537 1030 4607 βλέποντες,
1056 4535 1174 4592 εἶτα
1207 4539 1303 4608 τὴν
1327 4538 1475 4592 θείαν
1501 4542 1707 4610 μορφὴν

1814 4554 2047 4599 terreum
2080 4551 2185 4605 est,
2218 4557 2326 4595 una
2361 4557 2483 4594 cum
2521 4551 2700 4595 mente
2740 4543 2794 4594 in
2832 4542 3000 4594 altum
3041 4543 3380 4597 sublevetur.

127 4623 182 4674 ἐν
207 4625 421 4690 τούτοις
442 4624 587 4680 εἶναι
622 4629 723 4680 οὑκ
758 4629 994 4700 εὑχερῶς
1019 4631 1406 4699 συντιθέμενοι.
1446 4633 1604 4686 Ἀλλά
1627 4634 1707 4688 διὰ

1814 4635 2024 4689 Idcirco
2065 4650 2209 4703 saepe
2260 4633 2429 4686 divini
2482 4633 2728 4687 muneris
2770 4635 3120 4702 praestantia,
3178 4649 3384 4703 βία-ρε-

130 4713 230 4765 τῶν
259 4718 719 4788 κατωρθωκότων
740 4720 829 4772 τὸν
862 4721 993 4790 βίον,
1025 4721 1200 4788 ἔξεστι
1223 4723 1318 4792 τὴν
1347 4724 1493 4778 θείαν
1522 4727 1578 4778 ἐν
1602 4729 1707 4790 τοῖς

1814 4728 1992 4782 diente
2028 4727 2244 4781 miseria
2274 4735 2483 4784 nostra,
2512 4739 2621 4778 non
2649 4723 2784 4779 satis
2813 4724 2867 4778 in
2916 4725 3074 4779 nohis
3120 4727 3384 4796 perspici-

126 4804 430 4876 ἀνθρώποις
467 4811 653 4862 εἰκόνα
690 4811 924 4880 βλέπειν.
971 4814 1032 4866 Εἰ
1061 4814 1166 4885 γὰρ
1201 4816 1452 4888 ἐμπαθὴς
1495 4835 1580 4880 τις
1621 4819 1707 4871 καὶ

1814 4827 1940 4872 tur:
1983 4817 2148 4886 fitque
2179 4825 2238 4869 ut
2276 4815 2635 4885 pulchritudo
2666 4814 2866 4869 divinae
2889 4815 3116 4886 imagini
3148 4832 3378 4888 respon-

127 4897 374 4966 σάρκινός
401 4900 484 4953 ῶν
515 4903 860 4956 ἀπιστεῖσθαι
892 4909 1032 4958 ποιεῖ
1054 4905 1146 4960 τὸν
1170 4907 1453 4978 ἄνθρωπον
1483 4907 1557 4971 ὡς
1583 4909 1707 4979 θείῳ

1814 4912 1970 4974 dens,
2021 4908 2227 4963 morbis
2258 4907 2444 4962 carnis
2489 4915 2746 4976 tanquam
2783 4908 3098 4976 turpissima
3143 4910 3378 4978 quadam

127 4987 299 5043 κάλλει
329 4995 758 5062 κεκοσμημένον
783 5011 797 5026 ο
837 4998 864 5049 ὁ
891 4997 1090 5067 ὑψηλὸς
1123 4998 1336 5061 πάντως
1371 4999 1470 5070 τὴν
1510 5000 1707 5071 ἀρετὴν

1814 5004 1962 5057 larva
2006 5001 2350 5056 obducatur:
2406 4999 2636 5069 ideoque
2672 5001 2883 5054 veniam
2933 5002 3171 5069 quodam
3217 5007 3382 5060 modo

124 5081 210 5132 καὶ
243 5083 582 5153 καθαρεύων
630 5088 694 5138 ὲκ
735 5087 1094 5158 μολυσμάτων
1140 5090 1428 5160 βεϐαιώσει
1476 5109 1557 5144 σοι
1608 5093 1707 5165 τὴν

1814 5105 2113 5157 merentur,
2151 5095 2194 5148 si
2231 5095 2320 5163 qui
2362 5093 2428 5147 ad
2463 5093 2775 5156 huiusmodi
2802 5093 3048 5162 quaedam
3078 5097 3383 5164 respicien-

124 5168 251 5234 πρὸς
280 5171 344 5222 τὸ
383 5175 643 5242 κρεῖττον
675 5176 766 5227 ἐπὶ
795 5176 902 5229 τῶν
931 5176 1231 5247 ἀνθρώπων
1258 5179 1544 5251 ὑπόληψιν.
1581 5176 1706 5233 Οἷον

123 5260 362 5323 κρεῖττον
435 5264 556 5332 γὰρ
602 5265 659 5315 ἐν
713 5265 1067 5337 ὑποδείγματι
1125 5267 1292 5334 δεῖξαι
1351 5271 1443 5324 τὸν
1502 5271 1658 5340 λόγον
1689 5289 1703 5303 ο

120 5347 382 5420 ἀπήλειψε
411 5354 497 5424 τῷ
525 5356 625 5425 τῆς
657 5359 920 5430 πονηρίας
947 5360 1245 5432 μολύσματι
1274 5361 1332 5414 τὸ
1367 5364 1465 5433 τῆς
1493 5364 1708 5432 φύσεως

121 5440 306 5504 κάλλος
338 5461 428 5506 τις
448 5444 566 5497 τῶν
591 5448 682 5500 ἐπὶ
704 5449 869 5521 κακίᾳ
899 5452 1208 5523 γνωρίμων,
1251 5453 1500 5524 Ἰεχονίας
1523 5457 1704 5526 τυχὸν,

122 5530 150 5598 ἣ
199 5532 252 5584 εἴ
289 5551 378 5598 τις
429 5538 758 5616 ἓτεροςίὲπί
807 5546 958 5615 κακῷ
1008 5548 1438 5618 μνημονεύεται·
1493 5551 1607 5603 ἀλλ’
1648 5553 1706 5606 ὲν

122 5625 323 5697 Μωῦσῇ
369 5629 474 5681 καὶ
507 5634 618 5695 τοῖς
648 5637 766 5688 κατ’
809 5638 1011 5691 ἐκεῖνον
1045 5639 1262 5693 καθαοά
1304 5641 1630 5712 διεφυλάχθη
1668 5645 1701 5712 ή

189 5804 232 5836 ⁸³
259 5807 493 5865 Coioss.
539 5811 674 5879 tn,l.

1713 5309 1778 5423 ες

1813 5196 1917 5252 tes,
1971 5201 2093 5240 esse
2125 5185 2179 5238 in
2232 5184 2318 5240 his
2373 5183 2662 5252 imaginem
2710 5181 2802 5236 Dei
2855 5197 3018 5250 posse
3066 5198 3173 5236 non
3223 5184 3381 5240 facile

1814 5278 2143 5333 concedunt.
2177 5275 2413 5328 lllustris
2437 5275 2528 5326 illa
2560 5274 2807 5343 profecto
2830 5273 2882 5326 in
2911 5275 2992 5328 eis
3021 5279 3376 5345 conspicitur,

1814 5370 1908 5439 qui
1972 5369 2140 5422 vitam
2194 5382 2349 5420 suam
2405 5366 2475 5418 ad
2538 5366 2754 5419 virtutis
2818 5380 3067 5418 normam
3127 5383 3383 5424 accuraw

1815 5465 2133 5528 exegerunt.
2165 5455 2319 5521 Quod
2347 5456 2392 5510 si
2419 5470 2578 5524 quem
2617 5456 2785 5509 animi
2817 5456 3024 5510 morbis
3052 5458 3380 5524 obnoxium,

1815 5549 2080 5620 carnique
2103 5547 2368 5611 deditum,
2400 5547 2582 5601 divina
2617 5546 3025 5618 pulchritudine
3056 5557 3378 5602 exornatum

1815 5658 1936 5698 esse
1978 5657 2087 5696 non
2121 5639 2344 5706 credis;
2395 5650 2451 5693 at
2501 5640 2554 5693 in
2609 5640 2776 5694 alium
2822 5643 3057 5707 intuere,
3109 5641 3272 5710 cujus
3333 5643 3384 5696 in
