3996 6464
189 417 288 472 197

185 535 252 641 o7.)-
292 536 579 645 χαρίζεται
604 537 699 641 .τῷ
728 537 1002 645 ἀνθριξιπῳ
1045 539 1145 609 τὴν
1164 539 1473 645 ,μετουσίαν
1505 542 1534 593 6
1565 540 1721 610 λόγος
1745 529 1836 645 ςθᾹ

186 629 262 699 τῷ
286 630 395 701 γὰρ
439 629 639 699 γενικῷ
666 647 724 682 τε
755 630 849 682 καὶ
876 629 1256 701 ὑπερκειμένιρ
1287 630 1432 701 λόγῳ
1470 634 1618 685 πᾶσα
1656 633 1765 688 τῶν

184 720 406 788 ἀγαθῶν
437 720 549 772 ἰδέα
577 719 714 791 πρὸς
740 722 936 793 ἑαυτὴν
967 725 1228 794 συμφυῶς
1255 725 1384 795 ἔχει,
1421 727 1514 778 καὶ
1541 727 1599 778 ἓν
1622 743 1675 778 τι
1704 725 1765 778 τὸ

185 811 304 863 ὅλον
336 812 470 863 ἐστί.
519 811 613 875 Τίς
646 811 704 866 δέ
733 831 800 882 με
825 814 925 882 τῆς
955 815 1261 886 συμμιγοῦς
1289 835 1348 870 τε
1391 819 1483 871 καὶ
1514 820 1765 888 ἐπαμφο-

183 902 505 973 τεριζούσης
536 903 628 956 τοῦ
681 904 838 968 ξύλου
875 907 1114 974 γεύσεως
1158 911 1493 980 ἀποστήσει;
1548 912 1810 973 πάντωςίη

182 994 292 1064 γὰρ
344 996 444 1048 οὐκ
489 996 683 1067 ἄδηλον
730 1002 842 1061 τοῖς
888 999 1396 1073 διορατικωτέροις,
1453 1003 1503 1056 τί
1550 1003 1610 1056 τὸ
1658 1005 1764 1056 πᾶν

180 1088 380 1150 ἐκεῖνο,
408 1081 469 1140 οὗ
503 1089 712 1159 καρπὸς
750 1092 782 1160 ἡ
811 1088 944 1160 ζωὴ,
977 1093 1076 1144 κοιῖ
1102 1093 1281 1158 πάλιν,
1313 1095 1364 1147 τί
1394 1095 1456 1148 τὸ
1480 1095 1764 1165 ἐπίμικτον

180 1179 361 1241 τοῦτο,
394 1175 455 1233 οὗ
488 1181 661 1250 πέρας
706 1182 734 1232 ὁ
782 1181 1029 1246 θάνατος.
1078 1184 1135 1237 Ὀ
1162 1185 1270 1256 γὰρ
1302 1185 1393 1238 τοῦ
1427 1187 1625 1250 παντὸς
1667 1187 1766 1257 τὴν

181 1272 488 1324 ἀπόλαυσιν
518 1273 766 1341 ἀφθόνως
811 1274 1055 1344 προθεὶς,
1101 1276 1244 1347 λόγῳ
1279 1278 1386 1330 τινὶ
1424 1278 1640 1341 πάντως
1671 1279 1765 1331 καὶ

183 1364 500 1436 προμηθείᾳ
541 1367 639 1434 τῆς
686 1366 794 1418 τῶν
844 1368 1128 1421 ὲπικοίνων
1182 1370 1470 1438 μετουσίας
1511 1370 1838 1442 ἀπείργειιῖζπ

182 1454 276 1506 τὸν
307 1454 616 1525 ἄνθρωπον.
668 1456 776 1510 Καί
809 1475 896 1528 μοι
925 1458 1073 1511 δοκεῖ
1097 1459 1188 1512 τὸν
1238 1460 1412 1530 μέγαν
1457 1461 1640 1524 Δαϐιδ,
1672 1463 1765 1514 καὶ

181 1544 276 1596 τὸν
304 1544 466 1612 σοφὸν
494 1545 813 1608 Σολομῶντα
837 1547 1188 1612 διδασκάλους
1211 1554 1309 1622 τῆς
1340 1551 1432 1604 τοῦ
1463 1551 1618 1620 λόγου
1642 1552 1766 1604 τούο

181 1653 280 1688 του
303 1637 640 1707 παραλαϐεῖν
668 1637 998 1710 ἐξηγήσεως.
1038 1642 1358 1713 Ἀμφότεροι
1387 1643 1493 1714 γὰρ
1516 1643 1616 1713 τῆς
1636 1661 1766 1713 συγ-

182 1729 580 1799 κεχωρημένης
608 1730 821 1802 τρυφῆς
855 1731 980 1801 μίαν
1006 1733 1262 1802 ἡγοῦνται
1295 1734 1392 1806 τὴν
1418 1736 1597 1808 χάριν,
1634 1737 1766 1789 αὐτὸ

1416 415 1502 470 DE
1543 415 1825 473 HOMINIS
1862 413 2176 473 OPIFlCiO.

3334 398 3432 455 198

1862 551 2138 611 putemus,
2158 553 2268 608 quo
2289 535 2506 590 fruituri
2529 535 2582 587 in
2607 531 2858 602 paradiso
2876 541 3115 584 eramus.
3146 543 3165 577 ι
3187 523 3263 579 De
3287 524 3434 578 omni

1867 635 2012 702 ligno
2043 629 2263 702 (inquit
2298 627 2482 696 Deus)
2519 623 2664 696 quod
2703 632 2788 678 est
2827 623 2884 675 in
2920 618 3210 690 paradiso,
3246 631 3437 671 vesce-

1864 726 1944 780 ris
1975 725 2018 756 ⁶⁷
2075 741 2093 775 θ
2123 722 2257 787 Quis
2290 719 2500 774 homini
2535 724 2682 771 recte
2721 713 2984 769 esurienti
3022 710 3260 768 [ructum
3303 706 3435 776 ligni

1865 817 2014 872 illius
2044 815 2110 870 de
2145 812 2400 883 paradiso
2433 810 2668 872 tribuat,
2701 822 2810 877 quo
2847 807 3054 861 bonum
3089 817 3249 856 omne
3285 815 3438 854 COIII-

1867 907 2243 980 prehenditur,
2277 911 2329 959 et
2360 903 2501 976 quod
2532 902 2708 956 oratio
2734 901 2917 954 divina
2944 912 3106 951 omne
3136 901 3433 962 nuncupat,

1867 1002 2026 1071 cujus
2073 1001 2236 1053 etiam
2293 995 2506 1050 fruendi
2544 1001 2860 1064 potestatem
2907 989 3115 1043 homini
3166 983 3437 1055 largitur?

1866 1093 2001 1147 Nam
2033 1090 2301 1146 latissima
2332 1096 2512 1153 certe,
2557 1095 2609 1141 et
2653 1083 2852 1140 eximia
2901 1083 2990 1135 illa
3033 1095 3166 1135 voce
3207 1085 3436 1147 cognata

1868 1185 2010 1238 inter
2051 1199 2109 1238 se
2146 1184 2412 1236 bonorum
2454 1179 2666 1248 species
2703 1175 2882 1230 omnis
2915 1175 3244 1232 continetur,
3274 1170 3437 1238 inque

1868 1293 1978 1330 uno
2006 1277 2132 1330 boni
2169 1275 2303 1328 adeo
2331 1273 2501 1326 totius
2533 1268 2943 1324 universitatem
2974 1264 3240 1318 exsistere
3269 1259 3439 1328 signi-

1868 1366 2082 1420 ficatur.
2123 1364 2256 1430 Quis
2297 1369 2485 1416 contra
2525 1360 2799 1414 hominem
2836 1363 3019 1410 arceat
3057 1353 3125 1407 ab
3165 1353 3336 1406 altero
3373 1349 3438 1402 li-

1868 1475 2008 1528 gno,
2045 1457 2205 1525 cujus
2246 1456 2432 1510 fruitio
2472 1455 2695 1508 mistum
2735 1449 2992 1521 quiddam
3035 1447 3227 1505 habet.
3268 1450 3322 1497 et
3353 1449 3438 1497 est

1871 1556 2160 1616 utramque
2194 1548 2248 1600 in
2283 1555 2495 1616 partem
2537 1543 2769 1598 efﬁcax?
2804 1540 2922 1595 Non
2958 1541 3101 1594 enim
3141 1537 3434 1590 obscurum

1867 1646 1989 1694 esse
2013 1646 2188 1708 potest
2213 1636 2423 1691 homini
2456 1633 2772 1704 intelligenti
2795 1671 2809 1695 ,
2836 1631 2968 1701 quid
3001 1630 3070 1684 sit
3095 1627 3224 1682 illud
3253 1640 3435 1687 omne,

1869 1732 2028 1800 cujus
2063 1738 2147 1786 est
2183 1730 2398 1786 fructus
2431 1729 2541 1782 vita
2572 1745 2585 1781 :
2621 1735 2676 1781 et
2709 1725 2839 1795 quid
2874 1725 3101 1777 alterum
3135 1719 3267 1774 illud
3307 1717 3438 1770 mis-

179 1792 456 1882 «HJ-:6;
490 1792 874 1892 dva06v,'6-6i}
900 1824 994 1875 καὶ
1028 1792 1135 1877 πᾶν
1167 1825 1313 1878 ἐστιν
1348 1792 1778 1891 διγοιθόνίΔαϐὶδξ

1873 1831 2020 1889 tum,
2061 1823 2220 1891 cujus
2262 1821 2387 1875 ﬁnis
2427 1834 2574 1874 mors
2625 1827 2725 1873 est.
2773 1815 2907 1870 Nam
2944 1814 3034 1884 qni
3079 1813 3224 1866 illius
3259 1810 3438 1864 omnis

184 1907 288 1977 μὲν
316 1908 976 1982 λέγων,‹Κατατρύφησον
1019 1913 1115 1966 τοῦ
1155 1915 1672 1988 ΚυρίουίΣολομὼν
1709 1918 1765 1972 δὲ

1873 1917 2074 1971 homini
2109 1916 2423 1970 fruitionem
2456 1918 2769 1982 perpetuam
2804 1908 3104 1970 concessit,
3134 1905 3273 1959 idem
3301 1916 3440 1972 quo-

180 1997 288 2068 τὴν
314 2000 506 2068 σοφίαν
535 2000 727 2070 αὐτὴν,
761 2000 910 2071 «ἥτις
960 2001 1104 2054 ἐστὶν
1125 2005 1152 2056 6
1180 2005 1403 2076 Κύριος,
1439 2005 1591 2070 ξύλον
1618 2006 1763 2078 ζωῆς

180 2089 489 2158 ὀνομάζων.
524 2092 735 2146 Οὐκοῦν
768 2095 961 2148 ταύτόν
991 2097 1106 2148 ἐστι
1133 2097 1210 2167 τῷ
1238 2099 1337 2168 τῆς
1365 2098 1511 2168 ζωῆς
1538 2098 1676 2169 ξύλῳ
1703 2101 1764 2154 τὸ

181 2183 298 2234 πᾶν
337 2181 512 2248 ξύλον,
550 2177 609 2236 οὗ
643 2185 740 2255 τὴν
767 2185 966 2256 βρῶσιν
989 2186 1067 2257 τῷ
1097 2188 1236 2241 κατὰ
1259 2189 1390 2242 Θεὸν
1420 2191 1710 2244 πλασθέντι
1736 2193 1765 2244 6

1865 1995 2205 2080 que'ratione
2226 2005 2460 2076 quadam
2488 2011 2541 2057 et
2567 2001 2798 2057 consilio
2825 2007 2974 2055 certo
3000 1997 3436 2068 promiscuornm

1865 2115 1968 2154 usu
2002 2100 2161 2154 nobis
2194 2097 2496 2153 interdixit.
2536 2097 2613 2148 Ac
2645 2093 2775 2147 mihi
2817 2084 3033 2161 quidem
3075 2089 3204 2142 libet
3242 2099 3438 2156 magno

1866 2193 1960 2246 illo
1993 2190 2232 2251 Davide,
2270 2189 2624 2256 sapienteque
2666 2183 2988 2242 Solomone,
3027 2187 3282 2246 tanquam
3323 2189 3441 2228 ma-

181 2273 348 2342 λόγος
399 2275 634 2328 δίδωσιν.
691 2276 1134 2348 Ἀντιδιαιρεῖται
1185 2279 1240 2332 δὲ
1290 2279 1368 2350 τῷ
1416 2281 1555 2352 ξύλῳ
1593 2282 1778 2354 τούτῳ·

1873 2283 2055 2353 gistris
2085 2282 2138 2334 in
2172 2281 2362 2333 harum
2393 2293 2575 2332 rerum
2603 2273 2966 2345 explicatione
2995 2271 3092 2324 uti.
3122 2271 3258 2322 Nam
3287 2276 3439 2321 uter-

180 2365 376 2435 ἕτερον
407 2367 581 2433 ξύλον,
613 2363 673 2423 οὗ
704 2372 736 2439 ἡ
778 2369 976 2441 βρῶσις
1017 2370 1184 2424 καλοῦ
1229 2371 1324 2425 καὶ
1364 2375 1532 2427 κακοῦ
1564 2375 1765 2442 γνῶσίς

183 2461 358 2520 ἐστιν.
385 2459 486 2513 οὐκ
519 2461 828 2524 ἰδιαζόντως
857 2463 1112 2534 ἑκάτερον
1141 2463 1247 2517 τῶν
1272 2466 1412 2518 κατὰ
1438 2466 1497 2518 τὸ
1526 2467 1768 2521 ἐναντίον

184 2553 608 2623 σημαινομένων
637 2556 694 2607 ὲν
720 2555 874 2625 μέρει
907 2556 1382 2626 καρποφοροῦντος
1414 2574 1428 2589 ο
1480 2558 1615 2612 ἀλλά
1647 2576 1767 2612 τινα

184 2646 598 2716 συγκεχυμένον
644 2647 738 2699 καὶ
791 2646 1095 2716 σύμμικτον
1153 2649 1363 2719 καρπὸν
1423 2648 1769 2714 ἐξανθοῦντος

180 2738 310 2798 ταῖς
348 2737 644 2800 ἐναντίαις.
665 2739 1104 2810 συγκεκραμένον
1148 2740 1445 2802 ποιότησιν,
1481 2737 1540 2795 οὗ
1573 2741 1802 2794 κωλύειῗ

184 2827 296 2898 μὲν
325 2827 423 2899 τὴν
456 2828 654 2900 βρῶσιν
683 2831 710 2882 ὁ
739 2830 978 2900 ἀρχηγὸς
1004 2831 1101 2900 τῆς
1129 2829 1292 2900 ζωῆς.
1329 2831 1683 2902 συμϐουλεύει
1711 2833 1770 2885 δὲ

179 2919 207 2969 6
228 2918 386 2986 ὄφις,
411 2919 495 2971 ἵνα
521 2919 598 2989 τῷ
623 2919 838 2988 Θανάτῳ
870 2919 1253 2993 κατασκευάσῃ
1279 2921 1379 2990 τὴν
1404 2921 1627 2974 εἴσοδον.
1662 2921 1772 2974 Καὶ

180 3009 420 3072 πιθανὸς
468 3011 674 3079 γίνεται
729 3010 1174 3081 συμϐουλεύσας,
1236 3011 1459 3083 εὐχροίᾳ
1514 3014 1619 3066 τινὶ
1677 3013 1774 3065 καὶ

177 3103 356 3174 ἡδονῇ
397 3104 489 3156 τὸν
531 3104 739 3174 καρπὸν
792 3103 1178 3175 περιχρώσας,
1230 3105 1304 3169 ὡς
1356 3104 1422 3158 ἂν
1473 3105 1660 3176 ὀφθείη
1712 3123 1774 3158 τε

1867 2387 1972 2441 que
1993 2371 2217 2425 delicias
2240 2382 2534 2422 concessas
2556 2366 2948 2434 interpretatur
2977 2375 3165 2415 verum
3189 2357 3320 2410 illud
3343 2355 3442 2410 bo-

1867 2479 2019 2527 num,
2041 2461 2186 2532 quod
2210 2461 2350 2515 idem
2374 2469 2455 2514 est
2478 2473 2600 2512 cum
2620 2457 2764 2510 bono
2783 2454 2954 2508 omni.
2975 2451 3204 2504 Davides
3223 2445 3440 2518 quidem

1870 2557 2046 2624 inquit
2085 2556 2169 2606 ⁶³ε
2209 2573 2226 2605 ι
2266 2555 2324 2607 ln
2360 2552 2591 2606 Domino
2619 2557 2784 2604 temet
2813 2548 3024 2602 oblecta
3059 2546 3133 2600 “.
3168 2563 3186 2595 ι
3219 2542 3443 2596 Solonio

1839 2658 2048 2728 {autem
2071 2689 2084 2710 ,
2114 2647 2438 2716 sapientiam
2460 2685 2474 2706 ,
2504 2659 2626 2713 quae
2653 2649 2735 2696 est
2765 2641 2879 2709 ipse
2908 2638 3167 2690 Dominus
3188 2675 3203 2698 .
3235 2635 3441 2704 lignum

1812 2727 1993 2794 davitze
2029 2739 2284 2808 appellat.
2329 2737 2497 2807 Igitur
2530 2735 2661 2788 illud
2698 2748 2858 2787 omne
2897 2731 3036 2785 idem
3077 2736 3162 2784 est
3197 2727 3341 2797 quod
3381 2727 3445 2778 li-

1871 2847 2036 2902 gnum
2068 2833 2220 2894 vitae,
2256 2831 2415 2898 cujus
2460 2827 2648 2881 frnitio
2689 2824 2894 2878 homini
2928 2822 2992 2874 ad
3029 2821 3122 2875 Dei
3154 2819 3440 2889 imaginem

1872 2923 2016 2977 facto
2070 2923 2407 2976 conceditur.
2447 2920 2714 2974 Cmterum
2783 2917 2850 2970 ah
2908 2916 3010 2969 hoc
3074 2913 3219 2966 aliud
3272 2910 3444 2980 quodn

1874 3015 1996 3070 dam
2053 3017 2261 3086 lignum
2319 3015 2673 3074 discernitur,
2711 3011 2870 3079 cujus
2934 3008 3146 3062 fructus
3201 3012 3284 3060 est
3316 3004 3444 3058 boni

1875 3121 1940 3162 ac
1973 3109 2102 3161 mali
2137 3108 2397 3176 cognitio.
2436 3105 2549 3159 Non
2582 3103 2727 3174 quod
2764 3104 2992 3155 alterttm
3029 3099 3220 3152 horum
3257 3097 3446 3148 adver-

178 3195 385 3265 ἡδέως,
419 3195 513 3248 καὶ
536 3195 632 3267 τὴν
663 3196 841 3267 ὄρεξιν
869 3197 1003 3268 πρὸς
1037 3196 1134 3268 τὴν
1162 3195 1350 3264 γεῦσιν
1378 3196 1778 3267 ύπερεθὶσειενῖ·

1877 3199 2116 3254 santium
2148 3200 2252 3254 sibi
2283 3199 2526 3252 vicissitn
2560 3198 2921 3266 produceret,
2951 3191 3044 3246 sed
3071 3189 3214 3259 quod
3245 3187 3446 3254 promi-

180 3302 388 3342 scuum
420 3302 483 3341 ac
513 3286 801 3342 confusum
841 3287 1133 3356 quemdam
1177 3285 1412 3340 fructum
1455 3287 1758 3356 proferret,
1793 3288 1880 3342 cui
1907 3291 2196 3358 qualitates
2221 3289 2328 3343 illa)
2353 3289 2456 3343 sihi
2510 3288 2862 3341 adversantes
2911 3285 3172 3338 inessent.
3220 3278 3296 3331 De
3345 3276 3448 3328 hoc

182 3380 343 3434 vesci
375 3379 650 3434 hominem
685 3378 800 3432 Dux
831 3380 954 3433 vita:
984 3384 1160 3442 vetat,
1197 3391 1423 3446 serpens
1451 3379 1644 3433 suadet
1665 3388 1775 3444 ,_ut
1813 3384 1973 3438 morti
2009 3383 2150 3435 viam
2183 3381 2248 3435 ad
2278 3379 2653 3451 perimendum
2681 3378 2952 3431 hominem
2986 3378 3238 3429 strueret.
3268 3367 3447 3422 Vincit

181 3487 328 3528 vero
366 3474 542 3528 malus
572 3472 660 3526 hic
690 3472 905 3525 tandem
942 3469 1314 3532 consiliarius,
1348 3470 1754 3538 pulchritudine
1790 3489 1853 3528 ac
1888 3477 2166 3546 voluptate
2194 3474 2429 3544 quadam
2459 3472 2694 3526 fructum
2729 3482 3020 3531 exornans,
3052 3474 3111 3518 ut
3143 3472 3198 3519 et
3223 3471 3446 3531 aspectu

175 3568 474 3640 jucundus
511 3575 688 3630 esset,
731 3573 784 3620 et
823 3566 1204 3635 appetitionem
1243 3567 1496 3636 gustandi
1537 3568 1620 3622 sui
1656 3559 1966 3645 proritaret.

762 3678 1156 3732 ΚΕΦΑΛΑΙΟΝ
1196 3678 1279 3730 Κ’.

2474 3674 2703 3730 CAPUT
2734 3671 2850 3726 XX.

187 3777 294 3844 Τίς
325 3775 364 3843 ἠ
391 3772 460 3826 ἐν
480 3770 558 3838 τῷ
583 3771 925 3840 παραδείσῳ
964 3769 1096 3837 ζωὴ.
1126 3770 1225 3822 καὶ
1269 3769 1326 3822 τί
1349 3769 1413 3822 τὸ
1449 3769 1777 3839 ἀπηγορευ-

771 3841 952 3911 μένον
993 3840 1202 3904 ξύλον.

1880 3775 2010 3841 Quae
2043 3773 2200 3844 fuerit
2244 3773 2297 3825 in
2318 3769 2570 3840 paradiso
2602 3770 2729 3828 vita,
2755 3764 2950 3836 quodve
2981 3765 3049 3818 sit
3077 3763 3277 3829 lignum
3322 3757 3444 3810 reti.

2602 3849 2730 3891 tum.

255 3939 335 3993 Τί
369 3935 463 3992 οὖν
501 3935 676 3991 ἐκεῖνό
705 3937 872 3995 ἐστιν,
893 3933 922 3985 ὃ
950 3931 1113 3986 καλοῦ
1150 3949 1207 3984 τε
1238 3932 1330 3984 καὶ
1361 3930 1530 3985 κακοῦ
1582 3947 1779 3998 συγκε-

183 4051 305 4104 κρα
317 4031 485 4102 μένην
512 4031 623 4100 ἔχει
652 4030 752 4100 τὴν
779 4026 1001 4097 γνῶσιν,
1023 4028 1143 4089 ταῖς
1161 4025 1226 4078 δι’
1244 4025 1543 4096 αἰσθήσεως
1567 4025 1780 4094 ἡδοναῖς

183 4122 634 4193 ἔπηνθισμένονς
685 4122 827 4191 Ἀρα
868 4119 943 4189 μὴ
970 4118 1158 4189 πόρῤω
1183 4117 1281 4187 τῆς
1315 4117 1570 4186 ἀληθείας
1601 4133 1780 4186 παρα-

1950 3939 2232 4004 Quodnam
2289 3937 2454 4006 igitur
2517 3932 2650 3987 illud
2706 3938 2789 3983 est
2841 3928 3069 3998 lignum,
3127 3935 3446 3977 exornatum

1880 4029 2110 4093 deliciis,
2145 4043 2265 4098 quae
2305 4042 2468 4082 sensu
2502 4022 2891 4096 percipiantur,
2931 4019 3018 4071 cui
3061 4017 3188 4071 boni
3213 4016 3449 4084 malique

1880 4120 2039 4174 mista
2069 4119 2312 4188 quaedam
2347 4117 2585 4186 cognitio
2625 4113 2799 4167 inest?
2833 4110 3094 4179 Equidem
3148 4123 3254 4161 non
3295 4107 3451 4174 longe

185 4217 652 4287 στοχὰσομαι,.τῇ
683 4211 776 4265 τοῦ
799 4211 1037 4280 γνωστοῦ
1059 4211 1264 4279 διανοίᾳ
1294 4210 1373 4270 εἰς
1403 4208 1656 4280 ἀφορμὴν
1681 4207 1778 4276 τῆς

1883 4227 1912 4265 a
1952 4211 2177 4266 veritate
2207 4211 2550 4270 aberravero,
2582 4207 2626 4261 si
2663 4206 2858 4260 mentis
2890 4201 3266 4272 intelligentia,
3315 4214 3452 4267 qua-

183 4309 440 4379 θεωρέας
468 4306 869 4379 συγχρώμενος.
902 4299 1068 4374 Οἶμαι
1107 4303 1208 4373 γὰρ
1243 4303 1343 4354 οὐκ
1374 4302 1679 4371 ἐπιστήμην
1701 4302 1783 4351 ὲν-

182 4401 378 4455 ταῦθα
405 4401 553 4471 παρὰ
584 4401 683 4469 τῆς
736 4397 958 4467 Γραφῆς
993 4395 1228 4450 νοεῖσθαι
1279 4394 1376 4465 τὴν
1403 4393 1622 4461 γνῶσιν,
1649 4393 1784 4446 ἀλλὰ

181 4511 324 4548 τινα
349 4491 608 4561 διαφορὰν
645 4493 709 4543 ὲκ
756 4491 855 4558 τῆς
889 4489 1163 4559 γραφικῆς
1195 4486 1484 4557 συνηθείας
1521 4486 1778 4556 εὑρίσκω,

185 4581 464 4653 γνώσεώς
499 4600 557 4636 τε
615 4581 709 4635 καὶ
736 4579 1080 4650 διακρίσεως.
1115 4578 1188 4630 T6
1225 4578 1322 4646 μὲν
1353 4579 1459 4647 γὰρ
1489 4576 1782 4647 διακρίνειν

183 4673 586 4743 ἐπιστημόνως
637 4670 700 4723 τὸ
752 4669 913 4722 καλὸν
967 4671 1030 4722 ὲκ
1062 4669 1153 4721 τοῦ
1201 4666 1394 4728 κακοῦ.
1449 4667 1783 4737 τελειοτέρας

184 4768 371 4832 ἕξεως
395 4761 531 4817 εἶναί
559 4781 722 4834 φησιν
752 4762 780 4813 ὁ
834 4761 1172 4823 Ἀπόστολος,
1199 4760 1290 4812 καὶ
1324 4758 1785 4829 γεγυμνασμένων

184 4856 616 4929 αἰσθητηρίων·
672 4855 752 4908 διὸ
820 4854 914 4906 καὶ
975 4853 1302 4923 πρόσταγμα
1349 4854 1580 4904 ποιεῖται
1609 4850 1786 4903 πάντα

184 4947 544 5022 ἐσκιμάζειν,
579 4947 673 5001 καὶ
721 4947 814 4999 τοῦ
845 4943 1212 5014 πνευματικοῦ
1238 4943 1299 4995 τὸ
1330 4943 1620 5015 διακρίνειν
1657 4942 1798 4994 ἴδιον·

1885 4305 2041 4350 tenus
2074 4295 2292 4364 intelligi
2329 4294 2440 4348 haec
2471 4300 2720 4363 possunt,
2753 4290 2855 4342 hac
2887 4289 3002 4356 ipsa
3039 4289 3091 4340 in
3130 4283 3450 4338 consideras

1883 4393 2027 4446 tione
2065 4397 2206 4444 utar.
2262 4388 2352 4442 Sic
2398 4388 2541 4442 enim
2589 4385 2860 4446 existimo,
2911 4397 3019 4434 non
3069 4381 3171 4433 hoc
3209 4379 3326 4430 loco
3356 4391 3454 4446 per

1884 4484 2248 4554 cognitionem
2279 4479 2501 4550 intelligi
2522 4473 2932 4534 scientiamzsed
2947 4471 3118 4528 sacris
3140 4470 3194 4521 in
3231 4468 3453 4522 Litteris

1884 4575 2102 4630 invenio
2149 4572 2443 4628 discrimen
2474 4567 2745 4638 quoddam
2801 4567 2942 4619 inter
2976 4562 3338 4631 cognitionem
3390 4574 3454 4612 ac

1831 4663 2348 4736 dijudicationem.
2390 4663 2526 4714 Nam
2559 4660 2758 4714 bonum
2807 4673 2874 4711 ac
2938 4656 3137 4709 malum
3199 4661 3451 4706 accurata

1884 4760 2120 4829 quadam
2156 4757 2391 4814 ‘scientia
2435 4755 2754 4824 dijudicare,
2789 4750 3063 4805 facultatis
3112 4762 3232 4801 esse
3281 4744 3456 4815 perfe-

1886 4853 2072 4907 ctioris
2096 4850 2460 4920 cujusdam,et
2489 4861 2745 4901 sensuum
2778 4844 3188 4898 exercitatorum
3229 4838 3459 4907 Aposto-

1888 4945 1976 4999 lus
2015 4943 2182 4997 tradit
2234 4943 2299 4994 '°.
2334 4941 2548 4995 Idcirco
2587 4938 2829 5008 praecipit
2866 4935 3099 5007 quodam
3144 4935 3282 4995 loco,
3337 4946 3459 4984 esse

185 5013 342 5099 εἷναί
363 5059 550 5112 φησιν.
569 5041 632 5092 Ἦ
658 5040 714 5092 δὲ
738 5037 940 5107 γνῶσις
965 5013 1025 5089 οὐ
1054 5034 1326 5105 πανταχοῦ
1352 5013 1778 5106 τὴννέπιστήμην

1889 5035 2071 5092 omnia
2105 5033 2457 5101 exploranda,
2486 5039 2539 5086 et
2570 5031 3009 5099 dijudicationem
3043 5035 3250 5079 tantum
3280 5026 3331 5079 in
3364 5025 3460 5078 ho-

185 5157 252 5192 τε
277 5138 378 5190 καὶ
419 5135 517 5205 τὴν
549 5132 754 5202 εἴδησιν
784 5132 1070 5200 ὑφηγεῖται
1101 5127 1242 5183 κατὰ
1273 5127 1332 5180 τὸ
1371 5127 1782 5214 σημαινόμενον,

188 5231 340 5286 ἀλλὰ
369 5229 471 5298 τὴν
501 5225 636 5298 πρὸς
661 5225 721 5277 τὸ
749 5222 1142 5294 κεχαρισμένον
1166 5219 1404 5273 διάθεσιν
1425 5235 1438 5248 ·
1475 5219 1788 5284 ὼς,‹”Εγνω

189 5324 413 5394 Κύριος
444 5322 568 5383 τοὺς
619 5319 775 5380 ὄντας
799 5315 997 5369 αὐτοῦ’
1042 5334 1060 5366 ι
1099 5315 1192 5368 καὶ
1249 5313 1384 5384 πρὸς
1403 5312 1491 5363 τὸν
1527 5308 1763 5363 Μωῦσέα

188 5435 274 5485 φη
285 5416 397 5472 σὶν,
425 5408 508 5461 ὅτι
532 5429 549 5461 ι
567 5413 780 5478 Ἔγνων
800 5427 858 5462 σε
878 5408 1028 5480 παρὰ
1054 5410 1260 5469 πάντας
1282 5423 1296 5437 ⁸
1323 5425 1341 5457 ι
1377 5406 1503 5476 περὶ
1521 5404 1577 5458 δὲ
1605 5404 1710 5456 τῶν
1730 5403 1787 5455 ὲν

185 5508 379 5576 κακία
432 5503 894 5573 κατεγνωσμένων
927 5501 1070 5568 λέγει
1108 5501 1136 5552 6
1181 5499 1250 5551 τὰ
1289 5497 1465 5550 πάντα
1501 5495 1674 5558 εἰδὼς,
1706 5496 1788 5548 ὅτι

193 5619 216 5652 ι
255 5599 537 5653 Οὐδέποτε
598 5597 770 5667 ἔγνων
795 5597 955 5668 ὑμᾶς.
991 5615 1010 5647 ι
1038 5594 1244 5649 Οὐκοῦν
1285 5593 1344 5647 τὸ
1391 5593 1564 5658 ξύλον,
1599 5592 1690 5660 ἀφ’
1728 5583 1789 5643 οὗ

275 5805 327 5830 ⁶τ
368 5804 500 5860 Gen.
521 5820 583 5870 ιι,
614 5804 696 5858 16.

190 5880 262 5941 ιε,
309 5873 400 5928 19.

778 5804 820 5834 ⁸⁸
845 5802 988 5857 Psal.
1029 5801 1284 5864 XX\\'I,4.
1361 5800 1403 5831 “9
1447 5798 1608 5856 Prov.
1647 5810 1728 5860 ιιι,
1767 5792 1851 5848 18.

1891 5129 2088 5182 minem
2110 5125 2446 5194 spiritualem
2479 5122 2672 5176 cadere
2701 5119 2927 5173 aﬂirmat
2955 5117 3022 5170 τ’.
3053 5117 3307 5184 Cognilio
3333 5127 3461 5167 vero

1891 5235 2002 5275 non
2037 5218 2322 5273 scientiam
2378 5231 2440 5268 ac
2491 5215 2741 5268 notitiam
2801 5213 3005 5281 ubique
3065 5211 3362 5280 significat,
3404 5217 3463 5261 ut

1891 5328 1997 5368 vox
2027 5312 2143 5380 ipsa
2179 5317 2367 5364 notare
2393 5309 2624 5372 videtur,
2658 5307 2750 5361 scd
2769 5304 3056 5375 quamdam
3087 5305 3251 5357 animi
3289 5302 3354 5355 ad
3384 5303 3463 5365 id,

1891 5404 2034 5474 quod
2074 5410 2286 5472 gratum
2323 5400 2481 5454 nobis
2509 5406 2613 5464 est,
2647 5398 3003 5452 affectionem.
3042 5395 3107 5449 Ut
3161 5409 3282 5448 cum
3327 5393 3467 5447 scri-

1896 5507 2046 5566 ptum
2089 5503 2174 5549 est
2201 5495 2250 5526 "
2294 5511 2308 5546 :
2346 5511 2364 5542 ι
2409 5490 2567 5546 Novit
2599 5490 2860 5544 Dominus
2898 5503 3046 5543 suos.
3083 5506 3099 5536 ι
3143 5485 3209 5539 Ει
3242 5485 3307 5539 ad
3347 5483 3466 5537 Mo-

1897 5605 1992 5644 sen
2024 5587 2200 5657 inquit
2258 5603 2269 5639 :
2321 5603 2339 5636 ι
2380 5583 2511 5640 Novi
2576 5591 2629 5637 te
2682 5597 2847 5652 supra
2876 5595 3085 5634 onmes.
3142 5598 3158 5629 ι
3199 5577 3369 5630 Etiam
3399 5575 3467 5631 de

1931 5794 1976 5825 το
2012 5791 2173 5850 lichr.
2209 5810 2259 5857 v,
2300 5791 2386 5847 Μ.
2536 5792 2575 5820 ’⁷
2622 5787 2638 5842 l
2671 5787 2796 5842 Cor.
2827 5803 2882 5840 ιι.
2918 5784 3001 5838 15.
3081 5781 3124 5812 ⁷²
3155 5779 3194 5834 ιι
3227 5777 3464 5832 Τὶιιιοιιι.
