3988 6510
533 411 634 467 199

1753 407 1812 461 s.
1842 402 2172 484 cnsconu
2205 403 2504 460 NYSSENI

3667 413 3777 467 200

525 519 797 582 damnatis
848 525 944 588 ait,
981 525 1072 596 qui
1135 525 1461 595 cteteroquin
1521 525 1704 580 omnia
1774 525 1926 578 novit
1973 523 2020 554 ⁷³
2073 538 2086 573 :

2198 525 2228 594 ἡ
2265 523 2570 594 σύμμικτος
2605 523 2804 591 γνῶσι-ς
2833 527 3280 598 καρποφορεῖται,
3323 525 3433 578 τῶν
3461 526 3778 598 ἀπηγορευ-

533 637 552 670 ι
591 617 878 688 Nunquam
933 617 1056 670 novi
1092 632 1187 670 vos
1245 617 1314 670 ".
1355 636 1374 668 ι
1437 617 1664 685 Lignum
1703 631 1832 685 ergo
1875 615 1943 668 de
1989 627 2097 682 quo

527 711 855 780 cognitionis
879 707 1202 778 promiscua:
1233 710 1445 764 fructus
1473 709 1707 777 capitur,
1739 717 1824 760 est
1847 707 1900 760 in
1921 720 2098 760 rerum

527 803 814 855 vetitarum
837 815 1083 854 numero.
1113 799 1319 878 Dicitur
1347 808 1526 854 autem
1567 798 1775 852 fructus
1813 797 1902 852 ille
1938 811 2096 866 quem

529 905 753 960 serpens
827 891 1103 961 Pmdicai.
1177 906 1242 947 ex
1303 892 1466 946 rebus
1513 890 1932 946 adversantibus
1995 887 2100 942 sibi

527 989 782 1036 constare
818 1001 830 1036 :
886 983 1134 1038 fortassis
1185 997 1303 1036 eam
1335 983 1404 1038 ob
1439 997 1682 1044 causam,
1706 979 1850 1050 quod
1896 980 2096 1033 malum

527 1072 688 1142 plane
707 1072 936 1134 nudum,
963 1079 1024 1126 ut
1048 1081 1130 1126 est
1153 1079 1348 1126 natura
1372 1086 1493 1133 sua,
1514 1087 1794 1140 nunquam
1823 1069 1980 1124 nobis
2001 1084 2098 1140 ap-

527 1172 735 1232 pareat.
769 1163 1022 1217 Profecto
1049 1164 1190 1217 cnim
1231 1163 1286 1216 in
1323 1163 1540 1216 homine
1563 1161 1928 1231 permovendo
1949 1161 2098 1216 nulla

529 1257 784 1312 vitiorum
823 1255 1114 1312 elﬁcacitas
1145 1256 1298 1320 foret,
1345 1255 1388 1311 si
1419 1270 1529 1308 non
1577 1255 1795 1324 quidam
1845 1255 1924 1308 eis
1971 1252 2096 1306 boni

529 1350 682 1405 color
729 1347 966 1412 additus,
1023 1348 1228 1404 homini
1281 1347 1583 1416 cupiditate
1623 1349 1707 1400 sui
1753 1347 1806 1400 in
1852 1345 2096 1400 fraudem

529 1443 710 1496 illecto
773 1439 958 1496 fucum
1035 1441 1256 1494 faceret.
1333 1437 1490 1492 Nunc
1541 1453 1670 1494 vero
1719 1439 1919 1492 malum
1975 1453 2098 1492 esse

433 1523 442 1526 ’
529 1534 756 1588 mixtum
785 1533 1051 1598 videmus,
1085 1533 1242 1601 cujus
1276 1532 1330 1586 in
1381 1531 1548 1586 fundo
1586 1531 1855 1600 pernicies
1883 1537 1968 1584 est
2001 1543 2096 1582 ve-

528 1627 626 1682 luti
679 1627 924 1696 quaedam
978 1625 1126 1682 fraus
1189 1627 1380 1690 latens,
1436 1640 1602 1695 quum
1651 1623 1890 1678 exterior
1939 1622 2097 1676 dolus

528 1719 818 1788 imaginem
845 1719 972 1772 boni
999 1725 1230 1772 ostentet
1257 1734 1268 1769 :
1298 1717 1476 1771 avaris
1497 1715 1815 1786 praeclarum
1839 1714 2096 1784 quiddam

528 1827 650 1866 esse
675 1811 886 1865 videtur
912 1811 1118 1878 argenti
1167 1809 1444 1878 splendor,
1469 1824 1636 1878 quum
1670 1808 1789 1876 ejus
1832 1806 2097 1876 cupiditas

529 1904 797 1956 malorum
831 1903 1074 1956 omnium
1129 1902 1282 1978 radix
1316 1901 1533 1956 existat.
1571 1899 1704 1966 Quis
1735 1900 2010 1953 hominum
2041 1898 2094 1952 in

531 1991 734 2048 foedam
787 1993 1217 2062 intemperantiae
1260 1991 1496 2046 illuviem
1549 1991 1942 2060 prolaberetur,
1987 1989 2096 2044 nisi

527 2100 652 2139 eum
689 2085 742 2138 in
775 2084 1024 2138 morbum
1067 2085 1171 2138 hoc
1219 2085 1436 2138 nomine
1462 2084 1610 2138 velut
1657 2084 1931 2138 inescatus
1973 2099 2096 2152 per-

527 2177 858 2239 traheretur,
919 2175 1060 2242 quod
1112 2177 1443 2245 voluptatem
1493 2191 1615 2230 esse
1654 2191 1764 2228 rem
1821 2175 2098 2230 bonantet

525 2269 819 2338 Optabilem
876 2269 1189 2321 existimat?
1239 2268 1440 2320 Eodem
1487 2267 1648 2322 modo
1691 2266 1820 2320 vitia
1878 2274 2126 2338 caetera,_

525 2375 651 2414 cum
697 2368 905 2415 certum
947 2361 1168 2415 exitium
1197 2360 1490 2419 occultent.
1533 2359 1706 2428 prima
1754 2368 1932 2412 tamen
1980 2358 2098 2414 vice

524 2453 780 2508 videntur
812 2452 1132 2522 expetenda.
1161 2467 1328 2522 seque
1358 2452 1412 2505 in
1449 2453 1662 2506 animos
1690 2451 2094 2520 itnprudentum

527 2562 628 2616 pro
659 2546 801 2599 bono
837 2545 1142 2599 insinuant.
1171 2543 1304 2597 Cum
1339 2543 1506 2612 igitur
1535 2542 1788 2612 pleraque
1819 2543 2097 2596 hominum

529 2653 656 2708 pars
686 2637 737 2691 id
788 2639 986 2692 bonum
1023 2653 1144 2690 esse
1181 2635 1405 2704 judicet,
1431 2635 1574 2704 quod
1620 2649 1815 2692 sensus
1844 2634 2096 2690 delectat:

527 2747 762 2800 cumque
793 2731 925 2785 adeo
957 2730 1264 2784 communis
1313 2727 1600 2798 appellatio
1629 2728 1753 2782 boni
1785 2729 1874 2788 sit.
1901 2741 2024 2780 cum
2050 2705 2186 2798 ei}:

2183 2816 2502 2886 ,ἀνάκρασιν
2542 2814 2947 2886 ἑρμηνευούσης
2992 2814 3091 2884 τῆς
3119 2812 3388 2882 γνώσεως.
3408 2811 3543 2866 Οὔτε
3572 2814 3778 2866 ἀπολύ-

529 2823 672 2893 quod
695 2839 818 2877 vere
843 2823 1041 2876 bonum
1072 2831 1173 2886 est,
1229 2829 1341 2874 tum
1368 2821 1522 2873 alteri
1559 2820 1704 2890 quod
1745 2819 1944 2874 bonum
1979 2835 2101 2874 esse

526 2917 743 2972 videtur
775 2933 788 2969 :
841 2915 1046 2968 idcirco
1093 2914 1270 2968 Sacrae
1301 2912 1519 2967 Litterae
1547 2913 1931 2982 appetitionem
1972 2913 2100 2966 mali

527 3009 750 3064 latentis
784 3007 886 3063 sub
923 3007 1046 3060 boni
1083 3006 1282 3074 specie,
1305 3004 1669 3072 cognitionem
1719 3005 1844 3058 boni
1872 3009 1926 3058 et
1975 3003 2102 3056 mali

529 3100 830 3158 norninant,
885 3113 980 3167 per
1014 3111 1176 3166 quam
1217 3095 1706 3166 aﬂ‘ectio-qumdam
1739 3105 1792 3150 et
1840 3106 2104 3166 tempera—

2203 617 2378 686 μένων
2401 616 2534 669 ἐστί.
2569 617 2842 686 Μέμικται
2867 616 2924 668 δὲ.
2958 617 3045 670 διά
3075 617 3181 670 τῶν
3211 618 3466 671 ἐναντίων
3501 619 3529 670 ό
3563 619 3778 690 καρπὸς

2199 707 2422 769 ἐκεῖνος,
2445 709 2474 760 ὁ
2497 708 2790 777 συνήγορον
2816 707 2952 777 ἔχων
2973 708 3163 762 ἐαυτοῦ
3191 709 3282 762 τὸν
3299 710 3440 778 ὅφιν,
3465 711 3609 781 τάχα
3633 693 3778 764 κατά

2197 801 2288 852 τὸν
2315 798 2470 868 λόγον
2493 798 2698 863 τοῦτον,
2722 800 2802 852 ὅτι
2849 801 2909 852 ού
2947 800 3151 870 γυμνὸν
3194 801 3477 872 πρόκειται
3511 801 3572 854 τὸ
3605 802 3780 854 κακδν

2197 890 2332 944 αὐτὸ
2377 892 2462 960 ἐφ’
2521 889 2713 944 ἑαυτοῦ
2743 891 2882 946 κατὰ
2917 891 3008 961 τὴν
3049 891 3182 944 ἰδίαν
3219 889 3380 960 φύσιν
3429 893 3776 962 φαινόμενον.

2198 977 2274 1034 Ἦ
2305 983 2412 1054 γὰρ
2446 983 2510 1038 ἂν
2540 984 2817 1054 ἄπρακτος
2844 980 2912 1054 ἦν
2943 985 2974 1053 ἡ
2999 983 3182 1046 κακία,
3210 985 3398 1053 μηδενὶ
3423 1000 3780 1055 προσκεχρω-

2201 1076 2372 1145 σμένη
2408 1075 2556 1145 καλῷ
2604 1075 2682 1144 τῷ
2711 1075 2844 1146 πρὸς
2889 1074 3181 1144 ἐπιθυμίαν
3213 1073 3382 1142 αὐτῆς
3430 1073 3774 1143 ἐφελκομένη.

2198 1166 2288 1219 τὸν
2316 1167 2690 1237 ἀπατώμενον.
2727 1166 2860 1218 Νυνὶ
2885 1166 2941 1218 δὲ
2973 1165 3276 1236 σύμμικτός
3301 1165 3415 1228 πώς
3437 1167 3582 1218 ἐστιν
3613 1167 3646 1236 ή
3679 1165 3778 1217 τοῦ

2199 1258 2374 1312 κακοῦ
2399 1259 2579 1328 φύσις,
2613 1261 2670 1310 ἐν
2705 1261 2800 1328 μὲν
2823 1259 2900 1329 τῷ
2933 1259 3086 1329 βάθει
3129 1259 3217 1311 τὸν
3252 1257 3492 1328 ὄλεθρον,
3522 1255 3634 1312 οἷόν
3653 1275 3780 1312 τινα

2123 1327 2347 1404 (ξύλον
2379 1327 2824 1420 ἐγκεκρυμμένον
2871 1327 3089 1420 ἔχουσα,
3125 1353 3182 1402 ἐν
3213 1349 3268 1402 δὲ
3293 1353 3359 1420 τῇ
3382 1327 3538 1402 κατὰ
3569 1350 3630 1402 τὸ
3659 1367 3782 1417 φαι-

2198 1443 2418 1512 νόμενον
2433 1443 2612 1514 ἀπάτῃ
2637 1442 2802 1496 καλοῦ
2817 1459 2939 1496 τινα
2953 1442 3252 1510 φαντασίαν
3280 1443 3677 1514 παραδεικνύου
3687 1460 3774 1495 σα.

2199 1533 2377 1586 Καλὸν
2409 1533 2557 1586 δοκεῖ
2595 1536 2709 1596 τοῖς
2743 1531 3096 1604 φιλαργύροις
3125 1535 3158 1604 ἡ
3199 1537 3298 1604 τῆς
3341 1531 3472 1603 ὕλης
3514 1531 3738 1604 εὖχροια
3761 1551 3776 1564 ·

2199 1625 2333 1680 ἀλλὰ
2365 1624 2490 1696 ῥίζα
2513 1625 2732 1679 πάντων
2767 1625 2876 1680 τῶν
2901 1626 3086 1678 κακῶν
3107 1627 3141 1696 ἡ
3173 1625 3508 1697 φιλαργυρία
3543 1627 3776 1694 γίνεται.

2197 1715 2296 1800 Ξίς
2339 1715 2379 1768 δ’
2435 1714 2501 1769 ἂν
2550 1716 2642 1769 ἐπὶ
2681 1715 2772 1768 τὸν
2815 1715 3022 1786 δυσώδη
3067 1717 3323 1788 βόρϐορον
3351 1717 3447 1788 τῆς
3483 1717 3780 1778 ἀκολασίας

2130 1805 2551 1911 ιξίκαοτώλισθεν,
2599 1809 2648 1860 εί
2695 1807 2770 1876 μὴ
2818 1807 2916 1879 τὴν
2943 1808 3134 1879 ἡδονὴν
3173 1808 3337 1861 καλόν
3364 1827 3414 1861 τι
3440 1810 3534 1862 καὶ
3557 1808 3780 1879 αίρετὲν

2198 1899 2334 1970 ᾤετο
2377 1901 2405 1952 ό
2435 1899 2513 1968 τῷ
2567 1899 2778 1953 δελέατι
2813 1899 2986 1969 τούτῳ
3031 1899 3167 1969 πρὸς
3197 1900 3256 1951 τὸ
3281 1899 3450 1964 πάθος
3479 1903 3782 1972 καταετυρό⁴

2199 2009 2390 2061 μενος;
2425 1991 2581 2044 Οὕτω
2599 1991 2692 2044 καὶ
2729 1989 2798 2044 τὰ
2833 1990 2994 2043 λοιπὰ
3022 1991 3128 2044 τῶν
3163 1991 3582 2062 ἁμαρτημάτων
3613 1993 3780 2060 ἐγκε-

2195 2085 2517 2155 κρυμμένην
2561 2084 2754 2154 ἔχοντα
2797 2085 2896 2153 τὴν
2923 2083 3239 2154 διαφθορὰν,
3283 2084 3475 2154 αἱρετὰ
3499 2082 3651 2154 παρὰ
3677 2085 3780 2154 τὴν

2197 2175 2418 2247 πρώτην
2461 2175 2626 2238 δοκεῖ,
2655 2176 2744 2228 διά
2781 2193 2924 2238 τινος
2955 2175 3170 2245 ἀπάτης
3217 2177 3328 2238 τοῖς
3357 2176 3780 2237 ἀνεπισκέπτως

2173 2265 2311 2318 ¹ἀντ’
2331 2263 2536 2334 ἀγαθοῦ
2581 2264 3006 2335 σπουδαζόμενα.
3052 2265 3268 2336 Ἐπειδὴ
3302 2265 3478 2319 τοίνυν
3509 2268 3557 2318 οί
3591 2265 3780 2318 πολλοὶ

2197 2358 2259 2416 τὸ
2297 2358 2461 2412 καλὸν
2513 2360 2571 2411 ἐν
2605 2357 2684 2428 τῷ
2711 2359 2812 2421 τὰς
2839 2357 3118 2428 αἰσθήσεις
3143 2359 3482 2430 εύφραίνοντι
3506 2359 3779 2430 κρίνουσι,

2200 2449 2290 2502 καί
2311 2449 2394 2512 τίς
2423 2451 2567 2502 ἐστιν
2585 2451 2871 2519 ὁμωνυμία
2896 2449 2989 2503 τοῦ
3011 2467 3068 2502 τε
3097 2451 3250 2512 ὄντος
3279 2449 3473 2502 καὶτοῦ
3495 2450 3780 2513 δοκοῦντος

2200 2538 2338 2596 εἶναι
2377 2543 2542 2598 καλοῦ
2565 2561 2578 2575 ·
2615 2543 2804 2596 τούτου
2831 2543 2994 2614 χάριν
3023 2546 3057 2610 ἡ
3077 2543 3224 2614 ,πρὸς
3257 2542 3318 2594 τὸ
3348 2541 3513 2594 κακὸν
3538 2541 3612 2604 ὼς
3637 2542 3780 2614 πρὸς

2200 2635 2260 2688 τὸ
2285 2635 2486 2702 ἀγαθὸν
2514 2636 2770 2706 γινομένη
2803 2634 3084 2704 ἐπιθυμία,
3121 2634 3288 2686 καλοῦ
3311 2635 3405 2686 καὶ
3426 2634 3596 2688 κακοῦ
3628 2635 3778 2702 γνῶ-

2203 2741 2287 2787 σις
2313 2723 2418 2777 ὑπὸ
2444 2725 2542 2794 τῆς
2565 2725 2602 2776 Γ
2609 2723 2784 2794 ραφῆς
2813 2721 3128 2794 ὠνομάσθη,
3163 2721 3496 2776 συνδιάθεσίν
3528 2709 3660 2777 τίνα’
3677 2722 3781 2775 καὶ

2201 2927 2310 2972 τως
2329 2910 2513 2972 κακὸν,
2529 2908 2661 2960 διότι
2679 2906 3054 2978 περιήνθισται
3069 2905 3146 2976 τῷ
3173 2905 3342 2976 καλῷ,
3371 2905 3492 2959 οὔτε
3519 2906 3780 2978 καθαρῶς

2199 3004 2423 3074 ἀγαθὸν,
2463 3005 2596 3056 διότι
2629 2975 3039 3072 ὑποκέκρυπται
3067 2975 3127 3053 τδ
3159 2975 3364 3053 κακόν·
3391 3000 3526 3053 ἀλλὰ
3547 2975 3780 3070 Ῐσύμμι-

2203 3115 2330 3151 κτον
2358 3097 2425 3150 δι’
2446 3095 2717 3166 ἑκατέρων
2735 3094 2831 3146 τοῦ
2855 3093 3304 3163 ἀπηγορευμένον
3329 3091 3482 3156 ξύλου
3503 3093 3596 3146 τδν
3633 3110 3776 3162 καρ-
3805 3149 3810 3154 ,

529 3199 770 3244 mentum
818 3189 1156 3259 intelligitur.
1185 3186 1302 3244 Non
1327 3187 1472 3242 enim
1508 3188 1743 3241 fructum
1773 3188 1915 3257 'ligni
1951 3188 2099 3242 vetiti

2199 3187 2308 3240 ’πον
2331 3179 2468 3239 εἷναί
2499 3201 2684 3254 φησιν,
2725 3176 2788 3236 οὗ
2843 3182 2942 3253 τὴν
2993 3181 3182 3249 γεῦσιν
3231 3185 3311 3245 εἰς
3357 3181 3580 3236 θάνατον
3619 3183 3776 3250 ἄγειν

528 3282 776 3336 absolute
831 3283 1028 3334 malum
1087 3280 1305 3350 aliquod
1363 3297 1486 3336 esse
1525 3281 1767 3344 tradunt,
1803 3297 1926 3334 cum
1979 3281 2106 3335 boni

529 3371 686 3440 quasi
716 3369 938 3424 floribus
968 3371 1292 3440 quibusdam
1317 3381 1613 3426 exornatus
1637 3371 1706 3426 sit
1735 3386 1944 3440 :neque
1972 3387 2106 3425 con-

529 3471 614 3516 tra
635 3477 769 3531 pure
797 3463 1020 3518 bonum.
1045 3476 1167 3515 cum
1203 3462 1308 3516 sub
1325 3478 1391 3516 eo
1423 3463 1622 3515 unitum
1656 3463 1823 3517 lateat
1853 3481 1866 3516 :
1899 3463 1991 3516 sed
2039 3479 2104 3516 ex

532 3561 764 3621 utroque
799 3552 1042 3614 mistum,
1083 3567 1191 3621 quo
1221 3555 1312 3623 qui
1357 3563 1598 3618 utantur,
1641 3555 2005 3608 certissimum
2037 3555 2104 3608 ad

531 3646 808 3698 Interitum
847 3653 1027 3698 ruant.
1071 3643 1256 3712 Itaque
1277 3655 1484 3699 tantum
1509 3661 1616 3699 non
1644 3654 1829 3712 aperte
1846 3646 2101 3708 clamant,

532 3750 716 3789 verum
755 3736 954 3790 bonum
1005 3737 1231 3806 simplex
1257 3745 1310 3791 et
1349 3738 1662 3792 uniusmodi
1706 3737 1963 3807 quiddam
2009 3753 2108 3791 na-

532 3837 648 3880 tura
680 3841 778 3880 sua
811 3827 1094 3890 exsistere,
1154 3829 1388 3883 alienum
1440 3830 1508 3882 ab
1547 3843 1692 3882 omm
1754 3829 2096 3897 duplicitate,

531 3919 1044 3988 adversantiumque
1091 3921 1193 3974 sibi
1249 3935 1428 3974 rerum
1467 3919 1871 3987 conjunctione.
1907 3919 2103 3972 Malum

527 4013 720 4062 contra
760 4005 968 4058 varium
1000 4019 1144 4070 esse,
1172 4019 1236 4058 ac
1263 4005 1497 4074 quodam
1545 4006 1708 4058 modo
1747 4006 1903 4074 quasi
1939 4007 2103 4060 vesti-

531 4107 643 4151 tum
681 4115 696 4148 :
723 4095 977 4164 quodque
999 4095 1144 4148 aliud
1177 4095 1435 4164 quiddam
1469 4097 1623 4150 initio
1641 4097 1909 4160 videatur,
1941 4111 2104 4166 quam

529 4205 651 4244 esse
680 4189 874 4242 deinde
912 4203 1008 4258 per
1051 4189 1440 4255 experientiam
1495 4183 1934 4258 deprehenditur.
1969 4187 2102 4242 Nam

529 4283 576 4336 si
619 4281 686 4336 ad
733 4279 853 4348 ejus
911 4281 1276 4348 cognitionem
1319 4282 1720 4349 perveniamus,
1769 4283 1872 4336 hoc
1918 4293 2022 4341 est,
2059 4281 2103 4336 si

529 4373 699 4428 semel
731 4372 872 4426 facto
905 4373 1146 4442 periculo
1184 4373 1382 4424 malum
1412 4373 1824 4441 amplectamur,
1873 4382 1988 4426 tum
2019 4373 2104 4426 ni-

533 4465 730 4519 mirum
761 4479 882 4518 esse
905 4464 1035 4518 illud
1071 4465 1122 4516 in
1147 4464 1304 4518 nobis
1327 4479 1546 4518 causam
1571 4466 1892 4534 initiumque
1915 4467 2105 4540 mortis

2208 3278 2328 3334 εἷπε
2357 3281 2484 3342 τοὺς
2532 3276 2861 3348 ἁψαμένους.
2905 3276 3183 3344 μονονουχὶ
3229 3274 3472 3345 φανερῶς
3502 3275 3563 3328 τὸ
3597 3277 3778 3346 δόγμα

2207 3372 2365 3443 βοῶν,
2395 3373 2477 3424 ὅτι
2500 3370 2562 3423 τὸ
2590 3370 2757 3432 ὅντως
2779 3367 2980 3436 ἀγαθὸν
3011 3367 3213 3420 ἁπλοῦν
3237 3369 3329 3420 καὶ
3361 3369 3627 3438 μονοειδές
3655 3371 3776 3421 ἐστι

2205 3464 2270 3532 τῇ
2298 3464 2476 3528 φύσει,
2524 3459 2702 3529 πάσης
2749 3457 2970 3528 διπλόης
3018 3456 3110 3509 καὶ
3149 3456 3248 3528 τῆς
3289 3457 3423 3525 πρὸς
3441 3457 3504 3510 τὸ
3533 3458 3778 3512 ἐναντίον

2207 3553 2466 3621 συζυγίας
2519 3552 2815 3622 ἀλλότριον.
2857 3551 2930 3604 Τὸ
2969 3553 3027 3606 δὲ
3068 3551 3237 3606 κακὸν
3269 3550 3508 3603 ποικίλον
3563 3567 3624 3603 τε
3679 3553 3777 3605 καὶ

2147 3646 2784 3716 ,ι’-κατεσχηματισμένον
2843 3645 3010 3708 ἐστὶν,
3053 3647 3178 3701 ἄλλο
3207 3665 3259 3699 τι
3281 3642 3650 3715 νομιζόμενον,
3683 3645 3778 3698 καὶ

2205 3741 2392 3810 ἕτερον
2416 3737 2500 3791 διά
2525 3738 2624 3807 τῆς
2648 3738 2840 3807 πείρας
2865 3737 3307 3808 ἀνακρινόμενον,
3339 3739 3398 3790 οὐ
3427 3737 3524 3808 τὴν
3552 3737 3776 3806 γνῶσιν,

2205 3831 2472 3896 τουτέστι,
2503 3831 2599 3900 τὴν
2619 3830 2705 3882 διὰ
2737 3831 2834 3900 τῆς
2865 3829 3058 3901 πείρας
3101 3830 3385 3899 ἀνάληψιν,
3412 3828 3641 3882 θανάτου
3681 3829 3778 3880 καὶ

2204 3921 2494 3992 διαφθορᾶς
2523 3923 2695 3994 ἀρχήν
2721 3939 2782 3973 τε
2807 3922 2898 3974 καὶ
2931 3921 3186 3974 ὑπόθεσιν
3213 3919 3474 3988 γίνεσθαι.
3504 3919 3600 3972 Διὰ
3620 3917 3778 3971 τοῦτο

2206 4015 2579 4085 προδείκνυσιν
2614 4016 2642 4066 6
2666 4013 2786 4081 ὄφις
2821 4013 2911 4066 τὸν
2961 4011 3194 4081 πονηρὸν
3220 4012 3318 4081 τῆς
3351 4011 3616 4082 ἁμαρτίας
3640 4027 3778 4079 καρ-

2206 4107 2326 4168 πὸν,
2357 4107 2455 4175 οὐχ
2482 4106 2556 4170 ὡς
2585 4100 2698 4174 εἶχε
2734 4105 2946 4174 φύσεως
2979 4105 3039 4157 τὸ
3069 4104 3234 4162 κακὸν
3259 4105 3323 4157 ὲκ
3349 4103 3443 4156 τοῦ
3467 4103 3780 4173 προφανοῦς

2205 4196 2474 4262 ἐπιδείξας
2493 4213 2505 4225 ⁸
2538 4198 2600 4250 οὐ
2646 4196 2753 4267 γὰρ
2793 4187 2858 4248 ἂν
2884 4197 3136 4266 ἠπατήθη
3163 4198 3192 4248 6
3219 4195 3500 4264 ἄνθρωπος
3526 4191 3602 4264 τῷ
3639 4210 3780 4264 προ-

2203 4290 2347 4359 δήλῳ
2391 4289 2582 4358 κακῷ·
2643 4287 2778 4340 ἀλλὰ
2838 4287 2926 4341 διά
2977 4304 3118 4350 τινος
3167 4285 3314 4358 ὧρας
3355 4285 3414 4340 τὸ
3455 4286 3782 4356 φαινόμενον

2205 4381 2490 4448 ἀγλαΐσας,
2521 4379 2763 4432 καίετινα
2796 4378 2938 4432 κατὰ
2971 4379 3070 4449 τὴν
3098 4377 3346 4448 αἴσθησιν
3368 4378 3556 4448 ἡδονὴν
3583 4380 3782 4446 £7707;-

2205 4471 2399 4532 τεύσας
2417 4471 2482 4539 τῇ
2517 4467 2722 4535 γεύσει,
2761 4469 2983 4532 πιθανὸς
3019 4468 3190 4538 ἐφάνη
3237 4455 3564 4538 τῇγυναικὶ,
3593 4468 3780 4534 καθώς

531 4564 585 4608 et
615 4554 884 4608 interitus.
935 4553 1142 4607 Idcirco
1193 4569 1417 4622 serpens
1457 4554 1709 4606 vitiosqu
1743 4555 1946 4622 peccati
1989 4553 2101 4608 fru-

2211 4577 2374 4630 φησιν
2439 4561 2470 4628 ὴ
2528 4560 2716 4630 Γραφή
2739 4576 2750 4588 ’
2786 4561 2925 4615 «Καὶ
2943 4558 3181 4637 εἶδε-γὰρ
3214 4563 3248 4630 ἡ
3280 4560 3434 4632 γυνὴ,
3469 4561 3652 4632 φησὶν,
3695 4564 3782 4615 ὅτι

531 4651 677 4698 ctum
699 4644 902 4699 homini
923 4642 1277 4707 demonstrat,
1313 4658 1418 4696 non
1451 4643 1600 4696 illum
1642 4645 1857 4712 quidem
1893 4652 2097 4714 aperte,

531 4737 710 4805 qualis
741 4751 768 4788 a
805 4745 997 4788 natura
1029 4747 1145 4790 erat
1166 4739 1294 4802 (non
1321 4737 1464 4790 enim
1497 4751 1590 4804 per
1613 4737 1956 4792 manifestum
1987 4753 2102 4791 ma-

533 4829 643 4882 lum
680 4829 787 4880 falli
829 4829 992 4881 homo
1040 4831 1350 4896 potuisset),
1412 4829 1506 4882 sed
1537 4841 1758 4882 externa
1799 4832 2102 4885 venustatis

535 4936 655 4972 eum
677 4921 853 4987 specie
881 4928 1110 4973 exornat
1135 4937 1148 4970 :
1187 4921 1428 4988 adeoque
1455 4921 1634 4989 gustui
1657 4921 1776 4986 ejus
1809 4921 2101 4990 voluptatis

536 5008 760 5076 aliquid,
825 5007 966 5077 quod
1009 5025 1172 5064 sensu
1223 5013 1612 5079 perciperetur.
1675 5027 1770 5081 per
1833 5013 2096 5080 quasdam

534 5101 690 5168 quasi
731 5099 1032 5170 prmstigias
1087 5099 1245 5164 indit,
1291 5111 1346 5154 ut
1385 5105 1456 5156 ita
1491 5104 1704 5158 mulieri
1754 5106 1896 5172 quod
1944 5105 2100 5158 vellet

534 5191 907 5260 persuaderet.
961 5191 1052 5246 Sic
1091 5193 1234 5246 enim
1285 5191 1500 5248 Litterae
1539 5210 1706 5247 sacrm
1744 5197 2040 5264 loquuntur
2083 5213 2096 5248 :

540 5300 560 5333 ι
597 5281 745 5336 Vidit
785 5293 964 5338 autem
1001 5285 1194 5336 mulier
1223 5285 1425 5354 lignum
1467 5287 1598 5340 illud
1629 5286 1829 5340 bonum
1880 5305 2000 5342 esse
2035 5289 2099 5342 ad

533 5379 900 5443 vescendum,
940 5387 992 5432 et
1037 5379 1212 5432 oculis
1259 5387 1493 5448 gratum,
1541 5379 1875 5448 miriﬁceque
1904 5383 2100 5448 jucun-

535 5473 664 5526 dum
698 5479 920 5540 aspectu
952 5471 1020 5524 ⁷⁵.
1065 5489 1083 5522 ι
1137 5471 1321 5540 Itaque
1371 5471 1606 5525 fructum
1669 5473 1786 5540 ejus
1818 5482 2099 5542 acceptum
2149 5525 2152 5528 .

535 5563 790 5616 comedit.
842 5561 1009 5616 (libus
1031 5569 1210 5616 autem
1251 5563 1340 5616 ille
1370 5572 1596 5616 murtem
1638 5563 1839 5616 homini
1873 5565 2099 5633 peperit.

538 5653 712 5722 Atque
745 5653 832 5708 hic
861 5653 959 5707 fuit
1008 5655 1075 5715 is.
1105 5655 1170 5709 de
1231 5669 1338 5724 quo
1366 5653 1708 5716 disserimus.
1761 5657 2102 5724 promiscuus

609 5829 656 5860 "
691 5827 858 5885 Exod.
885 5849 1048 5897 xxxv,
1081 5833 1161 5887 19..
1237 5833 1282 5864 "
1323 5833 1514 5888 Matth.
1547 5849 1644 5902 vn,
1673 5835 1761 5888 25.

2205 4651 2370 4704 καλὸν
2395 4650 2455 4703 τὸ
2477 4649 2628 4714 ξύλον
2649 4652 2726 4712 εἰς
2748 4649 2964 4720 βρῶσιν.
2987 4654 3075 4706 καὶ
3101 4651 3182 4703 ὅτι
3204 4651 3429 4723 ἀρεστὸν
3447 4655 3555 4715 τοῖς
3577 4654 3785 4720 ὀφθαλ-

2208 4746 2326 4813 μοῖς
2357 4742 2504 4802 ίδείν,
2533 4743 2623 4796 καὶ
2652 4742 2852 4812 ὡραῖόν
2878 4744 2992 4794 ἐστι
3025 4741 3116 4794 τοῦ
3145 4745 3480 4813 κατανοῆσαι
3503 4762 3514 4774 ·
3536 4747 3656 4800 »καὶ
3683 4745 3783 4797 λα-

2205 4835 2374 4888 ϐοῦσα
2407 4835 2500 4888 τοῦ
2520 4817 2732 4905 καρποῦ
2759 4835 2923 4886 αὐτοῦ
2947 4833 3164 4902 ἔφαγεν.
3197 4835 3261 4886 'H
3291 4835 3346 4888 δὲ
3377 4835 3575 4905 βρῶσις
3591 4837 3780 4908 ἐκείνη

2206 4925 2436 4980 θανάτου
2477 4929 2656 4997 μήτηρ
2683 4928 2793 4988 τοῖς
2826 4925 3130 4995 ἀνθρώποις
3157 4925 3396 4994 γέγονεν.
3419 4925 3566 4987 Δῦτη
3595 4928 3783 4982 τοίνυν

2153 5041 2160 5048 ·
2206 5020 2239 5088 ἠ
2275 5018 2579 5088 σύμμικτός
2607 5020 2722 5071 ἐστι
2757 5017 3122 5088 καρποφορία,
3159 5016 3342 5084 σαφῶς
3365 5015 3458 5070 τοῦ
3495 5017 3652 5084 λόγου
3687 5019 3783 5072 τὸν

2206 5111 2330 5166 νοῦν
2351 5109 2767 5182 ὲρμηνεύοντος,
2795 5110 2915 5162 καθ’
2950 5109 3008 5161 ὃν
3040 5107 3202 5161 καλοῦ
3232 5125 3288 5162 τε
3321 5111 3413 5161 καὶ
3441 5109 3608 5162 κακοῦ
3635 5127 3783 5175 γνω-

2207 5203 2330 5256 στὸν
2357 5201 2645 5272 ὠνομάσθη
2678 5203 2738 5254 τὸ
2765 5201 2919 5265 ξύλον
2946 5201 3139 5264 ἐκεῖνο,
3171 5201 3252 5253 ὅτι
3283 5201 3423 5254 κατὰ
3449 5199 3545 5270 τὴν
3567 5200 3672 5252 τῶν
3694 5201 3785 5272 δη.

2205 5293 2476 5364 λητηρίων
2501 5295 2693 5345 κακίαν
2715 5291 2820 5344 τῶν
2842 5291 3296 5362 παραρτυθέντων
3321 5289 3398 5362 τῷ
3415 5292 3608 5360 μέλιτι,
3644 5293 3783 5345 καθὸ

2212 5383 2309 5453 μὲν
2353 5381 2774 5449 καταγλυκαίνει
2822 5383 2921 5452 τὴν
2947 5381 3222 5450 αἴσθησιν,
3247 5381 3408 5434 καλὸν
3443 5379 3574 5433 εἶναι
3609 5381 3780 5444 δοκεῖ,

2208 5473 2343 5528 καθὸ
2369 5473 2426 5525 δὲ
2451 5472 2658 5543 φθείρει
2717 5473 2807 5524 τὸν
2855 5475 3317 5544 προσαπτόμενον,
3357 5473 3524 5526 κακοῦ
3579 5475 3786 5539 παντές

2209 5567 2434 5638 ἔσχατον
2467 5567 2696 5638 γίνεται.
2733 5565 2886 5619 Ἐπεὶ
2937 5563 3029 5620 οὖν
3073 5568 3340 5637 ἐνήργησε
3376 5565 3514 5620 κατὰ
3543 5567 3640 5636 τῆς
3683 5566 3778 5618 τοῦ

2209 5655 2491 5732 ἀνθρώπου
2525 5658 2666 5729 ζωῆς
2700 5659 2759 5713 τὸ
2797 5660 3028 5731 πονηρὸν
3069 5659 3389 5732 δηλητήριον
3413 5675 3426 5689 ·
3455 5659 3574 5711 τότε
3619 5657 3650 5710 ό
3685 5657 3780 5713 ἄν·

1837 5837 1884 5868 ⁷⁸
1922 5835 2058 5892 Gen.
2085 5852 2165 5902 ιιι,
2198 5835 2252 5892 6.
