3996 6470
247 399 342 454 9.01

1487 393 1575 449 DE
1614 391 1754 450 HOM
1763 391 1828 447 ΙΝ
1835 391 1896 449 IS
1933 392 2243 450 OPIFICIO.

3375 396 3484 452 202

239 514 480 589 θρωπος,
504 515 566 568 τὺ
585 515 726 588 μέγα
761 515 854 570 καὶ
881 516 1111 584 πρᾶγμα
1127 513 1220 566 καὶ
1250 511 1439 582 ὄνομα,
1459 513 1520 564 τὸ
1546 513 1646 582 τῆς
1662 512 1812 575 θείας

1915 512 2174 568 fructus:
2223 512 2626 568 declarantibus
2687 513 2969 583 perspicue
3015 511 3234 568 Litteris
3286 513 3481 577 sacris,

241 606 459 670 φύσεως
492 609 873 676 ἁπεικὸνισμα,
903 608 968 676 τῇ
1006 605 1342 676 ματαιότητι,
1376 604 1554 667 καθώς
1595 621 1757 675 φησιν
1783 606 1812 656 ὁ

242 683 557 761 Πρῡφήτης,
575 687 849 760 ὡμοιώθη.
923 696 1129 750 Οὐκοῦν
1155 698 1188 764 ἡ
1219 697 1314 766 μὲν
1356 695 1516 749 εἰκὼν
1566 697 1700 767 πρὸς
1751 695 1811 747 τὸ

242 788 490 856 κρεῖττον
535 787 639 840 τῶν
682 790 740 840 ὲν
771 789 902 858 ἡμῖν
955 789 1255 858 νοουμένων
1296 787 1596 857 ᾠκείωται·
1640 790 1707 842 τά
1731 789 1808 853 δὲ,

1917 622 2026 676 quo
2055 621 2219 661 sensu
2250 607 2455 675 lignum
2491 608 2590 661 hoc
2611 608 2854 663 scientia:
2887 606 3010 661 boui
3049 615 3102 662 et
3131 606 3256 660 mali
3294 609 3482 677 appel-

1918 697 2104 751 larint.
2144 697 2374 754 Perinde
2407 699 2676 762 videlicet,
2705 709 2867 768 atque
2896 713 3104 754 venena
3144 699 3300 754 melle
3353 715 3484 754 con-

1915 790 2049 851 dita,
2077 805 2183 859 qua
2204 791 2391 846 sensui
2414 791 2486 845 ob
2515 790 2905 846 dulcitudinem
2931 801 3082 861 grata
3111 803 3255 852 sunt,
3281 790 3482 846 bonum

238 882 342 934 ὅσα
380 881 506 950 περὶ
557 879 643 932 τὸν
677 880 789 950 βίον
816 881 1034 951 λυπηρά
1064 899 1123 933 τε
1153 883 1245 935 καὶ
1273 880 1451 944 ἄθλια,
1487 883 1673 954 πόρρω
1713 883 1810 953 τῆς

1915 881 2173 950 quiddam
2211 897 2334 936 esse
2363 901 2376 937 :
2409 899 2511 952 qua
2547 899 2675 938 vero
2708 892 2944 938 utentem
2983 884 3319 948 interimunt,
3366 896 3483 935 ma-

242 972 380 1040 πρὸς
410 972 470 1022 τὸ
499 967 644 1023 Θεῖόν
676 973 820 1024 ἐστιν
848 972 1176 1041 ὁμοιώσεως.

1918 974 2092 1026 lorum
2119 975 2361 1028 omnium
2387 983 2624 1029 extrema
2655 983 2967 1029 censentur.
3001 974 3112 1030 Hoc
3139 977 3304 1046 igitur
3331 991 3483 1031 vene.

241 1079 373 1117 num
435 1066 832 1135 quamprimum
879 1066 1110 1120 hominis
1159 1066 1323 1120 vitam
1379 1065 1636 1120 tentando
1689 1068 1857 1133 Imsit,
1919 1067 2238 1135 praeclarum
2302 1067 2435 1124 illud
2497 1068 2733 1124 hominis
2801 1067 3076 1138 opilicium
3143 1081 3206 1122 ac
3264 1083 3482 1134 nomen,

242 1157 487 1226 adeoque
529 1159 726 1214 divina:
766 1171 976 1216 natura:
1021 1161 1397 1224 simulacrum,
1440 1163 1718 1227 vanitatis,
1762 1161 2216 1232 quemadmodum
2260 1159 2419 1214 Vates
2460 1163 2788 1234 loquitur",
2843 1163 3252 1218 similitudinem
3287 1161 3483 1216 induit.

243 1251 428 1322 Itaque
454 1255 563 1324 jam
608 1256 784 1324 imago
808 1257 872 1310 ad
911 1266 1089 1325 partes
1123 1257 1177 1310 in
1222 1257 1379 1312 nobis
1420 1258 1824 1326 praastantiores
1855 1256 2136 1311 referenda
2166 1267 2266 1312 est.
2317 1257 2663 1328 Quaecunque
2707 1265 2886 1312 autem
2921 1257 3147 1311 molesta
3189 1257 3241 1310 in
3273 1257 3402 1321 vita,
3431 1261 3487 1309 et

241 1345 422 1399 tristia
460 1345 730 1409 accidunt,
770 1347 925 1416 longe
959 1347 1164 1400 scilicet
1190 1361 1220 1399 a
1266 1347 1621 1403 similitudine
1661 1356 1870 1441 natura:
1902 1348 2099 1403 divina:
2129 1350 2371 1418 separari
2406 1350 2621 1403 debent.

734 1458 1130 1512 ΚΕΦΑΛΑΙΟΝ
1187 1461 1294 1512 ΚΑ’
1306 1495 1323 1512 .

242 1572 374 1625 Ὀτι
424 1574 462 1640 ἡ
513 1571 848 1637 ἀνάστασις
881 1574 951 1624 οὐ
970 1573 1262 1626 τοσοῦτον
1284 1574 1350 1625 ἐκ
1381 1575 1486 1627 τοῦ
1521 1575 1812 1642 κηρύγμα-

315 1661 418 1722 τος
436 1642 540 1695 τοῦ
565 1642 887 1722 Γραφικοιξ,
927 1641 1172 1722 ὄρνυτ’-’ἐξ
1198 1642 1394 1722 adtriti
1411 1643 1520 1710 τῆς
1543 1641 1809 1713 ἀνάγκης
1873 1691 1890 1720 I.

309 1713 430 1766 τῶν
459 1711 812 1782 πραγμάτων
837 1714 1179 1779 ἀκολούθως
1215 1712 1525 1772 ἐλπίζεται.

322 1805 461 1858 Ἀλλ’
515 1804 611 1873 οὐχ
659 1803 830 1866 οὕτως
881 1804 1026 1856 ἐστὶν
1055 1803 1273 1873 ἰσχυρὸν
1311 1806 1343 1874 ἠ
1377 1805 1562 1869 κακία,
1603 1804 1677 1868 ὡς

237 1895 452 1964 ἀγαθῆς
504 1893 865 1964 ὑπερισχύσαι
897 1893 1175 1962 δυνάμεως
1199 1910 1214 1923 ⁸
1269 1894 1387 1946 οὐδὲ
1428 1896 1686 1966 κρείττων
1717 1898 1809 1951 καὶ

241 1986 588 2058 μονιμωτέρα
634 1987 731 2054 τῆς
786 1982 919 2036 Θεοῦ
971 1983 1161 2050 σοφίας
1202 1985 1362 2056 ήτῆς
1415 1987 1628 2052 φύσεως
1656 1988 1808 2058 ἡμῶν

237 2078 486 2131 ἀϐουλία.
513 2075 646 2129 Οὐδὲ
666 2073 774 2146 γάρ
802 2074 917 2126 ἐστι
945 2073 1167 2127 δυνατὸν
1191 2073 1250 2125 τὸ
1280 2074 1611 2144 τρεπόμενόν
1638 2093 1694 2128 τε
1718 2077 1810 2128 καὶ

237 2168 636 2238 ἀλλοιούμενον,
671 2164 763 2219 τοῦ
815 2165 900 2217 ἀεὶ
953 2164 1212 2227 ὡσαύτως
1257 2164 1490 2234 ἔχοντος,
1526 2167 1618 2218 καὶ
1645 2168 1702 2218 ὲν
1735 2167 1841 2237 τῷ,

224 2259 426 2331 ’ἀγαθῷ
450 2257 772 2328 πεπηγότος,
805 2255 1259 2327 ὲπικρατέστερόν
1285 2273 1343 2307 τε
1373 2257 1465 2309 καὶ
1496 2257 1816 2326 μονιμώτεςη

181 2367 186 2374 '
237 2371 333 2425 ρον
362 2349 499 2405 εἶναι
525 2368 538 2381 ο
566 2349 677 2403 ἀλλ’
718 2349 750 2418 ἡ
788 2349 886 2418 μὲν
914 2346 1030 2399 θεία
1059 2345 1220 2416 βουλὴ
1262 2347 1436 2417 πάντη
1469 2364 1528 2398 τε
1559 2347 1652 2398 καὶ
1681 2347 1812 2404 πάντ-

233 2463 346 2508 τως
371 2445 430 2497 τὸ
459 2431 790 2513 ἀμετάθετον
825 2440 957 2509 ἔχει.
985 2439 1044 2491 τὸ
1094 2438 1149 2490 δὲ
1196 2438 1428 2508 τρεπτὸν
1458 2439 1556 2507 τῆς
1599 2437 1818 2507 φύσεως-

231 2538 397 2609 ἡμῶν
445 2534 562 2588 οὐδὲ
619 2536 676 2586 ὲν
708 2531 786 2603 τῷ
838 2530 993 2601 κακῷ
1038 2531 1232 2597 πάγιον
1269 2530 1438 2601 μένει.
1475 2530 1547 2582 Τὸ
1586 2529 1694 2599 γάρ
1726 2528 1812 2580 ἀεὶ

234 2632 456 2692 πάντως
502 2625 840 2696 κινούμενον,
884 2625 931 2676 εἰ
977 2623 1073 2694 μὲν
1104 2623 1238 2694 πρὸς
1274 2622 1335 2674 τὸ
1369 2622 1532 2676 καλὸν
1570 2621 1681 2692 ἔχοι
1714 2621 1811 2691 τὴν

232 2718 483 2796 πρόοδον,
529 2722 615 2775 διὰ
639 2720 701 2772 τὸ
731 2719 974 2790 ἀόριστον
995 2716 1087 2769 τοῦ
1111 2715 1538 2786 διεξοδευομένου
1558 2713 1826 2783 πρᾶγμα-.-

230 2833 328 2878 τος
362 2814 614 2867 οὐδέποτε
653 2810 804 2881 λήξει
848 2811 948 2878 τῆς
990 2811 1082 2861 ἐπὶ
1113 2807 1182 2861 τά
1216 2807 1402 2878 πρόσω
1435 2807 1626 2876 φορᾶς.
1679 2805 1813 2858 υἱιδὲ

231 2906 344 2976 γὰρ
373 2905 592 2976 εὑρήσει
619 2901 947 2972 ζητουμένου
980 2901 1152 2971 πέρας
1185 2899 1355 2958 οὐδὲν,
1379 2891 1440 2950 οῦ
1477 2895 1820 2968 δραξάμενον·

233 2997 493 3066 στήσεταί
529 3011 657 3046 ποτε
683 2993 781 3062 τῆς
826 2993 1112 3062 κινήσεως.
1142 2991 1204 3043 Ei
1228 2990 1284 3043 δὲ
1318 2991 1453 3061 πρὸς
1483 2990 1542 3043 τὸ
1574 2991 1814 3044 ἐναντίον

229 3089 333 3160 τὴν
368 3087 538 3158 ῥοπὴν
598 3085 770 3156 σχοίη,
815 3085 1036 3137 ἐπειδάν
1077 3081 1302 3154 διανύσῃ
1343 3084 1442 3152 τῆς
1479 3083 1676 3146 κακίας
1723 3083 1815 3160 τὸν

2492 1461 2718 1517 CAPUT
2759 1461 2798 1514 Χ
2813 1461 2899 1516 XI.

1914 1573 2360 1629 Resurrectionem
2391 1591 2455 1630 ex
2500 1577 2721 1629 mortuis
2773 1593 2873 1629 non
2906 1585 3015 1628 tam
3052 1586 3260 1645 propter
3291 1578 3487 1644 prmdt-

1981 1647 2203 1698 clionem
2235 1645 2554 1698 Litterarum
2596 1663 2900 1700 sacrarum.
2933 1663 3092 1716 quam
3131 1649 3485 1702 necessarium

1983 1731 2158 1768 rerum
2188 1718 2425 1770 ordinem
2456 1717 2667 1770 omnino
2689 1717 3092 1785 exspectandam
3120 1733 3251 1771 esse.

1981 1805 2460 1863 Verumenimvero
2514 1824 2624 1863 non
2669 1816 2881 1862 tantum
2912 1808 3038 1862 mali
3090 1810 3256 1864 robur
3282 1819 3386 1874 est,
3425 1819 3485 1866 ut

1912 1897 2016 1950 vim
2042 1897 2168 1952 boni
2221 1899 2393 1966 possit
2429 1914 2779 1970 exsuperare,
2829 1915 3004 1970 neque
3046 1908 3254 1954 naturae
3281 1900 3487 1970 impru-

1909 1987 2112 2051 dentia,
2147 1988 2236 2044 Dei
2261 1997 2344 2044 est
2370 1991 2636 2060 sapientia
2661 1991 2744 2044 vel
2781 1990 2978 2060 potior,
3011 1992 3091 2044 vel
3119 1992 3481 2046 constantior.

1913 2080 2052 2136 Fieri
2101 2081 2245 2135 enim
2289 2098 2395 2136 non
2431 2091 2630 2151 potest,
2691 2091 2746 2136 ut
2799 2081 2944 2152 quod
2997 2083 3208 2137 vicibus
3255 2084 3485 2138 alternis

1909 2179 2297 2233 commutatur,
2339 2173 2453 2225 illo-
2489 2173 2698 2227 lirmius
2773 2187 2835 2226 ac
2889 2173 3191 2228 durabilius
3232 2175 3483 2239 exsistat,

1911 2262 2054 2328 quod
2090 2277 2304 2330 semper
2349 2261 2540 2316 eodem
2595 2261 2757 2316 modo
2809 2261 3086 2326 affectum,
3135 2266 3300 2333 inque
3339 2265 3485 2320 bono

1913 2354 2076 2406 Iixum
2108 2368 2171 2405 ac
2197 2352 2390 2406 stabile
2415 2362 2518 2417 est,
2551 2367 2674 2406 nam
2698 2352 2789 2407 Dei
2828 2343 3114 2407 consilium
3151 2355 3205 2408 in
3232 2356 3485 2412 oumibus

1913 2445 2076 2498 rebus
2142 2453 2400 2514 perpetuo
2469 2445 2962 2500 immutabilitatem
2995 2450 3166 2499 suam
3217 2448 3410 2501 retinet
3466 2465 3481 2504 :

1887 2544 2096 2610 [nostra
2127 2550 2252 2589 vero
2271 2545 2464 2588 natura
2484 2537 2874 2590 mutationibus
2895 2537 3148 2604 obnoxia,
3173 2554 3240 2592 ne
3261 2539 3315 2593 in
3343 2539 3486 2593 malo

1911 2628 2133 2698 quidem
2189 2633 2505 2682 constanter
2568 2629 2830 2698 persistit.
2894 2629 3048 2695 Quod
3079 2630 3224 2684 enim
3271 2646 3487 2701 semper

1914 2730 2181 2786 movetur,
2211 2721 2258 2775 si
2283 2720 2501 2790 quidem
2528 2719 2595 2773 ad
2634 2721 2835 2774 bonum
2867 2722 3230 2792 progreditur,
3265 2733 3487 2792 propter

1914 2815 2086 2884 ipsius
2113 2813 2211 2878 rei,
2243 2828 2407 2882 quam
2441 2813 2606 2869 veluti
2637 2829 2928 2884 peragrare
2952 2824 3200 2879 conatur,
3247 2817 3487 2870 inlinita-

1915 2917 2044 2968 tem.
2080 2922 2356 2976 nunquam
2418 2907 2648 2960 ulterius
2679 2907 3007 2961 contendere
3046 2907 3266 2962 desinit.
3300 2908 3486 2979 Neque

1913 2998 2058 3052 enim
2092 2998 2221 3051 boni
2259 3005 2456 3051 metam
2496 2998 2658 3050 ullam
2693 2997 2931 3068 inveniet
2967 3012 2981 3049 :
3012 3015 3176 3068 quam
3231 3000 3322 3054 ubi
3353 2991 3502 3054 con?

1879 3092 2119 3160 ...tigerit,
2153 3106 2184 3143 a
2232 3097 2381 3144 motu
2412 3091 2503 3144 fiat
2540 3091 2769 3145 iustitio.
2810 3089 2905 3144 Sin
2954 3091 3224 3146 diversam
3266 3095 3320 3147 in
3359 3109 3486 3163 par-

229 3180 463 3252 δρόμον,
521 3177 613 3230 καὶ
670 3177 760 3228 ἐπὶ
809 3177 870 3228 τὸ
925 3176 1222 3245 ἀκρότατον
1258 3174 1352 3227 τοῦ
1399 3174 1570 3228 κακοῦ
1613 3175 1808 3245 μέτρον

1913 3195 2017 3238 tem
2088 3181 2423 3238 deﬂecteudo
2483 3191 2703 3254 perget,
2766 3183 2856 3238 ubi
2925 3199 3148 3239 cursum
3207 3187 3333 3238 mali
3390 3186 3486 3240 ab-

231 3275 496 3343 ἀιρίκηται
523 3288 536 3300 ·
566 3271 683 3322 τότε
735 3269 795 3321 τὸ
842 3268 938 3337 τῆς
978 3267 1153 3338 ὁρμῆς
1212 3268 1515 3336 ἀεικίνητον
1555 3267 1814 3336 οὐδεμίαν

230 3367 296 3417 ἐκ
347 3362 560 3431 φύσεως
621 3360 808 3412 στάσιν
854 3359 1128 3427 εὑρίσκον,
1178 3357 1396 3410 ἐπειδάν
1451 3357 1720 3430 διαδρὰμη
1750 3357 1810 3410 τὺ

229 3459 296 3510 ὲκ
324 3455 490 3525 κακία
515 3453 806 3522 διάστημα,
839 3451 957 3502 κατ’
990 3450 1233 3519 ἀνάγκην
1263 3449 1354 3501 ἐπὶ
1379 3449 1438 3500 τὸ
1463 3448 1664 3517 ἀγαθὸν
1693 3449 1813 3518 τρέε

231 3563 325 3599 πει
357 3547 455 3616 τὴν
499 3545 729 3613 κίνησιν.
793 3541 878 3611 Μὴ
907 3541 1014 3610 γάρ
1066 3538 1358 3610 προϊούσης
1401 3539 1597 3601 κακίας
1625 3540 1718 3591 ἐπὶ
1749 3538 1810 3591 τὸ

228 3639 504 3706 ἀόριστον,
565 3635 678 3688 ἀλλ’
727 3633 1042 3701 ἀναγκαίοις
1095 3631 1293 3702 πέρασι
1341 3631 1804 3700 κατειλημμένης,

228 3729 589 3797 ἀκολούθωςή
611 3727 703 3779 τοῦ
721 3725 922 3794 ἀγαθοῦ
951 3724 1167 3794 διαδοχὴ
1193 3724 1254 3775 τὸ
1281 3723 1452 3794 πέρας
1481 3723 1578 3792 τῆς
1611 3723 1809 3786 κακίας

231 3823 535 3892 ἐκδέχεται.
570 3821 678 3873 Καὶ
728 3818 890 3880 οὕτω,
925 3815 1109 3879 καθὼς
1147 3816 1379 3886 εἴρηται,
1410 3816 1470 3867 τὸ
1505 3816 1809 3885 ἀεικίνητον

229 3914 390 3984 ἡμῶν
444 3912 545 3981 τῆς
596 3910 807 3978 φύσεως
867 3907 1027 3960 πάλιν
1089 3906 1317 3959 ὕστατον
1350 3905 1442 3958 ἐπὶ
1471 3907 1568 3976 τὴν
1601 3905 1810 3976 ἀγαθὴν

229 4003 524 4075 ἀνατρέχει
557 4003 802 4072 πορείαν,
852 4003 915 4070 τῇ
944 4000 1133 4070 μνήμη
1165 3999 1273 4051 τῶν
1305 3997 1810 4070 προδεδυστυχημέ-

228 4114 341 4149 νων
373 4095 505 4164 πρὸς
533 4095 591 4145 τὸ
628 4094 702 4163 μὴ
744 4092 905 4144 πάλιν
941 4091 1204 4143 ὲναλῶναι
1237 4092 1350 4154 τοῖς
1382 4091 1515 4151 ίσοις
1543 4106 1809 4158 σωφρονι-

229 4187 481 4254 ζόμενον.
507 4182 714 4236 Οὐκοῦν
733 4182 882 4234 ἔσται
909 4182 1068 4234 πάλιν
1089 4183 1145 4234 ὲν
1166 4180 1350 4242 καλοῖς
1379 4182 1408 4232 ό
1433 4180 1630 4250 δρόμος
1657 4182 1808 4250 ἡμῖν,

227 4277 320 4330 διά
356 4276 414 4328 τὸ
453 4275 681 4344 πέρασιν
729 4273 1047 4341 ἀναγκαίοις
1091 4271 1451 4344 περιωρίσθαι
1481 4273 1580 4343 τῆς
1612 4274 1812 4334 κακίας

227 4367 334 4441 τὴν
367 4368 547 4437 φύσιν,
581 4365 847 4436 Καθάπερ
883 4365 991 4435 γὰρ
1022 4368 1068 4417 οἱ
1116 4365 1276 4418 δεινοὶ
1297 4365 1386 4446 ’τὰ
1419 4356 1808 4446 μετέωραθτοῦ

1911 3279 2152 3342 solverit,
2214 3285 2267 3331 et
2311 3278 2376 3330 ad
2431 3277 2552 3345 ejus
2611 3285 2912 3331 extremum
2966 3278 3309 3345 pervenerit,
3370 3285 3485 3332 tum

1910 3368 2120 3422 scilicet
2172 3368 2405 3437 impetus
2452 3368 2566 3436 ipse
2637 3366 2876 3436 perpetui
2937 3374 3138 3430 motus,
3207 3383 3328 3420 cum
3387 3382 3486 3420 na-

1909 3471 2033 3514 tura
2062 3475 2160 3514 sua
2195 3459 2400 3512 nullam
2433 3458 2730 3528 requietem
2759 3458 3028 3521 inveniat,
3062 3473 3323 3527 percurso
3356 3460 3484 3512 mali

1910 3551 2088 3607 stadio
2110 3565 2335 3605 necesse
2364 3558 2449 3605 est
2478 3549 2544 3603 ad
2568 3551 2766 3604 bonum
2803 3549 3044 3603 vicissim
3087 3564 3206 3604 sese
3257 3555 3485 3605 cbnver-

1883 3633 2006 3698 tat.
2045 3643 2244 3696 Malunt
2297 3642 2440 3696 enim
2490 3657 2610 3695 cum
2665 3656 3008 3710 nequaquam
3061 3642 3132 3696 sit
3187 3641 3481 3706 infinitum,

1918 3735 2011 3790 sed
2035 3735 2199 3788 certis
2234 3733 2562 3803 quibusdam
2588 3732 2786 3788 ﬁnibus
2807 3732 3138 3801 descriptum
3175 3749 3188 3784 :
3222 3737 3484 3804 consequi

1909 3842 2134 3881 necesse
2153 3835 2257 3889 est,
2282 3836 2341 3880 ut
2364 3825 2489 3880 mali
2511 3833 2812 3879 extremum
2833 3824 2961 3877 boni
2983 3826 3329 3879 successiOne
3350 3841 3483 3880 conr

1910 3921 2171 3974 tinuetur.
2197 3920 2402 3988 Itaque,
2434 3925 2493 3971 ut
2514 3927 2599 3972 est
2635 3917 2956 3979 indicatum,
2989 3925 3245 3986 perpetua
3276 3925 3484 3972 natura:

1866 4020 2118 4088 (nostra:
2147 4011 2316 4066 motio
2342 4009 2560 4063 tandem
2604 4006 2900 4077 aliquando
2932 4007 3000 4060 ad
3037 4007 3139 4061 iter
3171 4007 3373 4061 bonum
3399 4023 3484 4062 re-

1891 4111 2174 4168 vertetur,
2207 4103 2507 4170 castigante
2554 4115 2657 4154 nos
2697 4099 2962 4153 memoria
3019 4099 3258 4168 priorum
3281 4115 3482 4153 acrum-

1912 4210 2126 4256 narum,
2157 4202 2216 4246 ut
2241 4193 2386 4248 omni
2413 4191 2594 4246 studio
2623 4205 2936 4255 caveamus,
2991 4206 3060 4245 ne
3121 4191 3176 4244 in
3234 4192 3484 4250 miserias

1912 4287 2224 4341 consimiles
2282 4285 2611 4338 recidamus.
2669 4281 3024 4336 Versabimur
3069 4282 3235 4352 igitur
3289 4299 3483 4340 rursus

1913 4377 2206 4446 aliquando
2259 4377 2386 4430 boni
2436 4375 2490 4428 in
2549 4373 2842 4436 curriculo,
2886 4374 3103 4442 quando
3129 4383 3339 4429 certum
3398 4387 3483 4432 est

231 4464 337 4535 μὲν
387 4460 565 4530 φωτὸς
619 4460 793 4512 πάντα
837 4458 1055 4526 λέγουσι
1100 4457 1191 4510 τὸν
1238 4441 1439 4526 κόσμον
1472 4452 1608 4509 εἶναι
1639 4456 1810 4510 κατά-

1916 4468 2041 4520 mali
2069 4474 2317 4520 naturam
2346 4465 2671 4520 necessariis
2705 4463 3030 4533 quibusdam
3088 4467 3333 4522 terminis
3359 4467 3483 4522 ﬁni-

227 4555 436 4614 πλεων,
471 4552 530 4605 τὸ
553 4552 609 4604 δὲ
644 4551 833 4612 σκότος
853 4553 918 4620 τῇ
955 4547 1382 4619 ἀντιφράξειτοῦ
1417 4549 1560 4602 κατὰ
1593 4544 1818 4620 τὴνγῆνκ

1915 4567 2023 4612 tam
2057 4573 2196 4612 esse.
2224 4555 2688 4623 Quemadmodum
2716 4558 2861 4610 enim
2895 4557 3142 4612 homines
3176 4574 3355 4612 rerum
3388 4577 3483 4615 su-

230 4644 487 4714 σὼματος
527 4641 988 4710 ἀποσκιαζόμενον
1043 4640 1284 4708 γίνεσθαι
1315 4640 1470 4708 (ἀλλὰ
1513 4639 1668 4693 τοῦτο
1709 4639 1808 4710 μὲν

227 4739 376 4792 κατὰ
433 4738 492 4789 τὸ
549 4735 732 4806 σχῆμα
781 4733 876 4787 τοῦ
945 4735 1316 4807 σφαιροειδοῦς
1357 4735 1624 4804 σώματος,
1668 4734 1808 4787 κατά

225 4828 402 4883 νώτου
437 4827 538 4896 τῆς
561 4825 788 4896 ἡλιακῆς
822 4827 1034 4888 ἀκτῖνος
1051 4824 1346 4888 κωνοειδῶς
1370 4823 1804 4890 κατακλείεσθαι,

222 4924 319 4977 τὸν
351 4921 408 4974 δὲ
430 4920 580 4989 ἣλιον
604 4917 1020 4971 πολλαπλασίονι
1041 4915 1117 4987 τῷ
1146 4917 1363 4988 μεγέθει
1383 4919 1480 4988 τὴν
1507 4919 1610 4988 γῆν
1633 4920 1806 4988 ὑπερ.
1833 4941 1858 4990 ς

225 5012 523 5071 ϐάλλοντα,
575 5007 905 5077 πανταχόθεν
928 5009 1098 5079 αὐτὴν
1140 5012 1259 5071 ταῖς
1290 5011 1499 5062 ἀκτῖσιν
1531 5011 1588 5063 ἐν
1623 5009 1822 5081 κύκλῳ¹

223 5100 761 5174 περιπτυσσόμενον,
792 5101 1081 5155 συνάπτειν
1111 5101 1253 5153 κατὰ
1280 5102 1338 5153 τὸ
1371 5107 1540 5172 πέρας
1567 5102 1662 5155 τοῦ
1700 5101 1796 5158 κώ·

226 5213 322 5247 νου
364 5192 465 5253 τὰς
499 5189 592 5241 τοῦ
629 5189 804 5257 φωτὸς
852 5187 1146 5258 συμόολὰς,
1199 5189 1337 5242 ὥστε
1377 5189 1496 5242 καθ’
1528 5189 1806 5254 ὑπόθεσιν,

225 5289 276 5339 εἰ
304 5282 518 5354 γένοιτό
551 5298 656 5334 τινι
685 5280 914 5350 δύναμις
966 5279 1214 5350 διαϐῆναι
1243 5280 1302 5332 τὸ
1339 5281 1554 5352 μέτρον,
1588 5283 1664 5343 εἰς
1684 5281 1810 5333 ὅσον

227 5378 536 5430 ἐκτείνεται
565 5377 598 5444 ἡ
631 5373 780 5435 σκιὰ,
813 5373 1029 5434 πάντως
1079 5373 1145 5426 ἂν
1180 5373 1237 5424 ὲν
1275 5373 1412 5440 φωτὶ
1444 5373 1691 5451 γενέσθαι
1733 5373 1809 5444 μὴ
1858 5415 1859 5420 η

223 5452 644 5536 διακοπτομένῲ
666 5463 768 5516 ὑπὸ
788 5464 880 5516 τοῦ
912 5465 1157 5532 σκότους)
1180 5481 1192 5494 ο
1218 5465 1389 5527 οὕτως
1415 5461 1565 5534 οἶμαι
1596 5465 1706 5518 δεῖν
1725 5468 1818 5519 καὶ
1836 5461 1838 5463 ’
1859 5489 1868 5522 ;

225 5559 362 5629 περὶ
417 5556 578 5626 ἡμῶν
641 5553 987 5616 διανοεῖσθαι,
1049 5555 1130 5607 ὅτι
1192 5553 1551 5618 διεξελθόντες
1585 5556 1676 5607 τὸν
1717 5557 1817 5624 τῆς

225 5651 436 5712 κακίας
489 5651 636 5718 ὅρον,
681 5647 900 5699 ἐπειδὰν
953 5648 1010 5699 ἐν
1047 5645 1125 5716 τῷ
1175 5645 1329 5718 ἄκρῳ
1370 5646 1656 5717 γενώμεθα
1711 5647 1810 5716 τῆς

300 5828 348 5858 ⁷⁶
372 5826 517 5880 Psal.
574 5840 762 5891 exuit,
805 5824 860 5879 ό.

562 5915 837 5975 Pyram.
883 5910 1000 5972 Gn.
1035 5908 1263 5971 XLIV.

1917 4665 2013 4720 pra
2040 4665 2140 4704 nos
2186 4649 2562 4719 apparentium
2607 4649 2762 4717 periti
2814 4649 3052 4712 tradunt,
3084 4650 3343 4703 mundum
3367 4654 3484 4706 uui-

1915 4757 2130 4796 versum
2163 4742 2297 4796 lucis
2331 4742 2546 4810 plenum
2581 4756 2724 4806 esse;
2745 4741 2997 4795 tenebras
3030 4757 3155 4795 vero
3186 4742 3300 4796 fieri
3335 4743 3482 4797 allir-

1916 4839 2066 4885 mant
2098 4848 2163 4886 ex
2191 4833 2380 4885 umbra
2404 4831 2602 4885 terreni
2634 4831 2881 4900 corporis
2912 4832 3244 4887 obvertentis
3268 4849 3325 4888 se
3355 4837 3478 4903 soli,

1914 4936 2036 4976 cum
2070 4921 2286 4991 quidem
2313 4922 2379 4975 ab
2427 4922 2574 4976 illius
2613 4922 2826 4977 radiisa
2850 4930 3000 4992 tergo
3033 4925 3329 4979 secundum
3369 4925 3482 4980 for-

1913 5029 2058 5067 mam
2093 5013 2308 5066 rotundi
2331 5015 2578 5083 corporis
2607 5015 2796 5068 umbra
2819 5014 2992 5068 instar
3018 5015 3141 5069 coni
3171 5017 3478 5073 claudatur.

1915 5105 2008 5159 Sol
2037 5105 2202 5165 enim,
2228 5119 2352 5158 cum
2387 5105 2572 5160 multis
2600 5106 3020 5174 partibusterra
3054 5109 3226 5177 major
3253 5109 3324 5162 sit
3375 5125 3477 5162 un-

1912 5199 2075 5265 dique
2109 5197 2277 5252 radiis
2309 5212 2427 5252 eam
2459 5197 2574 5252 suis
2599 5199 2898 5266 amplexus,
2932 5197 2987 5251 in
3045 5206 3290 5253 extremo
3339 5215 3479 5254 cono

1862 5333 1870 5360 ί
1911 5292 2085 5346 lucem
2131 5299 2414 5346 coeuntem
2461 5307 2654 5346 rursus
2688 5290 2843 5359 quasi
2877 5291 3171 5346 connectit.
3217 5293 3400 5362 Itaque
3429 5293 3477 5348 si

1914 5380 2028 5436 ﬁeri
2077 5389 2260 5451 posset
2291 5379 2474 5449 (posse
2519 5387 2723 5443 autem,
2772 5379 3004 5433 docendi
3045 5394 3210 5434 causa
3245 5380 3474 5448 scilicet,

1913 5472 2234 5542 statuamus)
2273 5478 2330 5524 ut
2359 5471 2482 5540 quis
2511 5470 2754 5523 umbram
2791 5470 3098 5524 universam
3143 5479 3474 5538 penetraret,

1911 5562 1958 5618 is
1992 5562 2208 5616 tandem
2245 5561 2298 5615 in
2333 5562 2508 5614 lucem
2543 5561 2866 5631 perveniret,
2899 5576 3072 5630 neque
3103 5561 3210 5612 ulla
3240 5578 3362 5614 eum
3407 5579 3475 5617 ex

1911 5659 2062 5720 parte
2095 5651 2329 5705 tenebrze
2361 5650 2755 5719 contingerent.
2813 5647 2902 5702 Sic
2935 5655 2989 5704 et
3017 5648 3084 5703 de
3113 5648 3272 5704 nobis
3322 5649 3477 5720 cogi-
