3996 6472
521 363 628 418 2θὸ

1787 359 1841 414 s.
1885 354 2216 426 οιιεουιιιι
2254 355 2539 412 NYSSENI

3661 351 3753 404 901

520 471 748 526 tandum
775 481 882 538 est,
917 471 1028 528 fore
1061 480 1114 526 ut
1163 479 1456 540 .postquam
1493 469 1618 524 mali
1653 468 1942 523 terminum
1973 481 2091 538 pra:-

2210 469 2347 522 κατά
2373 467 2470 540 τὴν
2516 466 2786 538 ἁμαρτίαν
2825 467 3000 531 σκιᾶς,
3035 465 3195 520 πάλιν
3227 467 3286 519 ὲν
3328 466 3468 536 φωτὶ
3501 465 3738 530 βιοτεύειν

528 563 784 634 tergressi
813 563 1005 627 simus,
1035 563 1277 632 adeoque
1307 562 1371 616 ad
1403 569 1698 616 extremam
1735 559 1940 629 peccati
1973 573 2094 611 um-

521 655 673 710 bram
709 656 1113 726 pervenerimus
1147 673 1159 708 :
1193 661 1308 706 tum
1337 669 1467 724 ergo
1529 651 1664 715 fore,
1695 659 1754 705 ιιι
1801 665 1996 706 rursus
2037 649 2094 702 in

523 761 643 802 luce
673 750 938 811 vivamus,
983 745 1204 814 quando
1241 746 1504 800 bonorum
1548 752 1746 798 natura
1777 752 2094 812 comparata

519 840 586 893 ad
621 839 744 892 mali
777 837 1226 906 magnitudinem,
1291 837 1516 892 infinitis
1565 852 1684 892 eam
1715 837 1964 906 partibus
1998 849 2095 889 su-
2133 875 2154 882 .-

518 937 691 998 perat.
726 927 1068 998 Quapropter
1093 929 1285 983 iterum
1317 929 1372 982 in
1403 929 1642 998 paradisi
1679 928 2086 998 possessionem

519 1021 796 1073 mittemur
849 1037 862 1072 :
905 1019 1100 1072 iterum
1164 1019 1308 1089 ligno
1366 1019 1459 1072 illo
1523 1018 1788 1082 fruemur,
1829 1017 1974 1088 quod
2005 1025 2090 1072 est

517 1111 718 1180 lignum
747 1111 888 1164 vitae.
923 1107 1256 1165 Restituetur
1285 1111 1442 1164 nobis
1473 1111 1722 1179 imaginis
1750 1109 2085 1180 praestantia,

2203 578 2322 630 μεν,
2373 561 2448 622 ὡς
2471 557 2610 612 κατά
2654 559 2716 612 τὸ
2743 558 3165 628 ἀπειροπλάσιον
3199 559 3332 628 πρὸς
3349 559 3409 610 τδ
3440 559 3538 628 τῆς
3568 561 3754 622 κακίας

2201 652 2394 722 μέτρον
2411 654 2509 722 τῆς
2531 650 2639 703 τῶν
2663 649 2880 718 ἀγαθῶν
2897 651 3107 720 φύσεως
3131 667 3194 702 πε
3205 649 3573 720 ριττευούσης.
3596 651 3756 702 Πάλιν

2195 739 2288 796 οὖν
2327 744 2356 796 6
2401 744 2747 816 παράδεισος,
2799 743 2960 796 πάλιν
2989 743 3051 796 τὸ
3085 743 3236 808 ξύλον
3283 744 3478 802 ὲκεῖνο,
3508 741 3536 794 ὃ
3578 741 3640 812 δὴ
3667 743 3756 794 καὶ

2197 833 2344 902 ζωῆς
2393 835 2508 886 ἐστι
2562 833 2734 898 ξύλον,
2778 835 2938 888 πάλιν
2971 835 3066 904 τῆς
3093 835 3354 904 είκόνοςή
3391 835 3572 904 χάρις,
3603 833 3690 888 καὶ
3723 837 3756 896 ἡ

2195 926 2292 994 τῆς
2322 925 2499 996 ἀρχῆς
2517 925 2662 991 ἀξία.
2704 923 2778 978 Οὐ
2812 942 2899 995 μοι
2933 925 3078 978 δικεί
3120 923 3322 976 τούτων
3341 923 3512 987 οὐδὲν,
3543 923 3644 976 ὅσα
3669 922 3756 976 νῦν

2196 1017 2332 1088 πρὸς
2361 1017 2458 1088 τὴν
2487 1017 2580 1070 τοῦ
2611 1017 2727 1087 βίου
2756 1017 2945 1088 χρείαν
2973 1015 3121 1088 παρά
3142 1015 3233 1069 τοῦ
3264 1015 3397 1068 Θεοῦ
3429 1017 3536 1078 τοῖς
3553 1014 3756 1085 ἀνθρώ-

2195 1125 2318 1172 ποις
2368 1109 2692 1172 ὑπέζευκται
2717 1127 2730 1141 ’
2761 1111 2872 1164 ἀλλ’
2921 1109 3110 1180 ἐτέρας
3143 1109 3284 1171 τινὸς
3321 1107 3595 1177 βασιλείας
3619 1107 3756 1160 ἐστὶν

517 1212 570 1255 et
600 1202 810 1270 imperii
839 1201 1092 1271 dignitas.
1141 1201 1256 1254 Non
1289 1201 1356 1255 de
1379 1201 1603 1270 imperio
1633 1203 1686 1254 in
1719 1217 1808 1256 res
1856 1201 1976 1254 illas
2010 1200 2089 1252 lo-

2185 1202 2224 1272 ίή
2252 1200 2422 1262 ἐλπὶς,
2450 1195 2516 1272 ἧς
2541 1201 2568 1252 6
2592 1201 2747 1268 λόγος
2776 1202 2832 1252 ἐν
2861 1203 3188 1272 ἀπορρήτοις
3225 1201 3396 1270 μένει.

519 1309 656 1363 quor
673 1257 818 1363 quae,
850 1257 924 1347 ad
949 1309 1106 1348 usum
1131 1293 1292 1362 hujus
1319 1257 1780 1347 vitm-hominibus
1809 1307 1836 1344 a
1867 1291 1971 1345 Deo
2001 1257 2257 1358 διώ]έέὶῷ
2287 1257 2419 1346 ειιιιι⁷
2448 1257 2586 1346 :lsed
2619 1257 2762 1346 aliud
2793 1257 3072 1363 quoddam
3097 1257 3318 1364 regnum
3341 1291 3752 1362 exspectandum

520 1387 674 1442 nobis
721 1403 841 1442 esse
923 1395 1121 1448 statuo,
1179 1387 1335 1455 cuius
1397 1394 1508 1440 tota
1569 1388 1706 1440 ratio
1765 1387 1978 1440 illorum
2027 1387 2082 1439 in
2114 1401 2339 1440 numero
2388 1395 2491 1450 est,
2529 1404 2648 1457 quae
2677 1391 2920 1444 enarrari
2969 1389 3198 1444 dicendo
3229 1397 3522 1460 nequeunt.

1093 1497 1324 1554 CAPUT
1356 1498 1518 1554 XXII.

513 1607 788 1678 ..κείαταιίο
827 1611 1060 1672 illorum,
1097 1611 1185 1680 qui
1210 1611 1461 1680 objiciunt
1492 1625 1508 1662 :
1538 1609 1646 1666 Cur
1675 1627 1774 1664 non
1813 1611 1930 1679 jam
1961 1610 2086 1663 olim

589 1656 876 1733 clamitatum
920 1697 984 1734 ea:
1032 1656 1197 1734 mo'rte
1235 1656 1304 1734 sit
1358 1681 1626 1734 hominum
1676 1656 1856 1751 genus.
1903 1681 2088 1748 quidve
2121 1656 2162 1714 Β

588 1759 704 1820 post
757 1751 999 1819 quwdam
1067 1763 1358 1818 temporum
1415 1751 1696 1804 intervalla
1755 1753 2089 1804 resuscitatio

589 1831 934 1888 exspectetur,
972 1821 1020 1874 si
1049 1823 1258 1890 quidem
1305 1837 1388 1874 res
1422 1822 1558 1873 bona
1587 1837 1697 1875 esse
1729 1824 1966 1889 putanda
1995 1822 2084 1874 sit.

2699 1503 3090 1556 ΚΕΦΑΛΑῘΟΝ
3130 1505 3258 1556 Κ-Β’.

2193 1615 2532 1686 11969713011”:
2578 1618 2888 1685 λέγοντας,
2921 1621 2970 1670 εὶ
3003 1619 3195 1670 καλόν
3222 1634 3278 1670 τι
3325 1617 3424 1669 καὶ
3461 1615 3685 1686 ἀγαθὸν
3711 1617 3750 1682 ἠ

2259 1685 2613 1750 ἀνάστασις,
2657 1689 2712 1740 τί
2743 1689 2874 1754 οὐχ)
2905 1688 3020 1754 ἤδη
3051 1687 3316 1756 γέγονεν,
3341 1685 3754 1756 ἀλλὰχρόνων

2259 1757 2381 1808 τισὶ
2413 1757 2708 1824 περιόδοις
2727 1759 3039 1818 ἐλπίζεται.

587 1909 875 1964 Enimvero
909 1911 1179 1964 continua:
1206 1911 1364 1964 seriei
1402 1926 1608 1975 rerum,
1669 1927 1788 1980 quae
1820 1912 2090 1980 explican-

2185 1947 2200 1956 --
2261 1893 2430 1970 Ἄλλὰ
2458 1917 2555 1988 τῆς
2593 1917 2912 1981 ἀκολουθίας
2941 1917 3048 1970 τῶν
3079 1917 3456 1988 ὲξητασμένων
3483 1918 3748 1988 ἐχώμεθα.

507 2013 627 2066 ων,
683 2003 1063 2056 inlimrcamus.
1141 1999 1274 2054 Nam
1305 2001 1583 2056 “fortasse
1655 2017 1760 2055 non
1811 2015 1970 2056 nemo
2020 2001 2089 2055 ad

505 2094 846 2150 dulcissima:
871 2094 984 2163 spei
1015 2093 1341 2148 mentionem
1372 2095 1572 2148 erectis
1605 2095 1706 2148 alis
1737 2094 1902 2147 animi
1926 2109 2090 2164 grave

507 2187 913 2255 molestumque
939 2185 1278 2239 existimabit
1317 2199 1461 2248 esse",
1499 2185 1640 2238 bona
1677 2183 1770 2238 illa
1811 2201 1920 2238 non
1956 2199 2090 2238 con-

417 2331 424 2340 _
515 2279 671 2332 tinuo
700 2277 894 2346 apisci,
945 2291 1066 2346 quae
1105 2277 1263 2346 longe
1313 2291 1534 2331 sensum
1579 2284 1633 2330 et
1673 2277 2087 2347 intelligentiam

2192 2012 2349 2072 Ἴσως
2377 2009 2484 2079 γάρ
2506 2025 2586 2072 τις
2621 2007 2755 2078 πρὸς
2789 2007 2848 2060 τὸ
2882 2009 3050 2076 γλυκὺ
3095 2009 3192 2077 τῆς
3225 2008 3432 2070 ἐλπίδος
3461 2011 3752 2079 πτερωθεὶς

2187 2099 2282 2169 τὴν
2309 2101 2567 2162 διάνοιαν,
2597 2100 2758 2170 ἄχθος
2791 2101 3002 2170 ἡγεῖται
3025 2101 3116 2154 καὶ
3143 2099 3343 2170 ζημίαν
3369 2099 3426 2153 τὸ
3459 2103 3532 2172 μὴ
3567 2102 3754 2156 θᾶττον

2190 2195 2245 2244 ἐν
2287 2195 2395 2255 τοῖς
2427 2191 2650 2260 ἀγαθοῖς
2687 2193 2911 2256 ἐκείνοις
2943 2193 3233 2260 γενέσθαι,
3267 2194 3299 2246 ἃ
3342 2195 3480 2263 ὑπὲρ
3509 2195 3754 2266 αἴσθησίν

2187 2301 2246 2336 τε
2282 2283 2373 2336 καὶ
2415 2283 2613 2352 γνῶσιν
2643 2283 2986 2354 ἀνθρωπίνην
3011 2285 3126 2337 ἐστὶ
3151 2324 3164 2346 ,
3195 2286 3285 2337 καὶ
3315 2285 3492 2356 δεινὴν
3524 2291 3752 2339 ποιεῖται

509 2369 808 2422 humanam
863 2376 1214 2436 exsuperant,
1269 2374 1324 2420 et
1373 2365 1608 2421 elliciuut
1641 2374 1700 2419 ut
1743 2367 2090 2420 vehementer

2187 2375 2284 2446 τὴν
2321 2375 2408 2428 διὰ
2437 2375 2600 2444 μέσου
2624 2376 2758 2446 πρὸς
2787 2375 2847 2428 τὸ
2879 2375 3212 2446 ποθούμενον
3231 2377 3323 2430 τοῦ
3357 2379 3548 2450 χρόνου
3583 2381 3756 2450 παρά-

515 2462 732 2532 ingrata
765 2461 924 2516 nobis
959 2461 1032 2514 sit
1065 2459 1390 2514 intermedia
1430 2459 1694 2528 temporis
1735 2459 1946 2522 dilatio,
1982 2475 2088 2527 qua

509 2555 588 2608 ἐὺ
637 2569 740 2606 usu
775 2553 856 2608 rei
905 2553 1337 2620 exoptatissima:
1385 2565 1656 2604 arcemur.
1687 2547 1886 2603 Verum
1933 2563 2090 2604 nemo

518 2647 621 2701 hac
653 2645 718 2700 de
755 2659 922 2698 causa
971 2659 1093 2698 sese
1123 2643 1364 2705 atllictet,
1405 2643 1734 2712 puerilemve
1779 2643 1832 2694 in
1867 2643 2088 2696 modum

517 2739 770 2808 exiguum
813 2736 880 2790 ad
917 2737 1271 2790 intervallum
1315 2733 1630 2788 fruitionem
1673 2749 1854 2788 rerum
1891 2733 2090 2802 jucun-

515 2831 708 2884 darum
732 2829 936 2884 differri
969 2829 1196 2883 moleste
1226 2827 1382 2882 ferat.
1411 2827 1543 2880 Nam
1573 2843 1698 2880 cum
1723 2827 1908 2880 omnia
1941 2837 2088 2881 certa

519 2924 728 2976 ratione
777 2937 844 2976 ac
897 2921 1160 2990 sapientia
1211 2923 1604 2990 guliernentur,
1657 2921 1882 2974 omnino
1931 2920 2088 2976 fateri

2189 2484 2363 2522 τοισιν.
2411 2467 2570 2520 ’Λλλά
2607 2467 2678 2538 μὴ
2713 2467 3182 2537 στενοχωρείσθω,
3228 2468 3476 2540 καθάπερ
3518 2488 3602 2534 τις
3649 2471 3756 2522 τῶν

2189 2560 2425 2630 νηπίων,
2456 2558 2553 2630 τὴν
2589 2559 2725 2629 πρὸς
2756 2559 2934 2628 ὀλίγον
2984 2559 3247 2630 ἀναϐολὴν
3277 2560 3381 2612 τῶν
3411 2560 3530 2614 καθ’
3564 2561 3756 2632 ἡδονὴν

2188 2647 2568 2718 δυσχεραίνων.
2619 2649 2834 2719 Ἐπειδὴ
2865 2650 2973 2718 γὰρ
3007 2648 3111 2701 ὑπὸ
3143 2649 3298 2717 λόγου
3338 2651 3432 2704 καὶ
3469 2653 3662 2720 σοφίας
3689 2653 3757 2706 τὰ

2189 2737 2368 2802 πάντα
2420 2739 2816 2808 οἰκονομεῖται,
2871 2738 3081 2809 ἀνάγκη
3123 2742 3271 2792 πᾶσα
3325 2742 3488 2810 μηδὲν
3534 2744 3758 2814 ἄμοιρον

2145 2859 2154 2866 -
2189 2829 2436 2898 ἡγεῖσθαι
2467 2829 2573 2882 τῶν
2607 2829 2902 2898 γινομένων
2931 2829 3094 2883 αὑτοῦ
3128 2847 3185 2884 τε
3211 2832 3303 2884 τοῦ
3331 2832 3511 2902 λόγου,
3539 2835 3634 2887 καὶ
3659 2835 3760 2905 τῆς

2191 2918 2248 2970 ὲν
2274 2917 2420 2988 αὑτῷ
2454 2920 2661 2988 σοφίας.
2699 2923 2874 2990 Ἐρεῖς
2904 2919 2996 2974 οὖν
3019 2939 3032 2952 ·
3079 2921 3174 2985 Τίς
3202 2917 3355 2988 οὗτος
3377 2927 3404 2978 6
3433 2925 3588 2993 λόγος
3619 2927 3756 2988 ἐστὶ,

511 3031 740 3070 necesse
769 3022 876 3080 est,
907 3015 1044 3068 nihil
1073 3029 1262 3070 eorum
1303 3029 1424 3083 quae
1456 3014 1732 3074 accidunt,
1769 3015 1888 3068 sim.
1923 3016 2086 3068 ratio-

2189 3010 2310 3062 καθ’
2337 3009 2397 3062 ὃν
2424 3011 2522 3064 οὐκ
2550 3011 2710 3074 εὐθὺς
2741 3013 2830 3064 ἐπὶ
2857 3011 2918 3064 τὸ
2951 3009 3278 3082 ποθούμενον
3319 3017 3352 3086 ἡ
3391 3015 3482 3068 τοῦ
3513 3015 3756 3088 λυπηροῦ

515 3123 606 3170 ne,
653 3115 706 3162 et
751 3120 872 3176 qua:
907 3107 962 3160 in
1009 3107 1126 3176 ipsa
1163 3106 1373 3160 ratione
1397 3115 1503 3172 est,
1543 3109 1814 3174 sapientia
1850 3107 1988 3162 fieri.
2021 3107 2088 3158 At

515 3217 636 3270 qua:
663 3201 875 3262 isthzec,
901 3199 1139 3270 inquies,
1161 3201 1300 3254 ratio
1327 3208 1431 3258 est.
1457 3211 1678 3269 propter
1710 3215 1871 3269 quam
1913 3199 2087 3253 tristis

2192 3103 2308 3172 βίου
2341 3103 2666 3172 μετάστασις
2689 3105 2916 3174 γίνεται,
2953 3108 3068 3160 ἀλλ’
3091 3109 3168 3171 είς
3197 3106 3420 3178 χρόνους
3447 3109 3599 3171 τινὰς
3629 3109 3762 3180 ὡρι-

2191 3197 2422 3266 σμένους
2450 3199 2481 3266 ὴ
2518 3196 2706 3268 βαρεῖα
2737 3199 2828 3251 καὶ
2859 3201 3191 3270 σωματώδης
3225 3199 3358 3270 αὕτη
3389 3201 3760 3272 παραταθεῖσα

515 3293 678 3361 hujus
715 3293 840 3347 vitae
868 3293 1222 3346 commutatio
1253 3307 1360 3344 non
1395 3291 1450 3344 lit
1481 3293 1534 3344 in
1563 3293 1724 3345 vitam
1769 3293 2091 3362 optabilem,

2189 3286 2322 3358 ζωὴ,
2355 3289 2611 3357 ἀναμένει
2642 3289 2700 3342 τὸ
2731 3291 2902 3360 πέρας
2922 3279 3020 3361 ei};
3045 3291 3136 3344 τοῦ
3181 3292 3380 3354 παντὸς
3425 3293 3762 3363 συμπληρὼ-

511 3381 610 3439 sed
638 3381 703 3436 ad
729 3381 950 3436 deﬁnita
979 3381 1226 3450 quaedam
1264 3383 1440 3449 spatia
1471 3382 1734 3449 temporis
1757 3381 1946 3442 dilata,
1971 3397 2088 3434 mo-

513 3475 652 3528 lesta
696 3474 810 3526 haec
853 3472 906 3524 in
950 3485 1178 3540 corpore
1215 3472 1328 3524 vita
1383 3473 1540 3526 linem
1575 3471 1930 3542 perfectionis
1970 3489 2088 3526 om-

515 3567 666 3620 nium
692 3571 995 3634 exspectat,
1029 3571 1088 3617 ut
1111 3563 1306 3618 deinde
1331 3572 1588 3630 tanquam
1617 3579 1646 3616 a
1677 3565 1830 3618 freno
1853 3564 2084 3633 quodam

515 3656 765 3716 liberata,
795 3654 1060 3722 quasique
1093 3655 1178 3707 sui
1215 3655 1356 3723 juris
1391 3653 1603 3717 elTecta,
1629 3655 1694 3708 ad
1721 3655 1936 3708 beatum
1969 3669 2088 3708 om-

515 3747 778 3816 niumque
807 3745 1122 3800 morborum
1141 3759 1336 3814 expers
1361 3761 1534 3799 aevum
1565 3761 1732 3800 cursu
1757 3749 2050 3801 contendat
2067 3747 2088 3799 ?
2105 3759 2124 3790 ’-

513 3841 574 3896 1η
597 3841 699 3896 hac
727 3840 1067 3912 expositione
1092 3839 1235 3893 sitne
1261 3839 1472 3893 veritati
1507 3848 1872 3895 consentanea
1901 3839 2084 3894 futura

513 3933 693 3988 oratio
743 3939 956 3996 nostra,
989 3931 1246 3985 nimirum
1293 3931 1412 3999 ipsa
1445 3923 1658 3983 Veritas
1691 3932 1852 4001 plane
1883 3932 2086 3986 intelli-

515 4026 590 4095 git
623 4043 634 4076 :
675 4025 804 4077 mihi
834 4023 1052 4094 quidem
1085 4021 1152 4075 ad
1181 4023 1422 4076 animum
1462 4021 1606 4091 quod
1648 4024 1867 4088 accidit,
1896 4023 2082 4092 hujus-

513 4117 660 4172 modi
705 4115 964 4187 quiddam
1035 4123 1140 4170 est.
1203 4111 1444 4167 Primum
1501 4115 1666 4183 igitur
1725 4115 1826 4171 hoc
1875 4124 2080 4184 repeto,

511 4209 658 4278 quod
703 4209 1002 4264 indicatum
1043 4213 1128 4262 est
1175 4221 1340 4274 supra
1373 4223 1386 4257 :
1440 4225 1458 4256 ι
1507 4204 1814 4264 Faciamus.
1853 4229 1870 4258 δ
1911 4209 2084 4278 inquit
2125 4251 2128 4256 .

513 4301 679 4365 Deus,
722 4319 742 4352 ι
799 4300 1074 4352 hominem
1127 4297 1194 4350 ad
1233 4299 1518 4367 imaginem
1563 4298 2082 4368 similitudinemqne

512 4412 780 4464 nostram,
832 4399 1014 4470 itaque
1061 4398 1191 4453 fecit
1239 4399 1514 4452 hominem
1569 4395 1732 4459 Deus,
1776 4401 1829 4446 et
1873 4393 1938 4445 ad
1983 4391 2078 4443 Dei

513 4494 805 4564 imaginem
851 4507 972 4547 eum
1011 4491 1163 4546 fecit.
1205 4510 1224 4542 ι
1280 4489 1556 4545 Hactenus
1602 4488 1782 4556 imago
1819 4486 1910 4538 Dei
1959 4483 2083 4537 uni-

513 4603 671 4644 versa
703 4590 940 4642 humana
973 4588 1026 4640 in
1055 4597 1252 4641 natura
1281 4601 1403 4642 esse
1429 4583 1702 4642 absoluta,
1734 4581 2084 4647 numerisque

517 4681 630 4736 suis
655 4680 894 4749 perfecta
935 4679 1162 4749 intelligi
1191 4679 1370 4733 debet.
1419 4675 1662 4728 Adamns
1691 4687 1823 4726 vero
1851 4669 2081 4724 necdum

515 4773 696 4827 factus
726 4779 885 4824 erat:
933 4784 1056 4822 nam
1097 4769 1356 4830 Adamus,
1396 4767 1700 4823 secundum
1745 4762 2082 4818 notationem

515 4863 776 4922 nominis,
827 4869 1103 4914 terrenum
1135 4859 1443 4928 figmentum
1491 4858 1782 4928 significat,
1820 4851 2082 4922 quemad-

515 4955 734 5010 modum
779 4951 1017 5006 llehraeze
1047 4949 1242 5020 linguae
1291 4949 1450 5018 periti
1495 4946 1742 5000 tradunt.
1779 4945 1990 4998 Idcirco
2031 4947 2083 4995 et

518 5044 839 5114 Apostolus,
874 5043 1208 5096 excellenter
1237 5041 1530 5094 vernacula
1569 5039 1622 5090 in
1665 5038 1850 5106 lingua
1893 5035 2082 5090 erudi-

517 5151 627 5200 tus,
668 5135 946 5190 hominem
972 5151 1002 5188 e
1031 5142 1176 5187 terra
1208 5131 1411 5186 factum
1439 5131 1622 5202 χοῖκόν
1644 5131 1710 5196 ⁷⁷,
1742 5129 1898 5198 quasi
1931 5127 2116 5186 dicas,

519 5230 864 5300 pulvereum,
896 5225 1160 5293 appellat;
1205 5239 1338 5276 voce
1367 5223 1534 5276 Adam
1567 5223 1618 5276 in
1657 5220 1896 5274 Graecam
1929 5235 2082 5273 com-

513 5329 744 5378 mutata.
785 5317 958 5371 llomo
1001 5317 1167 5386 igitur
1197 5315 1262 5369 ad
1307 5316 1596 5386 imaginem
1635 5315 1724 5367 Dei
1769 5313 1946 5366 factus
1976 5321 2080 5376 est,

517 5423 714 5469 natura
746 5411 959 5465 scilicet
993 5409 1273 5462 hominum
1311 5409 1564 5462 universe
1605 5407 1900 5466 intellecta,
1943 5405 2084 5458 divi-

515 5521 645 5560 num
683 5503 816 5559 illud
851 5517 1008 5571 opus.
1049 5501 1142 5556 Sic
1189 5511 1370 5554 autem
1404 5501 1774 5570 omnipotente
1809 5498 1901 5551 Dei
1938 5499 2084 5567 sapi-

513 5599 664 5654 entia
707 5595 887 5649 factus
932 5603 1034 5658 est,
1083 5608 1190 5646 non
1235 5601 1296 5646 ut
1343 5609 1470 5662 pars
1503 5595 1668 5648 totius
1703 5600 1934 5656 tantum,
1987 5591 2080 5645 sed

587 5779 635 5812 "
675 5779 695 5831 l
745 5777 871 5835 Cor.
913 5793 1000 5842 xv,
1051 5777 1140 5831 47.

2190 3395 2354 3441 σεως,
2388 3379 2474 3431 ἵνα
2509 3379 2568 3431 τὸ
2589 3381 2886 3448 τηνικαῦτα
2917 3383 3166 3453 καθάπερ
3197 3381 3412 3452 χαλινοῦ
3439 3399 3584 3445 τινος
3609 3383 3764 3436 ἐλευ-

2188 3469 2484 3541 θερωθεῖσα
2519 3473 2549 3541 ὴ
2601 3471 2912 3544 ἀνθρωπίνη
2945 3473 3056 3542 ζωὴ
3085 3514 3098 3536 ,
3139 3473 3298 3527 πάλιν
3339 3473 3525 3538 ἄνετός
3557 3492 3616 3526 τε
3665 3475 3762 3528 καὶ

2187 3561 2444 3633 ἐλευθέρα
2475 3561 2608 3633 πρὸς
2632 3561 2720 3614 τὸν
2752 3564 3018 3634 μακάριον
3045 3565 3138 3616 καὶ
3176 3565 3360 3635 ἀπαθῆ
3406 3565 3520 3636 βίον
3553 3568 3760 3620 ἐπανα·

2185 3653 2414 3724 δράμοι;
2452 3653 2588 3706 Ἀλλ’
2631 3655 2678 3706 εί
2715 3655 2812 3724 μὲν
2841 3655 3047 3723 ἐγγίζει
3082 3660 3144 3728 τῇ
3173 3657 3398 3729 ἀληθείᾳ
3433 3659 3541 3711 τῶν
3567 3661 3762 3730 ζητου-

2190 3747 2363 3818 μένων
2387 3748 2416 3800 ὸ
2445 3747 2600 3814 λόγος
2620 3789 2634 3810 ,
2674 3747 2809 3818 αὐτὴ
2837 3748 2902 3800 ἂν
2931 3749 3092 3820 εἰδείη
3129 3750 3312 3818 σαφῶς
3343 3752 3372 3820 ἠ
3399 3745 3670 3818 Ἀλὴθειαέ
3695 3757 3760 3806 Ὀ

2185 3839 2229 3891 δ’
2249 3835 2341 3893 οὖν
2372 3841 2460 3892 ἐπὶ
2486 3843 2581 3909 τὴν
2613 3839 2887 3910 ἡμετέραν
2919 3837 3048 3911 ἦλθε
3078 3842 3331 3906 διάνοιαν,
3361 3843 3596 3895 τοιοῦτον
3619 3845 3757 3896 ἐστί.

2185 3933 2342 4000 Λέγω
2357 3933 2420 4004 δὴ
2448 3933 2538 3986 τὸν
2561 3933 2772 4004 πρῶτον
2799 3933 2958 3986 πάλιν
2982 3933 3332 3987 ὲπαναλαόὼν
3356 3935 3528 4003 λόγον·
3562 3936 3724 4006 «Ποιή
3745 3965 3764 3974 ο

2187 4041 2390 4094 σωμεν,
2417 4044 2433 4074 ι
2491 4025 2651 4094 φησὶν
2683 4027 2712 4077 6
2739 4025 2900 4088 Θεὸς,
2936 4046 2954 4076 ι
2983 4024 3268 4095 ἄνθρωπον
3297 4027 3416 4078 κατ’
3451 4027 3635 4079 εἰκόνα
3667 4027 3762 4078 καὶ

2184 4117 2438 4185 ὁμοίωσιν
2464 4117 2753 4186 ἡμετέραν.
2789 4117 2901 4170 Καὶ
2928 4117 3179 4187 ἐποίησεν
3208 4117 3236 4167 6
3274 4117 3404 4179 Θεὸς
3431 4117 3522 4170 τὸν
3551 4117 3646 4170 ἄνθ
3655 4135 3764 4188 ρω-

2185 4225 2313 4260 πον·
2353 4209 2470 4260 κατ’
2501 4207 2682 4262 εἰκόνα
2719 4207 2849 4260 Θεοῦ
2877 4207 3128 4276 ἐποίησεν
3159 4207 3337 4260 αὐτόν.
3360 4227 3376 4256 ι
3431 4207 3496 4259 ἸΙ
3537 4207 3635 4276 μὲν
3665 4203 3762 4260 οὖν

2187 4298 2346 4368 εἰκῲν
2367 4298 2458 4350 τοῦ
2481 4298 2636 4362 Θεοῦ,
2669 4299 2701 4368 ἠ
2727 4299 2782 4351 ἐν
2819 4297 2970 4368 πάσῃ
2992 4300 3057 4366 τῇ
3081 4297 3390 4366 ἀνθρωπίνῃ
3422 4296 3580 4364 φύσει
3619 4297 3760 4350 θεω-

2188 4317 2270 4350 εικ
2321 4317 2346 4350 ν
2367 4317 2458 4350 του
2481 4317 2636 4362 υεου,
2669 4317 2701 4368 η
2727 4317 2782 4351 εν
2819 4317 2970 4368 πασῃ
2992 4317 3057 4366 τῃ
3081 4317 3390 4366 ανορωπινῃ
3422 4317 3580 4364 quasi
3619 4317 3760 4350 σεω-

2188 4317 2441 4460 ρουὲένη,
2478 4391 2536 4443 τὸ
2563 4391 2713 4454 τέλος
2741 4389 2914 4458 ἔσχεν.
2955 4389 3011 4441 '0
3037 4389 3093 4441 δὲ
3139 4387 3306 4458 ’Λδὰμ
3331 4387 3479 4440 οὔπω
3505 4388 3724 4456 ἐγένετο
3743 4405 3760 4418 θ

2182 4483 2241 4536 τὸ
2268 4481 2374 4552 γὰρ
2413 4485 2598 4551 γήϊνον
2629 4481 2849 4550 πλάσμα
2881 4480 3020 4534 κατὰ
3063 4497 3180 4533 τινα
3223 4479 3612 4550 ὲτυμολογικὴν
3641 4481 3764 4532 ὀνο-

2187 4572 2384 4644 μασίαν
2409 4572 2622 4640 λέγεται
2663 4571 2850 4639 Ἀδὰμ.
2883 4571 3062 4634 καθώς
3091 4588 3253 4639 φασιν
3275 4571 3324 4622 οἱ
3357 4571 3454 4638 τῆς
3493 4570 3762 4640 Ἐϐραίων

2141 4697 2146 4702 -
2185 4666 2364 4736 φωνῆς
2390 4665 2712 4736 ὲπιίστορες.
2743 4667 2832 4718 Διὸ
2859 4665 2951 4718 καὶ
2982 4665 3011 4716 6
3045 4663 3362 4725 Ἀπόστολος
3389 4662 3762 4732 διαειςερόντως

2182 4759 2281 4828 τὴν
2307 4760 2534 4828 πάτριον
2557 4759 2664 4811 τῶν
2707 4757 3052 4828 Ἰσραηλιτῶν
3089 4755 3515 4824 πεπαιδευμένος
3549 4755 3759 4824 φωνὴν,

2183 4850 2275 4903 τὸν
2305 4853 2366 4902 ὲκ
2391 4851 2492 4920 γῆς
2520 4849 2804 4920 ἄνθρωπον
2831 4848 3011 4918 χοῖκὸν
3031 4847 3302 4916 ὀνομάζει,
3326 4847 3486 4898 οἱονεὶ
3519 4847 3764 4916 μεταϐα-

2184 4939 2292 4993 λὼν
2327 4941 2424 5009 τὴν
2452 4939 2546 4992 τοῦ
2583 4939 2750 5007 Ἀδὰμ
2795 4937 2983 5007 κλῆσιν
3027 4937 3106 4998 εἰς
3138 4935 3234 5005 τὴν
3281 4935 3504 4987 Ἐλλάδα
3549 4939 3758 5004 φωνήν.

2185 5035 2408 5102 Γέγονεν
2437 5029 2527 5086 οὖν
2555 5033 2672 5084 κατ’
2713 5029 2892 5082 εἰκόνα
2921 5031 2948 5081 6
2973 5025 3254 5096 ἄνθρωπος
3275 5067 3289 5086 ,
3321 5025 3351 5094 ἡ
3395 5024 3621 5077 καθόλου
3661 5025 3762 5091 φύ-

2151 5119 2268 5189 ’”’σις
2289 5166 2301 5188 ,
2333 5127 2393 5178 τὸ
2428 5122 2722 5178 θεοείκελον
2751 5121 2956 5191 χρῆμα.
2977 5119 3170 5188 Γέγονε
3194 5117 3249 5169 δὲ
3276 5119 3339 5186 τῇ
3364 5116 3762 5184 παντοδυναμιιι

2189 5220 2347 5288 σοφία
2379 5217 2497 5286 οὐχὶ
2533 5215 2696 5286 μέρος
2723 5213 2818 5266 τοῦ
2847 5213 2991 5276 ὅλου,
3027 5211 3140 5265 ἀλλ’
3172 5211 3315 5263 ἅπαν
3345 5208 3554 5279 ἀθρόως
3576 5208 3636 5260 τὸ
3659 5207 3760 5276 τῆς

2188 5310 2398 5380 φύσεως
2426 5308 2716 5378 πλήρωμα.
2741 5301 2892 5357 Εἷδεν
2929 5305 2956 5356 6
2997 5305 3208 5357 πάντων
3241 5302 3349 5352 τῶν
3380 5301 3632 5369 περάτων
3661 5317 3756 5352 περ

2187 5401 2629 5474 ριδεδραγμένος,
2657 5395 2836 5458 καθὼς
2881 5411 3042 5465 φησιν
3091 5396 3123 5465 ἡ
3161 5393 3382 5464 Γραφὴ,
3426 5393 3458 5462 ὴ
3500 5391 3760 5458 λέγουσα,

2192 5517 2210 5549 ι
2249 5497 2333 5548 Ἐν
2373 5497 2437 5564 τῇ
2471 5493 2612 5564 χειρὶ
2661 5488 2823 5542 αὑτοῦ
2853 5488 2920 5540 τὰ
2950 5487 3157 5557 πέρατα
3187 5485 3284 5553 τῆς
3321 5483 3458 5552 γῆς’
3487 5500 3507 5534 ι
3554 5477 3698 5535 εἶδεν
3735 5482 3758 5528 Ι

2133 5579 2136 5582 ’
2187 5589 2338 5652 εἰδὼς
2367 5587 2436 5641 τὰ
2467 5585 2641 5639 πάντα
2670 5583 2762 5636 καὶ
2795 5579 2924 5652 πρὶν
2953 5578 3214 5647 γενέσεως
3235 5572 3432 5640 αὐτῶν,
3457 5571 3748 5644 ἐμπεριλα-
