  <div class='ocr_page' id='page_1' title='image "/cluster/home/n/w/nwhite01/storage/ocr_20150623/44/hvd.32044012542270/112.png"; bbox 0 0 3996 6510; ppageno 0'>
   <div class='ocr_carea' id='block_1_1' title="bbox 296 445 386 500">
    <p class='ocr_par' dir='ltr' id='par_1_1' title="bbox 296 445 386 500">
     <span class='ocr_line' id='line_1_1' title="bbox 296 445 386 500; baseline -0.011 0"><span class='ocrx_word' id='word_1_1' title='bbox 296 445 386 500; x_wconf 71' lang='lat'><strong>205</strong></span> 
     </span>
    </p>
   </div>
   <div class='ocr_carea' id='block_1_2' title="bbox 1541 439 2247 498">
    <p class='ocr_par' dir='ltr' id='par_1_2' title="bbox 1541 439 2247 498">
     <span class='ocr_line' id='line_1_2' title="bbox 1541 439 2247 498; baseline -0.008 0"><span class='ocrx_word' id='word_1_2' title='bbox 1541 444 1582 498; x_wconf 87' lang='lat' dir='ltr'><strong>E</strong></span> <span class='ocrx_word' id='word_1_3' title='bbox 1623 440 1902 496; x_wconf 78' lang='lat' dir='ltr'><strong>HUMINIS</strong></span> <span class='ocrx_word' id='word_1_4' title='bbox 1938 439 2247 497; x_wconf 84' lang='lat' dir='ltr'><strong>OPlFlClO.</strong></span> 
     </span>
    </p>
   </div>
   <div class='ocr_carea' id='block_1_3' title="bbox 3375 435 3477 487">
    <p class='ocr_par' dir='ltr' id='par_1_3' title="bbox 3375 435 3477 487">
     <span class='ocr_line' id='line_1_3' title="bbox 3375 435 3477 487; baseline 0.01 -2"><span class='ocrx_word' id='word_1_5' title='bbox 3375 435 3477 487; x_wconf 68' lang='lat' dir='ltr'><strong>20b</strong></span> 
     </span>
    </p>
   </div>
   <div class='ocr_carea' id='block_1_4' title="bbox 297 529 1857 632">
    <p class='ocr_par' dir='ltr' id='par_1_4' title="bbox 297 529 1848 632">
     <span class='ocr_line' id='line_1_4' title="bbox 297 529 1848 632; baseline -0.003 -16"><span class='ocrx_word' id='word_1_6' title='bbox 297 563 393 617; x_wconf 73' lang='grc' dir='ltr'><strong>ϐὼν</strong></span> <span class='ocrx_word' id='word_1_7' title='bbox 425 562 487 632; x_wconf 77' lang='grc' dir='ltr'>τῇ</span> <span class='ocrx_word' id='word_1_8' title='bbox 538 561 734 626; x_wconf 81' lang='grc' dir='ltr'>γνώσει</span> <span class='ocrx_word' id='word_1_9' title='bbox 759 561 883 615; x_wconf 83' lang='grc' dir='ltr'>ὅσον</span> <span class='ocrx_word' id='word_1_10' title='bbox 903 563 1018 614; x_wconf 82' lang='grc' dir='ltr'>κατ’</span> <span class='ocrx_word' id='word_1_11' title='bbox 1035 557 1256 631; x_wconf 77' lang='grc' dir='ltr'>ἀριμθδν</span> <span class='ocrx_word' id='word_1_12' title='bbox 1275 559 1330 611; x_wconf 87' lang='grc' dir='ltr'><strong>ἐν</strong></span> <span class='ocrx_word' id='word_1_13' title='bbox 1346 559 1455 621; x_wconf 85' lang='grc' dir='ltr'>τοῖς</span> <span class='ocrx_word' id='word_1_14' title='bbox 1472 555 1588 612; x_wconf 84' lang='grc' dir='ltr'>καθ’</span> <span class='ocrx_word' id='word_1_15' title='bbox 1608 529 1848 614; x_wconf 75' lang='grc' dir='ltr'><strong>ἕκαστον1</strong></span> 
     </span>
    </p>
   </div>
   <div class='ocr_carea' id='block_1_5' title="bbox 1951 529 3478 632">
    <p class='ocr_par' dir='ltr' id='par_1_5' title="bbox 1951 552 3478 630">
     <span class='ocr_line' id='line_1_5' title="bbox 1951 552 3478 630; baseline -0.005 -17"><span class='ocrx_word' id='word_1_16' title='bbox 1951 557 2121 613; x_wconf 79' lang='lat' dir='ltr'><strong>:odem</strong></span> <span class='ocrx_word' id='word_1_17' title='bbox 2154 566 2428 613; x_wconf 91' lang='lat' dir='ltr'><strong>momento</strong></span> <span class='ocrx_word' id='word_1_18' title='bbox 2455 566 2648 613; x_wconf 88' lang='lat' dir='ltr'><strong>natura</strong></span> <span class='ocrx_word' id='word_1_19' title='bbox 2675 560 2884 630; x_wconf 84' lang='lat' dir='ltr'><strong>integra</strong></span> <span class='ocrx_word' id='word_1_20' title='bbox 2915 557 3220 614; x_wconf 79' lang='lat' dir='ltr'><strong>exsisteret.</strong></span> <span class='ocrx_word' id='word_1_21' title='bbox 3258 552 3478 623; x_wconf 89' lang='lat' dir='ltr'><strong>Prospi-</strong></span> 
     </span>
    </p>
   </div>
   <div class='ocr_carea' id='block_1_6' title="bbox 293 650 1834 724">
    <p class='ocr_par' dir='ltr' id='par_1_6' title="bbox 293 650 1834 724">
     <span class='ocr_line' id='line_1_6' title="bbox 293 650 1834 724; baseline -0.003 -15"><span class='ocrx_word' id='word_1_22' title='bbox 293 659 430 709; x_wconf 71' lang='grc' dir='ltr'>ἔσται</span> <span class='ocrx_word' id='word_1_23' title='bbox 483 650 542 703; x_wconf 75' lang='grc' dir='ltr'>τὸ</span> <span class='ocrx_word' id='word_1_24' title='bbox 589 651 940 720; x_wconf 88' lang='grc' dir='ltr'>ἀνθρώπινον.</span> <span class='ocrx_word' id='word_1_25' title='bbox 986 652 1135 705; x_wconf 76' lang='grc' dir='ltr'>Ἐπεὶ</span> <span class='ocrx_word' id='word_1_26' title='bbox 1186 654 1242 706; x_wconf 80' lang='grc' dir='ltr'><strong>δὲ</strong></span> <span class='ocrx_word' id='word_1_27' title='bbox 1293 654 1610 724; x_wconf 77' lang='grc' dir='ltr'>κατενόησεν</span> <span class='ocrx_word' id='word_1_28' title='bbox 1651 657 1708 706; x_wconf 83' lang='grc' dir='ltr'>ὲν</span> <span class='ocrx_word' id='word_1_29' title='bbox 1751 651 1834 722; x_wconf 79' lang='grc' dir='ltr'><strong>τῷ</strong></span> 
     </span>
    </p>
   </div>
   <div class='ocr_carea' id='block_1_7' title="bbox 294 743 1828 816">
    <p class='ocr_par' dir='ltr' id='par_1_7' title="bbox 294 743 1828 816">
     <span class='ocr_line' id='line_1_7' title="bbox 294 743 1828 816; baseline -0.003 -16"><span class='ocrx_word' id='word_1_30' title='bbox 294 747 549 812; x_wconf 77' lang='grc' dir='ltr'><strong>πλάσματι</strong></span> <span class='ocrx_word' id='word_1_31' title='bbox 594 743 748 813; x_wconf 77' lang='grc' dir='ltr'>ἡμῶν</span> <span class='ocrx_word' id='word_1_32' title='bbox 780 743 876 813; x_wconf 82' lang='grc' dir='ltr'>τὴν</span> <span class='ocrx_word' id='word_1_33' title='bbox 910 744 1044 815; x_wconf 80' lang='grc' dir='ltr'>πρὸς</span> <span class='ocrx_word' id='word_1_34' title='bbox 1072 747 1131 796; x_wconf 86' lang='grc' dir='ltr'><strong>τὸ</strong></span> <span class='ocrx_word' id='word_1_35' title='bbox 1180 747 1355 816; x_wconf 80' lang='grc' dir='ltr'>χεῖρον</span> <span class='ocrx_word' id='word_1_36' title='bbox 1394 747 1565 815; x_wconf 77' lang='grc' dir='ltr'>ῥοπὴν</span> <span class='ocrx_word' id='word_1_37' title='bbox 1588 786 1602 807; x_wconf 88' lang='grc'><strong>,</strong></span> <span class='ocrx_word' id='word_1_38' title='bbox 1633 746 1725 799; x_wconf 70' lang='grc' dir='ltr'><strong>καὶ</strong></span> <span class='ocrx_word' id='word_1_39' title='bbox 1748 746 1828 798; x_wconf 84' lang='grc' dir='ltr'>ὅτι</span> 
     </span>
    </p>
   </div>
   <div class='ocr_carea' id='block_1_8' title="bbox 290 835 1894 922">
    <p class='ocr_par' dir='ltr' id='par_1_8' title="bbox 290 835 1894 922">
     <span class='ocr_line' id='line_1_8' title="bbox 290 835 1894 922; baseline -0.001 -33"><span class='ocrx_word' id='word_1_40' title='bbox 290 840 378 906; x_wconf 82' lang='grc' dir='ltr'>τῆς</span> <span class='ocrx_word' id='word_1_41' title='bbox 418 835 546 904; x_wconf 72' lang='grc' dir='ltr'>πρὸς</span> <span class='ocrx_word' id='word_1_42' title='bbox 576 837 700 896; x_wconf 81' lang='grc' dir='ltr'>τοὺς</span> <span class='ocrx_word' id='word_1_43' title='bbox 731 835 994 903; x_wconf 84' lang='grc' dir='ltr'>ἀγγέλους</span> <span class='ocrx_word' id='word_1_44' title='bbox 1031 837 1317 906; x_wconf 85' lang='grc' dir='ltr'>ὁμοτιμίας</span> <span class='ocrx_word' id='word_1_45' title='bbox 1364 838 1623 900; x_wconf 79' lang='grc' dir='ltr'>ἑκουσίως</span> <span class='ocrx_word' id='word_1_46' title='bbox 1656 837 1828 908; x_wconf 80' lang='grc' dir='ltr'>ἀπορο</span> <span class='ocrx_word' id='word_1_47' title='bbox 1863 905 1894 922; x_wconf 40' lang='grc' dir='ltr'><strong><em>ί</em></strong></span> 
     </span>
    </p>
   </div>
   <div class='ocr_carea' id='block_1_9' title="bbox 293 923 1876 999">
    <p class='ocr_par' dir='ltr' id='par_1_9' title="bbox 293 923 1876 999">
     <span class='ocr_line' id='line_1_9' title="bbox 293 923 1876 999; baseline 0.002 -20"><span class='ocrx_word' id='word_1_48' title='bbox 293 927 424 999; x_wconf 77' lang='grc' dir='ltr'>ῥυὲν,</span> <span class='ocrx_word' id='word_1_49' title='bbox 458 925 551 995; x_wconf 80' lang='grc' dir='ltr'>τὴν</span> <span class='ocrx_word' id='word_1_50' title='bbox 583 925 715 996; x_wconf 78' lang='grc' dir='ltr'>πρὸς</span> <span class='ocrx_word' id='word_1_51' title='bbox 742 923 803 976; x_wconf 84' lang='grc' dir='ltr'><strong>τὸ</strong></span> <span class='ocrx_word' id='word_1_52' title='bbox 837 926 1085 978; x_wconf 81' lang='grc' dir='ltr'>ταπεινὸν</span> <span class='ocrx_word' id='word_1_53' title='bbox 1110 926 1390 980; x_wconf 72' lang='grc' dir='ltr'>κοινωνίαν</span> <span class='ocrx_word' id='word_1_54' title='bbox 1419 927 1876 997; x_wconf 58' lang='grc' dir='ltr'>προσοικειώσε-’δ</span> 
     </span>
    </p>
   </div>
   <div class='ocr_carea' id='block_1_10' title="bbox 289 1015 1830 1088">
    <p class='ocr_par' dir='ltr' id='par_1_10' title="bbox 289 1015 1830 1088">
     <span class='ocr_line' id='line_1_10' title="bbox 289 1015 1830 1088; baseline -0.002 -16"><span class='ocrx_word' id='word_1_55' title='bbox 289 1035 394 1072; x_wconf 83' lang='grc' dir='ltr'>ται·</span> <span class='ocrx_word' id='word_1_56' title='bbox 421 1017 506 1067; x_wconf 80' lang='grc' dir='ltr'><strong>διὰ</strong></span> <span class='ocrx_word' id='word_1_57' title='bbox 549 1015 716 1068; x_wconf 89' lang='grc' dir='ltr'>ταῦτα</span> <span class='ocrx_word' id='word_1_58' title='bbox 743 1017 998 1086; x_wconf 74' lang='grc' dir='ltr'>ιῑατέμιξέ</span> <span class='ocrx_word' id='word_1_59' title='bbox 1035 1035 1087 1070; x_wconf 88' lang='grc' dir='ltr'><strong>τι</strong></span> <span class='ocrx_word' id='word_1_60' title='bbox 1122 1018 1214 1071; x_wconf 72' lang='grc' dir='ltr'><strong>καὶ</strong></span> <span class='ocrx_word' id='word_1_61' title='bbox 1252 1017 1344 1071; x_wconf 89' lang='grc' dir='ltr'><strong>τοῦ</strong></span> <span class='ocrx_word' id='word_1_62' title='bbox 1391 1017 1584 1085; x_wconf 84' lang='grc' dir='ltr'><strong>ἀλόγου</strong></span> <span class='ocrx_word' id='word_1_63' title='bbox 1613 1020 1677 1088; x_wconf 77' lang='grc' dir='ltr'>τῇ</span> <span class='ocrx_word' id='word_1_64' title='bbox 1725 1017 1830 1088; x_wconf 71' lang='grc' dir='ltr'>ἰδίᾳ</span> 
     </span>
    </p>
   </div>
   <div class='ocr_carea' id='block_1_11' title="bbox 288 1106 1832 1177">
    <p class='ocr_par' dir='ltr' id='par_1_11' title="bbox 288 1106 1832 1177">
     <span class='ocr_line' id='line_1_11' title="bbox 288 1106 1832 1177; baseline -0.003 -15"><span class='ocrx_word' id='word_1_65' title='bbox 288 1109 459 1162; x_wconf 77' lang='grc' dir='ltr'>εἰκόνι.</span> <span class='ocrx_word' id='word_1_66' title='bbox 484 1108 556 1159; x_wconf 83' lang='grc' dir='ltr'><strong>Οὐ</strong></span> <span class='ocrx_word' id='word_1_67' title='bbox 587 1107 692 1174; x_wconf 82' lang='grc' dir='ltr'>γάρ</span> <span class='ocrx_word' id='word_1_68' title='bbox 715 1107 858 1159; x_wconf 79' lang='grc' dir='ltr'>ἐστιν</span> <span class='ocrx_word' id='word_1_69' title='bbox 881 1109 936 1159; x_wconf 80' lang='grc' dir='ltr'><strong>ἐν</strong></span> <span class='ocrx_word' id='word_1_70' title='bbox 963 1110 1025 1177; x_wconf 83' lang='grc' dir='ltr'>τῇ</span> <span class='ocrx_word' id='word_1_71' title='bbox 1056 1107 1174 1177; x_wconf 68' lang='grc' dir='ltr'>θείᾳ</span> <span class='ocrx_word' id='word_1_72' title='bbox 1197 1124 1254 1159; x_wconf 91' lang='grc' dir='ltr'><strong>τε</strong></span> <span class='ocrx_word' id='word_1_73' title='bbox 1280 1108 1371 1160; x_wconf 81' lang='grc' dir='ltr'><strong>καὶ</strong></span> <span class='ocrx_word' id='word_1_74' title='bbox 1399 1107 1643 1177; x_wconf 77' lang='grc' dir='ltr'>μακαρία</span> <span class='ocrx_word' id='word_1_75' title='bbox 1675 1106 1832 1176; x_wconf 82' lang='grc' dir='ltr'>φύσει</span> 
     </span>
    </p>
   </div>
   <div class='ocr_carea' id='block_1_12' title="bbox 288 1195 1831 1270">
    <p class='ocr_par' dir='ltr' id='par_1_12' title="bbox 288 1195 1831 1270">
     <span class='ocr_line' id='line_1_12' title="bbox 288 1195 1831 1270; baseline -0.001 -20"><span class='ocrx_word' id='word_1_76' title='bbox 288 1203 315 1270; x_wconf 77' lang='grc' dir='ltr'>ἡ</span> <span class='ocrx_word' id='word_1_77' title='bbox 345 1198 478 1251; x_wconf 79' lang='grc' dir='ltr'>κατὰ</span> <span class='ocrx_word' id='word_1_78' title='bbox 502 1197 561 1249; x_wconf 73' lang='grc' dir='ltr'>τὸ</span> <span class='ocrx_word' id='word_1_79' title='bbox 581 1197 744 1268; x_wconf 72' lang='grc' dir='ltr'>ἄρρεν</span> <span class='ocrx_word' id='word_1_80' title='bbox 778 1198 866 1249; x_wconf 71' lang='grc' dir='ltr'><strong>καὶ</strong></span> <span class='ocrx_word' id='word_1_81' title='bbox 896 1195 1028 1267; x_wconf 81' lang='grc' dir='ltr'>θῆλυ</span> <span class='ocrx_word' id='word_1_82' title='bbox 1062 1197 1293 1268; x_wconf 83' lang='grc' dir='ltr'>διαφορά</span> <span class='ocrx_word' id='word_1_83' title='bbox 1315 1214 1329 1227; x_wconf 77' lang='grc'><strong><em>⁸</em></strong></span> <span class='ocrx_word' id='word_1_84' title='bbox 1357 1197 1488 1250; x_wconf 84' lang='grc' dir='ltr'><strong>ἀλλά</strong></span> <span class='ocrx_word' id='word_1_85' title='bbox 1512 1199 1611 1266; x_wconf 87' lang='grc' dir='ltr'>τῆς</span> <span class='ocrx_word' id='word_1_86' title='bbox 1638 1197 1831 1265; x_wconf 78' lang='grc' dir='ltr'><strong>ἀλόγου</strong></span> 
     </span>
    </p>
   </div>
   <div class='ocr_carea' id='block_1_13' title="bbox 285 1287 1828 1360">
    <p class='ocr_par' dir='ltr' id='par_1_13' title="bbox 285 1287 1828 1360">
     <span class='ocr_line' id='line_1_13' title="bbox 285 1287 1828 1360; baseline -0.001 -16"><span class='ocrx_word' id='word_1_87' title='bbox 285 1289 612 1357; x_wconf 81' lang='grc' dir='ltr'>κατασκευῆς</span> <span class='ocrx_word' id='word_1_88' title='bbox 642 1290 730 1341; x_wconf 74' lang='grc' dir='ltr'>ἐπὶ</span> <span class='ocrx_word' id='word_1_89' title='bbox 757 1289 845 1340; x_wconf 72' lang='grc' dir='ltr'>τὸν</span> <span class='ocrx_word' id='word_1_90' title='bbox 869 1289 1146 1360; x_wconf 65' lang='grc' dir='ltr'>ἄνθρωποι</span> <span class='ocrx_word' id='word_1_91' title='bbox 1173 1287 1509 1359; x_wconf 88' lang='grc' dir='ltr'>μετενεγκὼν</span> <span class='ocrx_word' id='word_1_92' title='bbox 1533 1290 1594 1341; x_wconf 85' lang='grc' dir='ltr'><strong>τὸ</strong></span> <span class='ocrx_word' id='word_1_93' title='bbox 1619 1289 1828 1359; x_wconf 84' lang='grc' dir='ltr'><strong>ἰδίωμα,</strong></span> 
     </span>
    </p>
   </div>
   <div class='ocr_carea' id='block_1_14' title="bbox 1927 644 3481 719">
    <p class='ocr_par' dir='ltr' id='par_1_14' title="bbox 1927 644 3481 719">
     <span class='ocr_line' id='line_1_14' title="bbox 1927 644 3481 719; baseline -0.005 -16"><span class='ocrx_word' id='word_1_94' title='bbox 1927 649 2108 704; x_wconf 91' lang='lat' dir='ltr'><strong>ciebat</strong></span> <span class='ocrx_word' id='word_1_95' title='bbox 2141 649 2287 703; x_wconf 89' lang='lat' dir='ltr'><strong>enim</strong></span> <span class='ocrx_word' id='word_1_96' title='bbox 2332 650 2379 703; x_wconf 88' lang='lat' dir='ltr'><strong>is</strong></span> <span class='ocrx_word' id='word_1_97' title='bbox 2410 651 2499 719; x_wconf 89' lang='lat' dir='ltr'><strong>qui</strong></span> <span class='ocrx_word' id='word_1_98' title='bbox 2538 649 2672 705; x_wconf 83' lang='lat' dir='ltr'><strong>lines</strong></span> <span class='ocrx_word' id='word_1_99' title='bbox 2696 665 2875 704; x_wconf 88' lang='lat' dir='ltr'><strong>rerum</strong></span> <span class='ocrx_word' id='word_1_100' title='bbox 2923 649 3164 703; x_wconf 91' lang='lat' dir='ltr'><strong>omnium</strong></span> <span class='ocrx_word' id='word_1_101' title='bbox 3196 644 3349 716; x_wconf 87' lang='lat' dir='ltr'><strong>quasi</strong></span> <span class='ocrx_word' id='word_1_102' title='bbox 3381 660 3481 714; x_wconf 88' lang='lat' dir='ltr'><strong>pu-</strong></span> 
     </span>
    </p>
   </div>
   <div class='ocr_carea' id='block_1_15' title="bbox 1927 733 3480 811">
    <p class='ocr_par' dir='ltr' id='par_1_15' title="bbox 1927 733 3480 811">
     <span class='ocr_line' id='line_1_15' title="bbox 1927 733 3480 811; baseline -0.003 -18"><span class='ocrx_word' id='word_1_103' title='bbox 1927 756 2032 810; x_wconf 85' lang='lat' dir='ltr'><strong>gno</strong></span> <span class='ocrx_word' id='word_1_104' title='bbox 2063 741 2494 811; x_wconf 88' lang='lat' dir='ltr'><strong>comprehendit,</strong></span> <span class='ocrx_word' id='word_1_105' title='bbox 2541 740 2644 810; x_wconf 91' lang='lat' dir='ltr'><strong>(sic</strong></span> <span class='ocrx_word' id='word_1_106' title='bbox 2683 743 2828 795; x_wconf 90' lang='lat' dir='ltr'><strong>enim</strong></span> <span class='ocrx_word' id='word_1_107' title='bbox 2875 756 3062 796; x_wconf 89' lang='lat' dir='ltr'><strong>sacros</strong></span> <span class='ocrx_word' id='word_1_108' title='bbox 3094 739 3285 792; x_wconf 87' lang='lat' dir='ltr'><strong>Libros</strong></span> <span class='ocrx_word' id='word_1_109' title='bbox 3331 733 3480 805; x_wconf 86' lang='lat' dir='ltr'><strong>loqui</strong></span> 
     </span>
    </p>
   </div>
   <div class='ocr_carea' id='block_1_16' title="bbox 1926 827 3480 902">
    <p class='ocr_par' dir='ltr' id='par_1_16' title="bbox 1926 827 3480 902">
     <span class='ocr_line' id='line_1_16' title="bbox 1926 827 3480 902; baseline -0.004 -16"><span class='ocrx_word' id='word_1_110' title='bbox 1926 833 2172 887; x_wconf 87' lang='lat' dir='ltr'><strong>videmus</strong></span> <span class='ocrx_word' id='word_1_111' title='bbox 2229 850 2243 886; x_wconf 92' lang='lat'><strong>:</strong></span> <span class='ocrx_word' id='word_1_112' title='bbox 2304 849 2324 884; x_wconf 78' lang='grc' dir='ltr'><strong>ι</strong></span> <span class='ocrx_word' id='word_1_113' title='bbox 2392 830 2450 886; x_wconf 84' lang='lat' dir='ltr'><strong>In</strong></span> <span class='ocrx_word' id='word_1_114' title='bbox 2504 848 2670 886; x_wconf 88' lang='lat' dir='ltr'><strong>manu</strong></span> <span class='ocrx_word' id='word_1_115' title='bbox 2727 832 2846 902; x_wconf 87' lang='lat' dir='ltr'><strong>ejus</strong></span> <span class='ocrx_word' id='word_1_116' title='bbox 2900 847 3090 886; x_wconf 90' lang='lat' dir='ltr'><strong>omnes</strong></span> <span class='ocrx_word' id='word_1_117' title='bbox 3147 827 3303 884; x_wconf 77' lang='lat' dir='ltr'><strong>terrae</strong></span> <span class='ocrx_word' id='word_1_118' title='bbox 3347 827 3480 881; x_wconf 83' lang='lat' dir='ltr'><strong>ﬁnes</strong></span> 
     </span>
    </p>
   </div>
   <div class='ocr_carea' id='block_1_17' title="bbox 1928 921 3484 997">
    <p class='ocr_par' dir='ltr' id='par_1_17' title="bbox 1928 921 3484 997">
     <span class='ocr_line' id='line_1_17' title="bbox 1928 921 3484 997; baseline -0.003 -18"><span class='ocrx_word' id='word_1_119' title='bbox 1928 934 2055 980; x_wconf 91' lang='lat' dir='ltr'><strong>sunt</strong></span> <span class='ocrx_word' id='word_1_120' title='bbox 2077 925 2204 997; x_wconf 64' lang='lat'><strong>73;»)</strong></span> <span class='ocrx_word' id='word_1_121' title='bbox 2240 923 2606 994; x_wconf 82' lang='lat' dir='ltr'><strong>prospiciebat</strong></span> <span class='ocrx_word' id='word_1_122' title='bbox 2634 939 2765 994; x_wconf 88' lang='lat' dir='ltr'><strong>ergo</strong></span> <span class='ocrx_word' id='word_1_123' title='bbox 2789 964 2804 988; x_wconf 93' lang='lat'><strong>,</strong></span> <span class='ocrx_word' id='word_1_124' title='bbox 2838 924 2930 994; x_wconf 89' lang='lat' dir='ltr'><strong>qui</strong></span> <span class='ocrx_word' id='word_1_125' title='bbox 2955 921 3135 977; x_wconf 69' lang='lat' dir='ltr'><strong>&quot;omnia</strong></span> <span class='ocrx_word' id='word_1_126' title='bbox 3164 923 3328 977; x_wconf 89' lang='lat' dir='ltr'><strong>etiam</strong></span> <span class='ocrx_word' id='word_1_127' title='bbox 3358 927 3484 974; x_wconf 82' lang='lat' dir='ltr'><strong>ante</strong></span> 
     </span>
    </p>
   </div>
   <div class='ocr_carea' id='block_1_18' title="bbox 1928 1013 3482 1084">
    <p class='ocr_par' dir='ltr' id='par_1_18' title="bbox 1928 1013 3482 1084">
     <span class='ocr_line' id='line_1_18' title="bbox 1928 1013 3482 1084; baseline -0.003 -15"><span class='ocrx_word' id='word_1_128' title='bbox 1928 1022 2106 1069; x_wconf 92' lang='lat' dir='ltr'><strong>ortum</strong></span> <span class='ocrx_word' id='word_1_129' title='bbox 2153 1015 2395 1084; x_wconf 90' lang='lat' dir='ltr'><strong>ipsorum</strong></span> <span class='ocrx_word' id='word_1_130' title='bbox 2439 1014 2610 1077; x_wconf 90' lang='lat' dir='ltr'><strong>novit,</strong></span> <span class='ocrx_word' id='word_1_131' title='bbox 2659 1029 2820 1082; x_wconf 82' lang='lat' dir='ltr'><strong>quem</strong></span> <span class='ocrx_word' id='word_1_132' title='bbox 2863 1013 2928 1066; x_wconf 92' lang='lat' dir='ltr'><strong>ad</strong></span> <span class='ocrx_word' id='word_1_133' title='bbox 2979 1028 3260 1067; x_wconf 83' lang='lat' dir='ltr'><strong>numerum</strong></span> <span class='ocrx_word' id='word_1_134' title='bbox 3311 1023 3482 1080; x_wconf 85' lang='lat' dir='ltr'><strong>genus</strong></span> 
     </span>
    </p>
   </div>
   <div class='ocr_carea' id='block_1_19' title="bbox 1932 1104 3484 1175">
    <p class='ocr_par' dir='ltr' id='par_1_19' title="bbox 1932 1104 3484 1175">
     <span class='ocr_line' id='line_1_19' title="bbox 1932 1104 3484 1175; baseline -0.003 -15"><span class='ocrx_word' id='word_1_135' title='bbox 1932 1106 2228 1160; x_wconf 88' lang='lat' dir='ltr'><strong>humanum</strong></span> <span class='ocrx_word' id='word_1_136' title='bbox 2258 1105 2312 1158; x_wconf 92' lang='lat' dir='ltr'><strong>in</strong></span> <span class='ocrx_word' id='word_1_137' title='bbox 2339 1105 2570 1175; x_wconf 81' lang='lat' dir='ltr'><strong>singulis</strong></span> <span class='ocrx_word' id='word_1_138' title='bbox 2595 1104 3028 1173; x_wconf 79' lang='lat' dir='ltr'><strong>ampliﬁcandum</strong></span> <span class='ocrx_word' id='word_1_139' title='bbox 3061 1104 3215 1158; x_wconf 79' lang='lat' dir='ltr'><strong>foret.</strong></span> <span class='ocrx_word' id='word_1_140' title='bbox 3240 1104 3484 1172; x_wconf 81' lang='lat' dir='ltr'><strong>Cumque</strong></span> 
     </span>
    </p>
   </div>
   <div class='ocr_carea' id='block_1_20' title="bbox 1931 1193 3486 1258">
    <p class='ocr_par' dir='ltr' id='par_1_20' title="bbox 1931 1193 3486 1258">
     <span class='ocr_line' id='line_1_20' title="bbox 1931 1193 3486 1258; baseline -0.003 -8"><span class='ocrx_word' id='word_1_141' title='bbox 1931 1204 1986 1251; x_wconf 89' lang='lat' dir='ltr'><strong>et</strong></span> <span class='ocrx_word' id='word_1_142' title='bbox 2024 1197 2156 1249; x_wconf 88' lang='lat' dir='ltr'><strong>illud</strong></span> <span class='ocrx_word' id='word_1_143' title='bbox 2210 1197 2265 1250; x_wconf 87' lang='lat' dir='ltr'><strong>in</strong></span> <span class='ocrx_word' id='word_1_144' title='bbox 2317 1197 2475 1251; x_wconf 90' lang='lat' dir='ltr'><strong>nobis</strong></span> <span class='ocrx_word' id='word_1_145' title='bbox 2516 1197 2754 1250; x_wconf 82' lang='lat' dir='ltr'><strong>futurum</strong></span> <span class='ocrx_word' id='word_1_146' title='bbox 2804 1195 3275 1258; x_wconf 88' lang='lat' dir='ltr'><strong>animadverteret,</strong></span> <span class='ocrx_word' id='word_1_147' title='bbox 3309 1202 3368 1247; x_wconf 91' lang='lat' dir='ltr'><strong>ut</strong></span> <span class='ocrx_word' id='word_1_148' title='bbox 3418 1193 3486 1246; x_wconf 89' lang='lat' dir='ltr'><strong>ad</strong></span> 
     </span>
    </p>
   </div>
   <div class='ocr_carea' id='block_1_21' title="bbox 1934 1285 3486 1354">
    <p class='ocr_par' dir='ltr' id='par_1_21' title="bbox 1934 1285 3486 1354">
     <span class='ocr_line' id='line_1_21' title="bbox 1934 1285 3486 1354; baseline -0.002 -12"><span class='ocrx_word' id='word_1_149' title='bbox 1934 1298 2135 1342; x_wconf 90' lang='lat' dir='ltr'><strong>statum</strong></span> <span class='ocrx_word' id='word_1_150' title='bbox 2166 1289 2490 1344; x_wconf 88' lang='lat' dir='ltr'><strong>deteriorem</strong></span> <span class='ocrx_word' id='word_1_151' title='bbox 2518 1297 2730 1343; x_wconf 84' lang='lat' dir='ltr'><strong>nosmet</strong></span> <span class='ocrx_word' id='word_1_152' title='bbox 2751 1286 3176 1350; x_wconf 88' lang='lat' dir='ltr'><strong>demitteremus,</strong></span> <span class='ocrx_word' id='word_1_153' title='bbox 3208 1293 3368 1354; x_wconf 88' lang='lat' dir='ltr'><strong>atque</strong></span> <span class='ocrx_word' id='word_1_154' title='bbox 3393 1285 3486 1339; x_wconf 78' lang='lat' dir='ltr'><strong>de-</strong></span> 
     </span>
    </p>
   </div>
   <div class='ocr_carea' id='block_1_22' title="bbox 285 1377 1857 1461">
    <p class='ocr_par' dir='ltr' id='par_1_22' title="bbox 285 1378 1834 1450">
     <span class='ocr_line' id='line_1_22' title="bbox 285 1378 1834 1450; baseline -0.003 -15"><span class='ocrx_word' id='word_1_155' title='bbox 285 1385 340 1435; x_wconf 81' lang='grc' dir='ltr'><strong>ού</strong></span> <span class='ocrx_word' id='word_1_156' title='bbox 377 1379 512 1434; x_wconf 78' lang='grc' dir='ltr'><strong>κατά</strong></span> <span class='ocrx_word' id='word_1_157' title='bbox 543 1379 601 1432; x_wconf 78' lang='grc' dir='ltr'><strong>τὸ</strong></span> <span class='ocrx_word' id='word_1_158' title='bbox 630 1380 829 1449; x_wconf 61' lang='grc' dir='ltr'>ὑψηλὸν</span> <span class='ocrx_word' id='word_1_159' title='bbox 876 1379 973 1448; x_wconf 83' lang='grc' dir='ltr'>τῆς</span> <span class='ocrx_word' id='word_1_160' title='bbox 1016 1379 1242 1442; x_wconf 86' lang='grc' dir='ltr'>κτίσεως</span> <span class='ocrx_word' id='word_1_161' title='bbox 1273 1380 1428 1450; x_wconf 78' lang='grc' dir='ltr'>ἡμῶν</span> <span class='ocrx_word' id='word_1_162' title='bbox 1478 1380 1567 1432; x_wconf 81' lang='grc' dir='ltr'><strong>τὸν</strong></span> <span class='ocrx_word' id='word_1_163' title='bbox 1610 1378 1834 1430; x_wconf 77' lang='grc' dir='ltr'>πλεονα-</span> 
     </span>
    </p>
   </div>
   <div class='ocr_carea' id='block_1_23' title="bbox 1951 1377 3488 1461">
    <p class='ocr_par' dir='ltr' id='par_1_23' title="bbox 1951 1377 3488 1461">
     <span class='ocr_line' id='line_1_23' title="bbox 1951 1377 3488 1461; baseline -0.003 -28"><span class='ocrx_word' id='word_1_164' title='bbox 1951 1379 2152 1446; x_wconf 62' lang='grc' dir='ltr'>ιρι·άίιο</span> <span class='ocrx_word' id='word_1_165' title='bbox 2182 1388 2376 1449; x_wconf 86' lang='lat' dir='ltr'><strong>sponte</strong></span> <span class='ocrx_word' id='word_1_166' title='bbox 2406 1389 2609 1461; x_wconf 71' lang='lat' dir='ltr'><strong>nostra:</strong></span> <span class='ocrx_word' id='word_1_167' title='bbox 2636 1378 2912 1448; x_wconf 80' lang='lat' dir='ltr'><strong>dignitatis</strong></span> <span class='ocrx_word' id='word_1_168' title='bbox 2949 1377 3144 1448; x_wconf 89' lang='lat' dir='ltr'><strong>gradu,</strong></span> <span class='ocrx_word' id='word_1_169' title='bbox 3185 1392 3293 1446; x_wconf 92' lang='lat' dir='ltr'><strong>quo</strong></span> <span class='ocrx_word' id='word_1_170' title='bbox 3332 1391 3488 1445; x_wconf 88' lang='lat' dir='ltr'><strong>pares</strong></span> 
     </span>
    </p>
   </div>
   <div class='ocr_carea' id='block_1_24' title="bbox 286 1470 1835 1545">
    <p class='ocr_par' dir='ltr' id='par_1_24' title="bbox 286 1470 1835 1545">
     <span class='ocr_line' id='line_1_24' title="bbox 286 1470 1835 1545; baseline -0.003 -19"><span class='ocrx_word' id='word_1_171' title='bbox 286 1474 413 1545; x_wconf 80' lang='grc' dir='ltr'>σμὸν</span> <span class='ocrx_word' id='word_1_172' title='bbox 438 1470 514 1542; x_wconf 80' lang='grc' dir='ltr'>τῷ</span> <span class='ocrx_word' id='word_1_173' title='bbox 536 1473 682 1540; x_wconf 81' lang='grc' dir='ltr'>γένει</span> <span class='ocrx_word' id='word_1_174' title='bbox 711 1472 1009 1543; x_wconf 76' lang='grc' dir='ltr'>χαρίζεται.</span> <span class='ocrx_word' id='word_1_175' title='bbox 1045 1472 1118 1524; x_wconf 86' lang='grc' dir='ltr'><strong>Οὐ</strong></span> <span class='ocrx_word' id='word_1_176' title='bbox 1157 1471 1264 1544; x_wconf 81' lang='grc' dir='ltr'>γὰρ</span> <span class='ocrx_word' id='word_1_177' title='bbox 1303 1472 1389 1523; x_wconf 84' lang='grc' dir='ltr'>ὅτε</span> <span class='ocrx_word' id='word_1_178' title='bbox 1422 1471 1481 1522; x_wconf 86' lang='grc' dir='ltr'><strong>τὸ</strong></span> <span class='ocrx_word' id='word_1_179' title='bbox 1509 1471 1622 1522; x_wconf 80' lang='grc' dir='ltr'>κατ’</span> <span class='ocrx_word' id='word_1_180' title='bbox 1654 1470 1835 1522; x_wconf 78' lang='grc' dir='ltr'>εἰκόνα</span> 
     </span>
    </p>
   </div>
   <div class='ocr_carea' id='block_1_25' title="bbox 285 1559 1835 1633">
    <p class='ocr_par' dir='ltr' id='par_1_25' title="bbox 285 1559 1835 1633">
     <span class='ocr_line' id='line_1_25' title="bbox 285 1559 1835 1633; baseline -0.005 -15"><span class='ocrx_word' id='word_1_181' title='bbox 285 1565 489 1633; x_wconf 81' lang='grc' dir='ltr'>ἐποίησε</span> <span class='ocrx_word' id='word_1_182' title='bbox 515 1604 528 1627; x_wconf 89' lang='grc'><strong>,</strong></span> <span class='ocrx_word' id='word_1_183' title='bbox 561 1564 678 1615; x_wconf 88' lang='grc' dir='ltr'>τότε</span> <span class='ocrx_word' id='word_1_184' title='bbox 710 1562 804 1633; x_wconf 76' lang='grc' dir='ltr'>τὴν</span> <span class='ocrx_word' id='word_1_185' title='bbox 836 1561 929 1614; x_wconf 82' lang='grc' dir='ltr'><strong>τοῦ</strong></span> <span class='ocrx_word' id='word_1_186' title='bbox 963 1562 1282 1628; x_wconf 75' lang='grc' dir='ltr'>αὐξάνεσθαι</span> <span class='ocrx_word' id='word_1_187' title='bbox 1331 1562 1424 1614; x_wconf 73' lang='grc' dir='ltr'><strong>καὶ</strong></span> <span class='ocrx_word' id='word_1_188' title='bbox 1474 1559 1835 1631; x_wconf 76' lang='grc' dir='ltr'>πληθύνεσθαι</span> 
     </span>
    </p>
   </div>
   <div class='ocr_carea' id='block_1_26' title="bbox 280 1653 1838 1728">
    <p class='ocr_par' dir='ltr' id='par_1_26' title="bbox 280 1653 1838 1728">
     <span class='ocr_line' id='line_1_26' title="bbox 280 1653 1838 1728; baseline -0.006 -15"><span class='ocrx_word' id='word_1_189' title='bbox 280 1661 494 1728; x_wconf 80' lang='grc' dir='ltr'>δύναμιν</span> <span class='ocrx_word' id='word_1_190' title='bbox 526 1656 603 1726; x_wconf 81' lang='grc' dir='ltr'>τῷ</span> <span class='ocrx_word' id='word_1_191' title='bbox 633 1655 901 1725; x_wconf 79' lang='grc' dir='ltr'>ἀνθρώπῳ</span> <span class='ocrx_word' id='word_1_192' title='bbox 928 1653 1262 1724; x_wconf 78' lang='grc' dir='ltr'>προσέθηκεν</span> <span class='ocrx_word' id='word_1_193' title='bbox 1284 1694 1298 1716; x_wconf 83' lang='grc'><strong>,</strong></span> <span class='ocrx_word' id='word_1_194' title='bbox 1330 1654 1442 1706; x_wconf 84' lang='grc' dir='ltr'>ἀλλ’</span> <span class='ocrx_word' id='word_1_195' title='bbox 1483 1654 1569 1705; x_wconf 83' lang='grc' dir='ltr'>ὅτε</span> <span class='ocrx_word' id='word_1_196' title='bbox 1603 1653 1838 1720; x_wconf 84' lang='grc' dir='ltr'>διέκρινε</span> 
     </span>
    </p>
   </div>
   <div class='ocr_carea' id='block_1_27' title="bbox 1936 1469 3492 1542">
    <p class='ocr_par' dir='ltr' id='par_1_27' title="bbox 1936 1469 3492 1542">
     <span class='ocr_line' id='line_1_27' title="bbox 1936 1469 3492 1542; baseline -0.003 -18"><span class='ocrx_word' id='word_1_197' title='bbox 1936 1471 2144 1542; x_wconf 83' lang='lat' dir='ltr'><strong>angelis</strong></span> <span class='ocrx_word' id='word_1_198' title='bbox 2191 1486 2430 1536; x_wconf 91' lang='lat' dir='ltr'><strong>eramus,</strong></span> <span class='ocrx_word' id='word_1_199' title='bbox 2484 1472 2550 1525; x_wconf 87' lang='lat' dir='ltr'><strong>ad</strong></span> <span class='ocrx_word' id='word_1_200' title='bbox 2597 1470 2902 1525; x_wconf 90' lang='lat' dir='ltr'><strong>humilioris</strong></span> <span class='ocrx_word' id='word_1_201' title='bbox 2953 1469 3118 1524; x_wconf 88' lang='lat' dir='ltr'><strong>sortis</strong></span> <span class='ocrx_word' id='word_1_202' title='bbox 3164 1475 3344 1524; x_wconf 89' lang='lat' dir='ltr'><strong>creata</strong></span> <span class='ocrx_word' id='word_1_203' title='bbox 3390 1482 3492 1520; x_wconf 89' lang='lat' dir='ltr'><strong>nos</strong></span> 
     </span>
    </p>
   </div>
   <div class='ocr_carea' id='block_1_28' title="bbox 1937 1559 3494 1632">
    <p class='ocr_par' dir='ltr' id='par_1_28' title="bbox 1937 1559 3494 1632">
     <span class='ocr_line' id='line_1_28' title="bbox 1937 1559 3494 1632; baseline -0.004 -16"><span class='ocrx_word' id='word_1_204' title='bbox 1937 1563 2362 1632; x_wconf 86' lang='lat' dir='ltr'><strong>adjungeremus</strong></span> <span class='ocrx_word' id='word_1_205' title='bbox 2393 1581 2406 1617; x_wconf 88' lang='lat'><strong>:</strong></span> <span class='ocrx_word' id='word_1_206' title='bbox 2440 1563 2603 1618; x_wconf 88' lang='lat' dir='ltr'><strong>etiam</strong></span> <span class='ocrx_word' id='word_1_207' title='bbox 2627 1563 2845 1616; x_wconf 90' lang='lat' dir='ltr'><strong>brutum</strong></span> <span class='ocrx_word' id='word_1_208' title='bbox 2886 1560 3094 1630; x_wconf 92' lang='lat' dir='ltr'><strong>aliquid</strong></span> <span class='ocrx_word' id='word_1_209' title='bbox 3127 1559 3346 1629; x_wconf 87' lang='lat' dir='ltr'><strong>imagini</strong></span> <span class='ocrx_word' id='word_1_210' title='bbox 3381 1571 3494 1612; x_wconf 72' lang='lat' dir='ltr'><strong>suae</strong></span> 
     </span>
    </p>
   </div>
   <div class='ocr_carea' id='block_1_29' title="bbox 1939 1650 3494 1718">
    <p class='ocr_par' dir='ltr' id='par_1_29' title="bbox 1939 1650 3494 1718">
     <span class='ocr_line' id='line_1_29' title="bbox 1939 1650 3494 1718; baseline -0.002 -11"><span class='ocrx_word' id='word_1_211' title='bbox 1939 1653 2253 1709; x_wconf 85' lang='lat' dir='ltr'><strong>admiscuit.</strong></span> <span class='ocrx_word' id='word_1_212' title='bbox 2305 1652 2423 1707; x_wconf 85' lang='lat' dir='ltr'><strong>Non</strong></span> <span class='ocrx_word' id='word_1_213' title='bbox 2472 1653 2614 1707; x_wconf 89' lang='lat' dir='ltr'><strong>enim</strong></span> <span class='ocrx_word' id='word_1_214' title='bbox 2668 1653 2900 1707; x_wconf 90' lang='lat' dir='ltr'><strong>masculi</strong></span> <span class='ocrx_word' id='word_1_215' title='bbox 2954 1650 3280 1718; x_wconf 83' lang='lat' dir='ltr'><strong>femineique</strong></span> <span class='ocrx_word' id='word_1_216' title='bbox 3330 1663 3494 1704; x_wconf 80' lang='lat' dir='ltr'><strong>sexus</strong></span> 
     </span>
    </p>
   </div>
   <div class='ocr_carea' id='block_1_30' title="bbox 281 1729 1857 1822">
    <p class='ocr_par' dir='ltr' id='par_1_30' title="bbox 281 1729 1838 1822">
     <span class='ocr_line' id='line_1_30' title="bbox 281 1729 1838 1822; baseline -0.004 -19"><span class='ocrx_word' id='word_1_217' title='bbox 281 1755 340 1822; x_wconf 78' lang='grc' dir='ltr'>τῇ</span> <span class='ocrx_word' id='word_1_218' title='bbox 358 1748 494 1803; x_wconf 81' lang='grc' dir='ltr'>κατὰ</span> <span class='ocrx_word' id='word_1_219' title='bbox 520 1748 582 1801; x_wconf 85' lang='grc' dir='ltr'><strong>τὸ</strong></span> <span class='ocrx_word' id='word_1_220' title='bbox 603 1747 768 1818; x_wconf 75' lang='grc' dir='ltr'>ἄρρεν</span> <span class='ocrx_word' id='word_1_221' title='bbox 789 1729 882 1799; x_wconf 72' lang='grc' dir='ltr'><strong>καὶ</strong></span> <span class='ocrx_word' id='word_1_222' title='bbox 906 1745 1036 1816; x_wconf 81' lang='grc' dir='ltr'>θῆλυ</span> <span class='ocrx_word' id='word_1_223' title='bbox 1061 1746 1308 1816; x_wconf 68' lang='grc' dir='ltr'>διαφορᾷ,</span> <span class='ocrx_word' id='word_1_224' title='bbox 1329 1745 1446 1798; x_wconf 86' lang='grc' dir='ltr'>τότε</span> <span class='ocrx_word' id='word_1_225' title='bbox 1469 1745 1646 1814; x_wconf 80' lang='grc' dir='ltr'>φησίν·</span> <span class='ocrx_word' id='word_1_226' title='bbox 1683 1763 1702 1795; x_wconf 80' lang='grc' dir='ltr'><strong>ι</strong></span> <span class='ocrx_word' id='word_1_227' title='bbox 1730 1745 1838 1796; x_wconf 65' lang='lat' dir='ltr'><strong>A6-</strong></span> 
     </span>
    </p>
   </div>
   <div class='ocr_carea' id='block_1_31' title="bbox 1951 1729 3496 1822">
    <p class='ocr_par' dir='ltr' id='par_1_31' title="bbox 1951 1745 3496 1814">
     <span class='ocr_line' id='line_1_31' title="bbox 1951 1745 3496 1814; baseline -0.001 -16"><span class='ocrx_word' id='word_1_228' title='bbox 1951 1745 2231 1800; x_wconf 72' lang='lat' dir='ltr'><strong>discrimen</strong></span> <span class='ocrx_word' id='word_1_229' title='bbox 2265 1745 2320 1799; x_wconf 87' lang='lat' dir='ltr'><strong>in</strong></span> <span class='ocrx_word' id='word_1_230' title='bbox 2356 1747 2446 1798; x_wconf 92' lang='lat' dir='ltr'><strong>illa</strong></span> <span class='ocrx_word' id='word_1_231' title='bbox 2478 1745 2659 1799; x_wconf 88' lang='lat' dir='ltr'><strong>divina</strong></span> <span class='ocrx_word' id='word_1_232' title='bbox 2694 1745 2959 1814; x_wconf 86' lang='lat' dir='ltr'><strong>beataque</strong></span> <span class='ocrx_word' id='word_1_233' title='bbox 3007 1753 3202 1798; x_wconf 86' lang='lat' dir='ltr'><strong>natura</strong></span> <span class='ocrx_word' id='word_1_234' title='bbox 3238 1758 3362 1798; x_wconf 90' lang='lat' dir='ltr'><strong>esse</strong></span> <span class='ocrx_word' id='word_1_235' title='bbox 3393 1758 3496 1812; x_wconf 89' lang='lat' dir='ltr'><strong>pu-</strong></span> 
     </span>
    </p>
   </div>
   <div class='ocr_carea' id='block_1_32' title="bbox 281 1823 1857 1909">
    <p class='ocr_par' dir='ltr' id='par_1_32' title="bbox 281 1836 1847 1909">
     <span class='ocr_line' id='line_1_32' title="bbox 281 1836 1847 1909; baseline -0.003 -15"><span class='ocrx_word' id='word_1_236' title='bbox 281 1839 493 1907; x_wconf 79' lang='grc' dir='ltr'>ξάνεσθε</span> <span class='ocrx_word' id='word_1_237' title='bbox 526 1840 618 1893; x_wconf 79' lang='grc' dir='ltr'>καὶ</span> <span class='ocrx_word' id='word_1_238' title='bbox 650 1836 979 1908; x_wconf 85' lang='grc' dir='ltr'>πληθύνεσθε</span> <span class='ocrx_word' id='word_1_239' title='bbox 999 1876 1014 1897; x_wconf 84' lang='grc'><strong>,</strong></span> <span class='ocrx_word' id='word_1_240' title='bbox 1047 1838 1140 1890; x_wconf 73' lang='grc' dir='ltr'>καὶ</span> <span class='ocrx_word' id='word_1_241' title='bbox 1172 1837 1492 1909; x_wconf 89' lang='grc' dir='ltr'>πληρώσατε</span> <span class='ocrx_word' id='word_1_242' title='bbox 1525 1838 1623 1906; x_wconf 75' lang='grc' dir='ltr'><strong>τὴν</strong></span> <span class='ocrx_word' id='word_1_243' title='bbox 1652 1837 1775 1906; x_wconf 79' lang='grc' dir='ltr'>γῆν.</span> <span class='ocrx_word' id='word_1_244' title='bbox 1813 1842 1847 1889; x_wconf 72' lang='grc'><strong>»⁸</strong></span> 
     </span>
    </p>
   </div>
   <div class='ocr_carea' id='block_1_33' title="bbox 1951 1823 3496 1909">
    <p class='ocr_par' dir='ltr' id='par_1_33' title="bbox 1951 1823 3496 1903">
     <span class='ocr_line' id='line_1_33' title="bbox 1951 1823 3496 1903; baseline -0.002 -14"><span class='ocrx_word' id='word_1_245' title='bbox 1951 1837 2044 1890; x_wconf 89' lang='lat' dir='ltr'><strong>tari</strong></span> <span class='ocrx_word' id='word_1_246' title='bbox 2105 1835 2298 1903; x_wconf 88' lang='lat' dir='ltr'><strong>debet,</strong></span> <span class='ocrx_word' id='word_1_247' title='bbox 2356 1837 2449 1892; x_wconf 89' lang='lat' dir='ltr'><strong>sed</strong></span> <span class='ocrx_word' id='word_1_248' title='bbox 2497 1838 2762 1891; x_wconf 90' lang='lat' dir='ltr'><strong>translato</strong></span> <span class='ocrx_word' id='word_1_249' title='bbox 2799 1823 2957 1892; x_wconf 47' lang='lat' dir='ltr'><strong>&#39;Deus</strong></span> <span class='ocrx_word' id='word_1_250' title='bbox 3003 1836 3057 1890; x_wconf 89' lang='lat' dir='ltr'><strong>in</strong></span> <span class='ocrx_word' id='word_1_251' title='bbox 3106 1834 3379 1889; x_wconf 87' lang='lat' dir='ltr'><strong>hominem</strong></span> <span class='ocrx_word' id='word_1_252' title='bbox 3430 1847 3496 1887; x_wconf 92' lang='lat' dir='ltr'><strong>eo</strong></span> 
     </span>
    </p>
   </div>
   <div class='ocr_carea' id='block_1_34' title="bbox 279 1925 1837 1998">
    <p class='ocr_par' dir='ltr' id='par_1_34' title="bbox 279 1925 1837 1998">
     <span class='ocr_line' id='line_1_34' title="bbox 279 1925 1837 1998; baseline -0.003 -15"><span class='ocrx_word' id='word_1_253' title='bbox 279 1931 346 1983; x_wconf 77' lang='grc' dir='ltr'><strong>Τὸ</strong></span> <span class='ocrx_word' id='word_1_254' title='bbox 373 1930 478 1998; x_wconf 72' lang='grc' dir='ltr'><strong>γὰρ</strong></span> <span class='ocrx_word' id='word_1_255' title='bbox 501 1928 740 1982; x_wconf 86' lang='grc' dir='ltr'>τοιοῦτον</span> <span class='ocrx_word' id='word_1_256' title='bbox 772 1929 832 1980; x_wconf 80' lang='grc' dir='ltr'><strong>ού</strong></span> <span class='ocrx_word' id='word_1_257' title='bbox 871 1927 964 1996; x_wconf 76' lang='grc' dir='ltr'>τῆς</span> <span class='ocrx_word' id='word_1_258' title='bbox 993 1927 1138 1989; x_wconf 80' lang='grc' dir='ltr'>θείας</span> <span class='ocrx_word' id='word_1_259' title='bbox 1165 1925 1376 1995; x_wconf 84' lang='grc' dir='ltr'>φύσεως</span> <span class='ocrx_word' id='word_1_260' title='bbox 1407 1927 1552 1988; x_wconf 78' lang='grc' dir='ltr'>ἴδιον,</span> <span class='ocrx_word' id='word_1_261' title='bbox 1580 1927 1713 1980; x_wconf 87' lang='grc' dir='ltr'><strong>ἀλλά</strong></span> <span class='ocrx_word' id='word_1_262' title='bbox 1740 1929 1837 1998; x_wconf 79' lang='grc' dir='ltr'>τῆς</span> 
     </span>
    </p>
   </div>
   <div class='ocr_carea' id='block_1_35' title="bbox 278 2017 1838 2090">
    <p class='ocr_par' dir='ltr' id='par_1_35' title="bbox 278 2017 1838 2090">
     <span class='ocr_line' id='line_1_35' title="bbox 278 2017 1838 2090; baseline 0.001 -20"><span class='ocrx_word' id='word_1_263' title='bbox 278 2022 465 2089; x_wconf 76' lang='grc' dir='ltr'>ἀλόγου</span> <span class='ocrx_word' id='word_1_264' title='bbox 494 2019 633 2081; x_wconf 77' lang='grc' dir='ltr'>ἐστὶ,</span> <span class='ocrx_word' id='word_1_265' title='bbox 658 2018 836 2080; x_wconf 83' lang='grc' dir='ltr'>καθὼς</span> <span class='ocrx_word' id='word_1_266' title='bbox 881 2020 913 2088; x_wconf 76' lang='grc' dir='ltr'>ὴ</span> <span class='ocrx_word' id='word_1_267' title='bbox 954 2017 1159 2088; x_wconf 81' lang='grc' dir='ltr'>ἱστορία</span> <span class='ocrx_word' id='word_1_268' title='bbox 1189 2019 1662 2090; x_wconf 84' lang='grc' dir='ltr'>παρασημαίνεται</span> <span class='ocrx_word' id='word_1_269' title='bbox 1706 2019 1838 2090; x_wconf 82' lang='grc' dir='ltr'>πρό-</span> 
     </span>
    </p>
   </div>
   <div class='ocr_carea' id='block_1_36' title="bbox 275 2109 1836 2187">
    <p class='ocr_par' dir='ltr' id='par_1_36' title="bbox 275 2109 1836 2187">
     <span class='ocr_line' id='line_1_36' title="bbox 275 2109 1836 2187; baseline -0.004 -18"><span class='ocrx_word' id='word_1_270' title='bbox 275 2133 423 2187; x_wconf 86' lang='grc' dir='ltr'>τερον</span> <span class='ocrx_word' id='word_1_271' title='bbox 450 2115 544 2167; x_wconf 70' lang='grc' dir='ltr'><strong>ἐπὶ</strong></span> <span class='ocrx_word' id='word_1_272' title='bbox 569 2113 676 2166; x_wconf 85' lang='grc' dir='ltr'>τῶν</span> <span class='ocrx_word' id='word_1_273' title='bbox 709 2112 912 2176; x_wconf 80' lang='grc' dir='ltr'>ἀλόγων</span> <span class='ocrx_word' id='word_1_274' title='bbox 941 2111 1189 2184; x_wconf 81' lang='grc' dir='ltr'>εἰρῆσθαι</span> <span class='ocrx_word' id='word_1_275' title='bbox 1220 2111 1389 2164; x_wconf 89' lang='grc' dir='ltr'>ταῦτα</span> <span class='ocrx_word' id='word_1_276' title='bbox 1413 2112 1561 2182; x_wconf 83' lang='grc' dir='ltr'>παρὰ</span> <span class='ocrx_word' id='word_1_277' title='bbox 1583 2111 1673 2164; x_wconf 88' lang='grc' dir='ltr'><strong>τοῦ</strong></span> <span class='ocrx_word' id='word_1_278' title='bbox 1703 2109 1836 2164; x_wconf 86' lang='grc' dir='ltr'>Θεοῦ</span> 
     </span>
    </p>
   </div>
   <div class='ocr_carea' id='block_1_37' title="bbox 272 2203 1898 2277">
    <p class='ocr_par' dir='ltr' id='par_1_37' title="bbox 272 2203 1898 2277">
     <span class='ocr_line' id='line_1_37' title="bbox 272 2203 1898 2277; baseline 0.004 -28"><span class='ocrx_word' id='word_1_279' title='bbox 272 2205 644 2277; x_wconf 74' lang='grc' dir='ltr'>διηγησαμένη</span> <span class='ocrx_word' id='word_1_280' title='bbox 667 2248 680 2268; x_wconf 87' lang='grc'><strong>,</strong></span> <span class='ocrx_word' id='word_1_281' title='bbox 712 2203 786 2266; x_wconf 88' lang='grc' dir='ltr'><strong>ώς</strong></span> <span class='ocrx_word' id='word_1_282' title='bbox 823 2205 873 2256; x_wconf 84' lang='grc' dir='ltr'><strong>εἴ</strong></span> <span class='ocrx_word' id='word_1_283' title='bbox 912 2221 976 2272; x_wconf 91' lang='grc' dir='ltr'><strong>γε</strong></span> <span class='ocrx_word' id='word_1_284' title='bbox 1022 2203 1125 2273; x_wconf 87' lang='grc' dir='ltr'><strong>πρὸ</strong></span> <span class='ocrx_word' id='word_1_285' title='bbox 1158 2203 1249 2255; x_wconf 89' lang='grc' dir='ltr'><strong>τοῦ</strong></span> <span class='ocrx_word' id='word_1_286' title='bbox 1289 2203 1568 2255; x_wconf 77' lang='grc' dir='ltr'>ἐπιϐαλεῖν</span> <span class='ocrx_word' id='word_1_287' title='bbox 1588 2205 1652 2272; x_wconf 85' lang='grc' dir='ltr'>τῇ</span> <span class='ocrx_word' id='word_1_288' title='bbox 1684 2205 1839 2270; x_wconf 77' lang='grc' dir='ltr'>φύσει</span> <span class='ocrx_word' id='word_1_289' title='bbox 1896 2218 1898 2221; x_wconf 88' lang='grc'>·</span> 
     </span>
    </p>
   </div>
   <div class='ocr_carea' id='block_1_38' title="bbox 1870 1901 1912 1954">
    <p class='ocr_par' dir='ltr' id='par_1_38' title="bbox 1870 1901 1912 1954">
     <span class='ocr_line' id='line_1_38' title="bbox 1870 1901 1912 1954; baseline 0 0"><span class='ocrx_word' id='word_1_290' title='bbox 1870 1901 1912 1954; x_wconf 81' lang='grc' dir='ltr'><strong>Β</strong></span> 
     </span>
    </p>
   </div>
   <div class='ocr_carea' id='block_1_39' title="bbox 1941 1923 3495 1999">
    <p class='ocr_par' dir='ltr' id='par_1_39' title="bbox 1941 1923 3495 1999">
     <span class='ocr_line' id='line_1_39' title="bbox 1941 1923 3495 1999; baseline -0.003 -17"><span class='ocrx_word' id='word_1_291' title='bbox 1941 1929 2084 1998; x_wconf 92' lang='lat' dir='ltr'><strong>quod</strong></span> <span class='ocrx_word' id='word_1_292' title='bbox 2119 1929 2338 1999; x_wconf 82' lang='lat' dir='ltr'><strong>Opiﬁcio</strong></span> <span class='ocrx_word' id='word_1_293' title='bbox 2375 1928 2538 1982; x_wconf 91' lang='lat' dir='ltr'><strong>bruto</strong></span> <span class='ocrx_word' id='word_1_294' title='bbox 2571 1928 2851 1998; x_wconf 91' lang='lat' dir='ltr'><strong>proprium</strong></span> <span class='ocrx_word' id='word_1_295' title='bbox 2888 1935 3025 1989; x_wconf 82' lang='lat' dir='ltr'><strong>erat,</strong></span> <span class='ocrx_word' id='word_1_296' title='bbox 3061 1925 3281 1980; x_wconf 91' lang='lat' dir='ltr'><strong>modum</strong></span> <span class='ocrx_word' id='word_1_297' title='bbox 3312 1923 3495 1996; x_wconf 81' lang='lat' dir='ltr'><strong>generi</strong></span> 
     </span>
    </p>
   </div>
   <div class='ocr_carea' id='block_1_40' title="bbox 1941 2021 3496 2091">
    <p class='ocr_par' dir='ltr' id='par_1_40' title="bbox 1941 2021 3496 2091">
     <span class='ocr_line' id='line_1_40' title="bbox 1941 2021 3496 2091; baseline -0.002 -16"><span class='ocrx_word' id='word_1_298' title='bbox 1941 2028 2135 2076; x_wconf 87' lang='lat' dir='ltr'><strong>nostro</strong></span> <span class='ocrx_word' id='word_1_299' title='bbox 2162 2022 2571 2091; x_wconf 83' lang='lat' dir='ltr'><strong>pr0pagationis</strong></span> <span class='ocrx_word' id='word_1_300' title='bbox 2599 2021 2734 2076; x_wconf 89' lang='lat' dir='ltr'><strong>adeo</strong></span> <span class='ocrx_word' id='word_1_301' title='bbox 2763 2021 3048 2076; x_wconf 77' lang='lat' dir='ltr'><strong>excellenti</strong></span> <span class='ocrx_word' id='word_1_302' title='bbox 3073 2027 3258 2074; x_wconf 88' lang='lat' dir='ltr'><strong>creato</strong></span> <span class='ocrx_word' id='word_1_303' title='bbox 3289 2033 3496 2088; x_wconf 86' lang='lat' dir='ltr'><strong>nequa-</strong></span> 
     </span>
    </p>
   </div>
   <div class='ocr_carea' id='block_1_41' title="bbox 1943 2112 3502 2183">
    <p class='ocr_par' dir='ltr' id='par_1_41' title="bbox 1943 2112 3502 2183">
     <span class='ocr_line' id='line_1_41' title="bbox 1943 2112 3502 2183; baseline -0.001 -17"><span class='ocrx_word' id='word_1_304' title='bbox 1943 2129 2105 2183; x_wconf 88' lang='lat' dir='ltr'><strong>quam</strong></span> <span class='ocrx_word' id='word_1_305' title='bbox 2132 2113 2571 2183; x_wconf 75' lang='lat' dir='ltr'><strong>{consentaneum</strong></span> <span class='ocrx_word' id='word_1_306' title='bbox 2627 2114 2834 2168; x_wconf 88' lang='lat' dir='ltr'><strong>tribuit.</strong></span> <span class='ocrx_word' id='word_1_307' title='bbox 2879 2112 3011 2167; x_wconf 89' lang='lat' dir='ltr'><strong>Nam</strong></span> <span class='ocrx_word' id='word_1_308' title='bbox 3056 2112 3364 2166; x_wconf 85' lang='lat' dir='ltr'><strong>facultatem</strong></span> <span class='ocrx_word' id='word_1_309' title='bbox 3403 2126 3502 2165; x_wconf 82' lang='lat' dir='ltr'><strong>au-</strong></span> 
     </span>
    </p>
   </div>
   <div class='ocr_carea' id='block_1_42' title="bbox 1947 2203 3500 2275">
    <p class='ocr_par' dir='ltr' id='par_1_42' title="bbox 1947 2203 3500 2275">
     <span class='ocr_line' id='line_1_42' title="bbox 1947 2203 3500 2275; baseline -0.003 -16"><span class='ocrx_word' id='word_1_310' title='bbox 1947 2204 2106 2275; x_wconf 88' lang='lat' dir='ltr'><strong>gendi</strong></span> <span class='ocrx_word' id='word_1_311' title='bbox 2129 2212 2183 2260; x_wconf 89' lang='lat' dir='ltr'><strong>et</strong></span> <span class='ocrx_word' id='word_1_312' title='bbox 2214 2204 2576 2275; x_wconf 81' lang='lat' dir='ltr'><strong>ampliﬁcandi</strong></span> <span class='ocrx_word' id='word_1_313' title='bbox 2616 2206 2830 2274; x_wconf 81' lang='lat' dir='ltr'><strong>generis</strong></span> <span class='ocrx_word' id='word_1_314' title='bbox 2857 2205 3063 2259; x_wconf 88' lang='lat' dir='ltr'><strong>homini</strong></span> <span class='ocrx_word' id='word_1_315' title='bbox 3093 2219 3199 2258; x_wconf 90' lang='lat' dir='ltr'><strong>non</strong></span> <span class='ocrx_word' id='word_1_316' title='bbox 3232 2203 3424 2256; x_wconf 87' lang='lat' dir='ltr'><strong>tribuit</strong></span> <span class='ocrx_word' id='word_1_317' title='bbox 3445 2203 3500 2256; x_wconf 88' lang='lat' dir='ltr'><strong>id</strong></span> 
     </span>
    </p>
   </div>
   <div class='ocr_carea' id='block_1_43' title="bbox 272 2290 1857 2368">
    <p class='ocr_par' dir='ltr' id='par_1_43' title="bbox 272 2293 1857 2368">
     <span class='ocr_line' id='line_1_43' title="bbox 272 2293 1857 2368; baseline -0.004 -18"><span class='ocrx_word' id='word_1_318' title='bbox 272 2299 363 2368; x_wconf 75' lang='grc' dir='ltr'>τὴν</span> <span class='ocrx_word' id='word_1_319' title='bbox 391 2297 533 2350; x_wconf 82' lang='grc' dir='ltr'><strong>κατά</strong></span> <span class='ocrx_word' id='word_1_320' title='bbox 576 2297 637 2348; x_wconf 82' lang='grc' dir='ltr'><strong>τὸ</strong></span> <span class='ocrx_word' id='word_1_321' title='bbox 673 2295 837 2367; x_wconf 76' lang='grc' dir='ltr'>ἀρῤεν</span> <span class='ocrx_word' id='word_1_322' title='bbox 870 2296 962 2348; x_wconf 73' lang='grc' dir='ltr'><strong>καὶ</strong></span> <span class='ocrx_word' id='word_1_323' title='bbox 1006 2293 1138 2364; x_wconf 81' lang='grc' dir='ltr'>θῆλυ</span> <span class='ocrx_word' id='word_1_324' title='bbox 1166 2293 1426 2364; x_wconf 79' lang='grc' dir='ltr'>διαφορὰν</span> <span class='ocrx_word' id='word_1_325' title='bbox 1453 2334 1465 2354; x_wconf 84' lang='grc'><strong>,</strong></span> <span class='ocrx_word' id='word_1_326' title='bbox 1493 2293 1588 2362; x_wconf 76' lang='grc' dir='ltr'>τὴν</span> <span class='ocrx_word' id='word_1_327' title='bbox 1633 2293 1719 2345; x_wconf 86' lang='grc' dir='ltr'>διὰ</span> <span class='ocrx_word' id='word_1_328' title='bbox 1745 2293 1857 2362; x_wconf 57' lang='grc' dir='ltr'>τῆς</span> 
     </span>
    </p>
   </div>
   <div class='ocr_carea' id='block_1_44' title="bbox 1951 2290 3502 2368">
    <p class='ocr_par' dir='ltr' id='par_1_44' title="bbox 1951 2290 3502 2364">
     <span class='ocr_line' id='line_1_44' title="bbox 1951 2290 3502 2364; baseline -0.001 -18"><span class='ocrx_word' id='word_1_329' title='bbox 1951 2294 2230 2364; x_wconf 90' lang='lat' dir='ltr'><strong>temporis,</strong></span> <span class='ocrx_word' id='word_1_330' title='bbox 2265 2309 2375 2363; x_wconf 93' lang='lat' dir='ltr'><strong>quo</strong></span> <span class='ocrx_word' id='word_1_331' title='bbox 2405 2309 2526 2348; x_wconf 91' lang='lat' dir='ltr'><strong>eum</strong></span> <span class='ocrx_word' id='word_1_332' title='bbox 2557 2292 2622 2347; x_wconf 88' lang='lat' dir='ltr'><strong>ad</strong></span> <span class='ocrx_word' id='word_1_333' title='bbox 2671 2293 2755 2347; x_wconf 93' lang='lat' dir='ltr'><strong>sui</strong></span> <span class='ocrx_word' id='word_1_334' title='bbox 2787 2293 3071 2363; x_wconf 83' lang='lat' dir='ltr'><strong>imaginem</strong></span> <span class='ocrx_word' id='word_1_335' title='bbox 3111 2292 3377 2357; x_wconf 86' lang='lat' dir='ltr'><strong>condidit,</strong></span> <span class='ocrx_word' id='word_1_336' title='bbox 3407 2290 3502 2346; x_wconf 89' lang='lat' dir='ltr'><strong>sed</strong></span> 
     </span>
    </p>
   </div>
   <div class='ocr_carea' id='block_1_45' title="bbox 271 2382 1839 2462">
    <p class='ocr_par' dir='ltr' id='par_1_45' title="bbox 271 2382 1839 2462">
     <span class='ocr_line' id='line_1_45' title="bbox 271 2382 1839 2462; baseline -0.006 -19"><span class='ocrx_word' id='word_1_337' title='bbox 271 2391 449 2462; x_wconf 68' lang='grc' dir='ltr'>φωνῆς</span> <span class='ocrx_word' id='word_1_338' title='bbox 480 2389 684 2457; x_wconf 77' lang='grc' dir='ltr'>ταύτης</span> <span class='ocrx_word' id='word_1_339' title='bbox 717 2388 940 2458; x_wconf 84' lang='grc' dir='ltr'>δύναμιν</span> <span class='ocrx_word' id='word_1_340' title='bbox 973 2388 1049 2450; x_wconf 83' lang='grc' dir='ltr'><strong>είς</strong></span> <span class='ocrx_word' id='word_1_341' title='bbox 1079 2385 1137 2438; x_wconf 77' lang='grc' dir='ltr'><strong>τὸ</strong></span> <span class='ocrx_word' id='word_1_342' title='bbox 1166 2385 1488 2451; x_wconf 73' lang='grc' dir='ltr'>αὐξάνεσθαι</span> <span class='ocrx_word' id='word_1_343' title='bbox 1518 2383 1595 2454; x_wconf 81' lang='grc' dir='ltr'>τῷ</span> <span class='ocrx_word' id='word_1_344' title='bbox 1637 2382 1839 2453; x_wconf 85' lang='grc' dir='ltr'>ἀνθρώ-</span> 
     </span>
    </p>
   </div>
   <div class='ocr_carea' id='block_1_46' title="bbox 273 2475 1843 2554">
    <p class='ocr_par' dir='ltr' id='par_1_46' title="bbox 273 2475 1843 2554">
     <span class='ocr_line' id='line_1_46' title="bbox 273 2475 1843 2554; baseline -0.007 -18"><span class='ocrx_word' id='word_1_345' title='bbox 273 2502 354 2553; x_wconf 84' lang='grc' dir='ltr'>πῳ</span> <span class='ocrx_word' id='word_1_346' title='bbox 385 2481 732 2554; x_wconf 78' lang='grc' dir='ltr'>προσέθηκεν</span> <span class='ocrx_word' id='word_1_347' title='bbox 758 2518 770 2541; x_wconf 94' lang='grc'><strong>,</strong></span> <span class='ocrx_word' id='word_1_348' title='bbox 801 2481 900 2532; x_wconf 85' lang='grc' dir='ltr'><strong>ούκ</strong></span> <span class='ocrx_word' id='word_1_349' title='bbox 931 2478 994 2531; x_wconf 86' lang='grc' dir='ltr'>ἂν</span> <span class='ocrx_word' id='word_1_350' title='bbox 1023 2477 1115 2530; x_wconf 87' lang='grc' dir='ltr'><strong>τοῦ</strong></span> <span class='ocrx_word' id='word_1_351' title='bbox 1146 2475 1381 2529; x_wconf 85' lang='grc' dir='ltr'>τοιούτου</span> <span class='ocrx_word' id='word_1_352' title='bbox 1404 2477 1500 2544; x_wconf 78' lang='grc' dir='ltr'>τῆς</span> <span class='ocrx_word' id='word_1_353' title='bbox 1544 2476 1843 2544; x_wconf 80' lang='grc' dir='ltr'>γεννήσεως</span> 
     </span>
    </p>
   </div>
   <div class='ocr_carea' id='block_1_47' title="bbox 268 2563 1703 2647">
    <p class='ocr_par' dir='ltr' id='par_1_47' title="bbox 268 2563 1703 2647">
     <span class='ocr_line' id='line_1_47' title="bbox 268 2563 1703 2647; baseline -0.006 -20"><span class='ocrx_word' id='word_1_354' title='bbox 268 2577 440 2638; x_wconf 76' lang='grc' dir='ltr'>εἴδους</span> <span class='ocrx_word' id='word_1_355' title='bbox 476 2572 942 2647; x_wconf 77' lang='grc' dir='ltr'>προσεδεήυημεν,</span> <span class='ocrx_word' id='word_1_356' title='bbox 973 2569 1036 2622; x_wconf 83' lang='grc' dir='ltr'><strong>δι’</strong></span> <span class='ocrx_word' id='word_1_357' title='bbox 1058 2563 1117 2623; x_wconf 77' lang='grc' dir='ltr'><strong>οῦ</strong></span> <span class='ocrx_word' id='word_1_358' title='bbox 1145 2569 1394 2637; x_wconf 83' lang='grc' dir='ltr'>γεννᾶται</span> <span class='ocrx_word' id='word_1_359' title='bbox 1422 2566 1490 2619; x_wconf 77' lang='grc' dir='ltr'><strong>τὰ</strong></span> <span class='ocrx_word' id='word_1_360' title='bbox 1518 2565 1703 2633; x_wconf 81' lang='grc' dir='ltr'>ἄλογα.</span> 
     </span>
    </p>
   </div>
   <div class='ocr_carea' id='block_1_48' title="bbox 1949 2381 3499 2454">
    <p class='ocr_par' dir='ltr' id='par_1_48' title="bbox 1949 2381 3499 2454">
     <span class='ocr_line' id='line_1_48' title="bbox 1949 2381 3499 2454; baseline -0.001 -15"><span class='ocrx_word' id='word_1_361' title='bbox 1949 2399 2071 2439; x_wconf 90' lang='lat' dir='ltr'><strong>cum</strong></span> <span class='ocrx_word' id='word_1_362' title='bbox 2103 2386 2157 2438; x_wconf 92' lang='lat' dir='ltr'><strong>in</strong></span> <span class='ocrx_word' id='word_1_363' title='bbox 2191 2401 2257 2440; x_wconf 91' lang='lat' dir='ltr'><strong>eo</strong></span> <span class='ocrx_word' id='word_1_364' title='bbox 2285 2401 2451 2441; x_wconf 79' lang='lat' dir='ltr'><strong>sexus</strong></span> <span class='ocrx_word' id='word_1_365' title='bbox 2490 2387 2716 2440; x_wconf 90' lang='lat' dir='ltr'><strong>masculi</strong></span> <span class='ocrx_word' id='word_1_366' title='bbox 2752 2383 3077 2454; x_wconf 78' lang='lat' dir='ltr'><strong>femineique</strong></span> <span class='ocrx_word' id='word_1_367' title='bbox 3103 2383 3396 2439; x_wconf 88' lang='lat' dir='ltr'><strong>discrimen</strong></span> <span class='ocrx_word' id='word_1_368' title='bbox 3421 2381 3499 2438; x_wconf 80' lang='lat' dir='ltr'><strong>fe-</strong></span> 
     </span>
    </p>
   </div>
   <div class='ocr_carea' id='block_1_49' title="bbox 1949 2475 3504 2548">
    <p class='ocr_par' dir='ltr' id='par_1_49' title="bbox 1949 2475 3504 2548">
     <span class='ocr_line' id='line_1_49' title="bbox 1949 2475 3504 2548; baseline -0.001 -17"><span class='ocrx_word' id='word_1_369' title='bbox 1949 2475 2134 2540; x_wconf 89' lang='lat' dir='ltr'><strong>cisset,</strong></span> <span class='ocrx_word' id='word_1_370' title='bbox 2166 2476 2342 2546; x_wconf 91' lang='lat' dir='ltr'><strong>inquit</strong></span> <span class='ocrx_word' id='word_1_371' title='bbox 2371 2496 2384 2531; x_wconf 90' lang='lat'><strong>:</strong></span> <span class='ocrx_word' id='word_1_372' title='bbox 2424 2496 2442 2527; x_wconf 78' lang='grc' dir='ltr'><strong>ι</strong></span> <span class='ocrx_word' id='word_1_373' title='bbox 2489 2478 2798 2548; x_wconf 85' lang='lat' dir='ltr'><strong>Augescite,</strong></span> <span class='ocrx_word' id='word_1_374' title='bbox 2840 2493 2903 2532; x_wconf 91' lang='lat' dir='ltr'><strong>ac</strong></span> <span class='ocrx_word' id='word_1_375' title='bbox 2925 2485 3135 2534; x_wconf 83' lang='lat' dir='ltr'><strong>vosmet</strong></span> <span class='ocrx_word' id='word_1_376' title='bbox 3163 2477 3504 2546; x_wconf 83' lang='lat' dir='ltr'><strong>ampliﬁcate,</strong></span> 
     </span>
    </p>
   </div>
   <div class='ocr_carea' id='block_1_50' title="bbox 1951 2568 3508 2638">
    <p class='ocr_par' dir='ltr' id='par_1_50' title="bbox 1951 2568 3508 2638">
     <span class='ocr_line' id='line_1_50' title="bbox 1951 2568 3508 2638; baseline 0.001 -18"><span class='ocrx_word' id='word_1_377' title='bbox 1951 2575 2005 2620; x_wconf 90' lang='lat' dir='ltr'><strong>et</strong></span> <span class='ocrx_word' id='word_1_378' title='bbox 2052 2574 2250 2621; x_wconf 90' lang='lat' dir='ltr'><strong>terram</strong></span> <span class='ocrx_word' id='word_1_379' title='bbox 2290 2568 2558 2638; x_wconf 87' lang='lat' dir='ltr'><strong>complete</strong></span> <span class='ocrx_word' id='word_1_380' title='bbox 2586 2570 2652 2624; x_wconf 76' lang='lat'><strong>&quot;’.</strong></span> <span class='ocrx_word' id='word_1_381' title='bbox 2704 2589 2722 2620; x_wconf 74' lang='grc' dir='ltr'><strong>ι</strong></span> <span class='ocrx_word' id='word_1_382' title='bbox 2756 2568 2810 2623; x_wconf 92' lang='lat' dir='ltr'><strong>ld</strong></span> <span class='ocrx_word' id='word_1_383' title='bbox 2841 2570 2984 2625; x_wconf 90' lang='lat' dir='ltr'><strong>enim</strong></span> <span class='ocrx_word' id='word_1_384' title='bbox 3017 2585 3126 2624; x_wconf 92' lang='lat' dir='ltr'><strong>non</strong></span> <span class='ocrx_word' id='word_1_385' title='bbox 3162 2570 3273 2637; x_wconf 90' lang='lat' dir='ltr'><strong>jam</strong></span> <span class='ocrx_word' id='word_1_386' title='bbox 3312 2569 3508 2623; x_wconf 69' lang='lat' dir='ltr'><strong>divina:</strong></span> 
     </span>
    </p>
   </div>
   <div class='ocr_carea' id='block_1_51' title="bbox 270 2653 3506 2752">
    <p class='ocr_par' dir='ltr' id='par_1_51' title="bbox 270 2653 3506 2752">
     <span class='ocr_line' id='line_1_51' title="bbox 270 2653 3506 2752; baseline -0.001 -30"><span class='ocrx_word' id='word_1_387' title='bbox 270 2676 480 2722; x_wconf 82' lang='lat' dir='ltr'><strong>naturae</strong></span> <span class='ocrx_word' id='word_1_388' title='bbox 532 2666 857 2721; x_wconf 90' lang='lat' dir='ltr'><strong>attributum</strong></span> <span class='ocrx_word' id='word_1_389' title='bbox 889 2674 992 2727; x_wconf 86' lang='lat' dir='ltr'><strong>est,</strong></span> <span class='ocrx_word' id='word_1_390' title='bbox 1035 2663 1131 2718; x_wconf 89' lang='lat' dir='ltr'><strong>sed</strong></span> <span class='ocrx_word' id='word_1_391' title='bbox 1162 2665 1335 2718; x_wconf 77' lang='lat' dir='ltr'><strong>bruta:</strong></span> <span class='ocrx_word' id='word_1_392' title='bbox 1364 2681 1378 2716; x_wconf 90' lang='lat'><strong>:</strong></span> <span class='ocrx_word' id='word_1_393' title='bbox 1409 2653 2030 2752; x_wconf 35' lang='lat' dir='ltr'><strong>quemadmodunlti‘psa</strong></span> <span class='ocrx_word' id='word_1_394' title='bbox 2079 2677 2261 2716; x_wconf 86' lang='lat' dir='ltr'><strong>rerum</strong></span> <span class='ocrx_word' id='word_1_395' title='bbox 2312 2675 2584 2734; x_wconf 85' lang='lat' dir='ltr'><strong>gestarum</strong></span> <span class='ocrx_word' id='word_1_396' title='bbox 2624 2665 2792 2720; x_wconf 85' lang='lat' dir='ltr'><strong>series</strong></span> <span class='ocrx_word' id='word_1_397' title='bbox 2820 2665 3076 2728; x_wconf 90' lang='lat' dir='ltr'><strong>ostendit,</strong></span> <span class='ocrx_word' id='word_1_398' title='bbox 3103 2664 3278 2721; x_wconf 90' lang='lat' dir='ltr'><strong>.Deum</strong></span> <span class='ocrx_word' id='word_1_399' title='bbox 3321 2666 3506 2721; x_wconf 85' lang='lat' dir='ltr'><strong>eadem</strong></span> 
     </span>
    </p>
   </div>
   <div class='ocr_carea' id='block_1_52' title="bbox 268 2743 3510 2829">
    <p class='ocr_par' dir='ltr' id='par_1_52' title="bbox 268 2743 3510 2829">
     <span class='ocr_line' id='line_1_52' title="bbox 268 2743 3510 2829; baseline -0 -15"><span class='ocrx_word' id='word_1_400' title='bbox 268 2761 431 2814; x_wconf 90' lang='lat' dir='ltr'><strong>etiam</strong></span> <span class='ocrx_word' id='word_1_401' title='bbox 479 2759 551 2813; x_wconf 91' lang='lat' dir='ltr'><strong>de</strong></span> <span class='ocrx_word' id='word_1_402' title='bbox 601 2758 776 2812; x_wconf 91' lang='lat' dir='ltr'><strong>brutis</strong></span> <span class='ocrx_word' id='word_1_403' title='bbox 827 2759 1166 2826; x_wconf 88' lang='lat' dir='ltr'><strong>prolocutum</strong></span> <span class='ocrx_word' id='word_1_404' title='bbox 1226 2771 1367 2810; x_wconf 86' lang='lat' dir='ltr'><strong>esse.</strong></span> <span class='ocrx_word' id='word_1_405' title='bbox 1410 2753 1481 2808; x_wconf 86' lang='lat' dir='ltr'><strong>Ut</strong></span> <span class='ocrx_word' id='word_1_406' title='bbox 1524 2755 1745 2806; x_wconf 91' lang='lat' dir='ltr'><strong>omnino</strong></span> <span class='ocrx_word' id='word_1_407' title='bbox 1795 2743 2138 2808; x_wconf 55' lang='lat' dir='ltr'><strong>statuendum</strong></span> <span class='ocrx_word' id='word_1_408' title='bbox 2191 2759 2282 2821; x_wconf 90' lang='lat' dir='ltr'><strong>sit,</strong></span> <span class='ocrx_word' id='word_1_409' title='bbox 2335 2758 2484 2812; x_wconf 91' lang='lat' dir='ltr'><strong>nullo</strong></span> <span class='ocrx_word' id='word_1_410' title='bbox 2538 2758 2694 2812; x_wconf 91' lang='lat' dir='ltr'><strong>nobis</strong></span> <span class='ocrx_word' id='word_1_411' title='bbox 2746 2766 2904 2828; x_wconf 86' lang='lat' dir='ltr'><strong>pacto</strong></span> <span class='ocrx_word' id='word_1_412' title='bbox 2954 2759 3344 2829; x_wconf 87' lang='lat' dir='ltr'><strong>procreationis</strong></span> <span class='ocrx_word' id='word_1_413' title='bbox 3385 2772 3510 2828; x_wconf 86' lang='lat' dir='ltr'><strong>spe-</strong></span> 
     </span>
    </p>
   </div>
   <div class='ocr_carea' id='block_1_53' title="bbox 268 2843 1886 2920">
    <p class='ocr_par' dir='ltr' id='par_1_53' title="bbox 268 2843 1886 2920">
     <span class='ocr_line' id='line_1_53' title="bbox 268 2843 1886 2920; baseline -0.006 -16"><span class='ocrx_word' id='word_1_414' title='bbox 268 2853 367 2912; x_wconf 87' lang='lat' dir='ltr'><strong>cie,</strong></span> <span class='ocrx_word' id='word_1_415' title='bbox 400 2866 512 2920; x_wconf 90' lang='lat' dir='ltr'><strong>qua</strong></span> <span class='ocrx_word' id='word_1_416' title='bbox 550 2850 712 2902; x_wconf 88' lang='lat' dir='ltr'><strong>bruta</strong></span> <span class='ocrx_word' id='word_1_417' title='bbox 747 2856 1134 2918; x_wconf 81' lang='lat' dir='ltr'><strong>prepagantur,</strong></span> <span class='ocrx_word' id='word_1_418' title='bbox 1184 2862 1321 2917; x_wconf 90' lang='lat' dir='ltr'><strong>opus</strong></span> <span class='ocrx_word' id='word_1_419' title='bbox 1371 2844 1612 2899; x_wconf 87' lang='lat' dir='ltr'><strong>futurum</strong></span> <span class='ocrx_word' id='word_1_420' title='bbox 1658 2843 1828 2898; x_wconf 81' lang='lat' dir='ltr'><strong>fuisse</strong></span> <span class='ocrx_word' id='word_1_421' title='bbox 1873 2860 1886 2895; x_wconf 93' lang='lat'><strong>:</strong></span> 
     </span>
    </p>
   </div>
   <div class='ocr_carea' id='block_1_54' title="bbox 1930 2844 3513 2917">
    <p class='ocr_par' dir='ltr' id='par_1_54' title="bbox 1930 2844 3513 2917">
     <span class='ocr_line' id='line_1_54' title="bbox 1930 2844 3513 2917; baseline 0.003 -20"><span class='ocrx_word' id='word_1_422' title='bbox 1930 2844 1975 2897; x_wconf 89' lang='lat' dir='ltr'><strong>si</strong></span> <span class='ocrx_word' id='word_1_423' title='bbox 2029 2845 2247 2914; x_wconf 90' lang='lat' dir='ltr'><strong>quidem</strong></span> <span class='ocrx_word' id='word_1_424' title='bbox 2299 2862 2361 2900; x_wconf 91' lang='lat' dir='ltr'><strong>ea</strong></span> <span class='ocrx_word' id='word_1_425' title='bbox 2404 2862 2566 2917; x_wconf 89' lang='lat' dir='ltr'><strong>quam</strong></span> <span class='ocrx_word' id='word_1_426' title='bbox 2604 2847 2840 2903; x_wconf 82' lang='lat' dir='ltr'><strong>diximus</strong></span> <span class='ocrx_word' id='word_1_427' title='bbox 2881 2862 3013 2904; x_wconf 88' lang='lat' dir='ltr'><strong>voce</strong></span> <span class='ocrx_word' id='word_1_428' title='bbox 3045 2847 3249 2902; x_wconf 87' lang='lat' dir='ltr'><strong>homini</strong></span> <span class='ocrx_word' id='word_1_429' title='bbox 3285 2847 3513 2904; x_wconf 80' lang='lat' dir='ltr'><strong>faculta-</strong></span> 
     </span>
    </p>
   </div>
   <div class='ocr_carea' id='block_1_55' title="bbox 268 2939 2904 3013">
    <p class='ocr_par' dir='ltr' id='par_1_55' title="bbox 268 2939 2904 3013">
     <span class='ocr_line' id='line_1_55' title="bbox 268 2939 2904 3013; baseline -0.002 -13"><span class='ocrx_word' id='word_1_430' title='bbox 268 2953 372 3000; x_wconf 92' lang='lat' dir='ltr'><strong>tem</strong></span> <span class='ocrx_word' id='word_1_431' title='bbox 402 2943 644 3013; x_wconf 80' lang='lat' dir='ltr'><strong>augendi</strong></span> <span class='ocrx_word' id='word_1_432' title='bbox 680 2957 738 2998; x_wconf 91' lang='lat' dir='ltr'><strong>se</strong></span> <span class='ocrx_word' id='word_1_433' title='bbox 777 2943 1133 2998; x_wconf 84' lang='lat' dir='ltr'><strong>concessisset</strong></span> <span class='ocrx_word' id='word_1_434' title='bbox 1189 2941 1506 3010; x_wconf 85' lang='lat' dir='ltr'><strong>priusquam</strong></span> <span class='ocrx_word' id='word_1_435' title='bbox 1534 2941 1590 2992; x_wconf 93' lang='lat' dir='ltr'><strong>in</strong></span> <span class='ocrx_word' id='word_1_436' title='bbox 1639 2947 1833 2992; x_wconf 84' lang='lat' dir='ltr'><strong>natura</strong></span> <span class='ocrx_word' id='word_1_437' title='bbox 1863 2947 2047 2992; x_wconf 87' lang='lat' dir='ltr'><strong>nostra</strong></span> <span class='ocrx_word' id='word_1_438' title='bbox 2075 2954 2238 2994; x_wconf 85' lang='lat' dir='ltr'><strong>sexus</strong></span> <span class='ocrx_word' id='word_1_439' title='bbox 2269 2939 2561 2995; x_wconf 87' lang='lat' dir='ltr'><strong>discrimen</strong></span> <span class='ocrx_word' id='word_1_440' title='bbox 2599 2942 2904 2996; x_wconf 83' lang='lat' dir='ltr'><strong>exsisteret.</strong></span> 
     </span>
    </p>
   </div>
   <div class='ocr_carea' id='block_1_56' title="bbox 335 3031 1851 3106">
    <p class='ocr_par' dir='ltr' id='par_1_56' title="bbox 335 3031 1851 3106">
     <span class='ocr_line' id='line_1_56' title="bbox 335 3031 1851 3106; baseline -0.004 -18"><span class='ocrx_word' id='word_1_441' title='bbox 335 3035 543 3089; x_wconf 86' lang='grc' dir='ltr'>Τούτου</span> <span class='ocrx_word' id='word_1_442' title='bbox 585 3036 763 3088; x_wconf 87' lang='grc' dir='ltr'>τοίνυν</span> <span class='ocrx_word' id='word_1_443' title='bbox 797 3033 1326 3106; x_wconf 85' lang='grc' dir='ltr'>προκατανοηθέντος</span> <span class='ocrx_word' id='word_1_444' title='bbox 1354 3031 1440 3084; x_wconf 79' lang='grc' dir='ltr'>διὰ</span> <span class='ocrx_word' id='word_1_445' title='bbox 1477 3032 1575 3100; x_wconf 80' lang='grc' dir='ltr'><strong>τῆς</strong></span> <span class='ocrx_word' id='word_1_446' title='bbox 1605 3047 1851 3101; x_wconf 90' lang='grc' dir='ltr'>προγνω-</span> 
     </span>
    </p>
   </div>
   <div class='ocr_carea' id='block_1_57' title="bbox 267 3120 1854 3196">
    <p class='ocr_par' dir='ltr' id='par_1_57' title="bbox 267 3120 1854 3196">
     <span class='ocr_line' id='line_1_57' title="bbox 267 3120 1854 3196; baseline -0.004 -18"><span class='ocrx_word' id='word_1_447' title='bbox 267 3126 459 3196; x_wconf 55' lang='lat' dir='ltr'><strong>anxi];</strong></span> <span class='ocrx_word' id='word_1_448' title='bbox 487 3125 772 3196; x_wconf 84' lang='grc' dir='ltr'>ἐνεργείας</span> <span class='ocrx_word' id='word_1_449' title='bbox 790 3123 1155 3194; x_wconf 84' lang='grc' dir='ltr'>πληρώματος</span> <span class='ocrx_word' id='word_1_450' title='bbox 1175 3123 1281 3175; x_wconf 84' lang='grc' dir='ltr'><strong>τῶν</strong></span> <span class='ocrx_word' id='word_1_451' title='bbox 1303 3120 1621 3194; x_wconf 83' lang='grc' dir='ltr'>ἀνθρώπων,</span> <span class='ocrx_word' id='word_1_452' title='bbox 1644 3120 1730 3173; x_wconf 81' lang='grc' dir='ltr'><strong>διὰ</strong></span> <span class='ocrx_word' id='word_1_453' title='bbox 1754 3123 1854 3190; x_wconf 83' lang='grc' dir='ltr'><strong>τῆς</strong></span> 
     </span>
    </p>
   </div>
   <div class='ocr_carea' id='block_1_58' title="bbox 263 3201 1932 3288">
    <p class='ocr_par' dir='ltr' id='par_1_58' title="bbox 263 3201 1932 3288">
     <span class='ocr_line' id='line_1_58' title="bbox 263 3201 1932 3288; baseline -0.001 -19"><span class='ocrx_word' id='word_1_454' title='bbox 263 3216 551 3280; x_wconf 78' lang='grc' dir='ltr'>ςωωδεστέ</span> <span class='ocrx_word' id='word_1_455' title='bbox 561 3235 663 3288; x_wconf 87' lang='grc' dir='ltr'><strong>ρας</strong></span> <span class='ocrx_word' id='word_1_456' title='bbox 684 3218 947 3285; x_wconf 85' lang='grc' dir='ltr'>γενέσεως</span> <span class='ocrx_word' id='word_1_457' title='bbox 965 3217 1056 3268; x_wconf 72' lang='grc' dir='ltr'><strong>ἐπὶ</strong></span> <span class='ocrx_word' id='word_1_458' title='bbox 1078 3216 1173 3286; x_wconf 77' lang='grc' dir='ltr'><strong>τὴν</strong></span> <span class='ocrx_word' id='word_1_459' title='bbox 1197 3215 1338 3284; x_wconf 79' lang='grc' dir='ltr'>ζωὴν</span> <span class='ocrx_word' id='word_1_460' title='bbox 1362 3215 1638 3284; x_wconf 86' lang='grc' dir='ltr'>μέλλοντος</span> <span class='ocrx_word' id='word_1_461' title='bbox 1665 3203 1888 3284; x_wconf 47' lang='grc' dir='ltr'><strong>’πιειριιίέξ¹</strong></span> <span class='ocrx_word' id='word_1_462' title='bbox 1903 3201 1932 3236; x_wconf 48' lang='grc' dir='ltr'>θ</span> 
     </span>
    </p>
   </div>
   <div class='ocr_carea' id='block_1_59' title="bbox 2023 3031 3514 3107">
    <p class='ocr_par' dir='ltr' id='par_1_59' title="bbox 2023 3031 3514 3107">
     <span class='ocr_line' id='line_1_59' title="bbox 2023 3031 3514 3107; baseline 0.005 -21"><span class='ocrx_word' id='word_1_463' title='bbox 2023 3031 2158 3087; x_wconf 89' lang='lat' dir='ltr'><strong>Cum</strong></span> <span class='ocrx_word' id='word_1_464' title='bbox 2204 3034 2368 3104; x_wconf 88' lang='lat' dir='ltr'><strong>igitur</strong></span> <span class='ocrx_word' id='word_1_465' title='bbox 2417 3035 2668 3090; x_wconf 89' lang='lat' dir='ltr'><strong>universe</strong></span> <span class='ocrx_word' id='word_1_466' title='bbox 2709 3050 2882 3104; x_wconf 83' lang='lat' dir='ltr'><strong>genus</strong></span> <span class='ocrx_word' id='word_1_467' title='bbox 2928 3043 3173 3090; x_wconf 90' lang='lat' dir='ltr'><strong>nostrum</strong></span> <span class='ocrx_word' id='word_1_468' title='bbox 3217 3035 3360 3093; x_wconf 84' lang='lat' dir='ltr'><strong>Deus</strong></span> <span class='ocrx_word' id='word_1_469' title='bbox 3396 3037 3514 3107; x_wconf 82' lang='lat' dir='ltr'><strong>(qui</strong></span> 
     </span>
    </p>
   </div>
   <div class='ocr_carea' id='block_1_60' title="bbox 1953 3127 3516 3198">
    <p class='ocr_par' dir='ltr' id='par_1_60' title="bbox 1953 3127 3516 3198">
     <span class='ocr_line' id='line_1_60' title="bbox 1953 3127 3516 3198; baseline 0.004 -18"><span class='ocrx_word' id='word_1_470' title='bbox 1953 3127 2144 3180; x_wconf 91' lang='lat' dir='ltr'><strong>ordine</strong></span> <span class='ocrx_word' id='word_1_471' title='bbox 2174 3134 2320 3181; x_wconf 89' lang='lat' dir='ltr'><strong>certo</strong></span> <span class='ocrx_word' id='word_1_472' title='bbox 2355 3135 2552 3181; x_wconf 90' lang='lat' dir='ltr'><strong>cuncta</strong></span> <span class='ocrx_word' id='word_1_473' title='bbox 2594 3127 2960 3198; x_wconf 88' lang='lat' dir='ltr'><strong>administrat)</strong></span> <span class='ocrx_word' id='word_1_474' title='bbox 2994 3129 3334 3198; x_wconf 88' lang='lat' dir='ltr'><strong>prospiceret</strong></span> <span class='ocrx_word' id='word_1_475' title='bbox 3363 3145 3516 3186; x_wconf 83' lang='lat' dir='ltr'><strong>more</strong></span> 
     </span>
    </p>
   </div>
   <div class='ocr_carea' id='block_1_61' title="bbox 1954 3217 3516 3291">
    <p class='ocr_par' dir='ltr' id='par_1_61' title="bbox 1954 3217 3516 3291">
     <span class='ocr_line' id='line_1_61' title="bbox 1954 3217 3516 3291; baseline 0.003 -20"><span class='ocrx_word' id='word_1_476' title='bbox 1954 3217 2238 3272; x_wconf 84' lang='lat' dir='ltr'><strong>brutorum</strong></span> <span class='ocrx_word' id='word_1_477' title='bbox 2272 3220 2630 3274; x_wconf 88' lang='lat' dir='ltr'><strong>animantium</strong></span> <span class='ocrx_word' id='word_1_478' title='bbox 2665 3221 2960 3285; x_wconf 91' lang='lat' dir='ltr'><strong>oriturum,</strong></span> <span class='ocrx_word' id='word_1_479' title='bbox 3005 3237 3180 3291; x_wconf 90' lang='lat' dir='ltr'><strong>neque</strong></span> <span class='ocrx_word' id='word_1_480' title='bbox 3211 3221 3323 3276; x_wconf 80' lang='lat' dir='ltr'><strong>ﬁeri</strong></span> <span class='ocrx_word' id='word_1_481' title='bbox 3357 3223 3516 3277; x_wconf 87' lang='lat' dir='ltr'><strong>aliter</strong></span> 
     </span>
    </p>
   </div>
   <div class='ocr_carea' id='block_1_62' title="bbox 266 3305 1857 3397">
    <p class='ocr_par' dir='ltr' id='par_1_62' title="bbox 266 3305 1852 3380">
     <span class='ocr_line' id='line_1_62' title="bbox 266 3305 1852 3380; baseline -0.003 -18"><span class='ocrx_word' id='word_1_482' title='bbox 266 3328 374 3373; x_wconf 85' lang='grc' dir='ltr'>ναι,</span> <span class='ocrx_word' id='word_1_483' title='bbox 404 3313 434 3363; x_wconf 81' lang='grc' dir='ltr'>ὁ</span> <span class='ocrx_word' id='word_1_484' title='bbox 467 3309 628 3374; x_wconf 77' lang='grc' dir='ltr'>τάξει</span> <span class='ocrx_word' id='word_1_485' title='bbox 661 3311 767 3363; x_wconf 82' lang='grc' dir='ltr'>τινὶ</span> <span class='ocrx_word' id='word_1_486' title='bbox 803 3311 896 3363; x_wconf 76' lang='grc' dir='ltr'><strong>καὶ</strong></span> <span class='ocrx_word' id='word_1_487' title='bbox 941 3309 1117 3380; x_wconf 82' lang='grc' dir='ltr'>εἱρμῴ</span> <span class='ocrx_word' id='word_1_488' title='bbox 1162 3306 1523 3377; x_wconf 75' lang='grc' dir='ltr'>διακυϐερνών</span> <span class='ocrx_word' id='word_1_489' title='bbox 1572 3305 1639 3358; x_wconf 87' lang='grc' dir='ltr'><strong>τά</strong></span> <span class='ocrx_word' id='word_1_490' title='bbox 1679 3306 1852 3358; x_wconf 83' lang='grc' dir='ltr'>πάντα</span> 
     </span>
    </p>
   </div>
   <div class='ocr_carea' id='block_1_63' title="bbox 1951 3305 3516 3397">
    <p class='ocr_par' dir='ltr' id='par_1_63' title="bbox 1958 3311 3516 3386">
     <span class='ocr_line' id='line_1_63' title="bbox 1958 3311 3516 3386; baseline 0.004 -24"><span class='ocrx_word' id='word_1_491' title='bbox 1958 3326 2120 3380; x_wconf 84' lang='lat' dir='ltr'><strong>posse</strong></span> <span class='ocrx_word' id='word_1_492' title='bbox 2147 3311 2496 3381; x_wconf 80' lang='lat' dir='ltr'><strong>intelligeret,</strong></span> <span class='ocrx_word' id='word_1_493' title='bbox 2531 3328 2696 3382; x_wconf 92' lang='lat' dir='ltr'><strong>quam</strong></span> <span class='ocrx_word' id='word_1_494' title='bbox 2742 3319 2802 3366; x_wconf 89' lang='lat' dir='ltr'><strong>ut</strong></span> <span class='ocrx_word' id='word_1_495' title='bbox 2847 3313 2950 3367; x_wconf 91' lang='lat' dir='ltr'><strong>hoc</strong></span> <span class='ocrx_word' id='word_1_496' title='bbox 2979 3314 3141 3368; x_wconf 90' lang='lat' dir='ltr'><strong>modo</strong></span> <span class='ocrx_word' id='word_1_497' title='bbox 3191 3329 3516 3386; x_wconf 85' lang='lat' dir='ltr'><strong>propagare-</strong></span> 
     </span>
    </p>
   </div>
   <div class='ocr_carea' id='block_1_64' title="bbox 262 3394 1851 3471">
    <p class='ocr_par' dir='ltr' id='par_1_64' title="bbox 262 3394 1851 3471">
     <span class='ocr_line' id='line_1_64' title="bbox 262 3394 1851 3471; baseline -0.004 -19"><span class='ocrx_word' id='word_1_498' title='bbox 262 3401 418 3466; x_wconf 73' lang='grc' dir='ltr'>Θεὸς,</span> <span class='ocrx_word' id='word_1_499' title='bbox 444 3400 644 3471; x_wconf 79' lang='grc' dir='ltr'>ἐπειδὴ</span> <span class='ocrx_word' id='word_1_500' title='bbox 660 3400 792 3462; x_wconf 77' lang='grc' dir='ltr'>ὅλως</span> <span class='ocrx_word' id='word_1_501' title='bbox 809 3400 867 3452; x_wconf 81' lang='grc' dir='ltr'><strong>τὸ</strong></span> <span class='ocrx_word' id='word_1_502' title='bbox 882 3399 1116 3451; x_wconf 87' lang='grc' dir='ltr'>τοιοῦτον</span> <span class='ocrx_word' id='word_1_503' title='bbox 1132 3400 1197 3467; x_wconf 79' lang='grc' dir='ltr'>τῇ</span> <span class='ocrx_word' id='word_1_504' title='bbox 1220 3395 1592 3466; x_wconf 85' lang='grc' dir='ltr'>ἀνθρωπότητι</span> <span class='ocrx_word' id='word_1_505' title='bbox 1607 3394 1706 3464; x_wconf 82' lang='grc' dir='ltr'>τῆς</span> <span class='ocrx_word' id='word_1_506' title='bbox 1729 3411 1851 3462; x_wconf 87' lang='grc' dir='ltr'>γεν-</span> 
     </span>
    </p>
   </div>
   <div class='ocr_carea' id='block_1_65' title="bbox 263 3487 1850 3563">
    <p class='ocr_par' dir='ltr' id='par_1_65' title="bbox 263 3487 1850 3563">
     <span class='ocr_line' id='line_1_65' title="bbox 263 3487 1850 3563; baseline -0.005 -17"><span class='ocrx_word' id='word_1_507' title='bbox 263 3495 476 3563; x_wconf 82' lang='grc' dir='ltr'>νήσεως</span> <span class='ocrx_word' id='word_1_508' title='bbox 501 3489 647 3555; x_wconf 83' lang='grc' dir='ltr'>εἶδος</span> <span class='ocrx_word' id='word_1_509' title='bbox 680 3493 968 3559; x_wconf 85' lang='grc' dir='ltr'>ἀναγκαῖον</span> <span class='ocrx_word' id='word_1_510' title='bbox 998 3488 1248 3556; x_wconf 81' lang='grc' dir='ltr'>ἐποίησεν</span> <span class='ocrx_word' id='word_1_511' title='bbox 1282 3490 1314 3558; x_wconf 82' lang='grc' dir='ltr'>ἡ</span> <span class='ocrx_word' id='word_1_512' title='bbox 1343 3487 1478 3559; x_wconf 77' lang='grc' dir='ltr'>πρὸς</span> <span class='ocrx_word' id='word_1_513' title='bbox 1509 3487 1568 3539; x_wconf 82' lang='grc' dir='ltr'>τὸ</span> <span class='ocrx_word' id='word_1_514' title='bbox 1600 3487 1850 3539; x_wconf 81' lang='grc' dir='ltr'>ταπεινὸν</span> 
     </span>
    </p>
   </div>
   <div class='ocr_carea' id='block_1_66' title="bbox 259 3577 1852 3655">
    <p class='ocr_par' dir='ltr' id='par_1_66' title="bbox 259 3577 1852 3655">
     <span class='ocr_line' id='line_1_66' title="bbox 259 3577 1852 3655; baseline -0.004 -18"><span class='ocrx_word' id='word_1_515' title='bbox 259 3587 361 3655; x_wconf 75' lang='grc' dir='ltr'>τῆς</span> <span class='ocrx_word' id='word_1_516' title='bbox 392 3585 621 3653; x_wconf 80' lang='grc' dir='ltr'>φύσεως</span> <span class='ocrx_word' id='word_1_517' title='bbox 661 3583 817 3654; x_wconf 79' lang='grc' dir='ltr'>ἡμῶν</span> <span class='ocrx_word' id='word_1_518' title='bbox 846 3581 1132 3643; x_wconf 84' lang='grc' dir='ltr'>ἐπίκλισις,</span> <span class='ocrx_word' id='word_1_519' title='bbox 1156 3581 1221 3651; x_wconf 83' lang='grc' dir='ltr'>ἣν</span> <span class='ocrx_word' id='word_1_520' title='bbox 1254 3577 1356 3634; x_wconf 81' lang='grc' dir='ltr'>εἶδε</span> <span class='ocrx_word' id='word_1_521' title='bbox 1391 3581 1518 3652; x_wconf 74' lang='grc' dir='ltr'>πρὶν</span> <span class='ocrx_word' id='word_1_522' title='bbox 1545 3579 1792 3648; x_wconf 86' lang='grc' dir='ltr'>γενέσθαι</span> <span class='ocrx_word' id='word_1_523' title='bbox 1824 3582 1852 3632; x_wconf 88' lang='grc' dir='ltr'>ὁ</span> 
     </span>
    </p>
   </div>
   <div class='ocr_carea' id='block_1_67' title="bbox 258 3755 1879 3836">
    <p class='ocr_par' dir='ltr' id='par_1_67' title="bbox 258 3755 1879 3836">
     <span class='ocr_line' id='line_1_67' title="bbox 258 3755 1879 3836; baseline -0.004 -16"><span class='ocrx_word' id='word_1_524' title='bbox 258 3767 351 3820; x_wconf 77' lang='grc' dir='ltr'><strong>τὸν</strong></span> <span class='ocrx_word' id='word_1_525' title='bbox 381 3767 715 3836; x_wconf 83' lang='grc' dir='ltr'>σύμμετρον</span> <span class='ocrx_word' id='word_1_526' title='bbox 753 3767 817 3836; x_wconf 82' lang='grc' dir='ltr'>τῇ</span> <span class='ocrx_word' id='word_1_527' title='bbox 855 3766 1161 3833; x_wconf 79' lang='grc' dir='ltr'>κατασκευῇ</span> <span class='ocrx_word' id='word_1_528' title='bbox 1184 3763 1292 3816; x_wconf 85' lang='grc' dir='ltr'><strong>τῶν</strong></span> <span class='ocrx_word' id='word_1_529' title='bbox 1338 3762 1638 3834; x_wconf 89' lang='grc' dir='ltr'>ἀνθρώπων</span> <span class='ocrx_word' id='word_1_530' title='bbox 1665 3763 1851 3832; x_wconf 80' lang='grc' dir='ltr'>χρόνον</span> <span class='ocrx_word' id='word_1_531' title='bbox 1878 3755 1879 3758; x_wconf 34' lang='grc'><em>“</em></span> 
     </span>
    </p>
   </div>
   <div class='ocr_carea' id='block_1_68' title="bbox 261 3852 1853 3930">
    <p class='ocr_par' dir='ltr' id='par_1_68' title="bbox 261 3852 1853 3930">
     <span class='ocr_line' id='line_1_68' title="bbox 261 3852 1853 3930; baseline -0.008 -17"><span class='ocrx_word' id='word_1_532' title='bbox 261 3858 719 3930; x_wconf 84' lang='grc' dir='ltr'>προκατενόησεν</span> <span class='ocrx_word' id='word_1_533' title='bbox 740 3875 750 3886; x_wconf 91' lang='grc'>·</span> <span class='ocrx_word' id='word_1_534' title='bbox 778 3857 916 3908; x_wconf 81' lang='grc' dir='ltr'>ὥστε</span> <span class='ocrx_word' id='word_1_535' title='bbox 937 3858 1002 3927; x_wconf 80' lang='grc' dir='ltr'>τῇ</span> <span class='ocrx_word' id='word_1_536' title='bbox 1043 3855 1256 3925; x_wconf 85' lang='grc' dir='ltr'>παρόδῳ</span> <span class='ocrx_word' id='word_1_537' title='bbox 1282 3854 1387 3907; x_wconf 83' lang='grc' dir='ltr'><strong>τῶν</strong></span> <span class='ocrx_word' id='word_1_538' title='bbox 1412 3852 1853 3924; x_wconf 84' lang='grc' dir='ltr'>περιορισθεισῶν</span> 
     </span>
    </p>
   </div>
   <div class='ocr_carea' id='block_1_69' title="bbox 255 3943 1851 4022">
    <p class='ocr_par' dir='ltr' id='par_1_69' title="bbox 255 3943 1851 4022">
     <span class='ocr_line' id='line_1_69' title="bbox 255 3943 1851 4022; baseline -0.007 -18"><span class='ocrx_word' id='word_1_539' title='bbox 255 3952 455 4022; x_wconf 66' lang='grc' dir='ltr'>ψυχῶν</span> <span class='ocrx_word' id='word_1_540' title='bbox 497 3948 1002 4020; x_wconf 79' lang='grc' dir='ltr'>συναπαρτισθῆναι</span> <span class='ocrx_word' id='word_1_541' title='bbox 1043 3947 1140 4016; x_wconf 80' lang='grc' dir='ltr'><strong>τὴν</strong></span> <span class='ocrx_word' id='word_1_542' title='bbox 1189 3943 1280 3998; x_wconf 89' lang='grc' dir='ltr'><strong>τοῦ</strong></span> <span class='ocrx_word' id='word_1_543' title='bbox 1311 3945 1498 4015; x_wconf 87' lang='grc' dir='ltr'>χρόνου</span> <span class='ocrx_word' id='word_1_544' title='bbox 1530 3943 1851 4015; x_wconf 84' lang='grc' dir='ltr'>παράτασιν,</span> 
     </span>
    </p>
   </div>
   <div class='ocr_carea' id='block_1_70' title="bbox 258 4023 1855 4109">
    <p class='ocr_par' dir='ltr' id='par_1_70' title="bbox 258 4023 1855 4109">
     <span class='ocr_line' id='line_1_70' title="bbox 258 4023 1855 4109; baseline -0.008 -14"><span class='ocrx_word' id='word_1_545' title='bbox 258 4023 357 4096; x_wconf 69' lang='grc' dir='ltr'><strong>καὶ</strong></span> <span class='ocrx_word' id='word_1_546' title='bbox 382 4042 516 4094; x_wconf 82' lang='grc' dir='ltr'>τότε</span> <span class='ocrx_word' id='word_1_547' title='bbox 563 4040 754 4109; x_wconf 82' lang='grc' dir='ltr'>στῆναι</span> <span class='ocrx_word' id='word_1_548' title='bbox 785 4039 881 4107; x_wconf 79' lang='grc' dir='ltr'><strong>τὴν</strong></span> <span class='ocrx_word' id='word_1_549' title='bbox 920 4035 1088 4108; x_wconf 76' lang='grc' dir='ltr'>ῥοώδη</span> <span class='ocrx_word' id='word_1_550' title='bbox 1118 4034 1213 4087; x_wconf 90' lang='grc' dir='ltr'><strong>τοῦ</strong></span> <span class='ocrx_word' id='word_1_551' title='bbox 1243 4035 1432 4105; x_wconf 91' lang='grc' dir='ltr'>χρόνου</span> <span class='ocrx_word' id='word_1_552' title='bbox 1461 4033 1671 4104; x_wconf 85' lang='grc' dir='ltr'>κίνησιν</span> <span class='ocrx_word' id='word_1_553' title='bbox 1690 4072 1704 4095; x_wconf 92' lang='grc'><strong>,</strong></span> <span class='ocrx_word' id='word_1_554' title='bbox 1730 4032 1855 4084; x_wconf 81' lang='grc' dir='ltr'>ὅταν</span> 
     </span>
    </p>
   </div>
   <div class='ocr_carea' id='block_1_71' title="bbox 255 4217 1857 4296">
    <p class='ocr_par' dir='ltr' id='par_1_71' title="bbox 255 4217 1857 4296">
     <span class='ocr_line' id='line_1_71' title="bbox 255 4217 1857 4296; baseline -0.007 -18"><span class='ocrx_word' id='word_1_555' title='bbox 255 4227 315 4278; x_wconf 85' lang='grc' dir='ltr'>δὲ</span> <span class='ocrx_word' id='word_1_556' title='bbox 362 4227 469 4296; x_wconf 75' lang='grc' dir='ltr'>τῆς</span> <span class='ocrx_word' id='word_1_557' title='bbox 513 4225 630 4277; x_wconf 82' lang='grc' dir='ltr'><strong>τῶν</strong></span> <span class='ocrx_word' id='word_1_558' title='bbox 682 4223 980 4294; x_wconf 87' lang='grc' dir='ltr'>ἀνθρώπων</span> <span class='ocrx_word' id='word_1_559' title='bbox 1020 4223 1314 4291; x_wconf 79' lang='grc' dir='ltr'>γενέσεως,</span> <span class='ocrx_word' id='word_1_560' title='bbox 1356 4219 1434 4290; x_wconf 83' lang='grc' dir='ltr'>τῷ</span> <span class='ocrx_word' id='word_1_561' title='bbox 1471 4219 1612 4271; x_wconf 81' lang='grc' dir='ltr'>τέλει</span> <span class='ocrx_word' id='word_1_562' title='bbox 1658 4217 1857 4280; x_wconf 84' lang='grc' dir='ltr'>ταύτης</span> 
     </span>
    </p>
   </div>
   <div class='ocr_carea' id='block_1_72' title="bbox 257 4309 1859 4384">
    <p class='ocr_par' dir='ltr' id='par_1_72' title="bbox 257 4309 1859 4384">
     <span class='ocr_line' id='line_1_72' title="bbox 257 4309 1859 4384; baseline -0.006 -17"><span class='ocrx_word' id='word_1_563' title='bbox 257 4314 697 4384; x_wconf 78' lang='grc' dir='ltr'>συγκαταλῆξαι</span> <span class='ocrx_word' id='word_1_564' title='bbox 732 4314 820 4366; x_wconf 80' lang='grc' dir='ltr'><strong>τὸν</strong></span> <span class='ocrx_word' id='word_1_565' title='bbox 862 4312 1072 4384; x_wconf 84' lang='grc' dir='ltr'>χρόνον,</span> <span class='ocrx_word' id='word_1_566' title='bbox 1109 4313 1200 4364; x_wconf 75' lang='grc' dir='ltr'>καὶ</span> <span class='ocrx_word' id='word_1_567' title='bbox 1226 4310 1366 4364; x_wconf 77' lang='grc' dir='ltr'>οὕτω</span> <span class='ocrx_word' id='word_1_568' title='bbox 1403 4310 1500 4379; x_wconf 84' lang='grc' dir='ltr'><strong>τὴν</strong></span> <span class='ocrx_word' id='word_1_569' title='bbox 1537 4309 1628 4361; x_wconf 87' lang='grc' dir='ltr'><strong>τοῦ</strong></span> <span class='ocrx_word' id='word_1_570' title='bbox 1661 4309 1859 4370; x_wconf 82' lang='grc' dir='ltr'>παντὸς</span> 
     </span>
    </p>
   </div>
   <div class='ocr_carea' id='block_1_73' title="bbox 256 4399 1858 4477">
    <p class='ocr_par' dir='ltr' id='par_1_73' title="bbox 256 4399 1858 4477">
     <span class='ocr_line' id='line_1_73' title="bbox 256 4399 1858 4477; baseline -0.006 -16"><span class='ocrx_word' id='word_1_571' title='bbox 256 4407 733 4477; x_wconf 77' lang='grc' dir='ltr'>ἀναστοιχείωσιν</span> <span class='ocrx_word' id='word_1_572' title='bbox 756 4405 1025 4473; x_wconf 85' lang='grc' dir='ltr'>γενέσθαι,</span> <span class='ocrx_word' id='word_1_573' title='bbox 1067 4405 1159 4456; x_wconf 69' lang='grc' dir='ltr'><strong>καὶ</strong></span> <span class='ocrx_word' id='word_1_574' title='bbox 1194 4407 1259 4474; x_wconf 81' lang='grc' dir='ltr'>τῇ</span> <span class='ocrx_word' id='word_1_575' title='bbox 1291 4401 1557 4472; x_wconf 78' lang='grc' dir='ltr'>μεταϐολῇ</span> <span class='ocrx_word' id='word_1_576' title='bbox 1606 4399 1700 4454; x_wconf 83' lang='grc' dir='ltr'><strong>τοῦ</strong></span> <span class='ocrx_word' id='word_1_577' title='bbox 1724 4400 1858 4452; x_wconf 54' lang='grc' dir='ltr'>’ὅλου</span> 
     </span>
    </p>
   </div>
   <div class='ocr_carea' id='block_1_74' title="bbox 256 4489 1858 4568">
    <p class='ocr_par' dir='ltr' id='par_1_74' title="bbox 256 4489 1858 4568">
     <span class='ocr_line' id='line_1_74' title="bbox 256 4489 1858 4568; baseline -0.006 -17"><span class='ocrx_word' id='word_1_578' title='bbox 256 4497 726 4568; x_wconf 75' lang='grc' dir='ltr'>συναμειφθῆναι</span> <span class='ocrx_word' id='word_1_579' title='bbox 764 4497 856 4548; x_wconf 75' lang='grc' dir='ltr'>καὶ</span> <span class='ocrx_word' id='word_1_580' title='bbox 883 4495 943 4547; x_wconf 81' lang='grc' dir='ltr'><strong>τὸ</strong></span> <span class='ocrx_word' id='word_1_581' title='bbox 971 4493 1326 4564; x_wconf 85' lang='grc' dir='ltr'>ἀνθρώπινον,</span> <span class='ocrx_word' id='word_1_582' title='bbox 1363 4493 1468 4545; x_wconf 80' lang='grc' dir='ltr'>ἀπὸ</span> <span class='ocrx_word' id='word_1_583' title='bbox 1494 4491 1586 4544; x_wconf 89' lang='grc' dir='ltr'><strong>τοῦ</strong></span> <span class='ocrx_word' id='word_1_584' title='bbox 1622 4489 1858 4560; x_wconf 76' lang='grc' dir='ltr'>φθαρτοῦ</span> 
     </span>
    </p>
   </div>
   <div class='ocr_carea' id='block_1_75' title="bbox 254 4581 1888 4656">
    <p class='ocr_par' dir='ltr' id='par_1_75' title="bbox 254 4581 1888 4656">
     <span class='ocr_line' id='line_1_75' title="bbox 254 4581 1888 4656; baseline -0.006 -16"><span class='ocrx_word' id='word_1_585' title='bbox 254 4590 356 4642; x_wconf 70' lang='grc' dir='ltr'><strong>καὶ</strong></span> <span class='ocrx_word' id='word_1_586' title='bbox 386 4588 647 4656; x_wconf 79' lang='grc' dir='ltr'>γεώδους</span> <span class='ocrx_word' id='word_1_587' title='bbox 686 4587 776 4637; x_wconf 70' lang='grc' dir='ltr'><strong>ἐπὶ</strong></span> <span class='ocrx_word' id='word_1_588' title='bbox 811 4586 871 4637; x_wconf 87' lang='grc' dir='ltr'><strong>τὸ</strong></span> <span class='ocrx_word' id='word_1_589' title='bbox 901 4585 1106 4647; x_wconf 75' lang='grc' dir='ltr'>ἀπαθὲς</span> <span class='ocrx_word' id='word_1_590' title='bbox 1138 4584 1231 4636; x_wconf 76' lang='grc' dir='ltr'>καὶ</span> <span class='ocrx_word' id='word_1_591' title='bbox 1258 4583 1443 4636; x_wconf 74' lang='grc' dir='ltr'>ἀΐδιον.</span> <span class='ocrx_word' id='word_1_592' title='bbox 1478 4583 1544 4634; x_wconf 80' lang='grc' dir='ltr'><strong>’Ὀ</strong></span> <span class='ocrx_word' id='word_1_593' title='bbox 1585 4598 1672 4650; x_wconf 87' lang='grc' dir='ltr'><strong>μοι</strong></span> <span class='ocrx_word' id='word_1_594' title='bbox 1719 4581 1888 4633; x_wconf 74' lang='grc' dir='ltr'>δοκεῖ.</span> 
     </span>
    </p>
   </div>
   <div class='ocr_carea' id='block_1_76' title="bbox 1958 3397 3516 3467">
    <p class='ocr_par' dir='ltr' id='par_1_76' title="bbox 1958 3397 3516 3467">
     <span class='ocr_line' id='line_1_76' title="bbox 1958 3397 3516 3467; baseline 0.004 -13"><span class='ocrx_word' id='word_1_595' title='bbox 1958 3411 2065 3467; x_wconf 92' lang='lat' dir='ltr'><strong>tur,</strong></span> <span class='ocrx_word' id='word_1_596' title='bbox 2114 3411 2307 3455; x_wconf 86' lang='lat' dir='ltr'><strong>natura</strong></span> <span class='ocrx_word' id='word_1_597' title='bbox 2357 3418 2416 3457; x_wconf 89' lang='lat' dir='ltr'><strong>se</strong></span> <span class='ocrx_word' id='word_1_598' title='bbox 2455 3413 2640 3458; x_wconf 91' lang='lat' dir='ltr'><strong>nostra</strong></span> <span class='ocrx_word' id='word_1_599' title='bbox 2683 3397 3026 3459; x_wconf 87' lang='lat' dir='ltr'><strong>humiliorem</strong></span> <span class='ocrx_word' id='word_1_600' title='bbox 3073 3405 3140 3458; x_wconf 88' lang='lat' dir='ltr'><strong>ad</strong></span> <span class='ocrx_word' id='word_1_601' title='bbox 3175 3412 3374 3459; x_wconf 89' lang='lat' dir='ltr'><strong>statum</strong></span> <span class='ocrx_word' id='word_1_602' title='bbox 3419 3407 3516 3461; x_wconf 91' lang='lat' dir='ltr'><strong>dc-</strong></span> 
     </span>
    </p>
   </div>
   <div class='ocr_carea' id='block_1_77' title="bbox 1958 3494 3517 3566">
    <p class='ocr_par' dir='ltr' id='par_1_77' title="bbox 1958 3494 3517 3566">
     <span class='ocr_line' id='line_1_77' title="bbox 1958 3494 3517 3566; baseline 0.003 -20"><span class='ocrx_word' id='word_1_603' title='bbox 1958 3494 2235 3559; x_wconf 91' lang='lat' dir='ltr'><strong>mittente,</strong></span> <span class='ocrx_word' id='word_1_604' title='bbox 2269 3495 2407 3548; x_wconf 87' lang='lat' dir='ltr'><strong>sicut</strong></span> <span class='ocrx_word' id='word_1_605' title='bbox 2431 3495 2544 3564; x_wconf 84' lang='lat' dir='ltr'><strong>ipse</strong></span> <span class='ocrx_word' id='word_1_606' title='bbox 2565 3494 2737 3549; x_wconf 86' lang='lat' dir='ltr'><strong>multo</strong></span> <span class='ocrx_word' id='word_1_607' title='bbox 2766 3505 2892 3548; x_wconf 90' lang='lat' dir='ltr'><strong>ante</strong></span> <span class='ocrx_word' id='word_1_608' title='bbox 2920 3494 3034 3550; x_wconf 82' lang='lat' dir='ltr'><strong>fore</strong></span> <span class='ocrx_word' id='word_1_609' title='bbox 3061 3497 3396 3564; x_wconf 58' lang='lat' dir='ltr'><strong>praeviderat,</strong></span> <span class='ocrx_word' id='word_1_610' title='bbox 3424 3498 3517 3566; x_wconf 92' lang='lat' dir='ltr'><strong>qui</strong></span> 
     </span>
    </p>
   </div>
   <div class='ocr_carea' id='block_1_78' title="bbox 1921 3587 3514 3659">
    <p class='ocr_par' dir='ltr' id='par_1_78' title="bbox 1921 3587 3514 3659">
     <span class='ocr_line' id='line_1_78' title="bbox 1921 3587 3514 3659; baseline 0.001 -17"><span class='ocrx_word' id='word_1_611' title='bbox 1921 3587 2174 3642; x_wconf 58' lang='lat' dir='ltr'><strong>.tuturos</strong></span> <span class='ocrx_word' id='word_1_612' title='bbox 2217 3596 2445 3642; x_wconf 88' lang='lat' dir='ltr'><strong>eventus</strong></span> <span class='ocrx_word' id='word_1_613' title='bbox 2478 3596 2736 3656; x_wconf 88' lang='lat' dir='ltr'><strong>tanquam</strong></span> <span class='ocrx_word' id='word_1_614' title='bbox 2777 3603 2867 3643; x_wconf 90' lang='lat' dir='ltr'><strong>res</strong></span> <span class='ocrx_word' id='word_1_615' title='bbox 2904 3596 3199 3659; x_wconf 83' lang='lat' dir='ltr'><strong>praesentes</strong></span> <span class='ocrx_word' id='word_1_616' title='bbox 3234 3589 3514 3644; x_wconf 87' lang='lat' dir='ltr'><strong>intuetur:</strong></span> 
     </span>
    </p>
   </div>
   <div class='ocr_carea' id='block_1_79' title="bbox 260 3671 1926 3746">
    <p class='ocr_par' dir='ltr' id='par_1_79' title="bbox 260 3671 1926 3746">
     <span class='ocr_line' id='line_1_79' title="bbox 260 3671 1926 3746; baseline -0.002 -19"><span class='ocrx_word' id='word_1_617' title='bbox 260 3677 465 3746; x_wconf 79' lang='grc' dir='ltr'>ἐπίσης</span> <span class='ocrx_word' id='word_1_618' title='bbox 487 3675 574 3745; x_wconf 83' lang='grc' dir='ltr'>τῷ</span> <span class='ocrx_word' id='word_1_619' title='bbox 599 3673 854 3726; x_wconf 81' lang='grc' dir='ltr'>ἐνεστῶτι</span> <span class='ocrx_word' id='word_1_620' title='bbox 876 3674 936 3725; x_wconf 78' lang='grc' dir='ltr'>τὸ</span> <span class='ocrx_word' id='word_1_621' title='bbox 969 3672 1156 3743; x_wconf 81' lang='grc' dir='ltr'>μέλλον</span> <span class='ocrx_word' id='word_1_622' title='bbox 1187 3671 1415 3740; x_wconf 80' lang='grc' dir='ltr'><strong>βλέπων,</strong></span> <span class='ocrx_word' id='word_1_623' title='bbox 1455 3671 1541 3725; x_wconf 79' lang='grc' dir='ltr'><strong>διὰ</strong></span> <span class='ocrx_word' id='word_1_624' title='bbox 1567 3671 1724 3723; x_wconf 84' lang='grc' dir='ltr'>τοῦτο</span> <span class='ocrx_word' id='word_1_625' title='bbox 1760 3671 1888 3724; x_wconf 63' lang='grc' dir='ltr'><strong>καῖ)-</strong></span> <span class='ocrx_word' id='word_1_626' title='bbox 1909 3671 1926 3676; x_wconf 60' lang='grc'><strong>’“</strong></span> 
     </span>
    </p>
   </div>
   <div class='ocr_carea' id='block_1_80' title="bbox 1957 3679 3518 3751">
    <p class='ocr_par' dir='ltr' id='par_1_80' title="bbox 1957 3679 3518 3751">
     <span class='ocr_line' id='line_1_80' title="bbox 1957 3679 3518 3751; baseline 0.003 -20"><span class='ocrx_word' id='word_1_627' title='bbox 1957 3681 2120 3733; x_wconf 88' lang='lat' dir='ltr'><strong>etiam</strong></span> <span class='ocrx_word' id='word_1_628' title='bbox 2147 3694 2320 3733; x_wconf 73' lang='lat' dir='ltr'><strong>aevum</strong></span> <span class='ocrx_word' id='word_1_629' title='bbox 2351 3679 2622 3748; x_wconf 89' lang='lat' dir='ltr'><strong>quoddam</strong></span> <span class='ocrx_word' id='word_1_630' title='bbox 2658 3682 2986 3735; x_wconf 83' lang='lat' dir='ltr'><strong>conveniens</strong></span> <span class='ocrx_word' id='word_1_631' title='bbox 3026 3682 3241 3751; x_wconf 82' lang='lat' dir='ltr'><strong>Opiﬁcio</strong></span> <span class='ocrx_word' id='word_1_632' title='bbox 3282 3682 3518 3736; x_wconf 85' lang='lat' dir='ltr'><strong>humano</strong></span> 
     </span>
    </p>
   </div>
   <div class='ocr_carea' id='block_1_81' title="bbox 1958 3769 3519 3839">
    <p class='ocr_par' dir='ltr' id='par_1_81' title="bbox 1958 3769 3519 3839">
     <span class='ocr_line' id='line_1_81' title="bbox 1958 3769 3519 3839; baseline 0.003 -18"><span class='ocrx_word' id='word_1_633' title='bbox 1958 3769 2268 3838; x_wconf 59' lang='lat' dir='ltr'><strong>praestituit,</strong></span> <span class='ocrx_word' id='word_1_634' title='bbox 2297 3775 2357 3821; x_wconf 93' lang='lat' dir='ltr'><strong>ut</strong></span> <span class='ocrx_word' id='word_1_635' title='bbox 2389 3769 2692 3821; x_wconf 83' lang='lat' dir='ltr'><strong>animarum</strong></span> <span class='ocrx_word' id='word_1_636' title='bbox 2738 3784 2964 3822; x_wconf 86' lang='lat' dir='ltr'><strong>numero</strong></span> <span class='ocrx_word' id='word_1_637' title='bbox 2997 3772 3255 3839; x_wconf 90' lang='lat' dir='ltr'><strong>temporis</strong></span> <span class='ocrx_word' id='word_1_638' title='bbox 3301 3772 3519 3826; x_wconf 88' lang='lat' dir='ltr'><strong>duratio</strong></span> 
     </span>
    </p>
   </div>
   <div class='ocr_carea' id='block_1_82' title="bbox 1960 3858 3520 3930">
    <p class='ocr_par' dir='ltr' id='par_1_82' title="bbox 1960 3858 3520 3930">
     <span class='ocr_line' id='line_1_82' title="bbox 1960 3858 3520 3930; baseline 0.002 -17"><span class='ocrx_word' id='word_1_639' title='bbox 1960 3860 2313 3930; x_wconf 86' lang='lat' dir='ltr'><strong>responderet</strong></span> <span class='ocrx_word' id='word_1_640' title='bbox 2345 3878 2358 3914; x_wconf 89' lang='lat'><strong>:</strong></span> <span class='ocrx_word' id='word_1_641' title='bbox 2392 3867 2556 3929; x_wconf 89' lang='lat' dir='ltr'><strong>atque</strong></span> <span class='ocrx_word' id='word_1_642' title='bbox 2589 3867 2702 3913; x_wconf 88' lang='lat' dir='ltr'><strong>tum</strong></span> <span class='ocrx_word' id='word_1_643' title='bbox 2730 3860 2944 3914; x_wconf 88' lang='lat' dir='ltr'><strong>demum</strong></span> <span class='ocrx_word' id='word_1_644' title='bbox 2982 3858 3159 3914; x_wconf 80' lang='lat' dir='ltr'><strong>ﬂuxus</strong></span> <span class='ocrx_word' id='word_1_645' title='bbox 3190 3861 3280 3915; x_wconf 91' lang='lat' dir='ltr'><strong>ille</strong></span> <span class='ocrx_word' id='word_1_646' title='bbox 3310 3871 3520 3930; x_wconf 88' lang='lat' dir='ltr'><strong>tempo-</strong></span> 
     </span>
    </p>
   </div>
   <div class='ocr_carea' id='block_1_83' title="bbox 1962 3951 3520 4021">
    <p class='ocr_par' dir='ltr' id='par_1_83' title="bbox 1962 3951 3520 4021">
     <span class='ocr_line' id='line_1_83' title="bbox 1962 3951 3520 4021; baseline 0.001 -18"><span class='ocrx_word' id='word_1_647' title='bbox 1962 3951 2038 4004; x_wconf 87' lang='lat' dir='ltr'><strong>ris</strong></span> <span class='ocrx_word' id='word_1_648' title='bbox 2077 3958 2257 4005; x_wconf 89' lang='lat' dir='ltr'><strong>motus</strong></span> <span class='ocrx_word' id='word_1_649' title='bbox 2286 3951 2610 4018; x_wconf 89' lang='lat' dir='ltr'><strong>quiesceret,</strong></span> <span class='ocrx_word' id='word_1_650' title='bbox 2637 3963 2760 4003; x_wconf 89' lang='lat' dir='ltr'><strong>cum</strong></span> <span class='ocrx_word' id='word_1_651' title='bbox 2789 3965 2958 4020; x_wconf 83' lang='lat' dir='ltr'><strong>genus</strong></span> <span class='ocrx_word' id='word_1_652' title='bbox 2992 3951 3286 4004; x_wconf 89' lang='lat' dir='ltr'><strong>humanum</strong></span> <span class='ocrx_word' id='word_1_653' title='bbox 3320 3968 3520 4021; x_wconf 87' lang='lat' dir='ltr'><strong>propa-</strong></span> 
     </span>
    </p>
   </div>
   <div class='ocr_carea' id='block_1_84' title="bbox 1879 4039 3518 4124">
    <p class='ocr_par' dir='ltr' id='par_1_84' title="bbox 1879 4039 3518 4124">
     <span class='ocr_line' id='line_1_84' title="bbox 1879 4039 3518 4124; baseline 0.003 -31"><span class='ocrx_word' id='word_1_654' title='bbox 1879 4099 1886 4124; x_wconf 37' lang='grc' dir='ltr'><strong>η</strong></span> <span class='ocrx_word' id='word_1_655' title='bbox 1915 4043 2076 4118; x_wconf 82' lang='lat' dir='ltr'><strong>gari</strong></span> <span class='ocrx_word' id='word_1_656' title='bbox 2099 4043 2376 4104; x_wconf 87' lang='lat' dir='ltr'><strong>desiisset;</strong></span> <span class='ocrx_word' id='word_1_657' title='bbox 2409 4039 2567 4110; x_wconf 87' lang='lat' dir='ltr'><strong>hujus</strong></span> <span class='ocrx_word' id='word_1_658' title='bbox 2593 4040 2827 4110; x_wconf 88' lang='lat' dir='ltr'><strong>denique</strong></span> <span class='ocrx_word' id='word_1_659' title='bbox 2858 4043 3227 4110; x_wconf 87' lang='lat' dir='ltr'><strong>procreatione</strong></span> <span class='ocrx_word' id='word_1_660' title='bbox 3250 4044 3518 4120; x_wconf 79' lang='lat' dir='ltr'><strong>absoluta,</strong></span> 
     </span>
    </p>
   </div>
   <div class='ocr_carea' id='block_1_85' title="bbox 260 4116 1900 4204">
    <p class='ocr_par' dir='ltr' id='par_1_85' title="bbox 260 4116 1900 4204">
     <span class='ocr_line' id='line_1_85' title="bbox 260 4116 1900 4204; baseline -0.007 -18"><span class='ocrx_word' id='word_1_661' title='bbox 260 4134 471 4204; x_wconf 83' lang='grc' dir='ltr'>μηκέτι</span> <span class='ocrx_word' id='word_1_662' title='bbox 504 4131 718 4202; x_wconf 71' lang='grc' dir='ltr'>φύηται</span> <span class='ocrx_word' id='word_1_663' title='bbox 746 4130 810 4184; x_wconf 87' lang='grc' dir='ltr'><strong>δι’</strong></span> <span class='ocrx_word' id='word_1_664' title='bbox 834 4129 999 4182; x_wconf 76' lang='grc' dir='ltr'>αὑτοῦ</span> <span class='ocrx_word' id='word_1_665' title='bbox 1035 4129 1097 4181; x_wconf 84' lang='grc' dir='ltr'><strong>τὸ</strong></span> <span class='ocrx_word' id='word_1_666' title='bbox 1124 4127 1457 4198; x_wconf 86' lang='grc' dir='ltr'>ἀνθρώπινον</span> <span class='ocrx_word' id='word_1_667' title='bbox 1476 4142 1488 4155; x_wconf 88' lang='grc'><strong>·</strong></span> <span class='ocrx_word' id='word_1_668' title='bbox 1515 4116 1900 4193; x_wconf 50' lang='grc' dir='ltr'><strong>τελεσθείσηςίί¹</strong></span> 
     </span>
    </p>
   </div>
   <div class='ocr_carea' id='block_1_86' title="bbox 1964 4133 3522 4206">
    <p class='ocr_par' dir='ltr' id='par_1_86' title="bbox 1964 4133 3522 4206">
     <span class='ocr_line' id='line_1_86' title="bbox 1964 4133 3522 4206; baseline 0.003 -18"><span class='ocrx_word' id='word_1_669' title='bbox 1964 4134 2224 4202; x_wconf 88' lang='lat' dir='ltr'><strong>temporis</strong></span> <span class='ocrx_word' id='word_1_670' title='bbox 2278 4133 2441 4186; x_wconf 89' lang='lat' dir='ltr'><strong>etiam</strong></span> <span class='ocrx_word' id='word_1_671' title='bbox 2490 4133 2827 4186; x_wconf 88' lang='lat' dir='ltr'><strong>continuatio</strong></span> <span class='ocrx_word' id='word_1_672' title='bbox 2878 4135 3204 4200; x_wconf 72' lang='lat' dir='ltr'><strong>eXSpiraret,</strong></span> <span class='ocrx_word' id='word_1_673' title='bbox 3263 4147 3522 4206; x_wconf 86' lang='lat' dir='ltr'><strong>sequente</strong></span> 
     </span>
    </p>
   </div>
   <div class='ocr_carea' id='block_1_87' title="bbox 1963 4223 3524 4292">
    <p class='ocr_par' dir='ltr' id='par_1_87' title="bbox 1963 4223 3524 4292">
     <span class='ocr_line' id='line_1_87' title="bbox 1963 4223 3524 4292; baseline 0.003 -15"><span class='ocrx_word' id='word_1_674' title='bbox 1963 4239 2130 4292; x_wconf 91' lang='lat' dir='ltr'><strong>porro</strong></span> <span class='ocrx_word' id='word_1_675' title='bbox 2162 4239 2341 4279; x_wconf 90' lang='lat' dir='ltr'><strong>rerum</strong></span> <span class='ocrx_word' id='word_1_676' title='bbox 2371 4223 2769 4278; x_wconf 87' lang='lat' dir='ltr'><strong>instauratione</strong></span> <span class='ocrx_word' id='word_1_677' title='bbox 2799 4233 2852 4277; x_wconf 92' lang='lat' dir='ltr'><strong>et</strong></span> <span class='ocrx_word' id='word_1_678' title='bbox 2880 4225 3177 4280; x_wconf 86' lang='lat' dir='ltr'><strong>mutatione</strong></span> <span class='ocrx_word' id='word_1_679' title='bbox 3203 4227 3524 4283; x_wconf 70' lang='lat' dir='ltr'><strong>universita~</strong></span> 
     </span>
    </p>
   </div>
   <div class='ocr_carea' id='block_1_88' title="bbox 1963 4315 3524 4385">
    <p class='ocr_par' dir='ltr' id='par_1_88' title="bbox 1963 4315 3524 4385">
     <span class='ocr_line' id='line_1_88' title="bbox 1963 4315 3524 4385; baseline 0.003 -17"><span class='ocrx_word' id='word_1_680' title='bbox 1963 4316 2036 4370; x_wconf 91' lang='lat' dir='ltr'><strong>tis</strong></span> <span class='ocrx_word' id='word_1_681' title='bbox 2065 4315 2249 4385; x_wconf 89' lang='lat' dir='ltr'><strong>hujus,</strong></span> <span class='ocrx_word' id='word_1_682' title='bbox 2298 4330 2421 4368; x_wconf 91' lang='lat' dir='ltr'><strong>cum</strong></span> <span class='ocrx_word' id='word_1_683' title='bbox 2449 4330 2554 4384; x_wconf 88' lang='lat' dir='ltr'><strong>qua</strong></span> <span class='ocrx_word' id='word_1_684' title='bbox 2601 4315 2838 4370; x_wconf 91' lang='lat' dir='ltr'><strong>hominis</strong></span> <span class='ocrx_word' id='word_1_685' title='bbox 2880 4317 3170 4381; x_wconf 87' lang='lat' dir='ltr'><strong>conjuncta</strong></span> <span class='ocrx_word' id='word_1_686' title='bbox 3201 4326 3345 4372; x_wconf 91' lang='lat' dir='ltr'><strong>esset</strong></span> <span class='ocrx_word' id='word_1_687' title='bbox 3391 4335 3524 4372; x_wconf 89' lang='lat' dir='ltr'><strong>con-</strong></span> 
     </span>
    </p>
   </div>
   <div class='ocr_carea' id='block_1_89' title="bbox 1965 4408 3524 4479">
    <p class='ocr_par' dir='ltr' id='par_1_89' title="bbox 1965 4408 3524 4479">
     <span class='ocr_line' id='line_1_89' title="bbox 1965 4408 3524 4479; baseline 0.001 -16"><span class='ocrx_word' id='word_1_688' title='bbox 1965 4410 2164 4474; x_wconf 81' lang='lat' dir='ltr'><strong>versio,</strong></span> <span class='ocrx_word' id='word_1_689' title='bbox 2201 4409 2269 4463; x_wconf 89' lang='lat' dir='ltr'><strong>de</strong></span> <span class='ocrx_word' id='word_1_690' title='bbox 2313 4419 2506 4462; x_wconf 88' lang='lat' dir='ltr'><strong>natura</strong></span> <span class='ocrx_word' id='word_1_691' title='bbox 2541 4408 2784 4462; x_wconf 89' lang='lat' dir='ltr'><strong>interitui</strong></span> <span class='ocrx_word' id='word_1_692' title='bbox 2813 4408 3047 4462; x_wconf 88' lang='lat' dir='ltr'><strong>obnoxia</strong></span> <span class='ocrx_word' id='word_1_693' title='bbox 3081 4417 3422 4479; x_wconf 79' lang='lat' dir='ltr'><strong>terrenaque,</strong></span> <span class='ocrx_word' id='word_1_694' title='bbox 3466 4412 3524 4465; x_wconf 91' lang='lat' dir='ltr'><strong>in</strong></span> 
     </span>
    </p>
   </div>
   <div class='ocr_carea' id='block_1_90' title="bbox 1965 4501 3524 4581">
    <p class='ocr_par' dir='ltr' id='par_1_90' title="bbox 1965 4501 3524 4581">
     <span class='ocr_line' id='line_1_90' title="bbox 1965 4501 3524 4581; baseline 0.001 -25"><span class='ocrx_word' id='word_1_695' title='bbox 1965 4502 2257 4574; x_wconf 89' lang='lat' dir='ltr'><strong>quamdam</strong></span> <span class='ocrx_word' id='word_1_696' title='bbox 2296 4502 2608 4556; x_wconf 91' lang='lat' dir='ltr'><strong>morborum</strong></span> <span class='ocrx_word' id='word_1_697' title='bbox 2640 4510 2911 4569; x_wconf 81' lang='lat' dir='ltr'><strong>expertem</strong></span> <span class='ocrx_word' id='word_1_698' title='bbox 2956 4509 3006 4554; x_wconf 94' lang='lat' dir='ltr'><strong>et</strong></span> <span class='ocrx_word' id='word_1_699' title='bbox 3034 4501 3412 4581; x_wconf 70' lang='lat' dir='ltr'><strong>immortalem.</strong></span> <span class='ocrx_word' id='word_1_700' title='bbox 3446 4501 3524 4558; x_wconf 88' lang='lat' dir='ltr'><strong>Eo</strong></span> 
     </span>
    </p>
   </div>
   <div class='ocr_carea' id='block_1_91' title="bbox 1967 4591 3523 4664">
    <p class='ocr_par' dir='ltr' id='par_1_91' title="bbox 1967 4591 3523 4664">
     <span class='ocr_line' id='line_1_91' title="bbox 1967 4591 3523 4664; baseline -0.001 -16"><span class='ocrx_word' id='word_1_701' title='bbox 1967 4595 2101 4649; x_wconf 88' lang='lat' dir='ltr'><strong>milti</strong></span> <span class='ocrx_word' id='word_1_702' title='bbox 2133 4595 2438 4664; x_wconf 80' lang='lat' dir='ltr'><strong>respexisse</strong></span> <span class='ocrx_word' id='word_1_703' title='bbox 2460 4594 2677 4648; x_wconf 88' lang='lat' dir='ltr'><strong>divinus</strong></span> <span class='ocrx_word' id='word_1_704' title='bbox 2707 4592 2796 4644; x_wconf 87' lang='lat' dir='ltr'><strong>ille</strong></span> <span class='ocrx_word' id='word_1_705' title='bbox 2824 4591 3113 4659; x_wconf 82' lang='lat' dir='ltr'><strong>Apostolus</strong></span> <span class='ocrx_word' id='word_1_706' title='bbox 3139 4592 3369 4655; x_wconf 87' lang='lat' dir='ltr'><strong>videtur,</strong></span> <span class='ocrx_word' id='word_1_707' title='bbox 3398 4609 3523 4647; x_wconf 88' lang='lat' dir='ltr'><strong>cum</strong></span> 
     </span>
    </p>
   </div>
   <div class='ocr_carea' id='block_1_92' title="bbox 254 4672 1857 4756">
    <p class='ocr_par' dir='ltr' id='par_1_92' title="bbox 254 4672 1857 4746">
     <span class='ocr_line' id='line_1_92' title="bbox 254 4672 1857 4746; baseline -0.006 -13"><span class='ocrx_word' id='word_1_708' title='bbox 254 4679 354 4734; x_wconf 80' lang='grc' dir='ltr'><strong>καὶ</strong></span> <span class='ocrx_word' id='word_1_709' title='bbox 408 4681 439 4732; x_wconf 87' lang='grc' dir='ltr'>ὁ</span> <span class='ocrx_word' id='word_1_710' title='bbox 478 4679 637 4741; x_wconf 84' lang='grc' dir='ltr'>θεῖος</span> <span class='ocrx_word' id='word_1_711' title='bbox 673 4677 988 4739; x_wconf 82' lang='grc' dir='ltr'>Ἀπόστολος</span> <span class='ocrx_word' id='word_1_712' title='bbox 1038 4677 1373 4746; x_wconf 73' lang='grc' dir='ltr'>κατανοήσας</span> <span class='ocrx_word' id='word_1_713' title='bbox 1399 4715 1414 4738; x_wconf 84' lang='grc'><strong>,</strong></span> <span class='ocrx_word' id='word_1_714' title='bbox 1457 4675 1735 4744; x_wconf 82' lang='grc' dir='ltr'>προειπεῖν</span> <span class='ocrx_word' id='word_1_715' title='bbox 1775 4672 1857 4725; x_wconf 84' lang='grc' dir='ltr'>διά</span> 
     </span>
    </p>
   </div>
   <div class='ocr_carea' id='block_1_93' title="bbox 1951 4672 3524 4756">
    <p class='ocr_par' dir='ltr' id='par_1_93' title="bbox 1969 4683 3524 4756">
     <span class='ocr_line' id='line_1_93' title="bbox 1969 4683 3524 4756; baseline -0.001 -16"><span class='ocrx_word' id='word_1_716' title='bbox 1969 4686 2023 4740; x_wconf 92' lang='lat' dir='ltr'><strong>in</strong></span> <span class='ocrx_word' id='word_1_717' title='bbox 2064 4685 2302 4756; x_wconf 88' lang='lat' dir='ltr'><strong>Epistola</strong></span> <span class='ocrx_word' id='word_1_718' title='bbox 2351 4700 2512 4755; x_wconf 91' lang='lat' dir='ltr'><strong>quam</strong></span> <span class='ocrx_word' id='word_1_719' title='bbox 2553 4683 2620 4737; x_wconf 85' lang='lat' dir='ltr'><strong>ad</strong></span> <span class='ocrx_word' id='word_1_720' title='bbox 2648 4683 2958 4739; x_wconf 86' lang='lat' dir='ltr'><strong>Corinthios</strong></span> <span class='ocrx_word' id='word_1_721' title='bbox 3006 4683 3246 4752; x_wconf 85' lang='lat' dir='ltr'><strong>scripsit,</strong></span> <span class='ocrx_word' id='word_1_722' title='bbox 3284 4684 3524 4739; x_wconf 91' lang='lat' dir='ltr'><strong>subitum</strong></span> 
     </span>
    </p>
   </div>
   <div class='ocr_carea' id='block_1_94' title="bbox 253 4764 1869 4840">
    <p class='ocr_par' dir='ltr' id='par_1_94' title="bbox 253 4764 1869 4840">
     <span class='ocr_line' id='line_1_94' title="bbox 253 4764 1869 4840; baseline -0.009 -12"><span class='ocrx_word' id='word_1_723' title='bbox 253 4771 363 4840; x_wconf 77' lang='grc' dir='ltr'>τῆς</span> <span class='ocrx_word' id='word_1_724' title='bbox 392 4770 549 4840; x_wconf 73' lang='grc' dir='ltr'>πρὸς</span> <span class='ocrx_word' id='word_1_725' title='bbox 574 4768 894 4838; x_wconf 85' lang='grc' dir='ltr'>Κορινθίους</span> <span class='ocrx_word' id='word_1_726' title='bbox 924 4766 1207 4836; x_wconf 73' lang='grc' dir='ltr'>ἐπιστολῆς</span> <span class='ocrx_word' id='word_1_727' title='bbox 1230 4768 1326 4837; x_wconf 83' lang='grc' dir='ltr'>τὴν</span> <span class='ocrx_word' id='word_1_728' title='bbox 1353 4767 1613 4834; x_wconf 77' lang='grc' dir='ltr'>αἰφνίδιον</span> <span class='ocrx_word' id='word_1_729' title='bbox 1639 4764 1729 4818; x_wconf 85' lang='grc' dir='ltr'><strong>τοῦ</strong></span> <span class='ocrx_word' id='word_1_730' title='bbox 1753 4764 1869 4835; x_wconf 81' lang='grc' dir='ltr'>χρό-</span> 
     </span>
    </p>
   </div>
   <div class='ocr_carea' id='block_1_95' title="bbox 255 4858 1867 4931">
    <p class='ocr_par' dir='ltr' id='par_1_95' title="bbox 255 4858 1867 4931">
     <span class='ocr_line' id='line_1_95' title="bbox 255 4858 1867 4931; baseline -0.004 -15"><span class='ocrx_word' id='word_1_731' title='bbox 255 4881 354 4916; x_wconf 88' lang='grc' dir='ltr'><strong>νου</strong></span> <span class='ocrx_word' id='word_1_732' title='bbox 387 4864 608 4918; x_wconf 81' lang='grc' dir='ltr'>στάσιν</span> <span class='ocrx_word' id='word_1_733' title='bbox 629 4901 643 4925; x_wconf 88' lang='grc'><strong>,</strong></span> <span class='ocrx_word' id='word_1_734' title='bbox 688 4861 781 4914; x_wconf 74' lang='grc' dir='ltr'><strong>καὶ</strong></span> <span class='ocrx_word' id='word_1_735' title='bbox 803 4859 897 4931; x_wconf 86' lang='grc' dir='ltr'><strong>τὴν</strong></span> <span class='ocrx_word' id='word_1_736' title='bbox 925 4862 1003 4923; x_wconf 82' lang='grc' dir='ltr'><strong>είς</strong></span> <span class='ocrx_word' id='word_1_737' title='bbox 1036 4860 1096 4912; x_wconf 86' lang='grc' dir='ltr'><strong>τὸ</strong></span> <span class='ocrx_word' id='word_1_738' title='bbox 1127 4860 1356 4930; x_wconf 76' lang='grc' dir='ltr'>ἔμπαλιν</span> <span class='ocrx_word' id='word_1_739' title='bbox 1389 4858 1497 4912; x_wconf 78' lang='grc' dir='ltr'><strong>τῶν</strong></span> <span class='ocrx_word' id='word_1_740' title='bbox 1537 4858 1867 4926; x_wconf 80' lang='grc' dir='ltr'>κινουμένων</span> 
     </span>
    </p>
   </div>
   <div class='ocr_carea' id='block_1_96' title="bbox 255 4948 1914 5028">
    <p class='ocr_par' dir='ltr' id='par_1_96' title="bbox 255 4948 1914 5028">
     <span class='ocr_line' id='line_1_96' title="bbox 255 4948 1914 5028; baseline -0.005 -20"><span class='ocrx_word' id='word_1_741' title='bbox 255 4955 582 5020; x_wconf 79' lang='grc' dir='ltr'>ἀνάλυσιν,</span> <span class='ocrx_word' id='word_1_742' title='bbox 622 4955 680 5006; x_wconf 84' lang='grc' dir='ltr'>ὲν</span> <span class='ocrx_word' id='word_1_743' title='bbox 713 4948 792 5016; x_wconf 79' lang='grc' dir='ltr'>οἷς</span> <span class='ocrx_word' id='word_1_744' title='bbox 823 4967 1020 5023; x_wconf 74' lang='grc' dir='ltr'>φησιν’</span> <span class='ocrx_word' id='word_1_745' title='bbox 1069 4970 1085 5001; x_wconf 82' lang='grc' dir='ltr'><strong>ι</strong></span> <span class='ocrx_word' id='word_1_746' title='bbox 1127 4951 1259 5004; x_wconf 77' lang='grc' dir='ltr'>Ἰδοὺ</span> <span class='ocrx_word' id='word_1_747' title='bbox 1295 4951 1588 5020; x_wconf 83' lang='grc' dir='ltr'>μυστήριον</span> <span class='ocrx_word' id='word_1_748' title='bbox 1620 4951 1746 5018; x_wconf 83' lang='grc' dir='ltr'>ὑμῖν</span> <span class='ocrx_word' id='word_1_749' title='bbox 1785 4948 1914 5028; x_wconf 41' lang='grc' dir='ltr'>λέχη</span> 
     </span>
    </p>
   </div>
   <div class='ocr_carea' id='block_1_97' title="bbox 252 5038 1880 5117">
    <p class='ocr_par' dir='ltr' id='par_1_97' title="bbox 252 5038 1880 5117">
     <span class='ocr_line' id='line_1_97' title="bbox 252 5038 1880 5117; baseline -0.007 -15"><span class='ocrx_word' id='word_1_750' title='bbox 252 5064 341 5117; x_wconf 87' lang='grc' dir='ltr'><strong>γω</strong></span> <span class='ocrx_word' id='word_1_751' title='bbox 362 5065 378 5077; x_wconf 83' lang='lat'><strong><em>°</em></strong></span> <span class='ocrx_word' id='word_1_752' title='bbox 414 5049 652 5108; x_wconf 81' lang='grc' dir='ltr'>Πάντες</span> <span class='ocrx_word' id='word_1_753' title='bbox 678 5044 775 5114; x_wconf 77' lang='grc' dir='ltr'>μὲν</span> <span class='ocrx_word' id='word_1_754' title='bbox 806 5046 865 5097; x_wconf 83' lang='grc' dir='ltr'><strong>ού</strong></span> <span class='ocrx_word' id='word_1_755' title='bbox 897 5042 1360 5114; x_wconf 87' lang='grc' dir='ltr'>κοιμηθησόμεθα,</span> <span class='ocrx_word' id='word_1_756' title='bbox 1393 5042 1591 5103; x_wconf 84' lang='grc' dir='ltr'>πάντες</span> <span class='ocrx_word' id='word_1_757' title='bbox 1617 5040 1672 5092; x_wconf 82' lang='grc' dir='ltr'>δὲ</span> <span class='ocrx_word' id='word_1_758' title='bbox 1704 5038 1880 5092; x_wconf 83' lang='grc' dir='ltr'>ἀλλα-ι</span> 
     </span>
    </p>
   </div>
   <div class='ocr_carea' id='block_1_98' title="bbox 252 5117 1866 5211">
    <p class='ocr_par' dir='ltr' id='par_1_98' title="bbox 252 5117 1866 5211">
     <span class='ocr_line' id='line_1_98' title="bbox 252 5117 1866 5211; baseline -0.007 -18"><span class='ocrx_word' id='word_1_759' title='bbox 252 5139 604 5211; x_wconf 82' lang='grc' dir='ltr'>γησόμεθα,</span> <span class='ocrx_word' id='word_1_760' title='bbox 628 5140 687 5190; x_wconf 84' lang='grc' dir='ltr'><strong>ἐν</strong></span> <span class='ocrx_word' id='word_1_761' title='bbox 708 5137 915 5206; x_wconf 83' lang='grc' dir='ltr'>ἀτόμῳ,</span> <span class='ocrx_word' id='word_1_762' title='bbox 938 5137 994 5187; x_wconf 86' lang='grc' dir='ltr'><strong>ἐν</strong></span> <span class='ocrx_word' id='word_1_763' title='bbox 1017 5138 1144 5206; x_wconf 78' lang='grc' dir='ltr'>ῥιπῇ</span> <span class='ocrx_word' id='word_1_764' title='bbox 1170 5117 1468 5202; x_wconf 72' lang='grc' dir='ltr'>ὀφθαλμοῦ,</span> <span class='ocrx_word' id='word_1_765' title='bbox 1498 5134 1553 5185; x_wconf 85' lang='grc' dir='ltr'>ὲν</span> <span class='ocrx_word' id='word_1_766' title='bbox 1573 5134 1638 5202; x_wconf 84' lang='grc' dir='ltr'>τῇ</span> <span class='ocrx_word' id='word_1_767' title='bbox 1666 5130 1866 5202; x_wconf 84' lang='grc' dir='ltr'>ἐσχάτῃ</span> 
     </span>
    </p>
   </div>
   <div class='ocr_carea' id='block_1_99' title="bbox 257 5219 1868 5298">
    <p class='ocr_par' dir='ltr' id='par_1_99' title="bbox 257 5219 1868 5298">
     <span class='ocr_line' id='line_1_99' title="bbox 257 5219 1868 5298; baseline -0.007 -14"><span class='ocrx_word' id='word_1_768' title='bbox 257 5231 580 5298; x_wconf 82' lang='grc' dir='ltr'>σάλπιγγι.</span> <span class='ocrx_word' id='word_1_769' title='bbox 613 5248 632 5280; x_wconf 72' lang='grc' dir='ltr'><strong>ι</strong></span> <span class='ocrx_word' id='word_1_770' title='bbox 685 5228 790 5280; x_wconf 89' lang='grc' dir='ltr'><strong>Τοῦ</strong></span> <span class='ocrx_word' id='word_1_771' title='bbox 838 5230 946 5298; x_wconf 77' lang='grc' dir='ltr'><strong>γὰρ</strong></span> <span class='ocrx_word' id='word_1_772' title='bbox 988 5226 1378 5298; x_wconf 85' lang='grc' dir='ltr'>πληρώματος,</span> <span class='ocrx_word' id='word_1_773' title='bbox 1419 5225 1493 5286; x_wconf 89' lang='grc' dir='ltr'><strong>ώς</strong></span> <span class='ocrx_word' id='word_1_774' title='bbox 1544 5219 1732 5291; x_wconf 75' lang='grc' dir='ltr'>οἶμαι,</span> <span class='ocrx_word' id='word_1_775' title='bbox 1771 5222 1868 5290; x_wconf 85' lang='grc' dir='ltr'>τῆς</span> 
     </span>
    </p>
   </div>
   <div class='ocr_carea' id='block_1_100' title="bbox 255 5315 1870 5391">
    <p class='ocr_par' dir='ltr' id='par_1_100' title="bbox 255 5315 1870 5391">
     <span class='ocr_line' id='line_1_100' title="bbox 255 5315 1870 5391; baseline -0.007 -16"><span class='ocrx_word' id='word_1_776' title='bbox 255 5321 652 5391; x_wconf 82' lang='grc' dir='ltr'>ἀνθρωπίνης</span> <span class='ocrx_word' id='word_1_777' title='bbox 698 5321 910 5389; x_wconf 83' lang='grc' dir='ltr'>φύσεως</span> <span class='ocrx_word' id='word_1_778' title='bbox 934 5319 1075 5371; x_wconf 84' lang='grc' dir='ltr'><strong>κατά</strong></span> <span class='ocrx_word' id='word_1_779' title='bbox 1102 5317 1162 5370; x_wconf 84' lang='grc' dir='ltr'>τὸ</span> <span class='ocrx_word' id='word_1_780' title='bbox 1187 5315 1532 5388; x_wconf 78' lang='grc' dir='ltr'>προγνωσθὲν</span> <span class='ocrx_word' id='word_1_781' title='bbox 1569 5315 1762 5384; x_wconf 81' lang='grc' dir='ltr'>μέτρον</span> <span class='ocrx_word' id='word_1_782' title='bbox 1791 5315 1870 5374; x_wconf 82' lang='grc' dir='ltr'><strong>είς</strong></span> 
     </span>
    </p>
   </div>
   <div class='ocr_carea' id='block_1_101' title="bbox 259 5408 1869 5486">
    <p class='ocr_par' dir='ltr' id='par_1_101' title="bbox 259 5408 1869 5486">
     <span class='ocr_line' id='line_1_101' title="bbox 259 5408 1869 5486; baseline -0.006 -18"><span class='ocrx_word' id='word_1_783' title='bbox 259 5416 452 5486; x_wconf 84' lang='grc' dir='ltr'>πέρας</span> <span class='ocrx_word' id='word_1_784' title='bbox 493 5411 790 5475; x_wconf 82' lang='grc' dir='ltr'>ἐλθόντος,</span> <span class='ocrx_word' id='word_1_785' title='bbox 817 5412 903 5465; x_wconf 81' lang='grc' dir='ltr'><strong>διὰ</strong></span> <span class='ocrx_word' id='word_1_786' title='bbox 929 5412 989 5464; x_wconf 78' lang='grc' dir='ltr'><strong>τὸ</strong></span> <span class='ocrx_word' id='word_1_787' title='bbox 1014 5411 1208 5483; x_wconf 88' lang='grc' dir='ltr'>μηκέτι</span> <span class='ocrx_word' id='word_1_788' title='bbox 1230 5411 1430 5463; x_wconf 87' lang='grc' dir='ltr'>λείπειν</span> <span class='ocrx_word' id='word_1_789' title='bbox 1453 5409 1529 5479; x_wconf 83' lang='grc' dir='ltr'><strong>τῷ</strong></span> <span class='ocrx_word' id='word_1_790' title='bbox 1551 5409 1659 5462; x_wconf 87' lang='grc' dir='ltr'><strong>τῶν</strong></span> <span class='ocrx_word' id='word_1_791' title='bbox 1685 5408 1869 5478; x_wconf 79' lang='grc' dir='ltr'>ψυχῶν</span> 
     </span>
    </p>
   </div>
   <div class='ocr_carea' id='block_1_102' title="bbox 255 5499 1886 5577">
    <p class='ocr_par' dir='ltr' id='par_1_102' title="bbox 255 5499 1886 5577">
     <span class='ocr_line' id='line_1_102' title="bbox 255 5499 1886 5577; baseline -0.006 -18"><span class='ocrx_word' id='word_1_792' title='bbox 255 5505 499 5577; x_wconf 82' lang='grc' dir='ltr'>ἀριθμῷ</span> <span class='ocrx_word' id='word_1_793' title='bbox 542 5503 720 5573; x_wconf 78' lang='grc' dir='ltr'>μηδὲν</span> <span class='ocrx_word' id='word_1_794' title='bbox 759 5505 837 5566; x_wconf 81' lang='grc' dir='ltr'><strong>είς</strong></span> <span class='ocrx_word' id='word_1_795' title='bbox 866 5502 1188 5571; x_wconf 80' lang='grc' dir='ltr'>ἐπαύξησιν.</span> <span class='ocrx_word' id='word_1_796' title='bbox 1228 5504 1284 5554; x_wconf 81' lang='grc' dir='ltr'><strong>ἐν</strong></span> <span class='ocrx_word' id='word_1_797' title='bbox 1317 5502 1512 5571; x_wconf 83' lang='grc' dir='ltr'>ἀκαρεῖ</span> <span class='ocrx_word' id='word_1_798' title='bbox 1549 5499 1640 5552; x_wconf 86' lang='grc' dir='ltr'><strong>τοῦ</strong></span> <span class='ocrx_word' id='word_1_799' title='bbox 1681 5499 1886 5570; x_wconf 87' lang='grc' dir='ltr'>χρόνου</span> 
     </span>
    </p>
   </div>
   <div class='ocr_carea' id='block_1_103' title="bbox 255 5591 1874 5668">
    <p class='ocr_par' dir='ltr' id='par_1_103' title="bbox 255 5591 1874 5668">
     <span class='ocr_line' id='line_1_103' title="bbox 255 5591 1874 5668; baseline -0.006 -17"><span class='ocrx_word' id='word_1_800' title='bbox 255 5596 631 5668; x_wconf 80' lang='grc' dir='ltr'>γενήσεσθαι</span> <span class='ocrx_word' id='word_1_801' title='bbox 661 5594 756 5665; x_wconf 86' lang='grc' dir='ltr'>τὴν</span> <span class='ocrx_word' id='word_1_802' title='bbox 789 5595 1081 5663; x_wconf 83' lang='grc' dir='ltr'>ἐναλλαγὴν</span> <span class='ocrx_word' id='word_1_803' title='bbox 1114 5593 1220 5647; x_wconf 85' lang='grc' dir='ltr'><strong>τῶν</strong></span> <span class='ocrx_word' id='word_1_804' title='bbox 1249 5593 1414 5646; x_wconf 72' lang='grc' dir='ltr'>ὄντων</span> <span class='ocrx_word' id='word_1_805' title='bbox 1453 5591 1688 5655; x_wconf 80' lang='grc' dir='ltr'>ἐδίδαξεν</span> <span class='ocrx_word' id='word_1_806' title='bbox 1707 5630 1721 5654; x_wconf 91' lang='grc'><strong>,</strong></span> <span class='ocrx_word' id='word_1_807' title='bbox 1751 5591 1874 5644; x_wconf 83' lang='grc' dir='ltr'>ἄτο-</span> 
     </span>
    </p>
   </div>
   <div class='ocr_carea' id='block_1_104' title="bbox 259 5683 1873 5761">
    <p class='ocr_par' dir='ltr' id='par_1_104' title="bbox 259 5683 1873 5761">
     <span class='ocr_line' id='line_1_104' title="bbox 259 5683 1873 5761; baseline -0.007 -17"><span class='ocrx_word' id='word_1_808' title='bbox 259 5705 368 5761; x_wconf 61' lang='grc' dir='ltr'><strong>μον</strong></span> <span class='ocrx_word' id='word_1_809' title='bbox 398 5685 711 5758; x_wconf 81' lang='grc' dir='ltr'>ὀνομάσας</span> <span class='ocrx_word' id='word_1_810' title='bbox 739 5686 832 5739; x_wconf 75' lang='grc' dir='ltr'><strong>καὶ</strong></span> <span class='ocrx_word' id='word_1_811' title='bbox 866 5686 1026 5757; x_wconf 79' lang='grc' dir='ltr'>ριπὴν</span> <span class='ocrx_word' id='word_1_812' title='bbox 1059 5683 1333 5756; x_wconf 72' lang='grc' dir='ltr'>ὀφθαλμοῦ</span> <span class='ocrx_word' id='word_1_813' title='bbox 1366 5685 1426 5737; x_wconf 84' lang='grc' dir='ltr'><strong>τὸ</strong></span> <span class='ocrx_word' id='word_1_814' title='bbox 1456 5683 1656 5754; x_wconf 85' lang='grc' dir='ltr'>ἀμερὲς</span> <span class='ocrx_word' id='word_1_815' title='bbox 1700 5684 1873 5735; x_wconf 84' lang='grc' dir='ltr'>ἐκεῖνο</span> 
     </span>
    </p>
   </div>
   <div class='ocr_carea' id='block_1_105' title="bbox 337 5859 1403 5928">
    <p class='ocr_par' dir='ltr' id='par_1_105' title="bbox 337 5859 1403 5928">
     <span class='ocr_line' id='line_1_105' title="bbox 337 5859 1403 5928; baseline -0.007 -9"><span class='ocrx_word' id='word_1_816' title='bbox 337 5867 388 5900; x_wconf 80' lang='grc'><strong>⁷⁸</strong></span> <span class='ocrx_word' id='word_1_817' title='bbox 429 5863 610 5920; x_wconf 82' lang='lat' dir='ltr'><strong>Psal.</strong></span> <span class='ocrx_word' id='word_1_818' title='bbox 673 5875 812 5928; x_wconf 75' lang='lat' dir='ltr'><strong>xcrv,</strong></span> <span class='ocrx_word' id='word_1_819' title='bbox 843 5862 897 5916; x_wconf 72' lang='grc'><strong>4.</strong></span> <span class='ocrx_word' id='word_1_820' title='bbox 974 5862 1018 5892; x_wconf 73' lang='grc' dir='ltr'><strong>τ’</strong></span> <span class='ocrx_word' id='word_1_821' title='bbox 1044 5859 1178 5916; x_wconf 89' lang='lat' dir='ltr'><strong>Gen.</strong></span> <span class='ocrx_word' id='word_1_822' title='bbox 1210 5876 1270 5926; x_wconf 88' lang='lat' dir='ltr'><strong>ll,</strong></span> <span class='ocrx_word' id='word_1_823' title='bbox 1313 5859 1403 5912; x_wconf 70' lang='lat'><strong>22.</strong></span> 
     </span>
    </p>
   </div>
   <div class='ocr_carea' id='block_1_106' title="bbox 1973 4775 3524 4848">
    <p class='ocr_par' dir='ltr' id='par_1_106' title="bbox 1973 4775 3524 4848">
     <span class='ocr_line' id='line_1_106' title="bbox 1973 4775 3524 4848; baseline -0.003 -14"><span class='ocrx_word' id='word_1_824' title='bbox 1973 4779 2232 4848; x_wconf 88' lang='lat' dir='ltr'><strong>temporis</strong></span> <span class='ocrx_word' id='word_1_825' title='bbox 2280 4776 2580 4833; x_wconf 90' lang='lat' dir='ltr'><strong>desinentis</strong></span> <span class='ocrx_word' id='word_1_826' title='bbox 2627 4775 2805 4839; x_wconf 81' lang='lat' dir='ltr'><strong>tinem,</strong></span> <span class='ocrx_word' id='word_1_827' title='bbox 2844 4791 3134 4846; x_wconf 89' lang='lat' dir='ltr'><strong>rerumque</strong></span> <span class='ocrx_word' id='word_1_828' title='bbox 3168 4776 3318 4845; x_wconf 92' lang='lat' dir='ltr'><strong>prius</strong></span> <span class='ocrx_word' id='word_1_829' title='bbox 3349 4778 3524 4833; x_wconf 87' lang='lat' dir='ltr'><strong>mobi-</strong></span> 
     </span>
    </p>
   </div>
   <div class='ocr_carea' id='block_1_107' title="bbox 1973 4865 3521 4935">
    <p class='ocr_par' dir='ltr' id='par_1_107' title="bbox 1973 4865 3521 4935">
     <span class='ocr_line' id='line_1_107' title="bbox 1973 4865 3521 4935; baseline 0.001 -16"><span class='ocrx_word' id='word_1_830' title='bbox 1973 4868 2104 4920; x_wconf 88' lang='lat' dir='ltr'><strong>lium</strong></span> <span class='ocrx_word' id='word_1_831' title='bbox 2136 4865 2404 4920; x_wconf 87' lang='lat' dir='ltr'><strong>diversam</strong></span> <span class='ocrx_word' id='word_1_832' title='bbox 2437 4868 2490 4920; x_wconf 91' lang='lat' dir='ltr'><strong>in</strong></span> <span class='ocrx_word' id='word_1_833' title='bbox 2518 4874 2722 4934; x_wconf 91' lang='lat' dir='ltr'><strong>partem</strong></span> <span class='ocrx_word' id='word_1_834' title='bbox 2755 4866 3157 4920; x_wconf 89' lang='lat' dir='ltr'><strong>conversionem</strong></span> <span class='ocrx_word' id='word_1_835' title='bbox 3190 4867 3521 4935; x_wconf 65' lang='lat' dir='ltr'><strong>praediceret.</strong></span> 
     </span>
    </p>
   </div>
   <div class='ocr_carea' id='block_1_108' title="bbox 1977 4957 3527 5026">
    <p class='ocr_par' dir='ltr' id='par_1_108' title="bbox 1977 4957 3527 5026">
     <span class='ocr_line' id='line_1_108' title="bbox 1977 4957 3527 5026; baseline 0.001 -16"><span class='ocrx_word' id='word_1_836' title='bbox 1977 4957 2115 5010; x_wconf 86' lang='lat' dir='ltr'><strong>Sunt</strong></span> <span class='ocrx_word' id='word_1_837' title='bbox 2146 4957 2291 5010; x_wconf 91' lang='lat' dir='ltr'><strong>enim</strong></span> <span class='ocrx_word' id='word_1_838' title='bbox 2317 4958 2430 5011; x_wconf 69' lang='lat' dir='ltr'><strong>ham</strong></span> <span class='ocrx_word' id='word_1_839' title='bbox 2463 4957 2634 5026; x_wconf 89' lang='lat' dir='ltr'><strong>ipsius</strong></span> <span class='ocrx_word' id='word_1_840' title='bbox 2661 4957 2823 5010; x_wconf 87' lang='lat' dir='ltr'><strong>verba</strong></span> <span class='ocrx_word' id='word_1_841' title='bbox 2859 4975 2871 5010; x_wconf 90' lang='lat'><strong>:</strong></span> <span class='ocrx_word' id='word_1_842' title='bbox 2933 4957 3064 5012; x_wconf 84' lang='lat' dir='ltr'><strong>Ecce</strong></span> <span class='ocrx_word' id='word_1_843' title='bbox 3122 4975 3231 5012; x_wconf 89' lang='lat' dir='ltr'><strong>rem</strong></span> <span class='ocrx_word' id='word_1_844' title='bbox 3278 4974 3527 5011; x_wconf 73' lang='lat' dir='ltr'><strong>arcanam</strong></span> 
     </span>
    </p>
   </div>
   <div class='ocr_carea' id='block_1_109' title="bbox 1974 5033 3528 5112">
    <p class='ocr_par' dir='ltr' id='par_1_109' title="bbox 1974 5033 3528 5112">
     <span class='ocr_line' id='line_1_109' title="bbox 1974 5033 3528 5112; baseline 0.003 -14"><span class='ocrx_word' id='word_1_845' title='bbox 1974 5045 2114 5098; x_wconf 71' lang='lat' dir='ltr'><strong>vobis</strong></span> <span class='ocrx_word' id='word_1_846' title='bbox 2144 5042 2431 5112; x_wconf 68' lang='lat' dir='ltr'><strong>patefacto:</strong></span> <span class='ocrx_word' id='word_1_847' title='bbox 2458 5042 2568 5097; x_wconf 71' lang='lat' dir='ltr'><strong>Nos</strong></span> <span class='ocrx_word' id='word_1_848' title='bbox 2588 5044 2797 5112; x_wconf 77' lang='lat' dir='ltr'><strong>quidem</strong></span> <span class='ocrx_word' id='word_1_849' title='bbox 2843 5062 3020 5099; x_wconf 81' lang='lat' dir='ltr'><strong>omnes</strong></span> <span class='ocrx_word' id='word_1_850' title='bbox 3051 5062 3157 5098; x_wconf 79' lang='lat' dir='ltr'><strong>tton-</strong></span> <span class='ocrx_word' id='word_1_851' title='bbox 3185 5033 3528 5110; x_wconf 65' lang='lat' dir='ltr'><strong>dormiamus,</strong></span> 
     </span>
    </p>
   </div>
   <div class='ocr_carea' id='block_1_110' title="bbox 1975 5133 3530 5208">
    <p class='ocr_par' dir='ltr' id='par_1_110' title="bbox 1975 5133 3530 5208">
     <span class='ocr_line' id='line_1_110' title="bbox 1975 5133 3530 5208; baseline 0.005 -19"><span class='ocrx_word' id='word_1_852' title='bbox 1975 5152 2150 5190; x_wconf 80' lang='lat' dir='ltr'><strong>omnes</strong></span> <span class='ocrx_word' id='word_1_853' title='bbox 2218 5145 2390 5189; x_wconf 88' lang='lat' dir='ltr'><strong>tamen</strong></span> <span class='ocrx_word' id='word_1_854' title='bbox 2439 5137 2896 5198; x_wconf 81' lang='lat' dir='ltr'><strong>commutabimur,</strong></span> <span class='ocrx_word' id='word_1_855' title='bbox 2971 5133 3124 5206; x_wconf 76' lang='lat' dir='ltr'><strong>idque</strong></span> <span class='ocrx_word' id='word_1_856' title='bbox 3174 5139 3226 5192; x_wconf 77' lang='lat' dir='ltr'><strong>in</strong></span> <span class='ocrx_word' id='word_1_857' title='bbox 3283 5141 3530 5208; x_wconf 77' lang='lat' dir='ltr'><strong>temporis</strong></span> 
     </span>
    </p>
   </div>
   <div class='ocr_carea' id='block_1_111' title="bbox 1971 5229 3575 5302">
    <p class='ocr_par' dir='ltr' id='par_1_111' title="bbox 1971 5229 3575 5302">
     <span class='ocr_line' id='line_1_111' title="bbox 1971 5229 3575 5302; baseline 0.003 -20"><span class='ocrx_word' id='word_1_858' title='bbox 1971 5243 2182 5298; x_wconf 85' lang='lat' dir='ltr'><strong>puncto,</strong></span> <span class='ocrx_word' id='word_1_859' title='bbox 2217 5239 2266 5283; x_wconf 88' lang='lat' dir='ltr'><strong>et</strong></span> <span class='ocrx_word' id='word_1_860' title='bbox 2294 5229 2434 5282; x_wconf 76' lang='lat' dir='ltr'><strong>oculi</strong></span> <span class='ocrx_word' id='word_1_861' title='bbox 2463 5239 2744 5293; x_wconf 82' lang='lat' dir='ltr'><strong>momento,</strong></span> <span class='ocrx_word' id='word_1_862' title='bbox 2775 5230 2844 5284; x_wconf 82' lang='lat' dir='ltr'><strong>ad</strong></span> <span class='ocrx_word' id='word_1_863' title='bbox 2869 5238 3117 5286; x_wconf 69' lang='lat' dir='ltr'><strong>extrema:</strong></span> <span class='ocrx_word' id='word_1_864' title='bbox 3149 5235 3287 5286; x_wconf 71' lang='lat' dir='ltr'><strong>tuba:</strong></span> <span class='ocrx_word' id='word_1_865' title='bbox 3317 5235 3531 5302; x_wconf 83' lang='lat' dir='ltr'><strong>clango-</strong></span> <span class='ocrx_word' id='word_1_866' title='bbox 3564 5286 3575 5300; x_wconf 82' lang='grc'>,</span> 
     </span>
    </p>
   </div>
   <div class='ocr_carea' id='block_1_112' title="bbox 1976 5313 3532 5385">
    <p class='ocr_par' dir='ltr' id='par_1_112' title="bbox 1976 5313 3532 5385">
     <span class='ocr_line' id='line_1_112' title="bbox 1976 5313 3532 5385; baseline 0.004 -14"><span class='ocrx_word' id='word_1_867' title='bbox 1976 5340 2082 5377; x_wconf 86' lang='lat' dir='ltr'><strong>rem</strong></span> <span class='ocrx_word' id='word_1_868' title='bbox 2112 5324 2179 5376; x_wconf 79' lang='grc' dir='ltr'><strong>⁸ο.</strong></span> <span class='ocrx_word' id='word_1_869' title='bbox 2253 5319 2365 5372; x_wconf 88' lang='lat' dir='ltr'><strong>lloc</strong></span> <span class='ocrx_word' id='word_1_870' title='bbox 2407 5313 2539 5371; x_wconf 87' lang='lat' dir='ltr'><strong>mihi</strong></span> <span class='ocrx_word' id='word_1_871' title='bbox 2610 5322 2791 5378; x_wconf 79' lang='lat' dir='ltr'><strong>dicere</strong></span> <span class='ocrx_word' id='word_1_872' title='bbox 2834 5323 3065 5385; x_wconf 89' lang='lat' dir='ltr'><strong>videtur,</strong></span> <span class='ocrx_word' id='word_1_873' title='bbox 3116 5323 3394 5378; x_wconf 80' lang='lat' dir='ltr'><strong>hominum</strong></span> <span class='ocrx_word' id='word_1_874' title='bbox 3434 5340 3532 5378; x_wconf 90' lang='lat' dir='ltr'><strong>na-</strong></span> 
     </span>
    </p>
   </div>
   <div class='ocr_carea' id='block_1_113' title="bbox 1978 5410 3533 5482">
    <p class='ocr_par' dir='ltr' id='par_1_113' title="bbox 1978 5410 3533 5482">
     <span class='ocr_line' id='line_1_113' title="bbox 1978 5410 3533 5482; baseline -0.001 -17"><span class='ocrx_word' id='word_1_875' title='bbox 1978 5411 2146 5475; x_wconf 87' lang='lat' dir='ltr'><strong>tione,</strong></span> <span class='ocrx_word' id='word_1_876' title='bbox 2179 5411 2270 5465; x_wconf 92' lang='lat' dir='ltr'><strong>illo</strong></span> <span class='ocrx_word' id='word_1_877' title='bbox 2313 5410 2476 5465; x_wconf 91' lang='lat' dir='ltr'><strong>modo</strong></span> <span class='ocrx_word' id='word_1_878' title='bbox 2507 5411 2597 5480; x_wconf 92' lang='lat' dir='ltr'><strong>qui</strong></span> <span class='ocrx_word' id='word_1_879' title='bbox 2633 5410 2926 5480; x_wconf 68' lang='lat' dir='ltr'><strong>prteﬂnitus</strong></span> <span class='ocrx_word' id='word_1_880' title='bbox 2970 5427 2998 5464; x_wconf 89' lang='lat' dir='ltr'><strong>a</strong></span> <span class='ocrx_word' id='word_1_881' title='bbox 3039 5410 3148 5465; x_wconf 90' lang='lat' dir='ltr'><strong>Deo</strong></span> <span class='ocrx_word' id='word_1_882' title='bbox 3184 5422 3285 5475; x_wconf 89' lang='lat' dir='ltr'><strong>est,</strong></span> <span class='ocrx_word' id='word_1_883' title='bbox 3341 5414 3533 5482; x_wconf 89' lang='lat' dir='ltr'><strong>ampli-</strong></span> 
     </span>
    </p>
   </div>
   <div class='ocr_carea' id='block_1_114' title="bbox 1981 5501 3536 5571">
    <p class='ocr_par' dir='ltr' id='par_1_114' title="bbox 1981 5501 3536 5571">
     <span class='ocr_line' id='line_1_114' title="bbox 1981 5501 3536 5571; baseline 0.002 -18"><span class='ocrx_word' id='word_1_884' title='bbox 1981 5501 2159 5564; x_wconf 88' lang='lat' dir='ltr'><strong>licata,</strong></span> <span class='ocrx_word' id='word_1_885' title='bbox 2191 5517 2314 5555; x_wconf 85' lang='lat' dir='ltr'><strong>cum</strong></span> <span class='ocrx_word' id='word_1_886' title='bbox 2357 5502 2661 5555; x_wconf 90' lang='lat' dir='ltr'><strong>animorum</strong></span> <span class='ocrx_word' id='word_1_887' title='bbox 2697 5516 2926 5555; x_wconf 89' lang='lat' dir='ltr'><strong>numero</strong></span> <span class='ocrx_word' id='word_1_888' title='bbox 2957 5501 3092 5555; x_wconf 90' lang='lat' dir='ltr'><strong>nihil</strong></span> <span class='ocrx_word' id='word_1_889' title='bbox 3127 5503 3384 5556; x_wconf 88' lang='lat' dir='ltr'><strong>accedere</strong></span> <span class='ocrx_word' id='word_1_890' title='bbox 3416 5519 3536 5571; x_wconf 73' lang='lat' dir='ltr'><strong>por-</strong></span> 
     </span>
    </p>
   </div>
   <div class='ocr_carea' id='block_1_115' title="bbox 1977 5593 3533 5664">
    <p class='ocr_par' dir='ltr' id='par_1_115' title="bbox 1977 5593 3533 5664">
     <span class='ocr_line' id='line_1_115' title="bbox 1977 5593 3533 5664; baseline 0.003 -18"><span class='ocrx_word' id='word_1_891' title='bbox 1977 5608 2038 5647; x_wconf 95' lang='lat' dir='ltr'><strong>ro</strong></span> <span class='ocrx_word' id='word_1_892' title='bbox 2078 5593 2314 5661; x_wconf 90' lang='lat' dir='ltr'><strong>poterit:</strong></span> <span class='ocrx_word' id='word_1_893' title='bbox 2357 5601 2468 5647; x_wconf 93' lang='lat' dir='ltr'><strong>tum</strong></span> <span class='ocrx_word' id='word_1_894' title='bbox 2521 5609 2649 5664; x_wconf 87' lang='lat' dir='ltr'><strong>ergo</strong></span> <span class='ocrx_word' id='word_1_895' title='bbox 2683 5609 2769 5648; x_wconf 87' lang='lat' dir='ltr'><strong>res</strong></span> <span class='ocrx_word' id='word_1_896' title='bbox 2806 5593 3088 5648; x_wconf 85' lang='lat' dir='ltr'><strong>universas</strong></span> <span class='ocrx_word' id='word_1_897' title='bbox 3122 5608 3229 5646; x_wconf 93' lang='lat' dir='ltr'><strong>uno</strong></span> <span class='ocrx_word' id='word_1_898' title='bbox 3268 5595 3533 5664; x_wconf 85' lang='lat' dir='ltr'><strong>temporis</strong></span> 
     </span>
    </p>
   </div>
   <div class='ocr_carea' id='block_1_116' title="bbox 1978 5683 3533 5741">
    <p class='ocr_par' dir='ltr' id='par_1_116' title="bbox 1978 5683 3533 5741">
     <span class='ocr_line' id='line_1_116' title="bbox 1978 5683 3533 5741; baseline 0.004 -6"><span class='ocrx_word' id='word_1_899' title='bbox 1978 5691 2253 5739; x_wconf 90' lang='lat' dir='ltr'><strong>momento</strong></span> <span class='ocrx_word' id='word_1_900' title='bbox 2290 5693 2679 5740; x_wconf 87' lang='lat' dir='ltr'><strong>commutatum</strong></span> <span class='ocrx_word' id='word_1_901' title='bbox 2708 5684 2793 5738; x_wconf 92' lang='lat' dir='ltr'><strong>iri.</strong></span> <span class='ocrx_word' id='word_1_902' title='bbox 2827 5683 3096 5740; x_wconf 90' lang='lat' dir='ltr'><strong>Punctum</strong></span> <span class='ocrx_word' id='word_1_903' title='bbox 3125 5685 3268 5740; x_wconf 83' lang='lat' dir='ltr'><strong>enim</strong></span> <span class='ocrx_word' id='word_1_904' title='bbox 3307 5693 3361 5741; x_wconf 89' lang='lat' dir='ltr'><strong>et</strong></span> <span class='ocrx_word' id='word_1_905' title='bbox 3386 5686 3533 5741; x_wconf 88' lang='lat' dir='ltr'><strong>oculi</strong></span> 
     </span>
    </p>
   </div>
   <div class='ocr_carea' id='block_1_117' title="bbox 1482 5856 2094 5925">
    <p class='ocr_par' dir='ltr' id='par_1_117' title="bbox 1482 5856 2094 5925">
     <span class='ocr_line' id='line_1_117' title="bbox 1482 5856 2094 5925; baseline -0.007 -13"><span class='ocrx_word' id='word_1_906' title='bbox 1482 5860 1526 5890; x_wconf 79' lang='lat'><strong>°°</strong></span> <span class='ocrx_word' id='word_1_907' title='bbox 1564 5857 1732 5912; x_wconf 87' lang='lat' dir='ltr'><strong>lCor.</strong></span> <span class='ocrx_word' id='word_1_908' title='bbox 1762 5872 1848 5922; x_wconf 81' lang='lat' dir='ltr'><strong>xv,</strong></span> <span class='ocrx_word' id='word_1_909' title='bbox 1883 5856 1942 5911; x_wconf 81' lang='lat'><strong>5|</strong></span> <span class='ocrx_word' id='word_1_910' title='bbox 1978 5871 2094 5925; x_wconf 91' lang='lat' dir='ltr'><strong>sqq.</strong></span> 
     </span>
    </p>
   </div>
  </div>
