3996 6472
527 419 629 474 ΞΟἸ

1777 411 1834 469 S.
1868 412 2195 473 GREGOBII
2229 415 2516 474 NYSSENI

3665 411 3768 468 208

531 541 864 592 momentum
887 537 1122 608 appellat
1147 545 1452 592 extremum
1481 537 1742 606 temporis
1775 537 2092 604 terminum,

2206 541 2291 594 τοῦ
2331 542 2522 612 χρόνου
2567 543 2660 594 καὶ
2697 541 3018 594 ἀδιάστατον
3049 539 3219 611 πέρας
3239 559 3252 572 ·
3282 539 3358 604 ὡς
3387 539 3586 610 μηκέτι
3611 535 3774 590 δυναο

523 629 708 686 omnis
735 638 1008 700 expertem
1037 630 1417 694 dimensionis,
1453 630 1654 701 quique
1687 631 1864 685 nullas
1885 631 1938 684 in
1965 646 2090 701 par-

529 731 612 776 tes
653 722 818 776 dividi
869 727 1052 790 queat.
1089 721 1272 790 Itaque
1317 722 1430 775 fieri
1471 737 1578 776 non
1619 737 1780 791 posse
1809 723 1986 786 docet,
2034 733 2092 778 ut

529 815 652 880 quis
675 813 742 866 ad
774 827 892 866 eam
925 820 1076 866 certo
1105 814 1262 882 quasi
1293 813 1498 866 ambitu
1526 813 1802 867 definitam
1835 815 2092 868 mutatio-

531 921 676 968 nem,
701 919 824 974 qua:
849 919 944 974 per
973 903 1204 958 inertem
1237 905 1312 968 tit,
1347 905 1626 976 perveniat
1651 924 1663 958 :
1705 915 1758 958 et
1787 913 2090 960 extremum

527 1011 596 1050 ac
651 1011 923 1052 summum
975 997 1238 1066 temporis
1287 1005 1618 1050 momentum
1668 997 1920 1066 attingat,
1971 1005 2092 1066 post

529 1089 674 1158 quod
715 1089 862 1142 nulla
895 1103 1022 1159 pars
1069 1089 1188 1158 ejus
1221 1089 1426 1158 reliqua
1453 1097 1558 1154 est,
1609 1089 1714 1144 nisi
1747 1090 1899 1158 prius
1939 1090 2090 1155 tuba,

529 1195 652 1249 quae
685 1181 1135 1234 resurrectionem
1173 1195 1238 1234 ex
1271 1182 1502 1234 mortuis
1539 1181 1830 1248 praecedet,
1866 1181 2090 1248 clango-

531 1283 646 1322 rem
683 1283 840 1324 suum
873 1268 1022 1330 edat,
1057 1283 1166 1337 quo
1197 1283 1321 1336 pars
1358 1269 1579 1322 humani
1623 1269 1839 1338 generis
1877 1277 2092 1322 mortua

532 1363 690 1433 quasi
724 1363 790 1417 de
825 1379 1016 1418 somno
1045 1363 1310 1418 excitetur
1339 1381 1352 1416 :
1397 1377 1460 1418 ea
1485 1369 1629 1417 'vero
1663 1377 1784 1433 qua:
1828 1361 2002 1416 adhuc
2033 1361 2094 1416 in

533 1459 672 1512 vivis
699 1457 824 1512 erit.
861 1453 1075 1520 perinde
1095 1453 1344 1508 utcaeteri
1385 1469 1480 1524 per
1509 1455 1989 1518 resurrectionem,
2019 1453 2094 1508 ita

441 1537 452 1550 ’
533 1559 590 1604 et
627 1551 744 1619 ipsa
773 1548 960 1603 subito
991 1547 1060 1602 ad
1109 1547 1574 1602 immortalitatem
1601 1553 1994 1607 committetur,
2035 1551 2096 1598 ut

529 1655 650 1696 eam
689 1641 946 1709 deinceps
991 1641 1174 1694 carnis
1207 1639 1420 1709 pondus
1470 1638 1724 1694 deorsum
1777 1653 1942 1692 onere
1996 1653 2094 1693 suo

533 1747 641 1786 non
671 1731 956 1802 deprimat,
988 1730 1223 1784 humove
1265 1739 1481 1784 terrena
1531 1729 1700 1784 moles
1746 1728 1943 1798 alligat,
1999 1727 2094 1782 sed

531 1829 671 1881 elata
703 1827 754 1878 in
785 1824 1015 1879 sublime
1047 1825 1226 1894 ipsum
1260 1839 1440 1878 aerem
1479 1831 1744 1893 penetret.
1781 1822 1906 1876 [huc
1948 1823 2092 1875 enim

2197 635 2287 688 τὸν
2325 631 2460 688 εἶναι
2491 635 2566 705 τῷ
2595 635 2732 688 κατὰ
2765 635 2826 688 τὸ
2867 634 3092 705 ἔσχατόν
3119 651 3176 685 τε
3223 633 3315 686 καὶ
3341 633 3640 704 ἀκρότατον
3671 631 3770 702 τῆς

2197 727 2380 798 ἀκμῆς
2418 727 2661 782 ἐπιϐάντι
2699 727 2790 780 τοῦ
2832 727 3044 797 χρόνου,
3077 725 3163 778 διὰ
3198 725 3257 778 τὸ
3292 724 3454 795 μηδὲν
3489 725 3748 778 ύπολείπε

2200 819 2320 872 σθαι
2341 821 2404 888 τῇ
2433 819 2689 889 ἀκρότητι
2721 819 2911 889 μέρος,
2963 816 3059 887 τὴν
3098 815 3410 886 περιοδικὴν
3449 816 3655 888 ταύτην
3689 817 3774 870 διὰ

2201 907 2430 960 θανάτου
2481 907 2777 978 μεταϐολὴν
2817 908 3114 978 κτήσασθαι
3143 948 3157 966 ,
3205 905 3316 958 ἀλλ’
3357 909 3404 959 εἰ
3443 907 3600 977 μόνον
3645 909 3773 976 fixi;-

2202 1020 2348 1056 σειεν
2409 1003 2442 1073 ὴ
2493 1001 2590 1071 τῆς
2641 1000 2983 1062 ἀναστάσεως
3017 998 3350 1068 σάλπιγξ,ἡ
3397 997 3458 1052 τὸ
3513 999 3774 1068 τεθνηκὸς

2201 1093 2608 1164 ἀφυπνίζουσα,
2653 1092 2748 1144 καί
2785 1091 2910 1152 τοὺς
2955 1091 3010 1142 ἐν
3048 1091 3114 1160 τῇ
3152 1090 3262 1160 ζωῇ
3315 1090 3776 1160 καταλειφθέντας

2199 1185 2319 1238 καθ’
2337 1183 2626 1254 ὁμοιότητα
2646 1183 2754 1236 τῶν
2775 1181 2833 1247 ἐξ
2855 1181 3198 1244 ἀναστάσεως
3219 1181 3429 1234 ἀλλοιου
3439 1182 3610 1252 μένων
3637 1179 3776 1253 πρὸς

2201 1273 2505 1345 ἀφθαρσίαν
2527 1274 2735 1344 ἀθρόως
2766 1271 3189 1343 μεταϐάλλουσα,
3206 1273 3280 1335 ὡς
3307 1272 3502 1342 μηκέτι
3528 1274 3588 1326 τὸ
3609 1274 3780 1344 βάρος

2199 1369 2296 1439 τῆς
2323 1367 2521 1439 σαρκὸς
2549 1367 2638 1420 ἐπὶ
2660 1367 2720 1418 τὸ
2751 1367 2899 1419 κάτω
2923 1364 3147 1436 βρίθειν,
3179 1367 3272 1418 καὶ
3297 1368 3364 1436 τῇ
3395 1368 3462 1436 γῇ
3489 1381 3784 1434 παρακατ-

2202 1459 2343 1530 έχειν
2385 1461 2474 1512 τὸν
2513 1457 2707 1527 ὄγκον·
2757 1457 2892 1511 ἀλλά
2935 1458 3220 1529 μετάρσιον
3263 1457 3328 1510 δι’
3371 1458 3528 1528 ἀέρος
3563 1460 3782 1528 φοιτᾷν.

2208 1571 2225 1601 ι
2249 1551 2710 1622 Ἀρπαγησόμεθα
2736 1549 2874 1622 γάρ,
2911 1551 3094 1620 φησὶν,
3122 1553 3180 1604 ἐν
3218 1550 3467 1618 νεφέλαις
3499 1551 3576 1614 εἰς
3603 1553 3782 1604 ἀπάν-

2200 1661 2356 1716 τησιν
2386 1643 2478 1696 τοῦ
2505 1643 2707 1715 Κυρίου
2737 1645 2816 1706 είς
2857 1643 2995 1714 ἀέρα
3015 1683 3029 1706 ,
3069 1643 3161 1695 καὶ
3198 1641 3370 1706 οὕτως
3399 1642 3622 1696 πάντοτε
3677 1645 3782 1696 σὺν

2201 1734 2390 1805 Κυρίῳ
2425 1734 2678 1804 ἐσόμεθα.
2711 1753 2728 1784 ι
2787 1731 2997 1787 Οὐκοῦν
3042 1733 3386 1804 ἀναμεινάτω
3441 1733 3529 1787 τὸν
3583 1735 3782 1806 χῴνον

2201 1823 2291 1874 τὸν
2316 1823 2628 1888 ἀναγκαίως
2673 1826 2738 1894 τῇ
2770 1822 3082 1896 ἀνθρωπίνῃ
3125 1821 3348 1892 αὐξήσει
3400 1825 3784 1894 συμπαρατεί-

533 1917 826 1984 Apustolus
885 1915 1150 1983 subjecit:
1217 1931 1236 1964 ι
1309 1915 1608 1984 liapiemur
1660 1930 1756 1982 per
1817 1914 1994 1968 nubes
2045 1913 2100 1965 in

2206 1931 2378 1966 νοντα.
2409 1915 2520 1966 Καὶ
2563 1913 2668 1983 γάρ
2717 1915 2766 1965 οἱ
2809 1914 2937 1983 περὶ
2981 1912 3070 1966 τὸν
3133 1912 3382 1984 Ἀϐραὰμ
3418 1915 3781 1987 πατριάρχαι,

534 2026 734 2072 aerem,
779 2017 836 2062 ut
875 2007 1102 2062 Domino
1133 2023 1509 2074 occurramus,
1556 2016 1718 2077 atque
1743 2023 1808 2062 ex
1847 2021 1913 2061 eo
1957 2015 2095 2059 tem-

533 2116 660 2170 pore
682 2105 1078 2169 perpetuucum
1098 2095 1326 2151 Domino
1353 2097 1640 2152 erimus“.
1677 2115 1694 2148 ι
1726 2096 2094 2164 Quamobrem

531 2192 909 2261 unusquisque
938 2191 1200 2260 temporis
1243 2191 1522 2244 hominum
1558 2191 1898 2245 incremento
1929 2189 2098 2244 desti-

531 2285 646 2336 nati
675 2297 880 2336 moram
925 2281 1192 2351 patienter
1248 2281 1405 2335 ferat.
1439 2281 1570 2334 Nam
1623 2289 1678 2336 et
1725 2281 2094 2343 Abrahamus,

533 2375 732 2445 aliique
781 2381 962 2444 patres
1011 2374 1084 2427 illi
1131 2374 1424 2443 principes,
1469 2387 1781 2443 quanquam
1827 2371 2098 2428 desiderio

533 2466 748 2522 videndi
795 2465 981 2520 istbaac
1033 2465 1174 2519 bona
1227 2473 1581 2530 tenerentur,
1637 2479 1812 2534 neque
1857 2479 2096 2534 unquam

2191 1997 2292 2055 ’τοῦ
2330 2005 2427 2073 μὲν
2463 2004 2592 2056 ἰδεῖν
2623 2004 2692 2057 τά
2719 2003 2896 2072 ἀγαθά
2921 2005 3020 2074 τὴν
3045 2004 3338 2074 ἐπιθυμίαν
3361 2005 3536 2074 ἔσχον,
3561 2009 3654 2060 καὶ
3673 2007 3784 2061 οὐκ

2201 2096 2408 2166 ἀνῆκαν
2440 2095 2823 2166 ἐπιζητοῦντες
2854 2095 2950 2166 τὴν
2975 2095 3292 2165 ἐπουράνιον
3317 2097 3566 2168 πατρίδα,
3593 2097 3783 2162 καθώς

2203 2205 2364 2258 φησιν
2410 2190 2437 2240 6
2483 2187 2828 2250 ’Δπόστολος·
2867 2187 2979 2240 ἀλλ’
3019 2188 3166 2258 ὅμως
3211 2190 3270 2241 ἐν
3310 2189 3388 2260 τῷ
3431 2189 3668 2254 ἐλπίζειν
3695 2191 3782 2244 ἐτι

2203 2278 2299 2350 τὴν
2329 2277 2488 2350 χάριν
2519 2280 2649 2340 είσὶ,
2669 2279 2760 2332 τοῦ
2789 2279 3192 2350 Θεοῡ,κρεῖττόν
3219 2297 3270 2332 τι
3300 2282 3428 2352 περὶ
3457 2281 3610 2352 ἡμῶν
3643 2300 3784 2353 προ-

2204 2370 2559 2441 ϐλεψαμένου,
2591 2371 2734 2424 κατά
2749 2371 2844 2443 τὴν
2865 2371 2958 2426 τοῦ
2979 2372 3189 2426 Παύλου
3215 2374 3419 2444 φωνήν’
3451 2392 3468 2426 ι
3493 2375 3608 2428 Ἵνα
3641 2375 3776 2446 μὴ.)

2206 2462 2358 2532 φησὶ,
2388 2464 2587 2533 «χωρὶς
2615 2461 2770 2532 ἡμῶν
2792 2463 3164 2519 τελειωθῶσιν.
3191 2485 3208 2516 ι

533 2565 806 2619 οωιοειθιιι
867 2562 1094 2632 patriam
1139 2575 1382 2631 quaerere
1442 2561 1774 2624 desinerent,
1825 2569 1884 2614 ut
1939 2559 2231 2630 Apostolus
2295 2559 2553 2628 loquitur,
2623 2566 2804 2614 tamen
2867 2559 3046 2614 adhuc
3095 2562 3257 2616 etiam
3315 2577 3539 2618 necesse
3581 2563 3782 2618 habent

533 2653 772 2728 divinum
803 2651 932 2706 illud
963 2667 1162 2708 munus
1203 2661 1518 2721 exspectare
1547 2649 1655 2706 Deo
1690 2651 1994 2706 commodis
2041 2635 2242 2706 nostris
2287 2650 2344 2704 in
2381 2653 2482 2706 hoc
2523 2652 2756 2723 benigne
2791 2653 3178 2724 prospiciente,
3232 2665 3289 2710 ut
3321 2654 3526 2712 Paulus
3560 2656 3780 2726 quidem

529 2747 628 2806 ait.
659 2763 677 2795 ι
715 2759 782 2798 ne
817 2743 934 2797 sine
961 2743 1116 2796 nobis
1137 2743 1524 2812 perfectionem
1555 2743 1926 2812 apiscerentur
1961 2761 1979 2794 ι

609 2907 665 2960 Si
704 2907 867 2978 igitur
911 2907 988 2960 illi
1021 2923 1228 2962 moram
1276 2908 1416 2964 hanc
1469 2909 1700 2966 libenter
1749 2910 1952 2976 ferunt,
2007 2910 2102 2980 qui

540 3003 724 3056 multis
749 3003 910 3056 etiam
941 3002 1154 3058 saeculis
1201 3018 1302 3058 nos
1345 3011 1764 3072 prazcesserunt,
1808 3011 1970 3073 atque
2013 3007 2104 3062 illa

537 3095 675 3148 bona
703 3095 818 3150 sola
851 3093 956 3150 tide
981 3111 1044 3150 ac
1074 3111 1170 3164 spe
1207 3097 1506 3158 intuentur.
1533 3097 1698 3166 inque
1730 3097 1810 3152 eis
1849 3099 2086 3168 acquies-

2279 2911 2342 2963 Εἰ
2371 2907 2466 2963 οὖν
2491 2909 2688 2962 ἐκεῖνοι
2715 2909 2937 2980 φέρουσι
2966 2911 3064 2980 τὴν
3095 2909 3362 2981 ἀναόολὴν
3393 2914 3439 2964 οἱ
3481 2911 3780 2984 πόρρωθεν,

2206 3001 2294 3054 διὰ
2323 3001 2486 3072 μόνης
2513 3001 2748 3064 πίστεως
2779 3000 2994 3070 καὶτῆς
3031 3001 3242 3065 ἐλπίδος
3271 3001 3464 3065 ἰδόντες
3487 3003 3558 3056 τά
3585 3003 3780 3072 ἀγαθά,

2207 3093 2301 3146 καὶ
2333 3092 2730 3162 ἀσπασάμενοι,
2775 3090 2958 3155 καθὼς
2991 3095 3256 3164 μαρτυρεί
3279 3097 3306 3147 6
3349 3095 3686 3158 Ἀπόστολος,
3721 3095 3780 3148 τὸ

538 3195 698 3258 cunt,
733 3185 996 3256 Apostolo
1041 3195 1178 3242 teste
1219 3205 1231 3242 :
1275 3199 1428 3244 certo
1472 3188 1574 3244 sibi
1605 3189 1922 3258 pollicentes
1965 3191 2098 3252 fore,

2207 3189 2444 3258 ἀσφαλὲς
2470 3189 2562 3259 τῆς
2594 3187 2701 3240 τῶν
2725 3187 3082 3242 ἐλπισθέντων
3115 3189 3464 3250 ἀπολαύσεως
3499 3190 3556 3240 ἐν
3589 3187 3666 3256 τῷ
3699 3207 3782 3241 πι-

537 3292 598 3338 ιιι
636 3283 870 3353 speratis
915 3283 1073 3338 bonis
1109 3283 1390 3341 fruantur.-
1417 3299 1542 3338 cum
1595 3284 1758 3338 [idum
1801 3285 1948 3336 illum
1983 3299 2104 3339 esse

539 3385 800 3438 statuant,
829 3375 924 3446 qui
957 3391 1020 3430 ea
1047 3377 1297 3444 promisit
1331 3394 1342 3428 :
1375 3377 1502 3446 quid
1541 3391 1640 3430 nos
1675 3375 1892 3430 tandem
1927 3375 2106 3430 facere

537 3483 752 3536 mquum
788 3473 888 3524 est.
933 3481 1166 3536 quorum
1199 3467 1444 3520 nonnulli
1481 3467 1558 3519 sic
1593 3467 1868 3528 vixerunt,
1907 3475 1964 3520 ut
1995 3481 2104 3522 me-

539 3558 678 3611 liora
709 3557 808 3612 sibi
843 3571 938 3626 spe
973 3556 1216 3625 polliceri
1251 3557 1338 3610 vix
1373 3557 1647 3610 habeant?
1684 3557 1854 3612 Etiam
1891 3557 2106 3612 Davidaa

539 3649 680 3704 vatis
705 3649 924 3702 animus
957 3664 1022 3704 ex
1075 3649 1278 3718 ingenti
1325 3647 1626 3719 cupiditate
1664 3648 1880 3704 defecit.
1919 3648 2108 3719 Itaque

541 3743 684 3797 hanc
725 3742 930 3797 amoris
975 3750 1030 3797 et
1055 3741 1310 3798 desiderii
1353 3743 1692 3798 allectionem
1739 3743 1854 3812 ipse
1897 3745 2013 3798 suis
2051 3744 2104 3797 in

543 3831 756 3902 hymnis
787 3830 1006 3896 fatetur,
1034 3847 1158 3886 cum
1193 3832 1368 3902 inquit
1393 3833 1462 3896 '",
1489 3848 1685 3904 magno
1715 3847 1774 3886 se
1801 3834 1972 3887 teneri
2013 3834 2108 3889 de-

541 3924 764 3982 siderio.
791 3931 955 3992 atque
986 3923 1150 3977 etiam
1201 3925 1443 3978 animum
1488 3939 1598 3992 prae
1639 3923 1822 3978 studio
1853 3924 2103 3986 deficere,

540 4030 650 4084 quo
679 4029 799 4068 csse
833 4013 888 4066 in
931 4013 1148 4082 palatiis
1179 4011 1388 4066 Domini
1441 4013 1627 4082 cupiat
1658 4030 1671 4064 :
1709 4015 1922 4068 etiamsi
1961 4013 2108 4067 futu-

541 4121 660 4160 rum
691 4107 760 4160 sit
791 4115 848 4158 ut
881 4105 934 4158 in
966 4105 1222 4159 extremis
1249 4105 1564 4174 abjiciatur.
1601 4105 1784 4174 Longe
1811 4107 1954 4161 enim
1989 4121 2106 4159 ma-

537 4199 629 4266 jus
652 4205 814 4266 atque
841 4196 1140 4266 Optabilius
1173 4213 1316 4260 esse,
1349 4198 1472 4252 istic
1503 4199 1556 4251 in
1589 4199 1848 4254 extremis
1870 4201 2104 4264 censeri,

540 4305 704 4358 quam
741 4289 792 4342 in
833 4289 1043 4342 vitiosis
1073 4289 1234 4355 hujus
1257 4289 1378 4342 vitae
1417 4290 1776 4344 tentoriis-vel
1805 4291 2106 4360 principem

541 4379 718 4434 iocum
761 4379 1023 4434 obtinere.
1055 4379 1420 4436 Nihilominus
1457 4397 1666 4434 moram
1713 4381 1942 4446 ferebat,
1979 4397 2104 4436 cum

541 4471 706 4524 vitam
731 4471 948 4540 quidem
983 4470 1129 4522 illam
1165 4479 1222 4524 ut
1259 4471 1466 4524 beatam
1505 4471 1846 4541 praedicaret,
1881 4473 2106 4542 ejusque

2209 3281 2330 3333 στὸν
2369 3280 2675 3350 ἡγήσασθαι
2703 3281 2794 3333 τὸν
2823 3280 3286 3350 ἐπαγγειλάμενον
3323 3279 3532 3350 θέμενοι
3553 3297 3566 3309 ’
3601 3280 3652 3332 τί
3681 3279 3780 3350 χρὴ

2207 3373 2464 3440 πράττειν
2493 3373 2616 3434 τοὺς
2641 3371 2867 3435 πολλοὺς
2889 3373 3054 3442 ἡμᾶς,
3079 3367 3160 3435 οἷς
3188 3373 3346 3441 τυχὸν
3373 3371 3490 3424 οὐδὲ
3514 3373 3546 3442 ἡ
3569 3371 3702 3442 πρὸς
3721 3371 3780 3424 τὸ

2207 3466 2451 3534 κρεῖττον
2482 3463 2632 3527 ἐλπὶς
2671 3465 2734 3516 ἐκ
2776 3463 2881 3517 τῶν
2923 3463 3268 3535 βεϐιωμένων
3315 3464 3496 3526 ἐστίν;
3541 3463 3778 3528 Ἐξέλιπε

2207 3555 2272 3608 δι’
2301 3555 2590 3624 ἐπιθυμίας
2635 3557 2775 3628 καὶὴ
2797 3555 2887 3612 τοῦ
2911 3557 3198 3628 Προφήτου
3224 3555 3390 3626 ψυχὴ,
3422 3558 3516 3610 καὶ
3535 3557 3778 3625 όμολογεῐ

2207 3643 2295 3696 διὰ
2322 3644 2422 3713 τῆς
2444 3644 2759 3715 ψαλμῳδίας
2794 3645 2855 3698 τὸ
2882 3647 3141 3716 ἐρωτικὸν
3178 3648 3334 3700 τοῦτο
3365 3648 3562 3711 πάθος,
3591 3651 3778 3701 ἐπιπο-

2209 3733 2323 3788 θεῖν
2355 3736 2526 3804 λέγων
2553 3738 2646 3790 καὶ
2681 3736 2952 3790 ἐκλείπειν
2999 3737 3163 3791 αὑτοῦ
3206 3739 3304 3811 τὴν
3339 3739 3550 3809 ψυχὴν,
3587 3743 3642 3792 ἐν
3667 3743 3778 3802 ταῖς

2207 3827 2396 3888 αὐλαῖς
2416 3825 2508 3880 τοῦ
2535 3829 2735 3898 Κυρίου
2766 3827 3036 3894 γενέσθαι,
3068 3829 3170 3882 κᾶν
3191 3830 3250 3882 ἐν
3273 3833 3385 3892 τοῖς
3415 3831 3664 3899 ἐσχάτοις
3691 3829 3778 3901 δέῃ

2209 3921 2724 3990 παραῤῥιπτείσθαι,
2758 3919 2832 3982 ὼς
2869 3919 3047 3988 μεῖζον
3093 3919 3150 3973 ὃν
3178 3921 3269 3974 καὶ
3310 3923 3699 3992 προτιμότερον
3723 3923 3778 3974 τὸ

2209 4011 2268 4062 ἐν
2319 4012 2548 4074 ἐκείνοις
2592 4011 2816 4080 ἔσχατον
2871 4007 3038 4076 εἶναι,
3085 4013 3178 4066 τοῦ
3229 4013 3527 4084 πρωτεύειν
3567 4017 3625 4066 ἐν
3673 4017 3778 4078 τοῖς

2207 4103 2550 4174 ἁμαρτωλοῖς
2589 4103 2682 4156 τοῦ
2717 4103 2830 4174 βίου
2867 4104 3238 4176 σκηνώμασιν.
3293 4107 3432 4159 Ἀλλ’
3465 4109 3616 4178 ὅμως
3639 4109 3774 4176 ἠνεία

2209 4213 2332 4266 χετο
2351 4197 2445 4267 τῆς
2474 4197 2760 4268 ἀναῦολῆς,
2783 4197 3098 4269 μακαρίζων
3117 4199 3214 4268 μέν
3235 4199 3332 4269 τὴν
3353 4201 3468 4252 ἐκεῖ
3487 4199 3780 4270 διαγωγὴν,

2210 4288 2303 4338 καὶ
2339 4287 2436 4357 τὴν
2475 4289 2531 4340 ἐν
2555 4287 2746 4360 βραχεῖ
2777 4291 3065 4359 μετουσίαν
3094 4291 3342 4360 χιλιάδων
3369 4293 3560 4364 χρόνου
3593 4313 3778 4366 προτι-

2213 4378 2443 4446 μοτέραν
2463 4379 2801 4450 ποιούμενος·
2834 4399 2851 4430 ι
2878 4383 2922 4432 Κ
2933 4383 3162 4450 ρείσσον,
3181 4401 3198 4434 ι
3223 4385 3406 4454 φησὶν,
3437 4403 3454 4434 ι
3473 4385 3656 4456 ἡμέρα
3687 4387 3780 4456 μία

2211 4471 2267 4521 ἐν
2295 4473 2414 4532 ταῖς
2441 4471 2630 4533 αὐλαῖς
2665 4489 2757 4524 σου
2787 4471 2924 4543 ὑπὲρ
2951 4473 3222 4542 χιλιάδας’
3247 4495 3264 4525 ι
3295 4475 3408 4528 ἀλλ’
3439 4477 3538 4530 οὐκ
3565 4477 3780 4548 ἐδυσχέ-

541 4564 624 4616 vel
651 4561 1034 4616 brevissimum
1077 4560 1311 4615 fructum
1362 4565 1590 4632 tempori
1627 4565 1822 4619 millies
1854 4565 2101 4634 ampliori

2213 4578 2356 4631 ραινε
2387 4565 2451 4634 τῇ
2479 4563 2752 4634 ἀναγκαίᾳ
2788 4567 2914 4635 περὶ
2938 4565 3043 4618 τῶν
3067 4567 3235 4620 ὄντων
3264 4569 3565 4641 οἰκονομίᾳ,
3601 4571 3782 4623 ἱκανόν

542 4654 836 4710 anteferret
883 4654 985 4724 (sic
1028 4653 1171 4707 enim
1219 4653 1460 4723 loquitur
1505 4673 1517 4708 :
1559 4673 1578 4706 ι
1627 4653 1814 4708 Potior
1863 4665 1944 4708 est
1987 4656 2103 4710 dies

544 4763 687 4800 unus
715 4747 768 4800 in
791 4747 1006 4817 palatiis
1023 4747 1128 4800 tuis
1147 4763 1308 4816 quam
1331 4747 1498 4800 multa
1514 4747 1742 4800 aliormn
1775 4749 1941 4800 millia
1965 4749 2013 4780 ⁸³
2033 4749 2100 4816 ι),

541 4837 762 4890 minime
807 4843 988 4890 tamen
1031 4835 1080 4890 ei
1133 4835 1418 4890 molestum
1453 4843 1632 4896 esset.
1679 4848 1770 4889 res
1821 4835 2105 4888 universas

539 4938 690 4981 certo
727 4925 822 4980 Dei
851 4927 1082 4982 consilio
1109 4925 1499 4982 administrari.
1543 4925 1802 4996 Adeoque
1835 4927 1971 4982 satis
2001 4927 2102 4980 hoc

539 5035 663 5074 esse
702 5017 772 5073 ad
809 5019 1121 5074 beatitatem
1158 5017 1470 5072 hominibus
1507 5017 1880 5080 existimabat,
1921 5020 1966 5072 si
2005 5018 2103 5071 bo-

539 5112 629 5168 nis
667 5111 790 5168 istis
813 5111 897 5166 vel
931 5109 1096 5164 animi
1125 5123 1222 5179 spe
1249 5110 1442 5164 saltem
1471 5109 1750 5172 incubent,
1777 5119 2104 5180 quapropter

539 5205 596 5260 in
623 5215 868 5260 extremo
897 5203 972 5256 ait
998 5220 1010 5256 :
1047 5221 1064 5252 ι
1095 5201 1340 5264 Domine,
1371 5201 1464 5272 qui
1493 5200 1632 5256 Deus
1653 5215 1714 5256 es
1737 5203 2103 5268 exercituum,

537 5309 700 5368 quam
723 5295 912 5350 beatus
931 5301 1012 5348 est
1028 5293 1118 5362 qui
1144 5306 1294 5362 spem
1314 5290 1434 5346 inte
1451 5307 1602 5346 suam
1623 5292 1884 5346 collocat!
1919 5311 1936 5343 ι
1964 5291 2104 5362 Ergo

537 5407 608 5442 ne
641 5401 742 5442 nos
773 5385 990 5456 quidem
1021 5393 1234 5438 nosmet
1266 5381 1582 5438 amictemus
1605 5385 1678 5438 ob
1706 5384 1954 5454 exiguam
1987 5399 2104 5437 mo-

539 5493 678 5540 ram,
717 5493 824 5548 qua
861 5477 1092 5547 speratis
1145 5475 1254 5530 illis
1291 5473 1448 5530 bonis
1493 5473 1788 5528 carendum
1827 5483 1912 5528 est
1947 5491 1961 5528 :
2006 5489 2103 5544 po-

537 5572 758 5639 tiusque
783 5570 928 5624 omni
959 5567 1146 5624 studio
1173 5567 1365 5622 demus
1395 5581 1638 5636 operam.
1677 5583 1746 5620 ne
1779 5577 1966 5622 nostra
1993 5569 2104 5621 cul-

541 5677 606 5730 pa
631 5679 814 5716 eorum
853 5679 948 5732 spe
978 5661 1314 5718 excidamus.
1349 5660 1814 5728 Quemzulmodum
1846 5661 2013 5726 enim,
2051 5663 2096 5716 si

2205 4669 2262 4704 τε
2297 4654 2374 4715 είς
2397 4655 2752 4724 ’μακαρισμὸν
2797 4653 2932 4724 ᾤετο
2963 4659 3074 4720 τοῖς
3127 4659 3434 4730 ἀνθρώποις
3477 4661 3571 4714 καὶ
3618 4663 3678 4714 τὸ
3715 4663 3780 4716 δι’

2205 4743 2418 4808 ἐλπίδος
2467 4745 2608 4815 ἔχειν
2655 4747 2722 4800 τὰ
2772 4747 2970 4816 ἀγαθά.
3025 4750 3115 4802 Διό
3172 4768 3336 4820 φησιν
3377 4753 3470 4804 ἐπὶ
3501 4753 3646 4807 τέλει
3685 4755 3780 4824 τῆς

2203 4837 2518 4908 ψαλμῳδίας
2537 4855 2551 4869 θ
2593 4859 2610 4890 ι
2641 4840 2810 4911 Κύριε
2832 4843 2860 4894 6
2889 4843 3018 4906 Θεὸς
3037 4843 3146 4895 τῶν
3173 4843 3476 4914 δυνάμεων,
3513 4847 3782 4919 μακάριος

2205 4927 2492 5000 ἄνθρωπος
2536 4933 2563 4984 6
2601 4932 2834 4995 ἐλπίζων
2865 4933 2957 4984 ἐπὶ
2987 4933 3066 4986 σέ.
3095 4954 3112 4984 ι
3149 4936 3222 4988 Οὐ
3267 4937 3445 4990 τοίνυν
3483 4939 3606 4992 οὐδὲ
3634 4941 3782 5011 ἡμᾶς

2207 5021 2652 5091 στενοχωρεῖσθαι
2692 5023 2797 5094 χρὴ
2827 5025 2954 5094 περὶ
2981 5026 3080 5095 τῆς
3121 5028 3176 5078 ἐν
3209 5027 3399 5098 βραχεῖ
3428 5029 3536 5080 τῶν
3567 5031 3783 5095 ἐλπιζο-

2207 5113 2385 5184 μένων
2434 5113 2733 5184 άναϐολῆς,
2768 5116 2882 5170 ἀλλ’
2911 5119 3058 5181 ὅπως
3095 5119 3160 5171 ἂν
3217 5119 3290 5190 μὴ
3339 5121 3636 5191 ἀπόϐλητοι
3677 5125 3780 5176 τῶν

2205 5205 2572 5276 ἐλπιζομένων
2599 5209 2890 5280 γενοίμεθα
2909 5251 2923 5274 ,
2973 5211 3071 5281 τὴν
3100 5213 3334 5284 σπουδὴν
3367 5213 3530 5284 ἔχειν.
3569 5217 3780 5288 Ὥσπερ

2206 5297 2312 5368 γὰρ
2333 5297 2493 5362 εἴτις
2531 5300 2780 5371 προείποι
2817 5301 2922 5354 τινὶ
2949 5301 3056 5355 τῶν
3088 5303 3490 5376 ἀπειροτέρων,
3523 5307 3606 5359 ὅτι
3643 5309 3780 5361 κατά

2203 5390 2294 5442 τὸν
2317 5391 2508 5462 καιρὸν
2539 5391 2631 5444 τοῦ
2668 5392 2909 5464 θέρουςὴ
2935 5393 3044 5445 τῶν
3081 5395 3308 5466 καρπῶν
3333 5399 3620 5466 γενήσεται
3658 5399 3766 5450 συλ-

2205 5479 2366 5550 λογὴ,
2401 5482 2496 5534 καὶ¹
2521 5481 2745 5553 πλήρεις
2793 5483 2893 5554 μὲν
2934 5485 2990 5536 αί
3041 5485 3316 5554 ἀποθῆκαι
3338 5526 3352 5548 .
3388 5489 3561 5558 μεστὴ
3591 5487 3646 5542 δὲ
3671 5489 3782 5540 τῶν

2203 5572 2478 5643 ἐδωδίμων
2511 5575 2544 5644 ἡ
2591 5575 2840 5645 τράπεζα
2871 5575 2948 5645 τῷ
2979 5580 3078 5647 τῆς
3101 5578 3354 5648 εὐθηνίας
3381 5577 3534 5632 ἔσται
3569 5581 3780 5652 καιρῷ·

2210 5667 2434 5735 μάταιος
2464 5665 2528 5720 ἂν
2554 5667 2639 5740 εἴη
2672 5671 2700 5721 6
2728 5669 3066 5724 ἐπισπεύδων
3099 5671 3193 5726 τοῦ
3228 5671 3416 5742 καιροῦ
3449 5673 3549 5744 τὴν
3579 5691 3784 5746 παρου-

607 5835 652 5868 ⁶¹
685 5835 702 5888 l
742 5835 932 5892 Thess.
967 5853 1040 5902 Iv,
1075 5836 1154 5892 16.
1233 5838 1276 5872 ⁸⁸
1307 5835 1450 5892 Psal.
1489 5853 1712 5905 Lxxxm,
1743 5839 1796 5896 2.
1873 5840 1920 5871 ³³
1949 5839 2082 5896 ibid.
2117 5841 2203 5895 ll.
