3996 6478
242 444 346 501 309

1510 453 1597 507 DE
1641 453 1924 511 IIOMINIS
1962 454 2289 511 OP‘IFIL'IO.

3371 457 3474 511 210

241 561 387 628 σίαν,
414 561 530 616 δέον
557 563 847 634 σπέρματα
882 566 1236 620 καταϐάλλειν
1281 568 1374 621 καὶ
1408 569 1474 621 δι’
1499 570 1811 640 ἐπιμελείας

1915 572 2037 647 quis
2087 571 2290 624 homini
2335 577 2592 639 praedtcat
2643 578 2928 638 imperito.
2983 570 3191 624 mStatls
3238 577 3476 640 tempore

242 655 421 724 ἐαυτῷ
460 655 578 719 τοὺς
607 658 850 726 καρποὺς
880 657 1282 728 ἑτοιμάζεσθαι.
1319 661 1378 712 '0
1416 659 1514 730 μὲν
1549 662 1656 732 γὰρ
1687 680 1810 716 και-

246 748 336 818 ρὸς
387 748 478 800 καὶ
509 747 863 819 βουλομένου,
894 753 989 804 καὶ
1028 751 1102 821 μὴ
1127 792 1142 816 ,
1180 751 1394 815 πάντως
1427 752 1567 806 κατά
1597 755 1687 808 τὸν
1727 773 1814 808 τε·

239 842 509 911 ταγμένον
535 844 884 913 ἐπιστήσεται
927 845 1139 915 χρόνον.
1171 845 1281 916 Οὐχ
1321 847 1523 914 ὁμοίως
1554 847 1612 900 δὲ
1649 847 1813 900 αὐτὸν

239 931 482 1000 ὄψονται,
509 935 538 986 ὃ
570 950 629 985 τε
667 935 1065 1004 προετοιμάσας
1104 935 1280 1006 ἐαυτῷ
1311 936 1410 1007 τὴν
1453 936 1558 988 τῶν
1587 938 1815 1006 καρπῶν

239 1023 500 1090 ἀφθονίαν
523 1066 538 1088 ,
574 1025 665 1077 καὶ
715 1027 743 1078 ὁ
795 1025 974 1097 πάσης
1014 1029 1366 1099 παρασκευῆς
1411 1028 1610 1098 ἔρημος
1649 1045 1816 1082 κατα-

237 1113 477 1182 λειφθεὶς
509 1116 615 1169 ὑπὸ
645 1117 742 1186 τῆς
779 1116 945 1190 ὥρας.
979 1119 1162 1183 Οὕτως
1189 1117 1339 1190 οἶμαι
1363 1121 1472 1175 δεῖν
1495 1162 1510 1185 ,
1548 1121 1810 1193 προδήλου

238 1205 373 1256 πᾶσι
401 1204 489 1257 διὰ
510 1205 603 1258 τοῦ
633 1205 1152 1277 θείου·κηρύγματος
1179 1209 1352 1274 ὖντος,
1383 1210 1463 1262 ὃτι
1493 1212 1810 1280 ἐνστήσεται

238 1293 338 1361 τῆς
369 1294 668 1364 ἐναλλαγῆς
703 1298 732 1348 ὁ
775 1297 963 1368 καιρὸς
986 1339 1002 1360 ,
1037 1299 1110 1369 μὴ
1148 1300 1371 1369 χρόνους
1416 1300 1696 1372 πολυπραγ
1710 1318 1808 1371 μο-

239 1389 352 1438 νεῖν
388 1387 540 1455 (ούδέ
572 1387 680 1457 γὰρ
721 1388 877 1458 ήμῶν
911 1384 1062 1442 εἶπεν
1091 1385 1228 1443 εἶναι
1263 1392 1325 1443 τὸ
1352 1393 1573 1461 καιροὺς
1604 1394 1809 1460 γνῶναι

238 1478 334 1531 καὶ
364 1479 630 1549 χρόνους),
656 1480 788 1549 μηδὲ
814 1480 1104 1550 λογισμούς
1135 1499 1286 1544 τινας
1309 1483 1618 1552 ἀναζητεῖν,
1641 1483 1705 1536 δι’
1733 1477 1808 1535 ὧν

240 1568 513 1636 σαθρώσει
550 1586 632 1631 τις
659 1569 759 1638 τὴν
791 1569 966 1640 ψυχὴν
1008 1571 1136 1640 περὶ
1177 1571 1276 1641 τὴν
1321 1571 1508 1624 ἐλπίδα
1543 1573 1642 1642 τῆς
1673 1573 1808 1624 ἀνα-

239 1660 519 1723 στάσεως*
562 1659 698 1712 ἀλλά
741 1663 806 1730 τῇ
856 1662 1035 1714 πίστει
1066 1661 1172 1715 τῶν
1217 1663 1679 1734 προσδοκωμένων
1709 1665 1807 1716 ἐπ-

234 1749 594 1824 ερειδόμενον,
622 1749 710 1802 διὰ
734 1751 832 1819 τῆς
858 1751 1069 1822 ἀγαθῆς
1104 1752 1376 1817 πολιτείας
1394 1755 1490 1824 τὴν
1514 1755 1808 1825 μέλλουσαν

236 1839 396 1907 χάριν
425 1841 948 1912 προεμπορεύεσθαι.

1918 663 2127 718 fructus
2169 661 2501 731 colligendos
2548 676 2691 724 esse,
2745 675 2809 715 ac
2850 660 3045 716 deinde
3107 677 3231 716 cum
3283 663 3474 718 horrea

1917 753 2092 822 plena,
2123 761 2236 806 tum
2269 753 2406 808 cibis
2437 767 2680 807 mensam
2716 753 2879 826 ubere
2911 752 3002 806 illo
3035 759 3276 822 tempore
3309 753 3477 808 refer-

1917 857 2025 898 tam
2058 844 2208 908 fore;
2252 843 2463 897 fatuum
2502 858 2628 898 esse
2665 857 2888 897 necesse
2936 843 3027 903 sit.
3066 844 3157 912 qui
3195 845 3374 897 statim
3425 845 3477 900 id

1917 945 2133 1005 tempus
2167 943 2404 1005 exoptet,
2437 950 2568 989 .cum
2614 949 2846 988 necesse
2883 933 2956 988 sit
3001 935 3152 1003 prius
3183 943 3477 991 sementem

1915 1026 2116 1088 facere,
2163 1039 2464 1095 magnaque
2497 1025 2768 1080 industria
2819 1024 3032 1078 fructus
3081 1025 3227 1093 ipsos
3263 1042 3474 1096 parare.

1915 1117 2152 1188 Tempus
2182 1117 2401 1187 quidem
2430 1125 2482 1172 te
2512 1118 2594 1172 vel
2625 1117 2858 1181 volente,
2885 1117 2979 1169 vel.
3001 1118 3191 1183 invito,
3227 1133 3348 1171 cum
3393 1134 3481 1171 re-

1911 1226 2031 1264 rum
2067 1211 2203 1265 ordo
2249 1210 2564 1280 postulabit,
2609 1208 2804 1263 aderit.
2858 1207 2980 1261 Pari
3037 1217 3216 1262 autem
3269 1211 3480 1263 ratione

1913 1302 2202 1357 adventum
2233 1302 2353 1370 ejus
2401 1316 2509 1354 non
2541 1299 2838 1368 excipient,
2893 1314 3015 1352 cum
3055 1299 3101 1352 is
3143 1299 3237 1367 qui
3267 1299 3480 1352 uberri-

1910 1410 2054 1448 mam
2107 1394 2213 1449 sibi
2258 1393 2535 1447 fructuum
2586 1392 2795 1460 copiam
2845 1390 3028 1443 studio
3092 1406 3192 1444 suo
3243 1389 3476 1460 paravit,

1909 1498 2022 1538 tum
2071 1483 2227 1552 quia
2269 1496 2454 1536 rerum
2493 1478 2928 1534 necessariarum
2963 1485 3222 1545 apparatu
3268 1476 3475 1528 instrn-

1906 1585 2029 1630 ctus
2073 1591 2183 1629 non
2227 1579 2332 1628 est.
2370 1572 2461 1627 Sic
2507 1569 2754 1640 equidem
2811 1576 3012 1629 statuo,
3057 1583 3179 1622 cum
3227 1567 3478 1620 omnibus

1906 1675 2094 1721 notum
2141 1666 2212 1720 sit
2247 1681 2314 1718 ex
2343 1663 2546 1718 divinis
2588 1663 2848 1724 oraculis,
2899 1659 3013 1714 fore
3057 1666 3271 1728 tempus
3303 1657 3479 1726 quod-

1907 1759 2053 1821 dam,
2090 1772 2198 1826 quo
2227 1771 2317 1810 res
2347 1770 2538 1809 omnes
2570 1753 3053 1807 commutabuntur
3081 1769 3094 1804 :
3131 1766 3236 1804 non
3261 1752 3478 1804 curiose

1907 1851 1963 1903 in
1994 1859 2270 1904 momenta
2302 1856 2608 1918 temporum
2657 1861 2776 1900 esse
2811 1844 3196 1916 inquirendum
3234 1842 3477 1912 (quando

234 1932 600 2002 cognitionem
635 1936 827 1989 horum
875 1935 1136 1991 Dominus
1177 1939 1294 2008 ipse
1326 1941 1485 1995 nobis
1515 1942 1734 2012 ademit)
1779 1959 1955 2014 neque
1994 1945 2502 1999 ratiocinationibus
2532 1957 2751 2013 Operam
2779 1957 2900 1995 esse
2925 1941 3181 2002 dandam,
3212 1955 3308 2008 per
3340 1953 3480 2008 quas

235 2030 454 2082 animus
491 2030 544 2082 in
577 2046 671 2099 spe
702 2034 1120 2088 resurrectionis
1150 2017 1487 2098 debilitetur,
1529 2039 1623 2092 sed
1647 2038 1844 2094 debere
1875 2055 2318 2109 unumquemque
2346 2039 2570 2092 ﬁrmiter
2597 2037 2915 2090 iunitentem
2943 2033 3087 2096 lidei,
3107 2049 3212 2104 qua
3240 2048 3334 2088 res,
3358 2033 3478 2087 illas

233 2129 578 2190 exspectatas
609 2123 972 2192 amplectitur,
1004 2133 1152 2178 recta
1180 2127 1397 2181 vivendi
1426 2129 1637 2184 ratione
1670 2131 1914 2184 divinum
1949 2131 2081 2186 illud
2112 2131 2312 2185 donum
2345 2128 2506 2199 quasi
2543 2137 2884 2196 antecapere.

743 2241 1136 2295 ΚΕΦΛᾹΛΙΟΝ
1173 2244 1264 2295 ΚΓ
1265 2249 1299 2295 ’.

233 2348 356 2400 Ὅτι
405 2349 437 2399 ὁ
479 2347 598 2421 τὴν
629 2349 825 2416 ἀρχὴν
873 2351 980 2418 τῆς
1023 2352 1129 2404 τοῦ
1173 2353 1407 2421 κόσμου
1453 2354 1808 2420 συστάσεως

304 2419 630 2554 ῧῆἓῑοτῶν,
657 2421 990 2489 ἀναγκαίως
1014 2422 1111 2474 καὶ
1140 2423 1273 2491 περὶ
1290 2419 1404 2477 ἢτοῦ
1427 2424 1638 2490 τέλους
1668 2419 1810 2479 συνέ-

429 2505 573 2542 εται.

301 2579 366 2632 Εἰ
395 2580 451 2632 δέ
493 2597 574 2643 τις
607 2582 704 2652 τὴν
737 2581 831 2636 νῦν
877 2583 969 2636 τοῦ
1020 2584 1223 2655 κόσμου
1273 2587 1444 2658 φοράν
1487 2587 1664 2659 εἱρμῷ
1704 2605 1808 2640 τινι

233 2666 622 2738 διεξαγομένην
652 2669 879 2738 βλέπων,
924 2671 990 2723 δι’
1033 2667 1099 2742 ἧς
1134 2673 1194 2725 τὸ
1238 2676 1484 2744 χρονικὸν
1526 2667 1813 2747 θεωρεῖται

231 2759 525 2831 διάστημα,
567 2762 639 2834 μή
681 2763 990 2833 ἐνδέχεσθαι
1033 2764 1178 2832 λέγοι
1215 2766 1312 2836 τὴν
1347 2768 1808 2838 προαγγελθεῖσαν

231 2855 340 2906 τῶν
372 2858 700 2926 κινουμένων
734 2857 920 2911 στάσιν
947 2860 1304 2929 γενήσεσθαι·
1335 2861 1490 2931 δῆλος
1520 2862 1546 2912 ὁ
1569 2863 1807 2925 τοιοῦτός

231 2950 370 3012 ἐστι,
415 2949 547 3016 μηδὲ
585 2952 641 3000 ἐν
682 2950 821 3020 ἀρχῇ
871 2950 1198 3019 γεγενῆσθαι
1235 2953 1383 3022 παρά
1419 2952 1510 3004 τοῦ
1549 2952 1681 3005 Θεοῦ
1719 2953 1809 3005 τὸν

230 3035 460 3104 οὐρανὸν
497 3037 592 3089 καὶ
638 3037 737 3106 τὴν
787 3038 889 3106 γῆν
947 3038 1231 3092 πιστεύων.
1266 3041 1328 3094 '0
1369 3041 1474 3112 γὰρ
1520 3043 1691 3113 ἀρχὴν
1740 3044 1806 3112 τῇ

232 3127 444 3196 κινήσει
473 3126 664 3190 διδοὺς,
707 3130 806 3180 οὐκ
842 3129 1169 3198 ἀμφιϐάλλει
1197 3131 1413 3194 πάντως
1443 3133 1536 3185 καὶ
1569 3133 1692 3203 περὶ
1721 3134 1810 3186 τέ-

230 3219 390 3268 λουςο
435 3211 527 3263 καὶ
557 3215 583 3264 ὁ
618 3213 679 3265 τὸ
720 3215 869 3277 τέλος
928 3216 1002 3286 μὴ
1052 3218 1499 3289 προσδεχόμενος,
1549 3221 1670 3273 οὐδὲ
1711 3220 1810 3291 τὴν

232 3300 408 3371 ἀρχὴν
453 3305 798 3372 παρεδέξατο.
853 3307 990 3359 Ἀλλ’
1047 3308 1232 3380 ὥσπερ
1289 3311 1644 3381 κατηρτίσθαι
1684 3313 1810 3375 τοὺς

230 3395 435 3455 αἰῶνας
478 3395 555 3464 τῷ
589 3399 791 3466 ῥήματι
841 3399 1067 3470 νοοῦμεν
1116 3402 1209 3454 τοῦ
1255 3402 1408 3469 Θεοῦ,
1444 3403 1808 3468 πιστεύοντες,

231 3483 416 3548 καθώς
461 3504 621 3556 φησιν
659 3492 688 3541 ὁ
729 3491 1064 3555 Ἀπόστολος,
1105 3495 1168 3547 ἐκ
1198 3494 1304 3547 τῶν
1354 3496 1428 3565 μὴ
1473 3496 1808 3565 φαινομένων

2467 2241 2692 2298 CAPUT
2733 2239 2928 2294 XXIII.

1915 2359 2018 2424 Qui
2052 2358 2233 2410 mundi
2273 2357 2521 2425 originem
2563 2354 2796 2425 aliquam
2827 2368 2938 2405 esse
2967 2350 3216 2416 fateatur,
3271 2368 3385 2404 eum
3425 2361 3477 2404 et

1981 2429 2135 2495 ﬁnem
2182 2429 2294 2497 ejus
2334 2424 2448 2494 fere
2483 2424 2790 2494 aliquando,
2832 2437 2934 2475 non
2965 2436 3112 2489 posse
3150 2437 3252 2474 non
3297 2437 3476 2475 conce-

1979 2500 2119 2552 dere.

1983 2590 2039 2644 Si
2071 2590 2196 2660 quis
2229 2596 2409 2642 autem
2455 2587 2677 2640 intuens
2719 2586 2774 2639 in
2809 2583 2997 2638 mundi
3044 2591 3248 2637 motum
3283 2581 3476 2636 ordine

1909 2683 2146 2753 quodam
2182 2680 2638 2751 progredientem,
2675 2691 2784 2747 quo
2832 2683 3138 2745 temporum
3186 2673 3474 2728 intervalla

1912 2783 2202 2830 notantur:
2227 2774 2340 2827 lieri
2362 2783 2708 2840 nequaquam
2737 2783 2896 2838 posse
2914 2768 3081 2830 dicat,
3105 2774 3162 2819 ut
3185 2765 3476 2834 aliquando

1910 2882 1997 2920 res
2032 2865 2331 2920 secundum
2374 2861 2596 2916 oracula
2643 2859 2825 2914 divina
2857 2857 3064 2912 moveri
3098 2855 3392 2911 desinant:
3423 2855 3473 2909 is

1910 2958 2196 3014 ne-cmlum
2221 2954 2441 3024 quidem
2473 2968 2536 3006 ac
2562 2960 2761 3026 terram
2787 2950 2940 3004 initio
2969 2949 3277 3004 condidisse
3306 2947 3476 3002 Deum

1910 3049 2101 3105 credit.
2130 3045 2262 3100 Nam
2288 3044 2379 3114 qui
2413 3043 2626 3096 initium
2663 3038 2935 3109 quoddam
2972 3039 3025 3091 in
3059 3045 3208 3092 motu
3254 3038 3465 3102 statuit,

1912 3142 2072 3194 ﬁnem
2092 3139 2211 3207 ejus
2245 3137 2476 3205 aliquem
2506 3133 2620 3187 fore
2644 3147 2751 3186 non
2775 3131 2992 3185 dubitat
3021 3130 3285 3198 :.perinde
3313 3137 3474 3198 atque

1912 3232 2126 3286 initium
2157 3228 2364 3282 nullum
2397 3224 2651 3288 admittit,
2684 3222 2777 3292 qui
2811 3221 2969 3274 linem
2995 3235 3102 3274 non
3129 3220 3340 3274 statuit.
3365 3219 3474 3274 Nos

1912 3335 2116 3386 autem,
2166 3318 2628 3392 quemadmodum
2679 3315 2878 3371 saacula
2923 3313 3017 3368 Dei
3050 3314 3214 3368 verbo
3255 3313 3474 3368 condita

1911 3437 2035 3475 esse
2066 3418 2444 3487 intelligimus,
2486 3423 2650 3484 atque
2695 3414 2763 3468 de
2799 3414 2964 3468 rebus
3003 3426 3269 3480 nusquam
3311 3425 3476 3480 appa-

1911 3512 2181 3574 rentibus,
2232 3519 2290 3563 ut
2341 3509 2636 3578 Apostolus
2670 3507 2746 3558 ait
2792 3504 2857 3569 ⁸δ,
2902 3519 2967 3558 ea
3011 3519 3130 3573 qua:
3179 3511 3476 3557 cernuntur

231 3576 299 3628 τὰ
329 3575 630 3648 βλεπόμενα
670 3583 977 3649 γεγονέναιο
1011 3587 1076 3654 τῇ
1111 3587 1245 3656 αὐτῇ
1287 3587 1463 3639 πίστει
1497 3587 1808 3658 χρησόμεθα

1915 3605 2056 3658 facta
2079 3617 2218 3656 esse
2259 3601 2530 3655 credimus
2555 3619 2567 3654 :
2589 3597 2774 3652 eadem
2805 3597 3161 3666 persuasione
3191 3595 3291 3648 hoc
3312 3597 3474 3649 etiam

231 3668 362 3738 περὶ
407 3669 468 3721 τὸ
518 3671 666 3741 ῥῆμα
719 3675 811 3729 τοῦ
854 3675 1008 3739 Θεοῦ,
1062 3676 1155 3728 τοῦ
1199 3678 1297 3747 τὴν
1350 3680 1652 3747 ἀναγκαίαν
1703 3679 1810 3733 τῶν

231 3760 402 3811 ὄντων
431 3762 614 3814 στάσιν
656 3765 1176 3835 προαγορεύσαντος.
1225 3769 1296 3821 Τὸ
1335 3769 1388 3821 δὲ
1429 3768 1564 3832 πῶς,
1605 3771 1812 3840 ἐξαιρε-

231 3850 354 3903 τέον
389 3852 490 3920 τῆς
527 3853 1050 3927 πολυπραγμοσύνης
1072 3875 1086 3887 ·
1143 3859 1232 3911 καὶ
1282 3860 1392 3930 γὰρ
1437 3863 1596 3913 κάκεῖ
1632 3863 1810 3916 πίστει

230 3943 595 4012 κατηρτίσθαι
634 3945 693 3998 τὺ
735 3946 1063 4018 βλεπόμενον
1106 3952 1172 4004 ἐκ
1214 3950 1321 4004 τῶν
1368 3953 1589 4023 μηδέπω
1627 3971 1810 4021 φαινο-

234 4035 417 4104 μένων
443 4037 868 4108 κατεδεξάμεθα,
899 4042 1344 4113 παραδραμόντες
1375 4044 1482 4096 τῶν
1509 4046 1812 4114 ἀνεφίκτων

235 4128 330 4198 τήν
364 4127 605 4198 ζήτησιν.
640 4131 827 4183 Καίτοι
867 4135 994 4204 περὶ
1025 4134 1232 4186 πολλῶν
1260 4139 1394 4205 ἡμῖν
1427 4139 1454 4188 ὁ
1495 4136 1649 4203 λόγος
1680 4137 1814 4188 ἀπο-

233 4222 352 4289 ρεῖν
401 4221 702 4287 ὑπετίθετο,
748 4225 809 4276 οὐ
865 4226 1063 4296 μικράς
1101 4229 1355 4297 παρέχων
1393 4227 1646 4298 ἀφορμὰς
1678 4227 1812 4296 πρὸς

231 4310 333 4376 τὴν
361 4308 466 4360 τῶν
511 4311 954 4381 πεπιστευμένων
989 4315 1335 4384 ἀμφιϐολίαν.
1379 4317 1534 4386 Ἐξῆν
1570 4316 1678 4387 γάρ
1715 4317 1813 4367 κὰ-

231 4401 320 4451 κεί
352 4402 463 4460 τοῖς
491 4402 780 4469 ἐριστικοῖς
811 4403 875 4455 ἐκ
902 4403 1008 4456 τῶν
1039 4405 1271 4473 εὐλόγων
1309 4406 1449 4458 κατά
1488 4406 1550 4458 τὸ
1590 4406 1814 4459 ἀκόλου-

233 4488 330 4539 θον
377 4490 698 4560 ἀνατρέπειν
746 4491 842 4562 τὴν
897 4494 1098 4557 πίστιν,
1154 4496 1289 4566 πρὸς
1339 4498 1398 4548 τὸ
1448 4497 1523 4568 μὴ
1574 4499 1813 4568 νομίζειν

231 4580 414 4649 ἀληθῆ
441 4583 530 4634 τὸν
564 4584 689 4656 περὶ
727 4585 825 4656 τῆς
853 4587 1041 4657 ὑλικῆς
1096 4591 1324 4652 κτίσεως
1361 4587 1498 4644 εἶναι
1544 4591 1717 4660 λόγον,
1754 4593 1813 4644 ὃν

232 4675 266 4742 ή
301 4673 434 4739 ἁγία
467 4675 756 4742 πρεσϐεύει
795 4678 834 4728 Γ
841 4679 1004 4749 ραφὴ,
1045 4681 1258 4733 πάντων
1283 4682 1388 4734 τῶν
1435 4681 1602 4735 ὄντων
1630 4685 1693 4736 ἐκ
1721 4683 1812 4735 τοῦ

231 4763 371 4816 Θεοῦ
415 4760 554 4819 εἶναι
599 4766 1046 4842 διαϐεϐαιουμένη
1094 4773 1192 4843 τὴν
1237 4775 1464 4842 γένεσιν.
1505 4777 1564 4828 Οἱ
1599 4776 1705 4846 γὰρ
1737 4776 1813 4845 τῷ

231 4856 466 4925 ἐναντίῳ
508 4860 898 4929 παριστάμενοι
921 4861 1079 4931 λόγῳ,
1112 4866 1373 4918 συναῖδιον
1413 4863 1549 4919 εἶναι
1584 4866 1662 4937 τῷ
1697 4867 1812 4936 Θεῷ

1917 3695 2008 3750 Dei
2058 3695 2286 3749 verbum
2335 3692 2749 3759 amplectemur,
2798 3703 2907 3757 quo
2968 3701 3055 3741 res
3109 3687 3391 3740 universas
3444 3701 3474 3738 a

1915 3797 2062 3840 motu
2098 3791 2410 3839 cessaturas
2445 3779 2763 3834 necessario
2791 3776 3059 3847 praedixit.
3089 3774 3472 3828 Curiositatem

1913 3878 2128 3947 quidem
2170 3885 2434 3936 nostram,
2466 3873 2831 3942 inquirentem
2872 3869 2967 3936 qui
3001 3870 3101 3922 hoc
3129 3867 3245 3921 ﬁeri
3278 3866 3472 3936 possit,

1912 3968 2026 4021 tolli
2061 3973 2298 4036 oportet.
2331 3963 2462 4016 Nam
2495 3970 2548 4016 et
2579 3961 2705 4015 istic
2741 3959 2943 4014 omissa
2979 3973 3182 4020 rerum,
3215 3971 3352 4026 quas
3390 3956 3475 4009 in-

1913 4055 2161 4125 dagando
2209 4051 2674 4122 comprehendere
2716 4064 2825 4102 non
2874 4061 3189 4118 possumus,
3244 4045 3474 4116 inquisi-

1914 4151 2060 4202 tione
2097 4165 2112 4200 :
2149 4145 2456 4199 indubitata
2497 4142 2854 4212 persuasione
2887 4156 2975 4195 res
3012 4154 3280 4210 nusquam
3311 4151 3477 4207 appa-

1914 4250 2097 4296 rentes
2142 4238 2392 4293 conditas
2437 4237 2754 4297 statuimus,
2792 4241 2852 4287 ut
2877 4232 3073 4289 deinde
3097 4241 3471 4288 cernerentur.

1913 4332 2075 4403 Atqui
2101 4345 2208 4385 non
2241 4343 2411 4400 pauca
2446 4337 2572 4382 sunt
2600 4343 2721 4396 qua:
2763 4325 2925 4386 nobis
2945 4324 3287 4378 occasionem
3319 4323 3477 4376 dubi-

1916 4425 2064 4478 tandi
2102 4423 2338 4494 praebere
2385 4421 2630 4491 possint,
2675 4420 2850 4488 deque
2896 4419 2962 4472 iis
3009 4417 3168 4470 etiam
3203 4431 3324 4488 qua:
3349 4430 3475 4470 vera

1915 4516 2191 4570 credimus
2233 4511 2566 4582 ambigendi.
2607 4510 2740 4564 Nam
2776 4518 2829 4564 et
2860 4510 2912 4561 in
2949 4508 3197 4561 doctrina
3241 4509 3307 4562 de
3352 4515 3475 4563 ortu

1915 4603 2095 4661 rerum
2150 4603 2512 4658 contentiosis
2561 4600 2794 4670 ingeniis
2841 4598 3092 4651 nonnihil
3151 4607 3317 4658 esset,
3365 4615 3474 4669 quo

1914 4699 1996 4753 eis
2043 4697 2358 4751 subvertere
2385 4693 2452 4747 de
2491 4690 2816 4745 collectione
2848 4687 3222 4743 verisimiliqu
3253 4703 3478 4758 persua-

1915 4788 2122 4840 sionem
2156 4791 2400 4837 nostram
2449 4781 2654 4841 liceret,
2689 4787 2746 4831 ut
2789 4793 2895 4832 non
2931 4779 3092 4847 plane
3127 4793 3314 4831 verum
3355 4795 3478 4835 esse

1915 4877 2259 4928 crederemus
2310 4871 2363 4924 id
2408 4870 2553 4939 quod
2603 4866 2790 4922 estde
2845 4869 3124 4923 creatione
3166 4883 3350 4922 rerum
3410 4886 3477 4925 ex

229 4947 334 5015 τὴν
385 4946 516 5016 ὕλην
565 4953 1068 5019 κατασκευάζουσι,
1117 4957 1372 5020 τοιούτοις
1425 4961 1811 5028 ἐπιχειρήμασι

1915 4964 2138 5018 materie
2186 4961 2556 5015 constantium
2590 4957 2756 5012 divini
2805 4955 3131 5010 auctoritate
3168 4957 3318 5011 verbi
3365 4965 3476 5011 tra-

233 5038 375 5109 πρὸς
401 5039 462 5090 τὸ
489 5040 665 5109 δόγμα
692 5043 991 5113 χρώμενοι·
1027 5047 1086 5098 Εἰ
1113 5048 1313 5111 ἁπλοῦς
1343 5052 1371 5102 ὁ
1396 5051 1526 5112 Θεὸς
1546 5053 1612 5120 τῇ
1636 5050 1815 5117 φύσει,

236 5132 333 5183 καὶ
359 5131 542 5193 ἄῡλος.
585 5133 772 5198 ἄποιός
818 5153 877 5188 τε
917 5139 1007 5191 καὶ
1052 5141 1343 5211 ἀμεγέθης,
1375 5143 1466 5195 καὶ
1502 5144 1813 5208 ἀσύνθετος,

236 5224 336 5276 καὶ
365 5224 464 5292 τῆς
496 5224 634 5277 κατά
664 5227 724 5278 τὸ
756 5231 938 5298 σχῆμα
968 5234 1310 5302 περιγραφῆς
1339 5234 1629 5306 ἀλλοτρίως
1657 5235 1811 5306 ἔχων·

234 5315 391 5366 πᾶσα
422 5315 478 5366 δέ
506 5315 604 5385 ὕλη
631 5318 687 5368 ἐν
706 5317 1102 5392 διαστηματικῇ
1131 5325 1431 5394 παρατάττει
1459 5326 1819 5396 καταλαμϐά-

231 5425 409 5468 νεται,
428 5409 524 5460 καὶ
544 5410 642 5472 τὰς
665 5410 749 5462 διὰ
765 5413 871 5464 τῶν
893 5415 1255 5486 αἰσθητηρίων
1277 5419 1605 5491 καταλήψεις
1630 5421 1687 5473 0’5
1710 5420 1816 5472 δια³

234 5501 536 5568 πέφευγεν,
557 5505 612 5554 ἐν
629 5503 898 5574 χρώματι,
921 5509 1012 5560 καὶ
1035 5511 1134 5578 σχή
1145 5512 1390 5578 ματι,καὶ
1411 5512 1578 5581 ὄγκῳ,
1596 5514 1687 5566 καὶ
1711 5531 1815 5582 πη-

232 5593 501 5664 λικότητι,
523 5596 616 5647 καὶ
635 5593 944 5668 ἀντιτυπία,
968 5602 1060 5652 καὶ
1082 5604 1190 5665 τοῖς
1213 5601 1415 5667 λοιποῖς
1435 5607 1545 5667 τοῖς
1565 5622 1630 5656 πε
1641 5607 1690 5674 ρὶ
1721 5607 1816 5657 αύ-

233 5685 336 5759 τὴν
374 5685 767 5759 θεωρουμένοις
798 5693 1194 5763 γινωσκομένη,
1237 5689 1312 5749 ὧν
1341 5696 1489 5750 οὐδὲν
1516 5698 1574 5750 ἐν
1604 5699 1668 5768 τῇ
1697 5697 1816 5768 θεία

355 5867 400 5898 ⁸⁸
446 5869 611 5924 Ilcbr.
649 5885 710 5934 tt.
751 5871 806 5928 8.

1918 5054 2113 5116 «litum,
2149 5051 2414 5120 originem
2446 5047 2686 5101 omnium
2713 5046 2780 5099 ad
2813 5045 2976 5099 Deum
3003 5044 3310 5101 referentis.
3339 5045 3478 5100 Huic

1915 5149 2062 5202 enim
2100 5145 2363 5200 doctrinae
2400 5144 2491 5211 qui
2548 5139 2930 5199 adversantur,
2976 5146 3300 5191 coaeternam
3355 5152 3478 5191 esse

1916 5255 2039 5294 cum
2077 5238 2185 5292 Deo
2213 5251 2396 5290 rerum
2433 5233 2715 5288 materiem
2749 5231 2980 5300 probare
3026 5238 3313 5293 conantur,
3350 5245 3477 5284 seu-

1916 5331 2249 5399 tentiamque
2303 5342 2458 5381 suam
2507 5334 2566 5378 ut
2618 5324 2962 5385 conﬁrment,
3003 5321 3336 5394 argumentis
3375 5321 3476 5374 hu-

1915 5423 2153 5493 jusmodi
2173 5429 2426 5475 utuntur:
2455 5417 2512 5470 Si
2531 5416 2694 5478 Deus,
2721 5415 2994 5483 inquiunt,
3013 5422 3205 5469 natura
3225 5414 3474 5482 simplex,
3555 5489 3568 5500 ο

1918 5530 2113 5584 expers
2155 5514 2333 5567 omnis
2362 5510 2629 5570 materiei,
2677 5508 3023 5576 qualitatum,
3067 5505 3475 5576 magnitudinis,

1920 5609 2067 5662 nulla
2095 5621 2158 5660 ex
2188 5621 2246 5659 re
2275 5601 2631 5671 compositus,
2657 5599 2860 5654 nullius
2893 5599 3078 5652 forma:
3100 5595 3348 5651 terminis
3369 5597 3477 5650 cir-

1920 5697 2290 5767 cumscriptus
2322 5714 2333 5748 :
2363 5707 2576 5750 omnem
2613 5704 2740 5746 vero
2769 5689 3054 5744 materiam
3084 5686 3282 5757 spatiis,
3314 5689 3478 5746 certis
