3988 6468
541 449 596 500 21
613 448 630 499 l
1781 441 1840 500 S.
1881 441 2206 500 GREGORII
2245 440 2533 496 NYSSENI

3645 431 3746 484 2I9

538 555 922 626 comprehendi
959 571 1181 613 necesse
1225 567 1328 622 est,
1378 568 1434 613 et
1477 575 1506 614 a
1555 575 1814 618 sensuum
1861 565 2080 636 organis

2182 561 2337 630 φύσει
2363 557 2584 612 δυνατόν
2625 557 2738 608 ἑστι
2783 555 3143 624 κατανοῆσαν
3177 551 3261 614 τίς
3301 550 3514 622 μηχανὴ
3559 552 3619 604 ὲκ
3651 551 3748 604 τοῦ

539 647 764 718 percipi,
794 649 908 703 sive
931 665 998 704 ex
1032 649 1233 716 colore,
1260 651 1374 705 sive
1404 651 1597 716 forma,
1631 655 1745 710 sive
1779 656 1939 718 mole,
1971 657 2086 712 sive

538 739 910 808 magnitudine
935 754 1000 794 ac
1029 741 1322 806 soliditate,
1355 744 1635 799 attributis
1665 743 1900 816 denique
1927 755 2086 802 caete-

537 828 614 882 ris
653 829 940 898 cognitam,
987 845 1111 884 cum
1155 832 1290 885 nihil
1323 833 1516 887 horum
1563 835 1744 889 divina
1782 836 1836 890 in
1891 847 2084 892 natura

535 918 761 973 exsistat
793 939 806 972 :
852 919 946 989 qui
981 919 1094 975 ﬁeri
1125 923 1320 991 potuit,
1357 931 1478 976 ιιι-ο
1511 927 1754 980 materiei
1781 929 1960 983 omnis
1991 945 2086 983 ex-
2119 937 2130 954 "

535 1018 686 1078 perte
711 1011 967 1067 materies
1001 1014 1362 1070 conderetur?
1388 1023 1440 1070 et
1471 1016 1538 1070 ab
1575 1033 1659 1082 eo,
1695 1019 1749 1071 in
1787 1035 1895 1088 quo
1923 1021 2086 1075 nulla:

535 1108 662 1153 sunt
700 1101 1089 1171 dimensiones,
1131 1113 1323 1159 natura
1350 1122 1470 1176 quae
1517 1110 1615 1161 has
1656 1123 1843 1164 omnes
1875 1111 2086 1166 habet?

533 1189 668 1245 Nam
707 1194 752 1248 si
791 1210 819 1246 a
851 1193 961 1250 Deo
994 1196 1236 1266 profecta
1269 1213 1390 1254 esse
1419 1201 1599 1253 omnia
1621 1201 1948 1256 credendum
1977 1213 2080 1268 est,

533 1280 787 1336 nimirum
817 1283 974 1338 modo
1009 1286 1240 1352 quodam
1263 1288 1622 1357 inexplicabili
1651 1297 1771 1344 orta
1793 1302 1938 1354 sunt,
1958 1307 2080 1345 cum

533 1372 590 1425 in
619 1372 736 1441 ipso
765 1371 874 1430 Deo
895 1385 1078 1430 essent
1113 1396 1126 1431 :
1151 1378 1196 1432 si
1235 1393 1400 1448 porro
1431 1380 1686 1449 quiddam
1723 1381 1778 1434 in
1805 1381 1924 1450 ipso
1943 1397 2085 1438 cras—
2117 1457 2120 1460 _

533 1479 651 1517 sum
695 1473 829 1527 erat,
869 1480 976 1534 quo
1024 1479 1179 1536 pacto
1227 1485 1418 1540 expers
1470 1471 1572 1524 fuit
1610 1474 1877 1536 materiei,
1922 1489 2082 1542 quam

532 1555 648 1624 ipse
682 1559 1181 1627 complectebatur?
1209 1560 1469 1618 Similiter
1495 1565 1601 1618 dici
1629 1563 1933 1620 de‘caeteris
1961 1549 2086 1620 uni-

532 1647 703 1702 versis
736 1657 931 1718 potest,
975 1665 1095 1720 quze
1129 1666 1214 1706 res
1251 1653 1331 1722 (ut
1365 1653 1438 1707 ita
1484 1653 1738 1722 dixerim)
1769 1656 2084 1710 materiatas

529 1737 992 1806 constituunt.‘Si
1043 1742 1220 1796 estin
1272 1741 1378 1797 Deo
1431 1745 1764 1812 magnitudo,
1811 1747 2084 1815 quomodo

531 1827 672 1882 idem
717 1832 1105 1900 magnitudinis
1135 1841 1218 1887 est
1250 1835 1481 1902 expers?
1516 1837 1562 1890 si
1598 1837 1728 1906 quid
1777 1845 1860 1891 est
1887 1838 1940 1890 in
1967 1838 2085 1907 ipso

529 1917 906 1984 compositum,
961 1920 1231 1988 quomodo
1279 1921 1506 1992 simplex
1547 1932 1651 1990 est,
1693 1935 1748 1980 et
1807 1927 1969 1981 nullis
2016 1942 2082 1980 ex

529 2006 771 2074 partibus
817 2011 1068 2065 constat?
1111 2011 1350 2084 Denique
1407 2017 1549 2087 cogit
1599 2031 1700 2072 nos
1749 2017 1863 2072 haec
1919 2019 2078 2082 ratio,

527 2097 612 2152 vel
667 2105 728 2151 ut
777 2115 846 2153 ex
895 2103 1124 2156 materia
1167 2103 1332 2160 Deum
1389 2115 1639 2163 constare
1693 2107 1980 2174 fateamur,
2035 2109 2080 2165 si

529 2189 746 2255 quidem
787 2205 852 2243 ex
903 2191 1020 2260 ipso
1066 2209 1244 2249 rerum
1281 2199 1532 2253 materies
1566 2207 1684 2254 orta
1737 2207 1821 2255 est
1859 2220 1872 2254 :
1909 2202 1991 2256 vel
2035 2202 2080 2256 si

530 2278 630 2332 hoc
680 2281 802 2349 quis
847 2292 1146 2349 aversetur,
1185 2295 1336 2340 extra
1365 2303 1422 2341 se
1447 2288 1608 2342 Deum
1635 2290 1918 2343 materiam
1951 2305 2082 2344 con-

528 2369 752 2436 didisse,
789 2373 855 2428 de
883 2391 986 2444 qua
1019 2377 1424 2432 universitatem
1450 2380 1592 2434 hanc
1615 2379 1928 2445 fabricaret,
1964 2391 2079 2436 sta-

527 2469 745 2518 tuamus
791 2481 1012 2521 necesse
1047 2477 1152 2523 est.
1187 2470 1328 2541 Ergo
1361 2471 1408 2524 si
1443 2472 1696 2527 materies
1729 2481 1882 2528 extra
1913 2474 2079 2528 Deum

528 2561 679 2620 erat,
739 2555 878 2610 haud
935 2557 1098 2614 dubie
1145 2561 1400 2630 quiddam
1447 2562 1652 2617 exstitit
1704 2565 1850 2619 aliud
1885 2580 1916 2618 a
1949 2565 2080 2634 Deo,

527 2643 670 2713 quod
695 2660 816 2699 cum
842 2647 934 2700 illo
963 2658 1119 2704 ortus
1142 2663 1361 2721 experte
1394 2664 1721 2708 coaeternum
1746 2653 1868 2710 fuit.
1905 2657 2082 2712 Adeo-

524 2753 632 2808 que
660 2737 768 2792 duo
803 2742 1213 2796 constituuntur
1251 2743 1414 2797 simul
1455 2753 1510 2798 et
1555 2745 1810 2815 principii
1840 2755 1894 2800 et
1927 2755 2080 2802 ortus

526 2831 794 2898 expertia,
833 2847 1062 2900 quorum
1092 2833 1324 2888 alterum
1357 2835 1531 2890 instar
1555 2837 1778 2892 artiﬁcis
1801 2847 2075 2908 operetur,

526 2920 758 2974 alterum
814 2922 962 2977 illius
999 2923 1312 2982 eﬂ‘ectiones
1356 2927 1601 2996 recipiat.
1655 2927 1732 2982 Ex
1771 2930 1872 2984 hac
1919 2945 2080 3000 porro

525 3017 875 3080 necessitate,
930 3019 976 3072 si
1020 3021 1143 3088 quis
1193 3027 1394 3075 statuat
1415 3003 1670 3077 Creatori
1711 3023 2079 3079 universitatis

524 3107 690 3178 hujus
715 3117 974 3166 aeternam
1002 3114 1312 3182 adjunctam
1345 3112 1514 3169 fuisse
1549 3118 1830 3170 materiem
1861 3135 1874 3171 :
1908 3132 2080 3186 quan-

495 3209 632 3252 itam
668 3200 1012 3256 decretorum
1047 3220 1272 3260 suorum
1311 3207 1764 3276 approbationem
1801 3207 2076 3262 inventuri
2108 3221 2126 3276 ς

525 3298 654 3344 sunt
681 3291 982 3358 Manichaei,
1002 3297 1097 3364 qui
1130 3296 1460 3366 principium
1487 3297 1831 3350 materiatum
1855 3298 2078 3366 perinde

523 3388 786 3436 aeternum
820 3385 1179 3447 constituunt,
1203 3395 1367 3455 atque
1391 3395 1474 3440 est
1501 3386 1664 3450 Deus,
1691 3404 1850 3457 quem
1881 3397 2077 3442 vocant

523 3459 776 3526 naturam
801 3474 995 3528 bonam
1028 3475 1211 3531 !Enim
1247 3493 1376 3530 vero
1408 3493 1506 3531 nos
1529 3481 1671 3547 quod
1703 3495 1887 3534 sacras
1915 3479 2080 3534 Litte-

523 3575 616 3618 ras
643 3562 972 3618 aﬂirmantes
1000 3565 1269 3630 audimus,
1296 3581 1417 3621 esse
1445 3569 1702 3622 nimirum
1735 3571 1990 3624 universa
2012 3587 2079 3625 ex

523 3653 634 3706 Deo
683 3653 991 3718 credimus,
1037 3657 1309 3725 quomodo
1359 3667 1538 3713 autem
1581 3659 1636 3714 in
1690 3661 1800 3715 Deo
1853 3661 2076 3726 fuerint,

527 3758 650 3798 cum
709 3746 938 3800 rationis
991 3757 1191 3802 nostra:
1235 3749 1646 3819 intelligentiam
1687 3751 1935 3816 excedat,
1996 3756 2080 3808 in-

527 3835 850 3903 quirendum
895 3853 1019 3894 esse
1051 3855 1157 3892 non
1188 3849 1462 3909 putamus,
1491 3843 1736 3909 persuasi
1767 3842 1934 3897 Deum
1963 3859 2080 3898 om-

524 3927 617 3979 nia
647 3941 808 3996 posse
841 3947 854 3982 :
895 3939 946 3983 et
977 3931 1212 3984 condere
1246 3931 1450 4002 aliquid
1473 3931 1539 3986 de
1556 3933 1751 3999 nihilo,
1775 3942 1830 3989 et
1857 3935 2080 3991 condito

525 4019 817 4084 qualitates
861 4020 1050 4076 indere
1091 4023 1230 4076 tales
1264 4023 1452 4091 quales
1489 4025 1561 4078 sit
1611 4025 1712 4094 ipsi
1765 4026 1962 4080 visum.
2007 4026 2078 4081 De

2184 652 2347 705 ἀΰλου
2373 651 2474 720 τὴν
2501 648 2631 719 ὕλην
2663 645 3054 716 ἀτωτεχθῆναι;
3087 647 3150 696 ὲκ
3172 643 3266 695 τοῦ
3289 643 3608 696 ἀδιαστάτου
3649 643 3750 712 τὴν

2183 740 2609 813 διαστηματικὴν
2661 739 2858 808 φύσιν;
2915 737 2978 790 Ei
3039 736 3146 806 γὰρ
3201 734 3404 788 ἐκεῖθεν
3453 734 3746 802 ὑποστῆναι

2184 833 2354 886 ταῦτα
2383 831 2754 890 πεπίστευται,
2791 827 3026 897 δηλονότι
3049 828 3106 877 ὲν
3137 824 3284 895 αὐτῷ
3315 825 3442 878 ὂντα
3489 823 3628 876 κατά
3659 823 3750 876 τὸν

2184 923 2418 995 ἄρρητον
2457 921 2612 988 λόγον
2647 918 2786 970 οὑτω
2825 917 3091 988 προῆλθεν
3125 918 3201 978 είς
3247 915 3478 983 γένεσιν.
3511 914 3572 967 Εἰ
3603 915 3660 967 δὲ
3693 917 3752 968 ὲν

2183 1014 2372 1083 ἐκείνῳ
2395 1012 2456 1064 τὺ
2483 1010 2680 1073 ὑλῶδες
2715 1005 2802 1078 ἦν,
2833 1009 2950 1071 πῶς
2988 1009 3144 1071 ἄῦλος
3171 1009 3200 1060 ὁ
3231 1009 3287 1058 ὲν
3325 1006 3470 1076 αὑτῷ
3495 1007 3590 1077 τὴν
3617 1005 3754 1076 ὕλην

2183 1105 2356 1174 ἐχων;
2393 1104 2662 1166 Ὡσαύτως
2701 1101 2756 1154 δὲ
2807 1101 2900 1154 καὶ
2945 1101 3018 1154 τὰ
3055 1100 3190 1153 ἄλλα
3244 1098 3438 1161 πάντα,
3491 1098 3570 1151 δι’
3597 1093 3674 1152 ὧν
3714 1101 3750 1163 ἡ

2185 1197 2340 1266 ὑλικὴ
2375 1195 2534 1262 φύσις
2565 1192 3043 1264 χαρακτηρίζεται·
3081 1192 3128 1243 εί
3166 1193 3224 1242 ὲν
3264 1189 3339 1258 τῷ
3377 1189 3552 1260 Θεῷὴ
3589 1189 3740 1242 ποσό-

2183 1304 2300 1357 της,
2336 1286 2452 1349 πῶς
2485 1287 2682 1347 ἀποσος
2713 1285 2742 1336 ὁ
2774 1283 2941 1348 Θεός;
2980 1284 3028 1334 εἰ
3070 1285 3126 1335 ἐν
3155 1281 3344 1351 ἐκείνῳ
3381 1281 3440 1334 τὸ
3475 1281 3750 1340 σύνθετον,

2159 1378 2300 1440 -·πῶς
2350 1377 2550 1441 ἁπλοῦς
2603 1378 2695 1430 καὶ
2744 1376 2951 1446 ἀμερὴς
3005 1374 3098 1426 καὶ
3147 1373 3466 1436 ἀσύνθετος;
3525 1371 3662 1424 ὥστε
3711 1372 3748 1442 ἦ

2185 1471 2364 1524 ὑλικὸν
2419 1467 2552 1522 εἶναι
2595 1469 2714 1522 κατ’
2753 1467 2996 1536 ἀνάγκην
3051 1465 3232 1528 αὑτὸν,
3286 1463 3372 1517 διὰ
3426 1465 3488 1518 τὸ
3539 1463 3750 1517 ἐκεῖθεν

2184 1564 2475 1632 ὑποστῆναι
2522 1560 2621 1630 τὴν
2663 1559 2812 1628 ὓλην,
2860 1559 2886 1609 ό
2931 1557 3083 1624 λόγος
3119 1553 3390 1625 βιάζεταγ
3426 1553 3458 1623 ἦ
3499 1554 3546 1605 εἰ
3590 1551 3754 1604 τοῦτό

2183 1675 2266 1718 τις
2307 1655 2514 1724 φεύγοι,
2559 1652 2752 1719 ἔξωθεν
2797 1648 3230 1719 ἐπεισενεχῡῆναι
3279 1646 3376 1716 τὴν
3425 1645 3554 1714 ὓλην
3599 1643 3752 1712 αὐτῷ

2185 1747 2318 1817 πρὸς
2383 1745 2480 1816 τὴν
2539 1741 2878 1812 κατασκευὴν
2949 1739 3042 1792 τοῦ
3101 1737 3296 1799 παντὸς
3352 1735 3752 1804 ὑπολαμϐάνειν

2133 1867 2144 1872 ·-
2185 1841 2504 1906 ἐπάναγκες.
2543 1837 2605 1890 Ei
2638 1832 2729 1888 οὖν
2762 1833 2864 1900 ἔξω
2908 1830 3001 1884 τοῦ
3049 1828 3180 1882 Θεοῦ
3219 1823 3308 1899 ἦν,
3341 1827 3465 1880 ἄλλο
3499 1844 3550 1880 τι
3595 1826 3752 1895 παρὰ

2117 1903 2155 1956 Β
2185 1931 2276 1983 τὸν
2307 1930 2435 1982 Θεὸν
2475 1928 2688 1986 πάντως
2727 1921 2794 1996 ἦν
2840 1922 3312 1991 συνεπινοούμενον
3353 1919 3493 1972 κατά
3524 1918 3614 1970 τὸν
3647 1918 3750 1986 τῆς

2185 2019 2484 2089 ἀῐδιότητος
2527 2019 2682 2085 λόγον
2725 2017 2802 2086 τῷ
2846 2016 3152 2085 ἁγεννήτως
3179 2013 3320 2066 ὄντι·
3353 2011 3490 2063 ὥστε
3531 2009 3622 2062 δύο
3653 2010 3751 2061 ἇν-

2187 2127 2328 2182 αρχα
2369 2109 2463 2162 καὶ
2501 2108 2770 2176 ἀγέννητα
2816 2106 2954 2158 κατά
2997 2104 3186 2156 ταὺτὺν
3233 2101 3474 2172 ἀλλήλοις
3501 2099 3576 2169 τῷ
3603 2099 3754 2170 λόγῳ

2191 2197 2812 2270 συγκαταλαμϐάνεσθαι,
2843 2195 2934 2249 τοῦ
2959 2194 3214 2265 τεχνικῶς
3245 2191 3611 2263 ἐνεργοῦντος,
3651 2193 3752 2244 καὶ

2185 2293 2279 2346 τοῦ
2319 2291 2602 2362 δεχομένου
2631 2289 2728 2360 τὴν
2759 2286 3178 2358 ἐπιστημονικὴν
3219 2284 3418 2354 ταύτην
3447 2284 3746 2353 ἐνέργειαν.

2187 2386 2295 2438 Καὶ
2327 2386 2378 2437 εἴ
2417 2400 2498 2445 τις
2529 2385 2592 2435 ὲκ
2627 2382 2723 2451 τῆς
2751 2380 2991 2449 ἀνάγκης
3021 2377 3221 2448 ταύτης
3245 2378 3410 2432 ἀΐδιον
3443 2376 3754 2430 ὑποτίθοιτο

2185 2475 2262 2546 τῷ
2307 2472 2628 2546 Δημιουργῷ
2669 2473 2775 2526 τῶν
2826 2472 3074 2525 ἁπάντων
3113 2469 3425 2523 ὑποκεῖσθαι
3461 2469 3558 2540 τὴν
3592 2469 3751 2538 ὓλην,

2186 2570 2314 2640 ὅσην
2357 2570 2384 2620 ό
2427 2567 2719 2636 Mem-laid;
2762 2565 2980 2635 εὑρήσει
3021 2564 3128 2618 τῶν
3163 2563 3306 2617 ἰδίων
3339 2563 3618 2633 δογμάτων
3647 2563 3754 2631 τὴν

2188 2659 2528 2729 συνηγορίαν,
2556 2657 2612 2720 ὃς
2635 2656 2730 2728 τὴν
2764 2655 2949 2726 ὑλικὴν
2971 2656 3147 2708 αἰτίαν
3193 2655 3333 2708 κατά
3365 2653 3426 2706 τὸ
3457 2653 3754 2723 ἀγέννητον

2131 2803 2134 2806 ι
2187 2747 2600 2818 ἀντιπαρεξάγει
2645 2749 2708 2816 τῇ
2743 2745 2934 2825 Δἀγαθῇ
2967 2744 3159 2814 φύσειῑ
3199 2743 3356 2796 Ἀλλὰ
3403 2743 3505 2813 μὴν
3543 2743 3636 2796 καὶ
3683 2743 3754 2796 ὲκ

2185 2841 2278 2894 τοῦ
2308 2839 2440 2894 Θεοῦ
2477 2841 2542 2892 τὰ
2579 2837 2774 2904 πάντα,
2816 2837 2916 2905 τῆς
2953 2837 2992 2888 Γ
2998 2836 3173 2906 ραφῆς
3227 2834 3488 2904 λεγούσης
3525 2833 3754 2887 ἀκούον-

2184 2950 2295 2995 τες,
2331 2929 2800 2999 πεπιστεύκαμεν·
2830 2929 2922 2980 καὶ
2953 2927 3014 2980 τὸ
3045 2929 3192 2989 ὅπως
3229 2921 3296 2997 ἦν
3325 2929 3382 2978 ὲν
3408 2925 3485 2996 τῷ
3520 2925 3658 2994 Θεῷ,
3689 2926 3756 2977 τὸ

2185 3026 2322 3094 ὑπὲρ
2367 3022 2457 3075 τὸν
2501 3021 2762 3092 ἡμέτερον
2793 3019 2966 3086 λόγον,
2995 3021 3094 3072 οὑκ
3123 3017 3375 3085 ἀξιοῦμεν
3402 3014 3758 3087 περιεργάζε-

2191 3114 2330 3174 σθαι,
2363 3113 2536 3166 πάντα
2565 3113 2628 3180 τῇ
2661 3108 2778 3180 θείᾳ
2806 3108 3026 3178 δυνάμει
3051 3105 3272 3178 χωρητά
3309 3106 3750 3168 πεπιστευκότες

2173 3205 2280 3257 καὶ
2315 3203 2377 3256 τὸ
2413 3203 2485 3273 μὴ
2531 3200 2590 3253 δν
2631 3199 3054 3269 ὑποστήσασθαι,
3097 3198 3191 3249 καὶ
3233 3196 3310 3266 τῷ
3352 3197 3464 3249 όντι
3511 3195 3648 3266 πρὸς
3685 3195 3754 3246 τὸ

2179 3295 2366 3348 δοκοῦν
2395 3292 2668 3346 ἐπιϐαλεῖν
2707 3293 2804 3353 τὰς
2833 3289 3140 3357 ποιότητας.
3176 3286 3380 3340 Οὐκοῦν
3421 3286 3752 3349 ἀκολούθως.

2183 3387 2255 3448 ὡς
2284 3387 2470 3456 ἀρκεῖν
2505 3382 2785 3454 ἡγούμεθα
2837 3383 2948 3444 τοῖς
2982 3377 3100 3435 οὖσι
3153 3379 3288 3450 πρὸς
3319 3380 3414 3449 τὴν
3453 3379 3519 3430 ἐκ
3547 3376 3638 3430 τοῦ
3674 3377 3755 3448 μὴ

2183 3477 2330 3540 ὖντος
2359 3477 2667 3540 ὑπόστασιν,
2694 3475 2792 3544 τὴν
2831 3473 2921 3525 τοῦ
2965 3473 3106 3524 θείου
3151 3471 3450 3542 θελήματος
3483 3469 3715 3538 δύναμιν
3737 3486 3751 3500 ·

2183 3569 2324 3622 οὑτω
2361 3569 2454 3620 καὶ
2499 3569 2596 3638 τὴν
2649 3566 3089 3636 ἀναστοιχείωσιν
3131 3563 3239 3616 τῶν
3288 3561 3630 3614 συνεστώτων
3669 3562 3757 3624 είς

2159 3661 2280 3732 ’τήν
2314 3660 2479 3731 αὑτὴν
2515 3660 2801 3726 ἀνάγοντες
2834 3656 3080 3726 δύναμιν,
3129 3657 3207 3715 εἰς
3243 3654 3392 3706 οὐδὲν
3421 3653 3523 3718 ἔξω
3551 3651 3643 3705 τοῦ
3668 3654 3754 3704 εί-

2185 3753 2338 3815 κότος
2381 3751 2478 3818 τὴν
2522 3751 2700 3802 πίστιν
2734 3743 3180 3818 παραληψόμεθα.
3213 3742 3403 3796 Καίτοι
3441 3759 3502 3810 γε
3529 3741 3756 3794 δυνατὸν

2185 3845 2312 3906 ἴσως
2339 3839 2426 3913 ἦν,
2469 3840 2807 3912 εὑρεσιλογίᾳ
2835 3838 2940 3891 τινὶ
2985 3837 3108 3899 τοὺς
3147 3835 3276 3904 περὶ
3319 3835 3417 3904 τῆς
3460 3831 3590 3902 ῦλης
3631 3834 3758 3902 ὲρε-

2187 3934 2504 4006 σχελοῦντας
2551 3935 2753 3994 πεῖσαι,
2802 3929 2876 4000 μὴ
2913 3929 3086 3982 δοκεῖν
3139 3926 3348 3997 ἐρήμην
3393 3921 3756 3994 κατατρέχειν

2183 4025 2275 4080 τοῦ
2309 4025 2482 4094 λόγου.

526 4128 633 4180 quo
681 4114 784 4166 hoc
824 4117 984 4169 etiam
1026 4117 1176 4186 sequi
1222 4133 1444 4174 necesse
1481 4127 1586 4184 est,
1633 4121 1856 4189 perinde
1900 4131 2088 4192 atque.
2119 4124 2411 4177 statuimus
2464 4120 2532 4174 ad
2570 4119 2650 4173 rei
2707 4131 2814 4172 non
2861 4111 3172 4170 exsistcntis
3209 4108 3536 4164 creationem
3577 4105 3756 4163 solius

525 4199 722 4255 divinae
747 4203 1038 4259 voluntatis
1075 4213 1388 4275 potestatem
1431 4208 1674 4264 sullicere
1707 4229 1720 4264 :
1765 4211 1840 4264 ita
1889 4212 1935 4266 si
1989 4227 2171 4266 rerum
2201 4213 2311 4281 jam
2343 4209 2686 4266 conditarum
2725 4205 3178 4262 instaurationem
3205 4201 3446 4271 ejusdem
3495 4200 3756 4268 potestati

524 4291 916 4361 relinquamus,
977 4295 1108 4348 nihil
1159 4313 1258 4352 nos
1311 4299 1455 4368 quod
1486 4315 1516 4354 a
1567 4315 1698 4354 vero
1747 4302 2056 4368 abhorreat,
2102 4305 2408 4358 credituros
2447 4316 2589 4357 esse.
2625 4303 2945 4367 Quanquam
2977 4297 3140 4352 etiam
3184 4293 3415 4350 fortasse
3447 4291 3690 4360 praestari
3723 4306 3756 4344 a

521 4383 682 4437 nobis
720 4392 916 4454 potest,
966 4394 1025 4438 ut
1069 4386 1408 4458 indagatione
1439 4392 1798 4458 quarumdam
1849 4393 2120 4446 rationum
2169 4394 2248 4448 eis
2289 4395 2382 4464 qui
2429 4392 2495 4446 de
2531 4389 2757 4446 materie
2799 4388 2902 4441 hoc
2941 4391 3098 4457 pacto
3137 4381 3494 4444 contendunt,
3532 4377 3760 4435 satisfa-

524 4477 752 4538 ciamus,
809 4491 877 4530 ne
909 4492 1134 4546 prorsus
1177 4479 1243 4534 de
1289 4481 1378 4533 illa
1431 4483 1567 4534 nihil
1606 4482 1790 4537 dicere
1837 4485 2077 4540 voluisse
2109 4485 2280 4540 videri
2318 4483 2611 4555 possimus.

1073 4589 1298 4645 CAPUT
1352 4591 1538 4645 XXIV.

528 4677 794 4747 Rcfutatio
831 4680 1044 4734 illorum
1073 4684 1162 4750 qui
1192 4683 1361 4745 aiunt,
1384 4685 1656 4738 rnateriem
1687 4693 1735 4738 et
1761 4683 1928 4760 Deum
1949 4702 2082 4738 cace-

1142 4763 1290 4806 terna
1327 4770 1457 4808 €888.

594 4839 713 4894 Non
771 4843 912 4895 enim
963 4859 1028 4897 ex
1062 4859 1246 4897 carum
1305 4861 1488 4900 rerum
1531 4863 1777 4910 numero,
1825 4864 1946 4918 quae
1997 4863 2082 4902 res

527 4939 738 4992 ratione
785 4947 914 4992 sunt
957 4941 1314 5008 investigatze,
1351 4941 1586 4996 tollenda
1618 4953 1702 4998 est
1737 4943 1850 4998 haec
1881 4943 1946 4998 de
1969 4959 2083 4998 ma-

527 5030 663 5084 terie
731 5031 1025 5095 sententia,
1072 5047 1193 5100 quae
1239 5033 1387 5086 illam
1427 5049 1457 5086 a
1500 5041 1694 5088 natura
1753 5043 1962 5090 secreta
2015 5036 2083 5090 ab

525 5123 674 5175 mimi
698 5123 940 5184 materie,
969 5129 1022 5176 et
1053 5139 1172 5192 quae
1199 5125 1313 5178 sola
1343 5126 1536 5180 mentis
1556 5125 1908 5195 intelligentia
1931 5140 2080 5180 com-

526 5214 902 5282 prehenditur,
933 5223 1108 5268 ortam
1129 5231 1252 5270 esse
1275 5217 1462 5270 tradit.
1489 5216 1680 5271 Omnis
1707 5233 1940 5286 namque
1965 5231 2082 5270 ma-

527 5306 691 5360 teries
738 5305 1093 5375 qualitatibus
1136 5307 1462 5376 quibusdam
1498 5304 2006 5376 praeditaest,queis
2035 5308 2081 5362 si

525 5399 706 5467 reipsa
745 5398 1010 5467 privetur,
1043 5413 1150 5452 non
1173 5399 1284 5466 jam
1325 5401 1556 5468 amplius
1591 5399 1802 5453 ratione
1829 5412 2080 5468 compre-

527 5489 690 5542 bendi
717 5491 932 5558 poterit.
957 5489 1118 5543 Ratio
1139 5489 1356 5560 quidem
1375 5491 1584 5558 species
1611 5491 1894 5559 qualitatis
1919 5505 2084 5560 quas-

531 5579 660 5634 iibet
718 5597 972 5650 separare
1015 5597 1044 5636 a
1091 5582 1316 5636 materie
1360 5582 1602 5650 subjecta
1647 5589 1824 5652 potest
1873 5602 1886 5636 :
1947 5583 2088 5636 ratio

529 5681 708 5727 autem
757 5675 954 5729 mentis
1001 5683 1084 5728 est
1123 5675 1344 5746 propria
1387 5675 1630 5738 quaedam
1674 5675 2084 5744 contemplatio,

533 5777 642 5817 non
691 5767 954 5834 corporis.
997 5767 1148 5832 Esto,
1199 5767 1432 5837 exempli
1493 5767 1683 5837 gratia,
1747 5768 2084 5837 propositum

534 5855 956 5912 considerationi
989 5867 1189 5914 nostra:
1219 5861 1300 5914 vel
1335 5857 1534 5914 animal
1577 5859 1872 5930 quoddam,
1917 5859 1998 5914 vel
2021 5859 2088 5912 li-

2689 4589 3082 4646 ΚΕΦΑΛΑΙΟΝ
3122 4586 3244 4642 KA'.

2193 4688 2566 4755 Ἀντίῤῥησις
2606 4684 2754 4752 πρὸς
2781 4681 2958 4760 ’τοὺς
2984 4681 3291 4760 λέγονῖᾳς,
3335 4679 3648 4734 συναΐδιον
3671 4679 3759 4736 εἶ-

2599 4750 2698 4808 ναι
2733 4752 2812 4817 τῷ
2843 4750 2966 4816 Θεῷ
2997 4751 3110 4817 ’τὴν
3146 4750 3327 4816 ὕλην.

2251 4850 2386 4902 οὐδὲ
2416 4848 2524 4920 γὰρ
2551 4847 2656 4912 ἔξω
2693 4846 2801 4897 τῶν
2849 4843 2989 4897 κατὰ
3025 4841 3083 4894 τὸ
3109 4841 3399 4895 ἀκόλουθον
3431 4843 3758 4914 εὑρισκομέω

2180 4959 2286 4994 νων
2319 4943 2352 5010 ἡ
2397 4941 2522 5009 περὶ
2562 4938 2661 5006 τῆς
2691 4936 2822 5006 ὕλης
2868 4935 3133 5005 ὑπόληψις
3173 4934 3440 5002 φαίνεται,
3481 4935 3514 5002 ή
3553 4935 3618 4985 ἐκ
3653 4935 3756 4986 τοῦ

2185 5033 2370 5102 νοητοῦ
2397 5048 2454 5084 τε
2476 5031 2570 5084 καὶ
2593 5030 2755 5082 ἀΰλου
2795 5029 2997 5096 ταύτην
3024 5025 3320 5094 ὑποστῆναι
3349 5024 3756 5095 πρεσϐεύουσω

2185 5127 2362 5179 πᾶσαν
2387 5123 2494 5195 γὰρ
2523 5123 2823 5192 εὑρήσομεν
2873 5121 2934 5172 ὲκ
2977 5117 3269 5186 ποιοτήτων
3311 5116 3469 5168 τινῶν
3499 5115 3764 5166 συνεστῶ-

2187 5235 2284 5270 σαν
2333 5217 2432 5287 τὴν
2480 5213 2631 5284 ὓλην,
2663 5206 2736 5265 ὧν
2781 5213 2828 5263 εἰ
2887 5207 3192 5279 γυμνωθείη
3241 5205 3357 5258 καθ’
3399 5205 3614 5274 ἑαυτὴν,
3661 5205 3762 5256 οὑ-

2183 5309 2351 5380 δαμοῦ
2383 5307 2459 5378 τῷ
2501 5307 2642 5376 λόγῳ
2678 5305 3169 5373 καταληφθήσεται.
3208 5299 3364 5352 Ἀλλά
3396 5299 3500 5370 μὴν
3528 5298 3764 5350 ἕκαστον

2187 5399 2465 5468 ποιότητος
2514 5391 2650 5457 εἶδος
2697 5393 2838 5464 λόγῳ
2889 5391 2983 5444 τοῦ
3035 5389 3388 5459 ὑποκειμένου
3442 5387 3758 5457 χωρίζεται.

2203 5491 2260 5543 '0
2289 5491 2344 5543 δὲ
2369 5488 2522 5556 λόγος
2554 5488 2714 5556 νοητή
2741 5485 2824 5547 τίς
2859 5486 2992 5546 ἐστι,
3029 5483 3124 5535 καὶ
3159 5481 3276 5550 οὐχὶ
3309 5477 3586 5549 σωματικὴ
3621 5477 3768 5530 θεω-

2197 5581 2303 5651 ρία.
2341 5574 2482 5642 Οἷον,
2511 5577 2868 5648 προκειμένου
2900 5574 3035 5638 ζώου
3074 5573 3213 5635 τινὸς
3261 5569 3294 5640 ἢ
3345 5569 3498 5634 ξύλου
3526 5573 3592 5640 τῇ
3621 5568 3764 5622 0am-

2199 5674 2308 5744 ρίςι,
2334 5672 2366 5741 ἡ
2400 5687 2542 5732 τινος
2567 5669 2723 5722 ἄλλου
2755 5668 2862 5719 τῶν
2889 5665 3074 5735 ὑλικὴν
3100 5664 3327 5733 ἐχόντων
3353 5662 3450 5732 τὴν
3478 5660 3762 5724 σύστασιν,

2195 5765 2361 5818 πολλὰ
2391 5781 2456 5815 πε
2464 5763 2518 5834 p‘t
2543 5761 2602 5814 τὺ
2626 5759 2978 5830 ὑποκείμενον
2997 5760 3062 5826 τῇ
3085 5757 3203 5809 κατ’
3233 5757 3472 5808 ἐπίνοιαν
3497 5751 3766 5825 διαιρέσει

2194 5854 2613 5925 κατενοήσαμεν,
2657 5845 2730 5906 ὧν
2772 5850 2998 5904 ἑκάστου
3025 5846 3160 5917 πρὸς
3200 5846 3262 5900 τὸ
3293 5844 3764 5918 συνθεωρούμενον
