3996 6476
226 441 315 496 215

1440 450 1523 504 DE
1565 450 1845 509 llOMlNlS
1883 456 2195 514 ONFICIO.

1915 304 1933 338 Ξ

3326 464 3430 519 ειι

223 568 441 636 αμίκτως
469 562 495 613 ὁ
518 561 669 629 λόγος
702 561 833 631 ἔχει.
860 563 1083 633 Ἕτερος
1117 564 1224 635 γάρ
1269 566 1297 616 6
1329 564 1422 617 τοῦ
1450 567 1772 638 χρώματος,1

1864 588 2064 640 gnum,
2118 573 2199 627 vel
2244 573 2372 643 quid
2422 574 2568 627 aliud
2621 576 2763 644 quod
2815 591 2880 630 ex
2931 576 3155 631 materie
3196 587 3428 633 constet.

223 656 303 708 κιὶ
326 652 495 719 ἔτερος
532 649 623 701 τοῦ
656 650 851 721 βάρους
881 654 909 705 6
938 651 1112 721 λόγος,
1150 656 1179 707 6
1209 654 1305 723 τῆς
1336 656 1629 728 ποσότητος
1657 659 1763 712 πάα

220 752 308 809 λιν,
330 744 416 797 καί.
452 745 479 795 ὁ
509 743 606 812 τῆς
634 745 789 807 ποιᾶς
822 747 961 799 κατὰ
983 747 1077 816 τὴν
1109 747 1248 818 ἁφὴν
1283 748 1557 819 ἰδιότητος.
1593 751 1666 803 ’Ἥ
1701 769 1761 804 τε

216 838 310 909 γάρ
352 835 646 906 μαλακότης
696 838 789 889 καί
831 838 891 890 τὺ
935 838 1155 908 δίπηχυ,
1198 840 1287 891 καὶ
1338 840 1407 892 τὰ
1449 841 1610 894 λοιπὰ
1655 842 1762 895 τῶν

215 932 509 1004 εἰρημένων,
542 929 662 981 οὑτε
692 928 959 998 ἀλλήλοις,
985 929 1108 981 οὑτε
1146 930 1224 999 τῷ
1259 930 1466 1000 σώματι
1501 933 1638 985 κατά
1670 934 1799 985 τὸν

214 1028 349 1094 λόγον
383 1022 728 1092 συμφέρεται.
771 1022 1028 1074 Ἐκάστου
1057 1021 1163 1090 γὰρ
1200 1022 1401 1075 τούτων
1448 1024 1597 1086 τδιος,
1640 1024 1763 1077 καθ’

214 1121 411 1173 δὲστιν.
436 1115 462 1165 ὁ
495 1114 880 1183 ἐρμηνευτικδς
924 1115 1047 1185 ὅρος
1101 1116 1412 1178 ἐπινοεῖται,
1458 1116 1607 1168 οὑδὲν
1650 1120 1764 1170 ὲπισ

216 1205 458 1260 κοινωνῶν
484 1204 615 1276 ἄλλῃ
642 1206 744 1256 τινὶ
767 1204 874 1257 τῶν
899 1206 1024 1273 περί
1045 1204 1105 1256 τὸ
1137 1205 1491 1274 ὑποκείμενον
1532 1206 1763 1276 θεωρου-

217 1298 373 1368 μένων
409 1293 669 1363 ποιότητι.
723 1295 783 1345 Εἰ
837 1295 1014 1346 τοίνυν
1061 1295 1248 1365 νοητὸν
1300 1296 1397 1364 μὲν
1441 1295 1500 1347 τὸ
1542 1297 1758 1367 χρῶμα,

209 1385 353 1454 νοητὴ
402 1383 455 1435 δὲ
502 1385 595 1435 καὶ
636 1384 667 1453 ἡ
711 1384 1020 1443 ἀντιτυπία,
1069 1386 1162 1436 καί
1194 1385 1227 1454 ἡ
1262 1385 1512 1454 ποσότης,
1557 1387 1650 1439 καὶ
1692 1386 1837 1439 τάκ

209 1475 353 1529 λοιπά
382 1474 486 1525 τῶν
508 1473 761 1526 τοιούτων
806 1474 1127 1544 ἰδιωμάτων,
1154 1474 1383 1526 ἕκαστον
1407 1476 1463 1528 δὲ
1483 1476 1683 1529 τούτων
1712 1478 1760 1528 εἰ

206 1564 499 1637 ὑφαιρεθείη
554 1564 645 1618 τοῦ
704 1567 1095 1637 ὑποκειμένου,
1148 1570 1255 1630 πᾶς
1296 1570 1323 1621 6
1368 1567 1462 1620 τοῦ
1510 1566 1758 1638 σώματος

208 1656 553 1711 συνδιαλύεται
594 1656 748 1725 λόγος
770 1673 785 1688 ⁸
836 1658 1125 1711 ἀκόλουθον
1159 1658 1222 1712 ἂν
1258 1658 1365 1728 εἴη,
1410 1652 1484 1711 ὧν
1525 1658 1621 1729 τὴν
1648 1661 1758 1712 ἀπ-

204 1749 371 1800 ουσίαν
390 1748 487 1817 τῆς
507 1747 602 1800 τοῦ
639 1748 885 1817 σώματος
922 1749 1125 1810 λύσεως
1154 1750 1328 1803 αἰτίαν
1363 1749 1615 1820 εὕρομεν,
1639 1748 1761 1801 τοὺ-

204 1858 298 1891 των
345 1838 439 1908 τὴν
487 1838 789 1911 συνδρομὴν
849 1841 1157 1893 ἀποτίκτειν
1210 1841 1308 1911 τὴν
1360 1840 1548 1911 ὑλικὴν
1597 1841 1756 1911 φύσιν
1786 1848 1825 1889 1‘»

1865 664 2028 716 Multa
2076 665 2131 717 in
2193 664 2295 718 hoc
2342 666 2673 735 cogitatione
2729 675 2942 722 secreta
2988 668 3427 731 consideramus.

1863 770 2093 823 quorum
2120 756 2460 826 singulorum
2496 760 2637 812 ratio
2668 775 3015 830 nequaquam
3043 762 3185 816 inter
3215 779 3274 819 se
3301 780 3432 817 con-

1862 846 2127 901 lunditur.
2184 848 2300 900 Alia
2357 849 2503 902 enim
2556 850 2782 915 coloris,
2836 852 2942 905 alia
2989 854 3269 922 ponderis,
3324 855 3429 908 alia

1863 938 2186 1006 quantitatis
2226 939 2279 991 in
2316 948 2572 994 contactu
2620 949 2704 995 est
2744 942 2903 995 ratio.
2940 941 3074 997 Nam
3113 946 3430 1011 mollitudo,

1863 1031 2091 1084 duorum
2119 1031 2423 1084 cubitorum
2456 1032 2999 1102 magnitudmczetera
3024 1052 3146 1105 quae
3170 1038 3430 1099 diximus,

1868 1138 2043 1190 neque
2077 1123 2218 1177 inter
2248 1139 2307 1177 se
2343 1131 2554 1185 mutuo,
2590 1140 2769 1193 neque
2809 1141 2931 1178 cum
2960 1142 3186 1196 corpore
3224 1144 3319 1197 per
3354 1143 3437 1181 ra-

1862 1214 2067 1266 tionem
2087 1212 2464 1267 conteruntur.
2501 1213 2721 1283 Singula
2750 1216 2919 1278 enim,
2954 1217 3027 1269 ita
3056 1226 3111 1268 ut
3135 1219 3427 1280 exsistunt,

1863 1306 2083 1375 propria
2114 1306 2347 1374 quadam
2375 1306 2623 1359 ﬁnitione
2653 1305 2999 1360 considerata
3029 1306 3441 1377 intelliguntur,

1862 1397 1949 1449 cui
1985 1396 2123 1449 nihil
2158 1404 2240 1450 est
2287 1412 2410 1451 eum
2460 1398 2821 1466 qualitatibus
2854 1398 2906 1455 in
2941 1412 3000 1451 re
3040 1398 3281 1466 subjecta
3324 1414 3427 1452 ca:-

1862 1490 1993 1543 teris
2024 1505 2334 1543 commune.
2379 1489 2517 1559 Ergo
2563 1490 2609 1543 si
2661 1489 3142 1559 comprehenditur
3180 1505 3210 1543 a
3253 1500 3441 1544 menter

1860 1583 2046 1645 color,
2097 1581 2376 1645 soliditas,
2430 1584 2742 1651 quantitas,
2794 1584 3057 1637 attributa
3117 1584 3439 1652 hujusmodi

1860 1681 2077 1737 caetera,
2129 1689 2249 1742 quae
2297 1674 2511 1742 singula
2562 1675 2607 1728 si
2666 1676 2744 1727 rei
2788 1674 3051 1743 subjecta:
3093 1676 3431 1741 adimantur,

1860 1770 1973 1816 tota
2014 1764 2259 1833 corporis
2299 1768 2439 1818 ratio
2464 1764 2809 1831 dissolvitur;
2848 1782 2979 1820 vero
3001 1766 3264 1820 nimirum
3290 1783 3429 1821 con~

1862 1863 2179 1909 sentaneum
2212 1855 2338 1914 erit,
2372 1870 2558 1908 earum
2595 1870 2776 1909 rerum
2811 1870 3140 1911 concursum
3176 1866 3443 1911 naturam

206 1930 606 2000 ὑπολαμϐάνειν.
646 1933 730 1994 Ὠς
765 1933 874 2003 γάρ
901 1934 997 1985 οὑκ
1026 1932 1139 1984 ἔστι
1169 1932 1349 2003 σῶμα,
1379 1928 1423 2000 ᾧ
1455 1934 1514 1986 τὸ
1539 1933 1759 2003 χρῶμα,

1864 1961 1926 2000 ex
1959 1946 2181 1998 materia
2211 1954 2551 2000 constantem
2580 1946 2791 1999 ellicere
2814 1966 2827 2000 :
2853 1962 2979 2016 qua;
3007 1963 3095 2003 res
3134 1948 3179 2003 si
3218 1949 3431 2014 absint,

204 2022 365 2074 καὶτὸ
391 2020 594 2090 σχῆμα,
628 2022 720 2073 καὶ
750 2022 783 2091 ἡ
815 2020 1101 2074 ἀντιτυπία
1130 2021 1223 2073 καὶ
1339 2020 1637 2082 διάστασις,
1668 2021 1763 2072 καί

204 2116 253 2166 τὸ
284 2112 456 2181 βάρος,
483 2113 579 2167 καὶ
603 2112 669 2165 τὰ
689 2112 849 2165 λοιπά
886 2112 992 2163 τῶν
1030 2112 1332 2181 ἰδιωμάτων
1356 2112 1417 2163 οὑ
1452 2111 1767 2181 πρόσεστιν,

202 2206 410 2258 ἕκαστον
437 2204 495 2255 δὲ
532 2204 735 2256 τούτων
783 2203 938 2273 σῶμα
987 2204 1086 2255 οὑκ
1132 2203 1298 2263 ἐστιν,
1340 2202 1453 2255 ἀλλ’
1500 2202 1683 2273 ἕτερόν
1711 2219 1763 2254 τι

203 2295 339 2365 παρά
380 2294 440 2346 τὸ
484 2294 668 2363 σῶμα,
720 2295 855 2347 κατὰ
898 2294 957 2346 τὸ
1003 2292 1200 2357 ἰδιάζον
1246 2294 1592 2364 εὑρίσκεται·
1622 2292 1835 2365 εὖτωίη

198 2387 326 2439 κατὰ
369 2387 427 2438 τὸ
467 2386 841 2456 ἀντίστροφον,
871 2386 1001 2437 ὅπου
1030 2386 1074 2437 δ’
1117 2386 1182 2438 ἂν
1209 2386 1487 2456 συνδράμῃ
1525 2384 1593 2437 τά
1617 2388 1775 2455 εἰρη-.

202 2479 342 2548 μένα,
373 2478 469 2538 τὴν
504 2477 818 2547 σωματικὴν
845 2477 1140 2530 ὑπόστασιν
1171 2476 1559 2545 ἀπεργάζεται.
1606 2475 1765 2528 Ἀλλά

202 2570 296 2637 μὴν
325 2571 373 2619 εἰ
407 2566 576 2638 νοητὴ
602 2567 709 2619 τῶν
746 2566 1045 2635 ἰδιωμάτων
1092 2566 1293 2619 τούτων
1336 2568 1369 2636 ἡ
1416 2566 1761 2636 κατανόησις,

196 2659 367 2728 νοητὸν
386 2659 439 2711 δὲ
469 2661 539 2727 τῇ
570 2658 727 2727 φύσει
756 2660 815 2710 τὸ
852 2658 1004 2710 Θεῖον
1024 2674 1039 2689 ⁸
1082 2659 1232 2711 οὐδὲν
1276 2659 1520 2721 ἀπεικὸς,
1565 2659 1630 2711 ἐκ
1666 2659 1765 2727 τῆς

192 2752 467 2819 ἀσωμάτου
507 2751 724 2820 φύσεως
758 2751 855 2813 τὰς
886 2750 1077 2820 νοερᾶς
1123 2750 1321 2813 ταύτας
1352 2750 1603 2820 ἀφορμὰς
1628 2748 1795 2819 πρὸςῗ
1824 2766 1829 2777 ί

192 2842 282 2911 τὴν
308 2841 413 2894 τῶν
452 2842 725 2912 σωμάτων
760 2842 969 2910 γένεσιν
1003 2843 1321 2909 ὑποστῆναι,
1361 2842 1459 2907 τῆς
1504 2841 1601 2909 μὲν
1642 2857 1765 2908 νοη-

190 2934 282 3002 τῆς
314 2933 528 3003 φύσεως
564 2934 660 2995 τὰς
688 2935 880 3004 νοητὰς
916 2934 1227 3002 ὑφιστώσης
1268 2932 1542 3001 δυνάμεις,
1574 2932 1673 2999 τῆς
1706 2931 1764 2982 δὲ

189 3024 379 3075 τούτων
405 3024 544 3095 πρὸς
569 3024 769 3092 ἄλληλα
797 3024 1097 3095 συνδρομῆς
1123 3025 1220 3094 τὴν
1241 3022 1413 3092 ὑλώδη
1441 3022 1601 3090 φύσιν
1624 3034 1777 3092 παρ-’

187 3119 415 3187 αγούσης
453 3119 537 3180 εἰς
564 3117 796 3185 γένεσιν.
826 3115 983 3168 Ἀλλά
1022 3114 1193 3167 ταῦτα
1231 3114 1327 3183 μὲν
1358 3114 1497 3165 κατὰ
1525 3116 1585 3167 τὸ
1617 3114 1759 3184 πάρ-

188 3225 336 3279 εργον
375 3211 509 3278 ἡμῖν
555 3207 982 3278 παρεξετάσθω·
1032 3208 1163 3277 ἡμῖν
1206 3206 1263 3257 δὲ
1308 3206 1469 3259 πάλιν
1518 3206 1610 3258 ἐπὶ
1662 3206 1760 3277 τὴν
1814 3212 1817 3217 ‘

186 3302 355 3350 πίστιν
401 3300 741 3353 ὲπανακτὲον
777 3298 867 3349 τὸν
907 3298 1082 3366 λόγον,
1124 3298 1190 3351 δι’
1227 3292 1295 3369 ἧς
1340 3297 1402 3348 ἐκ
1454 3313 1509 3349 τε
1546 3300 1639 3350 τοῦ
1682 3299 1754 3369 μὴ
1782 3294 1824 3349 C

185 3396 325 3458 ὄντος
366 3396 673 3465 ὑποστῆναι
723 3395 783 3447 τὸ
832 3395 939 3447 πᾶν
984 3392 1303 3464 ἐδεξάμεθα,
1340 3396 1432 3447 καί
1482 3393 1641 3447 πάλιν
1678 3395 1756 3453 εἰς

184 3486 341 3556 ἄλλην
380 3487 505 3539 τινὰ
554 3484 1082 3556 μεταστοιχειοῦσθαι
1124 3487 1453 3539 κατάστασιν
1484 3485 1632 3557 παρὰ
1658 3486 1756 3555 τῆς

184 3580 396 3649 Γραφῆς
429 3577 787 3649 διδαχθέντες,
821 3581 920 3633 οὑκ
947 3579 1374 3649 ἀμφιϐάλλομεν.

1864 2053 2064 2107 corpus
2099 2038 2326 2093 interire
2353 2039 2653 2094 videamus.
2690 2038 2825 2092 Nam
2869 2048 2931 2093 ut
2959 2055 3157 2110 corpus
3183 2056 3290 2094 non
3321 2051 3427 2105 est,

1865 2130 2007 2201 quod
2050 2131 2252 2196 colore,
2304 2130 2501 2197 forma,
2547 2131 2845 2199 soliditate,
2894 2134 3088 2201 spatio,
3134 2135 3429 2202 gravitate,

1865 2222 2144 2276 attributis
2186 2222 2401 2277 eaztcris
2440 2223 2726 2292 praeditum
2774 2238 2885 2276 non
2917 2234 3023 2286 est,
3051 2224 3197 2277 sicut
3227 2232 3281 2279 et
3314 2225 3441 2280 haec
3506 2220 3513 2227 ’

1864 2316 2076 2383 singula
2107 2330 2311 2385 corpus
2341 2329 2449 2368 non
2485 2323 2634 2381 sunt,
2674 2330 2800 2368 eum
2845 2330 2875 2367 a
2918 2329 3145 2384 corpore
3181 2330 3441 2370 seorsum-

1863 2407 2209 2461 considerata
2237 2407 2501 2476 distingui
2535 2409 2750 2477 possint
2779 2426 2791 2461 :
2828 2408 2909 2462 sic
2940 2422 2971 2461 e
3010 2406 3313 2472 contrario,
3338 2408 3442 2462 ubi

1862 2513 1925 2553 ea
1964 2513 2088 2567 qua:
2126 2499 2509 2554 recensuimus
2534 2506 2757 2565 coeunt,
2802 2513 3000 2568 corpus
3030 2500 3288 2554 constitui
3333 2514 3435 2555 ne-

1862 2604 2017 2644 cesse
2037 2598 2141 2643 est.
2168 2589 2374 2643 Horum
2395 2598 2576 2645 autem
2608 2592 2858 2660 corporis
2890 2592 3277 2645 attributorum
3299 2607 3437 2648 con-

1864 2684 2124 2742 sideratio
2148 2684 2192 2737 si
2226 2688 2425 2739 mentis
2451 2684 2712 2739 facultate
2741 2686 2817 2747 fit,
2841 2700 2901 2739 ac
2925 2684 3018 2746 Dei
3047 2686 3441 2740 etiamnatura

1840 2782 2045 2829 ‘mente
2082 2785 2292 2829 tantum
2341 2777 2823 2846 comprehenditur
2860 2797 2872 2831 :
2912 2794 3021 2831 non
3063 2778 3362 2831 abhorrens
3402 2792 3433 2829 a

1864 2884 1991 2923 vero
2041 2871 2377 2924 censendum
2403 2880 2508 2935 est,
2541 2870 2584 2923 si
2620 2869 2867 2923 dicamus
2899 2885 2928 2923 a
2964 2878 3155 2923 natura
3186 2869 3435 2938 corporis

1862 2966 2085 3026 experte
2130 2961 2260 3012 oriri
2309 2959 2579 3029 principia
2627 2960 2797 3013 menti
2837 2968 3202 3014 consentanea
3248 2974 3431 3028 posse,

1862 3051 1929 3104 de
1969 3051 2171 3119 quibus
2220 3050 2416 3104 deinde
2458 3065 2692 3119 corpora
2727 3051 3134 3104 constituantur
3179 3068 3192 3103 :
3237 3056 3434 3102 natura

1861 3158 1982 3211 quae
2032 3153 2216 3197 mente
2258 3142 2581 3213 percipitur,
2637 3141 2925 3197 facultates
2967 3142 3070 3195 sibi
3118 3141 3440 3196 consimiles

1861 3235 2138 3290 excitante
2198 3253 2212 3290 :
2262 3250 2494 3304 quarum
2540 3232 2737 3288 deinde
2772 3248 3044 3287 concursu
3099 3245 3290 3287 mutuo
3321 3248 3437 3294 res,

1858 3344 1978 3396 qua:
2017 3344 2082 3381 ex
2116 3327 2343 3382 materie
2382 3334 2620 3391 constat,
2656 3328 2851 3381 oritur.
2894 3325 3095 3381 Verum
3132 3327 3246 3380 hare
3267 3326 3433 3379 animi

1856 3435 2023 3473 causa
2071 3428 2227 3473 extra
2259 3419 2567 3473 institutum
2614 3435 2643 3471 a
2685 3420 2845 3473 nobis
2880 3418 3206 3487 investigata
3252 3418 3434 3486 putari

1858 3512 2077 3565 debent.
2107 3511 2319 3565 Idcirco
2356 3510 2467 3580 jam
2497 3510 2805 3565 revocanda
2836 3510 2987 3563 illam
3020 3510 3086 3563 ad
3123 3509 3436 3579 persuasio-

1824 3618 1982 3677 (mem
2022 3610 2105 3656 est
2156 3602 2353 3663 oratio,
2400 3617 2508 3671 qua
2548 3603 2614 3654 de
2658 3602 2833 3655 nihilo
2875 3600 3071 3656 factam
3101 3617 3222 3655 esse
3254 3615 3435 3655 rerum

182 3695 615 3759 universitatem,
640 3702 693 3749 et
716 3710 835 3749 eam
878 3694 1117 3749 vicissim
1145 3694 1197 3747 in
1223 3694 1388 3747 alium
1421 3701 1624 3748 statum
1647 3674 2089 3751 commutandam
2124 3709 2269 3761 esse,
2302 3701 2361 3747 ut
2397 3709 2462 3747 ex
2515 3694 2761 3748 doctrina
2797 3708 3071 3749 sacrarum
3108 3691 3436 3747 Litterarum

183 3792 515 3861 accepimus,
545 3794 620 3845 ita
638 3806 853 3845 omnem
883 3796 1034 3844 extra
1060 3788 1451 3844 dubitationem
1483 3790 1761 3859 ponimus.

694 3902 1086 3957 ΚΕΦΑΛΑΙΘΝ
1117 3904 1244 3955 KE'.

186 4019 302 4084 Πῶς
336 4019 414 4069 ἀν
444 4035 538 4084 τις
565 4017 660 4070 καὶ
704 4016 820 4068 τῶν
858 4017 1077 4078 ἔξωθεν
1118 4016 1763 4082 προσαχθείηιπιστεῦ-

243 4106 347 4141 σαι
391 4088 483 4176 ’τῇ
537 4086 749 4155 Γραφῇ
805 4088 935 4154 περὶ
993 4084 1102 4154 τῆς
1162 4085 1549 4150 ἀναστάσεως
1597 4085 1760 4139 διδα-

249 4176 519 4226 σκουσῃ.

267 4250 405 4301 Ἀλλ’
450 4252 585 4309 ἴσως
627 4265 710 4307 τις
752 4248 885 4318 πρὸς
920 4248 989 4300 τά
1033 4248 1345 4300 διαλυθέντα
1392 4246 1616 4317 σώματα
1650 4245 1768 4316 βλέ-
1838 4286 1845 4291 η

184 4360 316 4403 πων,
344 4343 439 4395 καὶ
474 4341 613 4411 πρὸς
639 4340 697 4391 τὸ
729 4340 921 4411 μέτρον
944 4340 1039 4410 τῆς
1064 4340 1194 4403 ἰδίας
1234 4339 1509 4407 δυνάμεως
1534 4338 1593 4391 τὸ
1616 4338 1767 4391 Θείον

178 4432 398 4502 κρίνων,
436 4432 533 4483 τὸν
582 4432 681 4498 τῆς
719 4431 1060 4493 ἀναστάσεως
1105 4430 1259 4497 λόγον
1313 4429 1569 4481 ἀδύνατον
1611 4427 1748 4485 εἷναί

178 4539 327 4590 φησι,
354 4523 452 4573 καὶ
486 4520 779 4589 στήσεσθαι
808 4519 875 4571 τὰ
896 4518 989 4571 νῦν
1012 4518 1321 4587 κινούμενα,
1348 4520 1439 4571 καὶ
1466 4519 1760 4589 ἀναστήσε-

178 4613 318 4666 σθαι·
346 4613 416 4665 τά
433 4612 533 4665 νῦν
562 4611 635 4680 μὴ
661 4610 947 4679 κινούμενα
977 4610 1049 4679 μὴ
1077 4608 1382 4679 ἐνδέχεσθαι
1404 4610 1594 4677 λέγων·
1614 4610 1766 4662 ἀλλ’ό

175 4705 417 4767 τοιοῦτος
454 4704 675 4773 πρῶτον
713 4702 807 4769 μὲν
847 4702 938 4753 καί
984 4700 1234 4770 μέγιστον
1280 4700 1532 4753 ποιείσθω
1560 4700 1767 4771 τεκμή·

2424 3879 2654 3936 CAPUT
2697 3878 2866 3934 XXV.

1868 4006 1986 4072 Quo
2024 4017 2177 4072 pacto
2215 4007 2330 4073 quis
2360 4007 2517 4059 etiam
2552 4007 2757 4060 alienus
2802 4023 2834 4058 a
2875 4004 3117 4059 doctrina
3164 4005 3434 4069 Ecclesiw,

1938 4078 2105 4136 possit
2151 4076 2365 4136 adduci.
2410 4088 2467 4129 ut
2513 4077 2727 4131 Litteris
2768 4079 2964 4141 sacris,
3007 4078 3436 4130 resurrectionem

1937 4162 2001 4200 ex
2046 4148 2267 4201 mortuis
2316 4148 2427 4215 fore
2466 4147 2871 4215 afﬁrmantibus,
2914 4149 3072 4218 ﬁdem
3120 4146 3326 4200 habeat.

1934 4240 2137 4293 Verum
2181 4238 2347 4293 fuerit
2402 4238 2602 4307 aliquis
2639 4238 2894 4301 fortasse,
2941 4240 3041 4309 qui
3076 4254 3304 4310 corpora
3340 4254 3438 4309 per

1867 4329 2151 4383 interitum
2197 4328 2461 4396 dissipata
2492 4328 2873 4395 considerans,
2909 4338 2961 4383 et
2997 4346 3107 4385 suae
3152 4330 3439 4399 potestatis

1866 4420 2088 4475 modulo
2119 4420 2358 4474 divinam
2392 4421 2642 4482 metiens,
2684 4419 2801 4473 fieri
2836 4436 2944 4474 non
2980 4438 3141 4491 posse
3172 4429 3344 4491 putet,
3379 4430 3439 4474 ut

1867 4527 1931 4565 ex
1958 4514 2185 4567 mortuis
2206 4528 2581 4583 resnrgamus,
2615 4522 2678 4566 ac
2706 4530 2794 4569 res
2818 4530 2939 4583 qua:
2974 4524 3257 4569 moventur
3282 4516 3453 4584 quie--

1872 4612 2053 4666 scant,
2076 4620 2304 4675 qumque
2338 4622 2485 4659 nunc
2521 4615 2667 4659 metu
2692 4614 2901 4670 carent,
2934 4608 3264 4661 excitentur.
3299 4607 3437 4661 lluic

1870 4696 1919 4748 id
1954 4696 2187 4764 primum
2222 4706 2545 4766 argumento
2579 4698 2674 4761 sit,
2709 4698 2935 4752 omnino
2974 4697 3213 4752 futuram
3254 4714 3438 4754 resur-

179 4812 290 4864 ριον
318 4795 423 4861 τῆς
461 4793 607 4847 κατά
636 4793 731 4863 τὴν
760 4794 1050 4845 ἀνάστασιν
1078 4790 1351 4862 ἀληθείας,
1377 4790 1438 4843 τὸ
1469 4790 1561 4842 τοῦ
1594 4790 1764 4861 κηρύ-

1870 4787 2166 4840 rectionem
2201 4806 2213 4841 :
2261 4788 2407 4857 quod
2449 4789 2778 4845 certissimis
2820 4798 2904 4846 est
2935 4792 3174 4845 oraculis
3208 4806 3269 4846 ea
3304 4808 3439 4860 pra:-

176 4901 383 4952 γματος
437 4885 614 4954 αὑτῆς
651 4883 991 4947 ἀξιόπιστον·
1026 4884 1059 4951 ἡ
1096 4883 1152 4934 δὲ
1201 4881 1303 4933 τῶν
1345 4882 1647 4951 λεγομένων
1680 4882 1766 4933 πί-

178 4991 287 5039 στις
320 4980 387 5028 ἐκ
418 4976 525 5046 τῆς
558 4976 665 5028 τῶν
693 4975 891 5027 λοιπῶν
917 4974 1022 5027 τῶν
1048 4974 1459 5045 προρρηθέντων
1489 4974 1763 5035 ἐκϐάσεως

174 5068 231 5118 τὸ
253 5069 509 5138 ἀσφαλὲς
541 5048 677 5137 ἔχει.⁸
710 5067 923 5137 Ἐπειδὴ
954 5066 1060 5137 γὰρ
1105 5066 1325 5129 πολλούς
1364 5083 1418 5117 τε
1449 5067 1542 5118 καί
1571 5083 1761 5117 παντο-

175 5157 376 5222 δαποὺς
409 5160 687 5230 παρέθετο
710 5159 899 5227 λόγους
925 5161 957 5229 ἡ
990 5159 1105 5211 θεία
1134 5157 1341 5229 Γραφὴ,
1373 5156 1590 5209 δυνατόν
1617 5159 1763 5209 ἐστιν

174 5252 318 5315 ὅπως
340 5252 411 5303 ἂν
440 5252 547 5322 ἔχῃ
570 5250 795 5320 ψεύδους
816 5252 847 5323 ἢ
870 5251 1121 5322 ἀληθείας
1136 5251 1202 5304 τὰ
1224 5250 1381 5302 λοιπὰ
1409 5250 1514 5302 τῶν
1544 5251 1659 5319 εἰρη
1670 5248 1763 5318 μέ-

176 5360 277 5395 νων
301 5343 708 5413 θεασαμένους,
732 5342 796 5396 δι⁹
818 5344 1035 5395 ἐκείνων
1059 5343 1149 5394 καί
1172 5342 1232 5394 τὸ
1259 5342 1383 5412 περὶ
1410 5341 1508 5411 τῆς
1528 5341 1761 5393 ἀναστά-

177 5450 309 5495 σεως
349 5435 542 5503 δόγμα
584 5435 932 5502 κατανοῆσαι.
980 5434 1039 5485 Εἰ
1077 5433 1172 5502 μὲν
1202 5434 1307 5503 γὰρ
1349 5434 1404 5485 ὲν
1446 5435 1555 5494 τοῖς
1584 5431 1763 5492 ἀλλοις

175 5523 392 5590 ψευδεῖς
420 5527 475 5576 οἰ
507 5524 676 5592 λόγοι,
708 5526 799 5578 καί
819 5524 1194 5593 διεσφαλμένοι
1215 5525 1311 5593 τῆς
1345 5520 1595 5592 ἀληθείας
1616 5522 1764 5589 ἐλέγ-

172 5632 379 5683 χονται,
406 5614 542 5667 οὑδὲ
562 5613 717 5666 τοῦτο
750 5614 964 5677 πάντως
995 5612 1148 5676 ἐκτὸς
1178 5613 1403 5683 ψεύδους
1433 5614 1598 5667 ἐστίν.
1620 5614 1680 5665 Εἰ
1708 5612 1765 5664 δὲ

172 5705 239 5759 τὰ
259 5706 400 5758 ἄλλα
434 5706 620 5759 πάντα
652 5705 1028 5776 μαρτυροῦσαν
1050 5705 1160 5775 ἔχει
1183 5709 1246 5777 τῇ
1275 5704 1499 5776 ἀληθείᾳ
1528 5704 1623 5775 τὴν
1653 5707 1768 5756 πεῖ-

177 5795 634 5865 ραν,“ἀκόλουθον
677 5795 743 5848 ἂν
775 5797 857 5867 εἴη
884 5798 949 5850 δι’
982 5798 1201 5851 ἐκείνων
1244 5800 1335 5850 καὶ
1362 5800 1461 5867 τὴν
1513 5799 1637 5865 περί
1667 5798 1764 5867 τῆς

176 5888 547 5949 ἀναστάσεως
577 5887 876 5957 πρόρρησιν
919 5888 1089 5959 ἀληθῆ
1124 5889 1371 5959 νομίσαι.
1403 5887 1610 5941 υὺκοῦν
1644 5889 1761 5941 ἐπι-

1866 4878 2031 4945 dicta,
2074 4895 2194 4949 quae
2231 4896 2357 4935 vera
2388 4897 2510 4936 esse
2542 4881 2609 4937 de
2639 4881 2742 4935 hoc
2776 4884 2940 4937 statui
2971 4891 3172 4952 potest,
3210 4884 3353 4954 quod
3385 4892 3441 4939 ct

1869 4980 2065 5024 caetera
2137 4969 2227 5025 Dei
2279 4972 2532 5025 vaticinia
2587 4983 2819 5028 eventus
2874 4973 2992 5043 ipse
3041 4975 3435 5043 comprobavit.

1868 5058 2001 5111 Nam
2040 5076 2161 5113 cum
2206 5062 2373 5113 multa
2407 5063 2521 5116 sint
2566 5077 2630 5115 ac
2671 5062 2819 5115 varia
2860 5064 3031 5118 sacris
3061 5062 3283 5118 Litteris
3314 5080 3439 5132 pro.

1870 5151 2000 5211 dita,
2036 5152 2079 5203 si
2110 5167 2171 5204 ea
2192 5152 2274 5205 vel
2306 5152 2439 5206 falsa
2471 5154 2552 5207 vel
2586 5170 2710 5208 vera
2733 5170 2856 5211 esse
2877 5154 3395 5224 deprehenderimus
3420 5174 3449 5209 εν

1868 5242 2052 5297 licebit
2085 5251 2139 5297 et
2168 5243 2234 5297 de
2265 5245 2687 5301 resurrectionis
2727 5247 2975 5301 doctrina
3026 5247 3249 5316 perinde
3276 5254 3437 5315 atque

1869 5334 1934 5388 de
1951 5336 2029 5389 eis
2062 5336 2399 5391 existimare.
2434 5337 2568 5390 Nam
2617 5338 2662 5392 si
2705 5345 2897 5391 caetera
2930 5338 3063 5391 falsa
3088 5347 3233 5401 sunt,
3277 5348 3437 5405 atque

1870 5441 1899 5477 a
1941 5428 2170 5480 veritate
2210 5428 2560 5481 abhorrentia
2596 5447 2608 5481 :
2640 5430 2803 5483 etiam
2838 5428 2953 5482 hazc
2993 5427 3278 5482 mendacio
3327 5443 3433 5481 non

1868 5516 2091 5569 carebit.
2150 5516 2244 5569 Sin
2299 5519 2481 5571 omnia
2535 5534 2663 5571 vera
2724 5531 2866 5582 esse,
2927 5518 3045 5586 ipsa
3101 5516 3435 5585 experientia

1869 5614 2241 5667 testimonium
2290 5616 2643 5683 perhibente,
2695 5622 2958 5667 constat:
3006 5619 3434 5666 consentaneum

1868 5706 2081 5759 veritati
2119 5706 2284 5759 etiam
2321 5707 2423 5760 hoc
2453 5707 2519 5760 de
2552 5708 2953 5760 resurrectione
2985 5703 3303 5759 vaticinium
3338 5718 3436 5773 pn-

1870 5796 2092 5849 tandum
2124 5798 2248 5850 erit.
2292 5796 2630 5851 Revocemus
2656 5811 2785 5866 ergo
2829 5796 2986 5850 nobis
3020 5795 3075 5849 in
3116 5795 3435 5849 memoriam

1872 5904 2037 5942 unum
2081 5897 2242 5959 atque
2281 5889 2511 5945 alterum
2559 5905 2625 5944 ex
2660 5889 2750 5953 iis,
2799 5903 2919 5960 quae
2970 5896 3094 5945 ante
3131 5897 3259 5943 sunt
3303 5882 3441 5939 divi-
