3996 6482
513 441 619 496 315
1752 441 1810 497 S.
1837 441 2162 498 GRECORII
2218 441 2511 498 NYSSENI
3633 435 3739 491 216

516 558 666 610 nitus
721 554 1066 620 denuntiata,
1125 563 1180 609 et
1229 563 1423 610 eventa
1469 571 1592 611 cum
1631 557 2068 628 praedictionibus

2180 559 2503 630 μνησθῶμεν
2537 556 2654 618 ἑνὸς
2681 555 2714 624 ἢ
2745 553 2886 606 δυοῖν
2919 551 3026 606 τῶν
3047 547 3628 623 προκατηγγελμένων,
3646 551 3744 602 καὶ

514 648 882 707 conferamus,
912 656 971 700 ut
997 663 1063 700 ex
1108 647 1217 702 illis
1256 662 1675 717 cognoscamus,
1706 665 1939 706 verusne
1969 653 2071 705 hac

516 741 678 793 etiam
731 741 789 793 in
837 746 990 808 parte
1032 738 1254 796 divinus
1295 756 1475 795 sermo
1526 743 1597 795 sit
1648 742 2068 797 existimandus.

513 830 647 931 Quis
673 841 757 885 est
779 831 869 899 qui
893 829 1122 894 nesciat,
1152 846 1313 900 quam
1343 832 1473 884 olim
1507 832 1928 886 Israeliticoruin
1965 847 2069 884 na-

514 921 590 974 tio
645 935 825 973 rerum
876 922 1120 974 omnium
1169 922 1341 992 copiis
1393 921 1676 988 ﬂoruerit,
1727 937 1849 977 cum
1908 923 2071 978 etiam

515 1012 775 1072 adversus
807 1012 955 1066 orbis
1001 1013 1228 1082 imperia
1257 1021 1450 1068 caztera
1481 1014 1878 1082 consurgeret?
1909 1029 2072 1082 quam

513 1105 770 1171 praclara
818 1103 1208 1175 Hierosolymis
1237 1115 1393 1159 erant
1425 1105 1658 1174 palatia?
1690 1105 1927 1158 mmnia?
1956 1115 2072 1158 tur-

514 1211 602 1250 res
621 1196 642 1247 ?
661 1211 784 1264 qua:
813 1197 998 1264 templi
1022 1195 1462 1265 magnificentia?
1486 1196 1633 1264 ipsos
1664 1193 1874 1248 Domini
1915 1195 2074 1250 disci-

512 1288 671 1356 pulos
733 1289 841 1342 δαῖε
897 1289 1254 1342 admiratione
1303 1287 1463 1358 digna
1507 1289 1791 1342 censuisse
1835 1297 2067 1343 constat.

511 1375 645 1430 Nam
697 1378 930 1447 quodam
975 1377 1150 1432 affecti
1211 1386 1432 1446 stupore
1485 1379 1801 1444 dehorum
1845 1379 2068 1447 intuitu,

512 1467 802 1521 Dominum
860 1469 1022 1523 etiam
1064 1468 1150 1522 his
1197 1469 1378 1524 verbis
1433 1470 1497 1522 ad
1559 1469 2069 1538 contemplationem

512 1560 833 1625 invitaruut,
882 1560 1332 1630 quemadmodum
1367 1568 1450 1615 est
1489 1576 1645 1616 sacro
1693 1561 1747 1614 iu
1782 1561 2071 1631 Evangelio

511 1650 781 1718 proditum
823 1669 836 1702 :
881 1668 898 1700 ι
929 1650 1138 1716 Quanta
1178 1651 1292 1705 haec
1319 1665 1480 1718 opera
1507 1658 1654 1712 sunt.
1679 1663 1896 1720 quantae
1922 1667 2068 1706 Stru-

511 1747 679 1792 ctura:
720 1739 764 1770 ⁸⁵
790 1740 1113 1795 “Dominus
1147 1750 1326 1794 autem
1371 1749 1425 1794 et
1459 1738 1574 1794 fore
1604 1741 1696 1793 illo
1726 1741 1779 1794 in
1828 1741 1948 1794 loco
1977 1757 2072 1795 va-

511 1837 650 1882 stam
670 1827 1018 1882 solitudinem
1041 1828 1399 1896 demonstrat,
1419 1840 1472 1885 et
1487 1831 1810 1900 elegantiam
1831 1841 2071 1886 structu-

2173 651 2628 722 ἀντιπαραθῶμεν
2652 651 2764 710 τοῖς
2791 645 3147 718 προρρηθεῖσι
3184 646 3282 715 τὴν
3310 643 3532 698 ἔκϐασιν
3552 683 3566 707 ,
3598 642 3745 695 ὥστε

2172 744 2372 812 γνῶναι
2400 744 2466 796 δι’
2495 741 2691 804 αὑτῶν,
2721 742 2770 793 εί
2794 739 2928 811 πρὸς
2961 738 3058 810 τὴν
3083 736 3336 808 ἀλήθειαν
3364 737 3392 789 ό
3422 736 3580 804 λόγος
3616 733 3742 804 βλέ-

2172 853 2282 889 πει.
2324 835 2420 898 Τίς
2470 834 2570 886 οὑκ
2615 833 2753 885 οἶδεν
2790 832 2936 894 ὅπως
2968 830 3117 901 ἤνθει
3151 828 3290 882 κατά
3333 827 3396 880 τὸ
3438 829 3665 898 ἀρχαῖον
3714 827 3746 879 ό

2183 925 2519 997 Ἰσραηλίτης
2545 923 2693 986 λαὸς,
2731 922 2928 984 πάσαις
2961 923 3080 984 ταῖς
3109 919 3251 974 κατὰ
3293 918 3390 989 τὴν
3416 919 3746 986 οἰκουμένην

2170 1018 2505 1079 δυναστείαις
2529 1015 3004 1085 ἀντεγειρόμενος;
3032 1007 3120 1066 οἷα
3138 1008 3205 1081 ἦν
3229 1011 3297 1064 τὰ
3327 1011 3568 1080 βασίλεια
3601 1009 3746 1062 κατὰ

2171 1112 2266 1181 τὴν
2287 1109 2395 1162 τῶν
2423 1109 2487 1160 Ὶε
2497 1106 2682 1178 ροσολύ
2692 1124 2807 1176 μων
2830 1105 2981 1157 πόλιν
2999 1122 3012 1167 ;
3030 1099 3116 1156 οἷα
3145 1103 3214 1156 τὰ
3231 1103 3382 1173 τείχη
3402 1120 3418 1168 ;
3438 1103 3486 1154 οἱ
3504 1102 3704 1171 πύργοι
3725 1117 3742 1162 ;
3831 1172 3834 1174 γ

2171 1205 2204 1272 ἡ
2237 1200 2328 1254 τοῦ
2373 1199 2520 1270 ἱεροῦ
2573 1197 2972 1269 μεγαλουργία;
3019 1197 3160 1267 άπερ
3199 1195 3294 1248 καὶ
3322 1197 3434 1257 τοῖς
3469 1193 3746 1264 μαθηταῖς

2169 1290 2261 1343 τοῦ
2298 1289 2500 1360 Κυρίου
2543 1289 2667 1353 ἀξια
2702 1285 2974 1356 θαύματος
3012 1283 3289 1354 ἐνομίσθη,
3335 1282 3430 1336 καὶ
3457 1282 3745 1334 κατανοεῖν

2173 1380 2386 1446 ἀξιοῦσι
2414 1379 2505 1432 τὸν
2533 1379 2758 1449 Κύριον,
2785 1374 3169 1445 θαυμαστικῶς
3197 1375 3326 1446 περὶ
3345 1374 3411 1426 τὰ
3441 1372 3747 1442 φαινόμενα

2170 1470 2500 1533 διατεθέντες
2519 1511 2534 1536 ,
2564 1470 2639 1531 ὡς
2667 1469 2700 1538 ἡ
2736 1465 2828 1520 τοῦ
2859 1466 3185 1534 Εύαγγελίου
3215 1465 3420 1535 ἱστορία
3446 1463 3628 1534 δηλοῖ,
3658 1461 3746 1514 λέ-

2171 1579 2358 1631 γοντες
2386 1562 2519 1633 πρὸς
2549 1561 2709 1614 αὑτόν
2734 1577 2749 1591 ο
2784 1579 2802 1610 ι
2854 1557 3080 1612 Ποταπά
3105 1557 3173 1610 τὰ
3203 1555 3337 1626 ἔργα
3381 1554 3474 1608 καὶ
3502 1553 3748 1608 ποταπαὶ

2171 1657 2226 1709 αί
2259 1653 2575 1723 οἰκοδομαίί
2615 1673 2631 1703 ι
2676 1652 2704 1704 ὁ
2746 1651 2801 1703 δὲ
2843 1650 2939 1719 τὴν
2973 1649 3237 1719 ἐσομένην
3280 1648 3408 1716 περὶ
3445 1645 3536 1698 τὸν
3578 1646 3746 1698 τόπον

2172 1745 2480 1814 ἐρήμωσιν,
2515 1743 2608 1794 καὶ
2656 1742 2744 1794 τὸν
2783 1739 3084 1810 ἀφανισμὸν
3124 1737 3217 1792 τοῦ
3269 1737 3496 1798 κάλλους
3530 1735 3748 1788 ἐκείνου

2172 1833 2306 1902 πρὸς
2331 1835 2456 1894 τοὺς
2482 1832 2544 1883 τὸ
2574 1832 2744 1901 παρὸν
2777 1827 3152 1900 θαυμάζοντας
3176 1825 3536 1889 ὑπώείκνυσι,
3566 1825 3746 1891 λέγων

512 1934 585 1973 rae
630 1921 939 1975 universam
973 1922 1051 1975 sic
1093 1921 1431 1978 interituram
1480 1938 1622 1985 esse,
1660 1933 1718 1977 ut
1751 1939 1858 1978 non
1899 1927 2068 1979 multo

2174 1925 2338 1994 μηδὲν
2370 1924 2477 1976 τῶν
2507 1923 2845 1991 φαινομένων
2878 1921 2990 1991 μετ’
3020 1920 3194 1988 ὀλίγον
3228 1917 3745 1986 ὑπολειφθήσεσθαι.

511 2019 636 2080 post
664 2011 729 2065 de
751 2011 816 2064 iis
843 2026 964 2079 qua:
995 2019 1105 2064 tum
1136 2013 1606 2082 conspicerentur,
1634 2014 1765 2068 nihil
1800 2016 2068 2085 reliquum

511 2103 628 2157 fore
659 2104 991 2173 prmdiceret.
1037 2105 1181 2159 Idem
1214 2106 1462 2174 supplicii
1515 2109 1604 2161 sui
1650 2115 1913 2177 tempore.
1945 2124 2068 2162 cum

511 2194 767 2248 mulieres
813 2195 1086 2249 nonnulla:
1133 2204 1425 2264 sequentes
1467 2197 1683 2267 ipsum.
1737 2214 1859 2254 esse
1906 2200 2072 2254 latam

513 2283 773 2350 injustam
819 2285 1078 2340 adversus
1117 2285 1460 2341 innocentem
1510 2290 1832 2344 sententiam
1865 2290 2071 2344 lamen—

511 2375 679 2428 tando
732 2384 1091 2446 quererentur
1129 2395 1140 2430 :
1189 2378 1386 2448 quippe
1427 2379 1572 2448 quod
1619 2380 1849 2434 necdum
1901 2381 2070 2435 divini

511 2467 749 2525 consilii.
792 2483 901 2536 quo
939 2468 1130 2522 istbmc
1163 2467 1381 2533 fiebant,
1419 2485 1614 2525 causas
1651 2471 2020 2540 perspicerent
2054 2490 2066 2525 :

511 2574 666 2612 suam
693 2559 909 2628 quidem
935 2567 1133 2614 sortem
1165 2570 1221 2614 ut
1249 2561 1468 2615 minime
1491 2561 1834 2631 deplorarem
1866 2571 2068 2627 monet,

512 2665 672 2718 quam
710 2651 980 2720 deplorari
1031 2653 1110 2706 las
1138 2643 1246 2706 non
1285 2668 1407 2708 esse
1445 2671 1458 2706 :
1490 2654 1740 2722 querelas
1776 2662 1955 2708 autem
1993 2655 2070 2708 la-

511 2751 800 2812 mentaque
822 2743 1101 2799 difTerrent
1120 2745 1172 2799 in
1205 2746 1332 2799 illud
1359 2754 1572 2816 tempus
1602 2747 1748 2816 quod
1775 2755 1921 2801 esset
1946 2763 2069 2802 vere

513 2834 769 2904 lacrymis
793 2835 1146 2899 destinatum,
1175 2853 1283 2906 quo
1311 2839 1496 2892 urbem
1529 2839 1816 2894 obsidione
1838 2841 2068 2893 cincturi

508 2923 714 2989 hostes,
766 2933 820 2980 et
861 2931 1218 2997 oppugnaturi
1257 2938 1437 2983 essent
1470 2929 1516 2960 ⁸⁶
1549 2949 1562 2983 :
1591 2930 1859 2999 ejusmodi
1907 2931 2068 2987 mise-

509 3016 608 3070 riis
629 3017 900 3071 nationem
927 3020 1347 3074 lsraeliticorum
1374 3022 1514 3077 serie
1531 3023 1788 3076 continua
1802 3023 2069 3092 excipien-

509 3106 679 3171 tibus,
713 3113 772 3162 ut
801 3106 985 3164 felices
1022 3110 1363 3180 prazdicaturi
1405 3114 1516 3168 sint
1552 3129 1648 3168 eos
1689 3114 1783 3184 qui
1827 3115 2066 3171 sobolem

507 3198 709 3252 nullam
732 3211 1133 3268 procreassent.
1160 3203 1239 3258 Ac
1267 3204 1448 3260 verbis
1471 3204 1688 3274 quidem
1713 3205 1839 3272 illis,
1866 3206 2066 3276 quibus

2121 2007 2132 2017 ’
2185 2015 2340 2068 Ἀλλά
2369 2015 2465 2069 καὶ
2495 2013 2645 2084 παρά
2673 2013 2764 2065 τὸν
2791 2011 2885 2064 τοῦ
2920 2010 3122 2073 πάθους
3159 2008 3347 2080 καιρὸν
3371 2049 3386 2072 ,
3419 2010 3475 2060 αί
3507 2007 3609 2078 μὲν
3644 2023 3746 2073 γυ-

2171 2111 2352 2170 ναῖκες
2381 2104 2774 2176 ἐπηκολούθουν
2808 2103 3099 2174 θρηνοῦσαι
3135 2101 3231 2172 τὴν
3264 2101 3446 2154 ἄδικον
3475 2099 3563 2151 ἐπ’
3593 2094 3747 2167 αὑτῷ

2169 2201 2347 2271 ψῆφον
2372 2218 2384 2230 ·
2425 2199 2577 2252 οὑπω
2617 2199 2734 2269 ,γὰρ
2772 2199 2852 2260 εἰς
2898 2196 2996 2266 τὴν
3039 2195 3148 2248 τῶν
3201 2193 3500 2263 γινομένων
3537 2193 3748 2245 οἰκονο-

2175 2293 2298 2362 μίαν
2331 2290 2653 2344 ἁπέϐλεπον·
2694 2292 2722 2342 ό
2749 2290 2805 2342 δὲ
2847 2287 3199 2358 συμϐουλεύει
3241 2284 3311 2337 τά
3345 2284 3443 2354 μὲν
3489 2283 3617 2352 περὶ
3645 2281 3746 2335 c.6-

2169 2384 2260 2436 τὸν
2291 2383 2546 2453 γινόμενα
2575 2382 2783 2452 σιωπᾷν
2809 2395 2824 2410 ο
2854 2378 2986 2449 μηδὲ
3013 2379 3116 2447 γὰρ
3145 2373 3281 2430 εἶναι
3309 2373 3559 2445 δακρύων
3591 2372 3742 2436 ἀξίαν

2173 2472 2496 2543 ὑπερθέσθαι
2534 2471 2593 2524 δὲ
2627 2471 2716 2523 τὸν
2755 2469 2986 2540 ὀδυρμὸν
3023 2469 3117 2522 καὶ
3168 2466 3258 2519 τὸν
3292 2465 3487 2538 θρῆνον
3531 2464 3611 2525 είς
3649 2462 3746 2514 τὸν

2171 2565 2344 2634 άληθῆ
2386 2563 2493 2616 τῶν
2545 2562 2793 2632 δακρύων
2837 2559 3061 2630 καιρὸν,
3103 2559 3231 2611 ὅταν
3279 2553 3576 2625 περισχεθῇ
3631 2555 3745 2614 τοῖς

2173 2654 2547 2726 πολιορκοῦσιν
2573 2655 2605 2724 ἡ
2639 2652 2812 2715 πόλις,
2839 2653 2934 2704 καὶ
2963 2652 3040 2713 είς
3072 2646 3322 2702 τοσοῦτον
3352 2645 3577 2715 συνοχῆς
3611 2642 3743 2712 ἔλθῃ

2169 2748 2237 2801 τὰ
2271 2747 2439 2816 πάθη,
2477 2746 2551 2808 ὡς
2584 2746 2914 2816 μακάριστον
2951 2740 3196 2810 ἡγεῖσθαι
3237 2739 3328 2792 τὸν
3372 2737 3445 2807 μὴ
3470 2734 3746 2804 γεννώμε-

2171 2857 2276 2892 νον.
2320 2839 2407 2890 Ἐν
2433 2834 2514 2899 οἷς
2546 2837 2641 2888 καὶ
2668 2836 2728 2887 τὸ
2768 2835 2893 2904 περὶ
2933 2832 3028 2903 τὴν
3070 2829 3400 2898 τεκνοφάγον
3432 2827 3746 2897 πρωμήνυο

2171 2947 2261 2982 σεν
2298 2928 2449 2996 ἄγος,
2481 2927 2649 2979 εἰπὼν
2686 2921 3184 2995 μακαρισθήσεσθαι
3222 2919 3364 2974 κατά
3395 2917 3494 2980 τὰς
3527 2915 3747 2984 ἡμέρας

2168 3020 2381 3082 ὲκείνας
2421 3018 2519 3089 τὴν
2549 3017 2790 3087 γαστέρα
2823 3017 2920 3086 τὴν
2949 3015 3161 3082 ἄγονον.
3196 3010 3306 3066 Ποῦ
3345 3009 3522 3062 τοίνυν
3555 3008 3748 3059 ἐκεῖνα.

2167 3112 2237 3165 τὰ
2267 3111 2544 3181 βασίλεως
2578 3108 2680 3161 ποῦ
2709 3109 2768 3160 τὸ
2801 3107 2980 3176 ίερόν;
3013 3104 3114 3157 ποῦ
3136 3099 3230 3156 ’τὰ
3271 3101 3458 3170 τείχη;
3501 3097 3604 3150 ποῦ
3633 3096 3747 3150 τῶν

2169 3203 2392 3272 πύργων
2421 3202 2477 3252 αί
2499 3198 2789 3269 προϐολαί;
2818 3197 2918 3249 ποῦ
2943 3195 3000 3248 δὲ
3021 3197 3053 3265 ἡ
3075 3193 3181 3248 τῶν
3213 3189 3556 3262 Ἰσραηλιτῶν
3579 3188 3745 3240 δυνα-

507 3289 625 3344 fore
652 3292 1006 3356 vaticinatur,
1046 3303 1108 3348 ut
1139 3310 1205 3350 eo
1235 3305 1479 3368 tempore
1505 3297 1743 3354 sterilem
1777 3301 1957 3354 alvum
1988 3297 2063 3354 fe-

2170 3293 2351 3356 στείας
2397 3292 2494 3361 οὑχ
2544 3291 2719 3361 οἱμὲν
2765 3287 2902 3342 κατά
2947 3288 3124 3340 πᾶσαν
3168 3282 3360 3355 μικροῦ
3392 3281 3498 3334 δεῖν
3525 3279 3623 3350 τὴν
3663 3279 3749 3330 οξ-

507 3381 667 3436 licem
715 3384 827 3437 sint
867 3385 1231 3442 existimaturi
1275 3407 1288 3442 :
1337 3389 1585 3459 equidem
1622 3389 1853 3444 indicari
1885 3398 2068 3444 statuo

507 3471 700 3541 ingens
741 3473 872 3528 illud
922 3477 1170 3532 mulieris
1217 3479 1516 3548 piaculum.
1553 3495 1676 3550 quae
1726 3480 1819 3535 ﬁlii
1870 3481 1955 3536 sui
2009 3496 2069 3536 se

507 3565 770 3620 carnibus
807 3574 1157 3624 exsaturasse
1192 3571 1441 3624 traditur.
1480 3570 1580 3626 Ubi
1625 3587 1758 3642 ergo
1793 3588 1938 3626 nunc
1977 3572 2068 3626 illa

505 3657 765 3725 praeclara
815 3659 1048 3727 palatia!
1093 3662 1182 3716 ubi
1217 3663 1634 3731 templum?ubi
1683 3665 1924 3718 muenia?
1973 3665 2065 3719 ubi

506 3745 741 3798 turrium
772 3749 1322 3817 propugnacula?ubi
1377 3742 1740 3798 lsraelitarum
1800 3749 2068 3819 respubli-

505 3835 605 3888 ca?
635 3850 703 3891 an
731 3853 837 3891 non
867 3852 990 3893 esse
1017 3839 1140 3893 illos
1171 3855 1268 3909 per
1294 3842 1478 3896 orbem
1511 3858 1676 3914 prope
1697 3843 1924 3897 dixerim
1950 3843 2069 3896 uni-

503 3936 721 3978 versum
770 3941 995 3997 sparsos
1040 3929 1323 3984 videmus?
1367 3944 1433 3982 an
1479 3946 1582 3985 non
1616 3947 1722 3984 uua
1767 3947 1889 3986 cum
1933 3932 2066 3999 ipsis

504 4030 693 4069 eversa
719 4018 913 4085 palatia
935 4021 1099 4073 sunt?
1132 4022 1209 4074 Ac
1241 4021 1373 4073 mihi
1407 4022 1624 4091 quidem
1661 4023 1772 4076 haec
1805 4021 2067 4076 Dominus

504 4121 613 4159 non
632 4108 870 4177 ipsarum
892 4125 1068 4164 rerum
1087 4127 1249 4166 causa
1267 4114 1581 4183 praedixisse
1596 4113 1826 4178 videtur,
1851 4116 2066 4184 quando

505 4197 642 4251 nihil
675 4199 912 4256 habituri
948 4201 1230 4260 auditores
1245 4205 1598 4261 emolumenti
1616 4217 1854 4261 erantex
1877 4207 2067 4276 praedi-

2171 3384 2442 3454 κουμένην
2470 3383 2626 3444 ἄλλος
2659 3380 2865 3450 ἀλλαχῆ
2893 3377 3292 3448 διεσπάρησανς
3330 3375 3396 3444 τῇ
3441 3371 3499 3425 δὲ
3537 3369 3744 3422 τούτων

2173 3478 2521 3548 καταστροφῇ
2549 3471 2924 3544 συνηρειπώθη
2955 3471 3048 3524 καὶ
3067 3468 3137 3521 τά
3155 3466 3428 3538 βασίλεια;
3457 3463 3612 3516 Δοκεῖ
3633 3461 3743 3530 γάρ

2173 3586 2262 3640 μοι
2292 3569 2463 3621 ταῦτα
2491 3566 2584 3619 καὶ
2620 3564 2690 3618 τὰ
2714 3562 2936 3617 τοιαῦτα
2963 3558 3311 3633 προμηνῦσαι
3349 3556 3377 3608 ό
3417 3554 3618 3640 Κύριος
3637 3592 3654 3616 ,
3678 3551 3740 3604 οἱ

2169 3639 2277 3708 τῶν
2330 3653 2665 3725 πραγμάτων
2707 3651 2865 3722 χάριν
2923 3649 3014 3720 (τί
3057 3649 3164 3719 γάρ
3211 3644 3462 3699 τοσοῦτον
3511 3639 3577 3714 ἦν
3629 3642 3742 3701 τοῖς

2171 3746 2421 3800 ἀκούουσι
2465 3743 2651 3815 κέρδος
2678 3742 2785 3795 τῶν
2826 3742 3042 3803 πάντως
3083 3735 3466 3808 ἐκϐησομένων
3504 3734 3538 3803 ἡ
3571 3730 3741 3801 πρόρυ

2171 3843 2358 3909 ρησιςς
2391 3837 2632 3904 ἔγνωσαν
2662 3834 2769 3904 γὰρ
2794 3833 2859 3888 ἂν
2888 3835 2952 3903 τῇ
2989 3830 3172 3902 πείρᾳ,
3203 3828 3298 3881 καὶ
3328 3827 3401 3898 μὴ
3432 3821 3740 3896 προμαθόν-

2166 3949 2256 3995 τες
2307 3931 2368 3983 τὸ
2404 3928 2826 4000 γενησόμενον),
2861 3924 2972 3978 ἀλλ’
3011 3922 3150 3976 ὥστε
3181 3920 3272 3974 διά
3311 3918 3516 3971 τούτων
3561 3915 3739 3974 αὑτοῖς

2174 4023 2266 4076 καὶ
2300 4022 2396 4092 τὴν
2441 4021 2569 4092 περὶ
2605 4019 2712 4072 τῶν
2753 4017 3010 4089 μειζόνων
3064 4015 3244 4067 πίστιν
3286 4013 3365 4074 εἰς
3415 4005 3738 4062 ἀκολουθίαν

2171 4115 2360 4168 ἐλθεῖν.
2406 4113 2469 4165 Ἡ
2494 4112 2600 4183 γὰρ
2632 4114 2689 4163 ἐν
2721 4109 2928 4172 τούτοις
2959 4105 3046 4160 διὰ
3082 4105 3192 4158 τῶν
3225 4102 3398 4172 ἔργων
3432 4097 3736 4170 μαρτυρία,

2171 4207 2261 4260 καὶ
2291 4205 2389 4276 τῆς
2416 4205 2473 4258 ἐν
2502 4204 2726 4266 ἐκείνοις
2757 4201 3008 4271 ἀληθείας
3032 4200 3177 4253 ἐστὶν
3200 4195 3489 4261 ἀπόδειξις.

503 4288 720 4344 catione
747 4305 1105 4361 rerum,quas
1122 4302 1412 4348 eventuras
1449 4303 1598 4348 certo
1628 4296 1710 4350 vel
1745 4297 1861 4366 ipsa
1875 4295 2208 4365 experientia,
2245 4293 2515 4365 cognituri
2548 4292 2840 4363 aliquando
2863 4297 3069 4352 essent,
3091 4290 3253 4344 etiam
3294 4303 3401 4340 non
3422 4282 3734 4354 przedictas.

504 4381 599 4435 sed
632 4389 691 4435 ut
726 4398 791 4438 ex
819 4383 905 4438 bis
945 4400 1110 4454 porro
1137 4388 1545 4455 persuasionem
1575 4391 1864 4460 quamdam
1919 4388 2116 4444 animis
2157 4405 2343 4444 eorum
2363 4390 2429 4443 de
2442 4389 2606 4443 rebus
2625 4387 2794 4442 multo
2810 4385 3168 4457 amplioribus
3183 4377 3563 4437 inderet.Nam
3588 4377 3736 4448 quod

504 4471 698 4526 horum
717 4473 898 4528 exitus
919 4476 1256 4544 pradictioui
1275 4481 1576 4549 respondit,
1598 4481 1761 4536 etiam
1780 4484 1982 4554 reliqua
2004 4491 2154 4539 certo
2182 4485 2294 4538 fore
2323 4485 2685 4538 demonstrat.

573 4561 1038 4629 Quemadmodum
1087 4569 1252 4633 enim,
1287 4572 1334 4624 si
1383 4572 1634 4641 agricolae
1680 4577 1944 4630 seminum
1981 4577 2062 4631 fa-
2094 4580 2137 4634 D

503 4655 762 4709 cultatem
783 4657 1098 4724 explicanti.
1126 4658 1267 4715 forte
1295 4663 1513 4716 rustica:
1536 4664 1610 4718 rei
1637 4666 1762 4734 quis
1781 4668 2064 4736 imperitus

503 4746 665 4800 ﬁdem
701 4763 807 4802 non
851 4749 1050 4804 haheat
1081 4772 1092 4806 :
1136 4755 1272 4809 satis
1297 4756 1386 4811 ille
1411 4757 1515 4812 sibi
1547 4768 1700 4827 putat
1728 4761 1792 4815 ad
1820 4762 2066 4818 veritatis

503 4837 909 4903 iudicationem,
947 4858 1056 4896 uno
1088 4845 1140 4896 in
1177 4861 1345 4914 grano
1387 4849 1762 4904 universorum
1791 4868 1914 4922 qua:
1947 4871 2062 4907 mo-

501 4928 625 4984 dius
678 4932 939 4996 continet,
987 4935 1091 4986 vim
1148 4934 1570 5008 facultatemque
1615 4943 1906 4997 ostendere
1953 4959 2066 4999 :ac

499 5021 644 5089 quod
676 5021 744 5076 de
782 5037 893 5075 uno
945 5023 1196 5088 allirmet,
1239 5027 1379 5081 idem
1415 5031 1578 5084 etiam
1636 5033 1687 5085 in
1723 5037 1932 5089 caeteris
1977 5052 2062 5089 vc-

499 5129 619 5167 rum
661 5130 784 5168 esse
814 5115 1079 5184 polliceri.
1117 5117 1251 5172 Nam
1286 5121 1380 5190 qui
1413 5121 1481 5175 de
1512 5138 1624 5178 uno
1657 5126 1839 5194 aliquo
1872 5128 2059 5192 tritici,

497 5205 580 5258 vel
605 5205 815 5267 hordei,
852 5208 935 5261 vel
977 5209 1202 5264 alterius
1223 5209 1481 5266 frumenti
1514 5215 1674 5283 pleno
1703 5217 1883 5272 modio
1912 5233 2060 5271 com-

497 5296 753 5365 prehensi
787 5313 981 5368 grano,
1029 5302 1085 5354 in
1111 5301 1324 5371 glebam
1361 5304 1628 5372 conjecto,
1672 5308 1877 5375 spicam
1908 5310 2058 5362 nasci

497 5387 716 5450 viderit,
738 5387 884 5442 hunc
909 5391 1070 5443 etiam
1096 5392 1162 5445 de
1183 5393 1395 5448 caeteris
1425 5410 1764 5465 nequaquam
1808 5397 2060 5454 dubitare

498 5494 724 5534 necesse
765 5489 867 5534 cst.
913 5484 992 5533 lta
1036 5483 1169 5536 nihil
1202 5485 1411 5548 veritas
1441 5487 1668 5556 reliquis
1699 5487 1898 5543 divinis
1933 5505 2058 5543 ora-

504 5568 638 5622 culis
675 5570 1034 5638 respondens,
1077 5572 1242 5626 etiam
1270 5573 1418 5627 huic
1443 5576 1510 5630 de
1538 5579 1954 5634 resurrectione.
1974 5595 2060 5634 ar-

496 5673 646 5714 canae
661 5661 922 5716 doctrinae
952 5661 1108 5719 fidem
1139 5667 1434 5722 conciliare
1469 5669 1701 5724 videtur.
1737 5669 2058 5742 Quanquam

571 5835 614 5864 "
647 5833 811 5890 Marc.
857 5853 976 5904 xm,
1013 5841 1064 5894 l.
1147 5843 1192 5874 "
1225 5841 1357 5898 Luc.
1397 5861 1508 5912 xix,
1541 5845 1633 5899 45.
1705 5857 1714 5866 ‘

2237 4577 2442 4647 Ὥσπερ
2463 4575 2570 4646 γὰρ
2597 4575 2650 4628 εἴ
2672 4591 2814 4638 τινος
2845 4572 3088 4643 γεωργοῦ
3135 4572 3230 4641 τὴν
3264 4569 3369 4621 τῶν
3410 4567 3737 4638 σπερμάτων

2165 4669 2539 4740 ὑφηγουμένου
2571 4669 2818 4738 δύναμιν,
2848 4668 3096 4720 ἀπιστεῖν
3125 4663 3301 4733 συμϐῇ
3327 4661 3413 4713 τὸν
3439 4661 3536 4726 τῆς
3563 4675 3740 4727 γεωρ-

2168 4762 2292 4829 γίας
2319 4762 2631 4832 ἀπείρατον,
2665 4759 2944 4830 αὐτάρκης
2967 4759 3033 4811 ἂν
3064 4758 3142 4819 είς
3172 4753 3444 4819 ἀπόδειξιν
3469 4751 3568 4820 τῆς
3603 4749 3736 4818 ἀλη-

2170 4853 2317 4915 θείας
2345 4849 2410 4922 ἦν
2437 4853 2514 4923 τῷ
2539 4852 2793 4920 γεηπόνῳ
2819 4851 2876 4903 ὲν
2904 4849 2986 4902 ἐνὶ
3018 4849 3287 4918 σπέρματι
3316 4845 3421 4897 τῶν
3443 4845 3500 4894 ὲν
3529 4840 3609 4911 τῷ
3643 4857 3738 4910 μεί

2164 4943 2335 5012 δίμνῳ
2363 4942 2625 5013 κειμένων
2659 4940 2888 5004 δείξαντι
2921 4938 3019 5009 τὴν
3056 4936 3300 5006 δύναμιν,
3329 4933 3421 4986 καὶ
3468 4931 3596 5000 περὶ
3629 4929 3737 4981 τῶν

2166 5033 2366 5085 λοιπῶν
2394 5031 2710 5101 ἐγγυᾶσθαι.
2754 5032 2810 5083 Ὀ
2834 5029 2942 5100 γάρ
2972 5028 3090 5081 ἰδὼν
3119 5028 3206 5080 τὸν
3229 5026 3322 5078 ἕνα
3345 5023 3538 5094 πυρὸν,
3572 5021 3607 5092 ἢ
3640 5020 3735 5090 τὴν

2171 5127 2299 5194 μίαν
2322 5124 2534 5197 κριθὴν,
2561 5124 2594 5194 ἢ
2619 5125 2646 5176 ὃ
2673 5123 2723 5176 τί
2749 5139 2854 5193 περ
2887 5121 2952 5174 ἂν
2978 5122 3033 5172 ἐν
3061 5119 3138 5188 τῷ
3166 5114 3605 5186 πληρώματιτοῦ
3641 5130 3736 5183 με-

2165 5217 2350 5288 δίμνου
2374 5216 2532 5289 τύχῃ,
2561 5214 2698 5286 μετά
2725 5215 2784 5266 τὸ
2823 5210 3289 5280 ἐγκαταϐληθῆναι
3323 5209 3387 5277 τῇ
3417 5206 3572 5277 βώλῳ
3605 5205 3734 5257 στά-

2166 5327 2264 5379 χυν
2292 5309 2601 5378 γενόμενον,
2633 5305 2811 5358 οὐκέτι
2835 5304 2899 5357 ἂν
2927 5302 3014 5356 διὰ
3037 5301 3129 5353 τοῦ
3155 5300 3292 5362 ἐνὸς,
3325 5297 3444 5350 οὑδὲ
3473 5297 3602 5366 περὶ
3626 5295 3735 5347 τῶν

2167 5399 2366 5453 λοιπῶν
2409 5397 2780 5468 ἀπιστήσειεν.
2826 5393 3011 5456 Οὕτως
3059 5391 3216 5460 ἱκανή
3266 5406 3355 5460 μοι
3402 5388 3550 5440 δοκεῖ
3598 5387 3735 5456 πρὸς

2171 5491 2472 5562 μαρτυρίαν
2503 5487 2638 5542 εἶναι
2663 5487 2757 5541 τοῦ
2786 5488 2926 5540 κατά
2957 5487 3055 5557 τὴν
3088 5483 3376 5538 ἀνάστασιν
3410 5479 3731 5550 μυστηρίου,

2168 5587 2200 5654 ἡ
2250 5586 2360 5647 τοῖς
2425 5584 2629 5644 λοιποῖς
2687 5580 2794 5634 τῶν
2857 5579 3163 5650 εἰρημένων
3230 5571 3731 5643 συνομολογουμένη

2167 5674 2408 5746 ἀλήθεια.
2455 5673 2670 5728 Μᾶλλον
2713 5673 2770 5726 δὲ
2822 5671 2916 5726 καὶ
2950 5669 3117 5740 αὐτῆς
3163 5667 3266 5739 τῆς.
3303 5664 3652 5727 ἀναστάσεως
3696 5664 3729 5730 ἡ
