3996 6506
264 423 372 480 ΣΠ

1531 431 1618 486 DE
1658 430 1940 488 HOMINIS
1977 433 2289 494 OPlFlClO.

3412 432 3518 488 2i8

273 549 464 619 πεῖρα,
489 549 556 620 ἢν
582 548 642 602 οὑ
681 547 769 602 διὰ
809 549 978 618 λόγων
1003 550 1278 615 τοσοῦτον,
1302 553 1424 606 ὅσον
1448 552 1514 606 δι’
1543 553 1724 607 αὐτῶν
1747 553 1855 608 τῶν

1959 559 2130 627 magis
2177 560 2280 614 hoc
2330 559 2442 615 ﬁeri
2491 558 2745 629 equidem
2787 557 2950 613 credo
2986 571 3082 628 per
3125 555 3298 624 ipsam
3333 569 3516 609 rerum

271 641 454 712 ἔργων
487 639 854 711 ἐδιδάχθημεν.
903 641 1117 713 Ἐπειδὴ
1147 644 1254 714 γάρ
1293 643 1434 713 μέγα
1465 645 1561 697 καὶ
1584 645 1723 716 ὑπὲρ
1753 646 1846 698 πί-

275 749 396 784 στιν
422 727 488 801 ἦν
514 732 575 784 τὸ
608 731 746 784 κατὰ
785 730 884 802 τὴν
909 731 1204 786 ἀνάστασιν
1248 733 1454 804 θαῦμα,
1497 735 1584 789 διὰ
1616 736 1724 789 τῶν
1753 754 1853 791 κα·

271 823 525 892 τωτέρων
567 823 665 894 τῆς
693 823 1118 894 θαυματοποιίας
1153 825 1478 895 ἀρξάμενος,
1506 828 1692 898 ἡρέμα
1734 845 1850 890 πως

269 914 374 984 τὴν
410 914 589 967 πίστιν
623 914 779 984 ἡμῶν
823 911 1132 987 προσεθίζει
1161 919 1272 978 τοῖς
1314 916 1541 986 μείζοσι.
1585 920 1851 991 Καθάπερ

271 1006 388 1076 γάρ
427 1023 509 1070 τις
544 1007 725 1077 μήτηρ
765 1007 1114 1078 καταλλήλως
1144 1009 1500 1080 τιθηνουμένη
1534 1010 1596 1063 τὸ
1634 1014 1847 1080 νήπιον,

195 1156 198 1158 _
271 1098 417 1160 τέως
471 1099 568 1167 μὲν
610 1098 803 1167 ἁπαλῷ
845 1116 904 1150 τε
939 1100 1034 1152 καὶ
1067 1098 1220 1169 ὑγρῴ
1251 1099 1328 1170 τῷ
1356 1100 1584 1170 στόματι
1621 1101 1682 1154 τὸ
1711 1101 1852 1169 γάλα

271 1189 365 1242 διὰ
393 1191 492 1256 τῆς
535 1189 704 1260 θηλῆς
745 1191 1017 1260 ἐντίθησιν
1037 1207 1050 1221 ·
1101 1191 1506 1260 ὀδοντοφυοῦντι
1543 1192 1598 1245 δὲ
1628 1193 1729 1263 ἥδη
1761 1194 1854 1246 καὶ

273 1283 630 1352 αὐξανομένῳ
671 1283 940 1352 προσάγει
977 1282 1067 1336 τὸν
1104 1283 1287 1353 ἄρτον,
1323 1285 1382 1336 οὐ
1424 1283 1628 1354 τραχύν
1669 1301 1728 1336 τε
1761 1285 1856 1338 καὶ

275 1372 706 1443 ἀκατέργαστον,
735 1374 810 1436 ὡς
837 1374 902 1428 ἂν
935 1376 1009 1444 μὴ
1039 1374 1386 1445 περιξανθείη
1410 1375 1487 1446 τῷ
1514 1375 1732 1446 σκληρῷ
1755 1377 1854 1446 τῆς

276 1463 486 1532 τροφῆς
508 1463 568 1515 τὸ
586 1463 693 1514 τῶν
718 1461 888 1515 οὔλων
913 1462 1118 1515 ἁπαλόν
1135 1478 1192 1513 τε
1219 1462 1312 1514 καὶ⁴
1333 1462 1696 1531 ἀγύμναστον,
1719 1461 1854 1515 ἀλλὰ

276 1557 392 1618 τοῖς
421 1555 568 1618 ἰδίοις
588 1552 762 1608 ὀδοῦσι
786 1554 1180 1616 καταλεάνασα,
1207 1553 1514 1624 σύμμετρόν
1532 1571 1591 1606 τε
1623 1555 1714 1607 καί
1733 1570 1857 1607 κατ-

279 1645 509 1715 άλληλον
555 1646 619 1715 τῇ
670 1643 894 1712 δυνάμει
931 1641 1022 1695 τοῦ
1075 1644 1515 1713 προσφερομένου
1563 1643 1852 1711 ἐποίησεν·

278 1731 400 1787 εἶτα
458 1734 597 1788 κατά
648 1731 960 1803 προσθήκην
1016 1733 1112 1802 τῆς
1162 1731 1442 1802 δυνάμεως
1489 1731 1854 1802 ὲπιδιδούσης,

276 1824 637 1896 προσεθισθὲν
701 1826 810 1886 τοῖς
867 1822 1239 1890 άπαλωτέροις
1301 1822 1484 1892 ἠρέμα
1538 1821 1599 1875 τὸ
1665 1824 1855 1892 νήπιον

278 1917 548 1988 προσάγει
580 1919 643 1986 τῇ
688 1914 1023 1986 στερεωτέρα
1058 1917 1250 1983 τροσῇ·
1281 1913 1422 1966 οὑτω
1447 1914 1544 1983 τὴν
1581 1913 1854 1983 ἀνθρωπι-
1891 1909 1928 1962 Β

277 2027 380 2078 νην
410 2007 770 2078 μικροψυχίαν
799 2008 828 2057 ὁ
856 2006 1076 2076 Κύριος,
1111 2002 1221 2058 οἷόν
1251 2024 1302 2058 τι
1331 2009 1521 2076 νήπιον
1564 2006 1748 2068 ἀτελὲς
1771 2005 1856 2058 διὰ

275 2099 390 2151 τῶν
422 2099 712 2167 θαυμάτων
735 2097 946 2167 τρέφων
973 2099 1066 2150 καὶ
1084 2098 1300 2166 τιθηνού
1310 2115 1487 2167 μενος,
1513 2100 1727 2169 πρῶτον
1757 2099 1856 2167 μὲν

279 2193 341 2244 ἐν
385 2189 779 2259 ἀπεγνωσμένῃ
825 2189 964 2258 νόσῳ
1007 2189 1104 2258 τὴν
1140 2190 1236 2258 τῆς
1283 2190 1629 2251 ἀναστάσεως
1668 2206 1855 2259 προοι-

283 2283 538 2352 μιάζεται
571 2280 814 2349 δύναμιν,
859 2278 888 2330 ὃ
931 2280 1072 2349 μέγα
1113 2280 1209 2349 μὲν
1235 2275 1302 2351 ἦν
1338 2279 1415 2349 τῷ
1447 2278 1850 2351 κατορθώματι,

278 2375 342 2426 οὑ
374 2374 479 2444 μὴν
507 2371 765 2436 τοιοῦτον,
790 2366 901 2424 οἷον
930 2371 1274 2423 ἀπιστεῖσθαι
1298 2370 1606 2440 λεγόμενον,
1646 2371 1851 2424 Ἐπιτι-

283 2467 467 2536 μήσας
507 2464 616 2534 γὰρ
645 2463 722 2533 τῷ
765 2463 982 2533 πυρετῷ
1017 2461 1260 2532 σφοδρῶς
1309 2463 1407 2531 τὴν
1449 2461 1716 2531 πενθερὰν
1757 2460 1851 2514 τοῦ

279 2558 526 2627 Σίμωνος
561 2555 974 2624 καταφλέγοντι,
1006 2554 1268 2622 τοσαύτην
1299 2553 1519 2619 ἐποίησε
1551 2552 1644 2605 τοῦ
1683 2553 1851 2606 κακοῦ

277 2649 379 2718 τὴν
413 2647 758 2718 μετάστασιν.
794 2646 868 2708 ὡς
896 2647 1032 2716 πρὸς
1059 2645 1118 2697 τὸ
1153 2644 1414 2696 διακονεῖν
1448 2647 1558 2706 τοῖς
1589 2645 1852 2714 παροῦσιν

279 2737 560 2808 ὲνισχύσαι
589 2735 684 2806 τὴν
707 2735 806 2804 ήδη
838 2735 1289 2806 προσδοκωμένην
1315 2733 1681 2804 τεθνήξεσθαι.
1719 2733 1851 2789 Εἶτα

283 2830 480 2900 μικρόν
516 2845 568 2881 τι
593 2831 659 2898 τῇ
687 2827 911 2897 δυνάμει
941 2825 1282 2896 προστίθησι,
1314 2825 1406 2876 καὶ
1443 2823 1537 2877 τοῦ
1573 2824 1850 2894 βασιλικοῦ

277 2923 375 2976 τὸν
413 2923 622 2975 υἱὸν-ὲν
662 2919 1075 2991 ὁμολογουμένῳ
1119 2918 1346 2988 κινδύνῳ
1383 2917 1630 2987 κείμενον
1673 2917 1853 2983 (οὑτω

279 3015 392 3083 γάρ
424 3031 586 3082 φησιν
613 3014 646 3082 ἡ
683 3011 911 3083 ἱστορία,
940 3013 1022 3064 ὅτι
1067 3009 1256 3080 ἔμελλε
1291 3009 1545 3079 τελευτᾷν
1565 3050 1579 3073 ,
1611 3008 1703 3060 τοῦ
1749 3025 1852 3062 πα-

279 3105 410 3176 τρὸς
455 3104 705 3174 βοῶντοςο
755 3121 773 3154 t
816 3101 1099 3170 Κατάὸηθι
1129 3102 1257 3170 πρὶν
1283 3099 1572 3153 ἀποθανεῖν
1620 3099 1682 3152 τὸ
1722 3117 1850 3152 παι⁴

281 3199 496 3268 δίονοι)
530 3200 741 3268 ἐνεργεῖ
770 3196 930 3251 πάλιν
966 3194 1060 3248 τοῦ
1093 3193 1440 3262 τεθνήξεσθαι
1481 3191 1851 3262 πεπιστευμέ-

282 3309 376 3346 νου
408 3293 506 3361 τὴν
543 3290 868 3348 ἀνάστασιν,
890 3289 947 3340 ἐν
983 3287 1189 3356 μείζονι
1225 3289 1290 3356 τῇ
1319 3285 1544 3354 δυνάμει
1579 3283 1641 3336 τὸ
1670 3282 1853 3353 θαῦμα

281 3382 786 3452 κατεργασάμενος,
815 3379 894 3448 τῷ
923 3378 1057 3447 μηδὲ
1083 3377 1376 3447 πλησιάσαι
1405 3374 1482 3444 τῷ
1510 3375 1693 3445 τόπῳ,
1722 3373 1855 3427 ἀλλά

281 3474 568 3544 πόρρωθεν
596 3475 660 3542 τῇ
693 3471 786 3524 τοῦ
814 3469 1229 3541 προστάγματος
1259 3466 1399 3536 ἰσχύϊ
1423 3466 1522 3536 τὴν
1552 3464 1696 3536 ζωὴν
1723 3465 1856 3518 ἀπο-

282 3567 514 3618 στεῖλαι.
577 3564 744 3617 Πάλιν
810 3562 876 3614 δι’
945 3559 1262 3619 ἀκολουθίας
1322 3560 1435 3620 τοῖς
1505 3556 1856 3627 ὑψηλοτέροις

281 3655 640 3711 ἐπαναϐαίνει
669 3653 927 3725 θαύμασι.
971 3652 1112 3722 Πρὸς
1150 3650 1258 3720 γὰρ
1295 3649 1391 3719 τὴν
1426 3649 1591 3702 παῖδα
1628 3645 1722 3700 τοῦ
1756 3649 1855 3717 άρμ

278 3745 662 3819 χισυναγώγου
686 3745 828 3814 ὁρμή
839 3760 954 3806 σας,
980 3740 1118 3793 ἑκὼν
1145 3739 1309 3792 ἔδωκε
1333 3741 1399 3808 τῇ
1428 3737 1703 3809 ὁδοιπορίᾳ
1734 3753 1857 3806 σχον

279 3837 403 3906 λὴν,
433 3837 530 3906 τὴν
553 3837 696 3888 ἴασιν
731 3834 832 3903 τῆς
857 3832 1178 3903 αἱμορροίας
1198 3829 1535 3900 δημοσιεύων
1564 3828 1853 3892 λαθοῦσαν,

284 3928 364 3990 ὡς
398 3926 463 3979 ἀν
495 3927 552 3976 ἐν
575 3923 652 3992 τῷ
684 3922 858 3994 χρόνῳ
884 3921 1056 3990 τούτῳ
1089 3921 1520 3992 κατακρατήσειε
1546 3919 1643 3989 τῆς
1672 3918 1858 3971 νοσού-

281 4035 388 4086 σης
428 4019 456 4069 ὁ
484 4015 730 4076 θάνατος.
769 4015 926 4084 Ἀρτι
955 4012 1131 4064 τοίνυν
1166 4012 1266 4080 τῆς
1293 4011 1468 4082 ψυχῆς
1497 4010 1857 4082 χωρισθείσης

279 4109 380 4165 τοῦ
414 4108 683 4178 σώματος,
715 4105 808 4156 καὶ
839 4102 1245 4174 θορυϐουμένων
1273 4105 1329 4154 ὲν
1352 4105 1416 4173 τῇ
1447 4104 1615 4172 γοερᾷ
1643 4103 1855 4172 κραυγῇ

280 4205 394 4258 τῶν
426 4200 840 4254 ὲπικωκυόντων
874 4199 952 4268 τῷ
985 4197 1180 4264 πάθει,
1207 4198 1455 4268 καθάπερ
1487 4196 1545 4262 ἐξ
1579 4197 1748 4250 ὑπνου
1780 4195 1857 4265 τῷ

282 4293 673 4366 προστακτικῷ
710 4292 851 4362 λόγῳ
879 4290 1174 4358 διανίστησι
1212 4289 1371 4342 πάλιν
1404 4290 1539 4359 πρὸς
1583 4290 1681 4360 τὴν
1711 4289 1856 4358 ζωὴν

282 4388 350 4440 τὸ
379 4387 632 4457 κοράσιον
651 4426 666 4448 ,
699 4384 800 4454 ὁδῷ
829 4401 934 4435 τινι
967 4382 1059 4434 καὶ
1089 4380 1377 4450 ἀκολουθίᾳ.
1411 4381 1544 4451 πρὸς
1573 4381 1633 4432 τὸ
1673 4381 1856 4450 μεῖζον

283 4476 682 4547 ἀναλαμϐάνων
711 4475 806 4544 τὴν
839 4471 1180 4544 ἀνθρωπίνην
1210 4470 1510 4523 ἀσθένειαν.

1949 651 2365 718 experientiam.
2409 650 2527 705 Non
2561 651 2709 705 enim
2748 659 2861 703 tam
2905 652 3083 706 verbis
3107 665 3272 722 quam
3296 665 3354 705 re
3399 651 3518 718 ipsa

1951 742 2409 796 resurrectionem
2460 740 2578 796 iore
2619 741 2942 796 didicimus.
2981 739 3056 794 Ea
3097 754 3227 794 vero
3268 754 3394 792 cum
3430 752 3522 794 res

1952 832 2026 886 sit
2062 833 2258 895 ardua,
2305 841 2364 887 et
2414 848 2582 903 prope
2617 832 2848 887 dixerint
2881 840 3032 886 extra
3072 831 3229 885 ﬁdem
3282 831 3463 900 posita
3500 846 3520 886 :

1953 923 2159 978 idcirco
2185 922 2448 980 Dominus
2493 939 2520 977 a
2570 924 2852 978 miraculis
2881 921 3239 978 inferioribus
3267 934 3522 986 exorsus,

1952 1015 2216 1082 paulatim
2249 1031 2350 1070 nos
2379 1015 2776 1077 condocefacit,
2812 1023 2872 1067 ut-
2915 1015 2969 1067 in
3003 1015 3166 1068 rebus
3210 1015 3372 1067 etiam
3405 1026 3518 1065 ma-

1947 1103 2164 1172 joribus
2205 1104 2360 1159 ﬁdem
2391 1106 2494 1175 ipsi
2547 1106 2865 1159 habeamus.
2897 1105 3075 1171 Atque
3101 1103 3178 1156 uti
3229 1109 3404 1157 mater
3434 1117 3525 1155 ra-

1953 1196 2107 1250 tione
2135 1196 2373 1266 quadam
2419 1205 2786 1251 consentanea
2829 1195 2911 1250 sic
2943 1195 3114 1248 nutrit
3145 1192 3430 1254 infantem,
3463 1199 3526 1245 ut.

1955 1289 2113 1342 initio
2156 1289 2375 1356 quidem
2426 1299 2612 1343 tenero
2661 1289 2836 1358 ipsius
2879 1286 2960 1340 ori
3007 1301 3071 1339 ac
3107 1285 3256 1338 molli
3303 1284 3385 1336 lac
3428 1297 3526 1351 per

1954 1379 2250 1433 mamillam
2293 1379 2542 1443 iustillet,
2584 1379 2784 1433 deinde
2827 1378 2918 1431 ubi
2957 1377 3068 1446 jam
3103 1375 3361 1430 dentibus
3385 1387 3525 1443 prte-

1954 1470 2124 1543 ditus,
2156 1486 2220 1524 ac
2249 1471 2586 1538 majuscnlus
2609 1485 2730 1525 esse
2758 1469 2947 1538 C(Bpil,
2991 1477 3188 1531 panem
3205 1466 3254 1518 ei
3276 1465 3522 1537 porrigit,

1956 1577 2064 1615 non
2101 1563 2252 1615 illum
2289 1563 2507 1632 quidem
2545 1577 2824 1630 asperum,
2870 1570 2925 1614 et
2974 1561 3074 1634 qui.
3104 1556 3278 1628 digeri
3325 1557 3395 1610 ab
3441 1556 3526 1609 iu-

1957 1655 2102 1708 l‘ante
2127 1661 2377 1720 nequeat,
2414 1663 2471 1706 ut
2504 1655 2695 1709 molles
2717 1661 2770 1708 et
2793 1653 3160 1708 inexercitata:
3196 1649 3424 1720 gingiva:
3453 1647 3524 1702 ab

1955 1746 2075 1814 ejus
2107 1745 2305 1798 duritie
2338 1760 2444 1799 non
2475 1745 2756 1807 laedantur,
2796 1745 2888 1800 sed
2928 1744 3043 1798 suis
3073 1743 3339 1811 ,dentibus
3365 1754 3525 1792 man-

1958 1853 2101 1898 sum,
2120 1836 2482 1906 effectumque
2511 1838 2667 1890 talem
2701 1845 2758 1890 ut
2784 1836 2993 1890 viribus
3016 1836 3165 1904 pueri
3195 1833 3483 1888 conveniat
3508 1849 3523 1885 :

1959 1930 2024 1983 ad
2042 1937 2345 1983 extremum
2371 1936 2548 1982 autem
2576 1929 2898 1982 confirmato
2915 1928 3026 1996 jam
3054 1927 3173 1995 ejus
3195 1927 3411 1988 robore,
3444 1930 3526 1978 te-

1959 2023 2270 2076 nerioribus
2289 2021 2661 2076 assuefactum
2693 2020 2942 2081 antehac,
2971 2018 3036 2071 ad
3061 2018 3347 2072 solidiores
3369 2029 3529 2086 quos-

1957 2109 2080 2163 dam
2113 2112 2266 2184 cibos
2289 2111 2540 2164 deducit:
2561 2114 2639 2164 sic
2659 2109 2920 2164 Dominus
2942 2109 3241 2162 animonos
3259 2105 3531 2160 imbecillo

1957 2202 2236 2269 praditos,
2287 2201 2445 2271 quasi
2489 2201 2776 2269 quemdam
2820 2198 3083 2253 infantem
3133 2213 3228 2266 per
3264 2196 3530 2250 miracula

1955 2291 2131 2345 nutrit
2151 2307 2164 2353 ;
2184 2299 2346 2356 atque
2367 2288 2522 2342 initio
2541 2289 2755 2357 quidem
2780 2289 2835 2341 in
2853 2289 3136 2343 curatione
3149 2286 3344 2348 morbi,
3368 2300 3530 2354 quem

1955 2397 2118 2452 posse
2153 2382 2335 2434 curari
2373 2381 2461 2433 vix
2507 2380 2902 2442 existimasses,
2939 2377 3096 2448 quasi
3145 2375 3417 2448 quoddam
3463 2375 3532 2429 de

1955 2475 2360 2528 resurrectione
2380 2473 2702 2541 prommium
2731 2471 2859 2533 edit,
2889 2487 3010 2524 cum
3039 2486 3151 2524 rem
3174 2467 3390 2539 quidem
3418 2467 3531 2521 exi-

1955 2566 2116 2618 miam
2132 2563 2382 2628 ediceret,
2398 2579 2517 2632 qum
2531 2571 2712 2616 tamen
2731 2561 3192 2628 humanamlidem
3209 2567 3530 2614 mereretur.

1951 2656 2087 2711 Nam
2118 2647 2240 2712 cum
2262 2657 2567 2712 vehementi
2599 2655 2748 2710 febre
2766 2653 3005 2708 Simonis
3036 2668 3228 2707 socrus
3257 2657 3531 2712 ureretur,

1955 2758 2154 2804 tantam
2180 2749 2304 2802 mali
2325 2749 2681 2802 mutationem
2706 2761 2816 2800 uno
2839 2746 3108 2800 sermonis
3140 2743 3366 2813 imperio
3407 2741 3532 2798 effe-

1953 2842 2049 2902 cit,
2078 2850 2136 2894 ut
2164 2841 2426 2894 continuo
2460 2840 2526 2892 ad
2565 2839 2994 2894 ministrandum
3033 2836 3252 2891 Christo
3281 2844 3334 2890 et
3367 2833 3534 2889 disci-

1955 2931 2095 3002 pulis
2122 2942 2268 2988 esset
2292 2932 2341 2986 ei
2373 2932 2508 2986 satis
2535 2932 2754 2994 virium,
2785 2944 2907 2999 qua:
2933 2928 3094 2998 paulo
3118 2936 3243 2980 ante
3268 2927 3529 2979 moritura

1953 3023 2244 3093 putabatur
2265 3022 2352 3074 3".
2385 3019 2587 3076 Deinde
2612 3021 2864 3090 potestati
2893 3019 3058 3088 priori
3082 3017 3325 3071 nonnihil
3355 3016 3532 3079 addit,

1953 3134 2074 3172 cum
2112 3117 2254 3186 regis
2297 3115 2579 3182 cujusdam
2629 3116 2793 3168 liliqu
2830 3114 2883 3166 iu
2934 3111 3360 3181 praesentissimo
3413 3109 3535 3163 vita?

1955 3209 2271 3262 discrimine
2291 3207 2699 3261 decumbeutem
2723 3203 3042 3258 exsuscitat.
3067 3202 3300 3255 Narrant
3319 3201 3364 3231 “’
3389 3200 3534 3254 enim

1955 3297 2173 3352 Litterae
2205 3313 2377 3352 sacrae
2405 3297 2629 3367 jamjam
2653 3295 2822 3350 fuisse
2853 3294 3200 3357 moriturum,
3225 3308 3348 3346 cum
3384 3300 3536 3361 pater

1951 3389 2302 3449 occlamaret,
2337 3396 2396 3442 ut
2439 3388 2754 3457 priusquam
2783 3387 2926 3441 (ilius
2949 3385 3051 3454 ipsi
3078 3385 3532 3453 exstingueretur,

1954 3480 2218 3534 Dominus
2253 3480 2626 3543 descenderet,
2649 3495 2773 3532 nam
2800 3478 3090 3533 momentis
3113 3477 3342 3546 singulis
3371 3477 3535 3528 vitam

1950 3587 2073 3624 cum
2125 3578 2299 3624 morte
2331 3578 2766 3625 commutaturus
2811 3585 2934 3624 esse
2985 3566 3329 3622 credebatur.
3381 3564 3537 3630 Quod

1957 3661 2065 3730 jam
2086 3659 2404 3714 miraculum
2424 3675 2546 3714 esse
2566 3657 2767 3712 factum
2789 3665 3057 3728 potestate
3074 3656 3307 3726 quadam
3333 3655 3538 3724 majore
3578 3702 3585 3708 .

1959 3751 2256 3821 putandum
2288 3759 2394 3812 est,
2414 3757 2699 3820 propterea
2734 3749 2876 3818 quod
2914 3749 2980 3802 ad
3016 3749 3192 3802 locum
3224 3747 3277 3799 iu
3306 3762 3415 3814 quo
3444 3745 3539 3799 de-

1961 3841 2271 3904 cumbebat,
2300 3856 2406 3895 non
2441 3841 2711 3895 accessit:
2745 3839 2839 3894 sed
2867 3839 3024 3906 quasi
3061 3853 3091 3891 a
3123 3833 3420 3905 longinquo
3454 3836 3537 3887 vi—

1962 3941 2072 3987 tam
2096 3933 2144 3986 ei
2175 3933 2344 3986 solius
2373 3931 2586 4001 imperii
2617 3932 2665 3984 vi
2696 3932 2864 3984 misit.
2893 3930 3024 3984 Post
3046 3931 3159 3984 haec
3181 3929 3247 3982 ad
3277 3927 3538 3981 miracula

1958 4025 2203 4094 quaedam
2244 4024 2412 4078 ardua
2453 4025 2628 4093 magis
2661 4023 2891 4079 accedit.
2933 4023 3066 4077 Nam
3104 4038 3226 4077 cum
3262 4021 3329 4074 ad
3371 4021 3536 4073 ﬁliam

1958 4118 2057 4170 viri
2093 4117 2308 4186 publico
2342 4117 2395 4169 in
2433 4116 2665 4169 concilio
2705 4116 2968 4185 principis
2997 4122 3258 4184 pergeret,
3291 4108 3532 4168 nonnihil

1957 4207 2137 4262 itineri
2169 4222 2333 4260 morae
2354 4208 2540 4260 volens
2569 4206 2775 4275 injecit,
2800 4208 2927 4259 dum
2951 4214 3197 4260 curatmu
3227 4205 3296 4258 ab
3320 4218 3378 4257 se
3408 4194 3532 4271 pro-

1959 4299 2182 4351 [luvium
2219 4299 2501 4366 sanguinis
2534 4298 2709 4366 palam
2749 4297 2970 4360 faceret,
3016 4312 3079 4350 ac
3120 4295 3278 4348 morti
3323 4304 3539 4361 tempus

1967 4391 2291 4444 concederet
2337 4405 2444 4459 quo
2481 4391 2713 4458 puellam
2748 4404 2944 4458 mgram
2992 4394 3304 4456 occuparet.
3355 4383 3541 4452 Itaque

1969 4495 2093 4534 cum
2131 4481 2196 4533 ad
2232 4497 2348 4533 eam
2385 4482 2650 4541 venisset,
2688 4496 2716 4532 a
2764 4481 2923 4547 cujus
2967 4493 3197 4548 corpore
3230 4492 3336 4531 non
3372 4476 3542 4528 multo

283 4577 416 4622 ante
462 4569 762 4638 diremptus
809 4574 926 4620 erat
975 4565 1211 4628 animus,
1247 4579 1310 4618 ac
1353 4564 1563 4633 lugubri
1614 4564 1853 4620 clamore
1896 4568 2142 4627 homines
2185 4573 2663 4636 tumultuarentur,
2711 4571 3068 4639 lamentisque
3107 4570 3346 4624 dolorem
3377 4574 3544 4619 testa-

279 4670 519 4718 rentur:
552 4662 668 4716 soio
699 4661 968 4714 sermonis
1002 4661 1229 4728 imperio
1264 4661 1495 4729 puellam
1541 4661 1696 4729 quasi
1744 4664 2034 4722 excitatam
2080 4669 2146 4723 de
2171 4683 2376 4723 «somno
2417 4669 2539 4721 vitae
2567 4667 2824 4732 restituit,
2852 4671 3077 4720 .ratioue
3115 4664 3344 4733 quadam
3374 4669 3428 4716 et
3456 4661 3542 4714 via

279 4756 710 4811 imbecillitatem
755 4756 1030 4809 hominum
1067 4755 1132 4808 ad
1177 4755 1384 4821 majora
1423 4755 1698 4810 deducens
1728 4756 1793 4810 ⁸⁸.

357 4847 471 4904 Εἶτ’
503 4851 594 4903 ἐπὶ
637 4851 845 4913 τούτοις
883 4848 1196 4918 ὑπερϐαίνει
1230 4846 1306 4916 τῷ
1353 4846 1624 4918 θαύματι,
1667 4851 1760 4903 καὶ
1797 4851 1855 4902 δι¹

2039 4850 2250 4904 Rursus
2280 4850 2383 4903 hoc
2416 4849 2575 4904 etiam
2607 4849 2716 4901 alio
2749 4846 2982 4916 quodam
3015 4846 3277 4900 miraculo
3299 4859 3539 4918 superat,

279 4943 622 5013 ὑψηλοτέρας
639 4942 918 5012 δυνάμεως
933 4941 1161 4994 ὁδοποιεῖ
1176 4943 1284 5002 τοῖς
1301 4940 1604 5010 ἀνθρώποις
1620 4941 1716 5012 τὴν
1738 4961 1802 4994 πε
1811 4942 1864 5012 ρὶ

278 5037 384 5105 τῆς
401 5035 746 5096 ἀναστάσεως
773 5033 972 5086 πίστιν.
997 5033 1132 5085 Νάῖν
1155 5032 1274 5084 τινὰ
1295 5032 1446 5083 πόλιν
1467 5033 1608 5085 κατά
1625 5035 1722 5104 τὴν
1739 5035 1866 5086 Ἰου-

278 5128 444 5180 δαίαν
477 5127 676 5195 ἱστορεῖ
707 5130 738 5193 ή
765 5126 975 5196 Γραφή.
1027 5125 1156 5185 Παῖς
1189 5119 1255 5194 ἦν
1282 5125 1337 5175 ἐν
1373 5123 1545 5194 ταύτῃ
1577 5125 1866 5196 μονογενὴς

278 5221 433 5289 χήρᾳ
467 5219 590 5279 τινὶ,
625 5217 808 5270 οὐκέτι
836 5215 1073 5279 τοιοῦτος
1118 5219 1272 5276 παῖς,
1308 5209 1416 5278 οἷος
1461 5218 1517 5267 ἐν
1564 5216 1864 5286 μειρακίοις

281 5307 446 5367 εἶναι.
481 5308 594 5362 ἀλλ’
625 5309 724 5380 ήδη
755 5309 818 5360 ἐκ
845 5307 1047 5360 παίδων
1076 5308 1154 5370 είς
1181 5307 1375 5376 ἄνδρας
1408 5306 1597 5360 τελῶν.
1631 5308 1863 5359 Νεανίαν

280 5401 450 5455 αὑτὸν
482 5401 734 5470 ὀνομάζει
766 5401 793 5450 ὁ
815 5399 987 5467 λόγος·
1021 5398 1186 5450 πολλὰ
1216 5397 1281 5450 δι’
1310 5398 1503 5466 ὀλίγων
1537 5397 1800 5468 διηγεῖται
1830 5399 1862 5466 ἡ

284 5490 538 5560 ἱστορία·
584 5491 778 5560 θρῆνος
825 5489 1082 5560 ἄντικρύς
1119 5491 1232 5542 ἐστι
1279 5490 1341 5542 τὸ
1375 5490 1636 5561 διήγημα.
1682 5492 1862 5561 Χήρα,

283 5583 476 5653 φησὶν,
496 5577 564 5652 ἦν
578 5581 670 5633 τοῦ
693 5580 1008 5651 τεθνηκότος
1031 5582 1062 5650 ἡ
1093 5583 1292 5652 μήτηρ.
1310 5582 1471 5651 Ὁρᾷς
1496 5583 1558 5634 τὸ
1587 5581 1748 5652 βάρος
1767 5583 1864 5653 τῆς

283 5676 597 5746 συμφορᾶς,
623 5673 738 5737 πῶς
767 5674 825 5726 ὲν
867 5673 1032 5744 ὀλίγῳ
1063 5673 1123 5726 τὸ
1149 5673 1318 5738 πάθος
1347 5675 1375 5726 ὁ
1402 5675 1556 5743 λόγος
1599 5675 1857 5747 ἐξετραγ-

357 5851 431 5884 ⁸⁶⁹
471 5848 604 5906 Luc.
632 5865 704 5917 tv,
729 5851 798 5906 '58
821 5865 941 5922 sqq.
1020 5851 1066 5883 ⁸⁷
1097 5848 1252 5906 Joan.
1283 5867 1355 5914 tv,
1380 5849 1448 5905 46
1477 5866 1598 5923 sqq.

1675 5850 1720 5883 ⁸⁸
1755 5849 1923 5906 Marc.
1963 5867 2015 5917 v,
2045 5850 2116 5905 ‘2‘).
2147 5867 2266 5922 sqq.

1969 4949 2022 4994 et
2043 4949 2308 5009 potestate
2323 4941 2618 4993 excelsiore
2632 4939 2774 4990 viam
2799 4936 3110 4991 hominibus
3139 4939 3320 4990 struit.
3347 4948 3402 4991 ut
3430 4937 3544 4994 fore

1970 5047 2036 5086 ex
2067 5033 2294 5085 mortuis
2328 5031 2783 5085 resurrectionem
2818 5029 3120 5082 crederent.
3150 5027 3426 5082 Proditum
3460 5037 3543 5082 est

1968 5125 2112 5179 enim
2137 5125 2308 5178 sacris
2328 5122 2628 5190 Litteris”,
2673 5122 2827 5177 Naim
2851 5124 3103 5191 oppidqu
3140 5121 3338 5176 Iudaeae
3365 5121 3541 5190 quod-

1969 5212 2090 5267 dam
2122 5213 2309 5269 fuisse.
2352 5212 2406 5266 In
2434 5229 2497 5266 eo
2530 5215 2704 5266 viduae
2737 5213 2950 5266 mulieri
2991 5212 3133 5266 ﬁlius
3165 5223 3281 5265 crat
3316 5213 3537 5274 unicus,

1970 5322 2076 5360 non
2095 5307 2206 5375 jam
2239 5307 2472 5375 amplius
2500 5314 2659 5359 astate
2684 5322 2837 5375 puer,
2870 5305 2962 5359 sed
2998 5307 3089 5374 qui
3115 5321 3179 5358 ex
3205 5305 3426 5373 ephebis
3447 5319 3543 5358 ex—

1970 5399 2244 5460 cessisset,
2267 5406 2322 5452 et
2343 5399 2580 5452 virorqu
2613 5398 2663 5450 iu
2699 5413 2926 5452 numero
2947 5405 3282 5450 censeretur.
3303 5395 3538 5448 Historia

1969 5488 2183 5558 quidem
2225 5504 2380 5542 sacra
2427 5489 2676 5557 juvenem
2726 5489 2996 5558 appellat:
3045 5496 3207 5554 atque
3249 5487 3436 5554 paucis
3478 5501 3542 5540 ea

1970 5583 2213 5651 profecto
2253 5582 2428 5636 verbis
2462 5582 2627 5634 multa
2673 5580 3091 5650 complectitur:
3143 5579 3256 5646 ipsa
3301 5577 3544 5630 narratio

1967 5684 2176 5729 tantum
2209 5690 2316 5729 non
2347 5674 2661 5728 lamentatio
2693 5681 2794 5728 est.
2831 5671 2980 5735 Erat,
3017 5669 3190 5741 inquit
3242 5677 3412 5724 mater
3445 5668 3546 5726 ho-

2342 5853 2385 5885 ”
2422 5849 2554 5906 Luc.
2588 5867 2683 5919 vn,
2721 5850 2776 5905 ll
2811 5866 2932 5920 sqq.
