3996 6508
457 444 562 498 ξιξ)

1714 437 1770 490 S.
1799 433 2125 490 GREGORII
2159 431 2446 487 NYSSENI

3609 427 3708 477 ‘22"

459 559 622 612 minis
653 555 762 608 vita
819 553 1008 618 functi,
1042 549 1236 604 mulier
1277 547 1460 603 vidua.
1503 545 1666 602 Vides
1711 561 1873 616 quam
1917 561 2039 616 gra-

2152 545 2348 614 ῷδησε;
2385 545 2450 598 Τί
2483 543 2590 614 γάρ
2628 545 2741 597 ἐστι
2775 541 2836 595 τὸ
2873 541 3194 611 λεγόμενον;
3236 541 3318 594 ὅτι.
3360 539 3458 592 οὐκ
3481 533 3551 608 ῆν
3575 541 3705 610 αὐτῇ

457 654 544 704 vis
587 649 672 702 illa
710 661 950 702 mrumna
999 641 1200 698 fuerit?
1233 657 1396 712 quam
1443 641 1648 710 tragice
1683 655 1792 694 rem
1833 639 2038 694 tristis-

459 743 652 794 simam
701 739 862 794 verba
911 749 1138 790 utIntero
1184 747 1292 786 non
1344 732 1510 785 multa
1560 731 1870 786 declarent?
1911 746 2036 783 nam

459 833 586 900 quid
625 830 730 884 dici
762 826 906 882 aliud
947 826 1249 886 existimas,
1278 839 1438 893 quam
1468 822 1668 876 nullam
1702 822 1748 876 ei
1785 837 1934 891 spem
1973 821 2039 872 li-

459 925 712 978 berorum
759 918 1218 989 procreandorum
1265 916 1528 983 reliquam
1579 913 1780 977 fuisse,
1809 929 1916 982 qua
1944 927 2034 967 εον

459 1014 558 1066 lari
607 1012 818 1067 tristem
869 1011 1012 1064 hunc
1057 1023 1241 1063 casum
1291 1007 1597 1078 potuisset?
1635 1015 1752 1060 erat
1785 1007 2038 1059 nimirum

459 1103 656 1170 vidua;
689 1118 796 1156 non
823 1110 939 1156 erat
973 1102 1038 1156 ad
1089 1115 1246 1170 quem
1297 1100 1593 1167 respiceret
1634 1107 1831 1166 praeter
1863 1098 2036 1158 illum,

461 1195 550 1264 qui
582 1194 691 1264 jam
723 1194 862 1248 diem
913 1194 964 1248 in
1001 1192 1160 1246 terris
1190 1203 1500 1258 supremum
1535 1187 1881 1248 obiveratzis
1911 1200 2038 1240 vero

460 1283 622 1334 etiam
655 1289 772 1334 erat
801 1281 1034 1350 unigena
1070 1287 1367 1348 ;quantum
1407 1277 1460 1330 in
1504 1291 1570 1330 eo
1615 1275 1740 1328 mali
1775 1275 1878 1336 sit,
1923 1275 2044 1343 qui-

461 1376 593 1428 libet
641 1372 911 1442 intelligit,
944 1372 1036 1442 qui
1084 1385 1193 1424 non
1237 1371 1292 1423 in
1343 1377 1536 1422 natura
1588 1376 1844 1436 tanquam
1891 1367 2045 1438 igno-

461 1476 549 1520 tus
578 1465 776 1535 hospes
809 1465 1202 1535 peregrinatur.
1225 1463 1410 1516 Solum
1441 1462 1583 1516 hunc
1609 1461 1664 1514 in
1697 1462 1870 1514 lucem
1920 1474 2041 1514 cum

461 1559 679 1620 ederet,
727 1567 912 1626 partus
945 1557 1161 1611 dolores
1199 1563 1316 1610 erat
1353 1563 1606 1624 experta,
1643 1553 1742 1608 soli
1783 1566 2046 1604 mammas

465 1651 772 1718 praebuerat
812 1667 824 1700 :
867 1649 1016 1702 solus
1051 1658 1276 1700 matrem
1331 1645 1381 1699 in
1424 1660 1610 1700 mensa
1656 1643 1992 1698 exhilarabat
2029 1662 2041 1697 :

463 1743 614 1796 solus
645 1739 822 1794 omnis
855 1748 971 1794 erat
1007 1740 1058 1792 in
1092 1739 1300 1794 aedibus
1333 1739 1532 1792 laetitiae
1562 1737 1715 1806 quasi
1751 1736 2038 1799 materies,

462 1833 577 1887 sive
609 1831 832 1892 luderet,
861 1831 975 1886 sive
1010 1838 1267 1884 tractaret
1297 1830 1464 1888 seria.
1501 1830 1615 1883 sive
1645 1844 1845 1898 corpus
1873 1841 2036 1880 exer-

465 1931 633 1988 ceret,
671 1923 784 1976 sive
819 1921 1080 1974 hilaritati
1117 1920 1334 1974 deditus
1372 1927 1540 1984 esset,
1577 1919 1690 1972 sive
1725 1917 1964 1986 prodiret
1992 1917 2045 1969 in

463 2013 774 2084 publicmn,
821 2013 936 2067 sive
988 2027 1110 2066 cum
1163 2013 1346 2082 aliquo
1399 2011 1544 2064 lucta
1599 2010 2044 2079 congrederetur,

463 2106 576 2161 sive
601 2107 652 2158 in
672 2104 928 2174 juvenum
965 2114 1108 2157 metu
1133 2112 1280 2157 esset
1307 2125 1318 2157 :
1345 2102 1484 2156 nihil
1509 2117 1628 2155 esse
1653 2109 1845 2170 praeter
1869 2100 2046 2168 ipsum

461 2192 636 2246 solum
669 2191 860 2246 matris
881 2191 1058 2246 oculis
1077 2189 1382 2260 jucundum
1406 2190 1490 2244 vel
1517 2189 1776 2242 eximium
1807 2196 2042 2258 poterat.

461 2284 579 2338 Jam
615 2285 770 2338 uxori
812 2283 1076 2338 ducenda:
1117 2291 1249 2337 tetas
1287 2289 1406 2336 erat
1454 2280 1680 2340 idonea,
1731 2296 1852 2332 cum
1901 2289 2048 2334 esset

464 2375 752 2444 raeteroqui
795 2375 960 2428 totius
991 2374 1208 2427 familia:
1245 2375 1433 2442 stirps,
1473 2389 1659 2427 ramus
1694 2375 1784 2442 qui
1819 2373 2050 2442 posteri-

465 2475 630 2520 tatem
675 2474 1018 2536 propagaret,
1070 2475 1300 2522 senectze
1349 2465 1604 2522 fulcrum.
1655 2465 1825 2519 Etiam
1873 2468 2047 2520 aetatis

464 2560 724 2614 iudicatio
757 2561 962 2613 luctum
996 2569 1175 2628 auget.
1207 2558 1341 2612 Nam
1372 2560 1488 2628 ipse
1523 2559 1622 2614 flos
1653 2558 1839 2613 forma:
1868 2575 2047 2613 emar-

464 2651 646 2704 cuisse
691 2651 1048 2720 signiﬁcatur,
1085 2667 1206 2704 cum
1241 2651 1494 2718 juvenem
1528 2652 1858 2704 exstinctum
1909 2651 2048 2705 dici-

465 2761 610 2806 mus,
637 2743 728 2797 cui
761 2741 824 2796 ad
849 2743 1053 2812 justam
1085 2742 1394 2796 crassitiem
1429 2742 1594 2794 barba
1623 2742 1856 2795 necdum
1888 2751 2046 2796 aucta

465 2837 662 2901 fuerit,
704 2837 798 2890 sed
837 2835 1012 2904 prima
1047 2845 1256 2888 tantum
1295 2836 1492 2904 lanugo
1520 2835 1677 2903 quasi
1707 2835 2048 2889 efﬂorescere

467 2929 716 3000 cmperit,
752 2944 1008 2999 genarum
1047 2927 1451 2996 pulchritudine
1481 2926 1778 2980 etiamnum
1815 2925 2043 2980 nitorem

468 3037 628 3076 suum
657 3029 988 3077 ostentante.
1021 3019 1158 3086 Quid
1195 3031 1305 3076 tum
1332 3019 1494 3072 animi
1525 3019 1698 3073 fuisse
1725 3019 1802 3072 illi
1835 3021 2048 3072 miserae

466 3121 647 3182 putas,
682 3129 802 3182 qua:
835 3112 1004 3166 filium
1043 3113 1201 3166 talem
1237 3111 1550 3164 amitteret?
1593 3110 1854 3164 nimirum
1900 3109 2046 3164 velut

2139 637 2482 700 παιδοποιίας
2511 637 2686 700 ἐλπὶς,
2725 635 2822 704 τὴν
2855 635 2947 687 ἐπὶ
2971 633 3048 704 τῷ
3087 632 3390 687 ἐκλείποντι
3429 633 3705 704 συμφορὰν

2141 726 2516 796 θεραπεύουσα
2542 744 2554 756 ·
2585 729 2730 798 χήρα
2762 727 2871 798 γάρ
2901 729 2935 798 ἡ
2971 729 3127 798 γυνή.
3161 729 3275 780 Οὐκ
3303 724 3415 798 εἶχε
3443 728 3580 800 πρὸς
3606 729 3708 781 ἐτε-

2144 836 2233 890 ρον
2261 820 2382 872 άντὶ
2413 819 2506 872 τοῦ
2550 821 2940 890 κατοιχομένου
2985 819 3201 888 βλέπειν
3227 836 3240 850 ο
3277 821 3572 890 μονογενὴς
3610 820 3710 891 γὰρ

2141 912 2169 964 ὁ
2209 911 2385 974 τόκος.
2422 913 2584 964 Ὅσον
2607 911 2662 964 δὲ
2689 911 2749 964 τὸ
2785 911 2880 964 értl.
2907 911 3081 982 τούτῳ
3121 911 3309 974 κακὸν,
3337 913 3498 964 παντὶ
3537 912 3712 982 ρᾁιον

2145 1003 2374 1056 συνιδεῖν
2404 1003 2481 1074 τῷ
2521 1003 2596 1074 μὴ
2633 1003 3030 1074 ἀπεξενωμένῳ
3059 1005 3156 1073 τῆς
3189 1005 3421 1072 φύσεως.
3453 1005 3632 1059 Μόνον
3659 1006 3715 1056 ὲν

2142 1096 2328 1148 ὠδῖσιν
2351 1096 2554 1149 ἐκεῖνον
2583 1095 2867 1167 ἐγνώρισε,
2905 1096 3062 1166 μόνον
3095 1099 3216 1159 ταῖς
3245 1097 3434 1166 θηλαῖς
3467 1096 3716 1166 ἐτιθηνή-

2145 1203 2300 1239 σατο’
2350 1187 2508 1256 μόνος
2559 1187 2695 1257 αὐτῇ
2755 1187 2985 1258 φαιδρὰν
3035 1188 3207 1240 ἐποίει
3255 1188 3354 1258 τὴν
3399 1187 3714 1257 τράπεζαν·

2147 1277 2304 1348 μόνος
2333 1273 2402 1348 ἦν
2425 1279 2522 1346 τῆς
2545 1278 2684 1330 κατὰ
2709 1279 2798 1330 τὸν
2821 1277 2966 1332 οἷκον
2991 1279 3344 1351 φαιδρότητος
3371 1279 3404 1350 ἡ
3433 1280 3710 1341 ὑπόθεσις-

2145 1369 2376 1432 παίζων,
2411 1370 2756 1434 σπουδάζων,
2790 1371 3146 1442 ἀσκούμενος,
3185 1372 3629 1442 φαιδρυνόμενος,
3661 1374 3716 1424 ἐν

2147 1459 2426 1529 προόδοις,
2475 1463 2533 1512 ἐν
2577 1461 2971 1532 παλαίστραις,
3013 1464 3070 1515 ἐν
3113 1463 3389 1531 συλλόγοις
3437 1463 3714 1532 νεότητος·

2148 1555 2254 1607 πᾶν
2291 1553 2319 1606 ὅ
2369 1570 2422 1606 τι
2467 1553 2669 1623 μητρὸς
2717 1553 3015 1624 ὀφθαλμοῖν
3059 1553 3231 1622 γλυκύ
3274 1573 3332 1608 τε
3383 1556 3474 1608 καὶ
3515 1554 3716 1625 τίμιον,

2151 1645 2310 1715 μόνος
2347 1648 2553 1709 ἐκεῖνος
2583 1641 2671 1716 ἦν.
2717 1637 2857 1715 Ἤδη
2888 1645 2982 1699 τοῦ
3017 1647 3195 1716 γάμου
3227 1646 3324 1716 τὴν
3365 1645 3514 1717 ὥραν
3545 1647 3718 1714 ἄγων,

2147 1738 2175 1789 ὁ
2199 1738 2292 1790 τοῦ
2325 1737 2516 1805 γένους
2550 1737 2746 1808 ὅρπηξ,
2775 1739 2804 1790 ὁ
2823 1738 2924 1805 τῆς
2945 1737 3195 1808 διαδοχῆς
3221 1737 3430 1801 κλάδος,
3454 1740 3486 1808 ἠ
3514 1737 3721 1808 βακτη-

2153 1830 2241 1900 ρία
2267 1829 2362 1882 τοῦ
2385 1831 2610 1900 γήρους.
2653 1827 2813 1882 Ἀλλὰ
2845 1829 2938 1882 καὶ
2969 1831 3002 1898 ὴ
3035 1830 3134 1899 τῆς
3165 1829 3379 1899 ἡλικίας
3411 1828 3720 1899 προσθήκη,

2077 1891 2120 1946 Β
2149 1891 2306 1984 άλλος
2347 1891 2542 1991 θρῆνος
2580 1917 2666 1991 ῆν.
2723 1920 2780 1974 '0
2822 1920 2931 1992 γάρ
2971 1891 3197 1973 νεανίαν·
3225 1891 3426 1987 εἰπὼν,
3455 1891 3522 1974 ’τὸ
3563 1891 3726 1984 ἄνθος

2149 2007 2270 2064 εἷπε
2313 2011 2409 2081 τῆς
2439 2011 2807 2082 μαρανθείσης
2841 2011 3006 2082 ὥρας,
3049 2012 3172 2082 ἄρτι
3209 2015 3321 2075 τοῖς
3363 2012 3558 2075 ίούλοις
3595 2012 3726 2064 ὑπο-

2148 2102 2460 2172 χλοάζοντα,
2501 2101 2652 2154 οὔπω
2689 2101 2781 2155 τοῦ
2828 2103 3086 2170 πώγωνος
3117 2103 3204 2157 διὰ
3237 2103 3432 2174 βάθους
3475 2089 3724 2174 ὑποπιμ-

2149 2192 2442 2262 πλάμενον,
2475 2192 2556 2245 ἐτι
2585 2193 2661 2265 τῷ
2685 2195 2868 2248 κάλλει
2903 2195 3008 2248 τῶν
3033 2197 3270 2267 παρειῶν
3297 2197 3719 2252 ὑποστίλϐοντα.

2150 2283 2213 2336 Τί
2251 2284 2430 2337 τοίνυν
2469 2283 2698 2354 πάσχειν
2731 2285 2877 2348 εἰκὸς
2906 2281 2972 2356 ἦν
3021 2287 3105 2339 ἐπ’
3141 2286 3290 2357 αὑτῴ
3317 2287 3414 2358 τὴν
3467 2288 3722 2359 μητέρα;

2147 2376 2308 2427 οἱονεὶ
2353 2374 2484 2444 πυρὶ
2533 2377 2644 2436 τοῖς
2689 2376 3017 2443 σπλάγχνοις
3067 2375 3602 2443 ἐγκαταφλέγεσθαι,
3654 2375 3732 2438 ὡς

2149 2467 2360 2539 πικρῶς
2399 2468 2485 2519 ἐπ’
2515 2468 2664 2538 αὐτῷ
2701 2469 3046 2540 παρατείνειν
3075 2469 3166 2521 τὸν
3203 2468 3416 2538 θρῆνον,
3459 2467 3726 2538 περιπλε-

2148 2559 2386 2629 κομένην
2433 2560 2780 2630 προκειμένῳ
2824 2560 2903 2630 τῷ
2946 2559 3228 2630 πτώματι,
3263 2561 3339 2623 ὡς
3381 2560 3455 2630 μὴ
3497 2560 3564 2614 ἂν
3609 2563 3732 2612 ὲπι-

2149 2651 2382 2704 σπεῦσαι
2421 2651 2498 2721 τῷ
2545 2652 2722 2722 νεκρῷ
2763 2653 2863 2722 τὴν
2907 2652 3160 2721 κηδείαν,
3197 2651 3312 2704 ἀλλ’
3366 2652 3730 2723 ἐμφορεῖσθαι

2146 2743 2239 2796 τοῦ
2270 2743 2492 2806 πάθους,
2525 2745 2866 2798 ἐπιπλεῖστον
2899 2743 3047 2813 αὐτῷ
3079 2746 3204 2807 τοὺς
3230 2743 3504 2814 ὀδυρμοὺς
3543 2761 3730 2814 παρα-

2146 2835 2442 2888 τείνουσαν’
2475 2834 2595 2886 οὐδὲ
2629 2834 2785 2888 τοῦτο
2821 2835 3066 2906 παρῆκεν
3102 2837 3129 2888 ὁ
3155 2835 3330 2902 λόγος’
3373 2855 3390 2886 ε
3446 2835 3589 2887 Ἰδὼν
3623 2836 3734 2902 γάρ

2147 2927 2314 2998 αὐτὴν
2349 2927 2378 2978 ό
2419 2925 2641 2996 Ἰησοῦς,
2671 2946 2690 2978 ι
2724 2928 2906 2996 φησὶν,
2945 2947 2961 2977 ι
2995 2924 3415 2996 ἐσπλαγχνίσθη.
3451 2927 3544 2979 καὶ
3563 2943 3736 2996 προσ-

2147 3019 2312 3072 ελθὼν
2340 3019 2516 3089 ἥψατο
2543 3019 2643 3088 τῆς
2683 3019 2864 3090 σοροῦ,
2895 3021 2941 3071 οἱ
2969 3020 3024 3072 δὲ
3067 3019 3432 3089 βαστάσαντες
3471 3019 3728 3089 ἔστησαν.

2145 3111 2254 3163 Καὶ
2285 3111 2430 3179 λέγει
2467 3111 2545 3180 τῷ
2587 3110 2765 3180 νεκρῷ
2789 3127 2802 3140 ο
2833 3110 3067 3173 Νεανία,
3101 3112 3182 3163 σοὶ
3225 3109 3386 3178 λέγω,
3433 3111 3732 3181 ἐγέρθητι·

467 3204 536 3256 ab
555 3203 680 3272 igne
709 3203 945 3272 quodam
973 3203 1182 3257 viscera
1207 3201 1376 3270 ipsius
1404 3200 1629 3270 depasta
1663 3200 1832 3256 fuisse
1863 3215 2048 3256 neces-

2152 3203 2240 3256 xatl.
2274 3203 2588 3272 παρέδωκεν
2613 3203 2774 3254 αὑτὸν
2797 3205 2863 3273 τῇ
2910 3203 3076 3273 μητρὶ
3101 3201 3265 3256 αὐτοῦ
3295 3201 3489 3266 ζῶντα.
3530 3222 3548 3252 ι
3585 3203 3732 3270 Ἤδη

467 3307 526 3346 se
573 3301 677 3348 est.
719 3295 906 3362 Itaque
955 3293 1148 3347 acerbe
1188 3291 1533 3345 lamentando
1574 3307 1632 3346 se
1671 3291 1879 3355 alllixit,
1922 3307 2044 3346 cum

467 3385 664 3438 mortui
707 3384 940 3440 cadaver
979 3385 1404 3454 amplexaretur,
1445 3391 1499 3436 et
1537 3399 1696 3452 quam
1738 3384 2049 3440 diutissime

467 3475 522 3528 in
553 3475 700 3528 luctu
731 3473 1051 3542 perduraret
1077 3492 1090 3526 :
1131 3472 1353 3526 minime
1387 3472 1475 3524 illa
1505 3471 1722 3540 quidem
1751 3486 2050 3540 properans

467 3567 708 3620 extincto
743 3567 892 3634 jLsta
932 3565 1138 3628 facere,
1180 3563 1275 3618 sed
1316 3563 1502 3617 satiari
1559 3563 1748 3616 dolore
1798 3563 2048 3632 cupiens.

449 3655 676 3709 .Deinde
703 3655 996 3724 subjicitur
1019 3674 1031 3708 :

471 3844 680 3898 ratione
707 3849 1043 3913 tangeretur,
1069 3841 1362 3895 adductum
1392 3839 1580 3896 fuisse.
1607 3839 1786 3906 Quare
1811 3857 1936 3897 cum
1960 3859 2054 3898 ac-

1113 3653 1330 3715 Jesum,
1367 3669 1488 3708 cum
1527 3653 1672 3706 illam
1707 3663 1852 3708 esset
1888 3654 2055 3710 intui-

471 3755 582 3806 tus,
609 3747 802 3800 intimo
824 3747 1094 3800 viscerum
1127 3757 1276 3799 motu
1309 3759 1436 3815 erga
1477 3745 1650 3814 ipsam
1678 3755 1737 3798 ut
1765 3746 2056 3802 commise-

2149 3293 2328 3344 τοίνυν
2359 3293 2460 3344 οὐκ
2495 3294 2553 3344 ἐν
2581 3291 2746 3362 ὀλίγῳ
2782 3292 3106 3363 διαστήματι
3147 3291 3242 3346 τοῦ
3273 3291 3467 3363 νεκροῦ
3502 3309 3736 3361 γεγενη-

2162 3383 2348 3452 μένου,
2401 3383 2493 3434 καὶ
2530 3383 2653 3434 ὅσον
2699 3382 2909 3435 οὐδέπω
2960 3382 3376 3444 ἑναποτεθέντος
3420 3382 3497 3454 τῷ
3549 3384 3730 3452 τάφῳ,

2153 3475 2361 3544 γίνεται
2407 3477 2534 3543 παρ’
2567 3473 2731 3527 αὐτοῦ
2780 3474 2988 3546 Κυρίου
3037 3475 3100 3528 τὸ
3147 3477 3242 3546 μὲν
3289 3473 3474 3545 θαῦμα
3522 3475 3736 3545 μεῖζον,

2153 3567 2214 3619 τὸ
2254 3567 2310 3620 δὲ
2356 3567 2682 3637 πρόσταγμα
2728 3563 2863 3620 ἴσον.
2900 3569 3020 3620 Ἔτι
3059 3567 3195 3638 πρὸς
3232 3567 3291 3621 τὸ
3335 3567 3671 3638 ὑψηλότερον
3700 3569 3734 3636 ἡ

2159 3659 2558 3731 θαυματοποιία
2604 3660 2960 3730 προέρχεται,
3006 3659 3082 3724 ὼς
3135 3659 3200 3713 ἂν
3257 3660 3456 3731 μᾶλλον
3493 3676 3734 3729 προσεγ-

2157 3751 2329 3820 γίσειε
2391 3751 2458 3803 τὰ
2515 3751 2812 3819 φαινόμενα
2872 3751 2952 3822 τῷ
3007 3753 3392 3824 άπιστουμένω
3452 3753 3582 3822 περὶ
3637 3751 3736 3822 τὴν

2115 3893 2122 3898 .,
2159 3843 2458 3900 ἀνάστασιν
2497 3843 2757 3914 θαύματι.

469 3940 748 4002 cessisset,
791 3937 1128 4006 sandapilam
1185 3938 1402 4004 attigit:
1435 3945 1488 3992 et
1547 3937 1806 3992 continuo
1845 3939 1938 4007 qui
1999 3955 2118 3994 eam
2165 3940 2477 4010 portabant,
2519 3939 2900 3994 substiterunt.
2955 3938 3032 3994 lbi
3071 3946 3184 3992 tum
3225 3947 3467 4001 mortuo,
3505 3937 3736 3993 Iuvenis

472 4031 587 4096 (ait;
621 4028 716 4082 tibi
758 4028 901 4092 dico,
942 4029 1340 4098 expergiscere.
1385 4031 1560 4100 Atque
1601 4031 1702 4084 hoc
1741 4041 1899 4100 pacto
1935 4032 2059 4086 vitae
2103 4033 2410 4086 restitutum
2459 4033 2614 4084 matri
2661 4033 2846 4085 donat.
2889 4029 3030 4100 Ergo
3067 4030 3192 4084 huic
3227 4047 3335 4083 non
3379 4031 3576 4100 exiguo
3618 4031 3732 4098 jam

469 4123 540 4177 ab
576 4121 862 4176 intervallo
898 4133 1114 4176 mortuo
1153 4125 1317 4176 vitam
1358 4124 1617 4188 restituit,
1665 4140 1787 4178 cum
1829 4133 2038 4178 tantum
2081 4127 2458 4194 nonscpultus
2505 4133 2670 4180 esset.
2727 4123 2880 4190 Quod
2905 4124 3016 4192 jam
3043 4123 3364 4177 miraculum
3402 4123 3583 4192 priore
3619 4135 3736 4173 ma-

395 4265 398 4268 .
467 4213 559 4282 jus
584 4219 690 4270 est,
725 4226 1034 4280 quanquam
1069 4211 1256 4266 eodem
1300 4214 1572 4268 sermonis
1607 4215 1834 4282 imperio
1888 4215 1958 4268 sit
2010 4213 2290 4271 effectum.
2327 4215 2616 4270 Enimvero
2671 4214 2930 4268 Dominus
2986 4213 3052 4266 ad
3103 4214 3372 4268 excelsius
3405 4213 3566 4268 etiam
3603 4226 3736 4279 pro-

467 4305 674 4374 digium
709 4305 1070 4374 progreditur,
1129 4313 1188 4358 ut
1229 4307 1408 4375 potius
1465 4323 1558 4375 per
1598 4307 1916 4364 manifestas
1953 4309 2269 4366 affectiones
2317 4311 2384 4364 ad
2443 4309 2882 4366 resuscitationis
2937 4309 3258 4362 miraculum
3314 4307 3734 4371 accederemus,

475 4395 620 4464 quod
653 4397 949 4464 cmteruqui
983 4397 1200 4450 diflicile
1230 4397 1439 4450 creditu
1468 4407 1571 4451 est.

541 4491 750 4546 Aﬂlicta
777 4493 996 4562 quidam
1017 4493 1324 4548 valetudine
1352 4493 1578 4546 Domino
1603 4493 1886 4552 familiaris
1908 4505 1962 4552 et
1987 4512 2044 4548 a-
2077 4500 2120 4553 D

473 4585 649 4638 micus
671 4593 804 4646 erat,
823 4583 908 4638 cui
937 4599 1134 4638 nomen
1153 4583 1412 4638 Lazarus.
1433 4583 1587 4638 Hunc
1609 4601 1920 4655 quanquam
1947 4587 2050 4642 sibi

473 4691 684 4740 carum,
706 4675 938 4728 invisere
963 4685 1142 4729 tamen
1170 4675 1429 4732 Dominus
1453 4677 1689 4740 nolebat,
1715 4695 1838 4733 cum
1865 4681 2050 4750 procul

473 4769 544 4822 ab
577 4767 695 4837 ipso
724 4769 978 4822 abesset:
1018 4779 1074 4822 ut
1106 4769 1239 4823 satis
1269 4779 1322 4822 ct
1357 4769 1462 4823 loci
1498 4781 1552 4824 et
1581 4770 1858 4825 facultatis
1894 4773 2052 4826 morti

475 4869 624 4916 esset
654 4861 707 4914 in
739 4861 986 4914 absentia
1009 4861 1151 4922 vitm,
1171 4861 1238 4914 ad
1266 4861 1604 4917 efficiendum
1633 4863 1684 4918 id
1720 4864 1896 4918 morbi
1923 4879 2049 4934 ope,

477 4953 620 5022 quod
649 4952 751 5022 ipsi
773 4961 855 5006 est
879 4954 1179 5022 proprium.
1201 4952 1408 5006 Lazaro
1433 4953 1648 5023 quidem
1673 4955 1800 5024 quid
1825 4957 2055 5011 accidis-

477 5052 560 5096 set
587 5057 710 5094 cum
742 5052 925 5096 essent
955 5042 1006 5094 in
1036 5041 1276 5104 Galilaza,
1313 5041 1597 5112 discipulis
1625 5045 1862 5099 indicat:
1890 5055 2053 5115 atque

473 5137 636 5188 etiam
659 5133 1050 5201 profectionem
1070 5134 1136 5186 ad
1155 5135 1304 5186 illum
1333 5150 1507 5198 suam,
1545 5137 1890 5204 utjacentem
1914 5139 2056 5192 exci-

479 5233 640 5279 taret.
663 5223 856 5278 Sedilli
876 5240 1053 5278 rerum
1087 5241 1309 5279 suarum
1338 5227 1532 5295 trepidi
1567 5236 1786 5295 propter
1808 5229 2054 5282 immani-

479 5325 643 5370 tatem
687 5316 1028 5378 Judteorum,
1083 5333 1246 5386 grave
1285 5333 1348 5370 ac
1389 5319 1754 5386 periculosum
1795 5319 1896 5373 sibi
1938 5319 2053 5375 fore

479 5409 815 5471 Statuebant,
859 5410 903 5462 si
937 5409 1028 5461 tali
1057 5419 1298 5477 tempore
1343 5409 1396 5462 in
1423 5408 1662 5463 Juda‘am
1689 5411 1954 5476 redirent,
1989 5427 2053 5466 ac

481 5508 654 5556 semet
665 5501 953 5556 homicidis
975 5501 1292 5554 mactandos
1309 5502 1824 5570 praaberentJtaque
1843 5518 2052 5558 moram

483 5607 548 5646 ex
569 5609 718 5646 mora
743 5601 1044 5656 nectentcs,
1077 5607 1201 5647 sero
1234 5592 1449 5646 tandem
1477 5609 1507 5647 e
1531 5591 1748 5646 Galilzea
1775 5602 2056 5648 revertun-

485 5683 730 5738 tur.Nam
753 5683 961 5739 Domini
983 5693 1244 5754 potestas,
1263 5685 1502 5754 ipsorum
1525 5685 1932 5740 eratvolnntate
1965 5703 2057 5740 su-

489 5776 888 5847 perior.ltaque
914 5777 1473 5848 ducebanturabipso
1511 5778 1784 5847 discipuli,
1829 5791 1885 5832 ut
1915 5779 2056 5848 apud

487 5870 798 5926 Bethaniam
828 5872 980 5927 initia
1008 5873 1250 5943 mysterii
1281 5873 1346 5928 de
1371 5873 1792 5938 resurrectione,
1817 5889 1921 5942 qua
1957 5873 2056 5928 bo-

2231 4495 2475 4548 Ἦσθένει
2515 4511 2596 4555 τις
2621 4491 2728 4544 τῶν
2769 4490 3016 4562 συνήθων
3053 4489 3131 4560 τῷ
3177 4491 3365 4561 Κυρίῳ
3395 4492 3487 4544 καὶ
3539 4491 3734 4560 φίλων

2153 4587 2402 4656 Λάζαρος
2418 4586 2586 4656 ὄνομα
2607 4583 2684 4654 τῷ
2705 4581 3034 4636 ἀσθενοῦντι.
3059 4583 3168 4635 Καὶ
3197 4585 3538 4653 παραιτεῖται
3567 4585 3596 4636 ὁ
3625 4582 3738 4636 Κύ-

2158 4692 2270 4746 ριος
2297 4676 2394 4742 τὴν
2436 4673 2528 4726 τοῦ
2555 4671 2708 4741 φίλου
2754 4670 3060 4740 ἐπίσκεψιν,
3087 4672 3276 4742 πόρρω
3315 4672 3409 4724 τοῦ
3449 4673 3738 4738 νοσοῦντος

2155 4767 2467 4836 γενόμενος,
2495 4765 2570 4827 ὡς
2595 4765 2660 4818 ἂν
2691 4763 2838 4835 εὖροι
2871 4763 3052 4834 χώραν
3084 4765 3178 4816 καὶ
3204 4763 3430 4834 δύναμιν
3453 4765 3510 4818 ἐν
3537 4769 3604 4836 τῇ
3635 4767 3736 4835 τῆς

2159 4859 2304 4928 ζωῆς
2325 4857 2562 4927 ἀπουσίᾳ
2581 4857 2642 4910 τὸ
2670 4857 2800 4910 ἴδιον
2825 4856 3152 4928 ἐργάζεσθαι
3172 4856 3256 4909 διὰ
3277 4857 3376 4925 τῆς
3397 4857 3553 4909 νόσου
3583 4861 3612 4910 ό
3643 4859 3738 4912 θά-

2159 4969 2338 5014 νατος.
2371 4950 2580 5021 Μηνόει
2604 4954 2711 5014 τοῖς
2738 4951 3004 5022 μαθηταῖς
3023 4953 3050 5002 ὁ
3077 4949 3276 5019 Κύριος
3299 4950 3438 5002 κατὰ
3459 4951 3560 5019 τὴν
3583 4951 3738 5003 Γαλι-

2160 5045 2316 5098 λαίαν
2340 5044 2401 5096 τδ
2419 5045 2544 5114 περὶ
2567 5044 2658 5096 τὸν
2679 5029 2927 5114 Λάζαρον
2951 5043 3119 5107 πάθος
3139 5060 3151 5074 '
3183 5041 3316 5095 ἀλλὰ
3345 5042 3438 5094 καὶ
3469 5043 3568 5112 τὴν
3599 5043 3738 5114 πρὸς

2159 5135 2320 5189 αὑτὸν
2345 5134 2539 5206 ὁρμὴν,
2558 5136 2640 5202 ἐφ’
2722 5151 2780 5185 τε
2800 5134 3150 5204 διαναστῆσαι
3173 5134 3262 5186 τὸν
3285 5133 3551 5203 κείμενον.
3575 5135 3738 5205 Περι-

2159 5229 2296 5290 δεεῖς
2328 5228 2384 5280 δὲ
2406 5223 2544 5297 ἦσαν
2567 5229 2760 5280 ἐκεῖνοι
2785 5226 2872 5280 διὰ
2895 5227 2992 5297 τὴν
3017 5226 3124 5277 τῶν
3165 5225 3431 5279 Ἰουδαίων
3451 5226 3734 5297 ὠμότητα,

2160 5320 2394 5390 χαλεπὸν
2420 5321 2512 5372 καὶ
2543 5319 2857 5381 κινδυνῶδες
2895 5317 3201 5388 ποιούμενοι
3231 5317 3291 5370 τὸ
3321 5318 3480 5371 πάλιν
3515 5321 3606 5371 ἐπὶ
3635 5319 3734 5390 τῆς

2172 5411 2428 5473 Ἰουδαίας
2465 5412 2521 5462 ὲν
2553 5411 2700 5480 μέσῳ
2725 5411 2832 5462 τῶν
2877 5409 3154 5478 φονιὶῖντων
3199 5409 3468 5477 γενέσθαι.
3501 5411 3608 5462 Καὶ
3647 5409 3736 5462 διὰ

2161 5504 2314 5556 τοῦτο
2350 5503 2628 5571 μέλλοντες
2659 5502 2751 5555 καὶ
2781 5501 3216 5569 ἀναϐαλλόμενοι,
3250 5499 3422 5570 χρόνῳ
3455 5501 3732 5553 ποιοῦνται

2161 5594 2257 5662 τὴν
2274 5593 2381 5645 ἀπὸ
2399 5594 2496 5662 τῆς
2519 5591 2804 5654 Γαλιλαίας
2826 5591 3099 5644 ἐπάνοδον.
3119 5589 3444 5660 Κατεκράθη
3463 5589 3570 5660 γάρ
3590 5596 3620 5660 ἡ
3645 5589 3736 5656 ἐξ·

2164 5685 2336 5747 ουσία,
2365 5685 2456 5738 καὶ
2480 5684 2672 5754 ’ἤγοντο
2703 5683 2853 5753 παρὰ
2873 5682 2968 5734 τοῦ
2993 5681 3194 5753 Κυρίου
3215 5683 3262 5734 oi
3288 5680 3543 5752 μαθηταὶ,
3571 5681 3732 5734 οἱονεὶ

2163 5777 2230 5830 τὰ
2263 5776 2547 5846 προτέλεια
2585 5779 2680 5844 τῆς
2716 5774 3004 5842 καθολικῆς
3033 5773 3374 5835 ἀναστάσεως
3403 5774 3460 5825 ἐν
3493 5769 3730 5841 Βηθανίᾳ

2171 5870 2584 5942 μυηθησόμενοι.
2619 5868 2891 5938 Τέσσαρες
2915 5863 3052 5939 ἦσαν
3079 5865 3178 5938 ἤδη
3214 5865 3350 5936 μετὰ
3387 5865 3447 5918 τὸ
3477 5864 3646 5928 πάθος
3673 5865 3728 5916 αί
