3996 6472
258 384 385 473 ω’

1503 418 1590 473 DE
1634 415 1847 471 HOMIN
1855 416 1914 469 IS
1948 413 2261 470 OPIFICIO.

3396 407 3499 462 29.9.

258 526 475 597 ἡμέραν
502 528 676 580 πάντα
703 527 1056 599 ἐπεπλήρωτο
1081 530 1156 601 τῷ
1179 532 1545 600 κατοιχομένῳ
1568 530 1636 581 τὰ
1664 546 1816 599 νομι-

1922 528 2126 580 minum
2160 522 2452 593 aliquando
2490 538 2661 592 genus
2698 522 3024 578 excitabitur
3061 523 3331 584 universe.
3370 540 3495 593 per-

257 618 472 690 ζόμενα,
514 620 667 689 τάφῳ
695 621 1003 692 κατεκρύὸη
1037 622 1096 674 τὸ
1141 622 1317 691 σῶμα.
1362 622 1649 691 Ἐξῳδήκει
1680 624 1820 675 κατά

255 713 314 764 τὸ
336 710 479 775 εἰκὸς
507 711 628 782 ἥδη,
660 713 752 765 καὶ
775 714 910 784 πρὸς
938 714 1231 785 διαφθορὰν
1263 714 1517 772 διελύετο,
1553 714 1818 784 μυδῶντος

255 802 309 853 ἐν
337 801 414 871 τῷ
451 802 647 871 εὑρώτι
680 801 779 867 τῆς
798 804 919 872 γῆς,
946 807 1038 856 καὶ
1059 804 1436 867 διαπίπτοντος
1462 806 1549 856 ὑπ’
1577 806 1819 875 ἀνάγκης

251 892 342 943 τού
369 891 637 961 σώματος.
659 894 889 945 Φευκτὸν
914 890 981 965 ἦν
1008 896 1067 947 τὸ
1096 897 1343 965 πρᾶγμα,
1368 896 1690 966 βιαζομένης
1718 897 1817 965 τῆς

254 981 464 1048 φύσεως
506 982 567 1035 τὸ
598 982 843 1035 διαλυθὲν
885 987 963 1045 εἰς
1007 986 1270 1039 δυσωδίαν
1317 987 1619 1040 ἀποδιδόναι
1654 988 1816 1041 πάλιν

252 1073 327 1141 τῷ
354 1074 473 1143 ζῇν.
520 1074 651 1127 Τότε
697 1074 757 1126 τὸ
788 1074 1183 1144 ἀπιστούμενον
1222 1078 1321 1146 τῆς
1364 1078 1656 1148 καθολικῆς
1686 1081 1816 1132 ἀνα-

257 1165 494 1226 στάσεως
543 1164 701 1234 ἔργον
745 1164 811 1217 δι’
846 1165 1235 1236 ἐναργεστέρου
1276 1167 1369 1221 τοῦ
1420 1168 1694 1239 θαύματος
1737 1172 1815 1232 εἰς

252 1256 517 1322 ἀπόδειξιν
546 1259 752 1323 ἄγεται.
804 1258 936 1311 υύδὲ
971 1257 1078 1329 γὰρ
1123 1263 1186 1311 ἐκ
1227 1260 1380 1313 νόσου
1412 1278 1495 1325 τις
1537 1262 1815 1315 ἀνίσταται

252 1348 508 1419 χαλεπῆς,
550 1349 669 1401 ούδέ
705 1350 841 1420 πρὸς
878 1353 997 1411 ταῖς
1043 1350 1377 1414 τελευταίαις
1406 1351 1481 1406 ὢν
1527 1354 1815 1417 ἀναπνοαῖς

252 1443 327 1502 είς
369 1441 467 1508 τὴν
520 1440 661 1511 ζωὴν
710 1441 1058 1509 ἐπανάγεται,
1111 1443 1229 1495 οὐδὲ
1280 1443 1495 1497 παιδίον
1528 1444 1814 1515 ἀρτιθανὲς

251 1532 603 1595 ζωοποιεῖται,
628 1532 745 1585 οὐδὲ
773 1532 978 1602 μέλλων
1007 1534 1082 1604 τῷ
1108 1535 1263 1605 τάφῳ
1287 1536 1653 1606 προσάγεσθαι
1687 1554 1813 1590 νεα-

249 1623 365 1685 νίας
400 1623 559 1676 πάλιν
598 1625 660 1676 ἐκ
707 1625 805 1694 τῆς
848 1625 1004 1695 σοροῦ
1046 1626 1363 1680 ἀναλύεται·
1396 1628 1511 1681 ἀλλ’
1541 1628 1678 1699 ἀνὴρ
1708 1629 1811 1681 τῶν

250 1716 485 1787 ἐξώρων,
524 1716 734 1787 νεκρδς,
771 1717 953 1780 ἕωλος,
990 1717 1271 1789 ἐξῳδηκὼς
1301 1718 1419 1789 ἤδη,
1452 1720 1545 1772 καὶ
1583 1719 1810 1789 λελυμέ-

248 1826 355 1871 νος,
379 1810 454 1872 ώς
490 1810 621 1879 μηδέ
654 1812 764 1873 τοῖς
800 1810 1123 1879 ἐπιτηδείοις
1151 1812 1373 1863 ἀνεκτὸν
1408 1807 1544 1865 εἶναι
1578 1830 1809 1883 προσεγ-

248 1901 396 1967 γίσαι
445 1900 521 1971 τῷ
565 1903 719 1972 τάφῳ
766 1902 854 1954 τὸν
912 1903 1145 1973 Κύριον,
1198 1902 1286 1955 διά
1341 1902 1438 1974 τὴν
1488 1905 1810 1975 ἐγκειμένην

248 1992 439 2061 ἀηδίαν
493 1993 586 2045 τοῦ
645 1994 1080 2058 διαπεπωκότος
1129 1996 1411 2066 σώματος,
1472 1998 1572 2067 μιᾷ
1622 2000 1811 2068 κλήσει

248 2080 603 2151 ζωοποιηθεὶς
624 2082 907 2135 πιστοῦται
936 2083 995 2136 τὸ
1024 2085 1283 2154 κήρυγμα
1311 2086 1409 2155 τῆς
1443 2086 1810 2151 ἀναστάσεως,

246 2173 390 2227 τοῦτ’
431 2174 565 2236 ἔστι,
594 2174 652 2226 τὸ
684 2174 775 2226 ἐπὶ
815 2175 906 2227 τοῦ
954 2174 1131 2227 κοινοῦ
1166 2174 1630 2245 προσδοκώμενον,
1664 2178 1693 2230 ὃ
1722 2180 1813 2230 ἐπὶ

250 2265 446 2335 μέρους
472 2266 535 2334 τῇ
576 2264 739 2334 πείρα
774 2263 1067 2334 ἐμάθομεν.
1102 2265 1368 2335 Καθάπερ
1399 2265 1504 2336 γάρ
1538 2267 1594 2319 ἐν
1623 2270 1686 2337 τῇ
1719 2268 1811 2319 τοῦ

247 2358 445 2420 παντὸς
491 2357 945 2426 ἀναστοιχειώσει,
974 2357 1135 2426 φησὶν
1192 2358 1220 2409 ὁ
1256 2358 1595 2422 Ἀπόστολος,
1650 2359 1810 2411 αὑτὸν

246 2447 652 2518 καταδήσεσθαι
700 2448 791 2500 τὸν
821 2446 1023 2519 Κύριον
1071 2451 1127 2501 ἐν
1170 2447 1517 2518 κελεύσματι.
1568 2452 1625 2502 ἐν
1660 2453 1807 2520 φωνῇ

244 2540 601 2609 ἀρχαγγέλου,
637 2539 729 2592 καί
766 2539 851 2592 διὰ
889 2540 1182 2609 σάλπιγγος
1231 2541 1309 2602 είς
1349 2540 1654 2612 ἀφθαρσίαν
1685 2544 1810 2605 τοὺς

244 2632 470 2700 νεκροὺς
507 2630 762 2701 διαναστή
774 2648 882 2683 σειν
899 2648 912 2660 ο
950 2631 1091 2683 οὕτω
1116 2631 1207 2683 καὶ
1248 2631 1341 2683 νῦν
1368 2627 1475 2685 οἷόν
1501 2651 1618 2685 τινα
1642 2631 1809 2687 ὕπνον

244 2720 336 2773 τὸν
385 2721 631 2788 θάνατον,
675 2724 739 2792 τῇ
778 2724 925 2792 φωνῇ
975 2722 1069 2775 τοῦ
1122 2722 1539 2793 προστάγματος
1581 2726 1609 2776 ὁ
1647 2727 1702 2776 ἐν
1736 2724 1813 2795 τῷ

244 2812 401 2880 τάφῳ
457 2812 906 2882 ἀποσεισάμενος,
956 2814 1051 2865 καὶ
1100 2812 1425 2877 ἀποτινάξας
1479 2815 1672 2869 ἑαυτοῦ
1714 2816 1813 2887 τὴν

244 2904 630 2975 ἐπιγινομένην
681 2904 975 2975 διαφθορὰν
1016 2908 1082 2976 τῇ
1130 2907 1438 2977 νεκρότητι,
1479 2908 1661 2978 ἄρτιος
1722 2910 1815 2960 καὶ

246 2995 386 3058 σῶος
423 2996 514 3048 τοῦ
548 2998 716 3065 τάφου
750 2996 1049 3061 ἐξάλλεται,
1087 2997 1222 3067 μηδέ
1250 2998 1326 3067 τῷ
1347 2999 1529 3068 δεσμῷ
1552 2998 1657 3052 τῶν
1686 3000 1814 3069 περὶ

244 3088 371 3147 τοὺς
399 3086 562 3150 πόδας
613 3088 835 3150 καὶτὰς
878 3090 1064 3160 χεῖρας
1111 3088 1333 3157 κειριῶν
1365 3088 1625 3151 κωλυθεὶς
1677 3089 1813 3159 πρὸς

244 3178 346 3249 τὴν
374 3178 568 3242 ἔξοδον.

1921 619 2184 686 ciperent.
2215 614 2335 669 Toti
2361 616 2474 681 jam
2508 613 2626 667 dies
2661 622 2817 667 erant
2840 614 3007 683 elapsi
3031 622 3307 684 quatuor:
3341 614 3495 684 justa

1918 719 2139 762 mortuo
2167 708 2277 775 jam
2318 706 2526 775 pridem
2566 704 2742 771 facta;
2777 720 2978 775 corpus
3012 707 3267 775 sepulcro
3296 707 3494 760 condi-

1919 809 2053 854 tum.
2098 800 2153 853 Id
2187 816 2319 853 vero
2347 800 2525 853 simile
2558 807 2640 853 est
2664 799 2776 867 jam
2814 806 2927 851 tum
2964 800 3310 859 intumuisse.
3344 816 3496 855 com-

1919 900 2281 960 paratumque
2322 891 2387 943 ad
2431 890 2709 945 interitum
2746 890 2935 949 fuisse.
2976 892 3242 945 cadavere
3280 893 3399 960 ipso
3436 893 3494 945 in

1918 980 2105 1033 illuvie
2134 988 2292 1033 teme
2330 981 2640 1034 necessario
2677 978 2974 1032 dillluente.
3019 979 3123 1033 Res
3163 981 3277 1048 ipsa
3315 980 3492 1042 fwda,

1920 1079 2238 1140 tantumque
2262 1088 2367 1125 non
2400 1071 2785 1131 abominanda.
2809 1070 2925 1139 cogi
2957 1070 3213 1123 nimirum
3238 1081 3493 1125 naturam

1917 1164 1968 1217 id
2000 1163 2144 1232 quod
2174 1164 2285 1233 jam
2321 1165 2393 1217 ita
2428 1162 2789 1225 dissolvisset,
2824 1170 2880 1215 ut
2914 1162 3072 1230 plane
3109 1161 3300 1217 feteret
3322 1203 3336 1225 .
3371 1163 3493 1216 vita:

1916 1257 2222 1311 restituere.
2257 1257 2446 1325 Itaque
2476 1266 2588 1308 tum
2615 1255 2755 1307 haud
2784 1254 2948 1308 dubie
2975 1253 3225 1323 prodigio
3248 1256 3489 1322 quodam

1916 1351 2229 1412 illustriori,
2264 1365 2436 1418 genus
2470 1350 2769 1402 humanum
2805 1348 3060 1403 universe
3098 1347 3390 1418 aliquando
3426 1363 3493 1400 ex

1915 1450 2088 1496 morte
2106 1441 2454 1495 excitandum
2477 1456 2620 1501 esse.
2640 1440 3069 1494 demonstratum
3088 1446 3191 1492 est.
3213 1436 3327 1491 Non
3348 1438 3495 1491 enim

1914 1536 2061 1605 gravi
2101 1535 2225 1605 quis
2264 1535 2453 1588 morbo
2492 1535 2721 1597 levatur,
2760 1548 2938 1602 neque
2978 1534 3024 1587 is
3063 1532 3154 1600 qui
3190 1512 3493 1586 extremum

1914 1628 2149 1682 ducebat
2183 1627 2460 1697 spiritum,
2488 1628 2611 1693 vita:
2628 1626 2963 1691 restituitur,
2988 1640 3166 1694 neque
3197 1626 3373 1694 puella
3409 1640 3491 1679 re~

1913 1734 2045 1774 cens
2072 1727 2281 1772 mortua
2309 1718 2475 1771 vitam
2503 1730 2813 1788 recuperat,
2840 1717 3491 1789 nequejuvenisjamjam

1915 1810 2261 1879 sepeliendus
2293 1808 2360 1863 de
2389 1808 2669 1879 sandapila
2710 1811 2985 1873 eximitur,
3020 1808 3111 1863 sed
3150 1809 3309 1862 homo
3338 1818 3495 1861 aetate

1916 1903 2219 1973 provectior
2234 1901 2556 1971 jampridem
2577 1911 2843 1965 mortuus,
2863 1902 3160 1966 marcidus,
3178 1911 3494 1970 putrescens

1917 2011 1981 2049 ac
2006 1996 2278 2058 diﬂluens,
2306 1995 2465 2064 cujus
2492 1994 2559 2048 ad
2593 1996 2887 2059 tumulum,
2920 2004 3142 2065 propter
3166 1994 3367 2048 foedum
3402 2009 3495 2047 ca-

1916 2088 2132 2142 daveris
2164 2086 2411 2150 halitum,
2445 2094 2503 2139 ut
2535 2085 2797 2141 Dominus
2818 2086 3125 2149 accederet,
3149 2086 3239 2139 vix
3263 2085 3365 2154 ipsi
3395 2100 3493 2139 ne-

1917 2178 2139 2234 cessarii
2170 2176 2450 2233 ferendum
2483 2178 2889 2232 existimabant.
2925 2176 3023 2230 llic
3056 2193 3187 2246 ergo
3220 2192 3325 2230 una
3362 2192 3494 2231 voce

1916 2272 2083 2323 vitam
2116 2284 2469 2338 recuperans,
2496 2268 2655 2324 [idem
2691 2269 2953 2323 doctrina:
2991 2270 3059 2324 de
3092 2272 3495 2325 resurrectione

1920 2362 2199 2423 conciliat,
2237 2368 2295 2414 ut
2321 2361 2433 2428 jam
2468 2360 2540 2413 sit
2571 2361 2996 2428 exspectandum
3037 2360 3313 2420 universe,
3349 2359 3492 2429 quod

1921 2454 2083 2508 certis
2138 2453 2190 2505 in
2240 2452 2487 2522 partibus
2524 2450 2859 2520 experientia
2899 2464 3085 2503 verum
3122 2464 3244 2505 esse
3283 2448 3493 2504 docuit.

1916 2542 2077 2609 Nam,
2114 2552 2173 2597 ut
2201 2543 2496 2613 Apostolus
2525 2541 2799 2595 memoriae
2828 2539 3086 2610 prodidit,
3127 2554 3191 2593 eo
3226 2550 3495 2607 tempore,

1914 2653 2023 2707 quo
2058 2637 2451 2691 instaurabitur
2481 2634 2811 2689 universitas
2845 2648 3051 2694 rerum,
3092 2631 3378 2686 Dominum
3414 2632 3496 2700 ip-

1915 2744 2034 2783 smn
2068 2727 2300 2797 quadam
2330 2726 2491 2795 quasi
2510 2740 2630 2779 cum
2659 2724 2880 2777 militari
2910 2724 3364 2779 conclamatione.
3398 2736 3498 2791 per

1914 2836 2100 2874 vocem
2156 2819 2464 2872 divinorum
2518 2817 2834 2871 nuntiorum
2885 2816 3179 2885 principis,
3233 2832 3297 2869 ac
3347 2816 3497 2870 tuba:

1885 2914 2221 2983 oclangorem
2257 2919 2504 2966 mortuos
2535 2911 2599 2965 ad
2627 2909 2995 2964 conditionem
3027 2910 3280 2964 interitus
3305 2924 3498 2978 exper-

1913 3013 2019 3059 tem
2049 3003 2435 3058 suscitaturum
2454 3003 2501 3034 ⁸ο
2526 3022 2538 3057 :
2573 3002 2652 3056 sic
2674 3016 2819 3055 nunc
2842 3001 3002 3055 etiam
3025 2999 3262 3055 Lazarus
3286 3000 3503 3054 tumulo

1919 3094 2207 3156 conditus,
2254 3093 2318 3147 ad
2364 3109 2549 3147 vocem
2587 3094 2984 3163 imperiumque
3021 3092 3230 3146 Domini
3269 3101 3498 3146 mortem

1921 3184 2093 3238 instar
2130 3185 2306 3238 somni
2346 3181 3157 3252 excutiens,etputret‘actione,
3192 3197 3313 3251 quae
3350 3197 3498 3233 mor-

247 3284 402 3328 tuum
438 3276 696 3330 continuo
731 3283 1112 3346 occupaverat,
1153 3275 1359 3345 abjecta
1390 3293 1404 3329 :
1438 3276 1645 3347 integer
1666 3285 1717 3331 et
1742 3278 2029 3334 incolumis
2059 3279 2126 3333 de
2158 3281 2409 3348 sepulcro
2427 3277 2661 3348 prosilit,
2690 3293 2757 3332 ne
2784 3277 3017 3331 vinculis
3045 3276 3264 3346 quidem
3294 3275 3496 3344 ipsum,

246 3372 449 3443 quibus
491 3387 615 3428 cum
638 3371 1134 3441 manustumpedes
1165 3382 1320 3427 erant
1352 3374 1658 3436 constricti,
1699 3373 2145 3443 impedientibus.

319 3462 466 3535 ἸἈρα
508 3464 679 3534 μικρά
715 3464 883 3517 ταῦτα
931 3466 1067 3535 πρὸς
1100 3467 1281 3520 πίστιν
1318 3470 1416 3539 τῆς
1457 3468 1565 3520 τῶν
1614 3468 1819 3538 νεκρῶν

1996 3469 2197 3539 Ecquid
2217 3468 2333 3522 hare
2348 3469 2412 3520 ad
2432 3463 2857 3521 conttrmandam
2876 3462 2942 3519 de
2963 3463 3355 3518 resurrectione
3374 3475 3499 3530 per-

245 3554 627 3617 ἀναστάσεως;
681 3552 741 3604 Εἰ
784 3552 965 3622 ζητεῖς
1014 3555 1105 3606 καὶ
1151 3556 1217 3606 δι’
1274 3556 1475 3626 ἐτέρων
1521 3556 1821 3625 βεὸαιωθῆ-

245 3642 337 3693 ναί
391 3658 473 3692 σοι
524 3640 621 3709 τὴν
675 3640 800 3710 περὶ
848 3639 1037 3692 τούτου
1099 3642 1311 3712 κρίσιν;
1361 3643 1496 3695 ἀλλά
1546 3661 1633 3713 μοι
1680 3643 1825 3695 δοκεῖ

249 3730 328 3800 μὴ
383 3730 561 3798 μάτην
619 3730 730 3790 τοῖς
788 3728 927 3781 κατά
976 3731 1347 3801 Καφαρναοὺμ
1388 3732 1685 3802 εἰρηκέναι.
1749 3731 1823 3793 ώς

245 3820 315 3870 ἐκ
360 3814 650 3887 προσώπου
696 3815 802 3867 τῶν
840 3814 1139 3885 ἀνθρώπων
1172 3819 1200 3868 ὁ
1247 3816 1447 3889 Κύριος
1489 3818 1643 3869 τοῦτο
1688 3818 1824 3886 πρὸς

246 3908 443 3959 ἐαυτὸν
480 3904 682 3972 λέγων·
716 3924 732 3955 ι
773 3894 993 3967 Πάντως
1034 3904 1210 3976 ἐρεῖτέ
1253 3924 1342 3976 μοι
1370 3905 1466 3975 τὴν
1512 3906 1823 3976 παραϐολὴν

244 3995 474 4064 ταύτην
532 3993 720 4062 Ίατρὲ,
765 3975 1095 4062 θεράπευσον
1124 3992 1369 4046 σεαυτόν.
1394 4010 1410 4041 ι
1432 3993 1576 4046 Ἔδει
1606 3994 1714 4065 γὰρ
1768 3997 1824 4047 ἐν

246 4084 458 4152 ἑτέροις
510 4080 724 4150 σώμασι
774 4081 1169 4153 προσεθίσαντα
1212 4083 1337 4143 τοὺς
1386 4081 1703 4152 ἀνθρώπους
1747 4081 1825 4152 τῷ

247 4170 395 4223 κατά
426 4170 522 4239 τὴν
553 4170 844 4222 ἀνάστασιν
870 4169 1126 4238 θαύματι,
1158 4171 1214 4222 ἐν
1245 4168 1321 4239 τῷ
1361 4169 1481 4222 καθ’
1517 4171 1705 4222 ἐαυτὸν
1733 4173 1825 4224 άν-

247 4258 457 4327 θρώπῳ
492 4256 782 4327 βεϐαιῶσαι
830 4257 919 4309 τὸν
948 4257 1123 4325 λόγον.
1160 4254 1309 4320 Εἶδες
1348 4258 1404 4309 ἐν
1447 4258 1650 4328 ἑτέροις
1672 4260 1823 4330 ἐνερ-

246 4346 349 4413 γὸν
392 4344 451 4396 τὸ
485 4346 763 4415 κήρυγμα.
822 4344 960 4408 Τοὺς
1010 4344 1357 4416 τεθνήξεσθαι
1411 4345 1721 4415 μέλλοντας,
1766 4347 1825 4399 τὸ

248 4432 467 4485 παιδίον
513 4431 572 4483 τὸ
619 4430 711 4483 τοῦ
744 4431 842 4502 ζῇν
883 4432 1004 4502 ἄρτι
1042 4435 1409 4502 παυσάμενον,
1442 4437 1536 4485 τὸν
1574 4435 1708 4504 πρὸς
1750 4435 1825 4505 τῷ

246 4520 412 4588 τάφῳ
448 4518 683 4580 νεανίαν,
719 4518 809 4581 τὸν
841 4518 1158 4590 διεφθορότα
1202 4520 1413 4590 νεκρὸν,
1451 4522 1657 4583 πάντας
1688 4523 1827 4575 κατά

246 4606 314 4657 τὸ
346 4601 462 4657 ἴσον
488 4607 566 4657 ἐνί
595 4607 975 4675 προστάγματι
1011 4607 1144 4677 πρὸς
1173 4606 1268 4677 τὴν
1308 4608 1449 4677 ζωὴν
1477 4608 1822 4673 ἀναλύοντας.

247 4696 447 4761 Ζητεῖς
479 4695 573 4746 καὶ
608 4696 732 4757 τοὺς
764 4694 854 4747 διὰ
895 4696 1224 4767 τραυμάτων
1258 4696 1351 4748 καὶ
1383 4696 1607 4767 αἵματος
1645 4700 1702 4751 ἐν
1749 4699 1827 4767 τῷ

248 4782 473 4850 θανάτῳ
516 4782 825 4849 γεγονότας,
859 4786 933 4852 μή
979 4800 1063 4845 τις
1110 4785 1202 4835 ἐπὶ
1252 4784 1454 4836 τούτων
1491 4785 1675 4837 ἀτονία
1729 4786 1827 4854 τῆς

246 4867 523 4931 ζωοποιοῦ
546 4868 825 4937 δυνάμεως
852 4868 953 4942 λύῃ
986 4870 1084 4940 τὴν
1108 4871 1300 4941 χάριν;
1331 4867 1449 4924 Εἷδε
1477 4872 1568 4923 τὸν
1601 4873 1658 4923 ἐν
1677 4872 1825 4942 ἥλοις

243 4943 714 5026 διαπερονηθέντα
749 4956 846 5018 τὰς
901 4959 1104 5026 χεῖρας.
1154 4954 1274 5009 Εἷδε
1325 4958 1414 5010 τὸν
1462 4958 1559 5028 τὴν
1594 4958 1832 5029 πλευράν

246 5044 425 5113 λόγχῃ
452 5044 808 5113 διαπαρέντα.
841 5043 1095 5110 Διένεγκε
1123 5046 1248 5108 τοὺς
1286 5045 1579 5107 δακτύλους
1616 5063 1705 5097 σου
1746 5045 1831 5098 διὰ

242 5133 363 5184 τῶν
386 5132 573 5185 τύπων
602 5133 709 5184 τῶν
733 5133 896 5201 ἥλων.
931 5134 1173 5202 Ἔμϐαλε
1202 5134 1303 5204 τὴν
1334 5134 1489 5204 χεῖρά
1532 5152 1623 5186 σου
1652 5134 1727 5205 τῷ
1767 5137 1830 5188 ἐκ

246 5221 356 5288 τῆς
389 5219 591 5288 λόγχης
628 5220 931 5291 τραύματι.
966 5220 1205 5290 Στοχάζῃ
1252 5222 1465 5285 πάντως
1509 5224 1601 5274 ἐπὶ
1646 5224 1829 5275 πόσων

247 5308 404 5369 οἰκὸς
442 5303 510 5376 ἦν
548 5308 626 5369 εἰς
658 5308 718 5358 τὸ
751 5308 901 5369 ἐντὸς
942 5309 1039 5377 τὴν
1068 5310 1271 5379 αἰχμὴν
1303 5309 1564 5372 διαδῦναι,
1604 5311 1692 5364 διὰ
1735 5312 1828 5365 τοῦ

248 5396 496 5457 πλάτους
534 5395 631 5464 τῆς
662 5395 911 5464 ὠτειλῆς,
940 5397 1038 5466 τὴν
1068 5398 1158 5449 ἐπὶ
1194 5396 1252 5448 τὸ
1290 5396 1395 5449 ἔσω
1427 5398 1656 5469 πάροδον
1687 5399 1831 5467 λογι-

248 5481 507 5551 ζόμενος.
546 5483 607 5533 Ἠ
640 5481 748 5552 γὰρ
798 5481 997 5534 εἴσοδον
1047 5482 1227 5553 χειρὸς
1272 5484 1616 5555 ἀνθρωπίνης
1650 5487 1831 5555 χωρή-

249 5588 402 5623 σασα
433 5570 635 5640 πληγὴ,
668 5572 831 5623 πόσον
863 5571 1012 5633 ἐντὸς
1038 5570 1133 5622 τοῦ
1171 5570 1363 5641 βάθους
1395 5573 1720 5642 γεγενῆσθαι
1742 5575 1832 5627 τὸν

249 5660 481 5731 ςίδηρον
534 5660 936 5725 ὑποδείκνυσιν;
969 5661 1028 5712 Εἰ
1078 5657 1170 5713 οὖν
1213 5656 1365 5723 οὗτος
1403 5663 1715 5733 ἐγήγερται,
1742 5662 1829 5715 εὖ·

328 5847 374 5877 ’⁸
409 5845 427 5898 ι
462 5843 656 5899 Thess.
690 5861 761 5909 tv,
796 5846 859 5900 l9
892 5861 1010 5915 sqq.
1086 5846 1125 5876 ”
1170 5844 1298 5899 Luc.
1338 5862 1407 5910 tv,
1449 5846 1539 5900 εὖ.

1923 3560 2234 3614 suasionem
2262 3558 2399 3613 levia
2434 3558 2529 3611 tibi
2560 3555 2851 3611 videntur?
2874 3556 3108 3609 etiamne
3134 3553 3264 3623 quid
3294 3553 3362 3607 de
3397 3553 3501 3605 hac

1922 3651 2128 3704 certius
2158 3650 2484 3705 desideras?
2527 3648 2644 3703 Non
2681 3657 2884 3701 temere
2923 3647 3053 3700 mihi
3096 3645 3358 3699 Dominus
3396 3645 3501 3699 hoc

1923 3741 2064 3811 apud
2092 3741 2614 3811 Capharnaumanos
2644 3742 2813 3803 cives,
2854 3749 3108 3807 tanquam
3158 3749 3225 3792 ex
3256 3738 3499 3805 ipsorum

1923 3848 2153 3903 persona
2180 3833 2385 3889 dixisse
2410 3834 2660 3888 videtur:
2686 3853 2701 3883 ι
2724 3832 2959 3886 Omnino
2990 3831 3120 3883 mihi
3151 3830 3333 3883 tritum
3369 3829 3501 3883 illud

1923 3924 2201 3977 hominum
2232 3926 2586 3992 usurpatione
2627 3923 2848 3976 verbum
2878 3920 3135 3988 objicitis,
3168 3918 3391 3983 Medice,
3419 3926 3502 3971 te-

1924 4014 2101 4084 ipsum
2127 4016 2396 4068 curato".
2427 4034 2445 4066 ι
2475 4013 2609 4067 Nam
2636 4028 2732 4082 par
2757 4022 2892 4075 erat,
2917 4018 2975 4064 ut
3006 4011 3097 4079 qui
3132 4010 3377 4063 homines
3408 4024 3503 4078 per

1923 4105 2068 4159 edita
2098 4105 2151 4158 in
2186 4106 2377 4160 alienis
2415 4105 2740 4174 corporibus
2782 4103 3044 4157 miracula
3089 4100 3503 4155 contlocefacie-

1924 4196 2047 4259 bat,
2083 4205 2141 4249 ut
2180 4198 2634 4251 resurrectionem
2675 4194 2792 4250 fore
2829 4194 3136 4255 crederent,
3158 4192 3297 4245 idem
3336 4193 3502 4246 etiam

1927 4290 2020 4343 illo
2047 4290 2099 4343 in
2121 4305 2345 4360 corpore
2368 4290 2510 4359 quod
2534 4304 2563 4342 a
2589 4290 2746 4343 nobis
2774 4296 3082 4357 sumpserat
3101 4284 3501 4355 comprobaret.

1924 4380 1983 4435 In
2018 4381 2141 4435 aliis
2176 4382 2480 4437 doctrinam
2511 4381 2652 4435 hanc
2681 4380 2975 4436 efﬁcaciter
3004 4380 3336 4433 declaratam
3369 4390 3504 4429 con-

1926 4476 2303 4545 ﬁrmatamque
2324 4474 2531 4529 vidisti.
2553 4471 2711 4527 Morti
2740 4470 3286 4541 proximos,puellam
3312 4483 3506 4522 recens

1926 4574 2218 4626 mortuam,
2244 4565 2497 4634 juvenem
2526 4562 2764 4617 delatum
2795 4562 2958 4615 etiam
2983 4560 3049 4612 ad
3084 4560 3373 4620 tumulum,
3408 4571 3503 4610 ea-

1926 4658 2094 4712 daver
2120 4657 2354 4726 denique
2372 4664 2695 4725 putrescens
2716 4669 2729 4705 :
2752 4667 2944 4707 omnes
2959 4652 3058 4706 hos
3080 4650 3145 4704 ad
3173 4650 3333 4703 unius
3355 4648 3506 4703 vocis

1929 4751 2212 4819 imperium
2255 4756 2431 4803 morte
2462 4748 2682 4811 relicta,
2728 4760 2921 4801 rursus
2970 4747 3025 4798 in
3063 4744 3228 4796 vitam
3273 4741 3504 4795 commi-

1866 4830 1908 4882 Ι)
1936 4849 2155 4913 grantes
2181 4840 2386 4893 vidisti.
2414 4837 2605 4892 Jamne
2639 4844 2691 4892 et
2726 4837 2850 4890 illos
2886 4835 3068 4890 videre
3112 4835 3260 4889 lubet
3299 4832 3507 4889 excita-

1937 4943 2048 4996 tos,
2088 4934 2179 5001 qui
2215 4932 2267 4984 in
2302 4930 2619 4984 vulneribus
2664 4937 2719 4984 et
2755 4928 3020 4998 sanguine
3056 4934 3283 4980 mortem
3324 4925 3506 4978 obive-

1930 5034 2081 5091 runt,
2111 5041 2180 5079 ne
2207 5024 2329 5094 quis
2354 5024 2407 5077 in
2441 5023 2527 5078 his
2554 5022 2694 5078 forte
2721 5029 3045 5091 potestatem
3068 5021 3329 5083 divinam,
3358 5032 3507 5071 mor-

1933 5128 2056 5173 tuos
2090 5118 2143 5172 in
2178 5119 2344 5171 vitam
2384 5125 2754 5181 revocantem,
2787 5130 2909 5169 esse
2948 5114 3276 5168 imbecillam
3312 5110 3507 5180 putet?

1932 5210 1989 5263 ln
2029 5208 2179 5261 illum
2219 5208 2432 5261 intuere
2469 5206 2629 5275 cujus
2659 5204 2949 5275 perforata:
2988 5204 3156 5257 clavis
3195 5216 3388 5254 manus
3425 5199 3507 5251 fu-

1934 5307 2133 5353 erunt:
2178 5299 2233 5351 in
2271 5298 2445 5359 illum,
2489 5299 2731 5364 inquam,
2772 5297 2859 5350 cui
2899 5296 3041 5348 latus
3080 5294 3307 5346 alterum
3350 5290 3505 5341 hasta

1936 5390 2239 5461 perfossum
2276 5388 2400 5453 fuit.
2437 5389 2779 5459 Age,digitos
2814 5397 2937 5443 tuos
2974 5403 3067 5457 per
3104 5386 3380 5439 clavorum
3416 5396 3506 5433 ve-

1937 5482 2095 5551 stigia
2122 5479 2451 5534 circumfer:
2480 5480 2661 5534 insere
2682 5494 2902 5534 manum
2936 5480 2990 5531 in
3020 5477 3217 5531 vulnus
3240 5472 3506 5527 inllictum

1938 5575 2006 5627 ab
2037 5575 2211 5628 hasta.
2254 5572 2594 5626 existimabis
2634 5571 2912 5633 facillime,
2947 5582 3230 5638 quousque
3261 5565 3506 5634 cuspidis

1939 5664 2083 5720 acies
2098 5664 2482 5733 pcnetraverit,
2506 5663 2554 5719 si
2584 5662 2652 5720 de
2674 5662 2916 5717 vulneris
2943 5658 3318 5730 amplitudine,
3342 5672 3505 5728 quam
