3996 6510
475 435 584 491 223

1681 429 1777 495 'S.
1811 437 2141 496 GREGORII
2174 433 2469 501 NYSSEN!

3616 388 3729 478 εει

478 550 769 605 vehemens
800 548 969 606 hasta:
995 548 1158 602 fuerit
1202 548 1511 620 impressio,
1558 551 1929 622 conjecturam
1964 553 2047 607 fa-

2158 554 2303 607 κολον
2347 551 2413 605 ἂν
2460 550 2546 619 εῐη
2592 546 2655 601 τὸ
2681 543 3032 600 ἀποστολικὸν
3060 537 3521 611 ἐπιφθέγξασθαι·
3557 556 3578 590 ι
3601 538 3729 602 Πῶς

475 641 615 697 cius.
632 639 802 706 Quam
831 641 974 695 enim
1002 640 1110 694 alte
1133 639 1334 694 ferrum
1365 649 1680 711 penetrasse
1699 658 1925 700 necesse
1941 653 2044 708 est,

478 744 602 785 eum
631 732 829 786 vulnus
863 731 1041 800 ipsum
1075 730 1312 786 hominis
1344 746 1563 785 manum
1599 732 1860 788 incertam
1891 748 2050 803 cape-

479 837 538 877 re
567 823 831 891 potuerit!
859 819 958 875 Hic
987 836 1117 891 ergo
1137 835 1260 875 cum
1286 822 1556 877 excitatus
1578 837 1607 876 a
1638 831 1812 878 morte
1837 824 1928 888 sit,
1958 839 2051 879 ne-

479 911 653 974 mine,
684 910 908 981 opinor.
939 911 1380 975 contradicente,
1429 913 1611 967 verbis
1654 912 1762 968 illis
1806 913 2049 982 Apostoli

477 1003 633 1057 nobis
658 1002 737 1056 uti
768 1003 980 1057 licebit:
1013 1001 1132 1069 Quo
1158 1010 1318 1073 pacto
1345 1003 1529 1059 dicere
1551 1006 1800 1059 nonnulli
1827 1005 2048 1069 audent,

476 1095 929 1150 resurrectionem
957 1105 1292 1151 mortuorum
1318 1112 1428 1150 non
1459 1095 1917 1163 lore“?Qnando
1952 1097 2051 1166 igi-

474 1195 566 1240 tur
595 1186 806 1241 Domini
843 1188 1096 1241 vaticinia
1136 1186 1204 1242 de
1237 1186 1341 1241 hoc
1367 1204 1495 1242 vera
1526 1204 1649 1245 esse
1691 1197 1860 1259 patet,
1905 1186 2053 1259 quod

412 1265 421 1271 ’
475 1286 531 1331 et
559 1280 776 1333 caeteris
806 1281 927 1347 ejus
956 1279 1197 1334 oraculis
1239 1291 1467 1337 eventus
1513 1283 1894 1352 responderit:
1938 1280 2056 1336 fore

475 1377 657 1424 autem
683 1372 1139 1426 resurrectionem
1170 1388 1279 1427 non
1297 1372 1482 1429 verbis
1521 1374 1704 1437 modo,
1732 1375 1826 1429 sed
1854 1374 1971 1444 ipsa
1998 1392 2057 1428 e-

477 1461 608 1516 tiam
636 1477 693 1517 re
719 1463 1099 1530 declaraverit,
1125 1465 1405 1520 nonnullis
1434 1467 1668 1520 invitam
1700 1480 1792 1535 per
1812 1480 2057 1520 resurre-

476 1553 713 1609 ctionem
736 1554 1016 1610 reductis:
1046 1556 1175 1626 quid
1203 1556 1463 1627 deinceps
1480 1568 1773 1626 praetexam
1801 1556 2058 1611 adversa-

478 1647 545 1701 rii
590 1662 789 1709 causae,
824 1661 933 1717 quo
973 1649 1153 1703 minus
1182 1649 1342 1703 nobis
1373 1648 1781 1704 assentiamur?
1810 1648 1923 1703 Cur
1948 1664 2058 1702 non

475 1738 658 1793 valere
674 1738 850 1809 iussis
874 1741 1150 1804 omnibus,
1177 1742 1271 1810 qui
1303 1756 1398 1811 per
1428 1741 1822 1811 phiIOSOphiam
1842 1741 2059 1795 inanes-

2148 643 2365 713 λέγουσι
2393 658 2559 705 τινες,
2606 640 2688 693 ὃτι
2733 637 3027 695 ἀνάστασις
3080 632 3290 706 νεκρῶν
3335 632 3439 687 οὐκ
3491 629 3674 694 ἐστιν;
3706 649 3727 681 ι

2162 731 2380 805 Ἐπειδὴ
2404 732 2583 786 τοίνυν
2627 732 2777 784 πᾶσα
2812 728 2910 799 μὲν
2938 726 3247 797 πρόρρησις
3271 722 3366 777 τοῦ
3396 722 3606 791 Κυρίου
3645 722 3736 775 διὰ

2150 826 2247 896 τῆς
2276 824 2385 879 τῶν
2426 822 2725 891 γεγονότων
2759 819 3065 892 μαρτυρίας
3102 815 3309 887 ἀληθὴς
3341 812 3732 877 ἐπιδείκνυται,

2150 916 2309 972 τοῦτο
2331 917 2387 969 δὲ
2408 916 2470 969 ού
2497 915 2638 986 λόγῳ
2663 915 3060 985 μεμαθήκαμεν
3081 911 3258 981 μόνον,
3281 906 3418 961 ἀλλά
3435 906 3532 958 καὶ
3553 903 3617 969 ἐξ
3635 903 3736 956 αύ-

2151 1010 2261 1062 τῶν
2286 1008 2392 1061 τῶν
2420 1007 2514 1059 ἐπὶ
2540 1006 2637 1076 τὴν
2657 1005 2800 1075 ζωὴν
2832 1004 2889 1070 ἐξ
2915 1002 3277 1063 ἀναστάσεως
3306 997 3735 1063 ἐπανελθόντων,

2154 1099 2298 1171 ἔργῳ
2330 1097 2429 1167 τὴν
2477 1093 2749 1160 ἀπόδειξιν
2795 1097 2894 1164 τῆς
2943 1090 3274 1161 ἐπαγγελίας
3317 1088 3621 1157 ἐλάϐομεν·
3650 1090 3739 1152 τίς

2155 1188 2503 1243 ὑπολείπεται
2531 1188 2642 1249 τοῖς
2667 1186 2739 1256 μὴ
2770 1183 3115 1238 πιστεύουσιν
3140 1181 3399 1252 ἀφορμή;
3441 1181 3581 1246 οὐκ,
3611 1181 3740 1251 ἐῤ-

2159 1280 2355 1353 ρωσθε,
2390 1280 2693 1350 φράσαντες
2726 1279 2837 1339 τοῖς
2863 1276 2951 1330 διὰ
2984 1275 3081 1344 τῆς
3114 1272 3433 1341 φιλοσοφίας
3456 1271 3551 1324 καὶ
3571 1271 3740 1340 κενῆς

2155 1374 2371 1442 ἀπάτης
2413 1368 2919 1441 παρακρουομένοις
2964 1364 3061 1435 τὴν
3100 1362 3476 1418 ἀκατάσκευον
3529 1362 3739 1428 πίστιν,

2155 1463 2318 1533 ψιλῆς
2371 1460 2603 1533 ἑξόμεθα
2646 1462 2743 1531 τῆς
2784 1457 3106 1529 ὀμολογίας;
3158 1455 3423 1526 μαθόντες
3465 1457 3524 1507 ὲν
3568 1454 3743 1523 ὀλίγῳ

2156 1554 2244 1608 διὰ
2284 1552 2378 1605 τοῦ
2435 1553 2722 1624 Προφήτου
2749 1548 2837 1605 τὸν
2874 1549 3076 1620 τρόπον
3122 1547 3221 1619 τῆς
3275 1547 3514 1617 χάριτος,
3552 1546 3622 1599 δι’
3662 1539 3743 1599 ὧν

2158 1660 2353 1714 φησιν·
2400 1662 2420 1694 ι
2467 1642 2798 1706 Ἀντανελεῖς
2837 1640 2900 1694 τὸ
2938 1639 3158 1709 πνεῦμα
3187 1638 3388 1701 αὐτῶν,
3428 1639 3523 1692 καὶ⁹
3561 1638 3746 1691 ἐκλεί-

2158 1736 2337 1806 ψουσι,
2376 1735 2468 1787 καὶ
2509 1736 2588 1798 εἰς
2625 1735 2717 1787 τὸν
2748 1733 2877 1804 χοῦν
2917 1732 3099 1787 αὐτῶν
3130 1731 3566 1804 ἐπιστρέφουσιν.
3624 1731 3746 1797 Ἐετ

478 1844 585 1897 que
626 1827 846 1885 fraudes
888 1832 1053 1902 capti,
1097 1832 1398 1902 simplicem
1441 1841 1495 1887 et
1525 1834 1830 1886 inornatam
1858 1832 2054 1885 verita-

2160 1824 2478 1888 αποστελεῖς
2542 1825 2603 1879 τὸ
2667 1824 2895 1895 Πνεῦμά
2958 1842 3082 1886 σου,
3150 1825 3246 1878 καὶ
3322 1824 3743 1896 κτισθήσονται,

477 1924 549 1976 tis
598 1923 1009 1992 persuasionem
1057 1934 1397 1991 aversantur,
1433 1926 1591 1980 nudae
1622 1925 1805 1996 potius
1834 1922 2047 1995 profes-

2158 1919 2242 1970 καὶ
2284 1918 2616 1981 ἀνακαινιείς
2660 1917 2722 1970 τὸ
2760 1917 3050 1988 πρόσωπον
3099 1916 3201 1984 τῆς
3241 1915 3366 1985 γῆς.
3404 1935 3424 1966 ι
3464 1916 3595 1970 Ὅτε
3643 1918 3744 1969 καὶ

479 2013 622 2069 sioni
642 2015 807 2084 hujus
831 2016 1267 2073 adhterebimus?
1299 2019 1598 2089 praesertim
1629 2034 1752 2073 cum
1780 2018 1847 2073 de
1876 2018 2054 2072 verbis

2159 2008 2545 2078 εὐφραίνεσθαι
2585 2009 2677 2062 τὸν
2711 2010 2914 2080 Κύριον
2950 2009 3043 2061 ἐπὶ
3086 2009 3201 2069 τοῖς
3243 2005 3423 2077 ἔργοις
3462 2005 3626 2059 αὐτοῦ
3659 2005 3748 2057 λέ-

475 2102 640 2163 vatis,
672 2119 903 2160 numero
933 2109 1144 2175 paucis,
1174 2123 1284 2175 quo
1317 2116 1476 2176 pacto
1508 2115 1859 2163 revocaturus
1893 2106 1947 2160 in
1975 2107 2054 2159 vi-

2160 2119 2267 2170 γει,
2332 2100 2688 2154 ἐκλειπόντων
2735 2099 2844 2154 τῶν
2895 2098 3236 2171 ἁμαρτωλῶν
3286 2098 3394 2151 ἀπὸ
3457 2098 3560 2169 τῆς
3612 2099 3743 2167 γῆς.

476 2200 588 2246 tam
618 2195 690 2249 sit
718 2195 864 2252 Deus
889 2197 1158 2262 homines,
1191 2198 1493 2270 intelligere
1524 2199 1704 2253 liceat.
1728 2196 2009 2259 «Auferes,
2032 2217 2053 2250 ›

2162 2194 2286 2257 Πῶς
2313 2195 2419 2265 γάρ
2446 2210 2530 2256 τις
2563 2192 2624 2257 ἐξ
2646 2193 2922 2265 ἁμαρτίας
2945 2191 3398 2264 ὀνομασθήσεται.
3429 2190 3532 2261 τῆς
3557 2191 3749 2260 ἀμαρ-

476 2283 739 2353 inquit”,
763 2288 834 2340 ab
863 2289 943 2341 eis
968 2287 1223 2357 spiritum
1256 2288 1522 2357 ipsorum,
1554 2294 1609 2343 et
1642 2288 1844 2342 amissa
1883 2287 2056 2342 conti-
2162 2287 2282 2350 τίσις
2319 2287 2420 2340 οὐκ
2437 2286 2652 2358 06611;;-

478 2394 590 2433 nuo
632 2381 744 2434 vita
788 2381 842 2434 in
875 2382 1150 2451 pulverem
1192 2383 1479 2451 pristinum
1524 2384 1859 2452 redigentur.
1909 2381 2109 2437 Emitte
2139 2380 2405 2453 Spiritum
2447 2391 2624 2446 tuum,
2666 2381 2810 2437 etde
2836 2381 3049 2453 integro
3079 2383 3431 2451 creahuntur,
3482 2390 3749 2441 .nnovata

478 2472 652 2536 ipsius
682 2473 845 2526 etiam
876 2480 1036 2529 terra:
1068 2474 1228 2530 facie.
1260 2472 1619 2544 ιιιιοιιυίἀεηι
1637 2482 1882 2545 tempore
1906 2484 2058 2530 vates
2088 2475 2258 2539 addit,
2292 2476 2405 2530 fore
2444 2484 2504 2529 ut
2549 2475 2665 2530 suis
2700 2491 2765 2529 ex
2807 2476 3065 2545 operibus
3104 2474 3367 2532 Dominus
3406 2477 3745 2546 voluptatem

480 2562 688 2633 ocpiat,
732 2562 961 2619 sublatis
1008 2564 1076 2619 de
1113 2572 1258 2619 terra
1291 2566 1573 2621 sceleratis
1609 2565 1946 2621 hominibus.
2003 2564 2123 2630 Quo
2163 2566 2307 2620 enim
2343 2574 2500 2633 pacto
2528 2566 2652 2636 quis
2696 2580 2761 2620 eo
2804 2565 3026 2619 nomine
3068 2572 3183 2620 tum
3231 2566 3490 2637 appellari
3520 2565 3745 2635 poterit.

479 2665 597 2725 ipsa
624 2673 683 2713 re
715 2658 877 2728 plane
904 2659 1119 2715 sublata
1147 2670 1200 2715 et
1230 2661 1479 2716 abolita?

1025 2752 1256 2811 CAPUT
1301 2753 1495 2810 XXVI.

2644 2751 3043 2805 ΚΕΦΛΛΑΙΟΝ
3088 2751 3235 2819 Kq'.

516 2839 972 2898 Resurrectionem
1002 2845 1134 2912 fore,
1159 2845 1455 2901 abhorrens
1484 2864 1518 2900 a
1548 2864 1665 2901 vero
1699 2865 1801 2902 non
1830 2847 2014 2903 videri.

2303 2834 2439 2896 ’Ὅτι
2463 2844 2573 2897 οὐκ
2601 2842 2717 2905 ἔξω
2750 2842 2851 2897 τοῦ
2884 2844 3115 2908 εἰκότος
3142 2843 3180 2909 ἡ
3212 2841 3575 2910 ἀνάστασις.

550 2926 753 2984 Verum
785 2934 1030 2986 nonnulli
1062 2943 1212 2998 sunt,
1256 2935 1349 3005 qui
1383 2936 1455 2990 ob
1492 2935 1855 2990 humanarum
1896 2937 2049 3008 cogi-

2232 2934 2372 2988 Ἀλλ’
2406 2935 2512 2988 εἰσί
2553 2951 2718 2999 τινες,
2752 2935 2801 2988 oi
2842 2934 2929 2990 διὰ
2962 2935 3061 3006 τὴν
3094 2935 3201 2987 τῶν
3253 2934 3565 3006 ἀνθρωπίνη
3590 2955 3610 2990 ι
3646 2935 3743 2990 λι)⁴

481 3021 751 3076 tationum
792 3023 1221 3080 imbecillitatem
1265 3043 1332 3084 eo
1362 3031 1634 3091 feruntur,
1682 3036 1740 3083 ut
1778 3029 1871 3085 Dei
1903 3039 2054 3100 pote-

2158 3027 2366 3099 γισμῶν
2394 3027 2635 3087 ἀτονίαν.
2680 3027 2816 3095 πρὸς
2847 3026 2914 3080 τά
2951 3026 3198 3097 ἡμέτερα
3249 3026 3423 3099 μέτρα
3451 3026 3548 3098 τὴν
3581 3026 3745 3081 θείαν

484 3118 679 3164 etatem
716 3111 785 3165 ad
836 3113 1036 3169 virium
1092 3124 1406 3171 nostrarum
1452 3118 1736 3172 modulum
1782 3120 2001 3191 exigant
2032 3105 2054 3175 ε’

2158 3122 2380 3191 δύναμιν
2415 3120 2714 3192 κρίνοντες,
2748 3120 2810 3173 τὸ
2853 3121 2983 3190 ἡμῖν
3022 3118 3307 3208 ἀχὼρητον
3336 3118 3459 3172 οὐδὲ
3485 3118 3606 3191 Θεῷ
3644 3120 3743 3173 δυο

483 3209 538 3255 et
567 3202 711 3271 quod
754 3204 957 3275 ingenii
992 3209 1167 3263 nostri
1218 3208 1454 3267 facultas
1488 3229 1596 3267 non
1626 3214 1794 3283 capit,
1840 3229 1908 3269 ne
1932 3215 2053 3285 qui-

483 3292 605 3346 dem
632 3309 661 3347 a
692 3293 801 3351 Deo
825 3300 1070 3366 prastari
1100 3315 1261 3370 posse
1293 3301 1579 3359 allirment.
1604 3303 1738 3358 Nam
1773 3306 2048 3375 respicere

485 3398 589 3439 nos
623 3386 688 3439 ad
716 3403 813 3442 eos
848 3389 1065 3456 jubent,
1105 3393 1198 3462 qui
1236 3393 1365 3448 olim
1399 3399 1623 3460 mortui,
1684 3397 1863 3468 adque
1912 3399 2057 3453 nihi-

484 3475 600 3529 lum
630 3488 756 3532 sunt
785 3478 1027 3535 redacti:
1062 3492 1175 3537 tum
1213 3500 1446 3554 quorum
1486 3503 1718 3559 corpora
1769 3490 1917 3561 rogis
1957 3491 2057 3544 im-

485 3569 665 3638 posita
709 3579 763 3624 et
814 3583 1162 3630 concremata
1208 3587 1355 3633 sunt.
1400 3579 1599 3650 Objicit
1648 3597 1839 3637 eorum
1891 3584 2056 3640 nobis

486 3662 662 3715 oratio
693 3665 1012 3722 carnivoras
1043 3668 1275 3732 belluas,
1302 3680 1466 3741 atque
1498 3674 1664 3727 etiam
1709 3675 1911 3745 pisces,
1947 3677 2045 3746 qui

486 3751 769 3809 hominum
824 3758 1129 3830 naufragiis
1177 3761 1479 3831 ejectorum
1512 3781 1707 3822 carnes
1752 3767 2055 3838 deglutive-

485 3853 633 3899 runt.
666 3846 890 3903 Addunt
950 3853 1266 3919 usuvenire,
1299 3864 1359 3909 ut
1424 3857 1492 3912 iis
1528 3858 1772 3916 vicissim
1807 3861 2058 3919 homines

491 3948 790 3993 vescantur
820 3948 875 3994 ει
916 3953 1212 4001 οοηεοειοε
1258 3963 1414 4001 suam
1461 3948 1515 4002 in
1559 3964 1781 4005 carnem
1826 3968 2059 4008 conver-

483 4035 620 4083 tant.
680 4028 1006 4101 Hujusmodi
1061 4037 1234 4091 multa
1294 4050 1606 4105 recensent,
1664 4058 1762 4112 per
1807 4044 2057 4114 profecto

483 4122 645 4186 levia,
689 4136 743 4179 et
765 4127 963 4181 eximia
998 4128 1089 4184 Dei
1120 4140 1387 4199 potestate
1418 4134 1669 4205 indigna,
1724 4147 1783 4191 ut
1813 4147 2055 4196 nostram

486 4211 554 4265 de
603 4216 1005 4271 resurrectione
1047 4218 1358 4274 doctrinam
1404 4233 1675 4280 evertant.
1723 4227 1889 4292 Quasi
1927 4246 2058 4286 vero

484 4313 721 4371 nequeat
758 4304 905 4362 Deus
954 4310 1099 4378 quod
1140 4311 1347 4367 homini
1383 4325 1471 4369 est
1524 4317 1724 4387 cuique
1773 4322 2056 4391 preprium

482 4395 797 4463 restituere,
831 4400 1120 4470 pristinum
1148 4404 1217 4459 ad
1266 4414 1469 4460 statum
1504 4424 1599 4477 per
1626 4412 1842 4466 easdem
1885 4416 2054 4470 veluti

2154 3213 2314 3268 νατὸν
2370 3210 2508 3265 εἶναι
2562 3206 3423 3273 κατασκευάζουσιῖΔεικνύουσι
3473 3211 3583 3282 γάρ
3630 3211 3747 3264 τῶν

2154 3321 2214 3357 τε
2247 3303 2488 3373 ἀρχαίων
2512 3303 2723 3372 νεκρῶν
2759 3302 2850 3354 τὸν
2871 3300 3193 3371 ἀφανισμὸν,
3223 3299 3334 3352 τῶν
3361 3317 3421 3353 τε
3446 3300 3537 3353 διά
3564 3302 3743 3372 πυρὸς

2156 3394 2653 3466 ἀποτεφρωθέντων
2682 3393 2753 3446 τά
2799 3393 3045 3461 λείψανα,
3093 3394 3189 3446 καὶ
3220 3391 3300 3445 ἔτι
3348 3392 3485 3463 πρὸς
3529 3392 3745 3455 τούτοις

2154 3488 2225 3542 τὰ
2268 3487 2576 3558 σαρκοϐόρα
2613 3486 2723 3539 τῶν
2764 3485 2917 3551 ζώων
2952 3485 3030 3557 τῷ
3057 3486 3201 3556 λόγῳ
3247 3486 3608 3557 προφέρουσι,
3641 3487 3743 3538 καὶ

2154 3580 2247 3634 τδν
2280 3580 2429 3651 ίχθὺν
2478 3578 2555 3649 τῷ
2595 3579 2709 3648 ίδίῳ
2750 3577 2962 3649 σώματι
2998 3577 3098 3648 τὴν
3147 3578 3324 3647 σάρκα
3366 3576 3460 3630 τοῦ
3491 3579 3742 3647 ναυαγή⁶

2159 3688 2348 3734 σαντος
2375 3670 2728 3735 ἀναλαϐόντα,
2761 3670 2855 3722 καὶ
2881 3668 3068 3721 τοῦτον
3093 3667 3254 3721 πάλιν
3286 3668 3491 3739 τροφὴν
3525 3666 3740 3739 ἀνθριῖ›‹⁵

2158 3778 2275 3813 πων
2321 3761 2633 3831 γενόμενον,
2678 3759 2773 3812 καὶ
2814 3761 2893 3822 εἰς
2920 3758 3012 3811 τὸν
3051 3756 3143 3811 τοῦ
3192 3757 3531 3828 βεϐρωκότος
3574 3758 3744 3826 ὄγκον

2162 3852 2656 3923 μετακεχωρηκότα
2680 3850 2769 3904 διά
2796 3852 2894 3922 τῆς
2915 3850 3153 3919 πέψεως.
3186 3850 3296 3902 Καὶ
3322 3848 3492 3904 πολλά
3511 3849 3743 3905 τοιαῦτα

2162 3946 2537 4016 μικροπρεπῆ,
2574 3945 2675 3997 κού⁸
2712 3945 2812 4015 τῆς
2858 3942 3099 4013 μεγάλης
3145 3940 3240 3995 τοῦ
3279 3942 3414 3996 Θεοῦ
3455 3942 3742 4015 δυνάμεως

2159 4037 2255 4090 καὶ
2276 4036 2529 4101 ἐξουσίας·
2559 4035 2775 4102 ἀνάξια,
2803 4034 2888 4088 ἐπ’
2915 4037 3193 4107 ἀνατροπῇ
3231 4033 3327 4088 τοῦ
3365 4035 3635 4106 δόγματος
3662 4037 3739 4090 δι-

2160 4127 2500 4201 εξέρχονται·
2536 4129 2612 4193 ὡς
2639 4130 2700 4182 ού
2728 4129 3025 4199 δυναμένου
3045 4127 3138 4182 τοῦ
3161 4128 3298 4183 Θεοῦ
3327 4128 3489 4181 πάλιν
3517 4128 3605 4182 διά
3630 4130 3743 4184 τῶν

2162 4220 2341 4275 αὐτῶν
2384 4219 2540 4286 ὁδῶν,
2572 4219 2638 4272 δι’
2676 4218 2989 4284 ἀναλύσεως
3029 4219 3483 4291 ἀποκαταστῆσαι
3513 4219 3593 4290 τῷ
3641 4221 3739 4275 ἀν-

2162 4312 2364 4384 θρώπῳ
2384 4313 2444 4366 τὸ
2466 4313 2618 4366 ἴδιον.
2654 4312 2791 4365 Ἀλλ’
2818 4313 2978 4383 ἡμεῖς
3003 4315 3060 4366 ἐν
3079 4312 3247 4384 ὀλίγῳ
3274 4313 3375 4377 τὰς
3407 4313 3626 4387 μακρὰς
3649 4314 3718 4368 αὖ

2163 4406 2270 4457 τῶν
2297 4406 2397 4476 τῆς
2423 4405 2646 4476 λογικῆς
2678 4406 3035 4477 ματαιότητος
3064 4409 3391 4480 περιδρομὰς
3420 4405 3742 4478 ὑποτεμνώ-

481 4486 599 4543 vias
627 4489 903 4546 redeunti.
940 4491 1047 4549 Sed
1082 4510 1181 4550 nos
1204 4498 1447 4566 prolixas
1477 4501 1744 4570 ipsorum,
1787 4503 1974 4575 inepte
1996 4522 2054 4561 ac

2169 4497 2330 4569 μεθα,
2377 4495 2764 4568 ὁμολογοῦντες
2791 4496 2889 4568 τὴν
2935 4495 3035 4568 μὲν
3074 4495 3315 4549 διάλυσιν
3342 4493 3438 4549 τοῦ
3487 4495 3739 4565 σώματος

489 4588 789 4655 sophistice
831 4587 1332 4651 declamitantium,
1369 4590 1622 4661 ambages
1664 4596 2052 4664 praecidamus;

488 4678 870 4748 fateamurque
894 4680 1095 4733 resolvi
1123 4696 1324 4751 corpus
1354 4682 1593 4738 hominis
1624 4685 1746 4741 illas
1776 4688 1828 4741 in
1848 4699 2051 4759 partes,

487 4770 689 4841 quibus
730 4786 795 4824 ex
835 4770 1085 4839 partibus
1131 4779 1383 4839 constet;
1424 4789 1603 4843 neque
1650 4786 1851 4833 terram
1896 4783 2054 4838 modo

485 4858 947 4929 quemadmodum
980 4875 1164 4914 sermo
1190 4861 1412 4917 divinus
1451 4865 1710 4933 loquitur,
1748 4870 1814 4922 ad
1852 4879 2050 4928 terram

483 4950 696 5011 reduci,
744 4948 839 5003 sed
862 4957 917 5004 et
935 4965 1115 5004 aerem
1137 4959 1191 5006 et
1215 4952 1496 5009 humorem
1525 4955 1591 5008 ad
1615 4971 1677 5011 ea
1701 4974 1821 5028 qua?
1837 4964 2052 5031 generis

481 5036 728 5106 ejusdem
754 5049 905 5105 sunt,
944 5058 1003 5099 se
1036 5044 1289 5102 conferre
1323 5068 1338 5104 :
1370 5050 1627 5106 omnibus
1664 5053 1719 5107 in
1745 5054 1905 5110 nobis
1930 5070 2063 5125 par-

482 5127 634 5181 tibus
670 5129 736 5181 ad
765 5144 856 5184 res
904 5130 1006 5186 sibi
1053 5146 1319 5204 cognatas
1349 5139 1726 5205 tendentibus,
1772 5144 1888 5198 sive
1922 5144 2061 5200 adeo

484 5231 686 5284 corpus
720 5217 1019 5275 humanum
1053 5239 1083 5277 a
1114 5228 1422 5284 carnivoris
1451 5232 1666 5293 avibus,
1718 5234 1834 5288 sive
1866 5235 2062 5291 imma-

482 5306 647 5362 nibus
696 5309 915 5377 belluis,
962 5314 1078 5371 sive
1110 5318 1357 5388 piscibus
1393 5321 1705 5388 devoretur,
1753 5326 1869 5381 sive
1904 5328 2053 5381 deni,

482 5414 588 5467 que
616 5414 751 5470 rogo
786 5402 1101 5473 impositum
1130 5410 1183 5463 in
1211 5409 1390 5467 fumos
1420 5428 1485 5467 ac
1516 5414 1729 5470 cineres
1758 5417 2057 5488 redigatur.

482 5491 823 5565 Quocunque
847 5505 1031 5552 autem
1080 5500 1204 5555 loco
1231 5518 1355 5559 esse
1402 5504 1642 5561 hominis
1687 5521 1887 5577 corpus
1943 5518 2058 5563 sta.

480 5593 723 5651 tuamus,
754 5588 811 5644 id
837 5590 1057 5661 quidem
1080 5597 1610 5667 constabit,opinor,
1643 5598 1746 5653 hoc
1766 5600 1822 5654 in
1848 5600 2052 5655 mundo

481 5676 621 5731 illud
662 5678 811 5735 haud
850 5681 1017 5739 dubie
1062 5687 1353 5744 contineri.
1406 5687 1669 5744 Mundum
1724 5706 1891 5760 porro
1955 5692 2051 5749 Dei

554 5856 599 5888 ⁶¹
640 5856 657 5909 l
687 5858 812 5913 (lor.
848 5876 937 5928 xv,
971 5861 1036 5916 12
1067 5880 1185 5936 sqq.
1265 5865 1310 5898 "
1351 5864 1493 5921 Psal.
1527 5882 1644 5932 cm,
1683 5866 1773 5934 99,
1807 5868 1896 5921 '50.

1830 5994 1861 6027 ι

2166 4591 2247 4651 είς
2275 4588 2345 4642 τὰ
2377 4586 2438 4653 ἐξ
2462 4580 2535 4640 ὧν
2567 4587 2884 4657 συνέστηκε,
2931 4586 3200 4657 γίνεσθαι,
3234 4587 3328 4641 καὶ
3354 4585 3416 4641 ού
3446 4587 3612 4658 μόνον
3644 4586 3739 4656 τὴν

2164 4681 2269 4750 γῆν
2300 4678 2441 4732 κατά
2483 4680 2575 4733 τὸν
2614 4678 2753 4732 θεῖον
2794 4678 2948 4748 λόγον
2991 4681 3071 4743 είς
3097 4678 3197 4748 τὴν
3246 4678 3349 4747 γῆν
3374 4676 3739 4731 ἀναλύεσθαι·

2162 4771 2300 4825 ἀλλά
2321 4772 2416 4824 καὶ
2446 4770 2535 4823 τὸν
2557 4772 2715 4842 ἀέρα,
2742 4771 2833 4824 καὶ
2863 4770 2920 4823 τὸ
2951 4769 3115 4840 ύγρὸν
3142 4771 3485 4840 προσχωρεῖν
3510 4767 3590 4837 τῷ
3619 4770 3723 4837 ὀμο

2158 4864 2330 4936 φύλῳ,
2365 4865 2459 4917 καὶ
2479 4864 2709 4918 ἑκάστου
2730 4864 2839 4917 τῶν
2861 4866 2918 4916 ὲν
2945 4865 3076 4934 ἡμῖν
3102 4862 3238 4933 πρὸς
3260 4863 3322 4914 τὸ
3357 4861 3620 4930 συγγενὲς
3645 4860 3743 4930 τὴν

2162 4952 2454 5025 μεταχώρη
2463 4971 2545 5006 σιν
2563 4953 2864 5021 γίγνεσθαι,
2890 4952 2989 5006 κᾶν
3004 4955 3118 5015 τοῖς
3140 4951 3495 5024 σαρκοϐόροις
3511 4951 3742 5022 ὀρνέοις,

2158 5049 2261 5102 κᾶν
2290 5051 2403 5111 τοῖς
2435 5046 2736 5118 ὡμοτάτοις
2766 5045 2976 5117 θηρίοις
3008 5042 3280 5115 ἀναμιγβῇ
3313 5042 3377 5095 τὸ
3400 5040 3744 5113 ἀνθρώπινον

2162 5141 2322 5210 σῶμα
2370 5138 2457 5193 διὰ
2496 5140 2598 5210 τῆς
2646 5137 2919 5209 βρώσεως,
2954 5136 3058 5189 κᾶν
3098 5135 3204 5188 ὑπὸ
3255 5135 3349 5187 τὸν
3397 5133 3586 5187 ὀδόντα
3633 5132 3742 5185 τῶν

2166 5232 2362 5303 ἰχθύων
2388 5231 2538 5302 ἔλθῃ,
2579 5231 2685 5284 κᾶν
2731 5232 2811 5293 εἰς
2843 5229 3051 5298 ἀτμοὺς
3084 5229 3179 5280 καὶ
3225 5227 3372 5279 κόνιν
3424 5225 3735 5295 μεταϐληθῇ

2159 5321 2238 5393 τῷ
2267 5322 2419 5391 πυρί.
2459 5321 2633 5373 Ὅπου
2662 5319 2706 5371 δ’
2748 5317 2814 5371 ἄν
2846 5332 2929 5379 τις
2966 5313 3088 5367 καθ’
3116 5312 3373 5367 ὑπόθεσιν
3407 5311 3737 5382 περιενέγκη

2157 5416 2236 5488 τῷ
2267 5417 2410 5487 λόγῳ
2449 5414 2540 5469 τὸν
2578 5413 2881 5485 ἄνθρωπον,
2916 5410 3067 5474 ἐντὸς
3120 5408 3213 5463 τοῦ
3261 5408 3467 5476 κόσμου
3522 5406 3738 5466 πάντως

2160 5510 2305 5564 ἐστί’
2334 5506 2521 5561 τοῦτον
2546 5507 2602 5560 δὲ
2630 5509 2696 5577 τῇ
2727 5506 2871 5577 χειρὶ
2904 5502 2996 5557 τοῦ
3037 5500 3172 5554 Θεοῦ
3203 5498 3676 5571 περικρατεῐσθαι,
3701 5498 3734 5565 ἡ

2159 5604 2512 5665 θεόπνευστος
2550 5601 2789 5654 διδάσκει
2832 5600 3003 5670 φωνή.
3040 5598 3104 5650 Ei
3133 5590 3224 5657 οὖν
3257 5593 3320 5647 σύ
3360 5611 3412 5646 τι
3443 5591 3557 5652 τῶν
3581 5592 3640 5643 ἐν
3667 5590 3733 5659 τῇ

2161 5699 2227 5767 σῇ
2254 5694 2481 5767 παλάμῃ
2506 5694 2603 5748 ούκ
2634 5694 2869 5763 ἀγνοεῖς,
2901 5687 2988 5763 ἆρ’
3019 5688 3121 5743 οἴει
3162 5688 3263 5759 τῆς
3310 5686 3410 5757 σῆς
3451 5683 3734 5755 δυνάμεως
