3996 6470
1216 313 1240 353 ι

233 389 337 443 225
1294 358 1306 370 ’

1461 385 1549 439 DE
1588 383 1871 441 HOMINIS
1907 383 2224 442 OPIFICIO.

3365 393 3469 449 226

230 506 564 576 ἀτονωτέραν
601 499 741 558 εἶναι
783 501 882 575 τὴν
930 502 1024 555 τοῦ
1075 502 1210 555 Θεοῦ
1253 502 1471 572 γνῶσιν,
1512 502 1587 565 ὼς
1631 501 1704 572 μὴ
1736 503 1800 555 ἂν

1920 504 2144 570 positum
2185 517 2305 558 esse
2336 503 2390 557 in
2441 519 2630 569 manu,
2679 503 2898 559 Littera:
2947 503 3211 559 divinitus
3260 507 3473 560 tradita:

229 599 467 668 ἐξευρεῖν
505 597 614 649 τῶν
647 594 1126 666 ἐμπεριεχομένων
1158 593 1261 646 ὑπὸ
1293 594 1391 664 τῆς
1432 593 1580 656 θείας
1613 593 1807 646 σπιθα-

230 690 338 760 μῇς
375 688 471 756 τὴν
505 686 820 758 ἀκρίϐειαν;

1903 596 2181 650 docent”.
2231 595 2386 662 Quod
2422 597 2468 652 si
2499 603 2558 651 tu
2609 612 2672 651 ea
2706 614 2815 652 non
2859 599 3100 666 ignoras,
3155 611 3277 667 quae
3307 613 3472 651 manu

1900 693 1993 740 tua
2033 691 2385 742 continentur
2419 706 2432 741 :
2468 705 2568 744 cur
2604 688 2772 744 Deum
2807 693 2996 745 minus
3027 707 3150 746 esse
3191 693 3474 762 perspica-

229 797 364 841 cem,
400 796 562 849 quam
595 789 651 834 tu
679 780 778 844 sis,
818 778 1101 832 existimas
1128 797 1140 831 :
1174 779 1330 848 quasi
1360 793 1468 832 non
1501 785 1753 832 accurate
1782 781 1965 834 omnia
1997 798 2119 852 qua:
2153 785 2330 853 palma
2359 801 2457 840 sua
2487 787 2888 856 complectitur,
2926 796 3052 841 nota
3079 796 3472 859 perspectaque

230 860 463 928 habeat-2

736 986 1131 1040 ΚΕΦΑΛΔΙΟΝ
1169 988 1295 1041 KZ'.

258 1107 356 1158 Οτι
383 1103 643 1158 δυνατόν
679 1104 868 1165 ἐστιν,
900 1105 986 1168 εἰς
1030 1103 1100 1156 τὰ
1138 1103 1242 1157 τοῦ
1286 1102 1509 1168 παντὸς
1536 1100 1804 1170 στοιχεῖα

297 1175 405 1228 τοῦ
435 1176 809 1241 ἀνθρωπίνου
847 1172 1119 1241 σώματος
1148 1174 1571 1238 ἀναλυθέντος,
1618 1171 1804 1225 πάλιν

296 1247 365 1298 ἐκ
396 1245 500 1298 τοῦ
535 1244 740 1297 κοινοῦ
772 1243 1007 1306 ἑκάστῳ
1039 1243 1104 1296 τὸ
1144 1243 1298 1296 ἴδιον
1321 1242 1728 1309 ἀποσωθῆναι.

311 1334 471 1386 Ἀλλά
503 1332 661 1402 τυχὸν
697 1332 832 1402 πρὸς
857 1331 925 1383 τὰ
952 1335 1187 1402 στοιχεῖα
1213 1331 1307 1384 τοῦ
1342 1332 1538 1394 παντὸς
1571 1331 1802 1401 βλέπων,

230 1427 487 1480 δύσκολον
523 1416 635 1478 ὀἴει
664 1424 760 1476 τοῦ
815 1425 874 1474 ὲν
911 1425 1042 1493 ἡμῖν
1081 1424 1242 1494 ἀέρος
1275 1424 1409 1494 πρὸς
1456 1425 1516 1476 τὸ
1555 1423 1813 1490 συγγενὲς

235 1523 494 1589 στοιχεῖον
524 1517 898 1586 ἁναχεθέντος,
931 1515 1138 1569 καὶτοῦ
1169 1517 1373 1588 Θερμοῦ
1411 1534 1470 1569 τε
1499 1516 1593 1570 καὶ
1622 1515 1810 1586 ὑγροῦ,

235 1612 328 1664 καὶ
374 1610 468 1664 τοῦ
504 1608 737 1679 γεώδους
787 1609 1048 1671 ὡσαύτως
1099 1610 1210 1671 τοίς
1244 1608 1530 1679 ὁμοφύλοις
1577 1609 1811 1676 ἐγκατα-

239 1703 560 1774 μιχθέντων,
602 1701 762 1754 πάλιν
803 1703 866 1752 ὲκ
898 1701 990 1753 τοῦ
1045 1702 1221 1754 κοινοῦ
1279 1701 1339 1755 τὸ
1375 1704 1571 1756 οἰκεῖον
1611 1703 1704 1755 ἐπὶ
1750 1701 1811 1754 τὸ

2444 985 2674 1042 CAPUT
2718 986 2929 1043 XXV”.

1911 1093 2058 1150 Fieri
2087 1113 2255 1165 posse,
2288 1109 2343 1152 ut
2371 1117 2557 1168 sparso
2592 1103 2643 1154 in
2687 1102 2939 1156 elementa
2983 1107 3343 1160 universitatis
3379 1107 3476 1160 Itu-

1981 1184 2136 1247 mano
2171 1185 2403 1236 corpore,
2436 1173 2572 1247 quod
2607 1174 2878 1247 proprium
2906 1184 3078 1228 tamen
3103 1178 3379 1247 unicuique
3399 1187 3474 1231 est

1978 1253 2043 1291 ea:
2066 1240 2163 1290 illa
2190 1243 2561 1294 communitate
2584 1244 2910 1296 restituatur.

1983 1331 2051 1384 At
2078 1332 2244 1394 enim,
2291 1332 2421 1386 dum
2474 1334 2740 1388 elementa
2793 1337 3170 1393 universitatis
3219 1339 3472 1402 intueris,

1912 1422 2031 1476 fore
2053 1424 2337 1479 existimas
2383 1425 2722 1494 perdillicile,
2777 1435 2834 1478 ut
2883 1443 2949 1481 ex
2985 1433 3379 1486 communitate
3418 1433 3472 1486 id

1910 1513 2055 1581 quod
2085 1529 2375 1582 corporum
2393 1516 2730 1584 singulorum
2752 1519 3031 1587 proprium
3057 1529 3162 1583 est,
3183 1523 3475 1592 aliquando

1910 1618 2104 1658 rursus
2137 1604 2398 1668 conﬂuat,
2442 1613 2728 1674 postquam
2747 1609 2992 1677 semeljet
3022 1611 3249 1678 spiritus
3281 1612 3333 1664 in
3377 1627 3473 1664 no-

1910 1693 1994 1748 bis
2024 1705 2311 1762 cognatum
2363 1696 2416 1750 in
2455 1697 2784 1752 elementum
2840 1699 3121 1770 dispersus
3153 1712 3255 1767 est,
3304 1713 3475 1757 etca-

237 1771 370 1850 ίῒιον
407 1794 757 1864 ἀναδραμεῖν.
798 1788 932 1845 Εἶτα
957 1795 1016 1846 οὑ
1056 1794 1243 1866 λογίζῃ
1270 1794 1357 1847 διὰ
1395 1794 1502 1847 τῶν
1546 1793 1813 1866 ἀνθρωπί-

1920 1785 2017 1850 lor,
2040 1797 2094 1840 et
2122 1787 2337 1848 humor,
2371 1797 2424 1842 et
2455 1797 2638 1858 partes
2663 1799 2871 1853 terrete,
2920 1794 3086 1848 rebus
3135 1795 3222 1849 sui
3262 1796 3476 1850 scilicet

238 1905 346 1938 νων
381 1883 819 1954 ὑποδειγμάτων,
859 1884 918 1935 τὸ
955 1885 1089 1954 μηδὲ
1131 1885 1288 1937 τοῦτο
1318 1885 1419 1954 τῆς
1467 1885 1614 1947 Θείας
1652 1885 1812 1938 δυνά-

239 1997 387 2050 μεως
421 1977 769 2047 ὑπερϐαίνειν
801 1977 924 2038 τοὺς
958 1978 1145 2046 ὅρους;
1189 1973 1339 2040 Εἶδές
1374 1995 1476 2030 που
1507 1979 1722 2041 πάντως
1753 1979 1811 2030 ὲν

237 2073 354 2132 ταῖς
386 2069 750 2138 ἀνθρωπίναις
798 2069 1044 2138 οἰκήσεσι
1085 2070 1268 2136 κοινὴν
1313 2069 1513 2139 ἀγέλην
1549 2068 1702 2132 ζώων
1733 2085 1813 2122 τι-

237 2163 365 2228 νῶν,
404 2163 466 2214 ὲκ
490 2161 670 2214 κοινοῦ
707 2162 1122 2230 συνισταμένην.
1162 2162 1299 2214 Ἀλλ’
1335 2163 1460 2214 ὅταν
1493 2162 1652 2216 πάλιν
1679 2161 1812 2232 πρὸς

238 2254 366 2317 τοὺς
402 2251 771 2322 κεκτημένους
820 2252 956 2322 αὑτὴ
1009 2252 1463 2323 καταμερίξηται,
1497 2254 1532 2323 ἥ
1583 2271 1641 2306 τε
1677 2253 1812 2322 πρὸς

242 2346 369 2407 τοὺς
405 2344 585 2406 οἴκους
627 2342 904 2412 συνήθεια,
938 2342 1033 2394 καὶ
1066 2341 1132 2394 τὰ
1165 2343 1485 2412 ἐπικείμενα
1524 2347 1723 2414 σημεῖα
1751 2343 1812 2395 τὸ

242 2436 372 2490 ἴδιον
423 2436 637 2502 ἑκάστῳ
684 2433 1104 2500 ἀποκαθίστησι.
1159 2431 1407 2486 Τοιοῦτόν
1452 2451 1502 2485 τι
1558 2432 1812 2502 καὶπερὶ

241 2528 466 2582 σεαυτὸν
521 2527 738 2588 ἐννοῶν,
797 2528 893 2596 οὑχ
949 2527 1284 2597 ἀμαρτήσεις
1336 2524 1430 2578 τοὺ
1489 2526 1809 2596 πρέποντος.

240 2623 444 2690 Φυσικῇ
473 2619 581 2692 γάρ
611 2637 716 2672 τινι
750 2619 930 2688 σχέσει
955 2618 1048 2670 καὶ
1073 2621 1273 2687 στοργῇ
1313 2616 1442 2687 πρὸς
1476 2617 1536 2670 τὸ
1564 2617 1814 2688 συνοικῆο

241 2733 342 2768 σαν
384 2715 542 2784 σῶμα
568 2714 666 2781 τῆς
696 2713 870 2780 ψυχῆς
905 2709 1268 2780 διακειμένης,
1298 2710 1410 2762 ἔστι
1451 2728 1533 2772 τις
1584 2710 1724 2763 κατὰ
1753 2710 1814 2763 τὸ

238 2806 462 2876 λεληθὸς
503 2806 641 2875 αὑτῇ
694 2803 780 2856 διὰ
831 2803 930 2872 τῆς
982 2803 1430 2871 συνανακράσεως
1469 2803 1562 2856 τοῦ
1613 2803 1811 2856 οἰκείου

241 2901 427 2970 σχέσις
483 2915 543 2950 τε
613 2896 708 2950 καὶ
768 2894 1099 2961 ἐπίγνωσις,
1175 2889 1287 2947 οἷον
1351 2896 1590 2964 σημείων
1654 2895 1814 2948 τινῶν

238 2990 394 3061 παρὰ
443 2988 543 3058 τῆς
593 2987 807 3055 φύσεως
864 2986 1248 3054 ἐπικειμένων,
1303 2985 1369 3037 δι’
1423 2979 1498 3038 ὧν
1550 2987 1583 3055 ἡ
1643 2986 1814 3038 κοινό-

239 3100 340 3152 της

241 3175 419 3237 ζουσι.
485 3172 596 3242 Τῆς
666 3168 846 3222 τοίνυν
916 3167 1094 3240 ψυχῆς
1167 3167 1226 3220 τὸ
1291 3168 1546 3235 συγγενές
1601 3184 1657 3220 τε
1724 3169 1818 3221 καὶ

237 3265 376 3320 ῐδιον
435 3265 516 3334 ἐφ’
560 3262 757 3333 ἑαυτὴν
799 3261 960 3316 πάλιν
1007 3259 1288 3330 ἑλκούσης,
1341 3261 1424 3322 τίς
1470 3260 1650 3324 πόνος,
1698 3261 1818 3314 εἰπέ

244 3377 358 3430 μοι,
390 3361 456 3428 τῇ
492 3357 611 3426 Θείᾳ
639 3355 867 3424 δυνάμει
900 3348 1140 3406 κωλῦσαι
1176 3352 1285 3404 τῶν
1315 3351 1530 3404 οἰκείων
1565 3351 1662 3424 τὴν
1691 3369 1818 3405 συν-

236 3454 470 3525 δρομὴν,
503 3453 728 3522 ἀρρήτῳ
772 3449 879 3502 τινὶ
914 3451 980 3518 τῇ
1013 3449 1112 3519 τῆς
1160 3448 1375 3518 φύσεως
1415 3450 1546 3520 ὁλκῇ
1580 3451 1715 3516 πρὸς
1758 3454 1820 3504 τὸ

243 3546 375 3600 [διον
392 3543 758 3613 ἐπειγομένων
777 3558 791 3602 ;
813 3541 886 3594 Τὸ
909 3541 1016 3614 γάρ
1038 3542 1400 3612 ²επιδιαμένειν
1424 3545 1544 3596 τινὰ
1568 3547 1630 3614 τῇ
1652 3544 1816 3614 ψυχῇ,

239 3641 340 3692 καὶ
388 3637 525 3706 μετὰ
559 3635 658 3705 τὴν
701 3633 962 3698 διάλυσιν,
1003 3637 1202 3703 σημεῖα
1235 3634 1326 3686 τοῦ
1370 3636 1634 3706 ἡμετέρου
1688 3653 1818 3702 συγ-

243 3727 536 3799 κρίματος,
563 3725 830 3778 δείκνυσιν
861 3726 888 3776 ὀ
936 3726 1076 3776 κατά
1121 3725 1210 3776 τὸν
1243 3724 1373 3794 ᾅδην
1409 3725 1672 3792 διάλογος,
1713 3725 1821 3778 τῶν

247 3823 350 3891 μὲν
389 3820 657 3889 σωμάτων
691 3817 770 3886 τῷ
794 3818 946 3886 τάφῳ
978 3815 1406 3885 παραδοθέντων,
1446 3817 1821 3888 γνωρίσματος

243 3915 305 3970 ἑὲ
342 3930 488 3976 τινος
530 3908 839 3980 σωματικοῦ
883 3911 1002 3970 ταῖς
1032 3908 1230 3977 ψυχαῖς
1272 3909 1722 3978 παραμείναντος,
1757 3908 1821 3961 δι’

243 4000 309 4061 οὗ
341 4007 437 4060 καὶ
487 4007 515 4058 ὁ
567 4003 812 4072 Λάζαρος
859 3999 1198 4070 ὲγνωρίζετο.
1239 4001 1330 4051 καὶ
1368 4000 1468 4052 οὑκ
1511 4001 1753 4069 ἠγνοεῖτο
1795 4001 1824 4052 ὁ

247 4098 526 4160 πλούσιος.
576 4093 782 4148 Οὑκοῦν
807 4092 957 4146 οὐδὲν
991 4091 1093 4156 ἔξω
1123 4089 1215 4143 τοῦ
1256 4091 1462 4153 εἰκότος
1491 4091 1626 4153 ἐστὶ,
1665 4091 1824 4144 πάλιν

243 4189 529 4244 πιστεύειν
565 4190 629 4239 ἐκ
667 4183 760 4238 τοῦ
791 4181 969 4236 κοινοῦ
1007 4182 1143 4251 πρὸς
1174 4182 1233 4233 τὸ
1281 4183 1405 4235 ἴδιον
1442 4183 1538 4253 τὴν
1570 4183 1824 4235 ἀνάλυσιν

242 4282 493 4353 γίνεσθαι
521 4279 628 4332 τῶν
657 4275 1029 4344 ἀνισταμένων
1072 4275 1357 4343 σωμάτων⁹
1387 4275 1479 4327 καί
1508 4275 1739 4344 μάλιστά
1762 4293 1824 4344 γε

1663 4368 1688 4390 γ

241 4378 328 4447 τῷ
375 4371 798 4444 φιλοπονώτερον
857 4370 954 4439 τὴν
997 4367 1156 4436 φύσιν
1193 4367 1349 4438 ἡμῶν
1397 4367 1820 4432 κατεξετάζοντι.

1911 1879 2128 1947 generis
2175 1880 2389 1949 singula
2435 1883 2694 1951 permista
2748 1892 2898 1938 sunt.
2938 1886 3070 1948 Cur,
3119 1886 3370 1951 obsecro,
3409 1887 3477 1942 de

1913 1970 2170 2026 humanis
2205 1973 2365 2027 etiam
2398 1974 2666 2043 exemplis
2699 1991 2808 2030 non
2829 1978 3040 2046 colligis
3069 1970 3474 2043 ratiocinando,

1912 2063 2110 2118 divina:
2140 2065 2422 2134 potestatis
2454 2068 2558 2122 hoc
2596 2069 2858 2124 terminos
2891 2086 2999 2124 non
3027 2070 3331 2126 excedere?
3355 2070 3475 2124 Non

1912 2165 2068 2224 potes
2098 2171 2207 2210 non
2242 2157 2538 2226 aliquando
2575 2157 2644 2212 iis
2675 2159 2732 2212 in
2779 2159 2935 2225 locis,
2971 2161 3170 2229 quibus
3197 2162 3478 2215 ‘homines

1914 2249 2239 2311 habitarent,
2268 2264 2614 2304 communem
2646 2252 2960 2304 animalium
2995 2267 3210 2322 gregem
3244 2253 3474 2314 vidisse,

1911 2343 2008 2413 qui
2039 2343 2279 2411 plurium
2308 2351 2475 2398 esset.
2525 2342 2624 2398 llic
2649 2344 2696 2398 si
2727 2359 2858 2398 suos
2885 2344 2952 2398 ad
2979 2344 3234 2400 dominos
3279 2344 3479 2400 deinde

1915 2434 2306 2497 remitteretur,
2339 2434 2777 2490 animadvertere
2807 2437 3032 2506 potuisti
3080 2437 3325 2506 singulos
3357 2437 3478 2492 ani-

1898 2525 2075 2598 .malia
2109 2539 2207 2578 sua
2253 2539 2597 2594 recuperare,
2652 2533 2764 2579 tum
2814 2526 2958 2596 quod
3006 2541 3069 2580 ea
3130 2526 3476 2583 dominorum

1916 2617 2127 2673 aedibus
2150 2619 2547 2682 assuevissent,
2580 2626 2694 2672 tum
2748 2618 2892 2688 quod
2928 2620 3069 2673 notis
3123 2627 3309 2675 essent
3362 2621 3480 2690 qui-

1916 2710 2143 2764 busdam
2169 2711 2405 2779 signata.
2453 2710 2598 2765 Idem
2651 2712 2696 2765 si
2729 2710 2796 2766 de
2843 2712 3133 2779 temetipso
3185 2713 3476 2782 cogitabis,

1917 2797 2335 2868 haudquaquam
2368 2814 2397 2852 a
2429 2813 2558 2860 vero
2599 2800 2964 2854 aberraveris.
3019 2799 3156 2853 Nam
3193 2816 3316 2854 cum
3357 2801 3481 2856 ani-

1917 2905 2039 2945 mus
2069 2890 2352 2946 alfectione
2391 2900 2446 2946 et
2470 2907 2658 2946 amore
2689 2907 2718 2945 a
2743 2901 2935 2945 natura
2952 2893 3216 2962 singulari
3252 2909 3477 2962 corpus,

1916 2985 1971 3036 in
2027 2983 2188 3052 cujus
2243 2984 2399 3052 quasi
2467 2985 2830 3038 contubernio
2893 2984 3014 3047 fuit,
3077 2997 3479 3054 prosequatur;

423 3079 726 3148 ἁσύγχυτος
807 3076 957 3145 μένει
1033 3076 1412 3146 διακρινομένη
1493 3079 1607 3138 τοῖς
1684 3077 1815 3130 ίδιάε-

1920 3077 2125 3129 idcirco
2157 3076 2203 3130 ei
2255 3075 2322 3129 de
2361 3075 2746 3144 conjunctione
2794 3076 3023 3143 pristina
3061 3077 3304 3146 quaedam
3337 3076 3482 3130 inest

1919 3181 2046 3237 erga
2092 3167 2372 3236 proprium
2428 3180 2627 3236 corpus
2668 3168 2882 3219 occulta
2942 3170 3056 3222 sive
3103 3159 3317 3221 affectio
3369 3168 3481 3221 sive

1919 3260 2146 3329 agnitio,
2199 3267 2389 3311 natura
2425 3248 2586 3328 quasi
2623 3267 2791 3312 .notas
2832 3260 3061 3326 singulis
3112 3261 3478 3328 imprimente,

1920 3367 1986 3405 ne
2024 3351 2134 3410 illa.
2166 3365 2328 3419 quam
2369 3349 2626 3410 dicimus,
2654 3350 2707 3402 in
2738 3351 3124 3404 communitate
3157 3350 3337 3403 omnia
3360 3365 3486 3403 cou-

1920 3441 2299 3498 funderentur,
2336 3439 2429 3493 sed
2464 3437 2737 3507 quoddam
2795 3439 3133 3506 singulorum
3186 3439 3479 3493 discrimen

1919 3543 2246 3592 remaneret.
2279 3534 2622 3603 Quapropter
2654 3547 2780 3586 cum
2809 3533 3023 3588 animus
3061 3533 3176 3602 ipse
3217 3532 3482 3602 quidquid

1920 3631 2026 3684 sibi
2057 3636 2348 3697 cognatum
2377 3636 2430 3682 et
2465 3627 2745 3696 proprium
2775 3631 2882 3690 est,
2914 3626 3176 3695 colligat;
3210 3627 3354 3695 quis,
3391 3627 3486 3679 οι)-

1921 3739 2101 3786 secro,
2144 3722 2296 3774 labor
2331 3718 2586 3788 potestati
2622 3717 2819 3771 divina:
2856 3715 3041 3780 fuerit,
3084 3717 3368 3786 impedire,
3426 3727 3486 3768 ut

1921 3831 1990 3870 ne
2014 3823 2243 3884 cognata
2278 3826 2469 3866 rursus
2497 3814 2852 3876 concurrant,
2901 3822 3022 3877 qua:
3075 3807 3242 3860 ductu
3277 3814 3486 3859 naturae

1922 3905 2156 3976 quodam
2185 3900 2443 3957 iuelIabili
2473 3903 2538 3954 Μ
2569 3917 2627 3955 se
2657 3909 2848 3952 mutuo
2893 3896 3190 3952 feruntur?
3213 3895 3271 3950 In
3304 3897 3486 3948 animo

1923 3998 2165 4068 quidem,
2209 3994 2374 4048 etiam
2406 3999 2529 4060 post
2573 3990 2904 4058 diremptum
2959 3989 3122 4057 hujus
3178 4003 3206 4041 a
3236 4001 3486 4054 corpore,

1925 4091 2078 4159 signa
2097 4086 2344 4156 quaedam
2379 4099 2688 4153 superesse,
2707 4081 2775 4136 de
2799 4081 2999 4152 quibus
3017 4095 3214 4150 corpus
3237 4087 3485 4133 nostrum

1927 4189 2204 4252 agnoscat,
2233 4178 2474 4232 declarat
2508 4177 2573 4239 is,
2611 4176 2702 4245 qui
2735 4174 2953 4228 habitus
2983 4180 3066 4227 est
3095 4188 3125 4224 a
3149 4171 3314 4224 divite
3345 4171 3487 4238 apud

1927 4276 2134 4330 inferos
2169 4274 2234 4328 ad
2263 4271 2628 4326 Abrahamum
2654 4283 2835 4324 sermo
2854 4267 2920 4318 ".
2945 4264 3080 4320 Nam
3117 4264 3370 4335 quamvis
3403 4280 3491 4317 es-

1929 4376 2048 4422 sent
2069 4363 2294 4417 tumulis
2317 4359 2573 4414 mandata
2603 4372 2852 4427 corpora.
2875 4365 3054 4410 tamen
3086 4365 3212 4409 nota
3241 4353 3487 4422 quaedam

247 4445 392 4526 ι’)ὑτε
423 4465 530 4536 γὰρ
551 4463 616 4516 δι’
636 4462 756 4514 ὅλου
777 4461 834 4512 ἐν
862 4459 1014 4528 ῥύσει
1038 4459 1130 4510 καὶ
1157 4456 1419 4528 μεταϐολῇ
1455 4458 1514 4510 τὸ
1535 4459 1819 4530 ἡμέτερον.

1928 4471 2191 4525 corporea
2241 4452 2536 4507 inhaerebat
2583 4451 2787 4513 animo,
2834 4449 2901 4502 de
2950 4463 3058 4518 qua
3106 4447 3184 4501 uti
3247 4445 3489 4500 Lazarus

245 4558 332 4614 τη
363 4558 471 4628 γὰρ
497 4557 562 4610 ειν
590 4555 826 4623 ἄληπτον
851 4547 918 4622 ἦν
955 4550 1178 4603 καθόλου
1223 4548 1299 4618 τῷ
1334 4551 1599 4618 μηδεμίαν
1642 4554 1826 4607 στάσιν

248 4650 399 4720 ἔχειν
426 4648 489 4698 ἐκ
519 4644 730 4713 φύσεως
755 4659 768 4672 ο
801 4640 937 4694 ἀλλά
966 4639 1106 4692 κατά
1127 4638 1216 4690 τὸν
1244 4638 1627 4710 ἀκριϐέστερον
1648 4640 1823 4709 λόγον,

247 4743 314 4796 τὸ
353 4739 450 4811 μέν
493 4755 546 4790 τι
581 4737 776 4804 ἕστηκε
825 4732 934 4784 τῶν
977 4733 1034 4784 ὲν
1084 4731 1244 4800 ἡμῖν,
1303 4729 1363 4781 τὸ
1401 4730 1455 4782 δὲ
1495 4730 1561 4782 δι’
1600 4731 1826 4785 ἀλλοιώ-

251 4849 396 4895 σεως
421 4829 684 4900 πρόεισιν.
725 4823 1053 4877 Ἀλλοιοῦται
1087 4822 1184 4892 μὲν
1222 4822 1329 4892 γάρ
1362 4821 1428 4873 δι’
1460 4822 1738 4891 αὑξήσεώς
1769 4842 1827 4877 τε

249 4925 354 4978 καὶ
409 4919 682 4991 μειώσεως
717 4915 778 4968 τὸ
809 4915 986 4984 σῶμα,
1022 4907 1132 4966 οἷον
1174 4911 1363 4982 ἱμάτιά
1402 4930 1538 4976 τινα,
1576 4913 1674 4977 τὰς
1705 4914 1836 4968 καθ-

250 5015 382 5084 εξῆς
412 5011 628 5082 ἡλικίας
667 5005 1100 5077 μετενδυόμενον.
1150 5005 1387 5074 Ἕστηκε
1431 5003 1485 5056 δὲ
1527 5005 1616 5058 διὰ
1657 5008 1836 5078 πάσης

249 5105 466 5178 τροπῆς
497 5099 870 5172 ἀμετάϐλητον
908 5098 992 5167 ἐφ’
1024 5095 1216 5150 ἑαυτοῦ
1246 5097 1305 5148 τδ
1343 5092 1498 5158 εἶδος,
1531 5097 1640 5151 τῶν
1688 5100 1834 5168 ἅπαξ

249 5194 658 5266 ἐπιϐληθέντων
687 5190 832 5261 αὑτῷ
864 5187 1016 5260 παρά
1051 5188 1148 5257 τῆς
1199 5187 1412 5256 φύσεως
1460 5190 1698 5258 σημείων
1737 5193 1836 5245 οὑκ

249 5289 630 5359 ἐξιστάμενον,
659 5284 793 5338 ἀλλὰ
813 5283 1011 5344 πάσαις
1038 5283 1156 5344 ταῖς
1178 5279 1318 5332 κατά
1344 5280 1403 5332 τὸ
1426 5279 1583 5351 σῶμα
1603 5287 1834 5352 τροπαῖς

253 5381 401 5453 μετά
427 5380 537 5432 τῶν
570 5377 717 5430 ἰδίων
756 5376 1149 5445 ἐμφαινόμενον
1177 5371 1587 5443 γνωρισμάτων.
1641 5374 1834 5441 ’Υπεξ-

250 5470 520 5543 αιρείσθω
550 5469 607 5522 δὲ
637 5467 728 5520 τοῦ
767 5467 924 5534 λόγου
956 5468 988 5536 ἡ
1022 5469 1084 5518 ἐκ
1121 5462 1323 5526 πάθους
1351 5463 1650 5531 ἀλλοίωσις,
1682 5468 1714 5535 ἠ
1754 5465 1832 5535 τῷ

249 5561 386 5615 εῐδει
413 5557 882 5628 ἐπισυμϐαίνουσα
903 5572 915 5585 ο
951 5551 1062 5606 οἷον
1099 5552 1206 5621 γάρ
1236 5568 1288 5604 τι
1316 5556 1654 5622 προσωπεῖον
1681 5554 1834 5608 ἁλλό-

245 5671 408 5726 τριον
433 5654 467 5722 ἡ
488 5641 757 5718 κατὰξτὴν
783 5648 934 5701 νόσον
957 5644 1198 5715 ἀμορφία
1218 5643 1567 5713 διαλαμϐάνει
1586 5644 1647 5698 τὸ
1669 5641 1830 5713 εἶδος,

324 5837 374 5870 ’⁵
413 5833 560 5887 Psal.
605 5844 744 5894 xciv,
790 5829 841 5881 4.
917 5829 961 5858 ’⁸
1010 5825 1142 5880 Luc.
1178 5841 1287 5889 ιγι,
1321 5824 1384 5878 19
1414 5840 1533 5895 sqq.

1929 4547 2347 4617 agnoscebatur,
2408 4544 2479 4598 ita
2511 4557 2607 4611 per
2635 4539 2881 4595 eamdem
2919 4539 3139 4609 ignotus
3169 4552 3293 4592 esse
3335 4536 3490 4591 dives

1929 4643 2021 4697 ille
2055 4656 2161 4694 non
2184 4643 2418 4708 poterat.
2453 4634 2804 4703 Nequaquam
2833 4630 3000 4701 igitur
3026 4629 3285 4683 abhorret
3305 4641 3333 4680 a
3357 4641 3490 4680 vero

1931 4734 2045 4788 haec
2098 4730 2405 4802 persuasio,
2458 4744 2564 4797 qua
2605 4742 2670 4780 ex
2713 4733 2884 4777 morte
2925 4721 3192 4777 suscitata
3235 4731 3492 4788 corpora,

1933 4825 2324 4881 communitate
2388 4821 2600 4878 relicta.
2651 4817 2938 4886 pristinam
2988 4815 3054 4869 ad
3103 4813 3528 4884 proprietatem.

1933 4927 2220 4970 reversura
2267 4910 2581 4966 statuimus.
2619 4903 2916 4976 Apparebit
2963 4903 3065 4956 hoc
3097 4903 3149 4956 in
3196 4903 3408 4972 primis,
3451 4899 3498 4956 si

1933 5009 2060 5078 quis
2099 5003 2440 5059 accuratiore
2479 4999 2663 5055 studio
2709 4996 3100 5066 cognoscenda:
3151 5007 3358 5049 natura:
3399 5009 3500 5048 no-

1935 5089 2061 5156 stra:
2099 5114 2158 5152 se
2190 5095 2388 5149 tradat.
2445 5092 2578 5145 Nam
2635 5088 2938 5146 existimari
2997 5103 3104 5141 non
3136 5087 3320 5151 debet,
3377 5099 3501 5140 esse

1935 5207 2036 5247 nos
2067 5189 2317 5243 universe
2347 5201 2469 5239 cum
2495 5183 2690 5243 ﬂuxos,
2721 5193 2833 5235 tum
2867 5179 3153 5234 mutationi
3200 5176 3497 5232 obnoxios.

1933 5282 2050 5336 Non
2083 5281 2226 5335 enim
2262 5278 2366 5332 ulla
2403 5263 2615 5329 ratione
2649 5269 3034 5342 comprehendi
3076 5279 3272 5324 natura
3315 5273 3501 5322 nostra

1935 5379 2152 5443 posset,
2207 5370 2252 5424 si
2314 5369 2461 5422 nulla
2508 5367 2555 5421 ei
2620 5365 2826 5420 tributa
2869 5364 3024 5434 quies
3073 5377 3104 5415 a
3145 5369 3292 5417 motu
3341 5357 3501 5411 foret.

1935 5467 2123 5536 Itaque
2156 5480 2214 5519 re
2249 5461 2562 5534 diligentius
2595 5460 2874 5531 indagata,
2915 5456 3254 5526 reperiemus
3301 5450 3501 5521 partim

1937 5557 2132 5613 Stabilc
2156 5554 2415 5626 quiddam
2466 5553 2519 5607 in
2552 5553 2712 5609 nobis
2761 5567 2904 5613 esse,
2949 5547 3148 5618 partim
3196 5542 3502 5596 mutatione

1937 5651 2168 5714 varium,
2207 5647 2350 5719 quod
2389 5660 2670 5716 nunquam
2717 5659 2824 5699 non
2863 5639 3100 5694 ﬂuxione
3128 5649 3228 5690 sua
3277 5645 3501 5705 progre-
