  <div class='ocr_page' id='page_1' title='image "/cluster/home/n/w/nwhite01/storage/ocr_20150623/44/hvd.32044012542270/123.png"; bbox 0 0 3988 6514; ppageno 0'>
   <div class='ocr_carea' id='block_1_1' title="bbox 507 399 610 453">
    <p class='ocr_par' dir='ltr' id='par_1_1' title="bbox 507 399 610 453">
     <span class='ocr_line' id='line_1_1' title="bbox 507 399 610 453; baseline -0.019 0"><span class='ocrx_word' id='word_1_1' title='bbox 507 399 610 453; x_wconf 63' lang='grc'><strong>237</strong></span> 
     </span>
    </p>
   </div>
   <div class='ocr_carea' id='block_1_2' title="bbox 1736 389 2494 452">
    <p class='ocr_par' dir='ltr' id='par_1_2' title="bbox 1736 389 2494 452">
     <span class='ocr_line' id='line_1_2' title="bbox 1736 389 2494 452; baseline -0.008 -2"><span class='ocrx_word' id='word_1_2' title='bbox 1736 395 1794 452; x_wconf 92' lang='lat' dir='ltr'><strong>S.</strong></span> <span class='ocrx_word' id='word_1_3' title='bbox 1835 391 2162 450; x_wconf 80' lang='lat' dir='ltr'><strong>GREGORII</strong></span> <span class='ocrx_word' id='word_1_4' title='bbox 2203 389 2494 446; x_wconf 79' lang='lat' dir='ltr'><strong>NYSSENI</strong></span> 
     </span>
    </p>
   </div>
   <div class='ocr_carea' id='block_1_3' title="bbox 3655 375 3762 429">
    <p class='ocr_par' dir='ltr' id='par_1_3' title="bbox 3655 375 3762 429">
     <span class='ocr_line' id='line_1_3' title="bbox 3655 375 3762 429; baseline 0.009 -1"><span class='ocrx_word' id='word_1_5' title='bbox 3655 375 3762 429; x_wconf 62' lang='lat'><strong>2‘28</strong></span> 
     </span>
    </p>
   </div>
   <div class='ocr_carea' id='block_1_4' title="bbox 514 491 2088 584">
    <p class='ocr_par' dir='ltr' id='par_1_4' title="bbox 514 493 2075 583">
     <span class='ocr_line' id='line_1_4' title="bbox 514 493 2075 583; baseline -0.003 -13"><span class='ocrx_word' id='word_1_6' title='bbox 514 516 718 570; x_wconf 86' lang='lat' dir='ltr'><strong>diatur.</strong></span> <span class='ocrx_word' id='word_1_7' title='bbox 741 512 876 568; x_wconf 87' lang='lat' dir='ltr'><strong>Nam</strong></span> <span class='ocrx_word' id='word_1_8' title='bbox 907 527 1109 583; x_wconf 85' lang='lat' dir='ltr'><strong>corpus</strong></span> <span class='ocrx_word' id='word_1_9' title='bbox 1135 511 1306 568; x_wconf 88' lang='lat' dir='ltr'><strong>altera</strong></span> <span class='ocrx_word' id='word_1_10' title='bbox 1337 493 1718 568; x_wconf 87' lang='lat' dir='ltr'><strong>vicissitudine</strong></span> <span class='ocrx_word' id='word_1_11' title='bbox 1749 527 1845 582; x_wconf 91' lang='lat' dir='ltr'><strong>per</strong></span> <span class='ocrx_word' id='word_1_12' title='bbox 1885 526 2075 566; x_wconf 85' lang='lat' dir='ltr'><strong>accre-</strong></span> 
     </span>
    </p>
   </div>
   <div class='ocr_carea' id='block_1_5' title="bbox 2194 491 3762 584">
    <p class='ocr_par' dir='ltr' id='par_1_5' title="bbox 2194 491 3762 584">
     <span class='ocr_line' id='line_1_5' title="bbox 2194 491 3762 584; baseline -0.022 -19"><span class='ocrx_word' id='word_1_13' title='bbox 2194 508 2242 584; x_wconf 61' lang='grc' dir='ltr'>ἧς</span> <span class='ocrx_word' id='word_1_14' title='bbox 2273 509 2350 580; x_wconf 84' lang='grc' dir='ltr'>τῷ</span> <span class='ocrx_word' id='word_1_15' title='bbox 2373 509 2515 576; x_wconf 78' lang='grc' dir='ltr'>λόγῳ</span> <span class='ocrx_word' id='word_1_16' title='bbox 2543 500 3001 575; x_wconf 86' lang='grc' dir='ltr'>περιαιρεθείσης,</span> <span class='ocrx_word' id='word_1_17' title='bbox 3027 497 3277 566; x_wconf 87' lang='grc' dir='ltr'>καθάπερ</span> <span class='ocrx_word' id='word_1_18' title='bbox 3301 495 3394 548; x_wconf 60' lang='grc' dir='ltr'><strong>επὶ¹</strong></span> <span class='ocrx_word' id='word_1_19' title='bbox 3423 492 3639 563; x_wconf 67' lang='grc' dir='ltr'>Νεεμὰν</span> <span class='ocrx_word' id='word_1_20' title='bbox 3662 491 3762 545; x_wconf 62' lang='grc' dir='ltr'>τος</span> 
     </span>
    </p>
   </div>
   <div class='ocr_carea' id='block_1_6' title="bbox 510 603 2078 668">
    <p class='ocr_par' dir='ltr' id='par_1_6' title="bbox 510 603 2078 668">
     <span class='ocr_line' id='line_1_6' title="bbox 510 603 2078 668; baseline -0.003 -8"><span class='ocrx_word' id='word_1_21' title='bbox 510 608 714 660; x_wconf 89' lang='lat' dir='ltr'><strong>tionem</strong></span> <span class='ocrx_word' id='word_1_22' title='bbox 745 621 806 659; x_wconf 89' lang='lat' dir='ltr'><strong>ac</strong></span> <span class='ocrx_word' id='word_1_23' title='bbox 846 605 1263 658; x_wconf 75' lang='lat' dir='ltr'><strong>diminutionem</strong></span> <span class='ocrx_word' id='word_1_24' title='bbox 1309 612 1575 668; x_wconf 82' lang='lat' dir='ltr'><strong>mutatur,</strong></span> <span class='ocrx_word' id='word_1_25' title='bbox 1617 611 1672 658; x_wconf 90' lang='lat' dir='ltr'><strong>et</strong></span> <span class='ocrx_word' id='word_1_26' title='bbox 1702 611 1890 658; x_wconf 72' lang='lat' dir='ltr'><strong>aetates</strong></span> <span class='ocrx_word' id='word_1_27' title='bbox 1947 603 2078 656; x_wconf 68' lang='lat' dir='ltr'><strong>vitae</strong></span> 
     </span>
    </p>
   </div>
   <div class='ocr_carea' id='block_1_7' title="bbox 513 693 2078 766">
    <p class='ocr_par' dir='ltr' id='par_1_7' title="bbox 513 693 2078 766">
     <span class='ocr_line' id='line_1_7' title="bbox 513 693 2078 766; baseline -0.003 -13"><span class='ocrx_word' id='word_1_28' title='bbox 513 694 873 754; x_wconf 89' lang='lat' dir='ltr'><strong>succedentes</strong></span> <span class='ocrx_word' id='word_1_29' title='bbox 900 697 1006 750; x_wconf 84' lang='lat' dir='ltr'><strong>sibi</strong></span> <span class='ocrx_word' id='word_1_30' title='bbox 1044 697 1202 765; x_wconf 87' lang='lat' dir='ltr'><strong>quasi</strong></span> <span class='ocrx_word' id='word_1_31' title='bbox 1225 704 1406 752; x_wconf 86' lang='lat' dir='ltr'><strong>vestes</strong></span> <span class='ocrx_word' id='word_1_32' title='bbox 1435 697 1703 766; x_wconf 82' lang='lat' dir='ltr'><strong>quasdam</strong></span> <span class='ocrx_word' id='word_1_33' title='bbox 1730 695 1927 750; x_wconf 84' lang='lat' dir='ltr'><strong>induit.</strong></span> <span class='ocrx_word' id='word_1_34' title='bbox 1953 693 2078 749; x_wconf 87' lang='lat' dir='ltr'><strong>Idea</strong></span> 
     </span>
    </p>
   </div>
   <div class='ocr_carea' id='block_1_8' title="bbox 510 791 2078 858">
    <p class='ocr_par' dir='ltr' id='par_1_8' title="bbox 510 791 2078 858">
     <span class='ocr_line' id='line_1_8' title="bbox 510 791 2078 858; baseline -0.002 -16"><span class='ocrx_word' id='word_1_35' title='bbox 510 807 640 844; x_wconf 85' lang='lat' dir='ltr'><strong>vero</strong></span> <span class='ocrx_word' id='word_1_36' title='bbox 685 791 874 844; x_wconf 88' lang='lat' dir='ltr'><strong>eadem</strong></span> <span class='ocrx_word' id='word_1_37' title='bbox 911 804 1126 858; x_wconf 85' lang='lat' dir='ltr'><strong>semper</strong></span> <span class='ocrx_word' id='word_1_38' title='bbox 1165 797 1372 850; x_wconf 86' lang='lat' dir='ltr'><strong>manet,</strong></span> <span class='ocrx_word' id='word_1_39' title='bbox 1425 797 1582 842; x_wconf 78' lang='lat' dir='ltr'><strong>extra</strong></span> <span class='ocrx_word' id='word_1_40' title='bbox 1626 803 1844 842; x_wconf 87' lang='lat' dir='ltr'><strong>omnem</strong></span> <span class='ocrx_word' id='word_1_41' title='bbox 1897 797 2078 841; x_wconf 86' lang='lat' dir='ltr'><strong>muta-</strong></span> 
     </span>
    </p>
   </div>
   <div class='ocr_carea' id='block_1_9' title="bbox 2185 584 3761 673">
    <p class='ocr_par' dir='ltr' id='par_1_9' title="bbox 2185 584 3761 673">
     <span class='ocr_line' id='line_1_9' title="bbox 2185 584 3761 673; baseline -0.013 -17"><span class='ocrx_word' id='word_1_42' title='bbox 2185 603 2378 673; x_wconf 80' lang='grc' dir='ltr'><strong>Σύρου,</strong></span> <span class='ocrx_word' id='word_1_43' title='bbox 2412 601 2444 670; x_wconf 86' lang='grc' dir='ltr'>ἢ</span> <span class='ocrx_word' id='word_1_44' title='bbox 2479 599 2571 652; x_wconf 73' lang='grc' dir='ltr'><strong>ἐπὶ</strong></span> <span class='ocrx_word' id='word_1_45' title='bbox 2593 597 2700 650; x_wconf 86' lang='grc' dir='ltr'>τῶν</span> <span class='ocrx_word' id='word_1_46' title='bbox 2741 593 2882 648; x_wconf 79' lang='grc' dir='ltr'>κατὰ</span> <span class='ocrx_word' id='word_1_47' title='bbox 2909 592 2970 644; x_wconf 83' lang='grc' dir='ltr'>τὸ</span> <span class='ocrx_word' id='word_1_48' title='bbox 2996 589 3323 658; x_wconf 68' lang='grc' dir='ltr'>Εὐαγγέλιω</span> <span class='ocrx_word' id='word_1_49' title='bbox 3349 584 3761 673; x_wconf 77' lang='grc' dir='ltr'>ἱστορηθέντων,</span> 
     </span>
    </p>
   </div>
   <div class='ocr_carea' id='block_1_10' title="bbox 2186 671 3766 758">
    <p class='ocr_par' dir='ltr' id='par_1_10' title="bbox 2186 671 3766 758">
     <span class='ocr_line' id='line_1_10' title="bbox 2186 671 3766 758; baseline -0.015 -11"><span class='ocrx_word' id='word_1_50' title='bbox 2186 694 2348 748; x_wconf 84' lang='grc' dir='ltr'>πάλιν</span> <span class='ocrx_word' id='word_1_51' title='bbox 2377 691 2438 744; x_wconf 81' lang='grc' dir='ltr'><strong>τὸ</strong></span> <span class='ocrx_word' id='word_1_52' title='bbox 2465 687 2841 758; x_wconf 79' lang='grc' dir='ltr'><strong>κεκρυμμένον</strong></span> <span class='ocrx_word' id='word_1_53' title='bbox 2870 683 2972 736; x_wconf 80' lang='grc' dir='ltr'>ὑπὸ</span> <span class='ocrx_word' id='word_1_54' title='bbox 3004 681 3096 733; x_wconf 82' lang='grc' dir='ltr'>τοῦ</span> <span class='ocrx_word' id='word_1_55' title='bbox 3127 677 3328 740; x_wconf 80' lang='grc' dir='ltr'>πάθους</span> <span class='ocrx_word' id='word_1_56' title='bbox 3357 671 3513 738; x_wconf 74' lang='grc' dir='ltr'>εἶδος,</span> <span class='ocrx_word' id='word_1_57' title='bbox 3548 673 3634 726; x_wconf 77' lang='grc' dir='ltr'>διὰ</span> <span class='ocrx_word' id='word_1_58' title='bbox 3663 673 3766 742; x_wconf 84' lang='grc' dir='ltr'>τῆς</span> 
     </span>
    </p>
   </div>
   <div class='ocr_carea' id='block_1_11' title="bbox 2185 768 3426 852">
    <p class='ocr_par' dir='ltr' id='par_1_11' title="bbox 2185 768 3426 852">
     <span class='ocr_line' id='line_1_11' title="bbox 2185 768 3426 852; baseline -0.012 -17"><span class='ocrx_word' id='word_1_59' title='bbox 2185 783 2370 852; x_wconf 82' lang='grc' dir='ltr'><strong>ὑγείας</strong></span> <span class='ocrx_word' id='word_1_60' title='bbox 2399 783 2456 833; x_wconf 83' lang='grc' dir='ltr'>ὲν</span> <span class='ocrx_word' id='word_1_61' title='bbox 2485 783 2596 842; x_wconf 87' lang='grc' dir='ltr'>τοῖς</span> <span class='ocrx_word' id='word_1_62' title='bbox 2627 778 2777 838; x_wconf 81' lang='grc' dir='ltr'><strong>ἰδίοις</strong></span> <span class='ocrx_word' id='word_1_63' title='bbox 2798 773 3038 842; x_wconf 77' lang='grc' dir='ltr'>ἀνεφάνη</span> <span class='ocrx_word' id='word_1_64' title='bbox 3063 768 3426 840; x_wconf 86' lang='grc' dir='ltr'>γνωρίσμασι.</span> 
     </span>
    </p>
   </div>
   <div class='ocr_carea' id='block_1_12' title="bbox 508 854 3768 950">
    <p class='ocr_par' dir='ltr' id='par_1_12' title="bbox 508 854 3768 950">
     <span class='ocr_line' id='line_1_12' title="bbox 508 854 3768 950; baseline -0.009 -14"><span class='ocrx_word' id='word_1_65' title='bbox 508 883 768 936; x_wconf 89' lang='lat' dir='ltr'><strong>bilitatem</strong></span> <span class='ocrx_word' id='word_1_66' title='bbox 815 854 1236 950; x_wconf 21' lang='lat' dir='ltr'><strong>positaineque</strong></span> <span class='ocrx_word' id='word_1_67' title='bbox 1285 889 1446 936; x_wconf 85' lang='lat' dir='ltr'><strong>notas</strong></span> <span class='ocrx_word' id='word_1_68' title='bbox 1501 880 1707 936; x_wconf 87' lang='lat' dir='ltr'><strong>inditas</strong></span> <span class='ocrx_word' id='word_1_69' title='bbox 1757 896 1787 934; x_wconf 91' lang='lat' dir='ltr'><strong>a</strong></span> <span class='ocrx_word' id='word_1_70' title='bbox 1836 893 2029 934; x_wconf 86' lang='lat' dir='ltr'><strong>natura</strong></span> <span class='ocrx_word' id='word_1_71' title='bbox 2064 878 2167 933; x_wconf 86' lang='lat' dir='ltr'><strong>sibi</strong></span> <span class='ocrx_word' id='word_1_72' title='bbox 2201 873 2400 928; x_wconf 89' lang='lat' dir='ltr'><strong>amittit</strong></span> <span class='ocrx_word' id='word_1_73' title='bbox 2435 892 2446 926; x_wconf 91' lang='lat'>:</span> <span class='ocrx_word' id='word_1_74' title='bbox 2487 870 2580 926; x_wconf 91' lang='lat' dir='ltr'><strong>sed</strong></span> <span class='ocrx_word' id='word_1_75' title='bbox 2613 881 2954 939; x_wconf 81' lang='lat' dir='ltr'><strong>quaecunque</strong></span> <span class='ocrx_word' id='word_1_76' title='bbox 3001 861 3217 932; x_wconf 84' lang='lat' dir='ltr'><strong>corpori</strong></span> <span class='ocrx_word' id='word_1_77' title='bbox 3255 858 3584 911; x_wconf 85' lang='lat' dir='ltr'><strong>mutationes</strong></span> <span class='ocrx_word' id='word_1_78' title='bbox 3611 854 3768 909; x_wconf 84' lang='lat' dir='ltr'><strong>acci-</strong></span> 
     </span>
    </p>
   </div>
   <div class='ocr_carea' id='block_1_13' title="bbox 507 951 3766 1046">
    <p class='ocr_par' dir='ltr' id='par_1_13' title="bbox 507 951 3766 1046">
     <span class='ocr_line' id='line_1_13' title="bbox 507 951 3766 1046; baseline -0.007 -18"><span class='ocrx_word' id='word_1_79' title='bbox 507 974 658 1038; x_wconf 86' lang='lat' dir='ltr'><strong>dant,</strong></span> <span class='ocrx_word' id='word_1_80' title='bbox 713 974 828 1028; x_wconf 75' lang='lat' dir='ltr'><strong>lucc</strong></span> <span class='ocrx_word' id='word_1_81' title='bbox 875 976 1234 1030; x_wconf 85' lang='lat' dir='ltr'><strong>nihilominus</strong></span> <span class='ocrx_word' id='word_1_82' title='bbox 1291 977 1444 1046; x_wconf 89' lang='lat' dir='ltr'><strong>signa</strong></span> <span class='ocrx_word' id='word_1_83' title='bbox 1501 991 1621 1041; x_wconf 91' lang='lat' dir='ltr'><strong>sua,</strong></span> <span class='ocrx_word' id='word_1_84' title='bbox 1675 977 1742 1030; x_wconf 94' lang='lat' dir='ltr'><strong>de</strong></span> <span class='ocrx_word' id='word_1_85' title='bbox 1781 977 1986 1046; x_wconf 90' lang='lat' dir='ltr'><strong>quibus</strong></span> <span class='ocrx_word' id='word_1_86' title='bbox 2028 983 2378 1044; x_wconf 78' lang='lat' dir='ltr'><strong>agnoscatur,</strong></span> <span class='ocrx_word' id='word_1_87' title='bbox 2425 967 2644 1022; x_wconf 84' lang='lat' dir='ltr'><strong>retinet.</strong></span> <span class='ocrx_word' id='word_1_88' title='bbox 2687 961 3016 1032; x_wconf 71' lang='lat' dir='ltr'><strong>Excipienda</strong></span> <span class='ocrx_word' id='word_1_89' title='bbox 3049 972 3230 1017; x_wconf 88' lang='lat' dir='ltr'><strong>tamen</strong></span> <span class='ocrx_word' id='word_1_90' title='bbox 3254 963 3406 1018; x_wconf 82' lang='lat' dir='ltr'><strong>venit</strong></span> <span class='ocrx_word' id='word_1_91' title='bbox 3431 951 3766 1016; x_wconf 84' lang='lat' dir='ltr'><strong>eamutatio.</strong></span> 
     </span>
    </p>
   </div>
   <div class='ocr_carea' id='block_1_14' title="bbox 507 1053 3766 1135">
    <p class='ocr_par' dir='ltr' id='par_1_14' title="bbox 507 1053 3766 1135">
     <span class='ocr_line' id='line_1_14' title="bbox 507 1053 3766 1135; baseline -0.006 -17"><span class='ocrx_word' id='word_1_92' title='bbox 507 1081 628 1134; x_wconf 69' lang='lat' dir='ltr'><strong>qua:</strong></span> <span class='ocrx_word' id='word_1_93' title='bbox 665 1068 852 1119; x_wconf 89' lang='lat' dir='ltr'><strong>morbo</strong></span> <span class='ocrx_word' id='word_1_94' title='bbox 901 1066 1086 1134; x_wconf 91' lang='lat' dir='ltr'><strong>aliquo</strong></span> <span class='ocrx_word' id='word_1_95' title='bbox 1133 1065 1268 1120; x_wconf 78' lang='lat' dir='ltr'><strong>idea:</strong></span> <span class='ocrx_word' id='word_1_96' title='bbox 1319 1065 1605 1135; x_wconf 86' lang='lat' dir='ltr'><strong>contingit.</strong></span> <span class='ocrx_word' id='word_1_97' title='bbox 1671 1064 1805 1118; x_wconf 82' lang='lat' dir='ltr'><strong>Nam</strong></span> <span class='ocrx_word' id='word_1_98' title='bbox 1852 1076 1967 1119; x_wconf 92' lang='lat' dir='ltr'><strong>tum</strong></span> <span class='ocrx_word' id='word_1_99' title='bbox 2026 1071 2146 1118; x_wconf 90' lang='lat' dir='ltr'><strong>orta</strong></span> <span class='ocrx_word' id='word_1_100' title='bbox 2199 1077 2261 1115; x_wconf 82' lang='lat' dir='ltr'><strong>ex</strong></span> <span class='ocrx_word' id='word_1_101' title='bbox 2327 1058 2519 1114; x_wconf 89' lang='lat' dir='ltr'><strong>morbo</strong></span> <span class='ocrx_word' id='word_1_102' title='bbox 2578 1054 2900 1110; x_wconf 79' lang='lat' dir='ltr'><strong>deformitas</strong></span> <span class='ocrx_word' id='word_1_103' title='bbox 2959 1053 3137 1107; x_wconf 88' lang='lat' dir='ltr'><strong>ideam</strong></span> <span class='ocrx_word' id='word_1_104' title='bbox 3190 1065 3444 1123; x_wconf 91' lang='lat' dir='ltr'><strong>occupat,</strong></span> <span class='ocrx_word' id='word_1_105' title='bbox 3502 1057 3766 1119; x_wconf 87' lang='lat' dir='ltr'><strong>tanquam</strong></span> 
     </span>
    </p>
   </div>
   <div class='ocr_carea' id='block_1_15' title="bbox 505 1139 3766 1228">
    <p class='ocr_par' dir='ltr' id='par_1_15' title="bbox 505 1139 3766 1228">
     <span class='ocr_line' id='line_1_15' title="bbox 505 1139 3766 1228; baseline -0.006 -18"><span class='ocrx_word' id='word_1_106' title='bbox 505 1158 656 1211; x_wconf 83' lang='lat' dir='ltr'><strong>larva</strong></span> <span class='ocrx_word' id='word_1_107' title='bbox 696 1157 966 1227; x_wconf 62' lang='lat' dir='ltr'><strong>quaedam,</strong></span> <span class='ocrx_word' id='word_1_108' title='bbox 1015 1173 1176 1228; x_wconf 90' lang='lat' dir='ltr'><strong>quam</strong></span> <span class='ocrx_word' id='word_1_109' title='bbox 1228 1158 1272 1212; x_wconf 88' lang='lat' dir='ltr'><strong>si</strong></span> <span class='ocrx_word' id='word_1_110' title='bbox 1319 1159 1370 1212; x_wconf 92' lang='lat' dir='ltr'><strong>ei</strong></span> <span class='ocrx_word' id='word_1_111' title='bbox 1409 1157 1700 1228; x_wconf 87' lang='lat' dir='ltr'><strong>cogitando</strong></span> <span class='ocrx_word' id='word_1_112' title='bbox 1745 1157 2073 1222; x_wconf 89' lang='lat' dir='ltr'><strong>adimamus,</strong></span> <span class='ocrx_word' id='word_1_113' title='bbox 2115 1155 2256 1210; x_wconf 89' lang='lat' dir='ltr'><strong>sicut</strong></span> <span class='ocrx_word' id='word_1_114' title='bbox 2293 1152 2362 1205; x_wconf 90' lang='lat' dir='ltr'><strong>ab</strong></span> <span class='ocrx_word' id='word_1_115' title='bbox 2396 1167 2457 1205; x_wconf 89' lang='lat' dir='ltr'><strong>ea</strong></span> <span class='ocrx_word' id='word_1_116' title='bbox 2517 1147 2689 1219; x_wconf 79' lang='lat' dir='ltr'><strong>Syrus</strong></span> <span class='ocrx_word' id='word_1_117' title='bbox 2743 1147 2833 1200; x_wconf 90' lang='lat' dir='ltr'><strong>ille</strong></span> <span class='ocrx_word' id='word_1_118' title='bbox 2889 1143 3219 1211; x_wconf 86' lang='lat' dir='ltr'><strong>Neemanus,</strong></span> <span class='ocrx_word' id='word_1_119' title='bbox 3251 1155 3306 1200; x_wconf 91' lang='lat' dir='ltr'><strong>et</strong></span> <span class='ocrx_word' id='word_1_120' title='bbox 3345 1156 3532 1198; x_wconf 80' lang='lat' dir='ltr'><strong>decem</strong></span> <span class='ocrx_word' id='word_1_121' title='bbox 3571 1139 3766 1195; x_wconf 80' lang='lat' dir='ltr'><strong>infecti</strong></span> 
     </span>
    </p>
   </div>
   <div class='ocr_carea' id='block_1_16' title="bbox 505 1233 3766 1320">
    <p class='ocr_par' dir='ltr' id='par_1_16' title="bbox 505 1233 3766 1320">
     <span class='ocr_line' id='line_1_16' title="bbox 505 1233 3766 1320; baseline -0.003 -21"><span class='ocrx_word' id='word_1_122' title='bbox 505 1245 677 1318; x_wconf 84' lang='lat' dir='ltr'><strong>lepra,</strong></span> <span class='ocrx_word' id='word_1_123' title='bbox 721 1253 786 1304; x_wconf 88' lang='lat' dir='ltr'><strong>de</strong></span> <span class='ocrx_word' id='word_1_124' title='bbox 835 1251 1035 1320; x_wconf 81' lang='lat' dir='ltr'><strong>quibus</strong></span> <span class='ocrx_word' id='word_1_125' title='bbox 1073 1265 1230 1304; x_wconf 90' lang='lat' dir='ltr'><strong>sacro</strong></span> <span class='ocrx_word' id='word_1_126' title='bbox 1265 1251 1320 1304; x_wconf 92' lang='lat' dir='ltr'><strong>iu</strong></span> <span class='ocrx_word' id='word_1_127' title='bbox 1353 1250 1648 1320; x_wconf 83' lang='lat' dir='ltr'><strong>Evangelio</strong></span> <span class='ocrx_word' id='word_1_128' title='bbox 1687 1250 1962 1304; x_wconf 73' lang='lat' dir='ltr'><strong>memoriae</strong></span> <span class='ocrx_word' id='word_1_129' title='bbox 2001 1248 2271 1318; x_wconf 90' lang='lat' dir='ltr'><strong>proditum</strong></span> <span class='ocrx_word' id='word_1_130' title='bbox 2302 1251 2386 1299; x_wconf 88' lang='lat' dir='ltr'><strong>est</strong></span> <span class='ocrx_word' id='word_1_131' title='bbox 2412 1243 2482 1307; x_wconf 81' lang='lat'><strong>&quot;,</strong></span> <span class='ocrx_word' id='word_1_132' title='bbox 2529 1239 2742 1295; x_wconf 87' lang='lat' dir='ltr'><strong>liberati</strong></span> <span class='ocrx_word' id='word_1_133' title='bbox 2783 1237 3027 1301; x_wconf 79' lang='lat' dir='ltr'><strong>fuerunt,</strong></span> <span class='ocrx_word' id='word_1_134' title='bbox 3079 1237 3254 1292; x_wconf 86' lang='lat' dir='ltr'><strong>ideam</strong></span> <span class='ocrx_word' id='word_1_135' title='bbox 3303 1238 3534 1292; x_wconf 89' lang='lat' dir='ltr'><strong>antehac</strong></span> <span class='ocrx_word' id='word_1_136' title='bbox 3583 1233 3766 1290; x_wconf 84' lang='lat' dir='ltr'><strong>morbi</strong></span> 
     </span>
    </p>
   </div>
   <div class='ocr_carea' id='block_1_17' title="bbox 505 1336 3300 1416">
    <p class='ocr_par' dir='ltr' id='par_1_17' title="bbox 505 1336 3300 1416">
     <span class='ocr_line' id='line_1_17' title="bbox 505 1336 3300 1416; baseline -0.004 -16"><span class='ocrx_word' id='word_1_137' title='bbox 505 1347 560 1400; x_wconf 93' lang='lat' dir='ltr'><strong>vi</strong></span> <span class='ocrx_word' id='word_1_138' title='bbox 593 1347 944 1409; x_wconf 89' lang='lat' dir='ltr'><strong>occultatam,</strong></span> <span class='ocrx_word' id='word_1_139' title='bbox 983 1358 1300 1414; x_wconf 86' lang='lat' dir='ltr'><strong>recuperata</strong></span> <span class='ocrx_word' id='word_1_140' title='bbox 1357 1347 1592 1401; x_wconf 83' lang='lat' dir='ltr'><strong>sanitate</strong></span> <span class='ocrx_word' id='word_1_141' title='bbox 1633 1346 1869 1416; x_wconf 88' lang='lat' dir='ltr'><strong>propriis</strong></span> <span class='ocrx_word' id='word_1_142' title='bbox 1921 1347 2066 1400; x_wconf 82' lang='lat' dir='ltr'><strong>notis</strong></span> <span class='ocrx_word' id='word_1_143' title='bbox 2093 1343 2441 1412; x_wconf 66' lang='lat' dir='ltr'><strong>correpicuam</strong></span> <span class='ocrx_word' id='word_1_144' title='bbox 2475 1353 2668 1391; x_wconf 84' lang='lat' dir='ltr'><strong>rursus</strong></span> <span class='ocrx_word' id='word_1_145' title='bbox 2697 1336 2912 1390; x_wconf 86' lang='lat' dir='ltr'><strong>elucere</strong></span> <span class='ocrx_word' id='word_1_146' title='bbox 2945 1349 3168 1389; x_wconf 88' lang='lat' dir='ltr'><strong>necesse</strong></span> <span class='ocrx_word' id='word_1_147' title='bbox 3197 1343 3300 1392; x_wconf 91' lang='lat' dir='ltr'><strong>est.</strong></span> 
     </span>
    </p>
   </div>
   <div class='ocr_carea' id='block_1_18' title="bbox 579 1437 2081 1508">
    <p class='ocr_par' dir='ltr' id='par_1_18' title="bbox 579 1437 2081 1508">
     <span class='ocr_line' id='line_1_18' title="bbox 579 1437 2081 1508; baseline -0.001 -17"><span class='ocrx_word' id='word_1_148' title='bbox 579 1437 944 1504; x_wconf 82' lang='lat' dir='ltr'><strong>Quamobrem</strong></span> <span class='ocrx_word' id='word_1_149' title='bbox 978 1439 1174 1492; x_wconf 77' lang='lat' dir='ltr'><strong>divina:</strong></span> <span class='ocrx_word' id='word_1_150' title='bbox 1202 1440 1254 1491; x_wconf 89' lang='lat' dir='ltr'><strong>in</strong></span> <span class='ocrx_word' id='word_1_151' title='bbox 1296 1439 1454 1494; x_wconf 88' lang='lat' dir='ltr'><strong>nobis</strong></span> <span class='ocrx_word' id='word_1_152' title='bbox 1484 1440 1650 1492; x_wconf 86' lang='lat' dir='ltr'><strong>animi</strong></span> <span class='ocrx_word' id='word_1_153' title='bbox 1693 1439 2081 1508; x_wconf 66' lang='lat' dir='ltr'><strong>prwstantissi-</strong></span> 
     </span>
    </p>
   </div>
   <div class='ocr_carea' id='block_1_19' title="bbox 513 1528 2080 1602">
    <p class='ocr_par' dir='ltr' id='par_1_19' title="bbox 513 1528 2080 1602">
     <span class='ocr_line' id='line_1_19' title="bbox 513 1528 2080 1602; baseline -0.004 -14"><span class='ocrx_word' id='word_1_154' title='bbox 513 1549 723 1601; x_wconf 72' lang='lat' dir='ltr'><strong>maeque</strong></span> <span class='ocrx_word' id='word_1_155' title='bbox 763 1532 904 1602; x_wconf 84' lang='lat' dir='ltr'><strong>parti</strong></span> <span class='ocrx_word' id='word_1_156' title='bbox 953 1547 1065 1585; x_wconf 89' lang='lat' dir='ltr'><strong>non</strong></span> <span class='ocrx_word' id='word_1_157' title='bbox 1119 1531 1254 1584; x_wconf 90' lang='lat' dir='ltr'><strong>illud</strong></span> <span class='ocrx_word' id='word_1_158' title='bbox 1292 1530 1498 1584; x_wconf 78' lang='lat' dir='ltr'><strong>ﬂuxum</strong></span> <span class='ocrx_word' id='word_1_159' title='bbox 1551 1543 1615 1584; x_wconf 90' lang='lat' dir='ltr'><strong>ac</strong></span> <span class='ocrx_word' id='word_1_160' title='bbox 1661 1531 1941 1591; x_wconf 84' lang='lat' dir='ltr'><strong>mutabile,</strong></span> <span class='ocrx_word' id='word_1_161' title='bbox 1985 1528 2080 1582; x_wconf 88' lang='lat' dir='ltr'><strong>sed</strong></span> 
     </span>
    </p>
   </div>
   <div class='ocr_carea' id='block_1_20' title="bbox 2257 1426 3765 1504">
    <p class='ocr_par' dir='ltr' id='par_1_20' title="bbox 2257 1426 3765 1504">
     <span class='ocr_line' id='line_1_20' title="bbox 2257 1426 3765 1504; baseline -0.005 -18"><span class='ocrx_word' id='word_1_162' title='bbox 2257 1434 2348 1504; x_wconf 81' lang='grc' dir='ltr'><strong>Τῷ</strong></span> <span class='ocrx_word' id='word_1_163' title='bbox 2379 1434 2556 1486; x_wconf 82' lang='grc' dir='ltr'>τοίνυν</span> <span class='ocrx_word' id='word_1_164' title='bbox 2583 1429 2804 1484; x_wconf 83' lang='grc' dir='ltr'>Οεοειδεῖ</span> <span class='ocrx_word' id='word_1_165' title='bbox 2831 1428 2930 1497; x_wconf 79' lang='grc' dir='ltr'><strong>τῆς</strong></span> <span class='ocrx_word' id='word_1_166' title='bbox 2961 1426 3138 1498; x_wconf 80' lang='grc' dir='ltr'>ψυχῆς</span> <span class='ocrx_word' id='word_1_167' title='bbox 3167 1428 3226 1479; x_wconf 86' lang='grc' dir='ltr'><strong>ού</strong></span> <span class='ocrx_word' id='word_1_168' title='bbox 3261 1427 3319 1480; x_wconf 82' lang='grc' dir='ltr'>τὺ</span> <span class='ocrx_word' id='word_1_169' title='bbox 3344 1427 3462 1496; x_wconf 76' lang='grc' dir='ltr'>ῥέον</span> <span class='ocrx_word' id='word_1_170' title='bbox 3495 1428 3551 1478; x_wconf 76' lang='grc' dir='ltr'>ἐν</span> <span class='ocrx_word' id='word_1_171' title='bbox 3575 1429 3640 1497; x_wconf 82' lang='grc' dir='ltr'>τῇ</span> <span class='ocrx_word' id='word_1_172' title='bbox 3669 1426 3765 1480; x_wconf 82' lang='grc' dir='ltr'><strong>ἀλ-</strong></span> 
     </span>
    </p>
   </div>
   <div class='ocr_carea' id='block_1_21' title="bbox 2185 1519 3767 1594">
    <p class='ocr_par' dir='ltr' id='par_1_21' title="bbox 2185 1519 3767 1594">
     <span class='ocr_line' id='line_1_21' title="bbox 2185 1519 3767 1594; baseline -0.006 -15"><span class='ocrx_word' id='word_1_173' title='bbox 2185 1526 2395 1579; x_wconf 81' lang='grc' dir='ltr'>λοιώσει</span> <span class='ocrx_word' id='word_1_174' title='bbox 2421 1525 2512 1576; x_wconf 73' lang='grc' dir='ltr'><strong>καὶ</strong></span> <span class='ocrx_word' id='word_1_175' title='bbox 2539 1521 2950 1594; x_wconf 81' lang='grc' dir='ltr'>μεθιστάμενον.</span> <span class='ocrx_word' id='word_1_176' title='bbox 2977 1519 3109 1572; x_wconf 82' lang='grc' dir='ltr'>ἀλλὰ</span> <span class='ocrx_word' id='word_1_177' title='bbox 3129 1520 3188 1572; x_wconf 82' lang='grc' dir='ltr'><strong>τὸ</strong></span> <span class='ocrx_word' id='word_1_178' title='bbox 3218 1519 3440 1590; x_wconf 74' lang='grc' dir='ltr'>μόνιμον</span> <span class='ocrx_word' id='word_1_179' title='bbox 3461 1536 3518 1570; x_wconf 88' lang='grc' dir='ltr'><strong>τε</strong></span> <span class='ocrx_word' id='word_1_180' title='bbox 3545 1521 3637 1571; x_wconf 71' lang='grc' dir='ltr'><strong>καὶ</strong></span> <span class='ocrx_word' id='word_1_181' title='bbox 3656 1519 3767 1570; x_wconf 80' lang='grc' dir='ltr'><strong>ὡσ-</strong></span> 
     </span>
    </p>
   </div>
   <div class='ocr_carea' id='block_1_22' title="bbox 515 1611 2088 1712">
    <p class='ocr_par' dir='ltr' id='par_1_22' title="bbox 515 1627 2081 1696">
     <span class='ocr_line' id='line_1_22' title="bbox 515 1627 2081 1696; baseline -0.005 -16"><span class='ocrx_word' id='word_1_182' title='bbox 515 1628 662 1696; x_wconf 90' lang='lat' dir='ltr'><strong>quod</strong></span> <span class='ocrx_word' id='word_1_183' title='bbox 695 1627 744 1678; x_wconf 90' lang='lat' dir='ltr'><strong>in</strong></span> <span class='ocrx_word' id='word_1_184' title='bbox 778 1639 1040 1694; x_wconf 83' lang='lat' dir='ltr'><strong>compage</strong></span> <span class='ocrx_word' id='word_1_185' title='bbox 1069 1636 1254 1678; x_wconf 87' lang='lat' dir='ltr'><strong>nostra</strong></span> <span class='ocrx_word' id='word_1_186' title='bbox 1301 1632 1386 1677; x_wconf 91' lang='lat' dir='ltr'><strong>est</strong></span> <span class='ocrx_word' id='word_1_187' title='bbox 1420 1632 1740 1692; x_wconf 86' lang='lat' dir='ltr'><strong>perpetuum</strong></span> <span class='ocrx_word' id='word_1_188' title='bbox 1781 1631 1834 1677; x_wconf 91' lang='lat' dir='ltr'><strong>et</strong></span> <span class='ocrx_word' id='word_1_189' title='bbox 1867 1635 2081 1690; x_wconf 87' lang='lat' dir='ltr'><strong>semper</strong></span> 
     </span>
    </p>
   </div>
   <div class='ocr_carea' id='block_1_23' title="bbox 2194 1611 3764 1712">
    <p class='ocr_par' dir='ltr' id='par_1_23' title="bbox 2194 1611 3764 1686">
     <span class='ocr_line' id='line_1_23' title="bbox 2194 1611 3764 1686; baseline -0.006 -13"><span class='ocrx_word' id='word_1_190' title='bbox 2194 1619 2362 1681; x_wconf 70' lang='grc' dir='ltr'>κύτως</span> <span class='ocrx_word' id='word_1_191' title='bbox 2391 1618 2511 1686; x_wconf 74' lang='grc' dir='ltr'>ἔχον</span> <span class='ocrx_word' id='word_1_192' title='bbox 2537 1619 2593 1668; x_wconf 79' lang='grc' dir='ltr'>ὲν</span> <span class='ocrx_word' id='word_1_193' title='bbox 2615 1613 2692 1684; x_wconf 85' lang='grc' dir='ltr'>τῷ</span> <span class='ocrx_word' id='word_1_194' title='bbox 2721 1613 2838 1666; x_wconf 81' lang='grc' dir='ltr'>καθ’</span> <span class='ocrx_word' id='word_1_195' title='bbox 2863 1613 3008 1682; x_wconf 81' lang='grc' dir='ltr'>ἡμᾶς</span> <span class='ocrx_word' id='word_1_196' title='bbox 3026 1611 3374 1682; x_wconf 87' lang='grc' dir='ltr'>συγκρίματι,</span> <span class='ocrx_word' id='word_1_197' title='bbox 3395 1611 3566 1682; x_wconf 83' lang='grc' dir='ltr'>τούτῳ</span> <span class='ocrx_word' id='word_1_198' title='bbox 3594 1629 3764 1682; x_wconf 83' lang='grc' dir='ltr'>προσ-</span> 
     </span>
    </p>
   </div>
   <div class='ocr_carea' id='block_1_24' title="bbox 511 1713 2083 1782">
    <p class='ocr_par' dir='ltr' id='par_1_24' title="bbox 511 1713 2083 1782">
     <span class='ocr_line' id='line_1_24' title="bbox 511 1713 2083 1782; baseline -0.005 -10"><span class='ocrx_word' id='word_1_199' title='bbox 511 1718 680 1780; x_wconf 88' lang='lat' dir='ltr'><strong>idem,</strong></span> <span class='ocrx_word' id='word_1_200' title='bbox 717 1717 864 1770; x_wconf 89' lang='lat' dir='ltr'><strong>velut</strong></span> <span class='ocrx_word' id='word_1_201' title='bbox 896 1715 1123 1769; x_wconf 79' lang='lat' dir='ltr'><strong>insitum</strong></span> <span class='ocrx_word' id='word_1_202' title='bbox 1165 1713 1682 1782; x_wconf 62' lang='lat' dir='ltr'><strong>adimere-LCumque</strong></span> <span class='ocrx_word' id='word_1_203' title='bbox 1715 1713 2083 1767; x_wconf 84' lang='lat' dir='ltr'><strong>diversatem-</strong></span> 
     </span>
    </p>
   </div>
   <div class='ocr_carea' id='block_1_25' title="bbox 511 1806 2084 1880">
    <p class='ocr_par' dir='ltr' id='par_1_25' title="bbox 511 1806 2084 1880">
     <span class='ocr_line' id='line_1_25' title="bbox 511 1806 2084 1880; baseline -0.004 -16"><span class='ocrx_word' id='word_1_204' title='bbox 511 1817 827 1880; x_wconf 87' lang='lat' dir='ltr'><strong>peramenta</strong></span> <span class='ocrx_word' id='word_1_205' title='bbox 869 1807 1113 1861; x_wconf 85' lang='lat' dir='ltr'><strong>diversas</strong></span> <span class='ocrx_word' id='word_1_206' title='bbox 1141 1809 1303 1860; x_wconf 86' lang='lat' dir='ltr'><strong>etiam</strong></span> <span class='ocrx_word' id='word_1_207' title='bbox 1346 1806 1500 1861; x_wconf 88' lang='lat' dir='ltr'><strong>ideas</strong></span> <span class='ocrx_word' id='word_1_208' title='bbox 1543 1807 1799 1872; x_wconf 85' lang='lat' dir='ltr'><strong>eliiciaut,</strong></span> <span class='ocrx_word' id='word_1_209' title='bbox 1847 1821 1911 1859; x_wconf 92' lang='lat' dir='ltr'><strong>ac</strong></span> <span class='ocrx_word' id='word_1_210' title='bbox 1947 1816 2084 1860; x_wconf 88' lang='lat' dir='ltr'><strong>tem-</strong></span> 
     </span>
    </p>
   </div>
   <div class='ocr_carea' id='block_1_26' title="bbox 514 1895 2082 1970">
    <p class='ocr_par' dir='ltr' id='par_1_26' title="bbox 514 1895 2082 1970">
     <span class='ocr_line' id='line_1_26' title="bbox 514 1895 2082 1970; baseline -0.005 -17"><span class='ocrx_word' id='word_1_211' title='bbox 514 1908 836 1970; x_wconf 80' lang='lat' dir='ltr'><strong>peramenta</strong></span> <span class='ocrx_word' id='word_1_212' title='bbox 863 1897 996 1950; x_wconf 81' lang='lat' dir='ltr'><strong>nihil</strong></span> <span class='ocrx_word' id='word_1_213' title='bbox 1027 1897 1139 1949; x_wconf 88' lang='lat' dir='ltr'><strong>sint</strong></span> <span class='ocrx_word' id='word_1_214' title='bbox 1178 1895 1326 1949; x_wconf 89' lang='lat' dir='ltr'><strong>aliud</strong></span> <span class='ocrx_word' id='word_1_215' title='bbox 1363 1911 1526 1964; x_wconf 86' lang='lat' dir='ltr'><strong>quam</strong></span> <span class='ocrx_word' id='word_1_216' title='bbox 1569 1895 1960 1948; x_wconf 83' lang='lat' dir='ltr'><strong>elementorum</strong></span> <span class='ocrx_word' id='word_1_217' title='bbox 1999 1895 2082 1946; x_wconf 91' lang='lat' dir='ltr'><strong>in-</strong></span> 
     </span>
    </p>
   </div>
   <div class='ocr_carea' id='block_1_27' title="bbox 511 1985 2082 2056">
    <p class='ocr_par' dir='ltr' id='par_1_27' title="bbox 511 1985 2082 2056">
     <span class='ocr_line' id='line_1_27' title="bbox 511 1985 2082 2056; baseline -0.006 -12"><span class='ocrx_word' id='word_1_218' title='bbox 511 1999 596 2044; x_wconf 90' lang='lat' dir='ltr'><strong>ter</strong></span> <span class='ocrx_word' id='word_1_219' title='bbox 623 2005 682 2043; x_wconf 89' lang='lat' dir='ltr'><strong>se</strong></span> <span class='ocrx_word' id='word_1_220' title='bbox 731 1989 1058 2050; x_wconf 91' lang='lat' dir='ltr'><strong>commistio,</strong></span> <span class='ocrx_word' id='word_1_221' title='bbox 1111 1988 1178 2041; x_wconf 91' lang='lat' dir='ltr'><strong>de</strong></span> <span class='ocrx_word' id='word_1_222' title='bbox 1222 1987 1425 2056; x_wconf 88' lang='lat' dir='ltr'><strong>quibus</strong></span> <span class='ocrx_word' id='word_1_223' title='bbox 1463 2001 1586 2039; x_wconf 87' lang='lat' dir='ltr'><strong>cum</strong></span> <span class='ocrx_word' id='word_1_224' title='bbox 1631 1987 1736 2039; x_wconf 86' lang='lat' dir='ltr'><strong>alia</strong></span> <span class='ocrx_word' id='word_1_225' title='bbox 1785 1985 1838 2038; x_wconf 92' lang='lat' dir='ltr'><strong>in</strong></span> <span class='ocrx_word' id='word_1_226' title='bbox 1897 2000 2082 2038; x_wconf 89' lang='lat' dir='ltr'><strong>rerum</strong></span> 
     </span>
    </p>
   </div>
   <div class='ocr_carea' id='block_1_28' title="bbox 513 2078 2081 2146">
    <p class='ocr_par' dir='ltr' id='par_1_28' title="bbox 513 2078 2081 2146">
     <span class='ocr_line' id='line_1_28' title="bbox 513 2078 2081 2146; baseline -0.006 -12"><span class='ocrx_word' id='word_1_227' title='bbox 513 2079 885 2143; x_wconf 86' lang='lat' dir='ltr'><strong>universitate,</strong></span> <span class='ocrx_word' id='word_1_228' title='bbox 923 2088 1034 2132; x_wconf 91' lang='lat' dir='ltr'><strong>tum</strong></span> <span class='ocrx_word' id='word_1_229' title='bbox 1071 2078 1311 2132; x_wconf 87' lang='lat' dir='ltr'><strong>hominis</strong></span> <span class='ocrx_word' id='word_1_230' title='bbox 1357 2078 1518 2132; x_wconf 85' lang='lat' dir='ltr'><strong>etiam</strong></span> <span class='ocrx_word' id='word_1_231' title='bbox 1567 2093 1769 2146; x_wconf 87' lang='lat' dir='ltr'><strong>corpus</strong></span> <span class='ocrx_word' id='word_1_232' title='bbox 1821 2083 2081 2140; x_wconf 83' lang='lat' dir='ltr'><strong>constat;</strong></span> 
     </span>
    </p>
   </div>
   <div class='ocr_carea' id='block_1_29' title="bbox 512 2168 2086 2238">
    <p class='ocr_par' dir='ltr' id='par_1_29' title="bbox 512 2168 2086 2238">
     <span class='ocr_line' id='line_1_29' title="bbox 512 2168 2086 2238; baseline -0.004 -12"><span class='ocrx_word' id='word_1_233' title='bbox 512 2186 739 2228; x_wconf 81' lang='lat' dir='ltr'><strong>necesse</strong></span> <span class='ocrx_word' id='word_1_234' title='bbox 760 2178 864 2236; x_wconf 85' lang='lat' dir='ltr'><strong>est,</strong></span> <span class='ocrx_word' id='word_1_235' title='bbox 921 2179 1272 2238; x_wconf 86' lang='lat' dir='ltr'><strong>permanente</strong></span> <span class='ocrx_word' id='word_1_236' title='bbox 1305 2169 1572 2223; x_wconf 87' lang='lat' dir='ltr'><strong>inanimo</strong></span> <span class='ocrx_word' id='word_1_237' title='bbox 1611 2168 1732 2222; x_wconf 88' lang='lat' dir='ltr'><strong>idea</strong></span> <span class='ocrx_word' id='word_1_238' title='bbox 1784 2168 1942 2236; x_wconf 89' lang='lat' dir='ltr'><strong>quasi</strong></span> <span class='ocrx_word' id='word_1_239' title='bbox 1991 2182 2086 2235; x_wconf 86' lang='lat' dir='ltr'><strong>per</strong></span> 
     </span>
    </p>
   </div>
   <div class='ocr_carea' id='block_1_30' title="bbox 513 2258 2078 2332">
    <p class='ocr_par' dir='ltr' id='par_1_30' title="bbox 513 2258 2078 2332">
     <span class='ocr_line' id='line_1_30' title="bbox 513 2258 2078 2332; baseline -0.005 -14"><span class='ocrx_word' id='word_1_240' title='bbox 513 2262 926 2332; x_wconf 76' lang='lat' dir='ltr'><strong>expressionem</strong></span> <span class='ocrx_word' id='word_1_241' title='bbox 957 2261 1146 2331; x_wconf 81' lang='lat' dir='ltr'><strong>sigilli,</strong></span> <span class='ocrx_word' id='word_1_242' title='bbox 1189 2275 1298 2314; x_wconf 91' lang='lat' dir='ltr'><strong>non</strong></span> <span class='ocrx_word' id='word_1_243' title='bbox 1329 2262 1509 2332; x_wconf 84' lang='lat' dir='ltr'><strong>ignota</strong></span> <span class='ocrx_word' id='word_1_244' title='bbox 1559 2262 1609 2314; x_wconf 93' lang='lat' dir='ltr'><strong>ei</strong></span> <span class='ocrx_word' id='word_1_245' title='bbox 1662 2275 1781 2314; x_wconf 84' lang='lat' dir='ltr'><strong>esse</strong></span> <span class='ocrx_word' id='word_1_246' title='bbox 1809 2274 1931 2329; x_wconf 73' lang='lat' dir='ltr'><strong>qua:</strong></span> <span class='ocrx_word' id='word_1_247' title='bbox 1973 2258 2078 2312; x_wconf 86' lang='lat' dir='ltr'><strong>for-</strong></span> 
     </span>
    </p>
   </div>
   <div class='ocr_carea' id='block_1_31' title="bbox 515 2346 2085 2420">
    <p class='ocr_par' dir='ltr' id='par_1_31' title="bbox 515 2346 2085 2420">
     <span class='ocr_line' id='line_1_31' title="bbox 515 2346 2085 2420; baseline -0.004 -16"><span class='ocrx_word' id='word_1_248' title='bbox 515 2367 658 2404; x_wconf 89' lang='lat' dir='ltr'><strong>mam</strong></span> <span class='ocrx_word' id='word_1_249' title='bbox 711 2352 880 2419; x_wconf 87' lang='lat' dir='ltr'><strong>ipsam</strong></span> <span class='ocrx_word' id='word_1_250' title='bbox 931 2350 1109 2420; x_wconf 89' lang='lat' dir='ltr'><strong>sigillo</strong></span> <span class='ocrx_word' id='word_1_251' title='bbox 1155 2349 1575 2418; x_wconf 87' lang='lat' dir='ltr'><strong>impresseruut,</strong></span> <span class='ocrx_word' id='word_1_252' title='bbox 1620 2349 1954 2416; x_wconf 83' lang='lat' dir='ltr'><strong>omninoque</strong></span> <span class='ocrx_word' id='word_1_253' title='bbox 1997 2346 2085 2400; x_wconf 89' lang='lat' dir='ltr'><strong>illa</strong></span> 
     </span>
    </p>
   </div>
   <div class='ocr_carea' id='block_1_32' title="bbox 515 2437 2080 2511">
    <p class='ocr_par' dir='ltr' id='par_1_32' title="bbox 515 2437 2080 2511">
     <span class='ocr_line' id='line_1_32' title="bbox 515 2437 2080 2511; baseline -0.004 -16"><span class='ocrx_word' id='word_1_254' title='bbox 515 2453 760 2511; x_wconf 90' lang='lat' dir='ltr'><strong>tempore</strong></span> <span class='ocrx_word' id='word_1_255' title='bbox 793 2441 1212 2496; x_wconf 81' lang='lat' dir='ltr'><strong>instaurationis</strong></span> <span class='ocrx_word' id='word_1_256' title='bbox 1260 2441 1505 2494; x_wconf 83' lang='lat' dir='ltr'><strong>omnium</strong></span> <span class='ocrx_word' id='word_1_257' title='bbox 1539 2455 1731 2494; x_wconf 88' lang='lat' dir='ltr'><strong>rursus</strong></span> <span class='ocrx_word' id='word_1_258' title='bbox 1765 2437 1931 2492; x_wconf 90' lang='lat' dir='ltr'><strong>veluti</strong></span> <span class='ocrx_word' id='word_1_259' title='bbox 1967 2438 2080 2490; x_wconf 92' lang='lat' dir='ltr'><strong>col-</strong></span> 
     </span>
    </p>
   </div>
   <div class='ocr_carea' id='block_1_33' title="bbox 515 2529 2089 2602">
    <p class='ocr_par' dir='ltr' id='par_1_33' title="bbox 515 2529 2089 2602">
     <span class='ocr_line' id='line_1_33' title="bbox 515 2529 2089 2602; baseline -0.004 -16"><span class='ocrx_word' id='word_1_260' title='bbox 515 2532 643 2602; x_wconf 83' lang='lat' dir='ltr'><strong>liget</strong></span> <span class='ocrx_word' id='word_1_261' title='bbox 672 2532 738 2586; x_wconf 90' lang='lat' dir='ltr'><strong>ad</strong></span> <span class='ocrx_word' id='word_1_262' title='bbox 764 2547 906 2598; x_wconf 89' lang='lat' dir='ltr'><strong>sese,</strong></span> <span class='ocrx_word' id='word_1_263' title='bbox 950 2547 1290 2602; x_wconf 78' lang='lat' dir='ltr'><strong>quaecunque</strong></span> <span class='ocrx_word' id='word_1_264' title='bbox 1329 2531 1396 2584; x_wconf 91' lang='lat' dir='ltr'><strong>ad</strong></span> <span class='ocrx_word' id='word_1_265' title='bbox 1421 2530 1553 2584; x_wconf 80' lang='lat' dir='ltr'><strong>idea:</strong></span> <span class='ocrx_word' id='word_1_266' title='bbox 1591 2529 1821 2583; x_wconf 76' lang='lat' dir='ltr'><strong>formam</strong></span> <span class='ocrx_word' id='word_1_267' title='bbox 1870 2542 2089 2596; x_wconf 78' lang='lat' dir='ltr'><strong>expres-</strong></span> 
     </span>
    </p>
   </div>
   <div class='ocr_carea' id='block_1_34' title="bbox 517 2619 2087 2692">
    <p class='ocr_par' dir='ltr' id='par_1_34' title="bbox 517 2619 2087 2692">
     <span class='ocr_line' id='line_1_34' title="bbox 517 2619 2087 2692; baseline -0.005 -14"><span class='ocrx_word' id='word_1_268' title='bbox 517 2639 636 2678; x_wconf 85' lang='lat' dir='ltr'><strong>sam</strong></span> <span class='ocrx_word' id='word_1_269' title='bbox 669 2634 1003 2692; x_wconf 81' lang='lat' dir='ltr'><strong>congruent;</strong></span> <span class='ocrx_word' id='word_1_270' title='bbox 1026 2633 1328 2692; x_wconf 81' lang='lat' dir='ltr'><strong>congruent</strong></span> <span class='ocrx_word' id='word_1_271' title='bbox 1353 2629 1534 2676; x_wconf 89' lang='lat' dir='ltr'><strong>autem</strong></span> <span class='ocrx_word' id='word_1_272' title='bbox 1563 2619 1704 2674; x_wconf 87' lang='lat' dir='ltr'><strong>haud</strong></span> <span class='ocrx_word' id='word_1_273' title='bbox 1737 2619 1920 2682; x_wconf 88' lang='lat' dir='ltr'><strong>dubie,</strong></span> <span class='ocrx_word' id='word_1_274' title='bbox 1940 2633 2087 2687; x_wconf 66' lang='lat' dir='ltr'><strong>quie-</strong></span> 
     </span>
    </p>
   </div>
   <div class='ocr_carea' id='block_1_35' title="bbox 515 2709 2088 2782">
    <p class='ocr_par' dir='ltr' id='par_1_35' title="bbox 515 2709 2088 2782">
     <span class='ocr_line' id='line_1_35' title="bbox 515 2709 2088 2782; baseline -0.004 -14"><span class='ocrx_word' id='word_1_275' title='bbox 515 2729 732 2782; x_wconf 90' lang='lat' dir='ltr'><strong>eunque</strong></span> <span class='ocrx_word' id='word_1_276' title='bbox 788 2715 856 2768; x_wconf 85' lang='lat' dir='ltr'><strong>ab</strong></span> <span class='ocrx_word' id='word_1_277' title='bbox 903 2714 1060 2767; x_wconf 91' lang='lat' dir='ltr'><strong>initio</strong></span> <span class='ocrx_word' id='word_1_278' title='bbox 1115 2713 1249 2768; x_wconf 73' lang='lat' dir='ltr'><strong>idea:</strong></span> <span class='ocrx_word' id='word_1_279' title='bbox 1305 2712 1509 2767; x_wconf 79' lang='lat' dir='ltr'><strong>fuerint</strong></span> <span class='ocrx_word' id='word_1_280' title='bbox 1567 2713 1856 2780; x_wconf 87' lang='lat' dir='ltr'><strong>impressa.</strong></span> <span class='ocrx_word' id='word_1_281' title='bbox 1917 2709 2088 2779; x_wconf 87' lang='lat' dir='ltr'><strong>lgitur</strong></span> 
     </span>
    </p>
   </div>
   <div class='ocr_carea' id='block_1_36' title="bbox 520 2799 2083 2876">
    <p class='ocr_par' dir='ltr' id='par_1_36' title="bbox 520 2799 2083 2876">
     <span class='ocr_line' id='line_1_36' title="bbox 520 2799 2083 2876; baseline -0.003 -19"><span class='ocrx_word' id='word_1_282' title='bbox 520 2805 816 2858; x_wconf 80' lang='lat' dir='ltr'><strong>absurdum</strong></span> <span class='ocrx_word' id='word_1_283' title='bbox 849 2819 956 2876; x_wconf 81' lang='lat' dir='ltr'><strong>non</strong></span> <span class='ocrx_word' id='word_1_284' title='bbox 985 2812 1088 2868; x_wconf 89' lang='lat' dir='ltr'><strong>est,</strong></span> <span class='ocrx_word' id='word_1_285' title='bbox 1113 2803 1165 2856; x_wconf 91' lang='lat' dir='ltr'><strong>id</strong></span> <span class='ocrx_word' id='word_1_286' title='bbox 1200 2802 1344 2872; x_wconf 91' lang='lat' dir='ltr'><strong>quod</strong></span> <span class='ocrx_word' id='word_1_287' title='bbox 1365 2811 1449 2858; x_wconf 90' lang='lat' dir='ltr'><strong>est</strong></span> <span class='ocrx_word' id='word_1_288' title='bbox 1472 2803 1745 2870; x_wconf 88' lang='lat' dir='ltr'><strong>cujusque</strong></span> <span class='ocrx_word' id='word_1_289' title='bbox 1781 2799 2083 2870; x_wconf 89' lang='lat' dir='ltr'><strong>proprium,</strong></span> 
     </span>
    </p>
   </div>
   <div class='ocr_carea' id='block_1_37' title="bbox 522 2889 2084 2963">
    <p class='ocr_par' dir='ltr' id='par_1_37' title="bbox 522 2889 2084 2963">
     <span class='ocr_line' id='line_1_37' title="bbox 522 2889 2084 2963; baseline -0.004 -15"><span class='ocrx_word' id='word_1_290' title='bbox 522 2896 715 2948; x_wconf 85' lang='lat' dir='ltr'><strong>relicta</strong></span> <span class='ocrx_word' id='word_1_291' title='bbox 745 2895 1138 2948; x_wconf 87' lang='lat' dir='ltr'><strong>communitate</strong></span> <span class='ocrx_word' id='word_1_292' title='bbox 1174 2897 1238 2948; x_wconf 90' lang='lat' dir='ltr'><strong>ad</strong></span> <span class='ocrx_word' id='word_1_293' title='bbox 1273 2893 1518 2963; x_wconf 88' lang='lat' dir='ltr'><strong>singulos</strong></span> <span class='ocrx_word' id='word_1_294' title='bbox 1545 2893 1862 2946; x_wconf 89' lang='lat' dir='ltr'><strong>rediturum.</strong></span> <span class='ocrx_word' id='word_1_295' title='bbox 1893 2889 2084 2944; x_wconf 72' lang='lat' dir='ltr'><strong>Vivum</strong></span> 
     </span>
    </p>
   </div>
   <div class='ocr_carea' id='block_1_38' title="bbox 2185 1701 3762 1779">
    <p class='ocr_par' dir='ltr' id='par_1_38' title="bbox 2185 1701 3762 1779">
     <span class='ocr_line' id='line_1_38' title="bbox 2185 1701 3762 1779; baseline -0.005 -16"><span class='ocrx_word' id='word_1_296' title='bbox 2185 1711 2395 1779; x_wconf 81' lang='grc' dir='ltr'>φύεται.</span> <span class='ocrx_word' id='word_1_297' title='bbox 2421 1708 2526 1760; x_wconf 76' lang='grc' dir='ltr'>Καὶ</span> <span class='ocrx_word' id='word_1_298' title='bbox 2543 1706 2729 1776; x_wconf 76' lang='grc' dir='ltr'>ἐπειδὴ</span> <span class='ocrx_word' id='word_1_299' title='bbox 2751 1705 2849 1767; x_wconf 80' lang='grc' dir='ltr'>τὰς</span> <span class='ocrx_word' id='word_1_300' title='bbox 2866 1705 3004 1757; x_wconf 78' lang='grc' dir='ltr'>κατὰ</span> <span class='ocrx_word' id='word_1_301' title='bbox 3031 1703 3089 1756; x_wconf 83' lang='grc' dir='ltr'><strong>τὸ</strong></span> <span class='ocrx_word' id='word_1_302' title='bbox 3105 1701 3240 1766; x_wconf 74' lang='grc' dir='ltr'>εἶδος</span> <span class='ocrx_word' id='word_1_303' title='bbox 3260 1703 3519 1775; x_wconf 77' lang='grc' dir='ltr'>διαφορὰς</span> <span class='ocrx_word' id='word_1_304' title='bbox 3539 1705 3593 1756; x_wconf 87' lang='grc' dir='ltr'>αἱ</span> <span class='ocrx_word' id='word_1_305' title='bbox 3612 1707 3762 1756; x_wconf 78' lang='grc' dir='ltr'>ποιαὶ</span> 
     </span>
    </p>
   </div>
   <div class='ocr_carea' id='block_1_39' title="bbox 2184 1795 3762 1876">
    <p class='ocr_par' dir='ltr' id='par_1_39' title="bbox 2184 1795 3762 1876">
     <span class='ocr_line' id='line_1_39' title="bbox 2184 1795 3762 1876; baseline -0.005 -20"><span class='ocrx_word' id='word_1_306' title='bbox 2184 1802 2284 1871; x_wconf 78' lang='grc' dir='ltr'>τῆς</span> <span class='ocrx_word' id='word_1_307' title='bbox 2301 1801 2550 1871; x_wconf 86' lang='grc' dir='ltr'>κράσεως</span> <span class='ocrx_word' id='word_1_308' title='bbox 2579 1798 2924 1876; x_wconf 74' lang='grc' dir='ltr'>παραλλαγαὶ</span> <span class='ocrx_word' id='word_1_309' title='bbox 2947 1795 3402 1868; x_wconf 81' lang='grc' dir='ltr'>μεταμορφοῦσιν,</span> <span class='ocrx_word' id='word_1_310' title='bbox 3427 1795 3534 1866; x_wconf 80' lang='grc' dir='ltr'><strong>ἡδὲ</strong></span> <span class='ocrx_word' id='word_1_311' title='bbox 3565 1799 3762 1866; x_wconf 75' lang='grc' dir='ltr'>κρᾶσις</span> 
     </span>
    </p>
   </div>
   <div class='ocr_carea' id='block_1_40' title="bbox 2183 1887 3766 1962">
    <p class='ocr_par' dir='ltr' id='par_1_40' title="bbox 2183 1887 3766 1962">
     <span class='ocr_line' id='line_1_40' title="bbox 2183 1887 3766 1962; baseline -0.004 -16"><span class='ocrx_word' id='word_1_312' title='bbox 2183 1895 2282 1946; x_wconf 83' lang='grc' dir='ltr'>οὐκ</span> <span class='ocrx_word' id='word_1_313' title='bbox 2305 1893 2437 1962; x_wconf 81' lang='grc' dir='ltr'>ἄλλη</span> <span class='ocrx_word' id='word_1_314' title='bbox 2456 1909 2540 1954; x_wconf 89' lang='grc' dir='ltr'><strong>τις</strong></span> <span class='ocrx_word' id='word_1_315' title='bbox 2561 1893 2710 1961; x_wconf 79' lang='grc' dir='ltr'>παρὰ</span> <span class='ocrx_word' id='word_1_316' title='bbox 2737 1890 2834 1959; x_wconf 77' lang='grc' dir='ltr'><strong>τὴν</strong></span> <span class='ocrx_word' id='word_1_317' title='bbox 2855 1889 2961 1942; x_wconf 82' lang='grc' dir='ltr'><strong>τῶν</strong></span> <span class='ocrx_word' id='word_1_318' title='bbox 2993 1888 3266 1958; x_wconf 76' lang='grc' dir='ltr'><strong>στοιχείων</strong></span> <span class='ocrx_word' id='word_1_319' title='bbox 3291 1887 3435 1957; x_wconf 83' lang='grc' dir='ltr'>μίξιν</span> <span class='ocrx_word' id='word_1_320' title='bbox 3463 1887 3597 1948; x_wconf 73' lang='grc' dir='ltr'>ἐστὶ,</span> <span class='ocrx_word' id='word_1_321' title='bbox 3619 1905 3766 1940; x_wconf 76' lang='grc' dir='ltr'>στοι·</span> 
     </span>
    </p>
   </div>
   <div class='ocr_carea' id='block_1_41' title="bbox 2185 1979 3764 2054">
    <p class='ocr_par' dir='ltr' id='par_1_41' title="bbox 2185 1979 3764 2054">
     <span class='ocr_line' id='line_1_41' title="bbox 2185 1979 3764 2054; baseline -0.003 -18"><span class='ocrx_word' id='word_1_322' title='bbox 2185 1987 2304 2054; x_wconf 83' lang='grc' dir='ltr'>χεῖα</span> <span class='ocrx_word' id='word_1_323' title='bbox 2325 1983 2383 2038; x_wconf 76' lang='grc' dir='ltr'>δέ</span> <span class='ocrx_word' id='word_1_324' title='bbox 2407 1999 2586 2053; x_wconf 80' lang='grc' dir='ltr'>φαμεν</span> <span class='ocrx_word' id='word_1_325' title='bbox 2623 1983 2690 2034; x_wconf 78' lang='grc' dir='ltr'><strong>τά</strong></span> <span class='ocrx_word' id='word_1_326' title='bbox 2736 1985 2800 2051; x_wconf 81' lang='grc' dir='ltr'>τῇ</span> <span class='ocrx_word' id='word_1_327' title='bbox 2842 1983 3151 2050; x_wconf 82' lang='grc' dir='ltr'>κατασκευῇ</span> <span class='ocrx_word' id='word_1_328' title='bbox 3181 1979 3274 2032; x_wconf 81' lang='grc' dir='ltr'>τοῦ</span> <span class='ocrx_word' id='word_1_329' title='bbox 3309 1981 3505 2043; x_wconf 75' lang='grc' dir='ltr'>παντὸς</span> <span class='ocrx_word' id='word_1_330' title='bbox 3540 1981 3764 2032; x_wconf 79' lang='grc' dir='ltr'>ὑποκεί-</span> 
     </span>
    </p>
   </div>
   <div class='ocr_carea' id='block_1_42' title="bbox 2190 2071 3766 2145">
    <p class='ocr_par' dir='ltr' id='par_1_42' title="bbox 2190 2071 3766 2145">
     <span class='ocr_line' id='line_1_42' title="bbox 2190 2071 3766 2145; baseline -0.001 -19"><span class='ocrx_word' id='word_1_331' title='bbox 2190 2092 2338 2145; x_wconf 86' lang='grc' dir='ltr'>μενα,</span> <span class='ocrx_word' id='word_1_332' title='bbox 2368 2071 2517 2129; x_wconf 78' lang='grc' dir='ltr'>δι’ὧν</span> <span class='ocrx_word' id='word_1_333' title='bbox 2533 2074 2696 2128; x_wconf 76' lang='grc' dir='ltr'>καὶτὸ</span> <span class='ocrx_word' id='word_1_334' title='bbox 2715 2071 3049 2144; x_wconf 81' lang='grc' dir='ltr'>ἀνθρώπινον</span> <span class='ocrx_word' id='word_1_335' title='bbox 3081 2073 3369 2142; x_wconf 79' lang='grc' dir='ltr'>συνέστηκε</span> <span class='ocrx_word' id='word_1_336' title='bbox 3395 2071 3570 2142; x_wconf 79' lang='grc' dir='ltr'>σῶμα,</span> <span class='ocrx_word' id='word_1_337' title='bbox 3593 2074 3766 2141; x_wconf 81' lang='grc' dir='ltr'>ἀναγ-</span> 
     </span>
    </p>
   </div>
   <div class='ocr_carea' id='block_1_43' title="bbox 2186 2159 3760 2236">
    <p class='ocr_par' dir='ltr' id='par_1_43' title="bbox 2186 2159 3760 2236">
     <span class='ocr_line' id='line_1_43' title="bbox 2186 2159 3760 2236; baseline -0.003 -16"><span class='ocrx_word' id='word_1_338' title='bbox 2186 2167 2356 2230; x_wconf 81' lang='grc' dir='ltr'>καίως</span> <span class='ocrx_word' id='word_1_339' title='bbox 2375 2163 2468 2218; x_wconf 81' lang='grc' dir='ltr'>τοῦ</span> <span class='ocrx_word' id='word_1_340' title='bbox 2500 2164 2668 2226; x_wconf 85' lang='grc' dir='ltr'>εἴδους</span> <span class='ocrx_word' id='word_1_341' title='bbox 2701 2159 2812 2218; x_wconf 76' lang='grc' dir='ltr'>οἷον</span> <span class='ocrx_word' id='word_1_342' title='bbox 2850 2163 3128 2233; x_wconf 83' lang='grc' dir='ltr'>ὲκμαγείῳ</span> <span class='ocrx_word' id='word_1_343' title='bbox 3175 2163 3466 2234; x_wconf 83' lang='grc' dir='ltr'>σφραγίδος</span> <span class='ocrx_word' id='word_1_344' title='bbox 3505 2165 3569 2236; x_wconf 77' lang='grc' dir='ltr'>τῇ</span> <span class='ocrx_word' id='word_1_345' title='bbox 3613 2165 3760 2235; x_wconf 69' lang='grc' dir='ltr'>ψυχῇ</span> 
     </span>
    </p>
   </div>
   <div class='ocr_carea' id='block_1_44' title="bbox 2189 2255 3765 2329">
    <p class='ocr_par' dir='ltr' id='par_1_44' title="bbox 2189 2255 3765 2329">
     <span class='ocr_line' id='line_1_44' title="bbox 2189 2255 3765 2329; baseline -0.003 -17"><span class='ocrx_word' id='word_1_346' title='bbox 2189 2259 2641 2329; x_wconf 82' lang='grc' dir='ltr'>παραμείναντος,</span> <span class='ocrx_word' id='word_1_347' title='bbox 2669 2255 2787 2310; x_wconf 81' lang='grc' dir='ltr'>οὐδὲ</span> <span class='ocrx_word' id='word_1_348' title='bbox 2816 2256 2885 2309; x_wconf 79' lang='grc' dir='ltr'>τὰ</span> <span class='ocrx_word' id='word_1_349' title='bbox 2913 2255 3368 2326; x_wconf 78' lang='grc' dir='ltr'>ἐναπομαξάμενα</span> <span class='ocrx_word' id='word_1_350' title='bbox 3402 2259 3467 2327; x_wconf 81' lang='grc' dir='ltr'>τῇ</span> <span class='ocrx_word' id='word_1_351' title='bbox 3505 2257 3765 2326; x_wconf 74' lang='grc' dir='ltr'>σφραγιδι</span> 
     </span>
    </p>
   </div>
   <div class='ocr_carea' id='block_1_45' title="bbox 2185 2347 3766 2420">
    <p class='ocr_par' dir='ltr' id='par_1_45' title="bbox 2185 2347 3766 2420">
     <span class='ocr_line' id='line_1_45' title="bbox 2185 2347 3766 2420; baseline -0.003 -16"><span class='ocrx_word' id='word_1_352' title='bbox 2185 2352 2276 2404; x_wconf 76' lang='grc' dir='ltr'><strong>τὸν</strong></span> <span class='ocrx_word' id='word_1_353' title='bbox 2305 2349 2471 2402; x_wconf 80' lang='grc' dir='ltr'>τύπον</span> <span class='ocrx_word' id='word_1_354' title='bbox 2503 2350 2591 2401; x_wconf 78' lang='grc' dir='ltr'>ὑπ’</span> <span class='ocrx_word' id='word_1_355' title='bbox 2627 2349 2794 2417; x_wconf 83' lang='grc' dir='ltr'>αὐτῆς</span> <span class='ocrx_word' id='word_1_356' title='bbox 2823 2350 3112 2416; x_wconf 80' lang='grc' dir='ltr'>ἀγνοεῖται,</span> <span class='ocrx_word' id='word_1_357' title='bbox 3145 2347 3256 2400; x_wconf 84' lang='grc' dir='ltr'>ἀλλ’</span> <span class='ocrx_word' id='word_1_358' title='bbox 3281 2350 3337 2400; x_wconf 82' lang='grc' dir='ltr'>ὲν</span> <span class='ocrx_word' id='word_1_359' title='bbox 3366 2348 3444 2418; x_wconf 82' lang='grc' dir='ltr'>τῷ</span> <span class='ocrx_word' id='word_1_360' title='bbox 3467 2347 3638 2418; x_wconf 80' lang='grc' dir='ltr'>καιρῷ</span> <span class='ocrx_word' id='word_1_361' title='bbox 3660 2349 3766 2420; x_wconf 71' lang='grc' dir='ltr'>τῆς</span> 
     </span>
    </p>
   </div>
   <div class='ocr_carea' id='block_1_46' title="bbox 2185 2439 3760 2512">
    <p class='ocr_par' dir='ltr' id='par_1_46' title="bbox 2185 2439 3760 2512">
     <span class='ocr_line' id='line_1_46' title="bbox 2185 2439 3760 2512; baseline -0.002 -18"><span class='ocrx_word' id='word_1_362' title='bbox 2185 2441 2679 2510; x_wconf 83' lang='grc' dir='ltr'>ἁναστοιχειώσεως</span> <span class='ocrx_word' id='word_1_363' title='bbox 2723 2442 2902 2492; x_wconf 81' lang='grc' dir='ltr'>ἐκεῖνα</span> <span class='ocrx_word' id='word_1_364' title='bbox 2932 2439 3140 2509; x_wconf 88' lang='grc' dir='ltr'>δέχεται</span> <span class='ocrx_word' id='word_1_365' title='bbox 3175 2441 3333 2495; x_wconf 83' lang='grc' dir='ltr'>πάλιν</span> <span class='ocrx_word' id='word_1_366' title='bbox 3375 2442 3510 2512; x_wconf 78' lang='grc' dir='ltr'>πρὸς</span> <span class='ocrx_word' id='word_1_367' title='bbox 3535 2443 3760 2512; x_wconf 80' lang='grc' dir='ltr'>ἑαυτὴν,</span> 
     </span>
    </p>
   </div>
   <div class='ocr_carea' id='block_1_47' title="bbox 2189 2527 3764 2601">
    <p class='ocr_par' dir='ltr' id='par_1_47' title="bbox 2189 2527 3764 2601">
     <span class='ocr_line' id='line_1_47' title="bbox 2189 2527 3764 2601; baseline 0 -19"><span class='ocrx_word' id='word_1_368' title='bbox 2189 2531 2331 2601; x_wconf 80' lang='grc' dir='ltr'>ἅπερ</span> <span class='ocrx_word' id='word_1_369' title='bbox 2360 2529 2425 2582; x_wconf 85' lang='grc' dir='ltr'>ἂν</span> <span class='ocrx_word' id='word_1_370' title='bbox 2452 2529 2722 2599; x_wconf 81' lang='grc' dir='ltr'>έναρμόσῃ</span> <span class='ocrx_word' id='word_1_371' title='bbox 2755 2527 2834 2598; x_wconf 82' lang='grc' dir='ltr'><strong>τῷ</strong></span> <span class='ocrx_word' id='word_1_372' title='bbox 2869 2528 3026 2598; x_wconf 84' lang='grc' dir='ltr'>τύπῳ</span> <span class='ocrx_word' id='word_1_373' title='bbox 3053 2529 3145 2581; x_wconf 75' lang='grc' dir='ltr'><strong>τοῦ</strong></span> <span class='ocrx_word' id='word_1_374' title='bbox 3191 2531 3360 2594; x_wconf 76' lang='grc' dir='ltr'>εἴδους</span> <span class='ocrx_word' id='word_1_375' title='bbox 3381 2547 3394 2560; x_wconf 85' lang='lat'><strong><em>°</em></strong></span> <span class='ocrx_word' id='word_1_376' title='bbox 3441 2533 3764 2601; x_wconf 72' lang='grc' dir='ltr'>ἐναρμόσειε</span> 
     </span>
    </p>
   </div>
   <div class='ocr_carea' id='block_1_48' title="bbox 2185 2615 3766 2690">
    <p class='ocr_par' dir='ltr' id='par_1_48' title="bbox 2185 2615 3766 2690">
     <span class='ocr_line' id='line_1_48' title="bbox 2185 2615 3766 2690; baseline 0 -20"><span class='ocrx_word' id='word_1_377' title='bbox 2185 2619 2242 2670; x_wconf 84' lang='grc' dir='ltr'><strong>δὲ</strong></span> <span class='ocrx_word' id='word_1_378' title='bbox 2275 2618 2490 2679; x_wconf 84' lang='grc' dir='ltr'>πάντως</span> <span class='ocrx_word' id='word_1_379' title='bbox 2520 2619 2723 2680; x_wconf 83' lang='grc' dir='ltr'>ἐκεῖνα,</span> <span class='ocrx_word' id='word_1_380' title='bbox 2759 2615 2858 2670; x_wconf 73' lang='grc' dir='ltr'><strong>ὅσα</strong></span> <span class='ocrx_word' id='word_1_381' title='bbox 2887 2619 3002 2669; x_wconf 88' lang='grc' dir='ltr'>κατ’</span> <span class='ocrx_word' id='word_1_382' title='bbox 3037 2619 3210 2688; x_wconf 76' lang='grc' dir='ltr'>ἀρχὰς</span> <span class='ocrx_word' id='word_1_383' title='bbox 3242 2619 3554 2689; x_wconf 82' lang='grc' dir='ltr'>ἐνετυπώθη</span> <span class='ocrx_word' id='word_1_384' title='bbox 3579 2620 3658 2690; x_wconf 85' lang='grc' dir='ltr'>τῷ</span> <span class='ocrx_word' id='word_1_385' title='bbox 3685 2621 3766 2672; x_wconf 77' lang='grc' dir='ltr'><strong>εἴ-</strong></span> 
     </span>
    </p>
   </div>
   <div class='ocr_carea' id='block_1_49' title="bbox 2185 2706 3762 2776">
    <p class='ocr_par' dir='ltr' id='par_1_49' title="bbox 2185 2706 3762 2776">
     <span class='ocr_line' id='line_1_49' title="bbox 2185 2706 3762 2776; baseline 0.001 -14"><span class='ocrx_word' id='word_1_386' title='bbox 2185 2709 2284 2763; x_wconf 88' lang='grc' dir='ltr'>δει.</span> <span class='ocrx_word' id='word_1_387' title='bbox 2320 2708 2526 2761; x_wconf 80' lang='grc' dir='ltr'>Οὐκοῦν</span> <span class='ocrx_word' id='word_1_388' title='bbox 2554 2709 2702 2761; x_wconf 77' lang='grc' dir='ltr'>οὐδὲν</span> <span class='ocrx_word' id='word_1_389' title='bbox 2736 2706 2839 2772; x_wconf 78' lang='grc' dir='ltr'><strong>ἔξω</strong></span> <span class='ocrx_word' id='word_1_390' title='bbox 2869 2708 2962 2761; x_wconf 81' lang='grc' dir='ltr'>τοῦ</span> <span class='ocrx_word' id='word_1_391' title='bbox 2987 2709 3194 2772; x_wconf 72' lang='grc' dir='ltr'>εἰκότος</span> <span class='ocrx_word' id='word_1_392' title='bbox 3217 2713 3353 2776; x_wconf 62' lang='grc' dir='ltr'>ἐστὶ,</span> <span class='ocrx_word' id='word_1_393' title='bbox 3381 2710 3540 2765; x_wconf 78' lang='grc' dir='ltr'>πάλιν</span> <span class='ocrx_word' id='word_1_394' title='bbox 3571 2712 3636 2764; x_wconf 79' lang='grc' dir='ltr'>ὲκ</span> <span class='ocrx_word' id='word_1_395' title='bbox 3660 2711 3762 2764; x_wconf 71' lang='grc' dir='ltr'>τοῦ</span> 
     </span>
    </p>
   </div>
   <div class='ocr_carea' id='block_1_50' title="bbox 2188 2797 3764 2868">
    <p class='ocr_par' dir='ltr' id='par_1_50' title="bbox 2188 2797 3764 2868">
     <span class='ocr_line' id='line_1_50' title="bbox 2188 2797 3764 2868; baseline 0.001 -17"><span class='ocrx_word' id='word_1_396' title='bbox 2188 2797 2366 2852; x_wconf 79' lang='grc' dir='ltr'>κοινοῦ</span> <span class='ocrx_word' id='word_1_397' title='bbox 2391 2797 2524 2868; x_wconf 79' lang='grc' dir='ltr'>πρὸς</span> <span class='ocrx_word' id='word_1_398' title='bbox 2562 2799 2622 2850; x_wconf 87' lang='grc' dir='ltr'><strong>τὸ</strong></span> <span class='ocrx_word' id='word_1_399' title='bbox 2663 2797 2996 2852; x_wconf 84' lang='grc' dir='ltr'>καθέκαστον</span> <span class='ocrx_word' id='word_1_400' title='bbox 3029 2799 3348 2854; x_wconf 80' lang='grc' dir='ltr'>ἐπαναλύειν</span> <span class='ocrx_word' id='word_1_401' title='bbox 3374 2800 3434 2853; x_wconf 84' lang='grc' dir='ltr'>τὸ</span> <span class='ocrx_word' id='word_1_402' title='bbox 3467 2799 3616 2858; x_wconf 76' lang='grc' dir='ltr'>ἴδιον.</span> <span class='ocrx_word' id='word_1_403' title='bbox 3653 2801 3764 2853; x_wconf 78' lang='grc' dir='ltr'><strong>Λέο</strong></span> 
     </span>
    </p>
   </div>
   <div class='ocr_carea' id='block_1_51' title="bbox 2188 2889 3766 2962">
    <p class='ocr_par' dir='ltr' id='par_1_51' title="bbox 2188 2889 3766 2962">
     <span class='ocr_line' id='line_1_51' title="bbox 2188 2889 3766 2962; baseline 0.001 -20"><span class='ocrx_word' id='word_1_404' title='bbox 2188 2907 2342 2958; x_wconf 88' lang='grc' dir='ltr'>γεται</span> <span class='ocrx_word' id='word_1_405' title='bbox 2373 2889 2430 2941; x_wconf 79' lang='grc' dir='ltr'><strong>δὲ</strong></span> <span class='ocrx_word' id='word_1_406' title='bbox 2465 2890 2559 2943; x_wconf 74' lang='grc' dir='ltr'><strong>καὶ</strong></span> <span class='ocrx_word' id='word_1_407' title='bbox 2590 2889 2687 2960; x_wconf 79' lang='grc' dir='ltr'>τὴν</span> <span class='ocrx_word' id='word_1_408' title='bbox 2711 2890 3048 2961; x_wconf 83' lang='grc' dir='ltr'>ὑδράργυρον</span> <span class='ocrx_word' id='word_1_409' title='bbox 3072 2891 3424 2962; x_wconf 83' lang='grc' dir='ltr'>προχεοεῖσαν</span> <span class='ocrx_word' id='word_1_410' title='bbox 3465 2892 3556 2944; x_wconf 85' lang='grc' dir='ltr'>τοῦ</span> <span class='ocrx_word' id='word_1_411' title='bbox 3607 2909 3766 2962; x_wconf 87' lang='grc' dir='ltr'>περι-</span> 
     </span>
    </p>
   </div>
   <div class='ocr_carea' id='block_1_52' title="bbox 519 2981 2088 3054">
    <p class='ocr_par' dir='ltr' id='par_1_52' title="bbox 519 2981 2087 3054">
     <span class='ocr_line' id='line_1_52' title="bbox 519 2981 2087 3054; baseline -0.002 -18"><span class='ocrx_word' id='word_1_412' title='bbox 519 2983 664 3052; x_wconf 90' lang='lat' dir='ltr'><strong>quod</strong></span> <span class='ocrx_word' id='word_1_413' title='bbox 696 2993 892 3035; x_wconf 89' lang='lat' dir='ltr'><strong>vocant</strong></span> <span class='ocrx_word' id='word_1_414' title='bbox 924 2991 1230 3052; x_wconf 78' lang='lat' dir='ltr'><strong>argentum,</strong></span> <span class='ocrx_word' id='word_1_415' title='bbox 1261 2981 1414 3054; x_wconf 84' lang='lat' dir='ltr'><strong>aiunt</strong></span> <span class='ocrx_word' id='word_1_416' title='bbox 1459 2981 1688 3036; x_wconf 77' lang='lat' dir='ltr'><strong>elTusnm</strong></span> <span class='ocrx_word' id='word_1_417' title='bbox 1747 2996 1912 3050; x_wconf 86' lang='lat' dir='ltr'><strong>capsa</strong></span> <span class='ocrx_word' id='word_1_418' title='bbox 1969 2981 2087 3033; x_wconf 94' lang='lat' dir='ltr'><strong>loco</strong></span> 
     </span>
    </p>
   </div>
   <div class='ocr_carea' id='block_1_53' title="bbox 2194 2981 3763 3054">
    <p class='ocr_par' dir='ltr' id='par_1_53' title="bbox 2194 2981 3763 3053">
     <span class='ocr_line' id='line_1_53' title="bbox 2194 2981 3763 3053; baseline 0 -19"><span class='ocrx_word' id='word_1_419' title='bbox 2194 2983 2422 3052; x_wconf 84' lang='grc' dir='ltr'>έχοντος,</span> <span class='ocrx_word' id='word_1_420' title='bbox 2454 2981 2576 3032; x_wconf 85' lang='grc' dir='ltr'>καθ’</span> <span class='ocrx_word' id='word_1_421' title='bbox 2605 2981 2795 3033; x_wconf 83' lang='grc' dir='ltr'>ὑπτίου</span> <span class='ocrx_word' id='word_1_422' title='bbox 2835 2981 2977 3044; x_wconf 76' lang='grc' dir='ltr'>τινὸς</span> <span class='ocrx_word' id='word_1_423' title='bbox 3005 2983 3100 3034; x_wconf 72' lang='grc' dir='ltr'><strong>καὶ</strong></span> <span class='ocrx_word' id='word_1_424' title='bbox 3124 2981 3503 3053; x_wconf 82' lang='grc' dir='ltr'>κονιορτώδους</span> <span class='ocrx_word' id='word_1_425' title='bbox 3535 2981 3763 3052; x_wconf 82' lang='grc' dir='ltr'>χωρίου,</span> 
     </span>
    </p>
   </div>
   <div class='ocr_carea' id='block_1_54' title="bbox 520 3073 2085 3146">
    <p class='ocr_par' dir='ltr' id='par_1_54' title="bbox 520 3073 2085 3146">
     <span class='ocr_line' id='line_1_54' title="bbox 520 3073 2085 3146; baseline -0.001 -17"><span class='ocrx_word' id='word_1_426' title='bbox 520 3077 719 3146; x_wconf 81' lang='lat' dir='ltr'><strong>supino</strong></span> <span class='ocrx_word' id='word_1_427' title='bbox 763 3075 1097 3146; x_wconf 85' lang='lat' dir='ltr'><strong>pulvereque</strong></span> <span class='ocrx_word' id='word_1_428' title='bbox 1143 3074 1384 3144; x_wconf 82' lang='lat' dir='ltr'><strong>Oppleto,</strong></span> <span class='ocrx_word' id='word_1_429' title='bbox 1435 3075 1675 3127; x_wconf 90' lang='lat' dir='ltr'><strong>minutos</strong></span> <span class='ocrx_word' id='word_1_430' title='bbox 1727 3073 1780 3127; x_wconf 91' lang='lat' dir='ltr'><strong>in</strong></span> <span class='ocrx_word' id='word_1_431' title='bbox 1835 3073 2085 3142; x_wconf 82' lang='lat' dir='ltr'><strong>globulos</strong></span> 
     </span>
    </p>
   </div>
   <div class='ocr_carea' id='block_1_55' title="bbox 517 3143 2087 3235">
    <p class='ocr_par' dir='ltr' id='par_1_55' title="bbox 517 3143 2087 3235">
     <span class='ocr_line' id='line_1_55' title="bbox 517 3143 2087 3235; baseline -0.004 -13"><span class='ocrx_word' id='word_1_432' title='bbox 517 3143 1128 3235; x_wconf 48' lang='lat' dir='ltr'><strong>conformatuinipassim</strong></span> <span class='ocrx_word' id='word_1_433' title='bbox 1157 3143 1228 3218; x_wconf 83' lang='lat' dir='ltr'><strong>ita</strong></span> <span class='ocrx_word' id='word_1_434' title='bbox 1264 3179 1356 3234; x_wconf 83' lang='lat' dir='ltr'><strong>per</strong></span> <span class='ocrx_word' id='word_1_435' title='bbox 1374 3173 1571 3218; x_wconf 87' lang='lat' dir='ltr'><strong>terram</strong></span> <span class='ocrx_word' id='word_1_436' title='bbox 1592 3165 1848 3234; x_wconf 82' lang='lat' dir='ltr'><strong>dispergi,</strong></span> <span class='ocrx_word' id='word_1_437' title='bbox 1871 3166 2087 3217; x_wconf 90' lang='lat' dir='ltr'><strong>utnulla</strong></span> 
     </span>
    </p>
   </div>
   <div class='ocr_carea' id='block_1_56' title="bbox 519 3253 2088 3338">
    <p class='ocr_par' dir='ltr' id='par_1_56' title="bbox 519 3253 2088 3338">
     <span class='ocr_line' id='line_1_56' title="bbox 519 3253 2088 3338; baseline -0.003 -28"><span class='ocrx_word' id='word_1_438' title='bbox 519 3272 742 3336; x_wconf 39' lang='lat' dir='ltr'><strong>curule,</strong></span> <span class='ocrx_word' id='word_1_439' title='bbox 770 3257 1008 3338; x_wconf 53' lang='lat' dir='ltr'><strong>inguam</strong></span> <span class='ocrx_word' id='word_1_440' title='bbox 1027 3255 1239 3320; x_wconf 89' lang='lat' dir='ltr'><strong>incidit,</strong></span> <span class='ocrx_word' id='word_1_441' title='bbox 1269 3255 1709 3338; x_wconf 53' lang='lat' dir='ltr'><strong>corqujiscealur.</strong></span> <span class='ocrx_word' id='word_1_442' title='bbox 1729 3253 1884 3319; x_wconf 83' lang='lat' dir='ltr'><strong>Quod</strong></span> <span class='ocrx_word' id='word_1_443' title='bbox 1902 3255 1946 3308; x_wconf 87' lang='lat' dir='ltr'><strong>si</strong></span> <span class='ocrx_word' id='word_1_444' title='bbox 1965 3255 2088 3323; x_wconf 87' lang='lat' dir='ltr'><strong>quis</strong></span> 
     </span>
    </p>
   </div>
   <div class='ocr_carea' id='block_1_57' title="bbox 517 3345 2087 3415">
    <p class='ocr_par' dir='ltr' id='par_1_57' title="bbox 517 3345 2087 3415">
     <span class='ocr_line' id='line_1_57' title="bbox 517 3345 2087 3415; baseline -0.004 -13"><span class='ocrx_word' id='word_1_445' title='bbox 517 3347 715 3402; x_wconf 88' lang='lat' dir='ltr'><strong>deinde</strong></span> <span class='ocrx_word' id='word_1_446' title='bbox 767 3347 1142 3415; x_wconf 86' lang='lat' dir='ltr'><strong>multipliciter</strong></span> <span class='ocrx_word' id='word_1_447' title='bbox 1196 3347 1506 3413; x_wconf 89' lang='lat' dir='ltr'><strong>dispersum</strong></span> <span class='ocrx_word' id='word_1_448' title='bbox 1557 3345 1796 3398; x_wconf 77' lang='lat' dir='ltr'><strong>vicissim</strong></span> <span class='ocrx_word' id='word_1_449' title='bbox 1848 3345 2087 3413; x_wconf 74' lang='lat' dir='ltr'><strong>colligat,</strong></span> 
     </span>
    </p>
   </div>
   <div class='ocr_carea' id='block_1_58' title="bbox 517 3438 2088 3508">
    <p class='ocr_par' dir='ltr' id='par_1_58' title="bbox 517 3438 2088 3508">
     <span class='ocr_line' id='line_1_58' title="bbox 517 3438 2088 3508; baseline -0.002 -13"><span class='ocrx_word' id='word_1_450' title='bbox 517 3441 795 3496; x_wconf 81' lang='lat' dir='ltr'><strong>conﬂuere</strong></span> <span class='ocrx_word' id='word_1_451' title='bbox 825 3455 922 3496; x_wconf 91' lang='lat' dir='ltr'><strong>sua</strong></span> <span class='ocrx_word' id='word_1_452' title='bbox 954 3449 1152 3508; x_wconf 89' lang='lat' dir='ltr'><strong>sponte</strong></span> <span class='ocrx_word' id='word_1_453' title='bbox 1179 3439 1396 3508; x_wconf 86' lang='lat' dir='ltr'><strong>singula</strong></span> <span class='ocrx_word' id='word_1_454' title='bbox 1437 3453 1558 3508; x_wconf 78' lang='lat' dir='ltr'><strong>quae</strong></span> <span class='ocrx_word' id='word_1_455' title='bbox 1585 3439 1802 3506; x_wconf 82' lang='lat' dir='ltr'><strong>generis</strong></span> <span class='ocrx_word' id='word_1_456' title='bbox 1843 3438 2088 3507; x_wconf 82' lang='lat' dir='ltr'><strong>ejusdem</strong></span> 
     </span>
    </p>
   </div>
   <div class='ocr_carea' id='block_1_59' title="bbox 520 3535 2091 3604">
    <p class='ocr_par' dir='ltr' id='par_1_59' title="bbox 520 3535 2091 3604">
     <span class='ocr_line' id='line_1_59' title="bbox 520 3535 2091 3604; baseline -0.005 -10"><span class='ocrx_word' id='word_1_457' title='bbox 520 3545 668 3603; x_wconf 87' lang='lat' dir='ltr'><strong>sunt,</strong></span> <span class='ocrx_word' id='word_1_458' title='bbox 689 3538 1002 3604; x_wconf 89' lang='lat' dir='ltr'><strong>nullamque</strong></span> <span class='ocrx_word' id='word_1_459' title='bbox 1033 3535 1266 3602; x_wconf 87' lang='lat' dir='ltr'><strong>interjici</strong></span> <span class='ocrx_word' id='word_1_460' title='bbox 1285 3549 1398 3588; x_wconf 94' lang='lat' dir='ltr'><strong>rem</strong></span> <span class='ocrx_word' id='word_1_461' title='bbox 1427 3549 1589 3602; x_wconf 89' lang='lat' dir='ltr'><strong>posse</strong></span> <span class='ocrx_word' id='word_1_462' title='bbox 1616 3549 1736 3602; x_wconf 69' lang='lat' dir='ltr'><strong>quae</strong></span> <span class='ocrx_word' id='word_1_463' title='bbox 1754 3535 2091 3588; x_wconf 87' lang='lat' dir='ltr'><strong>commistio-</strong></span> 
     </span>
    </p>
   </div>
   <div class='ocr_carea' id='block_1_60' title="bbox 521 3624 2092 3696">
    <p class='ocr_par' dir='ltr' id='par_1_60' title="bbox 521 3624 2092 3696">
     <span class='ocr_line' id='line_1_60' title="bbox 521 3624 2092 3696; baseline -0.005 -11"><span class='ocrx_word' id='word_1_464' title='bbox 521 3645 646 3685; x_wconf 88' lang='lat' dir='ltr'><strong>nem</strong></span> <span class='ocrx_word' id='word_1_465' title='bbox 677 3629 817 3682; x_wconf 88' lang='lat' dir='ltr'><strong>hanc</strong></span> <span class='ocrx_word' id='word_1_466' title='bbox 847 3627 1109 3696; x_wconf 85' lang='lat' dir='ltr'><strong>impedire</strong></span> <span class='ocrx_word' id='word_1_467' title='bbox 1152 3633 1338 3694; x_wconf 88' lang='lat' dir='ltr'><strong>queat.</strong></span> <span class='ocrx_word' id='word_1_468' title='bbox 1375 3624 1700 3692; x_wconf 82' lang='lat' dir='ltr'><strong>Hujusmodi</strong></span> <span class='ocrx_word' id='word_1_469' title='bbox 1751 3625 2008 3694; x_wconf 82' lang='lat' dir='ltr'><strong>quiddam</strong></span> <span class='ocrx_word' id='word_1_470' title='bbox 2036 3633 2092 3680; x_wconf 87' lang='lat' dir='ltr'><strong>et</strong></span> 
     </span>
    </p>
   </div>
   <div class='ocr_carea' id='block_1_61' title="bbox 515 3715 2089 3787">
    <p class='ocr_par' dir='ltr' id='par_1_61' title="bbox 515 3715 2089 3787">
     <span class='ocr_line' id='line_1_61' title="bbox 515 3715 2089 3787; baseline -0.003 -12"><span class='ocrx_word' id='word_1_471' title='bbox 515 3723 579 3776; x_wconf 82' lang='lat' dir='ltr'><strong>in</strong></span> <span class='ocrx_word' id='word_1_472' title='bbox 605 3719 827 3774; x_wconf 86' lang='lat' dir='ltr'><strong>humani</strong></span> <span class='ocrx_word' id='word_1_473' title='bbox 863 3718 1110 3787; x_wconf 90' lang='lat' dir='ltr'><strong>corporis</strong></span> <span class='ocrx_word' id='word_1_474' title='bbox 1134 3732 1395 3786; x_wconf 81' lang='lat' dir='ltr'><strong>compage</strong></span> <span class='ocrx_word' id='word_1_475' title='bbox 1430 3715 1782 3771; x_wconf 78' lang='lat' dir='ltr'><strong>Statuendum</strong></span> <span class='ocrx_word' id='word_1_476' title='bbox 1813 3717 2089 3771; x_wconf 81' lang='lat' dir='ltr'><strong>existimo.</strong></span> 
     </span>
    </p>
   </div>
   <div class='ocr_carea' id='block_1_62' title="bbox 523 3809 2092 3880">
    <p class='ocr_par' dir='ltr' id='par_1_62' title="bbox 523 3809 2092 3880">
     <span class='ocr_line' id='line_1_62' title="bbox 523 3809 2092 3880; baseline -0.001 -16"><span class='ocrx_word' id='word_1_477' title='bbox 523 3813 934 3880; x_wconf 81' lang='lat' dir='ltr'><strong>Quamprimum</strong></span> <span class='ocrx_word' id='word_1_478' title='bbox 957 3809 1222 3864; x_wconf 87' lang='lat' dir='ltr'><strong>divinitus</strong></span> <span class='ocrx_word' id='word_1_479' title='bbox 1255 3809 1414 3878; x_wconf 85' lang='lat' dir='ltr'><strong>signo</strong></span> <span class='ocrx_word' id='word_1_480' title='bbox 1445 3809 1599 3878; x_wconf 88' lang='lat' dir='ltr'><strong>quasi</strong></span> <span class='ocrx_word' id='word_1_481' title='bbox 1651 3809 1778 3862; x_wconf 90' lang='lat' dir='ltr'><strong>dato</strong></span> <span class='ocrx_word' id='word_1_482' title='bbox 1829 3823 2092 3862; x_wconf 86' lang='lat' dir='ltr'><strong>concessa</strong></span> 
     </span>
    </p>
   </div>
   <div class='ocr_carea' id='block_1_63' title="bbox 525 3899 2094 3972">
    <p class='ocr_par' dir='ltr' id='par_1_63' title="bbox 525 3899 2094 3972">
     <span class='ocr_line' id='line_1_63' title="bbox 525 3899 2094 3972; baseline -0.001 -16"><span class='ocrx_word' id='word_1_483' title='bbox 525 3903 758 3957; x_wconf 81' lang='lat' dir='ltr'><strong>facultas</strong></span> <span class='ocrx_word' id='word_1_484' title='bbox 789 3902 879 3964; x_wconf 86' lang='lat' dir='ltr'><strong>sit,</strong></span> <span class='ocrx_word' id='word_1_485' title='bbox 927 3911 1111 3972; x_wconf 87' lang='lat' dir='ltr'><strong>partes</strong></span> <span class='ocrx_word' id='word_1_486' title='bbox 1141 3901 1248 3956; x_wconf 88' lang='lat' dir='ltr'><strong>sibi</strong></span> <span class='ocrx_word' id='word_1_487' title='bbox 1288 3899 1678 3954; x_wconf 87' lang='lat' dir='ltr'><strong>convenientes</strong></span> <span class='ocrx_word' id='word_1_488' title='bbox 1729 3907 1784 3954; x_wconf 90' lang='lat' dir='ltr'><strong>et</strong></span> <span class='ocrx_word' id='word_1_489' title='bbox 1833 3911 2094 3970; x_wconf 86' lang='lat' dir='ltr'><strong>cognatas</strong></span> 
     </span>
    </p>
   </div>
   <div class='ocr_carea' id='block_1_64' title="bbox 522 3991 2093 4063">
    <p class='ocr_par' dir='ltr' id='par_1_64' title="bbox 522 3991 2093 4063">
     <span class='ocr_line' id='line_1_64' title="bbox 522 3991 2093 4063; baseline -0.004 -13"><span class='ocrx_word' id='word_1_490' title='bbox 522 3995 744 4050; x_wconf 86' lang='lat' dir='ltr'><strong>misceri</strong></span> <span class='ocrx_word' id='word_1_491' title='bbox 779 4003 974 4062; x_wconf 78' lang='lat' dir='ltr'><strong>sponte</strong></span> <span class='ocrx_word' id='word_1_492' title='bbox 1003 4009 1124 4059; x_wconf 86' lang='lat' dir='ltr'><strong>sua,</strong></span> <span class='ocrx_word' id='word_1_493' title='bbox 1153 4009 1329 4063; x_wconf 92' lang='lat' dir='ltr'><strong>neque</strong></span> <span class='ocrx_word' id='word_1_494' title='bbox 1356 3992 1656 4062; x_wconf 89' lang='lat' dir='ltr'><strong>quidquam</strong></span> <span class='ocrx_word' id='word_1_495' title='bbox 1697 4007 1764 4045; x_wconf 77' lang='lat' dir='ltr'><strong>ex</strong></span> <span class='ocrx_word' id='word_1_496' title='bbox 1801 3991 1906 4045; x_wconf 92' lang='lat' dir='ltr'><strong>boc</strong></span> <span class='ocrx_word' id='word_1_497' title='bbox 1939 3991 2093 4044; x_wconf 91' lang='lat' dir='ltr'><strong>labo-</strong></span> 
     </span>
    </p>
   </div>
   <div class='ocr_carea' id='block_1_65' title="bbox 522 4082 2096 4140">
    <p class='ocr_par' dir='ltr' id='par_1_65' title="bbox 522 4082 2096 4140">
     <span class='ocr_line' id='line_1_65' title="bbox 522 4082 2096 4140; baseline -0.003 0"><span class='ocrx_word' id='word_1_498' title='bbox 522 4101 602 4140; x_wconf 88' lang='lat' dir='ltr'><strong>rts</strong></span> <span class='ocrx_word' id='word_1_499' title='bbox 639 4085 964 4140; x_wconf 68' lang='lat' dir='ltr'><strong>molestizeve</strong></span> <span class='ocrx_word' id='word_1_500' title='bbox 989 4084 1344 4140; x_wconf 82' lang='lat' dir='ltr'><strong>iustauratori</strong></span> <span class='ocrx_word' id='word_1_501' title='bbox 1372 4093 1583 4136; x_wconf 65' lang='lat' dir='ltr'><strong>natura:</strong></span> <span class='ocrx_word' id='word_1_502' title='bbox 1620 4083 1816 4136; x_wconf 87' lang='lat' dir='ltr'><strong>creari.</strong></span> <span class='ocrx_word' id='word_1_503' title='bbox 1861 4082 1998 4134; x_wconf 87' lang='lat' dir='ltr'><strong>Nam</strong></span> <span class='ocrx_word' id='word_1_504' title='bbox 2029 4097 2096 4136; x_wconf 89' lang='lat' dir='ltr'><strong>ne</strong></span> 
     </span>
    </p>
   </div>
   <div class='ocr_carea' id='block_1_66' title="bbox 523 4175 2096 4247">
    <p class='ocr_par' dir='ltr' id='par_1_66' title="bbox 523 4175 2096 4247">
     <span class='ocr_line' id='line_1_66' title="bbox 523 4175 2096 4247; baseline -0.001 -17"><span class='ocrx_word' id='word_1_505' title='bbox 523 4176 579 4230; x_wconf 86' lang='lat' dir='ltr'><strong>in</strong></span> <span class='ocrx_word' id='word_1_506' title='bbox 613 4178 680 4231; x_wconf 91' lang='lat' dir='ltr'><strong>iis</strong></span> <span class='ocrx_word' id='word_1_507' title='bbox 737 4177 956 4247; x_wconf 90' lang='lat' dir='ltr'><strong>quidem</strong></span> <span class='ocrx_word' id='word_1_508' title='bbox 1007 4193 1128 4246; x_wconf 61' lang='lat' dir='ltr'><strong>qua:</strong></span> <span class='ocrx_word' id='word_1_509' title='bbox 1177 4184 1326 4230; x_wconf 89' lang='lat' dir='ltr'><strong>terra</strong></span> <span class='ocrx_word' id='word_1_510' title='bbox 1373 4175 1724 4246; x_wconf 87' lang='lat' dir='ltr'><strong>proveniunt,</strong></span> <span class='ocrx_word' id='word_1_511' title='bbox 1768 4189 2096 4244; x_wconf 85' lang='lat' dir='ltr'><strong>magnopere</strong></span> 
     </span>
    </p>
   </div>
   <div class='ocr_carea' id='block_1_67' title="bbox 521 4265 2093 4336">
    <p class='ocr_par' dir='ltr' id='par_1_67' title="bbox 521 4265 2093 4336">
     <span class='ocr_line' id='line_1_67' title="bbox 521 4265 2093 4336; baseline -0.004 -13"><span class='ocrx_word' id='word_1_512' title='bbox 521 4277 774 4323; x_wconf 87' lang='lat' dir='ltr'><strong>naturam</strong></span> <span class='ocrx_word' id='word_1_513' title='bbox 814 4269 1074 4336; x_wconf 89' lang='lat' dir='ltr'><strong>occupari</strong></span> <span class='ocrx_word' id='word_1_514' title='bbox 1135 4269 1406 4332; x_wconf 87' lang='lat' dir='ltr'><strong>videmus,</strong></span> <span class='ocrx_word' id='word_1_515' title='bbox 1471 4275 1532 4322; x_wconf 90' lang='lat' dir='ltr'><strong>ut</strong></span> <span class='ocrx_word' id='word_1_516' title='bbox 1567 4266 1650 4321; x_wconf 88' lang='lat' dir='ltr'><strong>vel</strong></span> <span class='ocrx_word' id='word_1_517' title='bbox 1701 4265 1966 4331; x_wconf 91' lang='lat' dir='ltr'><strong>triticum,</strong></span> <span class='ocrx_word' id='word_1_518' title='bbox 2009 4265 2093 4319; x_wconf 87' lang='lat' dir='ltr'><strong>vel</strong></span> 
     </span>
    </p>
   </div>
   <div class='ocr_carea' id='block_1_68' title="bbox 523 4357 2093 4430">
    <p class='ocr_par' dir='ltr' id='par_1_68' title="bbox 523 4357 2093 4430">
     <span class='ocr_line' id='line_1_68' title="bbox 523 4357 2093 4430; baseline -0.002 -18"><span class='ocrx_word' id='word_1_519' title='bbox 523 4359 756 4423; x_wconf 91' lang='lat' dir='ltr'><strong>milium,</strong></span> <span class='ocrx_word' id='word_1_520' title='bbox 785 4359 870 4413; x_wconf 86' lang='lat' dir='ltr'><strong>vel</strong></span> <span class='ocrx_word' id='word_1_521' title='bbox 893 4359 1036 4412; x_wconf 89' lang='lat' dir='ltr'><strong>aliud</strong></span> <span class='ocrx_word' id='word_1_522' title='bbox 1066 4358 1297 4429; x_wconf 86' lang='lat' dir='ltr'><strong>quodvis</strong></span> <span class='ocrx_word' id='word_1_523' title='bbox 1337 4375 1544 4423; x_wconf 90' lang='lat' dir='ltr'><strong>semen,</strong></span> <span class='ocrx_word' id='word_1_524' title='bbox 1604 4358 1670 4412; x_wconf 91' lang='lat' dir='ltr'><strong>de</strong></span> <span class='ocrx_word' id='word_1_525' title='bbox 1699 4373 1808 4430; x_wconf 91' lang='lat' dir='ltr'><strong>quo</strong></span> <span class='ocrx_word' id='word_1_526' title='bbox 1857 4357 2093 4410; x_wconf 79' lang='lat' dir='ltr'><strong>frumen-</strong></span> 
     </span>
    </p>
   </div>
   <div class='ocr_carea' id='block_1_69' title="bbox 523 4452 2090 4522">
    <p class='ocr_par' dir='ltr' id='par_1_69' title="bbox 523 4452 2090 4522">
     <span class='ocr_line' id='line_1_69' title="bbox 523 4452 2090 4522; baseline 0.003 -18"><span class='ocrx_word' id='word_1_527' title='bbox 523 4460 639 4506; x_wconf 91' lang='lat' dir='ltr'><strong>tum</strong></span> <span class='ocrx_word' id='word_1_528' title='bbox 665 4459 758 4507; x_wconf 87' lang='lat' dir='ltr'><strong>aut</strong></span> <span class='ocrx_word' id='word_1_529' title='bbox 783 4452 1054 4522; x_wconf 70' lang='lat' dir='ltr'><strong>legumina</strong></span> <span class='ocrx_word' id='word_1_530' title='bbox 1083 4461 1410 4518; x_wconf 81' lang='lat' dir='ltr'><strong>nascuntur,</strong></span> <span class='ocrx_word' id='word_1_531' title='bbox 1461 4454 1515 4507; x_wconf 93' lang='lat' dir='ltr'><strong>in</strong></span> <span class='ocrx_word' id='word_1_532' title='bbox 1549 4453 1815 4516; x_wconf 90' lang='lat' dir='ltr'><strong>culmum,</strong></span> <span class='ocrx_word' id='word_1_533' title='bbox 1866 4453 2090 4517; x_wconf 87' lang='lat' dir='ltr'><strong>aristas,</strong></span> 
     </span>
    </p>
   </div>
   <div class='ocr_carea' id='block_1_70' title="bbox 524 4543 2092 4615">
    <p class='ocr_par' dir='ltr' id='par_1_70' title="bbox 524 4543 2092 4615">
     <span class='ocr_line' id='line_1_70' title="bbox 524 4543 2092 4615; baseline -0.001 -17"><span class='ocrx_word' id='word_1_534' title='bbox 524 4553 578 4598; x_wconf 89' lang='lat' dir='ltr'><strong>et</strong></span> <span class='ocrx_word' id='word_1_535' title='bbox 600 4546 779 4615; x_wconf 90' lang='lat' dir='ltr'><strong>spicas</strong></span> <span class='ocrx_word' id='word_1_536' title='bbox 808 4552 1184 4598; x_wconf 81' lang='lat' dir='ltr'><strong>convertatur.</strong></span> <span class='ocrx_word' id='word_1_537' title='bbox 1217 4543 1329 4599; x_wconf 90' lang='lat' dir='ltr'><strong>Sua</strong></span> <span class='ocrx_word' id='word_1_538' title='bbox 1355 4546 1510 4600; x_wconf 90' lang='lat' dir='ltr'><strong>.enim</strong></span> <span class='ocrx_word' id='word_1_539' title='bbox 1557 4554 1750 4614; x_wconf 87' lang='lat' dir='ltr'><strong>sponte</strong></span> <span class='ocrx_word' id='word_1_540' title='bbox 1791 4545 2092 4599; x_wconf 88' lang='lat' dir='ltr'><strong>nutrimen-</strong></span> 
     </span>
    </p>
   </div>
   <div class='ocr_carea' id='block_1_71' title="bbox 526 4634 2090 4705">
    <p class='ocr_par' dir='ltr' id='par_1_71' title="bbox 526 4634 2090 4705">
     <span class='ocr_line' id='line_1_71' title="bbox 526 4634 2090 4705; baseline 0.002 -19"><span class='ocrx_word' id='word_1_541' title='bbox 526 4643 640 4687; x_wconf 88' lang='lat' dir='ltr'><strong>tum</strong></span> <span class='ocrx_word' id='word_1_542' title='bbox 674 4636 868 4705; x_wconf 91' lang='lat' dir='ltr'><strong>cuique</strong></span> <span class='ocrx_word' id='word_1_543' title='bbox 914 4634 1108 4689; x_wconf 84' lang='lat' dir='ltr'><strong>semini</strong></span> <span class='ocrx_word' id='word_1_544' title='bbox 1141 4637 1495 4700; x_wconf 89' lang='lat' dir='ltr'><strong>conveniens,</strong></span> <span class='ocrx_word' id='word_1_545' title='bbox 1547 4637 1698 4690; x_wconf 92' lang='lat' dir='ltr'><strong>nullo</strong></span> <span class='ocrx_word' id='word_1_546' title='bbox 1751 4643 1956 4688; x_wconf 71' lang='lat' dir='ltr'><strong>naturae</strong></span> <span class='ocrx_word' id='word_1_547' title='bbox 1993 4651 2090 4689; x_wconf 92' lang='lat' dir='ltr'><strong>ne-</strong></span> 
     </span>
    </p>
   </div>
   <div class='ocr_carea' id='block_1_72' title="bbox 525 4725 2092 4796">
    <p class='ocr_par' dir='ltr' id='par_1_72' title="bbox 525 4725 2092 4796">
     <span class='ocr_line' id='line_1_72' title="bbox 525 4725 2092 4796; baseline 0.001 -20"><span class='ocrx_word' id='word_1_548' title='bbox 525 4725 673 4793; x_wconf 84' lang='lat' dir='ltr'><strong>gotio</strong></span> <span class='ocrx_word' id='word_1_549' title='bbox 696 4725 761 4778; x_wconf 89' lang='lat' dir='ltr'><strong>de</strong></span> <span class='ocrx_word' id='word_1_550' title='bbox 798 4725 1076 4778; x_wconf 91' lang='lat' dir='ltr'><strong>communi</strong></span> <span class='ocrx_word' id='word_1_551' title='bbox 1125 4725 1192 4778; x_wconf 90' lang='lat' dir='ltr'><strong>ad</strong></span> <span class='ocrx_word' id='word_1_552' title='bbox 1239 4725 1580 4796; x_wconf 89' lang='lat' dir='ltr'><strong>singulorum</strong></span> <span class='ocrx_word' id='word_1_553' title='bbox 1625 4741 1782 4780; x_wconf 90' lang='lat' dir='ltr'><strong>usum</strong></span> <span class='ocrx_word' id='word_1_554' title='bbox 1827 4725 2092 4779; x_wconf 80' lang='lat' dir='ltr'><strong>transfer-</strong></span> 
     </span>
    </p>
   </div>
   <div class='ocr_carea' id='block_1_73' title="bbox 528 4811 2090 4882">
    <p class='ocr_par' dir='ltr' id='par_1_73' title="bbox 528 4811 2090 4882">
     <span class='ocr_line' id='line_1_73' title="bbox 528 4811 2090 4882; baseline 0.002 -17"><span class='ocrx_word' id='word_1_555' title='bbox 528 4821 636 4866; x_wconf 88' lang='lat' dir='ltr'><strong>tur.</strong></span> <span class='ocrx_word' id='word_1_556' title='bbox 674 4811 816 4882; x_wconf 83' lang='lat' dir='ltr'><strong>Ergo</strong></span> <span class='ocrx_word' id='word_1_557' title='bbox 849 4815 895 4869; x_wconf 89' lang='lat' dir='ltr'><strong>si</strong></span> <span class='ocrx_word' id='word_1_558' title='bbox 927 4816 1199 4871; x_wconf 88' lang='lat' dir='ltr'><strong>universis</strong></span> <span class='ocrx_word' id='word_1_559' title='bbox 1237 4823 1382 4870; x_wconf 89' lang='lat' dir='ltr'><strong>terra</strong></span> <span class='ocrx_word' id='word_1_560' title='bbox 1415 4817 1770 4872; x_wconf 85' lang='lat' dir='ltr'><strong>nascentibus</strong></span> <span class='ocrx_word' id='word_1_561' title='bbox 1814 4818 2090 4870; x_wconf 89' lang='lat' dir='ltr'><strong>communi</strong></span> 
     </span>
    </p>
   </div>
   <div class='ocr_carea' id='block_1_74' title="bbox 526 4903 2096 4980">
    <p class='ocr_par' dir='ltr' id='par_1_74' title="bbox 526 4903 2096 4980">
     <span class='ocr_line' id='line_1_74' title="bbox 526 4903 2096 4980; baseline 0.001 -20"><span class='ocrx_word' id='word_1_562' title='bbox 526 4905 762 4976; x_wconf 89' lang='lat' dir='ltr'><strong>quodam</strong></span> <span class='ocrx_word' id='word_1_563' title='bbox 797 4923 964 4962; x_wconf 91' lang='lat' dir='ltr'><strong>succo</strong></span> <span class='ocrx_word' id='word_1_564' title='bbox 991 4909 1296 4978; x_wconf 90' lang='lat' dir='ltr'><strong>proposito,</strong></span> <span class='ocrx_word' id='word_1_565' title='bbox 1330 4903 1594 4980; x_wconf 85' lang='lat' dir='ltr'><strong>quidquid</strong></span> <span class='ocrx_word' id='word_1_566' title='bbox 1640 4925 1705 4964; x_wconf 92' lang='lat' dir='ltr'><strong>eo</strong></span> <span class='ocrx_word' id='word_1_567' title='bbox 1756 4910 1954 4964; x_wconf 89' lang='lat' dir='ltr'><strong>nutriri</strong></span> <span class='ocrx_word' id='word_1_568' title='bbox 2001 4925 2096 4962; x_wconf 87' lang='lat' dir='ltr'><strong>ne-</strong></span> 
     </span>
    </p>
   </div>
   <div class='ocr_carea' id='block_1_75' title="bbox 529 4998 2090 5072">
    <p class='ocr_par' dir='ltr' id='par_1_75' title="bbox 529 4998 2090 5072">
     <span class='ocr_line' id='line_1_75' title="bbox 529 4998 2090 5072; baseline 0.001 -20"><span class='ocrx_word' id='word_1_569' title='bbox 529 5014 686 5054; x_wconf 89' lang='lat' dir='ltr'><strong>cesse</strong></span> <span class='ocrx_word' id='word_1_570' title='bbox 716 5005 818 5060; x_wconf 88' lang='lat' dir='ltr'><strong>est,</strong></span> <span class='ocrx_word' id='word_1_571' title='bbox 875 4998 928 5052; x_wconf 92' lang='lat' dir='ltr'><strong>id</strong></span> <span class='ocrx_word' id='word_1_572' title='bbox 956 5001 1189 5053; x_wconf 85' lang='lat' dir='ltr'><strong>attrahit</strong></span> <span class='ocrx_word' id='word_1_573' title='bbox 1230 5002 1410 5056; x_wconf 87' lang='lat' dir='ltr'><strong>alendi</strong></span> <span class='ocrx_word' id='word_1_574' title='bbox 1449 5003 1533 5056; x_wconf 90' lang='lat' dir='ltr'><strong>sui</strong></span> <span class='ocrx_word' id='word_1_575' title='bbox 1571 5019 1760 5066; x_wconf 87' lang='lat' dir='ltr'><strong>causa,</strong></span> <span class='ocrx_word' id='word_1_576' title='bbox 1808 5003 1953 5072; x_wconf 88' lang='lat' dir='ltr'><strong>quod</strong></span> <span class='ocrx_word' id='word_1_577' title='bbox 1990 5001 2090 5072; x_wconf 91' lang='lat' dir='ltr'><strong>ipsi</strong></span> 
     </span>
    </p>
   </div>
   <div class='ocr_carea' id='block_1_76' title="bbox 528 5091 2092 5161">
    <p class='ocr_par' dir='ltr' id='par_1_76' title="bbox 528 5091 2092 5161">
     <span class='ocr_line' id='line_1_76' title="bbox 528 5091 2092 5161; baseline 0.002 -16"><span class='ocrx_word' id='word_1_578' title='bbox 528 5091 832 5157; x_wconf 88' lang='lat' dir='ltr'><strong>convenit;</strong></span> <span class='ocrx_word' id='word_1_579' title='bbox 889 5091 1024 5161; x_wconf 90' lang='lat' dir='ltr'><strong>quid</strong></span> <span class='ocrx_word' id='word_1_580' title='bbox 1055 5093 1377 5154; x_wconf 88' lang='lat' dir='ltr'><strong>absurdum,</strong></span> <span class='ocrx_word' id='word_1_581' title='bbox 1445 5095 1490 5148; x_wconf 91' lang='lat' dir='ltr'><strong>si</strong></span> <span class='ocrx_word' id='word_1_582' title='bbox 1545 5094 1646 5148; x_wconf 92' lang='lat' dir='ltr'><strong>hac</strong></span> <span class='ocrx_word' id='word_1_583' title='bbox 1685 5096 1848 5150; x_wconf 88' lang='lat' dir='ltr'><strong>etiam</strong></span> <span class='ocrx_word' id='word_1_584' title='bbox 1901 5096 1954 5150; x_wconf 92' lang='lat' dir='ltr'><strong>in</strong></span> <span class='ocrx_word' id='word_1_585' title='bbox 1995 5095 2092 5148; x_wconf 88' lang='lat' dir='ltr'><strong>do-</strong></span> 
     </span>
    </p>
   </div>
   <div class='ocr_carea' id='block_1_77' title="bbox 529 5181 2094 5256">
    <p class='ocr_par' dir='ltr' id='par_1_77' title="bbox 529 5181 2094 5256">
     <span class='ocr_line' id='line_1_77' title="bbox 529 5181 2094 5256; baseline 0.003 -20"><span class='ocrx_word' id='word_1_586' title='bbox 529 5181 708 5236; x_wconf 86' lang='lat' dir='ltr'><strong>ctrina</strong></span> <span class='ocrx_word' id='word_1_587' title='bbox 757 5181 825 5236; x_wconf 90' lang='lat' dir='ltr'><strong>de</strong></span> <span class='ocrx_word' id='word_1_588' title='bbox 874 5185 1279 5238; x_wconf 89' lang='lat' dir='ltr'><strong>resurrectione</strong></span> <span class='ocrx_word' id='word_1_589' title='bbox 1323 5185 1596 5250; x_wconf 88' lang='lat' dir='ltr'><strong>dicamus,</strong></span> <span class='ocrx_word' id='word_1_590' title='bbox 1641 5188 1865 5256; x_wconf 88' lang='lat' dir='ltr'><strong>perinde</strong></span> <span class='ocrx_word' id='word_1_591' title='bbox 1909 5195 1968 5240; x_wconf 87' lang='lat' dir='ltr'><strong>ut</strong></span> <span class='ocrx_word' id='word_1_592' title='bbox 2009 5201 2094 5242; x_wconf 87' lang='lat' dir='ltr'><strong>se—</strong></span> 
     </span>
    </p>
   </div>
   <div class='ocr_carea' id='block_1_78' title="bbox 528 5273 2092 5348">
    <p class='ocr_par' dir='ltr' id='par_1_78' title="bbox 528 5273 2092 5348">
     <span class='ocr_line' id='line_1_78' title="bbox 528 5273 2092 5348; baseline 0.003 -22"><span class='ocrx_word' id='word_1_593' title='bbox 528 5273 678 5326; x_wconf 86' lang='lat' dir='ltr'><strong>mina</strong></span> <span class='ocrx_word' id='word_1_594' title='bbox 737 5275 1150 5328; x_wconf 87' lang='lat' dir='ltr'><strong>convenientem</strong></span> <span class='ocrx_word' id='word_1_595' title='bbox 1227 5291 1480 5340; x_wconf 86' lang='lat' dir='ltr'><strong>succum,</strong></span> <span class='ocrx_word' id='word_1_596' title='bbox 1561 5279 1642 5332; x_wconf 90' lang='lat' dir='ltr'><strong>sic</strong></span> <span class='ocrx_word' id='word_1_597' title='bbox 1691 5279 1966 5348; x_wconf 88' lang='lat' dir='ltr'><strong>quoslibet</strong></span> <span class='ocrx_word' id='word_1_598' title='bbox 2026 5293 2092 5331; x_wconf 74' lang='lat' dir='ltr'><strong>ex</strong></span> 
     </span>
    </p>
   </div>
   <div class='ocr_carea' id='block_1_79' title="bbox 529 5361 2094 5437">
    <p class='ocr_par' dir='ltr' id='par_1_79' title="bbox 529 5361 2094 5437">
     <span class='ocr_line' id='line_1_79' title="bbox 529 5361 2094 5437; baseline 0.006 -23"><span class='ocrx_word' id='word_1_599' title='bbox 529 5361 760 5416; x_wconf 87' lang='lat' dir='ltr'><strong>mortuis</strong></span> <span class='ocrx_word' id='word_1_600' title='bbox 791 5373 1142 5433; x_wconf 85' lang='lat' dir='ltr'><strong>resurgentes</strong></span> <span class='ocrx_word' id='word_1_601' title='bbox 1173 5369 1394 5437; x_wconf 86' lang='lat' dir='ltr'><strong>prOpria</strong></span> <span class='ocrx_word' id='word_1_602' title='bbox 1443 5384 1637 5424; x_wconf 89' lang='lat' dir='ltr'><strong>rursus</strong></span> <span class='ocrx_word' id='word_1_603' title='bbox 1673 5370 1981 5424; x_wconf 84' lang='lat' dir='ltr'><strong>attrahere?</strong></span> <span class='ocrx_word' id='word_1_604' title='bbox 2023 5368 2094 5424; x_wconf 75' lang='lat' dir='ltr'><strong>lle</strong></span> 
     </span>
    </p>
   </div>
   <div class='ocr_carea' id='block_1_80' title="bbox 529 5451 2096 5529">
    <p class='ocr_par' dir='ltr' id='par_1_80' title="bbox 529 5451 2096 5529">
     <span class='ocr_line' id='line_1_80' title="bbox 529 5451 2096 5529; baseline 0.004 -23"><span class='ocrx_word' id='word_1_605' title='bbox 529 5451 618 5506; x_wconf 83' lang='lat' dir='ltr'><strong>his</strong></span> <span class='ocrx_word' id='word_1_606' title='bbox 641 5455 892 5510; x_wconf 89' lang='lat' dir='ltr'><strong>omnibus</strong></span> <span class='ocrx_word' id='word_1_607' title='bbox 915 5456 1052 5510; x_wconf 89' lang='lat' dir='ltr'><strong>adeo</strong></span> <span class='ocrx_word' id='word_1_608' title='bbox 1102 5459 1228 5513; x_wconf 93' lang='lat' dir='ltr'><strong>licet</strong></span> <span class='ocrx_word' id='word_1_609' title='bbox 1281 5459 1608 5529; x_wconf 88' lang='lat' dir='ltr'><strong>intelligere,</strong></span> <span class='ocrx_word' id='word_1_610' title='bbox 1669 5461 1882 5514; x_wconf 89' lang='lat' dir='ltr'><strong>nihilin</strong></span> <span class='ocrx_word' id='word_1_611' title='bbox 1916 5475 2096 5514; x_wconf 87' lang='lat' dir='ltr'><strong>resur-</strong></span> 
     </span>
    </p>
   </div>
   <div class='ocr_carea' id='block_1_81' title="bbox 529 5547 2092 5622">
    <p class='ocr_par' dir='ltr' id='par_1_81' title="bbox 529 5547 2092 5622">
     <span class='ocr_line' id='line_1_81' title="bbox 529 5547 2092 5622; baseline 0.004 -24"><span class='ocrx_word' id='word_1_612' title='bbox 529 5547 795 5602; x_wconf 86' lang='lat' dir='ltr'><strong>rectionis</strong></span> <span class='ocrx_word' id='word_1_613' title='bbox 820 5548 1178 5618; x_wconf 71' lang='lat' dir='ltr'><strong>praedictione</strong></span> <span class='ocrx_word' id='word_1_614' title='bbox 1225 5553 1519 5614; x_wconf 90' lang='lat' dir='ltr'><strong>contineri,</strong></span> <span class='ocrx_word' id='word_1_615' title='bbox 1548 5551 1694 5621; x_wconf 88' lang='lat' dir='ltr'><strong>quod</strong></span> <span class='ocrx_word' id='word_1_616' title='bbox 1725 5551 2092 5622; x_wconf 79' lang='lat' dir='ltr'><strong>separandum</strong></span> 
     </span>
    </p>
   </div>
   <div class='ocr_carea' id='block_1_82' title="bbox 531 5635 2098 5716">
    <p class='ocr_par' dir='ltr' id='par_1_82' title="bbox 531 5635 2098 5716">
     <span class='ocr_line' id='line_1_82' title="bbox 531 5635 2098 5716; baseline 0.006 -26"><span class='ocrx_word' id='word_1_617' title='bbox 531 5635 602 5691; x_wconf 86' lang='lat' dir='ltr'><strong>iis</strong></span> <span class='ocrx_word' id='word_1_618' title='bbox 630 5652 660 5690; x_wconf 85' lang='lat' dir='ltr'><strong>a</strong></span> <span class='ocrx_word' id='word_1_619' title='bbox 695 5641 860 5694; x_wconf 88' lang='lat' dir='ltr'><strong>rebus</strong></span> <span class='ocrx_word' id='word_1_620' title='bbox 895 5641 985 5706; x_wconf 90' lang='lat' dir='ltr'><strong>sit,</strong></span> <span class='ocrx_word' id='word_1_621' title='bbox 1013 5657 1151 5712; x_wconf 88' lang='lat' dir='ltr'><strong>quas</strong></span> <span class='ocrx_word' id='word_1_622' title='bbox 1183 5658 1271 5698; x_wconf 89' lang='lat' dir='ltr'><strong>res</strong></span> <span class='ocrx_word' id='word_1_623' title='bbox 1313 5657 1410 5712; x_wconf 89' lang='lat' dir='ltr'><strong>per</strong></span> <span class='ocrx_word' id='word_1_624' title='bbox 1459 5645 1856 5714; x_wconf 77' lang='lat' dir='ltr'><strong>experientiam</strong></span> <span class='ocrx_word' id='word_1_625' title='bbox 1905 5645 2098 5716; x_wconf 82' lang='lat' dir='ltr'><strong>cogni-</strong></span> 
     </span>
    </p>
   </div>
   <div class='ocr_carea' id='block_1_83' title="bbox 607 5817 1664 5894">
    <p class='ocr_par' dir='ltr' id='par_1_83' title="bbox 607 5817 1664 5894">
     <span class='ocr_line' id='line_1_83' title="bbox 607 5817 1664 5894; baseline 0.006 -22"><span class='ocrx_word' id='word_1_626' title='bbox 607 5817 658 5851; x_wconf 84' lang='lat'><strong>&quot;</strong></span> <span class='ocrx_word' id='word_1_627' title='bbox 689 5817 753 5872; x_wconf 71' lang='grc' dir='ltr'><strong><em>Ν</em></strong></span> <span class='ocrx_word' id='word_1_628' title='bbox 785 5817 913 5892; x_wconf 75' lang='lat' dir='ltr'><strong>Reg.</strong></span> <span class='ocrx_word' id='word_1_629' title='bbox 941 5837 995 5886; x_wconf 90' lang='lat' dir='ltr'><strong>v,</strong></span> <span class='ocrx_word' id='word_1_630' title='bbox 1035 5823 1056 5876; x_wconf 82' lang='lat' dir='ltr'><strong>l</strong></span> <span class='ocrx_word' id='word_1_631' title='bbox 1095 5839 1221 5894; x_wconf 79' lang='lat' dir='ltr'><strong>sq];</strong></span> <span class='ocrx_word' id='word_1_632' title='bbox 1325 5823 1450 5878; x_wconf 81' lang='lat' dir='ltr'><strong>Luc.</strong></span> <span class='ocrx_word' id='word_1_633' title='bbox 1483 5840 1553 5891; x_wconf 86' lang='lat' dir='ltr'><strong>tv,</strong></span> <span class='ocrx_word' id='word_1_634' title='bbox 1586 5823 1664 5878; x_wconf 76' lang='lat'><strong>27.</strong></span> 
     </span>
    </p>
   </div>
   <div class='ocr_carea' id='block_1_84' title="bbox 2191 3075 3762 3146">
    <p class='ocr_par' dir='ltr' id='par_1_84' title="bbox 2191 3075 3762 3146">
     <span class='ocr_line' id='line_1_84' title="bbox 2191 3075 3762 3146; baseline -0.001 -16"><span class='ocrx_word' id='word_1_635' title='bbox 2191 3079 2270 3139; x_wconf 80' lang='grc' dir='ltr'><strong>είς</strong></span> <span class='ocrx_word' id='word_1_636' title='bbox 2292 3075 2462 3130; x_wconf 75' lang='grc' dir='ltr'>λεπτὰ</span> <span class='ocrx_word' id='word_1_637' title='bbox 2493 3076 2909 3146; x_wconf 82' lang='grc' dir='ltr'>σφαιρωθεῖσαν,</span> <span class='ocrx_word' id='word_1_638' title='bbox 2939 3075 3080 3129; x_wconf 81' lang='grc' dir='ltr'>κατὰ</span> <span class='ocrx_word' id='word_1_639' title='bbox 3103 3077 3200 3146; x_wconf 83' lang='grc' dir='ltr'>τὴν</span> <span class='ocrx_word' id='word_1_640' title='bbox 3219 3077 3320 3146; x_wconf 82' lang='grc' dir='ltr'>γῆν</span> <span class='ocrx_word' id='word_1_641' title='bbox 3335 3077 3762 3142; x_wconf 71' lang='grc' dir='ltr'>διασκίδνασθαι,</span> 
     </span>
    </p>
   </div>
   <div class='ocr_carea' id='block_1_85' title="bbox 2189 3169 3766 3240">
    <p class='ocr_par' dir='ltr' id='par_1_85' title="bbox 2189 3169 3766 3240">
     <span class='ocr_line' id='line_1_85' title="bbox 2189 3169 3766 3240; baseline 0 -19"><span class='ocrx_word' id='word_1_642' title='bbox 2189 3170 2324 3240; x_wconf 83' lang='grc' dir='ltr'>πρὸς</span> <span class='ocrx_word' id='word_1_643' title='bbox 2377 3169 2530 3222; x_wconf 75' lang='grc' dir='ltr'>οὐδὲν</span> <span class='ocrx_word' id='word_1_644' title='bbox 2580 3169 2687 3221; x_wconf 85' lang='grc' dir='ltr'>τῶν</span> <span class='ocrx_word' id='word_1_645' title='bbox 2735 3169 3091 3239; x_wconf 80' lang='grc' dir='ltr'>ἐπιτυχόντων</span> <span class='ocrx_word' id='word_1_646' title='bbox 3141 3169 3566 3238; x_wconf 81' lang='grc' dir='ltr'>ἐμμιγνυμένην.</span> <span class='ocrx_word' id='word_1_647' title='bbox 3613 3169 3674 3220; x_wconf 83' lang='lat' dir='ltr'><strong>Ei</strong></span> <span class='ocrx_word' id='word_1_648' title='bbox 3706 3169 3766 3221; x_wconf 84' lang='grc' dir='ltr'>δέ</span> 
     </span>
    </p>
   </div>
   <div class='ocr_carea' id='block_1_86' title="bbox 2187 3261 3767 3332">
    <p class='ocr_par' dir='ltr' id='par_1_86' title="bbox 2187 3261 3767 3332">
     <span class='ocr_line' id='line_1_86' title="bbox 2187 3261 3767 3332; baseline -0.001 -17"><span class='ocrx_word' id='word_1_649' title='bbox 2187 3279 2270 3326; x_wconf 91' lang='grc' dir='ltr'><strong>τις</strong></span> <span class='ocrx_word' id='word_1_650' title='bbox 2305 3263 2464 3316; x_wconf 85' lang='grc' dir='ltr'>πάλιν</span> <span class='ocrx_word' id='word_1_651' title='bbox 2489 3262 2548 3314; x_wconf 81' lang='grc' dir='ltr'><strong>τὸ</strong></span> <span class='ocrx_word' id='word_1_652' title='bbox 2583 3261 2816 3332; x_wconf 87' lang='grc' dir='ltr'>πολλαχῆ</span> <span class='ocrx_word' id='word_1_653' title='bbox 2841 3261 3286 3332; x_wconf 84' lang='grc' dir='ltr'>κατεσπαρμένον</span> <span class='ocrx_word' id='word_1_654' title='bbox 3309 3264 3387 3325; x_wconf 83' lang='grc' dir='ltr'><strong>είς</strong></span> <span class='ocrx_word' id='word_1_655' title='bbox 3423 3261 3480 3313; x_wconf 88' lang='grc' dir='ltr'>ἒν</span> <span class='ocrx_word' id='word_1_656' title='bbox 3515 3263 3767 3329; x_wconf 82' lang='grc' dir='ltr'>συναγεί-</span> 
     </span>
    </p>
   </div>
   <div class='ocr_carea' id='block_1_87' title="bbox 2193 3351 3764 3423">
    <p class='ocr_par' dir='ltr' id='par_1_87' title="bbox 2193 3351 3764 3423">
     <span class='ocr_line' id='line_1_87' title="bbox 2193 3351 3764 3423; baseline 0.002 -19"><span class='ocrx_word' id='word_1_657' title='bbox 2193 3369 2354 3423; x_wconf 89' lang='grc' dir='ltr'>ρειεν,</span> <span class='ocrx_word' id='word_1_658' title='bbox 2377 3352 2693 3422; x_wconf 79' lang='grc' dir='ltr'>αὐτομάτως</span> <span class='ocrx_word' id='word_1_659' title='bbox 2715 3351 3026 3423; x_wconf 82' lang='grc' dir='ltr'>άναχείσθαι</span> <span class='ocrx_word' id='word_1_660' title='bbox 3049 3352 3184 3422; x_wconf 82' lang='grc' dir='ltr'>πρὸς</span> <span class='ocrx_word' id='word_1_661' title='bbox 3202 3353 3262 3405; x_wconf 83' lang='grc' dir='ltr'><strong>τὸ</strong></span> <span class='ocrx_word' id='word_1_662' title='bbox 3283 3353 3567 3422; x_wconf 79' lang='grc' dir='ltr'>ὁμόφυλον,</span> <span class='ocrx_word' id='word_1_663' title='bbox 3584 3353 3764 3407; x_wconf 79' lang='grc' dir='ltr'>οὐδενὶ</span> 
     </span>
    </p>
   </div>
   <div class='ocr_carea' id='block_1_88' title="bbox 2195 3443 3766 3514">
    <p class='ocr_par' dir='ltr' id='par_1_88' title="bbox 2195 3443 3766 3514">
     <span class='ocr_line' id='line_1_88' title="bbox 2195 3443 3766 3514; baseline 0.001 -20"><span class='ocrx_word' id='word_1_664' title='bbox 2195 3445 2342 3512; x_wconf 84' lang='grc' dir='ltr'>μέσῳ</span> <span class='ocrx_word' id='word_1_665' title='bbox 2368 3443 2500 3512; x_wconf 83' lang='grc' dir='ltr'>πρὸς</span> <span class='ocrx_word' id='word_1_666' title='bbox 2521 3443 2618 3514; x_wconf 85' lang='grc' dir='ltr'><strong>τὴν</strong></span> <span class='ocrx_word' id='word_1_667' title='bbox 2650 3443 2853 3496; x_wconf 82' lang='grc' dir='ltr'>οἰκείαν</span> <span class='ocrx_word' id='word_1_668' title='bbox 2892 3443 3036 3513; x_wconf 78' lang='grc' dir='ltr'>μίξιν</span> <span class='ocrx_word' id='word_1_669' title='bbox 3067 3443 3461 3514; x_wconf 85' lang='grc' dir='ltr'>διειργομένην.</span> <span class='ocrx_word' id='word_1_670' title='bbox 3513 3445 3766 3498; x_wconf 77' lang='grc' dir='ltr'>Τοιοῦτόν</span> 
     </span>
    </p>
   </div>
   <div class='ocr_carea' id='block_1_89' title="bbox 2190 3535 3764 3607">
    <p class='ocr_par' dir='ltr' id='par_1_89' title="bbox 2190 3535 3764 3607">
     <span class='ocr_line' id='line_1_89' title="bbox 2190 3535 3764 3607; baseline 0.001 -20"><span class='ocrx_word' id='word_1_671' title='bbox 2190 3553 2244 3587; x_wconf 89' lang='grc' dir='ltr'><strong>τι</strong></span> <span class='ocrx_word' id='word_1_672' title='bbox 2270 3537 2465 3606; x_wconf 82' lang='grc' dir='ltr'>χρῆναι</span> <span class='ocrx_word' id='word_1_673' title='bbox 2496 3535 2697 3606; x_wconf 80' lang='grc' dir='ltr'>νομίζω</span> <span class='ocrx_word' id='word_1_674' title='bbox 2731 3535 2826 3588; x_wconf 75' lang='grc' dir='ltr'><strong>καὶ</strong></span> <span class='ocrx_word' id='word_1_675' title='bbox 2865 3537 2992 3606; x_wconf 66' lang='grc' dir='ltr'><strong>περὶ¹</strong></span> <span class='ocrx_word' id='word_1_676' title='bbox 3025 3535 3083 3588; x_wconf 88' lang='grc' dir='ltr'>τὸ</span> <span class='ocrx_word' id='word_1_677' title='bbox 3115 3535 3449 3606; x_wconf 79' lang='grc' dir='ltr'>ἀνθρώπινον</span> <span class='ocrx_word' id='word_1_678' title='bbox 3483 3537 3764 3607; x_wconf 80' lang='grc' dir='ltr'>σύγκριμα</span> 
     </span>
    </p>
   </div>
   <div class='ocr_carea' id='block_1_90' title="bbox 2191 3626 3766 3697">
    <p class='ocr_par' dir='ltr' id='par_1_90' title="bbox 2191 3626 3766 3697">
     <span class='ocr_line' id='line_1_90' title="bbox 2191 3626 3766 3697; baseline 0.001 -18"><span class='ocrx_word' id='word_1_679' title='bbox 2191 3627 2549 3680; x_wconf 80' lang='grc' dir='ltr'>διανοεῖσθαι·</span> <span class='ocrx_word' id='word_1_680' title='bbox 2604 3631 2651 3680; x_wconf 82' lang='grc' dir='ltr'>εἰ</span> <span class='ocrx_word' id='word_1_681' title='bbox 2686 3628 2844 3697; x_wconf 81' lang='grc' dir='ltr'>μόνον</span> <span class='ocrx_word' id='word_1_682' title='bbox 2878 3626 3087 3695; x_wconf 88' lang='grc' dir='ltr'>γένοιτο</span> <span class='ocrx_word' id='word_1_683' title='bbox 3117 3627 3263 3697; x_wconf 81' lang='grc' dir='ltr'>παρὰ</span> <span class='ocrx_word' id='word_1_684' title='bbox 3302 3627 3392 3679; x_wconf 78' lang='grc' dir='ltr'>τοῦ</span> <span class='ocrx_word' id='word_1_685' title='bbox 3422 3627 3554 3679; x_wconf 84' lang='grc' dir='ltr'>Θεοῦ</span> <span class='ocrx_word' id='word_1_686' title='bbox 3585 3629 3646 3680; x_wconf 76' lang='grc' dir='ltr'>τὸ</span> <span class='ocrx_word' id='word_1_687' title='bbox 3678 3631 3766 3680; x_wconf 81' lang='grc' dir='ltr'><strong>ὲν-</strong></span> 
     </span>
    </p>
   </div>
   <div class='ocr_carea' id='block_1_91' title="bbox 2193 3719 3764 3790">
    <p class='ocr_par' dir='ltr' id='par_1_91' title="bbox 2193 3719 3764 3790">
     <span class='ocr_line' id='line_1_91' title="bbox 2193 3719 3764 3790; baseline -0.001 -18"><span class='ocrx_word' id='word_1_688' title='bbox 2193 3720 2429 3789; x_wconf 87' lang='grc' dir='ltr'>δόσιμον,</span> <span class='ocrx_word' id='word_1_689' title='bbox 2458 3719 2775 3790; x_wconf 83' lang='grc' dir='ltr'>αὐτομάτως</span> <span class='ocrx_word' id='word_1_690' title='bbox 2805 3719 2870 3770; x_wconf 76' lang='grc' dir='ltr'><strong>τά</strong></span> <span class='ocrx_word' id='word_1_691' title='bbox 2900 3719 3208 3788; x_wconf 75' lang='grc' dir='ltr'>κατάλληλα</span> <span class='ocrx_word' id='word_1_692' title='bbox 3237 3719 3375 3790; x_wconf 83' lang='grc' dir='ltr'>μέρη</span> <span class='ocrx_word' id='word_1_693' title='bbox 3401 3721 3511 3780; x_wconf 81' lang='grc' dir='ltr'>τοῖς</span> <span class='ocrx_word' id='word_1_694' title='bbox 3545 3720 3764 3782; x_wconf 53' lang='grc' dir='ltr'>οἰκείοκ</span> 
     </span>
    </p>
   </div>
   <div class='ocr_carea' id='block_1_92' title="bbox 2194 3808 3766 3885">
    <p class='ocr_par' dir='ltr' id='par_1_92' title="bbox 2194 3808 3766 3885">
     <span class='ocr_line' id='line_1_92' title="bbox 2194 3808 3766 3885; baseline -0.003 -19"><span class='ocrx_word' id='word_1_695' title='bbox 2194 3811 2684 3885; x_wconf 76' lang='grc' dir='ltr'>ἐπανακίρνασῦαι,</span> <span class='ocrx_word' id='word_1_696' title='bbox 2749 3812 3016 3882; x_wconf 80' lang='grc' dir='ltr'>μηδεμιᾶς</span> <span class='ocrx_word' id='word_1_697' title='bbox 3065 3811 3327 3880; x_wconf 83' lang='grc' dir='ltr'>ἐργωδίας</span> <span class='ocrx_word' id='word_1_698' title='bbox 3375 3808 3454 3878; x_wconf 82' lang='grc' dir='ltr'>τῷ</span> <span class='ocrx_word' id='word_1_699' title='bbox 3516 3811 3766 3862; x_wconf 84' lang='grc' dir='ltr'>ἁναστοι-</span> 
     </span>
    </p>
   </div>
   <div class='ocr_carea' id='block_1_93' title="bbox 2195 3900 3766 3975">
    <p class='ocr_par' dir='ltr' id='par_1_93' title="bbox 2195 3900 3766 3975">
     <span class='ocr_line' id='line_1_93' title="bbox 2195 3900 3766 3975; baseline -0.003 -19"><span class='ocrx_word' id='word_1_700' title='bbox 2195 3903 2424 3974; x_wconf 72' lang='grc' dir='ltr'>χειοῦντι</span> <span class='ocrx_word' id='word_1_701' title='bbox 2455 3905 2553 3975; x_wconf 81' lang='grc' dir='ltr'>τὴν</span> <span class='ocrx_word' id='word_1_702' title='bbox 2587 3904 2746 3972; x_wconf 85' lang='grc' dir='ltr'>φύσιν</span> <span class='ocrx_word' id='word_1_703' title='bbox 2773 3903 2858 3956; x_wconf 73' lang='grc' dir='ltr'><strong>διὰ</strong></span> <span class='ocrx_word' id='word_1_704' title='bbox 2891 3903 3092 3954; x_wconf 87' lang='grc' dir='ltr'>τούτων</span> <span class='ocrx_word' id='word_1_705' title='bbox 3123 3901 3494 3971; x_wconf 76' lang='grc' dir='ltr'>ἐγγινομένης.</span> <span class='ocrx_word' id='word_1_706' title='bbox 3517 3902 3625 3953; x_wconf 76' lang='grc' dir='ltr'>Καὶ</span> <span class='ocrx_word' id='word_1_707' title='bbox 3653 3900 3766 3972; x_wconf 75' lang='grc' dir='ltr'><strong>γάρ</strong></span> 
     </span>
    </p>
   </div>
   <div class='ocr_carea' id='block_1_94' title="bbox 2195 3991 3766 4067">
    <p class='ocr_par' dir='ltr' id='par_1_94' title="bbox 2195 3991 3766 4067">
     <span class='ocr_line' id='line_1_94' title="bbox 2195 3991 3766 4067; baseline -0.004 -19"><span class='ocrx_word' id='word_1_708' title='bbox 2195 3997 2286 4049; x_wconf 75' lang='grc' dir='ltr'>ἐπὶ</span> <span class='ocrx_word' id='word_1_709' title='bbox 2319 3997 2423 4049; x_wconf 84' lang='grc' dir='ltr'><strong>τῶν</strong></span> <span class='ocrx_word' id='word_1_710' title='bbox 2458 3999 2517 4049; x_wconf 83' lang='grc' dir='ltr'>ὲν</span> <span class='ocrx_word' id='word_1_711' title='bbox 2565 3999 2630 4067; x_wconf 83' lang='grc' dir='ltr'>τῇ</span> <span class='ocrx_word' id='word_1_712' title='bbox 2665 3997 2734 4065; x_wconf 75' lang='grc' dir='ltr'>γῇ</span> <span class='ocrx_word' id='word_1_713' title='bbox 2770 3994 3074 4063; x_wconf 80' lang='grc' dir='ltr'>φυομένων,</span> <span class='ocrx_word' id='word_1_714' title='bbox 3117 3993 3304 4045; x_wconf 81' lang='grc' dir='ltr'>ούδένα</span> <span class='ocrx_word' id='word_1_715' title='bbox 3347 3992 3506 4044; x_wconf 84' lang='grc' dir='ltr'>πόνον</span> <span class='ocrx_word' id='word_1_716' title='bbox 3547 3991 3766 4062; x_wconf 83' lang='grc' dir='ltr'>ὁρῶμεν</span> 
     </span>
    </p>
   </div>
   <div class='ocr_carea' id='block_1_95' title="bbox 2194 4083 3765 4158">
    <p class='ocr_par' dir='ltr' id='par_1_95' title="bbox 2194 4083 3765 4158">
     <span class='ocr_line' id='line_1_95' title="bbox 2194 4083 3765 4158; baseline -0.003 -16"><span class='ocrx_word' id='word_1_717' title='bbox 2194 4090 2291 4158; x_wconf 77' lang='grc' dir='ltr'><strong>τῆς</strong></span> <span class='ocrx_word' id='word_1_718' title='bbox 2319 4089 2533 4157; x_wconf 85' lang='grc' dir='ltr'>φύσεως</span> <span class='ocrx_word' id='word_1_719' title='bbox 2563 4090 2654 4142; x_wconf 72' lang='grc' dir='ltr'><strong>ἐπὶ</strong></span> <span class='ocrx_word' id='word_1_720' title='bbox 2687 4090 2777 4140; x_wconf 75' lang='grc' dir='ltr'><strong>τὸν</strong></span> <span class='ocrx_word' id='word_1_721' title='bbox 2805 4087 2994 4157; x_wconf 80' lang='grc' dir='ltr'>πυρὸν,</span> <span class='ocrx_word' id='word_1_722' title='bbox 3021 4087 3052 4156; x_wconf 88' lang='grc' dir='ltr'>ἢ</span> <span class='ocrx_word' id='word_1_723' title='bbox 3087 4085 3184 4156; x_wconf 84' lang='grc' dir='ltr'>τὴν</span> <span class='ocrx_word' id='word_1_724' title='bbox 3215 4085 3464 4154; x_wconf 79' lang='grc' dir='ltr'>κέγχρον,</span> <span class='ocrx_word' id='word_1_725' title='bbox 3496 4085 3527 4155; x_wconf 80' lang='grc' dir='ltr'><strong>ἢ</strong></span> <span class='ocrx_word' id='word_1_726' title='bbox 3565 4083 3690 4138; x_wconf 80' lang='grc' dir='ltr'>ἄλλο</span> <span class='ocrx_word' id='word_1_727' title='bbox 3713 4101 3765 4137; x_wconf 86' lang='grc' dir='ltr'><strong>τι</strong></span> 
     </span>
    </p>
   </div>
   <div class='ocr_carea' id='block_1_96' title="bbox 2195 4177 3764 4252">
    <p class='ocr_par' dir='ltr' id='par_1_96' title="bbox 2195 4177 3764 4252">
     <span class='ocr_line' id='line_1_96' title="bbox 2195 4177 3764 4252; baseline -0.004 -18"><span class='ocrx_word' id='word_1_728' title='bbox 2195 4181 2302 4234; x_wconf 79' lang='grc' dir='ltr'><strong>τῶν</strong></span> <span class='ocrx_word' id='word_1_729' title='bbox 2353 4181 2588 4252; x_wconf 82' lang='grc' dir='ltr'>σιτηρῶν</span> <span class='ocrx_word' id='word_1_730' title='bbox 2621 4182 2653 4251; x_wconf 84' lang='grc' dir='ltr'><strong>ἢ</strong></span> <span class='ocrx_word' id='word_1_731' title='bbox 2701 4179 2975 4251; x_wconf 80' lang='grc' dir='ltr'>χεδροπῶν</span> <span class='ocrx_word' id='word_1_732' title='bbox 3019 4180 3361 4248; x_wconf 79' lang='grc' dir='ltr'>σπερμάτων,</span> <span class='ocrx_word' id='word_1_733' title='bbox 3396 4179 3452 4228; x_wconf 79' lang='grc' dir='ltr'>ὲν</span> <span class='ocrx_word' id='word_1_734' title='bbox 3487 4177 3564 4246; x_wconf 83' lang='grc' dir='ltr'><strong>τῷ</strong></span> <span class='ocrx_word' id='word_1_735' title='bbox 3594 4193 3764 4246; x_wconf 88' lang='grc' dir='ltr'>μετα-</span> 
     </span>
    </p>
   </div>
   <div class='ocr_carea' id='block_1_97' title="bbox 2199 4269 3764 4341">
    <p class='ocr_par' dir='ltr' id='par_1_97' title="bbox 2199 4269 3764 4341">
     <span class='ocr_line' id='line_1_97' title="bbox 2199 4269 3764 4341; baseline -0.003 -15"><span class='ocrx_word' id='word_1_736' title='bbox 2199 4273 2410 4326; x_wconf 78' lang='grc' dir='ltr'>ϐάλλειν</span> <span class='ocrx_word' id='word_1_737' title='bbox 2459 4275 2538 4336; x_wconf 85' lang='grc' dir='ltr'>εἰς</span> <span class='ocrx_word' id='word_1_738' title='bbox 2577 4272 2827 4341; x_wconf 83' lang='grc' dir='ltr'>καλάμην</span> <span class='ocrx_word' id='word_1_739' title='bbox 2880 4271 2972 4324; x_wconf 77' lang='grc' dir='ltr'>καὶ</span> <span class='ocrx_word' id='word_1_740' title='bbox 3021 4271 3278 4340; x_wconf 83' lang='grc' dir='ltr'>ἁθέρικας</span> <span class='ocrx_word' id='word_1_741' title='bbox 3327 4269 3420 4322; x_wconf 73' lang='grc' dir='ltr'>καὶ</span> <span class='ocrx_word' id='word_1_742' title='bbox 3465 4269 3764 4338; x_wconf 83' lang='grc' dir='ltr'>ἀστάχυας.</span> 
     </span>
    </p>
   </div>
   <div class='ocr_carea' id='block_1_98' title="bbox 2213 4360 3768 4436">
    <p class='ocr_par' dir='ltr' id='par_1_98' title="bbox 2213 4360 3768 4436">
     <span class='ocr_line' id='line_1_98' title="bbox 2213 4360 3768 4436; baseline -0.004 -18"><span class='ocrx_word' id='word_1_743' title='bbox 2213 4364 2710 4436; x_wconf 77' lang='grc' dir='ltr'>’Λπραγματεύτως</span> <span class='ocrx_word' id='word_1_744' title='bbox 2747 4363 2856 4433; x_wconf 80' lang='grc' dir='ltr'>γὰρ</span> <span class='ocrx_word' id='word_1_745' title='bbox 2894 4362 3032 4414; x_wconf 82' lang='grc' dir='ltr'>κατὰ</span> <span class='ocrx_word' id='word_1_746' title='bbox 3071 4363 3132 4414; x_wconf 86' lang='grc' dir='ltr'><strong>τὸ</strong></span> <span class='ocrx_word' id='word_1_747' title='bbox 3162 4361 3460 4430; x_wconf 85' lang='grc' dir='ltr'>αὐτόματον</span> <span class='ocrx_word' id='word_1_748' title='bbox 3499 4363 3530 4430; x_wconf 80' lang='grc' dir='ltr'>ὴ</span> <span class='ocrx_word' id='word_1_749' title='bbox 3562 4360 3768 4412; x_wconf 80' lang='grc' dir='ltr'>κατάλ-</span> 
     </span>
    </p>
   </div>
   <div class='ocr_carea' id='block_1_99' title="bbox 2199 4451 3766 4527">
    <p class='ocr_par' dir='ltr' id='par_1_99' title="bbox 2199 4451 3766 4527">
     <span class='ocr_line' id='line_1_99' title="bbox 2199 4451 3766 4527; baseline -0.003 -19"><span class='ocrx_word' id='word_1_750' title='bbox 2199 4457 2355 4526; x_wconf 86' lang='grc' dir='ltr'>ληλος</span> <span class='ocrx_word' id='word_1_751' title='bbox 2396 4455 2568 4527; x_wconf 86' lang='grc' dir='ltr'>τροφὴ</span> <span class='ocrx_word' id='word_1_752' title='bbox 2609 4458 2673 4507; x_wconf 85' lang='grc' dir='ltr'>ὲκ</span> <span class='ocrx_word' id='word_1_753' title='bbox 2715 4454 2808 4506; x_wconf 81' lang='grc' dir='ltr'>τοῦ</span> <span class='ocrx_word' id='word_1_754' title='bbox 2841 4452 3020 4506; x_wconf 78' lang='grc' dir='ltr'>κοινοῦ</span> <span class='ocrx_word' id='word_1_755' title='bbox 3073 4452 3206 4524; x_wconf 85' lang='grc' dir='ltr'>πρὸς</span> <span class='ocrx_word' id='word_1_756' title='bbox 3247 4452 3343 4522; x_wconf 84' lang='grc' dir='ltr'>τὴν</span> <span class='ocrx_word' id='word_1_757' title='bbox 3395 4451 3618 4504; x_wconf 77' lang='grc' dir='ltr'>ἑκάστου</span> <span class='ocrx_word' id='word_1_758' title='bbox 3656 4453 3766 4504; x_wconf 73' lang='grc' dir='ltr'>τῶν</span> 
     </span>
    </p>
   </div>
   <div class='ocr_carea' id='block_1_100' title="bbox 2202 4540 3766 4618">
    <p class='ocr_par' dir='ltr' id='par_1_100' title="bbox 2202 4540 3766 4618">
     <span class='ocr_line' id='line_1_100' title="bbox 2202 4540 3766 4618; baseline -0.001 -19"><span class='ocrx_word' id='word_1_759' title='bbox 2202 4548 2528 4618; x_wconf 86' lang='grc' dir='ltr'>σπερμάτων</span> <span class='ocrx_word' id='word_1_760' title='bbox 2565 4546 2801 4615; x_wconf 77' lang='grc' dir='ltr'>ἰδιότητα</span> <span class='ocrx_word' id='word_1_761' title='bbox 2831 4544 3160 4614; x_wconf 75' lang='grc' dir='ltr'>μεταδαίνει.</span> <span class='ocrx_word' id='word_1_762' title='bbox 3195 4545 3257 4597; x_wconf 80' lang='grc' dir='ltr'><strong>Εἰ</strong></span> <span class='ocrx_word' id='word_1_763' title='bbox 3291 4540 3383 4598; x_wconf 81' lang='grc' dir='ltr'>οὖν</span> <span class='ocrx_word' id='word_1_764' title='bbox 3417 4543 3598 4613; x_wconf 83' lang='grc' dir='ltr'>κοινῆς</span> <span class='ocrx_word' id='word_1_765' title='bbox 3629 4547 3766 4598; x_wconf 74' lang='grc' dir='ltr'>πᾶσι</span> 
     </span>
    </p>
   </div>
   <div class='ocr_carea' id='block_1_101' title="bbox 2199 4636 3768 4708">
    <p class='ocr_par' dir='ltr' id='par_1_101' title="bbox 2199 4636 3768 4708">
     <span class='ocr_line' id='line_1_101' title="bbox 2199 4636 3768 4708; baseline -0.003 -16"><span class='ocrx_word' id='word_1_766' title='bbox 2199 4642 2308 4700; x_wconf 87' lang='grc' dir='ltr'>τοῖς</span> <span class='ocrx_word' id='word_1_767' title='bbox 2365 4637 2650 4708; x_wconf 81' lang='grc' dir='ltr'>φυομένοις</span> <span class='ocrx_word' id='word_1_768' title='bbox 2694 4639 2792 4707; x_wconf 77' lang='grc' dir='ltr'>τῆς</span> <span class='ocrx_word' id='word_1_769' title='bbox 2847 4636 3067 4706; x_wconf 85' lang='grc' dir='ltr'>ἰκμάδος</span> <span class='ocrx_word' id='word_1_770' title='bbox 3111 4637 3503 4706; x_wconf 70' lang='grc' dir='ltr'>ὑποκειμένης,</span> <span class='ocrx_word' id='word_1_771' title='bbox 3537 4637 3768 4690; x_wconf 75' lang='grc' dir='ltr'>ἕκαστον</span> 
     </span>
    </p>
   </div>
   <div class='ocr_carea' id='block_1_102' title="bbox 2199 4727 3768 4800">
    <p class='ocr_par' dir='ltr' id='par_1_102' title="bbox 2199 4727 3768 4800">
     <span class='ocr_line' id='line_1_102' title="bbox 2199 4727 3768 4800; baseline -0.001 -18"><span class='ocrx_word' id='word_1_772' title='bbox 2199 4731 2304 4783; x_wconf 80' lang='grc' dir='ltr'><strong>τῶν</strong></span> <span class='ocrx_word' id='word_1_773' title='bbox 2335 4729 2400 4782; x_wconf 80' lang='grc' dir='ltr'><strong>δι’</strong></span> <span class='ocrx_word' id='word_1_774' title='bbox 2449 4729 2619 4798; x_wconf 80' lang='grc' dir='ltr'>αὐτῆς</span> <span class='ocrx_word' id='word_1_775' title='bbox 2665 4729 3008 4800; x_wconf 75' lang='grc' dir='ltr'>τρεφομένων</span> <span class='ocrx_word' id='word_1_776' title='bbox 3052 4728 3112 4780; x_wconf 79' lang='grc' dir='ltr'>τὸ</span> <span class='ocrx_word' id='word_1_777' title='bbox 3144 4728 3473 4798; x_wconf 83' lang='grc' dir='ltr'>κατάλληλον</span> <span class='ocrx_word' id='word_1_778' title='bbox 3531 4727 3768 4781; x_wconf 79' lang='grc' dir='ltr'>ἔσπασεν</span> 
     </span>
    </p>
   </div>
   <div class='ocr_carea' id='block_1_103' title="bbox 2197 4821 3770 4892">
    <p class='ocr_par' dir='ltr' id='par_1_103' title="bbox 2197 4821 3770 4892">
     <span class='ocr_line' id='line_1_103' title="bbox 2197 4821 3770 4892; baseline 0 -18"><span class='ocrx_word' id='word_1_779' title='bbox 2197 4825 2275 4886; x_wconf 84' lang='grc' dir='ltr'><strong>είς</strong></span> <span class='ocrx_word' id='word_1_780' title='bbox 2298 4823 2394 4892; x_wconf 79' lang='grc' dir='ltr'><strong>τὴν</strong></span> <span class='ocrx_word' id='word_1_781' title='bbox 2425 4822 2516 4876; x_wconf 83' lang='grc' dir='ltr'><strong>τοῦ</strong></span> <span class='ocrx_word' id='word_1_782' title='bbox 2549 4822 2746 4875; x_wconf 87' lang='grc' dir='ltr'>οἰκείου</span> <span class='ocrx_word' id='word_1_783' title='bbox 2781 4821 3126 4892; x_wconf 81' lang='grc' dir='ltr'>προσθήκην·</span> <span class='ocrx_word' id='word_1_784' title='bbox 3176 4821 3227 4872; x_wconf 89' lang='grc' dir='ltr'><strong>τί</strong></span> <span class='ocrx_word' id='word_1_785' title='bbox 3257 4821 3461 4882; x_wconf 72' lang='grc' dir='ltr'>καινὸν,</span> <span class='ocrx_word' id='word_1_786' title='bbox 3509 4823 3554 4873; x_wconf 82' lang='grc' dir='ltr'><strong>εί</strong></span> <span class='ocrx_word' id='word_1_787' title='bbox 3587 4821 3680 4872; x_wconf 80' lang='grc' dir='ltr'><strong>καὶ</strong></span> <span class='ocrx_word' id='word_1_788' title='bbox 3706 4822 3770 4874; x_wconf 83' lang='grc' dir='ltr'>ὲν</span> 
     </span>
    </p>
   </div>
   <div class='ocr_carea' id='block_1_104' title="bbox 2196 4909 3771 4982">
    <p class='ocr_par' dir='ltr' id='par_1_104' title="bbox 2196 4909 3771 4982">
     <span class='ocr_line' id='line_1_104' title="bbox 2196 4909 3771 4982; baseline -0.004 -17"><span class='ocrx_word' id='word_1_789' title='bbox 2196 4911 2273 4982; x_wconf 85' lang='grc' dir='ltr'>τῷ</span> <span class='ocrx_word' id='word_1_790' title='bbox 2297 4913 2391 4982; x_wconf 82' lang='grc' dir='ltr'>τῆς</span> <span class='ocrx_word' id='word_1_791' title='bbox 2439 4911 2780 4973; x_wconf 85' lang='grc' dir='ltr'>ἀναστάσεως</span> <span class='ocrx_word' id='word_1_792' title='bbox 2812 4910 2950 4980; x_wconf 79' lang='grc' dir='ltr'>λόγῳ</span> <span class='ocrx_word' id='word_1_793' title='bbox 2985 4911 3111 4980; x_wconf 85' lang='grc' dir='ltr'>παρ’</span> <span class='ocrx_word' id='word_1_794' title='bbox 3147 4909 3374 4962; x_wconf 78' lang='grc' dir='ltr'>ἑκάστου</span> <span class='ocrx_word' id='word_1_795' title='bbox 3415 4910 3522 4961; x_wconf 83' lang='grc' dir='ltr'>τῶν</span> <span class='ocrx_word' id='word_1_796' title='bbox 3547 4910 3771 4962; x_wconf 84' lang='grc' dir='ltr'>ἀνιστα-</span> 
     </span>
    </p>
   </div>
   <div class='ocr_carea' id='block_1_105' title="bbox 2201 4999 3770 5075">
    <p class='ocr_par' dir='ltr' id='par_1_105' title="bbox 2201 4999 3770 5075">
     <span class='ocr_line' id='line_1_105' title="bbox 2201 4999 3770 5075; baseline -0.001 -19"><span class='ocrx_word' id='word_1_797' title='bbox 2201 5005 2394 5075; x_wconf 86' lang='grc' dir='ltr'>μένων,</span> <span class='ocrx_word' id='word_1_798' title='bbox 2424 5003 2604 5066; x_wconf 77' lang='grc' dir='ltr'>καϐὼς</span> <span class='ocrx_word' id='word_1_799' title='bbox 2635 5003 2724 5055; x_wconf 72' lang='grc' dir='ltr'>ἐπὶ</span> <span class='ocrx_word' id='word_1_800' title='bbox 2759 5001 2864 5054; x_wconf 85' lang='grc' dir='ltr'><strong>τῶν</strong></span> <span class='ocrx_word' id='word_1_801' title='bbox 2894 5003 3243 5072; x_wconf 87' lang='grc' dir='ltr'>σπερμάτων,</span> <span class='ocrx_word' id='word_1_802' title='bbox 3281 5001 3564 5073; x_wconf 78' lang='grc' dir='ltr'>συμϐαίνει</span> <span class='ocrx_word' id='word_1_803' title='bbox 3593 4999 3770 5066; x_wconf 75' lang='grc' dir='ltr'>οὕτως</span> 
     </span>
    </p>
   </div>
   <div class='ocr_carea' id='block_1_106' title="bbox 2199 5091 3772 5164">
    <p class='ocr_par' dir='ltr' id='par_1_106' title="bbox 2199 5091 3772 5164">
     <span class='ocr_line' id='line_1_106' title="bbox 2199 5091 3772 5164; baseline 0 -20"><span class='ocrx_word' id='word_1_804' title='bbox 2199 5093 2440 5161; x_wconf 82' lang='grc' dir='ltr'>γίνεσθαι</span> <span class='ocrx_word' id='word_1_805' title='bbox 2475 5095 2571 5164; x_wconf 83' lang='grc' dir='ltr'><strong>τὴν</strong></span> <span class='ocrx_word' id='word_1_806' title='bbox 2613 5091 2704 5145; x_wconf 78' lang='grc' dir='ltr'>τοῦ</span> <span class='ocrx_word' id='word_1_807' title='bbox 2735 5093 2932 5144; x_wconf 85' lang='grc' dir='ltr'>οἰκείου</span> <span class='ocrx_word' id='word_1_808' title='bbox 2973 5091 3171 5161; x_wconf 80' lang='grc' dir='ltr'>6λκὴν;</span> <span class='ocrx_word' id='word_1_809' title='bbox 3230 5093 3386 5145; x_wconf 80' lang='grc' dir='ltr'>Ὥστε</span> <span class='ocrx_word' id='word_1_810' title='bbox 3417 5093 3475 5156; x_wconf 77' lang='grc' dir='ltr'>ἐξ</span> <span class='ocrx_word' id='word_1_811' title='bbox 3510 5093 3772 5145; x_wconf 84' lang='grc' dir='ltr'>ἁπάντων</span> 
     </span>
    </p>
   </div>
   <div class='ocr_carea' id='block_1_107' title="bbox 2199 5181 3772 5256">
    <p class='ocr_par' dir='ltr' id='par_1_107' title="bbox 2199 5181 3772 5256">
     <span class='ocr_line' id='line_1_107' title="bbox 2199 5181 3772 5256; baseline -0.001 -18"><span class='ocrx_word' id='word_1_812' title='bbox 2199 5185 2420 5238; x_wconf 84' lang='grc' dir='ltr'>δυνατὸν</span> <span class='ocrx_word' id='word_1_813' title='bbox 2450 5181 2587 5238; x_wconf 80' lang='grc' dir='ltr'>εἶναι</span> <span class='ocrx_word' id='word_1_814' title='bbox 2616 5185 2823 5255; x_wconf 81' lang='grc' dir='ltr'>μαθεῖν,</span> <span class='ocrx_word' id='word_1_815' title='bbox 2846 5183 3010 5254; x_wconf 80' lang='grc' dir='ltr'>μηδὲν</span> <span class='ocrx_word' id='word_1_816' title='bbox 3039 5183 3140 5248; x_wconf 80' lang='grc' dir='ltr'>ἔξω</span> <span class='ocrx_word' id='word_1_817' title='bbox 3167 5183 3273 5236; x_wconf 84' lang='grc' dir='ltr'>τῶν</span> <span class='ocrx_word' id='word_1_818' title='bbox 3297 5187 3362 5254; x_wconf 83' lang='grc' dir='ltr'>τῇ</span> <span class='ocrx_word' id='word_1_819' title='bbox 3384 5185 3548 5254; x_wconf 71' lang='grc' dir='ltr'>πείρᾳ</span> <span class='ocrx_word' id='word_1_820' title='bbox 3569 5199 3772 5256; x_wconf 81' lang='grc' dir='ltr'>γνωρι-</span> 
     </span>
    </p>
   </div>
   <div class='ocr_carea' id='block_1_108' title="bbox 2201 5273 3772 5344">
    <p class='ocr_par' dir='ltr' id='par_1_108' title="bbox 2201 5273 3772 5344">
     <span class='ocr_line' id='line_1_108' title="bbox 2201 5273 3772 5344; baseline -0.001 -18"><span class='ocrx_word' id='word_1_821' title='bbox 2201 5273 2438 5344; x_wconf 85' lang='grc' dir='ltr'>ζομένων</span> <span class='ocrx_word' id='word_1_822' title='bbox 2467 5274 2526 5326; x_wconf 84' lang='grc' dir='ltr'>τὸ</span> <span class='ocrx_word' id='word_1_823' title='bbox 2557 5275 2813 5344; x_wconf 81' lang='grc' dir='ltr'>κήρυγμα</span> <span class='ocrx_word' id='word_1_824' title='bbox 2839 5275 3109 5344; x_wconf 82' lang='grc' dir='ltr'>περιέχειν</span> <span class='ocrx_word' id='word_1_825' title='bbox 3135 5275 3230 5344; x_wconf 82' lang='grc' dir='ltr'><strong>τῆς</strong></span> <span class='ocrx_word' id='word_1_826' title='bbox 3257 5273 3772 5336; x_wconf 72' lang='grc' dir='ltr'>ἀναστάσεως.1(αί-</span> 
     </span>
    </p>
   </div>
   <div class='ocr_carea' id='block_1_109' title="bbox 2201 5365 3767 5436">
    <p class='ocr_par' dir='ltr' id='par_1_109' title="bbox 2201 5365 3767 5436">
     <span class='ocr_line' id='line_1_109' title="bbox 2201 5365 3767 5436; baseline -0.003 -18"><span class='ocrx_word' id='word_1_827' title='bbox 2201 5382 2342 5433; x_wconf 86' lang='grc' dir='ltr'>τοιγε</span> <span class='ocrx_word' id='word_1_828' title='bbox 2373 5365 2432 5417; x_wconf 82' lang='grc' dir='ltr'><strong>τὸ</strong></span> <span class='ocrx_word' id='word_1_829' title='bbox 2457 5365 2873 5435; x_wconf 83' lang='grc' dir='ltr'>γνωριμώτατον</span> <span class='ocrx_word' id='word_1_830' title='bbox 2909 5365 3016 5417; x_wconf 78' lang='grc' dir='ltr'>τῶν</span> <span class='ocrx_word' id='word_1_831' title='bbox 3046 5365 3323 5436; x_wconf 83' lang='grc' dir='ltr'>ἡμετέρων</span> <span class='ocrx_word' id='word_1_832' title='bbox 3357 5365 3767 5434; x_wconf 82' lang='grc' dir='ltr'>ὲσιωπήσαμεν,</span> 
     </span>
    </p>
   </div>
   <div class='ocr_carea' id='block_1_110' title="bbox 2201 5455 3766 5528">
    <p class='ocr_par' dir='ltr' id='par_1_110' title="bbox 2201 5455 3766 5528">
     <span class='ocr_line' id='line_1_110' title="bbox 2201 5455 3766 5528; baseline -0.001 -19"><span class='ocrx_word' id='word_1_833' title='bbox 2201 5457 2365 5527; x_wconf 82' lang='grc' dir='ltr'>αὐτὴν</span> <span class='ocrx_word' id='word_1_834' title='bbox 2393 5457 2536 5525; x_wconf 88' lang='grc' dir='ltr'>λέγω</span> <span class='ocrx_word' id='word_1_835' title='bbox 2559 5457 2654 5527; x_wconf 85' lang='grc' dir='ltr'>τὴν</span> <span class='ocrx_word' id='word_1_836' title='bbox 2697 5457 2915 5528; x_wconf 82' lang='grc' dir='ltr'>πρώτην</span> <span class='ocrx_word' id='word_1_837' title='bbox 2947 5457 3043 5526; x_wconf 79' lang='grc' dir='ltr'>τῆς</span> <span class='ocrx_word' id='word_1_838' title='bbox 3073 5457 3378 5519; x_wconf 84' lang='grc' dir='ltr'>συστάσεως</span> <span class='ocrx_word' id='word_1_839' title='bbox 3406 5455 3560 5526; x_wconf 78' lang='grc' dir='ltr'>ἡμῶν</span> <span class='ocrx_word' id='word_1_840' title='bbox 3589 5457 3766 5526; x_wconf 83' lang='grc' dir='ltr'>ἀφορ-</span> 
     </span>
    </p>
   </div>
   <div class='ocr_carea' id='block_1_111' title="bbox 2206 5545 3768 5621">
    <p class='ocr_par' dir='ltr' id='par_1_111' title="bbox 2206 5545 3768 5621">
     <span class='ocr_line' id='line_1_111' title="bbox 2206 5545 3768 5621; baseline -0.001 -20"><span class='ocrx_word' id='word_1_841' title='bbox 2206 5553 2330 5620; x_wconf 87' lang='grc' dir='ltr'>μήν.</span> <span class='ocrx_word' id='word_1_842' title='bbox 2359 5551 2453 5613; x_wconf 83' lang='grc' dir='ltr'>Τίς</span> <span class='ocrx_word' id='word_1_843' title='bbox 2475 5550 2580 5621; x_wconf 78' lang='grc' dir='ltr'><strong>γάρ</strong></span> <span class='ocrx_word' id='word_1_844' title='bbox 2603 5551 2702 5602; x_wconf 80' lang='grc' dir='ltr'><strong>οὐκ</strong></span> <span class='ocrx_word' id='word_1_845' title='bbox 2723 5545 2828 5602; x_wconf 78' lang='grc' dir='ltr'>οἶδε</span> <span class='ocrx_word' id='word_1_846' title='bbox 2847 5550 2944 5619; x_wconf 81' lang='grc' dir='ltr'>τὴν</span> <span class='ocrx_word' id='word_1_847' title='bbox 2969 5549 3389 5620; x_wconf 84' lang='grc' dir='ltr'>Θαυματοποιίαν</span> <span class='ocrx_word' id='word_1_848' title='bbox 3408 5549 3506 5618; x_wconf 80' lang='grc' dir='ltr'><strong>τῆς</strong></span> <span class='ocrx_word' id='word_1_849' title='bbox 3532 5547 3768 5616; x_wconf 83' lang='grc' dir='ltr'>φύσεως,</span> 
     </span>
    </p>
   </div>
   <div class='ocr_carea' id='block_1_112' title="bbox 2204 5639 3766 5714">
    <p class='ocr_par' dir='ltr' id='par_1_112' title="bbox 2204 5639 3766 5714">
     <span class='ocr_line' id='line_1_112' title="bbox 2204 5639 3766 5714; baseline -0.002 -20"><span class='ocrx_word' id='word_1_850' title='bbox 2204 5641 2256 5694; x_wconf 88' lang='grc' dir='ltr'><strong>τί</strong></span> <span class='ocrx_word' id='word_1_851' title='bbox 2301 5641 2600 5713; x_wconf 75' lang='grc' dir='ltr'>λαϐοῦσαὴ</span> <span class='ocrx_word' id='word_1_852' title='bbox 2651 5641 2874 5712; x_wconf 77' lang='grc' dir='ltr'>μητρῷα</span> <span class='ocrx_word' id='word_1_853' title='bbox 2909 5641 3102 5711; x_wconf 76' lang='grc' dir='ltr'>νηδὺς,</span> <span class='ocrx_word' id='word_1_854' title='bbox 3153 5642 3206 5694; x_wconf 84' lang='grc' dir='ltr'><strong>τί</strong></span> <span class='ocrx_word' id='word_1_855' title='bbox 3251 5640 3651 5714; x_wconf 50' lang='lat' dir='ltr'><strong>dicamdicam;</strong></span> <span class='ocrx_word' id='word_1_856' title='bbox 3695 5639 3766 5691; x_wconf 81' lang='grc' dir='ltr'><strong>Ἦ</strong></span> 
     </span>
    </p>
   </div>
  </div>
