3996 6482
253 341 356 395 9.29

1468 348 1556 402 DE
1595 348 1878 404 HOMINIS
1913 349 2227 407 OPIFlClO.

3387 351 3492 405 9.50

253 459 351 528 οὐχ
377 460 510 532 ὁρᾷς
539 461 687 522 ὅπως
735 457 936 513 ἀπλοῦν
977 460 1174 532 τρόπον
1203 461 1322 515 τινὰ
1343 502 1356 527 ,
1387 464 1482 515 καὶ
1507 465 1823 536 ὁμοιομερές

1931 474 2015 521 tas
2048 467 2332 521 habemus.
2379 465 2700 534 Quanquam
2737 463 2983 533 profecto
3044 463 3190 533 quod
3237 463 3292 518 in
3333 465 3490 521 nobis

254 553 371 605 ἐστι
398 553 458 605 τὸ
487 553 565 614 είς
593 551 843 621 ἀφορμὴν
867 551 963 621 τῆς
989 553 1296 616 συστάσεως
1319 552 1411 605 τοῦ
1445 552 1692 624 σώματος
1711 559 1824 618 τοῖς

255 642 580 712 ρπλάγχνοις
635 642 1138 710 καταϐαλλόμενον;
1196 644 1293 713 τὴν
1331 645 1387 696 δὲ
1429 645 1692 698 ποικιλίαν
1729 648 1822 700 τοῦ

254 733 795 802 κατασκευαζομένου
841 732 1210 803 συγκρίματος
1257 734 1339 796 τίς
1387 734 1539 802 λόγος
1577 736 1823 808 ἐκδιηγή.

254 841 406 878 σεται
426 824 558 888 ;’Τίς
590 824 633 875 δ’
666 824 731 877 ἂν
769 823 842 894 μὴ
879 827 945 894 τῇ
983 827 1132 894 κοινῇ
1165 823 1323 892 φύσει
1365 825 1424 877 τὸ
1453 827 1688 880 τοιοῦτον
1718 846 1821 898 μα·-

252 915 382 978 Θὼν,
416 915 636 969 δυνατόν
660 917 921 985 ἡγήσαιτο
949 915 1007 967 τὸ
1031 917 1332 984 γινόμενον,
1362 918 1442 969 ὄτι
1469 917 1530 970 τὸ
1562 918 1732 989 βραχύ
1761 937 1820 972 τε

251 1008 348 1060 καὶ
407 1009 521 1060 ἀντ’
573 1008 781 1070 οὐδενὸς
829 1009 1004 1061 ἐκεῖνο
1051 1007 1144 1060 τοῦ
1196 1009 1446 1062 τοσούτου
1503 1012 1823 1083 πράγματός

250 1099 399 1150 ἐστιν
428 1097 600 1168 ἀρχή;
636 1097 776 1166 μέγα
808 1097 863 1149 δέ
895 1114 1053 1166 φημι,
1083 1099 1144 1150 οὐ
1177 1099 1336 1168 μόνον
1362 1101 1439 1164 είς
1467 1103 1565 1170 τὴν
1597 1103 1735 1155 κατὰ
1763 1103 1822 1154 τὸ

251 1189 410 1258 σῶμα
438 1189 646 1258 βλέπων
672 1188 1102 1250 διάπλασιν,ἀλλ’
1132 1189 1159 1241 ὂ
1188 1190 1293 1258 πρὸ
1317 1190 1503 1243 τούτου
1527 1192 1820 1262 θαυμάζειν

249 1275 421 1339 ἄξιον,
453 1276 620 1346 αὐτὴν
663 1275 805 1344 λέγω
856 1275 954 1346 τὴν
984 1275 1178 1346 ψυχὴν,
1230 1280 1322 1330 καὶ
1366 1277 1435 1331 τὰ
1486 1282 1612 1352 περὶ
1653 1282 1819 1353 αὐτὴν

250 1367 616 1436 θεωρούμενα.

1930 560 2362 615 illustrissimum
2429 567 2536 622 est,
2571 559 2792 613 silentio
2861 560 3261 629 praeteriimus;
3312 561 3489 628 ipsum

1928 652 2140 706 scilicet
2172 653 2227 705 in
2253 649 2414 706 nobis
2438 650 2737 706 exsistcndi
2780 652 3131 720 principium.
3171 650 3306 704 Nam
3355 653 3481 721 quis

1926 742 2270 798 aﬂectionem
2293 751 2499 796 natura!
2515 742 2891 797 admirandam
2923 743 3161 812 ignorat,
3179 745 3309 814 quid
3329 745 3491 796 nimi-

1925 847 2047 884 rum
2073 833 2226 886 alvus
2262 839 2508 886 materna
2553 832 2752 900 capiat,
2789 841 2844 886 et
2877 833 3005 902 quid
3052 831 3119 887 de
3156 848 3221 886 eo
3251 832 3492 888 eﬂiciat?

1922 921 2006 975 An
2044 937 2152 976 non
2183 921 2335 978 vides
2365 939 2530 992 quam
2575 925 2645 978 sit
2674 923 2914 992 quodam
2945 923 3107 976 modo
3139 924 3388 992 simplex,
3438 935 3492 979 et

1925 1029 2090 1082 quam
2126 1014 2351 1068 minime
2395 1015 2642 1078 mistum,
2695 1014 2896 1084 quippe
2945 1013 3090 1083 quod
3126 1014 3490 1070 dissimilibus

1925 1115 2119 1160 natura
2155 1107 2402 1175 partibus
2436 1123 2543 1161 non
2573 1116 2807 1170 constet,
2845 1108 2991 1177 quod
3020 1110 3285 1162 maternis
3314 1109 3366 1162 in
3400 1109 3489 1162 vi-

1927 1197 2175 1252 sceribus
2212 1197 2522 1268 deponitur,
2561 1206 2620 1252 ut
2648 1215 2709 1253 ex
2741 1214 2806 1253 eo
2832 1213 3034 1267 corpus
3073 1199 3310 1253 hominis
3355 1214 3490 1253 con-

1925 1290 2209 1342 stituatur?
2229 1292 2298 1342 At
2322 1305 2440 1359 qua:
2463 1290 2676 1345 tandem
2707 1290 2881 1342 oratio
2900 1290 3225 1359 explicando
3250 1292 3453 1344 varieta
3467 1320 3488 1329 -

1925 1388 2036 1432 tem
2068 1382 2344 1452 compagis
2377 1382 2571 1451 ipsius,
2607 1397 2729 1450 quae
2759 1393 3004 1450 paratur,
3036 1383 3300 1436 enarrat?
3333 1381 3488 1446 Quis.

249 1461 503 1522 obsecro,
537 1461 646 1514 lieri
672 1475 832 1530 posse
865 1468 1100 1530 putaret,
1132 1463 1179 1515 si
1218 1463 1332 1517 haec
1378 1465 1654 1518 communi
1705 1475 1914 1524 natura:
1945 1473 2113 1528 ductu
2149 1485 2434 1546 perspecta
2472 1493 2577 1530 non
2612 1477 2858 1540 haberet,
2893 1485 2951 1530 ut
2986 1478 3240 1546 exiguum
3268 1476 3400 1531 illud
3427 1491 3493 1530 ac

251 1569 421 1623 prope
468 1553 670 1606 nullius
702 1555 982 1617 momenti,
1037 1562 1143 1607 tam
1172 1556 1357 1609 eximii
1407 1559 1586 1626 operis
1619 1560 1943 1632 principium
1976 1566 2161 1623 foret?
2208 1571 2392 1624 eximii
2445 1571 2590 1632 dico,
2640 1585 2745 1624 non
2779 1572 2844 1622 ad
2875 1571 3120 1640 corporis
3149 1570 3323 1624 solum
3355 1583 3493 1621 cou-

226 1646 632 1698 ’Ῐοτηιίηίοηθω
685 1645 1003 1714 rapide“:
1038 1647 1133 1701 sed
1161 1649 1228 1701 ad
1263 1650 1438 1719 ipsum
1470 1651 1630 1705 etiam
1661 1655 1921 1722 animum,
1955 1669 2009 1715 et
2042 1678 2162 1732 quae
2197 1665 2378 1718 animo
2409 1664 2782 1727 continentur,
2806 1663 3023 1733 quando
3053 1663 3142 1717 hic
3168 1663 3341 1716 multo
3372 1677 3461 1715 ma
3489 1698 3494 1702 -

248 1740 332 1807 gis
364 1739 774 1792 admirationem
809 1748 1064 1794 meretur.

786 1831 1178 1886 ΚΕΦΑΛΑΙΟΝ
1208 1833 1319 1887 KH’
1329 1873 1343 1888 .

245 1925 399 1998 Πρὸς
455 1924 594 1990 τοὺς
635 1923 924 1998 ,ᾅέγοντας
973 1925 1420 1998 προϋφεστάναι
1467 1928 1571 1994 τὰς
1621 1929 1824 1998 ψυχὰς

316 1995 438 2068 τῷν
488 1994 811 2068 Ῠσωμάτωξο,
841 2067 845 2068 7
877 1994 914 2060 ἢ
964 1997 1028 2068 τὸ
1069 1995 1330 2068 ἔμπαλιν
1385 2000 1505 2068 ,πρὸ
1535 1994 1669 2068 35.5»
1710 1994 1826 2068 in)?

317 2065 444 2134 χῶν
474 2065 911 2118 διαπεπλᾱσθαι
943 2066 1012 2118 τὰ
1060 2062 1320 2133 σώματα.
1384 2062 1479 2118 Ἑν
1523 2062 1570 2134 ᾦ
1612 2087 1700 2134 τις
1718 2062 1823 2122 καὶ

317 2135 624 2258 ἀνττροπὴ
663 2134 770 2202 τῆς
798 2134 949 2187 κατὰ
979 2137 1083 2199 τὰς
1120 2134 1614 2206 μετεμψνυχώσεις
1638 2143 1825 2208 μυθο-

317 2224 415 2258 ,τοι
445 2224 536 2258 ac.

317 2224 536 2270 ποιιας.

319 2299 472 2367 Τάχα
493 2295 600 2367 γὰρ
628 2297 726 2349 οὐκ
754 2294 856 2359 ἔξω
880 2295 978 2364 τῆς
1009 2297 1375 2368 προκειμένης
1404 2301 1535 2370 ἡμῖν
1569 2317 1825 2371 πραγμα-

243 2390 396 2450 τείας
423 2389 562 2452 ὲστὶ,
611 2388 671 2440 τὺ
697 2387 1000 2451 διεξετάσαι
1023 2377 1086 2439 τὸ
1113 2389 1579 2461 ἀμφιϐαλλόμενον
1618 2394 1674 2445 ὲν
1704 2395 1824 2455 ταῖς

244 2480 563 2550 ἐκκλησίαις
594 2478 721 2548 περὶ
748 2479 921 2549 ψυχῆς
952 2495 1007 2531 τε
1032 2481 1125 2533 καὶ
1153 2479 1418 2551 σώματος.
1441 2483 1565 2545 Τοῖς
1599 2483 1694 2552 μὲν
1715 2482 1822 2552 γὰρ

244 2572 353 2624 τῶν
385 2570 490 2640 πρὸ
534 2569 692 2640 ἡμῶν
724 2569 888 2630 δοκεῖ,
935 2563 1013 2632 οἷς
1052 2569 1080 2620 ὁ
1112 2572 1249 2638 Περὶ
1283 2571 1400 2624 τῶν
1425 2571 1625 2640 ἀρχῶν
1651 2574 1823 2644 ἐπρα-

244 2663 529 2733 γματεύθη
554 2663 730 2729 λόγος,
759 2662 1002 2731 καθάπερ
1021 2661 1145 2714 τινὰ
1169 2663 1336 2733 δῆμον
1357 2667 1412 2716 ἐν
1439 2663 1712 2738 ίδιαζούσῃ
1732 2682 1825 2718 πο-

246 2757 424 2827 λιτεία
471 2757 568 2818 τὰς
597 2755 774 2825 ψυχὰς
816 2755 1217 2825 προϋφεστάναι
1269 2755 1464 2823 λέγειν.
1503 2758 1824 2827 Προκεῖσθαι

245 2848 303 2900 δὲ
331 2849 492 2900 κάκεῖ
512 2848 577 2901 τά
587 2863 647 2899 τε
659 2847 757 2916 τῆς
771 2847 967 2912 κακίας
992 2849 1200 2918 καὶτῆς
1216 2850 1414 2920 ἀρετῆς
1433 2849 1819 2918 ὑποδείγματα.

248 2940 362 2992 Καὶ
390 2939 804 3008 παραμένουσαν
835 2939 932 3009 μὲν
971 2941 1028 2992 ἐν
1073 2939 1151 3010 τῷ
1183 2940 1331 3010 καλῷ
1366 2942 1464 3010 τὴν
1502 2941 1697 3009 ψυχὴν,
1727 2940 1825 3008 τῆς

249 3031 390 3100 πρὸς
432 3031 492 3084 τὸ
539 3030 695 3100 σῶμα
733 3032 1051 3102 συμπλοκῆς
1089 3033 1264 3103 μένειν
1298 3033 1622 3103 ἀπείρατονο
1680 3034 1727 3084 εί
1770 3032 1823 3084 δὲ

248 3123 348 3176 καὶ
395 3124 640 3194 ἀπορρυῇ
688 3123 785 3192 τῆς
822 3123 916 3175 τοῦ
959 3125 1163 3192 ἀγαθοῦ
1219 3126 1524 3196 μετουσίας,
1557 3125 1690 3195 πρὸς
1732 3124 1823 3177 τὸν

246 3215 377 3284 τῇδε
410 3214 522 3283 βίον
554 3215 996 3282 κατολισθαίνειν,
1035 3219 1126 3270 καὶ
1147 3216 1316 3280 οὕτως
1342 3219 1398 3270 ὲν
1435 3217 1647 3286 σώματι
1677 3217 1824 3285 γίνε-

250 3307 398 3360 σθαι.
425 3306 549 3359 Ἕτε
562 3324 641 3377 ροι
672 3307 728 3359 δὲ
754 3310 818 3377 τῇ
851 3310 990 3360 κατά
1013 3309 1102 3360 τὸν
1129 3309 1331 3361 Μωσέα
1355 3307 1504 3373 τάξει
1537 3309 1636 3378 τῆς
1668 3327 1827 3361 κατα-

252 3403 455 3469 σκευῆς
499 3399 594 3451 τοῦ
632 3399 918 3469 ἀνθρώπου
970 3402 1344 3470 προσέχοντες,
1382 3401 1640 3470 δευτέραν
1690 3398 1825 3454 εἶναι

248 3493 348 3560 τὴν
397 3491 571 3562 ψυχὴν
625 3490 718 3543 τοῦ
761 3491 1008 3561 σώματος
1063 3493 1202 3545 κατά
1253 3491 1344 3546 τὸν
1403 3495 1590 3564 χρόνον
1639 3494 1823 3562 φασίν.

263 3581 484 3652 Ἐπειδὴ
534 3580 748 3650 πρῶτον
798 3579 973 3633 λαϐὼν
1025 3583 1053 3634 ὁ
1085 3582 1216 3644 Θεὸς
1263 3583 1388 3654 χοῦν
1423 3584 1532 3637 ἀπὸ
1573 3585 1671 3654 τῆς
1697 3584 1822 3653 γῆς,

249 3674 455 3741 ἔπλασε
501 3674 590 3726 τὸν
633 3673 944 3745 ἄνθρωπον·
979 3671 1078 3728 εἷθ’
1123 3674 1293 3738 οὕτως
1323 3676 1569 3747 ὲψύχωσε
1618 3676 1705 3729 διὰ
1731 3677 1824 3730 τοῦ

251 3767 664 3836 ἐμφυσήματος.
729 3765 838 3817 Καὶ
886 3765 1058 3835 τούτῳ
1111 3765 1189 3836 τῷ
1233 3767 1375 3838 λόγῳ
1431 3769 1824 3839 προτιμοτέραν

250 3857 664 3911 ἀποδεικνύουσι
686 3858 783 3927 τῆς
809 3857 984 3928 ψυχῆς
1008 3860 1105 3930 τὴν
1136 3861 1334 3932 σάρκα,
1363 3862 1462 3930 τῆς
1491 3865 1826 3933 ὲπεισκρινο-

252 3951 426 4020 μένης
468 3949 567 4019 τὴν
601 3949 1198 4020 προδιαπεπλασμένην.
1233 3953 1462 4022 Λέγουσι
1501 3955 1608 4023 γὰρ
1653 3953 1740 4008 διὰ
1765 3957 1825 4008 τὸ

254 4046 417 4114 σῶμα
444 4045 540 4114 τὴν
576 4043 752 4114 ψυχὴν
790 4044 1062 4112 γενέσθαι,
1111 4047 1185 4108 ὡς
1211 4046 1278 4100 ἂν
1312 4047 1386 4118 μὴ
1413 4049 1613 4102 ἄπνουν
1638 4065 1697 4101 τε
1733 4051 1825 4102 καὶ

249 4138 509 4207 ἀκίνητον
542 4135 624 4206 εἴη
649 4136 708 4187 τὸ
736 4135 977 4206 πλάσμα.
1014 4139 1127 4190 Πᾶν
1151 4139 1206 4190 δὲ
1233 4139 1294 4191 τὸ
1321 4139 1407 4192 διά
1439 4157 1491 4191 τι
1525 4143 1822 4210 γινόμενον,

249 4231 580 4300 ἀτιμότερον
626 4228 841 4291 πάντως
873 4230 988 4281 ἐστὶ
1018 4231 1110 4282 τοῦ
1143 4230 1208 4282 δι’
1236 4231 1263 4282 ὃ
1294 4230 1523 4296 γίνεται.
1556 4231 1750 4296 Καθὼς
1766 4233 1826 4286 τὸ

253 4321 587 4390 Εὑαγγέλιον
640 4321 816 4389 λέγει,
869 4322 948 4375 ὅτι
1000 4322 1180 4375 πλεῖόν
1231 4324 1346 4376 ἐστι
1393 4324 1492 4394 τῆς
1537 4325 1742 4395 τροφῆς
1791 4327 1823 4396 ή

251 4411 432 4480 ψυχὴ,
491 4411 584 4463 καὶ
627 4411 688 4462 τὸ
743 4411 899 4480 σῶμα
942 4411 1034 4463 τοῦ
1071 4410 1394 4481 ἐνδύματος,
1439 4411 1570 4464 διότι
1621 4411 1824 4465 τούτων

2453 1840 2680 1896 CAPUT
2727 1839 2963 1894 XXVIII.

1925 1930 2186 1985 Adversus
2219 1948 2306 1985 eos
2337 1933 2426 2002 qui
2459 1934 2662 1986 animos
2698 1943 2818 1985 ante
2849 1948 3070 2000 corpora
3103 1933 3319 1985 tradunt
3347 1935 3489 1988 exsi-

1995 2012 2161 2066 stere,
2201 2003 2276 2056 rel
2307 2012 2521 2072 contra,
2563 2019 2784 2072 corpora
2875 2004 3180 2072 priusquam
3255 2005 3486 2068 animos,

1991 2088 2103 2126 esse
2132 2073 2365 2125 condita.
2404 2071 2626 2125 Fabulis
2656 2071 2832 2125 etiam
2879 2083 3225 2126 consentanea
3265 2075 3327 2128 de
3373 2077 3492 2127 ani-

1995 2159 2202 2196 morum
2236 2143 2636 2212 migrationibus
2668 2143 2911 2195 doctrina
2940 2144 3208 2196 evertitur.

1995 2303 2270 2359 Fortassis
2297 2305 2440 2359 enim
2470 2305 2537 2360 ab
2567 2305 2816 2358 instituto
2845 2318 3095 2359 sermone
3117 2303 3350 2358 alienum
3381 2321 3489 2358 non

1927 2398 2122 2462 fuerit,
2158 2399 2203 2452 si
2243 2399 2296 2451 in
2333 2398 2419 2462 id,
2456 2399 2599 2468 quod
2632 2397 2699 2452 de
2727 2397 2910 2450 animo
2937 2405 2992 2451 et
3027 2411 3254 2466 corpore
3289 2399 3489 2466 passim

1926 2491 1982 2544 in
2029 2489 2279 2544 ecclesiis
2326 2489 2776 2562 controvertitur,
2835 2489 3197 2557 inquiramus.
3254 2488 3488 2554 Quidam

1925 2581 2072 2637 enim
2114 2580 2414 2649 superioris
2453 2579 2729 2634 memoriaa
2767 2579 3018 2634 doctores
3041 2619 3054 2638 .
3092 2579 3184 2648 qui
3216 2595 3492 2634 commen-

1923 2673 2092 2726 tarios
2124 2670 2210 2732 De;
2229 2672 2498 2740 principiis
2539 2671 2906 2740 scripserunt.
2947 2671 3159 2725 animos
3208 2671 3489 2725 hominum

1922 2759 2080 2830 quasi
2111 2761 2400 2828 quamdam
2438 2762 2711 2815 nationem
2733 2803 2747 2826 ,
2781 2775 3024 2814 seorsum
3057 2760 3289 2830 quadam
3324 2761 3377 2814 in
3411 2777 3494 2814 re-

1927 2852 2146 2922 publica
2184 2852 2450 2907 exsistere
2490 2852 2646 2921 Ionge
2680 2859 2805 2905 ante
2839 2865 3071 2920 corpora
3105 2851 3347 2904 tradunt.
3385 2851 3493 2905 Ibi-

1924 2943 2046 2996 dem
2081 2943 2161 2997 eis
2194 2957 2317 2995 cum
2347 2942 2607 2995 vitiorum
2642 2950 2755 2995 tum
2803 2942 3022 2997 virtutis
3052 2957 3174 2996 esse
3209 2943 3494 3011 proposita

1923 3035 2192 3104 exempla.
2232 3032 2296 3086 Et
2330 3034 2545 3088 animos
2577 3033 2795 3103 quidem
2832 3041 3150 3086 constanter
3187 3033 3408 3087 virtutis
3441 3043 3495 3087 et

1927 3127 2144 3181 honesti
2179 3125 2360 3180 studio
2395 3124 2646 3189 deditos,
2683 3126 2841 3194 plane
2869 3139 2993 3178 cum
3029 3125 3352 3193 corpOribus
3385 3139 3494 3179 non

1928 3219 2192 3288 copulari.
2231 3217 2326 3271 Sin
2361 3226 2541 3271 autem
2596 3217 2724 3270 boni
2770 3216 2953 3269 fructu
3003 3223 3057 3269 et
3109 3214 3495 3284 conjunctione

1925 3312 2211 3377 excidant,
2246 3319 2360 3365 tum
2404 3311 2615 3365 scilicet
2642 3325 2736 3365 eos
2766 3309 2820 3362 in
2856 3309 2996 3362 hanc
3030 3309 3195 3360 vitam
3240 3308 3445 3377 prolabi
3475 3349 3487 3370 ,

1923 3413 1977 3460 et
2011 3405 2066 3458 in
2096 3419 2326 3474 corpora
2361 3403 2466 3457 hoc
2503 3411 2662 3472 pacto
2693 3402 2931 3455 immitti.
2967 3401 3074 3453 Alii
3103 3409 3295 3454 contra
3333 3399 3492 3454 seriei

1924 3496 2252 3558 creationis,
2306 3510 2411 3565 qua
2464 3494 2733 3547 formatus
2763 3500 2846 3546 est
2880 3492 3073 3552 homo,
3122 3505 3153 3543 a
3199 3489 3346 3543 Mose
3395 3489 3491 3544 de-

1924 3589 2142 3658 scripta:
2171 3585 2521 3649 inhaarendo,
2573 3586 2812 3638 animum
2863 3597 3093 3652 corpore
3143 3588 3264 3634 ortu
3315 3590 3494 3650 postc-

1924 3680 2125 3734 riurem
2185 3695 2309 3734 esse
2365 3677 2536 3731 aiunt.
2600 3676 2764 3730 Deum
2819 3690 3053 3743 namque
3103 3682 3495 3728 commemorat

1925 3773 2102 3828 Moses
2136 3772 2369 3842 primum
2404 3770 2471 3824 de
2503 3778 2648 3822 terra
2684 3777 2901 3836 sumpto
2954 3767 3174 3835 pulvere
3219 3764 3492 3819 hominem

1926 3865 2180 3927 tinxisse,
2216 3862 2413 3916 deinde
2454 3877 2549 3930 per
2593 3858 3002 3928 iuspirationem
3039 3856 3277 3909 animum
3309 3855 3358 3911 ci
3405 3855 3493 3908 in-

1924 3957 2127 4011 didisse
2157 3957 2223 4007 ’7.
2260 3953 2370 4008 Hac
2402 3955 2478 4007 illi
2513 3953 2723 4007 ratione
2753 3950 3181 4021 praestantiorem
3218 3965 3340 4004 esse
3369 3949 3492 4003 ani-

1925 4065 2015 4102 mo
2041 4062 2259 4101 carnem
2294 4048 2525 4115 probare
2556 4054 2846 4107 conantur,
2886 4042 2976 4110 qui
3019 4040 3171 4093 carni
3215 4039 3326 4109 jam
3367 4048 3494 4094 ante

1925 4147 2122 4193 creata:
2152 4139 2221 4191 sit
2269 4137 2494 4190 inditus.
2535 4136 2700 4188 Aiunt
2745 4134 2924 4194 enim,
2971 4132 3210 4186 animum
3245 4133 3494 4200 corporis

1925 4244 2090 4284 causa
2123 4230 2322 4282 factum
2355 4241 2476 4280 esse
2497 4265 2511 4288 ,
2543 4242 2609 4280 ne
2640 4239 2778 4294 opus
2808 4225 2912 4277 hoc
2942 4222 3034 4276 Dei
3065 4238 3095 4276 a
3125 4222 3489 4290 respiratione

1925 4334 1987 4373 ac
2038 4326 2186 4371 motu
2238 4318 2644 4371 destitueretur.
2697 4313 2970 4382 Quidquid
3031 4319 3212 4365 autem
3265 4312 3493 4365 alterius

1927 4424 2092 4464 causa
2121 4410 2210 4461 ﬁat
2233 4446 2248 4470 ,
2280 4408 2372 4461 illo
2400 4423 2520 4461 esse
2550 4405 2690 4459 haud
2724 4404 2884 4458 dubie
2913 4403 3074 4457 vilius
3099 4442 3113 4465 ,
3146 4402 3303 4471 cujus
3329 4415 3494 4457 causa

247 4503 437 4556 1ἕνεκεν
465 4505 666 4558 ἐκεῖνα.
724 4503 796 4554 Οὐ
833 4501 940 4574 γὰρ
975 4503 1062 4554 διὰ
1090 4503 1186 4573 τὴν
1219 4502 1422 4573 τροφὴν
1449 4505 1480 4573 ἡ
1509 4503 1675 4574 ψυχὴ,
1703 4505 1821 4557 οὐδὲ

1927 4500 2268 4554 instituatur.
2308 4497 2575 4551 Nimirum
2621 4503 2674 4550 et
2710 4497 2761 4548 in
2797 4495 3090 4564 Evangelio
3120 4495 3491 4548 ratiocinatio-

247 4591 345 4648 τοῦ
377 4592 669 4662 ἐνδύματος
687 4593 844 4663 χάριν
875 4594 1279 4663 κατεσκευάσθη
1317 4594 1380 4646 τὰ
1415 4593 1660 4663 σώματα,
1693 4595 1828 4650 ἀλλὰ

247 4683 459 4737 τούτων
502 4684 688 4745 ὄντων,
714 4686 893 4738 ἐκεῖνα
928 4684 1012 4736 διὰ
1043 4684 1138 4754 τὴν
1178 4685 1361 4756 χρείαν
1394 4686 1822 4758 προσεξηυρέθη.

262 4776 422 4828 Ἐπεὶ
463 4771 553 4828 οὖν
605 4778 663 4828 ὲν
710 4776 1045 4846 ἀμφοτέραις
1088 4778 1206 4839 ταῖς
1237 4776 1565 4844 ὑπολήψεσιν
1610 4780 1638 4829 ό
1670 4778 1826 4846 λόγος

249 4869 525 4930 ὑπαίτιος,
557 4867 663 4919 τῶν
691 4885 747 4920 τε
773 4866 1139 4938 προϐιοτεύειν
1163 4867 1258 4930 τὰς
1288 4867 1464 4936 ψυχὰς
1497 4871 1553 4920 ὲν
1592 4869 1696 4939 ἰδία
1719 4869 1826 4921 τινὶ⁹

250 4960 586 5012 καταστάσει
635 4958 1100 5029 μυθολογούντων,
1153 4960 1382 5012 καὶτῶν
1433 4960 1662 5028 ὑστέρας
1714 4959 1825 5012 τῶν

249 5051 524 5120 σωμάτων
545 5049 1038 5112 κατασκευάζεσθαι
1062 5050 1387 5121 νομιζόντων
1405 5068 1418 5080 ·
1443 5051 1734 5118 ἀναγκαῖον
1758 5051 1824 5104 ἂν

247 5143 339 5212 εἴη
373 5143 539 5213 μηδὲν
569 5142 674 5194 τῶν
720 5143 1024 5211 λεγομένων
1069 5145 1124 5195 ὲν
1160 5147 1271 5206 τοῖς
1303 5143 1530 5214 δόγμασι
1567 5143 1824 5214 περιιδεῖν

247 5233 630 5296 ἀνεξέταστον.
676 5233 832 5286 Ἀλλά
855 5234 914 5285 τὸ
949 5235 1045 5302 μὲν
1071 5233 1134 5286 δι’
1169 5233 1451 5303 ἀκριϐείας
1479 5235 1604 5296 τοὺς
1641 5232 1826 5285 ἑκατέ-

251 5325 428 5396 ρωθεν
451 5324 747 5396 γυμνάζειν
769 5325 977 5394 λόγους,
1007 5325 1097 5378 καὶ
1136 5325 1314 5387 πάσας
1344 5325 1703 5377 ἐκκαλύπτειν
1727 5325 1824 5386 τὰς

248 5417 579 5486 ὲγκειμένας
640 5416 868 5480 ἀτοπίας
916 5419 1036 5478 ταῖς
1083 5415 1419 5486 ὑπολήψεσι,
1486 5416 1695 5488 μακροῦ
1758 5417 1824 5470 ἂν

244 5508 425 5560 δέοιτο
461 5508 556 5560 καὶ⁸
586 5507 776 5580 χρόνου
816 5510 910 5562 καὶ
947 5508 1123 5575 λόγουο
1187 5508 1252 5560 δι’
1291 5508 1486 5577 ὀλίγων
1525 5509 1600 5570 δὲ,
1643 5508 1825 5572 καθώς

245 5599 368 5654 ἐστι
401 5599 645 5662 δυνατὸν,
682 5599 936 5670 ἑκάτερον
973 5597 1080 5651 τῶν
1112 5599 1414 5669 εἰρημένων
1455 5598 1825 5669 ἐπισκεψάμε-

357 5776 401 5805 ⁹⁷
443 5774 577 5828 (ινη.
613 5792 665 5836 ιι,
704 5775 748 5830 7.

1926 4608 2050 4646 nem
2082 4588 2397 4660 hujusmodi
2429 4588 2717 4657 quamdam
2748 4601 2900 4648 esse,
2951 4600 3074 4638 cum
3121 4584 3338 4638 animus
3365 4583 3492 4638 cibo

1922 4685 2103 4754 potior
2128 4697 2252 4737 esse
2281 4679 2504 4742 dicitur,
2533 4693 2733 4748 corpus
2759 4677 3086 4731 vestimento
3111 4693 3123 4729 :
3155 4675 3372 4745 quando
3399 4676 3490 4730 illa

1923 4776 2118 4828 horum
2143 4788 2310 4826 causa
2338 4770 2478 4824 facta
2507 4770 2639 4825 sint.
2667 4767 2784 4822 Non
2813 4769 2957 4823 enim
2986 4769 3198 4823 animus
3227 4769 3488 4830 alimenti,

1926 4880 2103 4933 neque
2129 4878 2330 4932 corpus
2364 4861 2535 4915 vestis
2569 4867 2650 4915 est
2685 4873 2850 4912 causa
2886 4859 3196 4922 conditum,
3234 4857 3327 4912 sed
3364 4873 3486 4910 cum

1927 4957 2039 5010 haec
2088 4956 2200 5024 jam
2247 4954 2609 5015 exsisterent,
2662 4952 2728 5004 ad
2784 4965 2940 5004 usum
2988 4965 3174 5004 eorum
3227 4948 3315 5000 illa
3361 4956 3488 5002 sunt

1925 5055 2259 5117 comparata.
2308 5044 2547 5113 Utraque
2599 5043 2784 5112 opinio
2832 5057 2952 5095 cum
3005 5040 3483 5110 reprehensionem

1925 5149 2220 5202 mereatur,
2267 5147 2375 5191 tam
2407 5150 2596 5190 eorum
2632 5137 2724 5204 qui
2757 5134 2972 5188 animos
3007 5131 3226 5201 pr0prio
3252 5129 3485 5200 quodam

1925 5233 1980 5286 in
2014 5239 2164 5286 statu
2193 5239 2319 5284 ante
2351 5243 2582 5298 corpora
2616 5229 2794 5280 vivere
2840 5234 3134 5293 nugantur,
3183 5238 3344 5292 quam
3393 5223 3484 5290 qui

1921 5341 2016 5381 eos
2051 5331 2173 5394 post
2214 5338 2439 5392 corpora
2481 5321 2710 5390 primum
2739 5319 2899 5372 condi
2927 5317 3280 5371 existimant:
3311 5329 3488 5383 opem:

1921 5416 2152 5485 pretium
2202 5414 2367 5468 fuerit
2413 5414 2466 5466 in
2508 5411 2689 5466 omnia
2739 5411 2982 5464 studiose
3025 5407 3334 5474 inquirere,
3367 5420 3488 5473 qua:

1922 5508 1976 5561 in
2006 5506 2345 5576 explicandis
2375 5505 2664 5574 utriusque
2696 5503 2870 5572 partis
2897 5501 3132 5555 decretis
3163 5498 3214 5551 in
3247 5495 3484 5549 medium

1922 5599 2235 5655 aﬂ‘eruntur.
2294 5599 2362 5650 At
2415 5595 2560 5651 enim
2617 5602 2872 5650 accurate
2926 5591 3192 5648 adversus
3241 5588 3487 5644 rationes
