3988 6520
515 368 614 426 251

1721 371 1777 426 S.
1809 367 2134 428 GREGOR-ll
2167 369 2453 428 NYSSENI

3645 359 3754 414 2'51

517 489 772 558 utrinque
826 490 1120 558 productas
1165 491 1323 559 quasi
1363 492 1656 561 pugnando
1701 491 1988 562 progredi,
2024 499 2077 544 et

2196 509 2279 556 μοι,
2319 491 2482 546 πάλιν
2529 490 2635 544 τῶν
2682 486 3056 560 προκειμένων
3099 481 3519 553 ἀντιληψόμεθα.
3565 481 3630 532 Οι
3673 478 3754 547 τῷ

514 581 699 634 omnia
735 597 856 650 qua:
889 583 942 635 in
978 583 1060 636 his
1099 582 1448 651 opinionibus
1481 583 1714 636 absurda
1763 591 1890 636 sunt
1937 591 2079 636 rete—

517 672 692 740 gendo
725 670 1067 741 patefacere:
1103 672 1156 724 id
1191 688 1321 726 vero
1351 683 1404 726 et
1433 674 1734 727 orationem
1767 673 2033 742 prolixam
2063 713 2078 738 ,

518 771 572 818 et
604 765 860 832 temporis
887 780 994 816 non
1019 772 1210 826 parum
1237 762 1552 828 requireret.
1573 765 1781 819 Idcirco
1825 765 2079 829 breviter,

519 863 782 922 quantum
817 853 936 920 ejus
972 853 1086 906 ﬁeri
1134 852 1366 921 poterit,
1397 853 1759 908 consideratis
1801 855 2083 920 utriusque

517 946 689 1012 partis
722 945 1088 1013 argumentis,
1127 945 1202 996 ita
1231 943 1428 997 deinde
1469 945 1614 1014 quod
1659 945 1878 1014 proprie
1927 944 2085 998 iusti-

519 1035 724 1088 tuimus
745 1073 759 1096 ,
791 1049 1204 1104 prosequemur.
1237 1033 1340 1100 Qui
1371 1047 1574 1104 partem
1617 1037 1853 1106 priorem
1899 1034 2086 1090 defen-

517 1127 687 1190 dunt,
737 1133 792 1180 et
837 1126 1223 1194 rempublicam
1255 1127 1560 1178 animorum
1595 1125 1884 1195 quamdam
1940 1125 2086 1195 prio-

520 1235 630 1272 rem
669 1219 778 1272 vita
807 1218 860 1270 in
896 1233 1126 1286 corpore
1155 1227 1342 1272 nostra
1373 1219 1720 1272 constituunt
1753 1261 1771 1290 ,
1799 1217 1929 1270 mihi
1960 1217 2082 1286 qui-

517 1309 640 1364 dem
664 1324 694 1362 a
713 1308 1041 1362 Grascanicis
1067 1309 1172 1362 illis
1194 1308 1499 1378 disciplinis
1521 1310 1800 1364 hominum
1827 1309 2089 1362 doctrinae

517 1400 765 1454 veritatis
813 1400 1126 1469 ignat'orum
1181 1400 1451 1454 immunes
1501 1415 1626 1455 esse
1665 1415 1770 1453 non
1811 1399 2084 1462 videntur,

518 1491 612 1560 qui
649 1489 858 1546 tabulas
889 1491 1154 1559 quasdam
1181 1490 1248 1545 de
1275 1491 1582 1544 animorum
1613 1506 1682 1546 ex
1723 1491 1842 1546 aliis
1885 1492 1940 1544 in
1983 1491 2088 1544 alia

520 1597 750 1650 corpora
781 1581 1194 1650 migrationibus
1221 1583 1512 1636 commenti
1543 1593 1687 1637 sunt.
1719 1581 1852 1636 Nam
1884 1582 1930 1636 si
1963 1583 2088 1651 quis

521 1678 778 1725 accurate
830 1685 943 1723 rem
995 1672 1308 1734 existimet,
1351 1674 1574 1726 omnino
1618 1673 1795 1726 delabi
1845 1673 2089 1742 ipsorum

522 1762 827 1816 orationem
863 1762 930 1814 ad
963 1763 1013 1815 id
1054 1763 1290 1816 inveniet
1312 1801 1326 1825 ,
1357 1763 1502 1832 quod
1549 1763 1820 1832 proditum
1863 1771 1946 1816 est
1976 1777 2091 1817 me-

2183 586 2431 655 προτέρῳ
2473 583 2862 653 παριστάμενοι
2907 579 3081 648 λόγῳ,
3125 578 3216 630 καὶ¹
3251 573 3625 647 πρεσϐυτέραν
3652 572 3754 638 τῆς

2183 679 2239 728 ἐν
2273 677 2434 744 σαρκὶ
2465 673 2608 743 ζωῆς
2636 675 2733 744 τὴν
2759 670 3030 725 πολιτείαν
3052 669 3158 721 τῶν
3185 665 3372 738 ψυχῶν
3397 662 3753 734 δογματιζονσ

2181 783 2313 829 τες,
2373 763 2434 817 οὔ
2495 781 2584 836 μοι
2630 763 2844 818 δοκοῦσι
2896 763 3003 814 τῶν
3050 756 3374 828 Ἑλληνικῶν
3432 753 3754 825 καθαρεύειν

2181 857 2484 925 δηγμάτων,
2533 855 2640 908 τῶν
2688 857 2814 924 περὶ
2860 855 2958 924 τῆς
2987 850 3521 923 μετενσωματώσεως
3567 847 3757 907 αὐτοῖς

2187 946 2731 1018 μεμυθολογημένων.
2751 947 2814 998 Ei
2829 945 2936 1015 γάρ
2951 962 3032 1008 τις
3053 942 3290 1012 ἀκριϐῶς
3310 939 3597 1006 ἐξετάσειε,
3613 935 3756 1006 πρὸς

2184 1037 2340 1090 τοῦτο
2361 1023 2502 1090 κατὰ
2538 1039 2718 1090 πᾶσαν
2745 1037 2992 1105 ἀνάγκην
3021 1033 3111 1088 τὸν
3143 1032 3299 1100 λόγον
3320 1031 3498 1092 αὐτοῖς
3529 1028 3756 1098 εὑρήσει

2188 1129 2646 1198 κατασυρὸμενον,
2671 1128 2728 1179 ὃν
2749 1127 2878 1196 φασί
2899 1143 3020 1178 τινα
3043 1123 3148 1177 τῶν
3172 1124 3299 1193 παρ’
3322 1121 3546 1182 ἐκείνοις
3575 1117 3756 1186 σοφῶν

2185 1221 2494 1292 εἰρηκέναι,
2533 1220 2614 1272 ὅτι
2646 1219 2782 1288 ἀνὴρ
2814 1217 3032 1286 γέγονεν
3069 1218 3096 1269 ὁ
3128 1214 3315 1276 αὐτὸς,
3367 1213 3462 1266 καὶ
3492 1207 3758 1279 γυναικὸς

2191 1309 2350 1380 σῶμα
2379 1308 2819 1378 μετημφιάσατο,
2864 1307 2958 1358 καὶ
2990 1305 3103 1376 μετ’
3151 1301 3349 1373 ὀρνέων
3376 1299 3612 1368 ἀνέπτη,
3657 1298 3757 1350 καὶ

2187 1401 2386 1470 θάμνος
2417 1399 2538 1467 ἔφυ,
2582 1399 2676 1452 καὶ
2717 1397 2806 1450 τὸν
2837 1397 3054 1466 ἔνυδρον
3087 1394 3242 1464 ἔλαχε
3279 1393 3410 1462 βίον.
3455 1391 3529 1444 Οὐ
3564 1388 3756 1460 πόρρω

2187 1493 2285 1562 τῆς
2317 1489 2569 1562 ἀληθείας
2598 1489 2738 1542 κατά
2766 1505 2828 1555 γε
2861 1487 2955 1558 τὴν
2981 1485 3115 1558 ἐμὴν
3157 1484 3336 1556 κρίσιν
3378 1481 3693 1553 φερόμενος,
3723 1480 3756 1532 6

2189 1583 2316 1653 περὶ
2333 1581 2497 1636 αὑτοῦ
2521 1581 2692 1634 ταῦτα
2712 1580 2901 1648 λέγων.
2927 1574 3137 1640 Ὄντως
3155 1577 3262 1646 γάρ
3285 1575 3567 1646 βατράχων
3591 1571 3756 1624 τινῶν

2189 1673 2222 1744 ἢ
2250 1671 2472 1726 κολοιῶν
2497 1671 2779 1743 φλυαρίας,
2816 1671 2848 1741 ἢ
2877 1669 3096 1737 ἀλογίας
3129 1665 3346 1737 ἰχθύων,
3385 1664 3418 1735 ἦ
3451 1662 3624 1736 δρυῶν
3659 1663 3758 1714 ἀνι

2191 1763 2476 1834 αισθησίας
2500 1763 2628 1829 ἀξια.
2653 1762 2721 1815 τά
2749 1760 2972 1814 τοιαῦτα
2998 1759 3257 1829 δόγματα,
3309 1755 3371 1808 τὸ
3407 1754 3534 1824 μίαν
3575 1752 3756 1823 ψυχὴν

523 1855 760 1916 moriaa,
793 1851 1081 1920 quemdam
1131 1855 1198 1908 de
1245 1852 1448 1908 Graecis
1481 1854 1819 1922 sapientibus
1861 1853 2084 1916 dixisse,

2196 1858 2362 1925 λέγειν
2386 1856 2472 1910 διὰ
2495 1855 2762 1908 τοσούτων
2790 1852 2982 1906 ὲλθεϊν.
3009 1853 3130 1922 Τῆς
3161 1850 3218 1903 δὲ
3243 1847 3495 1917 τοιαύτης
3525 1844 3756 1906 ἀτοπίας

523 1941 718 1998 Fuisse
743 1945 1000 1996 nimirum
1031 1959 1153 1997 sese
1177 1943 1470 2012 aliquando
1497 1951 1552 1996 et
1595 1945 1770 1996 virum
1789 1984 1804 2006 ,
1831 1950 1886 1997 et
1931 1943 2090 1996 femi-

525 2051 684 2098 nam,
717 2042 772 2087 et
813 2035 954 2088 inter
983 2049 1111 2088 aves
1143 2035 1433 2096 volitasse.
1483 2041 1538 2087 et
1587 2033 1790 2086 factum
1829 2047 1954 2088 esse
1995 2032 2090 2086 de-

526 2125 652 2179 inde
681 2127 959 2179 arbustum
981 2167 997 2192 ,
1019 2133 1206 2200 latque
1235 2126 1397 2180 etiam
1431 2126 1594 2178 vitam
1627 2125 1682 2178 in
1713 2125 1870 2193 aquis
1893 2124 2086 2193 egisse.

525 2203 644 2271 Meo
672 2218 888 2286 quidem
935 2217 1144 2286 judicio
1189 2232 1356 2288 prope
1403 2217 1592 2270 aberat
1631 2231 1658 2268 a
1709 2216 1938 2270 veritate
1980 2215 2093 2268 haec

525 2309 700 2377 ipsius
733 2309 942 2372 oratio,
973 2309 1064 2378 qui
1103 2307 1416 2375 hujnsmodi
1446 2306 1708 2376 quiddam
1744 2306 1810 2360 de
1841 2321 1902 2360 se
1929 2305 2094 2374 proti-

525 2407 750 2454 teretur.
811 2398 1060 2454 Profecto
1121 2397 1266 2452 enim
1329 2413 1584 2452 ranarum
1641 2399 2094 2466 graculorumque

527 2505 678 2546 more
717 2491 1020 2560 garriebat,
1066 2497 1600 2558 consentaneamque
1645 2491 1814 2544 brutae
1863 2489 2092 2558 piscium

525 2593 733 2636 naturae
761 2593 814 2636 et
853 2597 1152 2652 quercuum
1201 2596 1398 2635 sensus
1441 2580 1748 2650 expertium
1789 2579 2093 2632 doctrinam

525 2671 865 2743 proferebat,
896 2671 987 2740 qui
1018 2686 1182 2724 unum
1229 2669 1588 2738 eumdemque
1631 2669 1871 2721 animum
1916 2668 1968 2720 in
2007 2682 2096 2722 res

525 2765 664 2820 adeo
699 2765 897 2818 multas
928 2763 1272 2833 immigrasse
1299 2760 1526 2814 diceret.
1558 2758 1654 2814 Est
1683 2769 1863 2812 autem
1899 2761 2094 2812 absur-

525 2860 608 2914 da:
635 2857 794 2926 hujus
829 2857 1103 2926 opinionis
1145 2857 1259 2909 [nec
1288 2869 1491 2912 causa.
1527 2853 1672 2921 quod
1709 2861 1833 2906 ante
1869 2866 2095 2920 corpora

525 2951 790 3006 exsistere
843 2948 1054 3002 animos
1104 2945 1414 3000 credebant.
1464 2942 1596 2998 Nam
1658 2945 1750 2998 ubi
1790 2946 1956 2998 semel
1997 2943 2098 2996 hoc

527 3043 826 3098 existimari
865 3049 1102 3109 emptum
1156 3038 1286 3100 fuit,
1329 3053 1544 3107 semper
1586 3038 1818 3091 ulterius
1857 3037 1922 3090 ad
1970 3052 2099 3105 pro-

527 3135 672 3189 xima
697 3149 923 3204 qumque
959 3131 1354 3202 progrediendo
1375 3171 1388 3192 ,
1423 3139 1478 3186 et
1509 3129 1818 3202 prodigiosa
1852 3129 2095 3200 quaedam

2188 1945 2324 2015 αὕτη
2353 1945 2500 1997 ἐστὶν
2531 1946 2562 2014 ὴ
2595 1943 2762 2000 αἰτία,
2793 1943 2855 1995 τὸ
2892 1939 3292 2012 προϋφεστάναι
3319 1937 3418 1998 τὰς
3443 1933 3618 2006 ψυχὰς
3647 1933 3759 1984 οἴε-

2191 2038 2334 2092 σθαι,
2372 2037 2449 2090 Δι’
2479 2035 2766 2090 ἀκολούθου
2790 2040 2897 2106 γὰρ
2928 2037 2961 2102 ἡ
2996 2031 3138 2102 ἀρχὴ
3157 2029 3251 2084 τοῦ
3279 2027 3521 2082 τοιούτου
3549 2026 3760 2096 δόγμα-

2189 2147 2279 2192 τος
2312 2129 2402 2182 ἐπὶ
2432 2129 2495 2181 τὸ
2541 2128 2802 2199 προσεχές
2843 2143 2902 2179 τε
2936 2126 3027 2179 καὶ
3060 2121 3457 2194 παρακείμενον
3479 2119 3568 2172 τὸν
3595 2117 3758 2185 λόγον

2193 2221 2534 2291 προάγουσα,
2582 2219 2740 2290 μέχρι
2788 2217 2976 2271 τούτου
3037 2211 3433 2286 τερατευομένη
3481 2210 3760 2274 διέξεισιν.

2194 2311 2257 2364 Ei
2288 2313 2395 2384 γὰρ
2437 2311 2526 2365 διά
2567 2327 2712 2373 τινος
2754 2309 2950 2373 κακίας
2991 2305 3396 2361 ἀποσπασθεῖσα
3425 2304 3519 2373 τῆς
3561 2301 3764 2372 ὑψηλο-

2192 2403 2356 2474 τέρας
2402 2404 2436 2473 ή
2479 2402 2624 2472 ψυχὴ
2665 2401 2968 2464 πολιτείας,
3017 2398 3152 2469 μετὰ
3193 2397 3253 2450 τὸ
3302 2395 3516 2462 (καθώς
3557 2393 3760 2462 φασιν)

2195 2494 2342 2559 ἅπαξ
2366 2493 2665 2563 γεύσασθαι
2705 2490 2798 2544 τοῦ
2835 2487 3144 2560 σωματικοῦ
3179 2487 3292 2558 βίου
3313 2529 3328 2552 ,
3355 2485 3512 2540 πάλιν
3546 2482 3762 2554 ἄνθρω-

2196 2603 2294 2650 πος
2335 2586 2579 2655 γίνεται,
2631 2583 3034 2654 ἐμπαθέστερος
3083 2580 3138 2634 δὲ
3184 2579 3396 2642 πάντως
3427 2579 3458 2632 δ
3495 2579 3551 2630 ἐν
3597 2575 3762 2647 σαρκὶ

2199 2679 2310 2749 βίος
2363 2676 2701 2746 ὁμολογεῖται
2745 2673 2896 2744 παρά
2937 2673 3025 2726 τὸν
3073 2671 3238 2724 ἀΐδιον
3283 2670 3377 2723 καὶ
3433 2667 3759 2736 ἀσιιῦμειτον⁸

2199 2769 2412 2838 ἀνάγκη
2443 2769 2593 2820 πᾶσα
2621 2765 2719 2836 τὴν
2753 2767 2809 2816 ἐν
2844 2762 2920 2833 τῷ
2955 2761 3180 2831 τοιούτῳ
3207 2760 3500 2830 γινομένην
3535 2757 3663 2828 βίῳ,
3701 2757 3762 2808 ὲν

2197 2854 2242 2928 ᾧ
2271 2861 2488 2922 πλείους
2516 2860 2572 2912 αί
2601 2857 2737 2928 πρὸς
2777 2855 2837 2908 τὸ
2867 2851 3198 2924 ἁμαρτάνειν
3225 2851 3359 2903 εἰσὶν
3388 2849 3662 2918 ἀφορμαὶ,
3701 2848 3763 2898 ὲν

2200 2951 2404 3004 πλείονί
2427 2967 2486 3002 τε
2511 2949 2680 3018 κακίᾳ
2703 2946 2985 3016 γενέσθαι,
3013 2947 3106 3000 καὶ
3135 2943 3536 3015 ἐμπαθέστερον
3563 2940 3596 3010 ἢ
3627 2937 3764 3008 πρό-

2199 3044 2352 3114 τέρον
2390 3040 2721 3110 διατεθῆναι·
2763 3039 3110 3112 ἀνθρωπίνης
3147 3038 3204 3090 δὲ
3253 3035 3429 3106 ψυχῆς
3475 3032 3678 3094 πάθος.
3727 3031 3762 3100 ἡ

2204 3136 2336 3206 πρὸς
2377 3135 2437 3187 τὸ
2477 3133 2666 3201 ἄλογόν
2707 3134 2853 3184 ἐστιν
2897 3129 3184 3201 ὁμοίωσις·
3229 3133 3401 3196 τούτῳ
3448 3126 3504 3178 δὲ
3537 3141 3762 3195 προσοι-

529 3200 888 3295 proferendo,
917 3200 1130 3275 tandem
1165 3222 1270 3274 huc
1303 3219 1506 3288 delapsi
1541 3200 1690 3274 sunt.
1723 3219 1780 3272 Si
1811 3219 1954 3273 enim
1991 3217 2096 3270 aui-

2201 3225 2516 3280 κειωθεῖσαν
2558 3224 2744 3294 αὐτὴν,
2775 3225 2854 3285 εἰς
2885 3219 3129 3292 κτηνὼδη
3164 3219 3320 3288 φύσιν
3359 3217 3724 3288 μεταρρυῆναι
3745 3233 3762 3248 ·

527 3333 650 3370 mus
681 3317 862 3385 aliquo
893 3331 951 3369 se
977 3315 1109 3368 vitio
1137 3315 1420 3383 polluens,
1457 3321 1744 3384 postquam
1780 3311 1946 3366 semel
1977 3311 2100 3363 vita:

527 3423 805 3477 corporea:
835 3419 1052 3477 gustum
1099 3408 1376 3475 percepit,
1424 3420 1483 3459 ut
1531 3407 1634 3474 ipsi
1678 3405 1994 3472 loquuntur,
2033 3401 2100 3455 de

529 3498 846 3553 soriditione
875 3511 940 3548 ac
971 3505 1112 3550 statu
1145 3495 1442 3550 excelsiore
1467 3479 1711 3564 quodam
1745 3493 2008 3561 dejectus,
2045 3493 2098 3546 in

529 3591 804 3645 hominem
835 3589 1108 3658 immigrat
1133 3608 1146 3640 :
1177 3589 1334 3656 cujus
1359 3588 1584 3641 omnino
1613 3585 1724 3638 vita
1745 3623 1758 3647 ,
1788 3593 2101 3653 comparata

527 3695 655 3734 cum
695 3679 784 3731 illa
827 3685 1028 3730 aeterna
1075 3683 1126 3730 et
1161 3676 1514 3744 incorporea,
1557 3672 1806 3744 pluribus
1853 3682 1937 3726 est
1977 3689 2101 3742 per-

529 3770 936 3826 turbationibus
965 3769 1198 3822 obnoxia
1227 3787 1240 3822 :
1270 3782 1496 3822 necesse
1531 3775 1614 3822 est
1646 3765 1798 3819 illum
1835 3765 2104 3819 exsistet:-

530 3871 640 3917 tem
675 3863 730 3914 in
758 3862 866 3915 vita
889 3899 904 3924 ,
939 3875 1060 3929 quae
1089 3860 1274 3930 plures
1304 3859 1372 3912 ad
1409 3857 1746 3929 peccandum
1779 3857 2102 3911 occasiones

533 3953 761 4018 habeat,
815 3953 1063 4023 pluribus
1117 3954 1280 4004 etiam
1315 3932 1462 4004 vitiis
1499 3964 1559 4003 se
1594 3949 1924 4018 inquinare:
1961 3947 2103 4000 mul-

532 4057 696 4118 toque
729 4046 934 4114 magis,
969 4058 1128 4113 quam
1165 4051 1327 4106 ante,
1362 4042 1568 4097 morbis
1617 4049 1672 4095 et
1717 4039 2100 4093 affectionibus

2203 3318 2345 3383 ἅπαξ
2375 3317 2429 3368 δὲ
2467 3315 2554 3369 ait
2585 3317 2780 3377 κακίας
2807 3313 3126 3374 ὀδεύουσαν,
3160 3311 3292 3382 μηδὲ
3324 3311 3380 3361 ἐν
3409 3309 3585 3377 ἀλόγῳ
3611 3301 3768 3374 γενο-

2206 3409 2389 3480 μένην,
2419 3409 2515 3476 τῆς
2537 3407 2626 3458 ἐπὶ
2655 3406 2714 3458 τὸ
2737 3405 2902 3458 κακὸν
2932 3403 3150 3475 προόδου
3181 3401 3336 3473 λῆξαί
3369 3417 3518 3452 ποτε.
3559 3399 3623 3450 Ἠ
3652 3398 3764 3467 γὰρ

2201 3499 2294 3553 τοῦ
2349 3499 2519 3552 κακοῦ
2557 3497 2770 3562 στάσις,
2804 3497 2944 3566 ἀρχὴ
2982 3496 3077 3564 τῆς
3113 3495 3230 3546 κατ’
3263 3493 3460 3560 ἀρετήν
3491 3492 3633 3541 ἐστιν
3671 3491 3768 3559 ὁρ-

2207 3589 2344 3658 μῆς·
2375 3589 2542 3658 ἀρετὴ
2573 3589 2629 3640 δὲ
2653 3589 2709 3640 ὲν
2739 3587 2952 3654 ἀλόγοις
2975 3589 3073 3638 οὐκ
3099 3585 3259 3638 ἔστιν.
3287 3582 3492 3636 Οὓκοῦν
3511 3583 3596 3633 ἀεὶ
3625 3581 3768 3650 πρὸς

2201 3679 2264 3731 τὸ
2295 3681 2472 3750 χεῖρον
2507 3679 2563 3744 ἐξ
2593 3679 2836 3747 ἀνάγκης
2865 3677 3313 3747 ἀλλοιωθήσεται,
3359 3675 3582 3727 πάντοτε
3627 3671 3766 3741 πρὸς

2200 3763 2262 3820 τδ
2291 3770 2608 3839 ἀτιμότερον
2647 3769 2940 3838 προϊοῦσα,
2994 3770 3086 3821 καὶ
3133 3769 3218 3821 ἀεὶ
3263 3767 3322 3819 τὸ
3361 3769 3539 3836 χεῖρον
3563 3765 3658 3833 τῆς
3705 3765 3766 3816 ὲν

2202 3855 2235 3933 ᾖ
2267 3862 2380 3913 ἐστι
2427 3860 2637 3928 φύσεως
2670 3861 3075 3932 ἐξευρίσκουσα.
3107 3861 3314 3929 Ὥσπερ
3348 3857 3402 3910 δὲ
3427 3856 3517 3909 τοῦ
3545 3853 3764 3922 λογικοῦ

2201 3951 2262 4003 τὸ
2311 3953 2565 4020 αἰσθητὸν
2607 3951 2974 4021 ὑποϐέϐηκεν,
3005 3951 3148 4004 οὕτω
3195 3951 3288 4003 καὶ
3321 3948 3424 4002 ἀπὸ
3449 3947 3635 4000 τούτου
3671 3945 3767 3998 ἐπὶ

2201 4041 2263 4093 τὸ
2287 4041 2605 4112 ἀναίσθητον
2633 4045 2665 4112 ἠ
2699 4042 3043 4112 μετάπτωσις
3071 4041 3295 4110 γίνεται.

531 4157 652 4198 esse
687 4140 965 4196 deditum:
997 4138 1089 4208 qui
1121 4140 1294 4192 morbi
1338 4137 1593 4191 humanis
1639 4136 1692 4189 in
1738 4135 1936 4188 animis
1969 4134 2090 4204 ejus
2124 4134 2290 4204 [modi
2337 4150 2499 4202 sunt,
2549 4147 2610 4192 ut
2645 4139 2942 4194 secundum
2981 4139 3081 4194 hos
3105 4135 3469 4192 animantibus
3499 4149 3526 4187 a
3557 4133 3772 4187 ratione

532 4233 810 4288 destitutis
843 4233 1159 4286 consimiles
1201 4235 1394 4288 simus.
1443 4230 1533 4286 Eis
1591 4245 1756 4300 porro
1800 4232 1846 4284 si
1887 4239 2153 4300 cognatus
2197 4247 2321 4288 esse
2369 4236 2584 4291 animus
2619 4235 2845 4305 incipit,
2885 4237 3141 4290 nimirum
3174 4235 3238 4288 ad
3273 4233 3483 4286 brutam
3519 4245 3637 4284 sese
3665 4242 3770 4280 na-

531 4330 712 4378 turam
748 4321 1004 4374 demittit.
1051 4318 1294 4388 Cumque
1345 4319 1480 4374 adeo
1527 4319 1696 4374 semel
1739 4319 1993 4372 vitiorum
2037 4319 2194 4387 quasi
2237 4323 2488 4376 semitam
2520 4324 2726 4394 ingredi
2753 4325 3006 4392 cmperit,
3041 4341 3108 4378 ne
3145 4333 3258 4376 tum
3301 4322 3520 4392 quidem
3549 4319 3613 4373 ad
3649 4333 3769 4371 ma-

533 4411 644 4466 ium
679 4408 928 4478 progredi
983 4407 1228 4471 desinet,
1271 4421 1394 4460 cum
1441 4406 1508 4460 ad
1549 4416 1800 4460 naturam
1847 4407 2076 4459 rationis
2123 4421 2398 4476 expertem
2456 4416 2780 4481 pervenerit.
2833 4413 2966 4468 Nam
3015 4415 3061 4468 is
3106 4415 3322 4468 tandem
3353 4414 3480 4466 mali
3509 4411 3630 4465 ﬁnis
3653 4417 3772 4474 est,

533 4513 566 4554 a
593 4513 702 4568 quo
727 4497 948 4551 virtutis
977 4497 1157 4552 cultus
1185 4497 1409 4566 incipit;
1443 4511 1508 4550 ea
1541 4511 1670 4551 vero
1704 4497 1898 4550 cadere
1926 4499 1980 4550 in
2009 4497 2264 4554 animalia
2295 4503 2523 4560 rationis
2571 4508 2817 4575 expertia
2872 4507 3083 4575 nequit.
3127 4505 3332 4558 Idcirco
3386 4518 3599 4572 semper
3649 4500 3766 4552 ani-

535 4604 660 4646 mus
709 4588 766 4643 in
811 4587 966 4657 pejus
1017 4593 1139 4640 ruet
1189 4585 1562 4640 vicissitudine
1603 4593 1898 4656 perpetua,
1939 4595 2096 4639 natur

2196 4604 2299 4658 quo
2350 4593 2674 4650 deteriorem
2722 4611 2820 4658 ea,
2873 4612 2978 4665 qua
3013 4597 3338 4662 continetur,
3383 4595 3639 4665 iuquiret.
3697 4589 3771 4646 Ut

531 4687 718 4734 autem
752 4685 957 4730 naturae
993 4674 1221 4729 rationis
1256 4683 1462 4728 ornatae
1501 4673 1814 4744 praestantia
1854 4673 2102 4743 proxima
2152 4676 2242 4730 illa
2289 4691 2400 4746 est,
2453 4699 2574 4753 qua:
2632 4686 2836 4740 sentit:
2871 4685 2952 4741 sic
3000 4699 3031 4738 a
3082 4687 3348 4741 sentiente
3395 4683 3670 4754 prolapsio
3709 4683 3773 4737 ﬁt

538 4769 604 4823 ad
639 4781 758 4821 eam
781 4807 798 4832 ,
831 4781 952 4834 quae
982 4779 1176 4819 sensus
1210 4763 1371 4818 etiam
1406 4779 1602 4835 expers
1631 4771 1735 4818 est.

608 4861 724 4916 lluc
750 4875 922 4929 usque
953 4874 1238 4929 progressa
1269 4863 1510 4930 ipsorum
1547 4860 1744 4922 oratio,
1781 4873 2095 4929 quanquam
2130 4863 2173 4917 υ

537 4963 688 5008 extra
743 4951 985 5010 veritatis
1035 4950 1232 5004 limites
1295 4950 1501 5006 feratur
1550 4972 1564 5006 :
1605 4960 1786 5007 tamen
1845 4953 2105 5007 continua

537 5045 769 5114 quadam
823 5042 1222 5097 consecutionis
1267 5044 1410 5098 serie
1464 5043 1532 5099 de
1564 5043 1816 5100 absurdis
1867 5043 2106 5099 absurda

2285 4861 2442 4914 Ἀλλά
2483 4864 2641 4933 μέχρι
2669 4863 2858 4916 τούτου
2897 4861 3102 4934 προῖὼν
3127 4863 3157 4917 ὁ
3192 4863 3346 4931 λόγος
3375 4864 3575 4928 αὐτοῖς,
3597 4867 3644 4918 εί
3669 4867 3770 4921 καὶ

2203 4952 2307 5018 ἔξω
2334 4953 2430 5023 τῆς
2478 4953 2732 5024 ἀληθείας
2763 4955 2984 5028 φέρεται
3003 4997 3020 5020 ,
3067 4956 3202 5010 ἀλλά
3241 4973 3304 5025 γε
3334 4956 3420 5010 διά
3447 4974 3588 5020 τινος
3629 4958 3767 5011 ἀκο-

2202 5041 2420 5105 λουθίας
2461 5042 2520 5095 τὸ
2543 5041 2739 5096 ἄτοπον
2780 5045 2837 5112 ἐξ
2875 5045 3078 5099 ἀτόπου
3135 5045 3554 5116 μεταλαμϐάνει.
3599 5047 3672 5101 Τὸ
3709 5047 3770 5101 δὲ

538 5131 765 5204 coliigit.
804 5131 1068 5202 Deinceps
1115 5147 1243 5187 vero
1286 5133 1535 5188 doctrina
1571 5135 1640 5190 de
1695 5134 1896 5190 fabulis
1941 5133 2106 5188 meris

539 5228 854 5286 constituta.
889 5226 1052 5280 rebus
1081 5225 1230 5279 nullo
1257 5227 1414 5296 plane
1440 5235 1598 5296 pacto
1624 5242 1692 5281 ne
1738 5227 1842 5280 sibi
1884 5225 2102 5297 quidem

539 5315 942 5372 cohaerentibus
993 5315 1311 5384 pertexitur.
1344 5315 1710 5386 Consequitur
1733 5317 1876 5370 enim
1917 5330 2101 5385 porro,

543 5409 782 5461 animum
813 5419 1038 5476 prorsus
1081 5405 1322 5460 interire.
1367 5405 1502 5460 Nam
1534 5407 1626 5474 qui
1661 5407 1827 5460 semei
1857 5405 1924 5460 de
1960 5414 2104 5460 statu

545 5499 842 5553 excellente
866 5499 1010 5552 velut
1031 5499 1252 5562 excidit,
1280 5515 1555 5568 nunquam
1579 5499 1830 5554 vitiorum
1861 5501 1915 5553 in
1940 5516 2103 5554 cursu

545 5597 738 5640 metam
785 5587 852 5640 ad
891 5588 1149 5656 aliquam,
1187 5587 1276 5642 ubi
1304 5587 1497 5642 deinde
1530 5590 1794 5658 quiescat,
1823 5591 2104 5658 pervenire

547 5678 754 5730 scilicet
813 5681 1004 5747 poterit
1051 5695 1064 5732 :
1111 5677 1204 5732 sed
1263 5686 1478 5747 propter
1515 5679 1687 5748 ipsius
1743 5667 1917 5732 anitni
1973 5694 2100 5748 erga

546 5767 762 5823 morbos
817 5777 871 5824 et
913 5769 1343 5840 perturbationes
1389 5769 1748 5836 affectionem,
1789 5772 1856 5827 de
1903 5779 2099 5826 natura

2204 5130 2450 5184 ἐντεῦθεν
2479 5131 2578 5203 ἤδη
2605 5132 2692 5186 διά
2731 5133 2836 5186 τῶν
2863 5135 3248 5206 ἀσυναρτήτων
3285 5137 3466 5198 αὐτοῖς
3492 5136 3552 5188 τὸ
3589 5137 3770 5206 δόγμα

2207 5221 2599 5290 μυθοποιεὴαι.
2653 5223 2716 5274 Ἠ
2749 5224 2846 5292 μὲν
2893 5223 2999 5296 γάρ
3039 5223 3326 5278 ἀκολουθία
3377 5225 3608 5295 παντελῆ
3651 5227 3774 5280 δια-

2210 5311 2414 5380 φθορὰν
2457 5313 2554 5382 τῆς
2599 5312 2776 5382 ψυχῆς
2819 5314 3210 5368 ὑποδείκνυσιν.
3249 5315 3314 5366 Ἦ
3341 5314 3445 5384 γὰρ
3484 5315 3627 5381 inde
3669 5317 3774 5387 τῆς

2207 5402 2418 5472 ὑψηλῆς
2463 5403 2738 5467 πολιτείας
2781 5405 3216 5477 ἁπολισθήσασα,
3250 5409 3307 5459 ἐν
3353 5407 3526 5460 οὐδενὶ
3583 5407 3770 5479 μέτρῳ

2207 5495 2406 5557 κακίας
2426 5495 2618 5564 στῆναι
2642 5496 2942 5567 δυνήσεται,
2965 5498 3098 5553 ἀλλά
3125 5499 3212 5551 διὰ
3243 5500 3340 5568 τῆς
3371 5500 3503 5570 πρὸς
3529 5499 3595 5552 τά
3618 5498 3770 5570 πάθη

2214 5586 2447 5656 σχέσεως
2466 5627 2478 5647 ,
2505 5587 2612 5640 ἀπὸ
2649 5589 2744 5657 μὲν
2771 5588 2861 5641 τοῦ
2890 5589 3106 5658 λογικοῦ
3127 5589 3272 5661 πρὸς
3297 5591 3357 5642 τὸ
3382 5591 3570 5658 ἄλογον
3601 5607 3774 5660 μετα-

2208 5674 2428 5745 ϐήσεται
2450 5693 2462 5706 ·
2506 5678 2600 5730 ἀπ’
2634 5679 2837 5733 ἐκείνου
2866 5681 2923 5734 δὲ
2957 5681 3092 5754 πρὸς
3129 5681 3227 5754 τὴν
3259 5681 3365 5735 τῶν
3395 5681 3576 5751 φυτῶν
3613 5681 3774 5744 ἀναι-

2211 5767 2435 5838 σθησίαν
2485 5771 2941 5846 μετατεθήσεται·
2987 5773 3066 5842 τῷ
3103 5772 3158 5826 δὲ
3209 5774 3511 5844 ἀναισθήτῳ
3561 5774 3772 5842 γειτνιᾷ
