3996 6472
262 400 361 457 255

1491 381 1577 440 or.
1614 370 1897 440 tromNIs
1922 368 2232 443 ορηηοιο.

3382 386 3491 444 ΞΜ

262 532 365 577 πως
398 510 455 562 τὸ
492 505 725 575 ἄψυχον·
768 505 941 574 τούτῳ
986 505 1041 559 δὲ
1087 504 1148 557 τὺ
1205 502 1551 573 ἀνύπαρκτον
1596 504 1808 559 ἕπεται.

1917 511 2171 574 compote
2209 504 2462 567 rationis,
2500 504 2566 558 ad
2606 503 2768 558 a'liam
2796 500 2962 573 hujus
2988 506 3265 569 etpertem
3308 507 3493 555 trans-

259 607 405 658 Ὥστε
454 597 673 652 καθόλου
725 596 813 650 8ιά
863 599 961 669 τῆς
1015 594 1333 658 ἀκολουθίας
1365 594 1501 666 πρὸς
1537 595 1599 647 τὺ
1632 594 1706 666 μὴ
1745 593 1805 647 ὃν

256 697 423 757 αὐτοῖς
450 694 481 761 ἡ
513 689 657 761 ψυχὴ
696 690 1093 761 μεταχωρήσει.
1123 688 1331 761 Οὐκοῦν
1358 689 1638 759 ἀμήχανος
1665 689 1805 759 αὐτῇ

254 784 401 840 πάλιν
437 780 493 845 ἐξ
520 777 764 847 ἀνάγκης
794 777 946 831 ἔσται
988 779 1020 848 ἡ
1071 775 1206 846 πρὸς
1231 775 1294 828 τὸ
1327 776 1571 845 κρεῖττον
1610 776 1809 831 ἐπάνο-

253 878 353 940 δος.
393 870 545 924 ’Λλλά
598 870 704 940 μὴν
749 870 816 923 ἐκ
857 869 1062 939 θάμνου
1111 868 1202 922 ἐπὶ
1233 868 1327 922 τὸν
1377 868 1663 941 ἄνθρωπον
1709 867 1808 936 τὴν

250 967 416 1037 ψυχὴν
455 961 837 1029 ἐπανάγουσιν.
898 959 1107 1014 Οὐκοῦν
1152 960 1553 1030 προτιμοτέραν
1608 957 1707 1029 τήν
1750 960 1809 1010 ἐν

249 1059 429 1127 θάμνῳ
478 1051 622 1122 ζωὴν
676 1053 777 1121 τῆς
827 1053 1120 1123 ἀσωμάτου
1176 1050 1454 1121 διαγωγῆς
1499 1053 1564 1103 ὲκ
1606 1049 1809 1102 τούτων

249 1142 697 1203 ἀποδεικνύουσιν.
734 1142 1011 1196 Δέδεικται
1037 1142 1167 1212 γὰρ,
1200 1142 1283 1195 ὅτι
1315 1142 1349 1211 ὴ
1379 1140 1517 1211 πρὸς
1545 1141 1605 1193 τὸ
1631 1138 1810 1210 χεῖρον

248 1236 495 1311 γενομένη
811 1234 915 1304 τῆς
961 1234 1177 1304 ψυχῆς,
1211 1232 1348 1304 πρὸς
1394 1233 1454 1285 τὸ
1502 1232 1808 1302 κατώτεραν

248 1329 379 1381 κατὰ
404 1326 463 1379 τὸ
490 1325 638 1387 εἰκὸς
671 1325 1027 1393 ὑποδήσεται.
1067 1323 1413 1393 ’Υποσέὄηκε
1441 1323 1498 1377 δὲ
1529 1324 1628 1395 τὴν
1657 1322 1810 1379 ἀναί-

248 1420 428 1488 σθητον
466 1414 628 1485 φύσιν
654 1414 714 1468 τὸ
742 1414 966 1485 ἄψυχον,
992 1416 1071 1478 εἰς
1094 1414 1125 1467 ὃ
1156 1414 1228 1469 δι’
1254 1414 1572 1477 ἀκολουθίας
1605 1416 1638 1485 η
1668 1415 1811 1485 ἀρχὴ

246 1510 333 1568 τοῦ
386 1508 649 1576 δόγματος
692 1507 871 1559 αὐτῶν
916 1507 1016 1578 τὴν
1054 1506 1234 1576 ψυχὴν
1276 1504 1421 1573 ἄγει.
1461 1505 1599 1558 Ἀλλ’
1626 1504 1812 1574 ἐπειδὴ

245 1603 390 1657 τοῦτο
409 1602 469 1654 οὐ
493 1598 821 1671 βούλονταιῆ
859 1599 936 1669 τῷ
964 1598 1278 1671 ἀναισθήτῳ
1308 1598 1408 1670 τὴν
1432 1597 1609 1669 ψυχὴν
1639 1599 1813 1666 ἐγκα-

243 1694 602 1754 τακλείουσιν,
635 1691 669 1751 ἢ
711 1692 874 1763 εἰπερ
919 1690 1168 1744 ἐντεῦθεν
1214 1691 1307 1743 ἐπὶ
1334 1690 1425 1743 τὸν
1472 1689 1813 1761 ἀνθρώπινον

240 1784 401 1854 ἀύτὴν
432 1782 760 1850 ἐπανάγοιεν
806 1781 950 1852 βίον,
996 1782 1390 1854 προτιμότερον
1418 1780 1631 1847 (καθὼς
1663 1778 1814 1852 εἴρη-

1908 595 2045 664 ibit;
2083 595 2150 651 de
2172 596 2274 651 hac
2307 611 2501 652 rursus
2538 596 2605 651 ad
2634 597 2868 668 plantas,
2910 611 3076 650 sensu
3107 596 3273 649 etiam
3298 608 3495 647 caren-

1907 684 2016 750 tes,
2058 688 2259 757 quibus
2287 703 2350 743 ea
2394 697 2587 741 natura
2627 698 2712 743 est
2734 686 3005 757 proxima,
3037 685 3094 740 in
3119 700 3226 756 qua
3264 698 3493 755 prorsus

1910 778 2091 831 anima
2138 779 2288 832 nulla
2331 785 2602 848 estzpost
2636 792 2799 847 quam
2856 775 2993 830 nihil
3030 782 3115 831 est
3156 775 3304 828 aliud
3359 774 3488 828 reli-

1908 882 2102 936 quum,
2156 868 2261 923 nisi
2314 870 2380 923 de
2424 870 2669 923 inanimo
2714 868 2770 922 in
2814 867 3043 922 nihilum
3086 864 3490 937 commigratio.

1911 958 1988 1013 De
2012 968 2123 1029 quo
2149 960 2333 1032 colligi
2367 970 2563 1031 potest,
2593 960 2834 1014 animum
2863 974 2957 1029 per
2980 960 3227 1029 ipsorum
3249 960 3493 1013 rationes

1910 1050 2167 1105 universe
2195 1050 2416 1105 tandem
2458 1050 2791 1107 exstincmm
2839 1050 2902 1104 iri
2932 1069 2945 1104 :
2976 1049 3210 1121 ideoque
3237 1050 3353 1104 tleri
3382 1065 3494 1109 non

1910 1150 2076 1211 posse
2111 1142 2222 1195 ullo
2255 1148 2436 1213 pacto,
2472 1151 2533 1197 ut
2564 1142 2629 1196 ad
2682 1149 2882 1197 statum
2928 1143 3365 1213 praestantiorem
3406 1157 3495 1197 re—

1911 1231 2055 1286 deat.
2090 1230 2159 1284 At
2190 1233 2335 1287 enim
2379 1234 2433 1286 hi
2466 1234 2706 1288 animum
2738 1237 2803 1287 ex
2844 1233 3070 1288 arbusto
3118 1232 3185 1286 ad
3217 1233 3493 1289 hominem

1913 1320 2204 1384 reducunt,
2232 1322 2588 1393 quamobrem
2621 1324 2915 1379 ostendunt
2947 1330 3006 1378 se
3039 1330 3301 1388 statuere,
3326 1324 3494 1378 vitam

1911 1413 1970 1469 in
2027 1416 2257 1469 arbusto
2306 1416 2739 1485 praestantiorem
2794 1416 2881 1469 illa
2926 1429 3070 1479 esse,
3123 1430 3285 1484 quam
3338 1422 3493 1470 extra

1913 1518 2123 1573 corpus
2155 1505 2374 1560 animus
2419 1504 2546 1573 agit.
2590 1503 2686 1559 Est
2708 1505 2853 1559 enim
2898 1504 3333 1559 deinonstratum
3382 1518 3493 1557 non

1912 1604 2077 1666 posse
2136 1596 2201 1650 ad
2261 1603 2463 1651 statum
2514 1595 2839 1651 deteriorem
2894 1595 3134 1648 animum
3196 1593 3491 1665 progredi,

1913 1678 2067 1743 extra
2101 1703 2264 1759 quam
2297 1687 2343 1743 si
2380 1687 2448 1741 ad
2490 1687 2750 1742 inferiora
2800 1687 3133 1757 prolabatur.
3180 1686 3275 1742 Est
3308 1695 3493 1745 autem

1915 1782 2163 1849 proxime
2210 1779 2352 1834 infra
2408 1788 2654 1834 naturam
2700 1795 2898 1836 sensus
2945 1789 3222 1850 expertem
3265 1787 3494 1850 prorsus

241 1878 359 1941 ται)
388 1875 478 1927 τὸν
524 1872 732 1949 ξυλώδη
778 1874 892 1945 βίον
934 1874 1034 1946 τῆς
1072 1874 1295 1945 πρώτης
1326 1872 1665 1953 ἀποδείξουσι
1707 1878 1809 1927 κά-

1917 1873 2176 1937 inanima,
2211 1873 2265 1927 in
2298 1882 2461 1943 quam
2497 1873 2760 1928 continua
2783 1873 2925 1928 serie
2951 1873 3214 1927 doctrinae
3249 1874 3492 1943 ipsorum

240 1969 575 2032 ταστάσεως,
621 1967 780 2040 εἴπερ
822 1967 1031 2020 ἐκεῖθεν
1077 1967 1178 2037 μὲν
1218 1969 1251 2037 ἡ
1304 1966 1441 2037 πρὸς
1482 1966 1681 2019 κακίαν
1711 1978 1813 2018 κα-

240 2066 505 2125 τάπτωσις
549 2062 794 2132 γέγονεν.
830 2059 1078 2115 ἐντεῦθεν
1108 2062 1163 2116 δὲ
1202 2064 1235 2133 ἡ
1268 2062 1403 2133 apt;
1441 2060 1641 2131 ἀρετὴν
1672 2060 1811 2114 ἐπά-

238 2156 376 2219 νοδος
421 2155 652 2223 γίνεται.
712 2152 923 2207 Οὐκοῦν
966 2153 1236 2222 ἀκέφαλός
1285 2170 1370 2217 τις
1417 2154 1509 2207 καὶ
1551 2152 1747 2223 ἀτελὴέ
1783 2152 1813 2203 ὁ

237 2248 462 2311 τοιοῦτος
489 2248 828 2319 διελέγχεται
874 2246 1052 2315 λόγος.
1087 2249 1115 2299 ὁ
1146 2246 1247 2308 τὰς
1268 2244 1447 2316 ψυχὰς
1480 2247 1564 2314 ἐφ’
1605 2231 1812 2299 ἑαυτῶν

236 2341 335 2412 πρὸ
361 2340 459 2409 τῆς
502 2341 564 2392 ὲν
618 2340 782 2413 σαρκὶ
836 2338 980 2408 ζωῆς
1034 2337 1297 2408 βιοτεύειν
1350 2336 1809 2402 κατασκευάζων,

235 2431 321 2484 καὶ
355 2430 441 2483 διὰ
480 2429 689 2493 κακίας
734 2428 1038 2482 ωνδεῖσθαι
1080 2430 1195 2492 τοῖς
1239 2430 1476 2498 σώμασι.
1517 2429 1637 2481 Τῶν
1661 2426 1718 2482 δέ
1749 2444 1813 2496 γε

232 2518 491 2589 νεωτέραν
545 2518 639 2571 τοῦ
690 2516 940 2588 σώματος
992 2518 1090 2588 τὴν
1116 2516 1296 2588 ψυχὴν
1344 2512 1481 2570 εἶναι
1511 2516 1813 2585 λεγόντων,

230 2609 760 2681 προκατεσκευάσθη
782 2608 868 2661 διὰ
895 2608 1005 2663 τῶν
1033 2592 1259 2661 κατόπιν
1287 2609 1322 2678 ὴ
1350 2607 1571 2660 ἀτοπία.
1606 2606 1813 2660 Ούκοῦν

229 2703 541 2773 ἀπόσλητος-
585 2702 782 2772 ἐπίσης
827 2706 856 2755 ὁ
894 2703 1024 2771 παρ’
1070 2699 1395 2773 ἀμφοτέρων
1424 2701 1600 2768 λόγος.
1633 2701 1732 2754 Διά
1756 2700 1814 2754 δὲ

228 2794 314 2847 τοῦ
360 2795 537 2865 μέσον
590 2793 700 2847 τῶν
740 2778 1060 2865 ύπολήψεων
1106 2792 1351 2846 εὐθύνειν
1391 2787 1543 2863 οἶμαι
1594 2792 1704 2845 δεῖν
1756 2794 1814 2845 ὲν

225 2886 439 2958 ἀληθείᾳ⁵
468 2888 547 2940 τὸ
572 2872 839 2959 ἡμέτερον
866 2886 1064 2956 δόγμα.
1100 2871 1257 2939 Ἐστι
1293 2884 1351 2938 δὲ
1381 2882 1563 2947 τοῦτο,
1590 2884 1651 2937 τὸ
1677 2886 1813 2955 μήτε

228 2977 360 3030 κατά
391 2978 492 3049 τὴν
565 2976 881 3048 Ἑλληνικὴν
926 2976 1141 3046 ἀπάτην
1187 2977 1245 3029 ὲν
1296 2976 1465 3048 κακίᾳ
1503 2966 1611 3031 τινί
1646 2977 1815 3048 βαρη-

228 3066 405 3134 θείσας
445 3069 564 3133 τὰς
597 3069 675 3141 τῷ
709 3069 873 3124 παντὶ
907 3069 1419 3141 συμπεριπολούσας
1461 3068 1659 3140 ψυχὰς,
1689 3070 1815 3123 ἀδυ-

1913 1967 2243 2038 principium
2272 1967 2493 2022 tandem
2544 1967 2787 2020 animum
2824 1965 3063 2022 deducit.
3098 1965 3255 2033 Quod
3298 1966 3343 2022 si
3390 1967 3495 2021 hoc

1912 2059 2051 2114 velle
2117 2076 2176 2115 se
2232 2065 2452 2129 negant,
2522 2056 2799 2112 fateantur
2852 2073 3081 2113 necesse
3130 2064 3235 2121 est,
3287 2058 3367 2112 vel
3424 2057 3494 2114 ad

1913 2158 2219 2204 extremum
2254 2160 2482 2220 prorsus
2518 2149 2760 2203 animum
2797 2158 3009 2203 natura:
3045 2162 3240 2204 sensus
3283 2151 3495 2219 experti

1915 2256 2138 2295 manere
2186 2242 2481 2306 inclusum,
2512 2242 2597 2296 vel
2638 2240 2685 2297 si
2733 2242 2801 2296 de
2838 2242 2941 2295 hac
2984 2241 3050 2296 ad
3092 2242 3256 2295 vitam
3298 2242 3494 2296 huma-

1915 2349 2039 2387 nam
2072 2342 2393 2397 revertatur,
2440 2332 2493 2387 id
2526 2348 2649 2388 esse
2690 2348 2876 2387 verum
2905 2334 3049 2401 quod
3096 2343 3222 2389 ante
3252 2332 3494 2390 diximus

1914 2440 1981 2479 ex
2024 2425 2126 2479 huc
2180 2425 2360 2494 sequi,
2396 2423 2831 2494 pmstantiorem
2882 2423 3095 2479 scilicet
3134 2425 3201 2480 ab
3247 2426 3327 2480 eis
3373 2441 3494 2481 eam

1913 2518 2080 2571 vitam
2113 2518 2300 2582 statui,
2344 2530 2466 2588 quae
2496 2516 2551 2570 in
2596 2515 2760 2587 lignis
2789 2518 3028 2585 exsistit,
3058 2516 3166 2571 vita
3209 2525 3264 2571 et
3302 2517 3495 2572 condi~

1915 2613 2066 2668 tione
2107 2612 2353 2685 principe
2389 2631 2402 2666 :
2443 2610 2663 2682 quando
2697 2625 2727 2664 a
2778 2612 3029 2682 principe
3088 2611 3403 2666 conditione
3438 2610 3498 2666 ﬁt

1915 2705 1981 2759 ad
2014 2706 2205 2759 vitium
2232 2704 2531 2775 prolapsio,
2559 2712 2613 2759 et
2651 2719 2681 2758 a
2721 2713 2915 2758 natura
2954 2704 3150 2759 sensus
3176 2714 3397 2774 experte
3428 2702 3496 2757 ad

1916 2796 2176 2853 virtutem
2208 2797 2439 2852 reditus.
2471 2795 2612 2867 Ergo
2650 2804 2764 2851 tota
2797 2796 3043 2865 ipsorum
3073 2793 3214 2849 ratio
3240 2801 3294 2850 et
3318 2794 3500 2865 capite

1917 2897 2090 2952 caret,
2120 2896 2175 2943 et
2202 2888 2329 2953 line,
2371 2870 2478 2957 qua
2527 2886 2761 2957 probare
2787 2895 3060 2940 conantur
3087 2885 3303 2939 animos
3342 2892 3500 2939 ante-

1914 2996 2079 3053 quam
2125 2980 2180 3034 in
2230 2988 2397 3034 carne
2432 2981 2637 3043 vivant,
2679 2978 2844 3032 .inter
2889 2992 2949 3033 se
2993 2977 3212 3047 degere,
3244 2977 3501 3048 vitiisque

1915 3074 2151 3146 primum
2196 3073 2598 3127 contaminatos
2647 3071 2971 3142 corporibus
3020 3071 3252 3141 alligari.
3292 3070 3500 3125 Eorum

226 3161 387 3234 ταμίᾳ
428 3160 523 3215 τοῦ
590 3161 1000 3234 συμπαραθέειν
1030 3164 1096 3231 τῇ
1141 3148 1360 3233 ὀξύτητι
1393 3162 1494 3231 τῆς
1524 3162 1619 3215 τοῦ
1651 3162 1813 3215 πόλου

1917 3181 2050 3222 vero
2079 3165 2169 3236 qui
2209 3164 2363 3218 aiunt
2388 3168 2510 3218 artu
2556 3163 2913 3234 posteriorem
2955 3174 3079 3219 esse
3110 3163 3354 3218 animum
3379 3177 3504 3217 cor-

226 3254 506 3320 κινήσεως,
564 3252 657 3305 ἐπὶ
682 3252 779 3322 τὴν
809 3252 916 3323 γῆν
940 3252 1302 3307 καταπίπτειν
1330 3251 1535 3306 οἴεσθαι
1553 3269 1566 3283 ⁸
1600 3252 1721 3325 μηδ’
1745 3248 1812 3309 αὖ

224 3343 380 3398 πάλιν
408 3345 591 3397 οἱονεὶ
622 3344 844 3415 πήλινον
890 3343 1179 3417 ἀνδριάντα
1204 3334 1704 3415 προδιαπλασθίντα
1736 3344 1815 3417 τῷ

224 3433 361 3503 λόγῳ
388 3436 481 3489 τὸν
521 3436 857 3508 ἄνθρωπον,
883 3436 1073 3491 τούτου
1103 3437 1266 3490 ἓνεκα
1315 3438 1414 3508 τὴν
1450 3438 1627 3508 ψυχὴν
1667 3439 1813 3507 γίνε-

224 3528 343 3582 σθαι
369 3530 585 3600 λέγειν.
615 3525 694 3583 Ἦ
722 3530 830 3603 γὰρ
862 3530 928 3586 ἀν
962 3530 1259 3603 ἀτιμοτέρα
1292 3530 1385 3584 τοῦ
1424 3524 1645 3603 πηλίνου
1678 3532 1814 3587 πλά-

1922 3274 2076 3334 pore,
2122 3261 2392 3328 prmcepta
2423 3256 2535 3326 jam
2574 3254 2822 3325 qtta'dam
2864 3264 2950 3311 eSt
2988 3263 3170 3310 mente
3220 3255 3495 3324 refutatio,

1923 3365 2046 3421 quaa
2076 3349 2338 3417 deinceps
2380 3346 2433 3400 in
2473 3346 2541 3401 iis
2587 3361 2709 3415 qua:
2758 3354 3085 3414 sequuntur,
3123 3362 3154 3401 a
3218 3346 3378 3402 nobis
3410 3364 3505 3403 ειν

1922 3450 2175 3514 ponetur.
2231 3441 2419 3512 Itaque
2466 3439 2547 3493 sic
2593 3438 3009 3505 concludamus,
3050 3446 3110 3493 ut
3155 3454 3277 3495 esse
3330 3441 3504 3510 partis

1922 3536 2208 3603 utriusque
2247 3532 2553 3587 doctrinam
2596 3546 2750 3602 aeque
2792 3530 3159 3600 abjiciendam
3192 3533 3506 3602 pronuntio-

1922 3643 2063 3680 mus.
2096 3625 2295 3679 Nostra
2340 3634 2470 3679 vero
2507 3625 2611 3678 hac
2649 3632 2764 3679 tota
2808 3623 2864 3677 in
2896 3638 2956 3679 re
2996 3625 3288 3688 sententia,
3326 3626 3504 3679 media

225 3636 426 3693 σματος
446 3624 481 3694 η
507 3622 686 3695 νοερὰ
716 3624 878 3692 φῦσις
914 3615 1279 3696 ἀποδειχθείη.

223 3716 363 3772 Inter
388 3718 723 3789 opinionem
773 3728 1058 3791 utramque
1089 3720 1173 3773 via
1208 3718 1532 3783 incedendo,
1571 3720 1745 3789 ipsam
1796 3720 1862 3775 ad
1898 3722 2182 3775 veritatem
2233 3738 2353 3777 sese
2406 3720 2621 3792 diriget,
2663 3721 2747 3774 est
2792 3720 2939 3773 enim
2991 3719 3503 3787 hujnsmodi:Ani-

227 3812 344 3865 mos
392 3825 581 3880 neque
627 3810 931 3866 secundum
977 3810 1177 3865 Griecaa
1222 3810 1504 3880 sapientiae
1562 3826 1831 3873 errorem,
1884 3828 1992 3866 una
2039 3828 2165 3866 cum
2214 3813 2571 3868 universitate
2622 3809 2677 3863 in
2718 3808 2904 3863 orbem
2940 3808 3195 3881 agitatas,
3245 3811 3504 3867 redditos.

223 3906 330 3972 (tne
382 3918 485 3974 per
537 3901 802 3957 vitiorum
848 3902 1371 3957 contaminationem
1411 3903 1711 3972 graviores,
1740 3917 1866 3957 cum
1907 3918 2066 3974 pares
2125 3918 2249 3958 esse
2301 3909 2465 3957 cursu
2518 3900 2807 3954 celerrimo
2856 3899 2961 3968 poli
3004 3900 3174 3956 motui
3210 3909 3501 3972 nequeant.

227 3993 283 4049 in
332 3993 544 4049 terram
580 3994 763 4051 delabi
799 4012 813 4050 ι
845 4010 1021 4066 neque
1049 3995 1301 4066 corporis
1339 4009 1506 4051 causa
1556 4006 1669 4053 tuin
1717 3996 1953 4066 primum
2016 3996 2173 4060 oriri,
2235 4011 2361 4050 cum
2414 3994 2527 4065 jam
2577 3992 2710 4048 illud
2784 3993 2960 4046 instar
3017 3993 3172 4047 lutea:
3213 3993 3503 4065 cujusdam

224 4096 419 4146 statua:
450 4090 529 4146 sit
559 4086 987 4145 conformatum.
1014 4086 1148 4142 Nam
1192 4102 1255 4142 ea
1288 4087 1498 4143 ratione
1541 4091 1737 4147 ﬂatura
1768 4088 2124 4159 intelligentia
2154 4087 2401 4158 praedita,
2433 4088 2580 4141 luteo
2613 4085 2870 4154 ﬁgmento
2900 4082 3135 4141 deterior
3166 4086 3323 4140 foret.

731 4191 1117 4259 ΚΕΦΑΛΑΙΟΝ
1159 4197 1288 4255 ΚΘ’.

2476 4196 2711 4255 CAPUT
2752 4196 2946 4255 XXIX.

223 4292 596 4358 Κατασκευή
625 4290 732 4364 τοῦ
754 4291 911 4364 μίαν.
935 4290 1031 4346 καὶ
1062 4289 1177 4364 τὴν
1204 4290 1399 4364 αύτῂν
1423 4289 1597 4364 ψυχῇ
1628 4308 1689 4349 τε
1717 4291 1813 4347 καὶ

1920 4290 2069 4351 Idem
2104 4312 2216 4350 esse
2246 4310 2364 4349 cum
2401 4293 2602 4355 animo,
2633 4303 2745 4346 tum
2776 4293 3006 4364 corpori,
3040 4293 3331 4349 amittendi
3358 4296 3507 4364 priu-

376 4364 617 4433 σώματι
646 4358 767 4429 τὴν⁷
791 4361 989 4415 ιιίτίαν
1015 4358 1125 4427 τῆς
1143 4358 1455 4430 ὑπάρξεωξ
1484 4358 1657 4417 εἶναι.

2442 4365 2659 4431 cipiunt,
2706 4358 2979 4432 probatur.

305 4453 448 4507 Ἀλλ’
480 4452 609 4515 ἑνὸς
638 4450 793 4515 δντος
819 4450 914 4505 τοῦ
958 4450 1266 4521 ἀνθρώπου,
1299 4450 1391 4506 τοῦ
1418 4452 1505 4509 διὰ
1538 4452 1717 4525 ψυχῆς
1755 4469 1813 4506 τε

1991 4456 2097 4512 Sed
2126 4472 2250 4512 cum
2283 4471 2426 4514 unus
2458 4464 2511 4511 et
2556 4454 2697 4511 idem
2730 4454 2903 4514 homo
2939 4455 3028 4517 sit,
3061 4454 3154 4516 qui
3197 4470 3427 4525 corpore
3452 4465 3507 4513 et

224 4548 318 4602 καὶ
367 4546 636 4618 σώματος
676 4544 1094 4616 συνεστηκότος,
1134 4536 1263 4615 μίαν
1293 4544 1456 4597 αὐτοῦ
1506 4547 1599 4600 καὶ
1635 4544 1813 4617 κοινὴν

1922 4549 2108 4604 animo
2143 4557 2357 4603 constat
2388 4564 2401 4601 :
2437 4562 2605 4601 unum
2646 4561 2771 4601 esse
2821 4561 3217 4615 rommunequc
3256 4548 3506 4602 tribuen-

218 4640 323 4712 τῆς
355 4642 684 4705 συστάσεως
732 4638 831 4711 τὴν
876 4638 1051 4711 ἀρχὴν
1098 4635 1482 4699 ὑποτίθεσθαι.
1526 4634 1602 4701 ὡς
1645 4638 1713 4692 ἂν
1746 4636 1813 4709 μὴ

1921 4642 2051 4697 dum
2110 4641 2159 4696 ei
2212 4639 2450 4695 dicimus
2493 4637 2795 4693 exsistendi
2842 4638 3195 4709 principium,
3247 4653 3314 4691 ne
3353 4647 3509 4709 parte

219 4733 386 4797 αὐτὸς
408 4729 618 4789 ἑαυτοῦ
650 4728 1074 4801 προγενέστερός
1094 4744 1154 4781 τε
1179 4726 1274 4781 καὶ
1298 4726 1563 4798 νεώτερος
1594 4727 1821 4797 γένοιτο,

217 4825 313 4881 τοῦ
350 4827 459 4898 μὲν
496 4823 821 4895 σωματικοῦ
862 4822 1283 4895 προτερεύοντος
1325 4823 1383 4875 ὲν
1424 4822 1602 4892 αὐτῷ,
1637 4821 1731 4875 τοῦ
1764 4822 1822 4877 δὲ

218 4916 412 4988 ἑτέρου
470 4913 946 4986 ὲφυστερίζοντος.
1006 4912 1167 4971 nam
1207 4917 1272 4986 τῇ
1312 4913 1414 4985 μὲν
1438 4918 1818 4990 προγνωστικῇ

214 5008 311 5063 τοῦ
356 5007 506 5061 Θεοῦ
550 5006 779 5079 δυνάμει
800 5046 815 5068 ,
860 5006 1002 5060 κατά
1032 5005 1122 5059 τδν
1149 5006 1331 5079 μικρῷ
1360 5006 1595 5078 πρόσθεν
1620 5008 1821 5063 ἀποδοο

213 5100 383 5157 θέντα
405 5099 601 5170 λόγον,
630 5099 774 5155 ἆπαν
802 5098 1210 5169 προϋφεστάναι
1233 5098 1295 5152 τὸ
1320 5098 1660 5170 ἀνθρώπινον
1684 5100 1821 5172 πλή-

218 5209 381 5264 ρωμα
412 5190 632 5258 λέγειν,
676 5189 1173 5261 συμμαρτυρούσης
1203 5191 1283 5254 εἰς
1310 5190 1469 5248 τοῦτο
1489 5192 1586 5259 τῆς
1608 5208 1820 5263 προφη-

213 5284 401 5349 τείας,
435 5282 551 5353 τῆς
583 5280 845 5351 λεγούσης
881 5281 1077 5337 εἰδέναι
1110 5281 1178 5339 τά
1210 5282 1385 5335 πάντα
1408 5283 1499 5335 τὸν
1529 5283 1661 5337 Θεὸν
1691 5283 1819 5355 πρὶν

214 5376 499 5441 γενέσεως
534 5374 737 5429 αὐτῶν.
783 5373 870 5426 Ἐν
908 5374 965 5427 δὲ
989 5378 1055 5446 τῇ
1088 5375 1209 5433 καθ’
1233 5376 1461 5430 ἕκαστον
1486 5377 1819 5449 δημιουργία

219 5466 299 5538 μὴ
322 5465 665 5538 προτιθέναι
686 5465 781 5518 τοῦ
803 5466 988 5535 ἐτέρου
1018 5468 1078 5519 τὸ
1095 5467 1302 5539 ἕτερον,
1327 5469 1465 5540 μήτε
1488 5469 1593 5541 πρὸ
1606 5468 1697 5522 τοῦ
1721 5468 1821 5521 σώ-

216 5576 393 5631 ματος
414 5559 525 5630 τὴν
542 5557 744 5630 ψυχὴν.
765 5561 902 5629 μήτε
926 5560 987 5613 τὸ
1008 5559 1241 5631 ἔμπαλιν
1264 5579 1275 5590 ο
1304 5560 1379 5624 ὡς
1403 5562 1467 5614 ἀν
1496 5563 1569 5634 μὴ
1602 5563 1820 5616 στασιά-

214 5652 299 5720 ζοι
330 5653 481 5726 πρὸς
512 5652 712 5705 ἑαυτὸν
743 5653 771 5705 ό
803 5653 1087 5725 ἄνθρωπος
1106 5657 1171 5725 τῇ
1207 5653 1349 5708 κατά
1368 5654 1459 5709 τὸν
1486 5655 1673 5727 χρόνον
1703 5657 1819 5710 δια-

291 5830 343 5862 “
384 5827 544 5884 Dan.
576 5842 697 5889 xm,
728 5827 820 5883 89..

593 5921 861 5981 Pnnot.
908 5917 1026 5978 Gn.
1076 5915 1284 5979 XLIV.

1925 4734 2027 4790 bac
2052 4733 2234 4803 seipse
2279 4732 2446 4801 prior,
2479 4730 2649 4785 altera
2682 4728 2866 4799 iunior
2895 4728 2968 4783 sit
2996 4735 3050 4782 et
3087 4727 3378 4797 posterior.
3413 4727 3507 4783 Dei

1925 4825 2136 4882 scilicet
2181 4824 2287 4877 vim
2332 4832 2533 4875 cuncta
2568 4819 3012 4892 prospicientem,
3065 4819 3223 4872 initio
3269 4819 3507 4890 speciem

1927 4924 2095 4971 totam
2135 4916 2191 4969 in
2215 4913 2497 4971 creatione
2526 4912 2867 4981 complexam
2893 4925 3038 4974 esse,
3065 4918 3125 4965 ut
3156 4926 3219 4965 ea
3250 4909 3363 4982 jam
3391 4917 3506 4964 tum

1923 5008 2245 5070 exsisteret,
2301 5003 2759 5078 quemadmodum
2822 5010 2907 5059 est
2953 5012 3080 5058 ante
3133 5002 3506 5065 declaratum,

1924 5099 2045 5170 ipso
2070 5098 2234 5153 etiam
2271 5096 2405 5151 vatis
2433 5094 2768 5154 testimonio,
2804 5093 2898 5165 qui
2932 5093 3101 5150 Deum
3135 5109 3296 5150 nosse
3325 5093 3507 5146 omnia

1923 5192 2079 5264 prius
2113 5205 2273 5260 quam
2326 5190 2596 5252 oriantur,
2641 5186 2804 5243 ait".
2845 5185 3115 5254 Quocirca
3157 5186 3388 5239 alterum
3429 5186 3509 5237 al-

1925 5283 2025 5339 teri
2058 5282 2295 5354 praeponi
2327 5296 2436 5337 non
2479 5278 2697 5342 debere,
2729 5276 2886 5347 quasi
2928 5275 3267 5345 singularum
3302 5275 3353 5327 in
3383 5289 3507 5344 par-

1932 5375 2066 5430 tium
2088 5372 2365 5427 creatione
2387 5368 2472 5423 vel
2502 5367 2721 5421 animus
2746 5365 2818 5419 sit
2848 5373 2976 5419 ante
3000 5377 3200 5431 corpus
3226 5360 3506 5415 conditus.

1930 5464 2014 5519 vel
2045 5478 2074 5517 e
2108 5459 2383 5517 contrario
2432 5472 2635 5527 corpus
2680 5466 2804 5509 ante
2844 5454 3111 5509 animum.
3148 5449 3317 5520 quue
3368 5450 3509 5502 hanc

1930 5555 2272 5628 potissimum
2317 5551 2389 5605 ob
2433 5564 2679 5609 causam,
2727 5562 2794 5601 nc
2840 5560 3026 5601 secum
3074 5544 3195 5613 ipse
3242 5541 3509 5596 dissidere

1925 5650 2176 5706 videatur
2227 5646 2412 5710 homo,
2463 5632 2721 5714 tanquam
2772 5640 3019 5695 diversas
3081 5638 3135 5693 in
3202 5642 3383 5706 partes
3437 5634 3508 5694 ob
