3988 6476
481 360 585 416 εδδ
1716 349 1772 404 ε.
1815 343 2056 404 casam

2182 343 2468 401 NYSSENI
3634 351 3732 403 27.6

481 475 746 548 temporis
799 476 854 530 in
905 474 1098 528 harum
1140 478 1263 526 ortu
1303 467 1598 522 discrimen
1646 467 1876 521 divisus.
1926 464 2056 518 Nam

2167 466 2309 534 φορᾷ
2355 463 2728 534 μεριζόμενος.
2783 463 2987 534 Διπλῆς
3041 465 3149 537 γάρ
3195 466 3292 536 τῆς
3339 465 3548 534 φύσεως
3581 469 3734 539 ἡμῶν

482 584 606 626 cum
647 568 714 622 de
748 565 992 637 Apostoli
1023 562 1322 621 sententia,
1359 567 1556 614 natura
1595 566 1784 612 nostra
1818 555 2057 610 bifariam

2170 555 2484 626 νοουμένης,
2515 555 2654 609 κατὰ
2694 556 2791 627 τὴν
2815 556 3176 627 άποστολικὴν
3198 555 3665 621 διδασκαλίαν,τοῦ
3680 577 3733 612 τε

481 659 838 727 intelligatur,
890 664 946 708 ιιι
998 654 1100 706 alia
1151 651 1223 707 sit
1269 650 1392 721 ejus
1441 649 1680 704 hominis
1729 657 1924 702 natura
1972 647 2056 717 qui

2172 649 2499 720 φαινομένου
2550 649 2876 721 ἀνθρώπου,
2925 651 3022 704 καί⁵
3075 649 3170 703 τοῦ
3220 651 3633 722 κεκρυμμένου·
3690 653 3735 704 εί

482 752 638 808 cerni
697 767 727 804 a
787 749 944 803 nobis
979 755 1181 817 potest,
1235 745 1341 799 alia
1381 743 1630 808 ,hominis
1661 742 1888 796 interius
1921 740 2057 795 velut

2169 741 2231 794 τὸ
2261 742 2362 812 μὲν
2401 743 2780 814 προϋπάρχοι,
2811 745 2876 798 τὸ
2908 744 2964 797 δὲ
2991 744 3327 812 ἐπιγένοιτο,
3360 745 3555 817 ἀτελής
3583 763 3666 810 τις
3705 748 3736 816 ἡ

483 843 651 898 abditi
687 849 743 895 et
772 838 1055 901 occultati,
1103 837 1150 890 si
1193 843 1560 890 statuerenms
1607 835 1837 887 alterum
1867 831 1937 886 de
1982 831 2058 886 his

2169 830 2265 884 τοῦ
2298 831 2758 903 δημιουργοῦντας
2798 833 3266 905 ἀπελεγχθήσεται
3289 834 3540 905 δύναμις,
3569 836 3629 888 οὐ
3663 837 3739 905 τῷ

479 934 765 1003 aliquanto
825 929 979 1000 prius
1022 935 1204 982 ortum
1260 925 1566 984 exstitisse.
1617 939 1781 994 quam
1837 923 2054 976 alterun

2171 925 2335 977 παντὶ
2365 925 2504 978 κατὰ
2529 925 2589 978 τὸ
2628 918 2824 996 ἀθρόον
2864 924 3188 995 ἐξαρκοῦσα,
3217 925 3358 979 ἀλλά
3391 928 3736 999 διαιρουμένη

481 1038 604 1078 esse
641 1021 926 1090 inciperet,
964 1019 1122 1089 plane
1162 1017 1266 1072 hoc
1319 1015 1522 1070 indicio
1553 1014 1715 1073 foret.
1760 1013 2056 1068 conditoris

2169 1015 2232 1069 τὸ
2260 1015 2422 1086 ἔργον
2441 1056 2457 1080 ,
2488 1017 2583 1070 καὶ
2615 1016 2718 1071 ἀνά
2760 1017 2922 1089 μέρος
2951 1018 3079 1089 περὶ
3103 1019 3360 1090 ἑκάτερον
3383 1020 3492 1074 τῶν
3515 1022 3737 1090 ἡμισευο

481 1121 805 1184 potestatem
861 1127 970 1166 non
1003 1110 1228 1166 omnino
1265 1108 1563 1179 perfectam
1595 1106 1890 1177 quamdam
1923 1120 2056 1164 esse,

2174 1107 2360 1178 μάτων
2381 1107 2770 1178 ἀσχολουμένη.
2823 1107 2961 1160 Ἀλλ’
2986 1107 3176 1180 ὥσπερ
3206 1111 3265 1162 ἐν
3290 1109 3367 1179 τῷ
3398 1110 3528 1181 σίτῳ
3559 1112 3737 1182 φαμὲν

482 1213 768 1276 propterea
813 1203 958 1274 quod
1010 1202 1162 1272 operi
1213 1201 1472 1255 universo
1521 1199 1684 1254 simul
1739 1196 2057 1251 absolvendc

2170 1199 2204 1270 ἢ
2252 1199 2310 1252 ἐν
2356 1201 2530 1272 ἑτέρῳ
2571 1200 2678 1253 τινὶ
2728 1199 2836 1254 τῶν
2883 1201 3232 1272 σπερμάτων,
3270 1201 3414 1255 ᾶπαν
3462 1202 3735 1273 ἐμπεριει-

482 1313 592 1352 non
639 1296 939 1357 suffecerit,
992 1295 1228 1364 ideoque
1258 1309 1454 1363 operas
1493 1292 1649 1363 quasi
1696 1288 2057 1360 interruperit,

2169 1290 2370 1361 λῆφθαι
2411 1293 2478 1362 τῇ
2525 1290 2750 1361 δυνάμει
2792 1291 2854 1344 τὸ
2882 1292 3024 1345 κατά
3063 1292 3156 1345 τὸν
3200 1293 3399 1364 στάχυν
3444 1289 3617 1358 εἶδος,
3650 1294 3739 1346 τὸν

481 1404 545 1442 ac
600 1388 844 1444 vicissim
902 1386 956 1438 in
1013 1385 1364 1455 perficiendis
1419 1383 1654 1452 singulis
1704 1381 1952 1452 partibus
2001 1394 2056 1434 et

2171 1383 2382 1452 χόρτον,
2409 1384 2507 1454 τὴν
2525 1383 2799 1454 καλάμην,
2824 1384 2925 1448 τάς
2951 1385 3043 1438 διὰ
3072 1384 3236 1455 μέσου
3264 1385 3458 1450 ζώνας,
3481 1388 3570 1440 τὸν
3603 1405 3737 1460 καρ-

481 1479 717 1534 semisse
768 1477 920 1547 prius
953 1475 1219 1530 absolutis
1247 1482 1514 1542 occupata
1561 1471 1745 1526 fuerit.
1796 1468 2056 1524 Nimirum

2170 1473 2292 1538 πὺν,
2336 1475 2463 1536 τοὺς
2509 1474 2827 1545 άνθέρικας,
2879 1475 2973 1527 καὶ
3019 1475 3170 1529 οῦδὲν
3203 1477 3404 1531 τούτων
3451 1479 3509 1531 ἐν
3535 1479 3615 1549 τῷ
3639 1481 3737 1549 τῆς

485 1577 544 1622 ιιι
597 1569 652 1622 in
694 1567 860 1622 tritici
913 1580 1083 1635 grano
1131 1563 1218 1617 vel
1263 1563 1456 1632 quovis
1495 1562 1604 1614 alio
1645 1559 1852 1614 semine
1901 1567 2060 1612 totam

2160 1561 2386 1630 ,φύσεως
2424 1563 2566 1634 λόγῳ
2599 1563 2994 1634 προϋπάρχειν,
3029 1565 3061 1636 ἢ
3089 1567 3441 1637 προγενεσθαί
3463 1587 3640 1639 φαμεν
3673 1573 3735 1640 τῇ

483 1660 650 1731 spica:
695 1659 776 1714 vel
832 1656 1048 1726 frugum
1101 1663 1441 1709 maturarum
1494 1654 1730 1724 speciem
1772 1660 2058 1724 potestate,

2172 1653 2330 1722 φύσει
2371 1655 2465 1708 τοῦ
2502 1655 2842 1727 σπέρματος.
2872 1657 3010 1710 ἀλλά
3045 1657 3197 1723 τάξει
3250 1659 3349 1729 μέν
3399 1676 3504 1713 τινι
3537 1665 3738 1732 φυσικῇ

482 1754 646 1810 sicuti
698 1753 1000 1822 loquimur,
1055 1749 1502 1820 comprehensam
1555 1748 1812 1810 dicimus,
1844 1754 1897 1801 et
1946 1745 2057 1800 her-

2169 1747 2268 1818 τὴν
2305 1747 2631 1826 ἐγκειμένην
2661 1748 2740 1819 τῷ
2784 1750 3060 1821 σπέρματι
3091 1749 3319 1821 δύναμιν
3349 1751 3738 1823 φανεροῦσθαι,

482 1847 633 1909 ham,
686 1851 740 1900 et
772 1807 1054 1907 'culmum,
1100 1848 1154 1896 et
1213 1841 1542 1904 internodia,
1601 1847 1655 1892 et
1703 1839 1962 1898 fructum,
2014 1843 2057 1890 el

2172 1807 2235 1885 οῦ
2387 1807 3041 1909 ἐτέραίέπείσκρίνέάθαι
3078 1807 3240 1910 φύσιν
3267 1858 3282 1873 '
3307 1807 3446 1894 καίτά
3473 1807 3562 1896 τὸν
3581 1807 3741 1896 αὑτὸν

481 1937 682 1990 aristas
723 1952 739 1988 :
783 1948 907 1988 cum
952 1931 1087 1986 nihil
1126 1929 1320 1984 horum
1371 1931 1542 1983 altero
1574 1930 1629 1983 in
1679 1939 1872 1982 natura
1918 1927 2056 1997 prius

2173 1925 2328 1994 λόγον
2381 1926 2476 1979 καὶ
2527 1927 2628 1998 τὴν
2681 1927 3028 2000 ἀνθρωπίνην
3091 1929 3299 2002 σποράν
3367 1931 3742 2004 ὑπειλήφαμεν

482 2027 661 2094 reipsa
711 2023 974 2088 exsistat,
1027 2022 1110 2076 vel
1169 2021 1382 2076 oriatur
1417 2021 1627 2094 Icilius,
1693 2019 1788 2074 sed
1837 2019 2057 2073 naturali

2173 2016 2316 2086 ἐχειν
2339 2016 2398 2069 ἐν
2423 2019 2489 2088 τῇ
2510 2016 2699 2089 πρώτῃ
2717 2019 2815 2089 τῆς
2845 2020 3161 2084 συστάσεως
3188 2021 3412 2093 ἀφορμῇ
3437 2039 3741 2094 συνεσπαρ-

483 2116 675 2172 ordine
705 2114 922 2169 tandem
953 2113 1118 2166 insita
1147 2111 1352 2168 semini
1383 2110 1616 2165 facultas
1639 2109 1754 2178 ipsa
1785 2119 2058 2178 appareat,

2177 2106 2344 2178 μένην
2377 2107 2474 2178 τὴν
2520 2109 2614 2178 τῆς
2662 2109 2874 2180 φύσεως
2921 2110 3172 2182 δύναμιν.
3233 2111 3622 2177 Ἑξαπλοῦσθαι
3686 2114 3741 2167 δὲ

485 2207 632 2262 nulla
680 2207 734 2260 in
784 2220 968 2261 semen
1016 2203 1122 2257 alia
1180 2217 1241 2258 se
1285 2210 1480 2256 natura
1528 2201 1874 2255 extrinsecus
1921 2203 2060 2254 velul

2174 2200 2269 2253 καὶ
2298 2200 2657 2273 φανεροῦσθαι
2703 2201 2790 2257 διά
2816 2220 2960 2267 τινος
3003 2205 3238 2276 φυσικῆς
3266 2205 3582 2270 ἀκολουθίας
3610 2207 3743 2277 πρὸς

487 2301 832 2354 insinuante:
864 2296 944 2350 sic
978 2294 1140 2348 etiam
1174 2293 1554 2348 existimamus
1602 2291 1841 2344 humano
1886 2290 1939 2343 in
1982 2305 2062 2345 se-

2174 2289 2236 2342 τὸ
2285 2290 2487 2344 τέλειον
2535 2291 2862 2364 προϊοῦσαν,
2904 2295 2964 2347 οὐ
3000 2295 3518 2368 προσλαμϐάνουσάν
3553 2315 3605 2350 τι
3636 2297 3744 2349 τῶν

495 2388 662 2451 mine,
708 2401 833 2439 cum
873 2385 1036 2438 homo
1075 2383 1311 2452 primutn
1343 2383 1535 2451 incipit
1564 2381 1720 2443 oriri,
1753 2379 2067 2434 facultatem

2174 2379 2371 2446 ἔξωθεν
2402 2383 2480 2444 εἰς
2519 2381 2771 2453 ἀφορμὴν
2801 2383 3129 2449 τελειώσεως
3147 2401 3161 2415 ο
3189 2385 3305 2439 ἀλλ’
3352 2386 3548 2456 ἑαυτὴν
3575 2388 3654 2450 είς
3684 2385 3745 2438 τὸ

485 2478 792 2533 naturalem
845 2474 1154 2539 contineri,
1216 2474 1379 2528 simul
1424 2488 1546 2528 cum
1600 2473 1722 2542 ipso
1775 2481 2060 2526 excretam.

2179 2471 2382 2525 τέλειον
2409 2471 2474 2526 δι’
2502 2472 2820 2536 ἀκολουθίας
2861 2476 3226 2546 προάγουσαν.
3277 2475 3364 2540 Ὠς
3395 2478 3530 2546 μήτε
3564 2477 3745 2546 ψυχὴν

490 2570 642 2626 Hanc
674 2583 839 2639 porro
871 2566 1106 2622 naturali
1135 2565 1370 2636 quadam
1402 2565 1805 2635 progressionis
1831 2565 1972 2618 serie
2005 2564 2065 2620 ad

2175 2564 2281 2634 πρὸ
2303 2564 2397 2618 τοῦ
2428 2564 2696 2636 σώματος,
2727 2567 2866 2638 μήτε
2887 2569 3054 2638 χωρὶς
3078 2568 3254 2640 ψυχῆς
3275 2568 3336 2621 τὸ
3367 2568 3522 2639 σῶμα
3547 2568 3744 2638 ἀληθές

488 2661 878 2734 perfectionem
912 2658 996 2712 sui
1031 2657 1474 2721 contendentem,
1517 2656 1778 2726 paulatim
1814 2671 1872 2710 se
1900 2656 2063 2724 expli-

2175 2650 2313 2708 εῖναι
2340 2654 2538 2726 λέγειν,
2565 2656 2700 2710 ἀλλά
2733 2657 2860 2728 μίαν
2887 2659 3210 2730 ἀμφοτέρων
3238 2659 3432 2732 ἀρχὴν,
3469 2663 3611 2713 κατα
3645 2660 3745 2728 μὲν

489 2769 617 2808 care
656 2767 719 2806 ac
768 2747 1094 2821 patefacere,
1137 2762 1244 2802 non
1291 2747 1439 2817 quod
1484 2747 1828 2801 extrinsecus
1869 2746 2064 2817 aliquid

2173 2747 2264 2800 τὸν
2290 2746 2618 2820 ὑψηλότερον
2643 2749 2819 2818 λόγον,
2844 2751 2902 2802 ἐν
2940 2750 3017 2821 τῷ
3049 2750 3248 2822 πρώτῳ
3274 2750 3368 2804 τοῦ
3394 2750 3528 2804 Θεοῦ
3552 2749 3745 2821 βουλή.

476 2846 740 2916 _recipiat,
787 2842 946 2912 cujus
977 2856 1078 2910 ope
1121 2841 1207 2894 sui
1253 2838 1645 2910 perfectionem
1696 2837 2034 2909 adipiscatur

2176 2855 2305 2908 ματι
2353 2838 2782 2910 καταϐληθεῖσαν
2803 2880 2818 2904 ,
2870 2841 3012 2895 κατά
3046 2839 3103 2894 δέ
3151 2841 3242 2894 τὸν
3273 2841 3457 2912 ἕτερον
3478 2882 3492 2905 ,
3524 2843 3581 2893 ἐν
3623 2844 3745 2904 ταῖς

491 2937 587 2994 sed
619 2935 836 3006 propria
873 2933 924 2987 vi
955 2931 1022 2985 ad
1055 2946 1175 2987 eam
1212 2931 1479 3003 paulatim
1527 2930 1858 3001 proficiendo
1887 2946 2066 3000 perve-

2171 2929 2272 2998 τῆς
2318 2930 2582 2996 γενέσεως
2619 2931 2894 3002 ἀφορμαῖς
2927 2930 3342 3002 συνισταμένην.
3390 2932 3475 2994 Ὠς
3508 2933 3616 3002 γάρ
3646 2932 3745 2984 οὖν

486 3029 587 3085 ait.
623 3028 854 3081 Animus
879 3024 1038 3086 adeo,
1080 3022 1540 3092 quemadmodum
1574 3031 1700 3076 ante
1727 3037 1926 3090 corpus
1963 3037 2061 3076 non

2173 3019 2288 3074 ἔστι
2319 3021 2418 3092 τὴν
2443 3022 2582 3075 κατά
2613 3021 2752 3093 μέλη
2794 3021 3121 3094 διάρθρωσιν
3165 3023 3357 3077 ἐνιδεῖν
3385 3023 3464 3093 τῷ
3491 3025 3624 3095 πρὸς
3647 3025 3746 3092 τὴν

486 3120 726 3182 exsistit,
758 3119 839 3174 sic
870 3116 1109 3170 hominis
1139 3115 1296 3169 initio
1343 3115 1464 3170 sine
1497 3115 1682 3168 animo
1712 3130 1911 3184 corpus
1950 3131 2061 3171 esse

2176 3112 2435 3183 σύλληψιν
2474 3113 2565 3166 τοῦ
2614 3113 2861 3185 σώματος
2897 3116 3221 3188 ἐντιθεμένῳ
3263 3118 3369 3189 πρὸ
3399 3119 3496 3188 τῆς
3522 3118 3744 3173 διαπλά-

488 3213 595 3268 dici
642 3225 766 3265 vere
807 3208 1016 3280 nequit.
1051 3205 1228 3261 Unum
1259 3216 1343 3262 εει
1389 3207 1676 3275 utriusque
1715 3206 2062 3277 principium,

2173 3218 2344 3267 σεως’
2385 3202 2556 3267 οὓτως
2591 3203 2711 3257 οὐδὲ
2748 3205 2848 3269 τὰς
2895 3206 2994 3277 τῆς
3034 3206 3210 3278 ψυχῆς
3266 3209 3528 3278 ἰδιότητας
3577 3212 3636 3262 ἐν
3667 3210 3745 3279 τῷ

485 3296 634 3368 quod
647 3295 946 3351 secundum
963 3295 1230 3350 rationem
1255 3293 1475 3364 quidem
1496 3293 1869 3348 sublimiorem
1893 3294 2060 3364 prima

2169 3293 2319 3364 αὐτῷ
2361 3294 2582 3348 δυνατόν
2626 3296 2739 3348 ἐστι
2781 3299 3146 3368 κατανοῆσαι,
3185 3301 3312 3370 πρὶν
3350 3301 3630 3371 προελθεῖν
3664 3304 3744 3364 εἰς

485 3390 544 3446 in
589 3389 874 3443 voluntate
920 3385 1036 3450 Dei,
1082 3395 1340 3455 tanquam
1396 3382 1751 3438 fundamento
1792 3386 2060 3447 innititur,

2170 3386 2471 3458 ἐνέργειαν.
2498 3386 2808 3460 Καὶῶσπερ
2831 3388 2932 3442 οῦκ
2961 3391 3026 3444 ἀν
3045 3408 3129 3454 τις
3157 3391 3453 3462 ἀμφιὸάλοι
3477 3393 3614 3462 πρὸς
3643 3393 3744 3456 τάς

485 3477 700 3532 ratione
742 3483 922 3530 autem
967 3476 1160 3536 altera,
1193 3475 1248 3528 in
1297 3481 1453 3528 ortus
1490 3474 1664 3528 nostri
1705 3473 1931 3528 exordio
1971 3491 2060 3544 po-

2172 3479 2276 3532 τῶν
2315 3479 2530 3552 ἄρθρων
2577 3497 2637 3532 τε
2680 3482 2774 3533 καὶ⁸
2808 3481 3130 3553 σπλάγχνων
3173 3484 3434 3556 διαφοράς
3471 3487 3646 3539 ἐκεῖνο
3681 3486 3747 3539 τὸ

487 3569 722 3624 tendum
762 3575 868 3622 est.
911 3565 1046 3620 Nam
1091 3577 1148 3620 ut
1180 3565 1234 3619 in
1275 3581 1361 3629 eo,
1389 3565 1530 3634 quod
1583 3575 1826 3619 materna
1857 3567 1908 3620 in
1946 3568 2062 3621 alvo

2170 3571 2381 3623 ἐντεθέν
2425 3571 2885 3642 σχηματίζεσθαι,
2936 3575 3035 3628 οὐκ
3075 3575 3242 3646 ἀλλης
3285 3577 3428 3641 τινος
3463 3577 3745 3648 δυνάμεως

498 3659 564 3715 ad
617 3659 1026 3728 conceptionem
1105 3657 1354 3727 corporis
1411 3656 1720 3727 deponitur.
1775 3666 2064 3728 antequam

2169 3664 2657 3735 ἐπεισερχομένης,
2699 3665 2836 3718 ἀλλά
2863 3665 2961 3736 τῆς
2992 3668 3316 3740 ἐγκειμένης
3341 3669 3582 3738 φυσικῶς
3605 3669 3743 3741 πρὸς

489 3749 774 3812 formctur,
805 3749 1040 3820 perspici
1067 3750 1352 3804 articulata
1384 3748 1752 3801 membrorum
1785 3750 2064 3802 colueren-

2166 3753 2264 3826 τὴν
2309 3754 2586 3826 ἐνέργειαν
2626 3757 2796 3827 αὐτῆς
2827 3757 3230 3832 μεθισταμένης
3252 3778 3265 3790 ο
3313 3760 3454 3814 οῦτω
3487 3763 3576 3814 καὶ
3613 3763 3741 3831 περὶ

489 3844 622 3898 tium
654 3841 934 3898 distinctio
969 3841 1177 3911 nequit,
1220 3842 1300 3894 sic
1333 3855 1506 3910 neque
1533 3840 1615 3895 vis
1644 3838 1812 3894 animi
1845 3840 2064 3910 propria

2167 3845 2343 3918 ψυχῆς
2383 3847 2659 3915 ἀναλόγως
2689 3848 2804 3902 ἔστι
2830 3850 2891 3902 τὺ
2916 3845 3033 3904 ἴσον
3064 3852 3380 3922 ὑπονοῆσαι.
3411 3854 3492 3906 ὅτι
3533 3856 3636 3909 κᾶν
3662 3855 3739 3923 μὴ

485 3931 817 4004 deprehendi
867 3932 923 3986 in
969 3933 1159 3986 eodem
1212 3939 1392 4002 potest
1429 3937 1578 3993 ante,
1610 3947 1774 4002 quam
1827 3932 1894 3986 ad
1935 3932 2060 3987 effe-

2165 3937 2254 3992 διά
2291 3957 2450 3993 τινων
2479 3941 2768 4012 ἐνεργειῶν
2813 3944 2871 3995 ἐν
2911 3942 2990 4014 τῷ
3039 3947 3348 4016 φαινομένῳ
3383 3946 3738 4018 γνωρίξηται,

486 4027 703 4080 ctiones
739 4039 868 4079 suas
909 4025 998 4078 illa
1042 4022 1446 4093 progrediatur.
1489 4021 1555 4075 Et
1602 4023 2061 4092 quemadmodum

2164 4029 2316 4083 οὐδὲν
2359 4025 2518 4101 ἧττόν
2558 4035 2706 4086 ἐστιν
2750 4035 2807 4086 ἐν
2843 4035 3055 4105 ἐκείνῳ.
3093 4037 3201 4089 Καὶ
3227 4035 3334 4107 γάρ
3371 4039 3462 4090 καὶ
3508 4037 3569 4090 τὸ
3597 4033 3739 4101 εἶδος

485 4115 692 4172 nemini
735 4114 960 4170 dubium
1008 4122 1113 4176 est,
1151 4112 1293 4166 idem
1338 4113 1470 4168 illud
1515 4113 1568 4167 in
1615 4113 1862 4170 diversos
1911 4123 2060 4170 artus

2167 4120 2260 4176 τοῦ
2295 4122 2576 4193 μέλλοντος
2603 4125 2950 4179 συνίστασθαι
2980 4127 3264 4199 ἀνθρώπου
3305 4129 3364 4180 ἐν
3393 4130 3583 4199 ἐκεινῳ
3621 4131 3742 4182 ἐστὶ

486 4210 814 4276 diversaque
858 4205 1067 4261 viscera
1121 4205 1476 4266 conformari,
1529 4206 1674 4258 nulla
1723 4217 1944 4261 externa
1982 4205 2061 4261 fa-

2167 4218 2229 4287 τῇ
2263 4215 2507 4286 δυνάμει,
2536 4216 2784 4271 λανθάνει
2806 4219 2861 4272 δὲ
2891 4218 2978 4272 διὰ
3004 4220 3065 4273 τὸ
3089 4220 3163 4292 μὴ
3189 4216 3327 4274 εἶναι
3353 4222 3577 4275 δυνατὸν
3601 4224 3742 4291 πρὸς

487 4299 706 4360 cultate.
760 4304 820 4352 ut
864 4296 967 4350 hoc
1010 4295 1276 4366 perficiat.
1346 4295 1725 4366 ingrediente:
1764 4299 1860 4352 sed
1894 4299 2062 4353 facul-

2166 4305 2263 4375 τῆς
2304 4305 2609 4374 ἀναγκαίας
2664 4306 2984 4370 ἀκολουθίας
3021 4309 3378 4378 ἀναφανῆναι.
3440 4308 3595 4360 Οῦτω
3643 4309 3741 4360 καὶ

489 4399 598 4444 tate
634 4389 737 4459 ipsi
778 4403 807 4441 a
841 4395 1032 4442 natura
1065 4388 1252 4447 insita,
1286 4403 1453 4456 opera
1490 4397 1544 4440 ct
1574 4388 1853 4443 effectione
1883 4407 1978 4445 sua
2008 4392 2061 4446 in

2167 4397 2198 4466 ἡ
2241 4397 2384 4468 ψυχή
2410 4399 2526 4450 ἐστι
2559 4397 2656 4467 μὲν
2687 4399 2743 4450 ἐν
2777 4398 2967 4468 ἐκείνῳ
2995 4401 3089 4452 καὶ
3115 4399 3191 4470 μὴ
3222 4399 3538 4470 φαινομένη,
3565 4402 3742 4471 φανή-

488 4480 591 4533 hoc
642 4477 989 4531 incumbente
1022 4473 1250 4529 :eadem
1298 4476 1512 4528 ratione
1563 4474 1630 4528 de
1676 4478 1858 4529 animo
1905 4477 2060 4532 nobis

2167 4504 2317 4541 σεται
2344 4489 2401 4542 δέ
2419 4489 2507 4542 διά
2534 4491 2632 4560 τῆς
2659 4491 2864 4553 οἰκείας
2883 4491 3080 4562 ἑαυτῆς
3107 4493 3200 4544 καὶ
3225 4492 3365 4545 κατά
3390 4491 3549 4561 φύσιν
3578 4494 3739 4561 ἐνερ-

488 4568 836 4639 cogitandum
873 4575 979 4626 est,
1028 4566 1242 4621 etiamsi
1291 4581 1388 4635 per
1435 4566 1697 4634 quasdam
1745 4566 2060 4624 affectiones

2165 4582 2352 4650 γείας,
2379 4585 2446 4654 τῇ
2483 4585 2768 4653 σωματικῇ
2801 4579 3026 4653 αὐξήσει
3068 4584 3463 4656 συμπροῖοῦσα.
3517 4585 3740 4656 Ἐπειδὴ

490 4658 546 4711 in
569 4638 731 4727 parte
772 4655 1010 4710 hominis
1049 4663 1270 4709 externa
1316 4663 1370 4708 et
1420 4662 1732 4724 apparente,
1767 4657 1963 4711 indicia
1993 4659 2060 4714 de

2166 4638 2272 4742 γάρ
2298 4638 2398 4723 οῦκ
2559 4638 2768 4742 νεκροῦ.
2797 4638 3044 4742 σώματος
3083 4638 3290 4744 ἠιπρλς
3333 4674 3430 4744 τὴν
3476 4638 3741 4744 σύλληψιν

489 4767 550 4806 εε
605 4749 751 4803 nulla
799 4749 1069 4819 praebeat,
1128 4747 1483 4801 nihilominus
1541 4757 1859 4816 praasentem
1915 4765 2056 4805 esse.

2160 4760 2382 4834 δύναμις
2425 4763 2809 4834 ἀποκρίνεται,
2856 4763 2970 4817 ἀλλ’
3001 4764 3061 4829 ἐξ
3101 4764 3345 4836 ἐμψύχου
3381 4767 3473 4818 καὶ
3497 4765 3697 4829 ζῶντος
3724 4786 3735 4796 ·

487 4839 624 4894 Nam
653 4848 702 4894 et
750 4840 920 4894 futuri
956 4839 1192 4894 hominis
1238 4839 1411 4892 forma
1442 4846 1710 4908 potestate
1751 4839 1966 4898 exsistit
2005 4843 2059 4898 in

2165 4854 2244 4910 διὰ
2263 4855 2416 4908 τοῦτό
2439 4872 2620 4927 φαμεν
2658 4855 2876 4925 εὔλογον
2901 4853 3040 4911 εἶναι
3079 4857 3154 4930 μὴ
3175 4858 3366 4928 νεκρὸν
3399 4859 3492 4911 καὶ
3525 4858 3740 4929 ἄψυχον

491 4932 700 4988 semine
733 4951 745 4987 :
774 4940 938 5003 atque
975 4932 1183 4986 idcirco
1221 4932 1371 4989 latet,
1421 4931 1570 5001 quod
1601 4931 1747 4986 velut
1795 4931 1848 4987 in
1884 4933 2058 4991 lucem

2162 4945 2360 5000 οἴεσθαι
2389 4946 2448 5000 τὸ
2473 4947 2581 5000 ἀπὸ
2601 4947 2798 5011 ζῶντος
2824 4949 2904 5010 εἰς
2923 4947 3064 5018 ζωῆς
3096 4948 3352 5020 ἀφορμὴν
3385 4950 3737 5020 προϊέμενον.

488 5021 753 5096 producta
783 5022 1026 5093 conspici
1065 5021 1494 5092 prius'nequeat,
1525 5039 1688 5091 quam
1717 5028 2061 5081 necessarius

2158 5036 2231 5089 Τὸ
2257 5037 2364 5108 γάρ
2405 5038 2462 5089 ἐν
2499 5035 2663 5108 σαρκὶ
2704 5035 2941 5106 ἄψυχον,
2979 5038 3075 5090 καὶ
3113 5038 3304 5110 νεκρόν
3332 5041 3446 5092 ἐστι
3491 5039 3733 5103 πάντως.

489 5132 670 5173 rerum
709 5114 843 5170 ordo
891 5117 1188 5186 permittat,
1248 5115 1328 5170 sic
1373 5123 1427 5168 et
1476 5116 1690 5172 animus
1739 5125 1822 5172 est
1880 5119 1934 5172 in
1989 5134 2055 5173 eo

2174 5128 2236 5180 'H
2271 5127 2328 5179 δὲ
2375 5126 2632 5198 νεκρότης
2671 5128 2809 5181 κατά
2854 5128 3108 5199 στέρησιν
3136 5127 3315 5200 ψυχῆς
3339 5129 3566 5198 γίνεται.
3617 5131 3741 5182 Οὐκ

485 5223 795 5282 quanquam
834 5223 941 5262 non
973 5209 1256 5276 appareat.
1301 5205 1435 5260 Nam
1466 5214 1575 5261 tum
1603 5207 1817 5263 demum
1853 5214 2053 5280 patebit

2164 5220 2229 5272 ἂν
2255 5217 2310 5270 δέ
2354 5235 2438 5281 τις
2475 5218 2568 5270 ἐπὶ
2604 5217 2794 5271 τούτου
2839 5218 3211 5290 πρεσσυτέραν
3248 5219 3346 5290 τῆς
3379 5220 3543 5285 ἕξεως
3586 5220 3739 5274 εἴποι

486 5316 611 5357 eum
657 5299 870 5362 adesse,
909 5314 1032 5354 cum
1071 5307 1232 5352 aucto
1265 5313 1360 5369 per
1394 5300 1755 5355 accretionem
1803 5318 2051 5374 corpore,

2164 5310 2257 5381 τὴν
2278 5309 2529 5380 στέρησιν
2549 5349 2564 5373 ,
2599 5310 2756 5380 εἴπερ
2796 5311 2858 5363 τδ
2887 5311 3112 5380 ἄψυχον.
3137 5311 3275 5382 ὅπερ
3304 5312 3564 5382 νεκρότης
3589 5312 3739 5378 ἐστὶ,

486 5406 584 5447 sua
613 5407 670 5445 se
693 5390 908 5461 propria
933 5399 984 5444 et
1010 5405 1037 5442 a
1063 5399 1255 5444 natura
1287 5390 1448 5445 insita
1476 5391 1759 5447 effectione
1781 5399 2050 5455 ostendet.

1979 5410 2050 5455 et.
2157 5401 2258 5468 τῆς
2277 5401 2462 5470 ψυχῆς
2482 5396 2621 5453 εἷναί
2641 5419 2722 5464 τις
2747 5402 3143 5464 κατασκευάζει
3167 5402 3550 5474 πρεσϐύτερον.

484 5483 616 5536 Cum
658 5483 800 5536 enim
842 5497 871 5536 a
912 5492 1128 5537 mortuo
1173 5498 1402 5554 corpore
1449 5483 1594 5537 nulla
1643 5485 1709 5538 ad
1746 5493 2158 5559 conceptionem
2210 5493 2442 5546 facultas
2501 5504 2849 5556 excernatnr,
2897 5492 2994 5547 sed
3046 5494 3115 5547 ab
3156 5494 3398 5548 animato
3453 5503 3505 5547 et
3563 5493 3733 5547 vivo:

487 5572 689 5626 idcirco
739 5590 868 5629 vero
915 5584 1340 5631 consentaneum
1383 5583 1488 5637 est,
1532 5591 1598 5628 ne
1635 5574 1763 5629 illud
1792 5581 2010 5648 quidem
2051 5591 2324 5638 mortuum
2379 5594 2434 5637 ει
2483 5585 2781 5638 inanimum
2825 5585 3148 5651 putandum,
3201 5583 3344 5654 quod
3392 5585 3459 5640 de
3497 5599 3741 5655 corpore

483 5660 608 5714 vivo
644 5663 708 5716 ad
735 5664 1123 5734 procreandum
1170 5682 1282 5720 rem
1325 5666 1500 5721 vivam
1547 5665 1837 5721 emittitur.
1878 5670 2109 5726 Carnem
2151 5681 2297 5728 certe
2341 5672 2487 5744 quod
2532 5675 2746 5738 attinet,
2779 5677 3004 5728 omnino
3042 5691 3105 5730 ea
3137 5683 3223 5732 est
3256 5686 3309 5732 ει
3350 5678 3644 5731 inanimum
3672 5691 3736 5734 ει

483 5761 757 5809 mortuum
808 5771 905 5828 per
945 5773 1004 5813 se
1047 5759 1327 5828 quiddam.
1378 5758 1680 5814 Mortalitas
1719 5769 1898 5818 autem
1941 5781 2048 5820 non
2103 5767 2205 5822 nisi
2253 5769 2418 5824 animi
2473 5776 2558 5822 est
2610 5769 2859 5838 privatio.
2912 5768 2978 5825 At
3026 5784 3188 5826 nemo
3239 5771 3457 5838 dixerit,
3504 5772 3728 5844 opinor.
