3996 6504
283 388 376 443 237

1522 374 1611 434 UE
1649 375 1931 434 HOMINIS
1966 375 2277 434 OPIFICIO.‘

3407 381 3515 436 238

283 502 449 558 habitu
483 496 834 567 privationem
874 496 1110 568 priorem
1141 505 1306 550 agse:
1350 493 1497 565 quod
1541 497 1694 565 sequi
1762 510 1988 552 necesse
2015 503 2122 562 est,
2153 497 2202 553 si
2241 495 2365 566 quis
2412 505 2657 561 carnem,
2707 499 2828 567 quae
2876 476 3132 568 quiddam
3181 495 3266 552 est
3332 496 3511 552 inaci-

283 607 436 654 ruum,
479 591 577 643 hoc
611 597 698 643 est
737 591 1040 650 mortuum,
1069 587 1146 641 ait
1188 587 1378 644 animo
1415 587 1652 658 priorem
1686 603 1830 644 esse.

342 651 470 738 Είδέ
503 699 585 743 τις
615 680 711 733 καὶ
746 680 1134 752 ἐναργέστερον
1170 681 1358 752 ζητοίη
1398 651 1698 752 τεκμήριον
1722 679 1818 734 τοῦ

1995 651 2152 740 Quod
2187 673 2234 729 si
2267 674 2392 744 quis
2437 657 2818 744 argumentum
2886 675 3161 731 desiderat
3213 678 3509 741 illustrius.

279 777 370 849 ζῇν
395 775 560 829 έκεῖνο
583 772 644 826 τὺ
677 773 876 846 μέρος,
897 775 1038 845 ὅπερ
1063 773 1206 844 ἀρχὴ
1238 772 1332 826 τοῦ
1353 773 1831 844 κατασκευαζομέ-

278 885 359 920 νου
384 865 581 934 γίνεται
621 861 785 929 (dion,
833 863 1058 920 δυνατόν
1095 865 1212 918 ἐστι
1254 864 1352 917 καί⁹
1405 863 1472 916 δι’
1504 863 1681 918 ἄλλων
1730 881 1831 935 ση-

279 956 450 1026 μείων,
479 953 544 1008 δι’
563 945 636 1006 ὧν
663 953 726 1007 τὺ
763 953 1006 1026 ἔμψυχον
1033 955 1098 1007 ὲκ
1131 952 1226 1007 τοῦ
1250 953 1447 1026 νεκροῦ
1473 953 1828 1026 διακρίνεται,

276 1047 362 1102 καὶ
389 1045 510 1116 περὶ
536 1043 725 1097 τούτου
753 1044 1111 1114 κατανοῆσαι.
1142 1045 1454 1115 Τεκμήριον
1482 1043 1590 1116 γὰρ
1611 1043 1706 1098 τοῦ
1731 1044 1832 1114 ζῇν

273 1139 357 1193 ἐπὶ
385 1135 488 1190 τῶν
517 1134 818 1208 ἀνθρώπων
850 1133 1174 1207 ποιούμεθα,
1203 1134 1266 1189 τὸ
1292 1134 1494 1206 θερμὸν
1533 1131 1674 1189 εἷναί
1708 1151 1832 1189 τινα

274 1231 360 1285 καὶ
391 1227 607 1298 ὲνεργὺν
635 1228 728 1282 καὶ
758 1227 1096 1300 κινούμενον.
1126 1227 1201 1281 Τὸ
1241 1227 1299 1282 δὲ
1328 1227 1740 1298 κατεψυγμένον
1770 1245 1831 1281 τε

273 1323 358 1377 καὶ
381 1319 628 1390 ἀκίνητον
656 1319 748 1372 ἐπὶ
790 1319 900 1372 τῶν
946 1319 1235 1390 σωμάτων,
1263 1319 1416 1372 οὐδὲν
1442 1319 1630 1390 ἕτερον
1676 1320 1726 1372 εἰ
1755 1319 1830 1390 μὴ

253 1400 511 1484 ’νεκρὸτης
533 1411 702 1464 ἐστίν.
735 1411 954 1481 Ἐπειδὴ
976 1410 1156 1464 τοίνυν
1179 1409 1438 1482 ἔνθερμον
1466 1427 1525 1464 τε
1554 1412 1650 1464 καὶ
1678 1412 1829 1483 ἐνερ-

271 1505 356 1573 γὸν
384 1501 688 1573 θεωροῦμεν
708 1500 886 1565 τοῦτο,
919 1501 1047 1572 περὶ
1086 1493 1148 1554 οῦ
1190 1500 1282 1554 τὸν
1313 1501 1470 1569 λόγον
1509 1500 1828 1572 ποιούμεθα,

270 1594 324 1647 τὸ
348 1593 475 1664 μηδὲ
505 1592 712 1662 ἄψυχον
743 1588 884 1645 εἷναι
914 1591 1000 1646 διά
1043 1592 1249 1646 τούτων
1297 1591 1826 1664 συντεκμαιρόμεθα.

282 1685 408 1737 Ἀλλ’
451 1682 640 1754 ὥσπερ
693 1683 834 1738 κατά
857 1683 930 1737 ab
977 1683 1291 1754 σωματικὸν
1343 1678 1510 1763 αὑτοῦ
1560 1684 1724 1756 μέρος
1766 1684 1826 1737 οὺ

270 1774 432 1845 σάρκα
458 1774 636 1844 ᾳαμὲν
674 1773 826 1838 αὐτὸ,
860 1773 956 1827 καὶ
997 1773 1181 1839 ὀστέα,
1220 1774 1316 1828 καὶ
1351 1774 1566 1846 τρίχας,
1600 1774 1694 1828 καὶ
1729 1773 1829 1829 ὅσα

269 1865 386 1936 περὶ
410 1864 466 1918 τὺ
485 1865 822 1935 ἀνθρώπινον
847 1865 1172 1936 καθορᾶται,
1207 1864 1343 1919 ἀλλὰ
1375 1867 1440 1937 τῇ
1468 1865 1696 1936 δυνάμει
1723 1863 1822 1936 μὲν

1931 769 2000 824 de
2035 783 2145 838 quo
2189 766 2501 836 colligatur,
2534 780 2657 820 esse
2704 773 2912 836 partem
2943 782 3086 832 eam,
3127 758 3250 840 quae
3299 761 3508 848 princi-

1932 850 2081 933 pium
2114 867 2200 912 est
2232 849 2499 935 animalis
2539 856 2684 926 quod
2721 857 2986 928 gignitur,
3023 861 3130 935 vita
3182 863 3504 930 praeditam:

1933 948 2010 1003 uti
2041 941 2240 1019 poterit
2286 935 2462 1019 signis
2511 937 2676 1002 etiam
2736 939 2970 1013 caeteris,
3007 949 3075 1004 de
3119 952 3322 1020 quibus
3357 946 3506 1010 inter

1934 1055 2026 1106 res
2056 1039 2328 1094 animatas
2349 1046 2404 1094 et
2437 1029 2686 1094 mortuas
2715 1028 2979 1094 constitui
3010 1037 3302 1121 discrimen
3345 1047 3504 1103 solet.

1931 1130 2068 1201 Nam
2098 1131 2153 1185 in
2181 1129 2400 1199 homine
2420 1130 2534 1210 hoc
2556 1145 2679 1186 esse.
2704 1139 3084 1202 argumentum
3106 1133 3230 1211 vitae
3247 1134 3504 1202 dicimus,“

1930 1221 1976 1278 si
2011 1229 2066 1277 et
2121 1222 2318 1281 caleat.
2373 1207 2428 1276 et
2461 1229 2768 1292 occupetur
2800 1216 3032 1294 agendo,
3077 1207 3144 1297 et
3199 1220 3503 1293 moveatur,

1931 1315 2077 1370 sicut
2101 1329 2132 1369 e
2170 1314 2450 1370 contrario
2504 1313 2700 1387 frigus,
2735 1314 2800 1369 ir!
2843 1316 3188 1391 corporibus,
3237 1327 3294 1374 et
3323 1329 3506 1376 motus

1931 1403 2176 1471 amissio,
2199 1404 2336 1480 nihil
2363 1395 2508 1460 aliud
2538 1404 2872 1476 significant,
2889 1401 3050 1476 quam
3077 1406 3352 1482 mortuum
3377 1405 3506 1468 esse

1929 1490 2230 1554 hominem.
2261 1496 2400 1553 Cum
2450 1497 2616 1568 igitur
2665 1493 2769 1555 bac
2819 1490 3058 1570 quoque,
3087 1498 3156 1556 de
3208 1517 3318 1571 quo
3355 1518 3504 1558 nunc

1929 1588 2283 1654 disserimus,
2313 1597 2370 1645 et
2419 1591 2603 1646 calore
2659 1577 2965 1660 praeditum,
3001 1572 3057 1647 et
3088 1593 3309 1649 minime
3360 1597 3503 1651 otio-

1928 1669 2050 1736 sum
2074 1683 2171 1747 sit,
2197 1677 2577 1753 concludimus
2614 1682 2779 1737 etiam
2831 1681 3132 1738 inanimum
3191 1678 3300 1739 nun
3354 1693 3498 1742 esse.

1926 1772 2006 1828 Ac
2035 1773 2497 1843 quemadmodum
2532 1789 2652 1828 eam
2680 1768 2856 1844 ipsius
2885 1777 3212 1850 partem,gde
3247 1793 3353 1848 qua
3381 1779 3504 1834 cor—

1927 1877 2029 1932 pus
2060 1854 2436 1927 constituitur.
2471 1880 2578 1920 non
2641 1859 2863 1921 carnem
2897 1851 3021 1938 esse
3079 1855 3335 1933 dicimus,
3390 1859 3502 1924 non

267 1959 451 2011 τούτων
493 1955 723 2011 ἕκαστον
762 1955 922 2021 είναι,
957 1955 1113 2010 οὔπω
1158 1956 1215 2010 δὲ
1252 1956 1395 2011 κατά
1440 1957 1503 2010 τὸ
1549 1957 1821 2028 ὁρώμενον

1928 1969 2078 2018 ossa,
2107 1948 2217 2011 non
2251 1964 2460 2039 comas.
2491 1971 2600 2012 non
2643 1957 2788 2012 aliud
2819 1959 3116 2035 quidquam
3145 1947 3334 2016 eorum
3379 1978 3502 2038 qua

269 2045 566 2121 φαίνεσθαν
616 2046 760 2100 οῦτω
790 2047 886 2100 καὶ
912 2048 1008 2101 ἐπὶ
1050 2045 1146 2100 τοῦ
1176 2046 1408 2116 ψυχικοῦ
1438 2046 1636 2118 μέρους
1676 2045 1821 2100 οὔπω

1931 2042 1988 2098 in
2023 2043 2242 2101 homine
2263 2046 2566 2134 ex‘sistunt,
2596 2046 2693 2129 sed
2727 2049 3022 2106 statuimus
3058 2050 3204 2105 illam
3230 2046 3505 2130 potestate

270 2139 359 2208 μὲν
385 2137 442 2191 τὸ
464 2137 682 2207 λογικὸν
707 2138 800 2192 καὶ
825 2137 1221 2209 ἐπιθυμητικὸν
1252 2139 1348 2192 καὶ
1377 2137 1681 2209 θυμοειδὲς,
1733 2139 1828 2191 καὶ⁸

266 2230 354 2282 ὃσα
403 2229 526 2300 περὶ
555 2228 737 2300 ψυχὴν
787 2228 1106 2300 καθορᾶται,
1155 2231 1248 2283 καὶ
1294 2232 1353 2283 ὲν
1407 2230 1600 2301 ἐκείνῳ
1645 2229 1827 2302 χώραν

266 2321 392 2390 ἔχειν
423 2319 627 2390 φαμὲν,
671 2320 946 2388 ἀναλόγως
987 2322 1046 2376 δὲ
1096 2321 1194 2392 τῆς
1225 2320 1320 2374 τοῦ
1381 2322 1628 2392 σώματος
1659 2339 1827 2375 κατα-

268 2411 449 2480 σκευῆς
473 2427 532 2463 τε
565 2412 665 2464 καὶ
693 2409 1047 2476 τελειώσεως,
1086 2413 1179 2465 καὶ
1207 2411 1307 2476 τὰς
1341 2413 1440 2482 τῆς
1467 2413 1644 2484 ψυχῆς
1675 2413 1827 2486 ἐνερ-

263 2501 402 2569 γείας
434 2501 509 2572 τῷ
545 2501 896 2573 ὑποκειμένῳ
933 2501 1312 2570 συναύξεσθαι.
1362 2503 1572 2576 ’Ὠσπερ
1600 2504 1707 2582 γάρ
1735 2522 1825 2558 τε·

261 2591 481 2655 λειωθεὶς
509 2594 542 2647 ὁ
588 2591 874 2664 ἄνθρωπος
903 2594 962 2646 ὲν
991 2596 1104 2656 τοῖς
1151 2594 1416 2664 μείζοσιν,
1463 2595 1575 2666 ἔχει
1605 2595 1823 2665 διαφαι-

258 2681 471 2752 νομένην
513 2683 626 2753 τῆς
661 2682 840 2753 ψυχῆς
884 2683 983 2752 τὴν
1026 2683 1306 2758 ἐνέργειαν
1329 2701 1344 2715 °
1383 2682 1556 2763 οὕτως
1589 2686 1648 2738 ὲν
1679 2686 1822 2758 ἀρχῇ

257 2773 344 2844 τῆς
371 2773 688 2836 συστάσεως
710 2773 810 2844 τὴν
839 2773 1171 2844 κατάλληλὸν
1203 2791 1262 2828 τε
1293 2775 1388 2828 καὶ
1416 2773 1728 2847 σύμμετρον
1754 2779 1821 2848 τῇ

257 2864 485 2939 παρούσῃ
530 2866 703 2937 χρείᾳ
756 2865 1074 2937 συνέργειαν
1121 2865 1223 2935 τῆς
1267 2865 1446 2936 ψυχῆς
1496 2865 1583 2935 ἐφ’
1631 2866 1822 2920 ἑαυτοῦ

255 2957 534 3012 ﬁtnisich
555 2976 623 3019 ιν,
662 2959 720 3010 έν
746 2957 824 3028 τῷ
863 2958 1290 3022 κατασκευάζειν
1317 2958 1485 3030 αὐτὴν
1532 2960 1702 3030 ἑαυτῇ
1733 2959 1822 3013 διὰ

254 3049 345 3120 τῆς
383 3049 702 3120 ἑντεθείσης
746 3049 879 3120 ῦλης
923 3048 988 3101 τὸ
1027 3051 1303 3120 προσφυὲς
1330 3051 1662 3121 οἰκητήριον.
1689 3044 1822 3102 υἱοδὲ

254 3143 351 3214 γάρ
376 3138 508 3196 εἶναι
539 3142 774 3195 δυνατὸν
808 3124 1156 3212 λογιζὲὴιεθα,
1178 3140 1485 3213 ἀλλοτρίαις
1514 3140 1822 3211 οἰκοδομαῖς

255 3232 343 3306 τὴν
386 3234 574 3307 ψυχὴν
619 3233 1036 3306 ἐναρμόζεσθαι,
1081 3232 1160 3298 ὡς
1200 3234 1302 3288 οὐκ
1346 3233 1462 3288 ἔστι
1505 3234 1605 3303 τὴν
1649 3235 1708 3286 ἐν
1743 3231 1821 3301 τῷ

252 3328 393 3400 κηρῷ
423 3326 706 3400 σφραγῖδα
737 3325 874 3396 πρὸς
907 3325 1193 3397 ἀλλοτρίαν
1221 3323 1560 3396 ἁρμοσθῆναι
1583 3322 1816 3394 γλυφήν.

1926 2128 2206 2206 quodlibet
2227 2125 2428 2216 borum
2455 2141 2598 2204 esse,
2659 2124 2880 2197 tametsi
2930 2141 3164 2198 necdum
3199 2124 3498 2216 quidquam

1928 2217 2172 2296 conspici
2212 2213 2322 2283 tale
2354 2228 2530 2298 possit
2565 2228 2682 2289 :sic
2706 2232 2904 2286 animae
2933 2244 3142 2304 partem
3177 2213 3323 2306 quod
3351 2213 3496 2293 atti-

1929 2327 2041 2382 net,
2067 2333 2380 2390 quanquam
2403 2318 2460 2374 in
2484 2333 2549 2374 ea
2573 2320 2807 2376 necdum
2837 2321 3070 2380 facultas
3097 2311 3494 2399 ratiociuatrix,

1927 2427 2048 2489 quae
2077 2419 2162 2466 est
2195 2410 2258 2464 τὸ
2280 2410 2496 2492 λογικρν
2515 2453 2532 2479 ,
2569 2426 2751 2484 neque
2777 2420 3064 2487 appetens,
3097 2431 3268 2492 quam
3287 2409 3348 2471 τὸ
3379 2419 3498 2472 ἐπι·

1927 2488 2224 2573 θυμητικόν
2249 2488 2469 2568 vocant,
2518 2519 2696 2574 neque
2726 2505 2788 2558 τὸ
2840 2504 3091 2576 θυμικόν,
3125 2488 3268 2577 quod
3328 2511 3496 2580 animi

1925 2593 2243 2649 affectiones
2290 2594 2556 2660 continet,
2597 2603 2900 2666 appareat;
2953 2595 3133 2653 tamen
3198 2595 3262 2654 é'a
3316 2598 3498 2656 inesse

1929 2683 2059 2761 huic
2088 2684 2354 2741 dicimus:
2380 2695 2436 2742 et
2457 2689 2729 2742 consimili
2754 2690 2966 2768 ratione
2991 2681 3267 2760 quatenus
3297 2684 3498 2763 corpus

1926 2771 2197 2833 formatur
2231 2777 2296 2833 ac
2327 2779 2630 2850 perficitur,
2661 2780 2825 2858 etiam
2850 2780 3168 2838 affectiones
3196 2784 3364 2838 animi
3389 2801 3494 2840 una

1923 2881 2048 2922 cum
2079 2884 2308 2939 corpore
2338 2886 2608 2927 crescere.
2647 2871 2782 2926 Nam
2813 2884 2870 2928 ut
2901 2873 2955 2927 in
2993 2874 3212 2930 homine
3234 2877 3328 2946 qui
3367 2885 3497 2930 teta-

1923 2967 2032 3040 tem
2061 2960 2127 3014 ad
2169 2961 2436 3043 integram
2469 2950 2737 3032 pervenit,
2770 2971 2823 3018 et
2853 2961 3338 3044 interrgranditires
3371 2983 3497 3022 cen-

1922 3036 2100 3112 setur,
2137 3036 2454 3106 affectiones
2484 3053 2651 3106 animi
2691 3053 2802 3121 jam
2861 3036 3158 3110 manifesto
3208 3069 3492 3127 apparent,

1922 3141 2004 3198 sic
2037 3150 2194 3198 ortus
2225 3142 2399 3198 nostri
2433 3143 2609 3206 initio,
2642 3151 2802 3213 praut
2839 3144 2951 3198 tum
2983 3160 3072 3200 res
3107 3149 3362 3216 postulat,
3419 3149 3493 3202 ita

1923 3236 2044 3290 Sese
2079 3234 2470 3290 Convenienter
2496 3234 2742 3290 actiones
2785 3235 2954 3290 animi
2983 3236 3282 3299 deelarant.
3341 3240 3393 3294 in
3428 3254 3494 3294 eo

1921 3323 2064 3392 quod
2095 3324 2210 3394 ipse
2235 3324 2340 3379 sibi
2369 3324 2438 3379 de
2469 3325 2696 3380 materie
2738 3325 2792 3379 in
2837 3325 2961 3380 alvo
2991 3318 3184 3383 matris
3244 3329 3491 3400 deposita

251 3419 585 3476 domicilium
629 3419 974 3490 aptissimum
1019 3427 1228 3474 natura
1273 3433 1388 3474 sua:
1419 3417 1674 3475 fabricat.
1713 3416 1846 3471 Nam
1891 3417 2007 3472 fieri
2040 3421 2146 3472 non
2181 3433 2362 3487 posse,
2393 3417 2462 3474 de
2491 3418 2794 3475 rationibus
2839 3417 3007 3476 certis
3052 3423 3380 3494 colligimus,
3431 3431 3495 3478 ut

250 3513 410 3567 aliena
446 3513 502 3568 in
563 3510 792 3567 aedificia
839 3509 1127 3567 commode
1179 3510 1397 3565 animus
1454 3507 1798 3578 commigrct,
1838 3506 1979 3563 sicut
2046 3507 2163 3563 fieri
2208 3525 2314 3563 non
2362 3509 2560 3579 potest,
2613 3519 2671 3563 ut
2717 3510 2931 3582 signum
2981 3512 3307 3584 impressmn
3356 3536 3494 3576 cene

249 3605 500 3662 diversam
525 3604 611 3660 ad
633 3606 970 3676 sculpturam
1002 3613 1240 3676 aptetur.

310 3701 585 3775 Καθάπερ
633 3701 739 3772 γὰρ
771 3700 833 3755 τδ
885 3701 1045 3773 σῶμα
1083 3702 1149 3754 ἐκ
1195 3700 1527 3772 βραχυτάτου
1573 3698 1707 3769 πρὸς
1757 3697 1819 3750 τὸ

1991 3689 2258 3749 Nimirum
2291 3695 2368 3748 uti
2391 3707 2596 3776 corpus
2619 3687 2875 3775 exorsum
2908 3712 2938 3751 a
2974 3700 3348 3770 magnitudine
3369 3719 3492 3776 per-

247 3793 438 3847 τέλειον
483 3792 766 3866 πρόεισιν,
819 3792 960 3846 οὕτω
1011 3794 1105 3847 καὶ
1154 3795 1188 3863 ἡ
1235 3792 1336 3862 τῆς
1361 3791 1538 3862 ψυχῆς
1572 3790 1818 3861 ἐνέργεια

246 3884 594 3958 καταλλήλως
609 3884 926 3955 ἐμφυομένη
952 3883 1031 3954 τῷ
1061 3883 1424 3954 ὑποκειμένῳ,
1446 3879 1820 3935 συνεπιδίδωσι

251 3971 339 4029 καὶ
360 3976 706 4042 συναύξεται.
757 3976 1089 4046 Προηγεῖται
1125 3973 1228 4044 μὲν
1279 3972 1391 4042 γὰρ
1435 3971 1606 4041 αὐτῆς
1649 3971 1706 4024 ὲν
1751 3971 1818 4040 τῇ

252 4065 432 4138 πρώτῃ
474 4067 793 4139 κατασκευῇ
838 4059 952 4120 οἷον
990 4064 1148 4136 ῥίζης
1178 4063 1324 4127 τινὸς
1358 4063 1418 4116 ὲν
1436 4064 1503 4134 τῇ
1550 4065 1623 4132 γῇ
1654 4075 1821 4114 κατα-

251 4159 571 4231 κρυφθείσης
618 4159 656 4229 ὴ
697 4157 962 4229 αὐξητικὴ
1018 4173 1080 4211 τε
1131 4156 1224 4211 καὶ
1273 4153 1540 4227 θρεπτικὴ
1592 4152 1821 4222 δύναμις

253 4247 407 4319 μόνη.
450 4248 528 4301 οὐ
555 4247 668 4320 γάρ
699 4248 868 4318 χωρεῖ
897 4246 960 4300 τὸ
996 4244 1385 4317 περισσότερον
1414 4243 1449 4314 ή
1479 4241 1572 4296 τοῦ
1597 4240 1821 4313 δεχομέ-

250 4353 332 4392 νου
359 4338 654 4410 βραχύτης.
687 4333 821 4392 Εἶτα
861 4335 1214 4410 προελθόντος
1240 4337 1320 4399 είς
1346 4333 1463 4406 φῶς
1494 4332 1588 4387 τοῦ
1623 4331 1817 4401 φυτοῦ,

248 4428 336 4482 καὶ
359 4429 494 4500 ἡλίῳ
534 4428 639 4498 τὴν
669 4426 906 4498 βλάστην
948 4425 1243 4492 δείξαντος,
1273 4425 1310 4496 ἡ
1339 4422 1630 4503 αἰσθητικὴ
1659 4422 1819 4494 χάρις

247 4520 564 4591 ὲπήνθησεν.
623 4517 1006 4594 ’Δδρυνθέντος
1042 4516 1101 4571 δὲ
1123 4517 1225 4589 ἤδη
1256 4516 1352 4570 καὶ
1381 4517 1462 4594 είς
1507 4513 1818 4588 σύμμετρον

247 4609 414 4680 μῆκος
432 4592 856 4682 ἀναδραμόντος,
877 4608 1130 4680 καθάπερ
1145 4623 1231 4671 τις
1251 4592 1462 4678 καρπὸς
1489 4603 1819 4684 διαλάμπειν

243 4703 280 4772 η
301 4702 490 4775 λογικὴ
519 4702 752 4778 δύναμις
782 4701 1030 4772 ἄρχεται,
1082 4698 1145 4753 οὐ
1189 4699 1340 4753 πᾶσα
1375 4696 1595 4777 ἀθρόως.
1622 4699 1816 4769 ἐκφαι-

244 4793 471 4866 νομένηο
521 4789 662 4848 and
705 4795 774 4865 τῇ
819 4790 915 4846 τοῦ
951 4789 1182 4862 ὀργάνου
1213 4783 1488 4843 τελειώσει
1524 4787 1592 4843 δι’
1623 4790 1818 4860 ἐπιμε-

1921 3785 2338 3862 er’tigua.snam
2399 3787 2466 3842 ad
2513 3789 2906 3858 perfectionem
2964 3793 3351 3862 progreditur:
3411 3801 3494 3856 sic

1919 3881 2089 3935 animi
2128 3872 2363 3935 facultas
2392 3881 2556 3935 etiam
2589 3881 2804 3935 ratione
2831 3881 3192 3940 Conveniente
3229 3903 3334 3942 una
3367 3904 3490 3944 cum

1918 3986 2149 4042 corpore
2179 3971 2394 4041 prolicit
2417 3971 2807 4027 accrescendo.
2837 3972 2916 4027 Ac
2954 3974 3213 4046 princeps
3264 3980 3488 4049 quidem

1919 4061 2136 4116 exsiStit
2167 4062 2224 4115 in
2250 4075 2318 4115 eo
2351 4060 2583 4117 facultas
2608 4064 2933 4119 accrescens
2966 4072 3022 4120 et
3045 4068 3294 4125 nutriens
3351 4073 3488 4138 sola,

1919 4151 2138 4223 quando
2159 4151 2374 4208 scilicet
2422 4151 2477 4207 in
2500 4148 2700 4225 opificii
2725 4153 2997 4226 principio
3043 4165 3299 4229 tanquam
3336 4162 3490 4218 radix

1917 4241 2164 4314 quaedam
2216 4242 2395 4297 adhuc
2427 4229 2612 4297 abdita
2661 4244 2766 4299 su'b
2802 4254 2963 4302 terra'
3001 4246 3147 4304 latet.
3185 4247 3319 4304 Nam
3372 4259 3487 4307 tum

1917 4349 2113 4406 capere
2162 4324 2296 4406 quid
2350 4334 2586 4406 amplius
2646 4343 2744 4406 per
2793 4329 3226 4397 imbecillitatem
3280 4345 3486 4415 nequit.

1918 4415 2127 4482 Deinde
2159 4426 2263 4482 hac
2317 4427 2475 4497 quasi
2525 4415 2770 4494 plantula
2823 4429 2878 4484 in
2927 4431 3100 4487 lucem
3149 4435 3488 4506 prodeunte,

1918 4529 2249 4587 germenque
2269 4513 2429 4572 suum
2457 4515 2559 4570 soli
2588 4517 2924 4581 ostentante.
2953 4521 3228 4578 sentiendi
3251 4520 3489 4582 facultas

1915 4591 2264 4664 eﬂloresceus
2296 4621 2421 4662 cum
2450 4591 2636 4678 priore
2667 4601 3023 4681 coniungitur
3043 4607 3110 4666 ".
3165 4607 3362 4671 Verum
3397 4618 3487 4672 ubi

1912 4696 2026 4769 jam
2056 4698 2194 4754 bene
2233 4713 2430 4772 magna
2491 4698 2636 4755 facta
2696 4702 2802 4763 est.
2842 4709 2897 4756 et
2951 4705 3332 4773 proceritatem
3383 4710 3488 4763 sibi

1917 4786 2333 4844 convenientem
2369 4787 2607 4857 adepta:
2642 4799 2759 4842 tum
2807 4788 3030 4846 demum
3092 4793 3268 4850 instar
3315 4796 3490 4867 ipsius

241 4883 384 4951 λείας
413 4885 783 4952 συναύξουσα,
827 4883 1080 4939 τοσοῦτον
1109 4882 1200 4937 ἀεὶ
1221 4879 1664 4963 καρποφοροῦσα,
1681 4881 1815 4958 ⁴ὅσον

1923 4879 2133 4934 fructus
2187 4879 2414 4935 rationis
2464 4880 2736 4953 particeps
2767 4880 2997 4939 facultas
3047 4885 3325 4951 elucoscit,
3379 4903 3489 4945 non

239 4980 402 5048 χωρεῖ
426 4977 524 5032 τοῦ
575 4974 938 5046 ὑποκειμένου
987 4975 1024 5045 ἡ
1069 4972 1316 5042 δύναμις.
1359 4971 1422 5049 Ei
1451 4971 1509 5025 δὲ
1538 4969 1718 5040 ζητεῖς
1753 4971 1814 5023 ὲν

1923 4963 2008 5026 illa
2032 4970 2251 5042 quidem
2275 4970 2459 5026 subito
2485 4978 2597 5026 tota
2615 4973 2961 5043 splendorem
2988 4989 3150 5032 suum
3172 4972 3489 5046 ostendens,

236 5071 298 5141 τῇ
357 5068 454 5122 τοῦ
520 5066 775 5139 σώματος
824 5064 1020 5120 πλάσει
1067 5064 1167 5128 τὰς
1215 5061 1451 5134 ψυχικὰς
1508 5061 1810 5134 ἐνεργείας,

231 5161 466 5232 ,πρόσεχε
499 5157 736 5227 σεαυτῷ,
767 5156 904 5230 φησὶ
940 5155 1166 5226 Μωσῆς,
1192 5153 1287 5208 καὶ
1323 5151 1615 5224 ἀναγνώσῃ
1642 5151 1813 5207 καθά-

238 5268 336 5321 περ
390 5254 450 5305 ιν
485 5250 658 5323 βίϐλῳ
708 5250 817 5304 τῶν
844 5247 942 5319 τῆς
985 5247 1164 5318 ψυχῆς
1200 5246 1376 5318 έργων
1405 5245 1508 5317 τὴν
1546 5244 1808 5317 ἱστορίαν.

229 5341 376 5414 Αὐτὴ
405 5342 518 5416 γάρ
549 5358 633 5396 σοι
663 5341 929 5412 διηγεῖται
960 5341 994 5411 ἡ
1023 5339 1206 5409 φύσις,
1232 5337 1390 5406 λόγου
1419 5335 1620 5402 παντὸς
1649 5337 1810 5406 ἔναρ-

238 5431 510 5505 γέστερον,
555 5432 654 5498 τὰς
697 5432 947 5496 ποικίλας
996 5433 1054 5486 ὲν
1096 5429 1174 5501 τῷ
1225 5428 1440 5500 σώματι
1480 5428 1580 5498 τῆς
1631 5427 1810 5499 ψυχῆς

233 5525 514 5596 ἀσχολίας,
549 5524 608 5578 ἐν
641 5542 702 5578 τε
734 5527 854 5589 ταῖς
887 5522 1119 5578 καθόλου
1161 5521 1254 5576 καὶ
1276 5523 1333 5574 ὲν
1356 5523 1474 5585 ταῖς
1489 5520 1583 5573 ἐπὶ
1612 5519 1812 5592 μέρους

232 5616 572 5680 διασκευαῖς.
630 5617 787 5671 Ἀλλὰ
847 5615 1101 5687 περιττὸν
1153 5610 1306 5685 οἶμαι
1354 5614 1496 5683 λόγῳ
1553 5613 1622 5667 τά
1686 5613 1810 5667 καθ’

1842 5032 1889 5090 ῐ)

1919 5063 2016 5120 sed
2048 5067 2158 5119 una
2185 5077 2308 5118 cum
2337 5063 2690 5120 instrumenti
2738 5065 2823 5120 sui
2854 5063 3190 5136 perfectione
3239 5069 3492 5126 celeriter

1917 5166 2266 5215 accrescens,
2293 5167 2496 5224 eosque
2521 5152 2737 5210 fructus
2763 5155 3075 5225 proferens,
3114 5158 3210 5227 qui
3243 5144 3490 5230 corporis

1920 5243 2166 5298 facultati
2193 5241 2580 5312 respondeant.
2615 5244 2770 5311 Quod
2799 5244 2845 5301 si
2877 5247 3130 5317 corporis
3186 5248 3239 5303 in
3271 5249 3493 5307 confor-

1918 5335 2158 5390 matione
2193 5334 2324 5406 quid
2360 5336 2578 5391 animus
2614 5337 2811 5392 eliiciat
2838 5339 3082 5409 quaeris:
3111 5339 3176 5395 ad
3205 5347 3257 5396 te
3287 5341 3488 5413 ipsum,

1917 5426 1995 5480 ait
2051 5425 2249 5493 Moses,
2303 5428 2537 5497 reSpice,
2600 5429 2655 5486 in
2706 5429 2883 5500 teipso
2935 5429 3195 5502 tanquam
3235 5423 3310 5490 in
3347 5436 3489 5492 libro

1917 5519 2153 5588 quodam
2186 5523 2354 5574 totam
2401 5520 2568 5575 animi
2599 5535 2826 5592 operum
2876 5521 3166 5578 historiam
3219 5527 3488 5598 perleges.

1921 5607 2038 5680 Ipsa
2061 5611 2206 5666 enim
2254 5618 2454 5665 natura
2510 5611 2669 5683 longe
2715 5612 2863 5666 omni
2903 5611 3152 5668 oratione
3219 5613 3489 5674 illustrius

236 5707 379 5779 ἡμᾶς
423 5709 625 5772 αὐτοὺς
661 5703 947 5771 διεξιέναι,
993 5703 1245 5777 καθάπερ
1275 5719 1327 5759 τι
1364 5705 1473 5759 τῶν
1504 5703 1810 5775 ὑπερορίων

1923 5705 2204 5776 explicabit
2237 5704 2335 5759 tibi
2375 5703 2726 5760 aﬂ‘ectionum
2756 5704 2925 5760 animi
2961 5705 3016 5760 in
3047 5719 3280 5778 corpore
3311 5710 3489 5766 varie-

235 5803 622 5873 διηνουμένους
670 5802 983 5874 θαυμάτων.
1032 5799 1128 5864 Τίς
1166 5799 1273 5872 γὰρ
1331 5797 1520 5853 ἑαυτὸν
1577 5797 1806 5870 βλέπων,

1918 5803 2106 5864 tatem,
2135 5813 2261 5854 cum
2308 5797 2363 5852 in
2419 5796 2684 5864 universi,
2742 5806 2856 5852 tum
2908 5798 3148 5868 partium
3184 5809 3482 5859 structura.
