3996 6468
521 369 628 424 259

1766 375 1804 425 S
1864 371 2196 432 GREGOBII
2241 372 2537 429 NYSSENI
3118 399 3144 412 -
3662 379 3751 434 250

524 487 629 542 Sed
661 486 806 542 enim
833 497 1021 543 nostra
1050 490 1536 546 commemorando
1570 508 1911 562 percensere,
1937 496 2095 568 quasi

2202 497 2343 567 λόγῳ
2389 497 2559 550 δεῖται
2590 494 2686 564 τὴν
2719 493 2927 547 οἰκείαν
2963 493 3125 563 φύσιν
3152 493 3532 558 διδάσκεσθαι;
3561 496 3754 556 δυνατὶν

521 578 766 648 quadam
828 591 1054 636 externa
1115 581 1401 649 miracula,
1469 584 1700 653 pretium
1755 600 1934 655 operae
1990 605 2096 642 non

522 670 708 724 fuerit.
741 667 876 735 Quis
932 670 1076 725 cnim
1115 671 1342 727 alterius
1377 675 1626 728 oratione
1666 682 1918 728 naturam
1968 693 2100 746 pro-

524 765 697 833 priam
746 776 1084 832 cognoscere
1138 761 1436 831 desideret,
1468 781 1592 820 cum
1627 767 1728 836 ipsi
1794 767 1954 823 liceat
2007 785 2097 824 se-

523 855 703 924 ipsum
728 855 1021 909 contueri?
1063 854 1198 910 Nam
1249 857 1340 926 qui
1375 874 1484 928 quo
1527 870 1684 929 pacto
1735 862 1982 918 vivamus
2015 865 2098 918 in-

523 945 734 1015 telligit,
767 954 821 1000 et
847 961 1012 1017 quam
1045 954 1232 1018 aptum
1277 951 1350 1006 sit
1376 967 1574 1021 corpus
1629 953 1695 1006 ad
1757 969 1945 1011 omnes
1975 957 2100 1010 vita:

523 1035 772 1104 proprias
806 1037 1055 1094 actiones
1085 1037 1302 1104 didicit,
1337 1041 1383 1096 is
1410 1043 1577 1096 etiam
1625 1044 1898 1100 aestimare
1947 1046 2102 1100 facil-

524 1127 655 1184 Iime
713 1138 916 1200 potest,
970 1131 1024 1185 in
1083 1147 1194 1203 quo
1243 1133 1528 1188 elliciendo
1598 1135 1768 1190 animi
1829 1148 2101 1209 occupata

520 1217 696 1286 prima
730 1219 786 1273 in
808 1219 1050 1276 hominis
1073 1222 1507 1280 conformatione
1526 1240 1689 1296 opera
1722 1228 1902 1282 fuerit.
1923 1230 2102 1286 Adeo-

521 1327 628 1381 que
670 1311 740 1368 de
778 1313 883 1367 hoc
923 1314 1042 1384 ipso
1071 1324 1216 1385 patet
1254 1314 1462 1371 homini
1508 1333 1614 1372 non
1639 1321 1863 1375 omnino
1895 1321 2098 1388 hebeti,

524 1417 868 1473 nequaquam
890 1415 1164 1459 mortuum
1189 1413 1244 1461 et
1267 1407 1565 1461 inanimum
1599 1410 1867 1466 exsistere
1898 1412 1951 1465 in
1979 1412 2099 1465 olli-

521 1494 644 1547 cina
673 1503 902 1560 natum,
943 1495 1091 1566 quod
1141 1498 1206 1551 ad
1268 1499 1659 1568 plantationem
1721 1502 1878 1568 quasi
1907 1519 2099 1572 quam-

521 1584 645 1639 dam
679 1587 934 1642 animalis
963 1589 1032 1642 de
1064 1589 1188 1643 vivo
1215 1591 1465 1645 avulsum
1493 1608 1721 1664 corpore
1749 1596 1802 1647 in
1832 1610 1894 1648 ea
1929 1597 2098 1666 depo-

529 1677 690 1732 nitur.
723 1678 856 1732 Nam
891 1689 943 1734 et
967 1679 1241 1736 fructuum
1274 1699 1464 1754 grana,
1510 1684 1866 1756 radicumque
1907 1703 2100 1742 sureu~

525 1770 605 1823 los
636 1781 926 1826 terraznon
986 1774 1333 1839 mandamus,
1390 1786 1678 1848 postquam
1739 1779 1902 1833 insita
1956 1781 2036 1834 eis
2070 1796 2099 1834 a

2207 589 2316 658 γάρ
2337 591 2454 641 ἐστι
2481 587 2571 640 τὸν
2598 587 2700 656 τῆς
2729 587 2874 656 ζωῆς
2901 586 3102 656 τρόπον
3128 589 3558 658 κατανοήσαντα,
3592 591 3754 658 uidi;

2209 679 2346 750 πρὸς
2385 679 2565 731 πᾶσαν
2610 675 2848 745 ζωτικὴν
2895 675 3176 746 ἐνέργειαν
3207 675 3528 746 ἐπιτηδείως
3575 677 3677 748 ἔχει
3706 683 3758 735 τὸ

2211 770 2370 842 σῶμα
2404 767 2808 838 καταμαθόντα,
2843 766 3044 835 γνῶναι
3067 768 3198 838 περὶ
3219 768 3274 820 τί
3305 767 3676 841 κατησχολήθη
3706 774 3761 827 τι

2209 861 2442 930 φυσικὸν
2473 860 2573 932 τῆς
2598 859 2778 930 ψυχῆς
2805 857 2958 930 παρά
2984 858 3084 930 τὴν
3115 858 3340 930 πρώτην
3380 859 3476 913 τοῦ
3499 863 3761 932 γινομένου

2207 953 2516 1007 διάπλασιν.
2553 952 2717 1005 Ὥστε
2743 949 2838 1005 καὶ
2867 949 2957 1003 διά
3003 950 3192 1006 τούτου
3224 951 3457 1022 φανερὸν
3497 947 3634 1004 εἶναι
3664 959 3758 1022 τοῖς

2207 1045 2306 1098 οὐκ
2345 1044 2793 1107 ἀνεπισκέπτοις,
2832 1042 2894 1094 τὸ
2928 1041 3003 1112 μὴ
3048 1042 3240 1114 νεκρόν
3269 1060 3331 1095 τε
3361 1042 3453 1097 καὶ
3491 1042 3690 1114 ἄψυχον
3710 1049 3764 1101 ἐν

2204 1135 2282 1206 τῷ
2331 1134 2677 1207 ἐργαστηρίῳ
2707 1132 2960 1202 γενέσθαι
2990 1133 3089 1203 τῆς
3130 1132 3364 1202 φύσεως,
3419 1135 3450 1188 ὃ
3501 1135 3636 1204 πρὸς
3675 1139 3760 1207 τὴν

2205 1224 2300 1279 τοῦ
2335 1224 2474 1289 ζώου
2524 1222 2750 1294 φυτείαν
2796 1223 2862 1274 ἐκ
2901 1218 2998 1274 τοῦ
3032 1219 3235 1285 ζῶντος
3266 1221 3517 1292 σώματος
3539 1223 3763 1278 (imam.

2208 1319 2334 1373 σθέν
2367 1316 2606 1387 ἐνετέθη.
2655 1314 2766 1368 Καὶ
2795 1311 2904 1382 γὰρ
2944 1313 3039 1364 καὶ
3083 1313 3190 1366 τῶν
3232 1313 3462 1384 καρπῶν
3497 1313 3596 1376 τὰς
3636 1315 3763 1369 ἐντε-

2209 1410 2428 1485 ριώνας,
2451 1409 2546 1462 καὶ
2581 1409 2682 1472 τὰς
2710 1405 2822 1460 τῶν
2860 1403 3026 1475 ῥιζῶν
3053 1403 3371 1467 ἀποσπάιδας
3396 1405 3459 1457 οὐ
3498 1405 3765 1475 νεκρωθιί-

2209 1518 2308 1564 σας
2344 1499 2445 1570 τῆς
2491 1497 2817 1567 ἐγκειμένης
2843 1500 2908 1568 τῇ
2952 1494 3111 1565 φύσει
3141 1493 3378 1564 ζωτικῆς
3407 1493 3681 1564 δυνάμεως
3706 1497 3764 1565 τῇ

2205 1595 2277 1662 γῇ
2308 1589 2736 1658 καταϐάλλομεν,
2769 1588 2905 1641 ἀλλὰ
2940 1585 3309 1658 συντηροῦσας
3357 1589 3415 1639 ἐν
3445 1587 3659 1651 ἑαυταῖς
3689 1606 3764 1641 κει

2205 1681 2530 1753 κρυμμένην
2589 1683 2708 1756 μὲν,
2741 1680 2922 1745 ζῶσαν
2971 1680 3027 1732 δὲ
3058 1679 3275 1742 πάντως
3301 1677 3397 1732 τοῦ
3422 1679 3760 1748 πρωτοτύπου

2205 1775 2306 1846 τὴν
2342 1775 2599 1844 ἰδιότητα.
2637 1772 2748 1844 Τὴν
2779 1773 2836 1826 δὲ
2860 1772 3117 1842 τοιαύτην
3145 1771 3374 1842 δύναμιν
3420 1772 3523 1824 οὐκ
3572 1772 3763 1844 ἐντίθη-

522 1873 717 1917 natura
749 1863 984 1921 facultas
1020 1867 1203 1923 vitalis
1265 1881 1512 1924 emortua
1574 1871 1770 1926 fuerit:
1834 1873 1928 1927 sed
1977 1889 2099 1928 cum

2209 1885 2294 1922 σιν
2329 1869 2363 1940 ἠ
2398 1867 2727 1938 περιέχουσα
2755 1865 2824 1936 γῆ
2861 1865 3062 1932 ἔξωθεν
3103 1866 3234 1934 παρ’
3260 1863 3459 1935 ἐαυτῆς
3495 1865 3763 1935 ἐπεισκρίδ

521 1957 697 2034 adhuc
719 1971 908 2019 eorum
962 1973 992 2012 a
1043 1961 1245 2028 quibus
1294 1970 1412 2014 orta
1455 1971 1606 2025 sunt,
1663 1964 1769 2016 vim
1825 1964 2101 2034 propriam

521 2025 873 2113 conservant,
904 2050 1161 2105 latentem
1193 2053 1414 2122 quidem
1446 2056 1591 2108 illam
1622 2065 1676 2108 et
1711 2055 1977 2118 abditam,
2007 2058 2099 2112 sed

521 2149 700 2195 tamen
747 2145 946 2196 vivam.
1006 2140 1072 2196 Et
1113 2143 1196 2198 vis
1242 2145 1462 2215 quidem
1531 2147 1845 2214 huiusmodi
1892 2165 1996 2202 non
2036 2150 2103 2204 de

522 2240 670 2285 terra
693 2233 1037 2290 extrinsecus
1065 2235 1320 2290 hauritur
1355 2239 1372 2305 (
1397 2253 1520 2290 nam
1545 2240 1842 2308 czeteroqui
1878 2255 2103 2295 necesse

524 2324 662 2376 l‘oret
690 2325 854 2378 etiam
893 2326 1035 2396 ligna
1059 2338 1306 2382 emortua
1345 2329 1661 2397 pullulando
1695 2331 2034 2386 efﬂorescere
2057 2333 2098 2400 ),

523 2414 618 2468 sed
652 2416 813 2470 insita
847 2418 1011 2471 rebus
1050 2419 1162 2488 jam
1227 2428 1376 2483 ante,
1409 2435 1506 2490 per
1559 2431 1758 2476 terram
1826 2423 1988 2477 modo
2043 2424 2099 2478 in

525 2515 770 2574 apertqu
804 2508 1152 2575 producitur,
1178 2510 1618 2579 suppeditantem
1645 2526 1870 2566 succum
1900 2526 2096 2566 suum:

521 2597 589 2650 de
622 2613 730 2667 quo
754 2598 935 2668 planta
961 2599 1163 2663 radice,
1193 2600 1686 2665 cortice,medulla,
1713 2616 2100 2672 ramorumque

523 2689 762 2742 surculis
784 2697 966 2754 aucta,
997 2691 1163 2760 plane
1196 2692 1416 2746 tandem
1459 2694 1712 2748 omnibus
1737 2693 1820 2747 sui
1848 2693 2096 2763 partibus

519 2780 844 2834 absolvitur.
905 2781 1050 2836 ldem
1082 2783 1226 2839 enim
1282 2784 1398 2840 fieri
1432 2801 1538 2840 non
1591 2793 1797 2856 posset,
1837 2786 1885 2840 si
1945 2787 2095 2839 nulla

2199 1975 2388 2013 νουσα·
2410 1953 2448 2029 ἦ
2471 1956 2580 2029 γὰρ
2610 1956 2674 2010 ἂν
2699 1955 2796 2010 καὶ
2821 1954 2890 2008 τά
2919 1953 3086 2025 νεκρά
3109 1953 3218 2007 τῶν
3243 1953 3414 2020 ξύλων
3443 1955 3527 2016 εἰς
3551 1941 3769 2024 βλάστην

2199 2051 2502 2122 προήγετο·
2552 2048 2689 2104 ἀλλά
2733 2046 2834 2119 τὴν
2863 2046 3222 2117 ἐπικειμένην
3269 2046 3490 2116 ἔκδηλον
3534 2047 3766 2117 ἀπεργάο

2200 2143 2371 2208 ζεται,
2411 2141 2499 2194 διὰ
2545 2140 2644 2210 τῆς
2685 2137 2890 2200 οἰκείας
2924 2137 3152 2208 ἰκμάδος
3185 2135 3548 2208 τιθηνουμὲνη
3595 2139 3671 2198 είς
3699 2138 3770 2207 9i-

2200 2234 2322 2299 ζαν,
2366 2233 2461 2286 καὶ
2491 2230 2698 2300 φλοιὸν,
2751 2229 2850 2283 καὶ
2878 2228 3225 2300 ἐντεριώνην,
3256 2229 3350 2281 καὶ
3391 2227 3491 2292 τὰς
3516 2228 3628 2281 τῶν
3654 2227 3770 2282 κλά-

2201 2325 2305 2378 δων
2354 2321 2611 2392 ἐκφύσεις
2657 2320 2720 2375 τὸ
2769 2319 2934 2391 φυτὸν
2975 2320 3279 2374 τελειοῦσα.
3310 2321 3488 2390 Ὅπερ
3532 2319 3632 2388 οὐχ
3672 2313 3771 2372 οἷόν

2201 2433 2261 2469 τε
2291 2411 2358 2487 ἦν
2390 2412 2656 2482 γίνεσθαι,
2710 2413 2783 2483 μή
2831 2425 2972 2476 τινος
3006 2412 3243 2482 φυσικῆς
3272 2410 3558 2481 δυνάμεως
3594 2426 3768 2463 cavav-

2200 2506 2470 2574 τεθείσης,
2500 2503 2621 2573 ἥτις
2660 2501 2757 2572 τὴν
2799 2499 3038 2570 συγγενῆ
3069 2500 3163 2553 καὶ
3188 2497 3526 2568 κατάλληλον
3572 2498 3636 2550 ἐκ
3674 2495 3774 2549 τῶν

2202 2593 2620 2667 παρακειμένων
2662 2593 2865 2664 τροφὴν
2907 2592 2986 2655 εἰς
3019 2590 3215 2662 ἑαυτὴν
3245 2590 3498 2653 ἕλκουσα,
3547 2589 3768 2658 θάμνος.

2199 2687 2232 2758 ἢ
2260 2686 2493 2757 δένδρον,
2521 2684 2556 2754 ἢ
2589 2683 2811 2753 στάχυς,
2847 2682 2882 2754 ἡ
2920 2699 2972 2734 τι
3000 2681 3108 2734 τῶν
3149 2679 3504 2752 φρυγανικῶν
3543 2677 3767 2749 βλαστη-

2207 2781 2391 2852 μάτων
2430 2775 2666 2844 ἐγένετο.

519 2874 756 2930 facultas
796 2874 846 2929 ei
880 2875 1144 2931 naturalis
1171 2878 1342 2933 indita
1392 2879 1550 2944 foret,
1592 2896 1621 2933 a
1653 2896 1760 2951 qua
1805 2888 2040 2950 cognato
2083 2886 2138 2935 et
2175 2873 2536 2932 conveniente
2581 2869 2844 2924 alimento
2889 2867 2957 2924 de
3004 2867 3202 2923 vicinis
3243 2865 3491 2936 partibus
3529 2872 3778 2932 attracto,

526 2969 613 3022 vel
658 2968 962 3032 arbustum,
997 2971 1080 3023 vel
1114 2971 1304 3035 arbor,
1345 2973 1429 3026 vel
1485 2973 1656 3042 spica,
1721 2974 1803 3028 vel
1833 2973 2065 3042 quodvis
2111 2968 2407 3041 virgultum
2438 2971 2776 3021 nasceretur.

1088 3084 1316 3142 CAPUT
1360 3085 1526 3141 XXX.

2696 3076 3097 3132 ΚΕΦΔΛΜΟΝ
3135 3076 3216 3132 Λ’.

524 3172 759 3230 Ilumani
790 3177 1336 3248 corporisstruclura:
1374 3179 1615 3248 qua'dam
1678 3178 1839 3232 altius
1884 3195 1949 3233 ex
1980 3181 2096 3248 ipsa

2205 3178 2428 3248 Θεωρία
2476 3193 2563 3248 τις
2596 3170 2974 3248 ζατρικωτέρα
3025 3168 3171 3248 {rapi
3196 3165 3469 3248 pigro?)
3511 3167 3780 3242 σώματος

733 3246 989 3300 medicina
1019 3245 1239 3301 breviter
1261 3245 1480 3317 repetita
1509 3250 1900 3315 contemplatio.

593 3333 700 3392 Sed
729 3338 874 3392 enim
920 3341 1299 3410 unusquisque
1333 3350 1604 3408 nostrum,
1637 3350 1831 3396 natura
1879 3343 2096 3412 propria

523 3427 788 3496 magistra
822 3436 877 3482 et
907 3427 1072 3492 duce,
1103 3435 1432 3484 structuram
1461 3431 1711 3502 corporis
1747 3442 2002 3488 accurate
2031 3448 2098 3488 ex

521 3530 590 3570 eo
615 3515 762 3586 quod
791 3526 846 3571 et
867 3517 1014 3573 videt
1041 3527 1096 3574 et
1119 3521 1254 3575 vivit
1292 3529 1349 3576 et
1379 3523 1572 3586 sentit,
1612 3538 1950 3594 cognoscere
2001 3540 2100 3594 po-

526 3607 673 3661 terit.
699 3608 842 3673 Quin
873 3619 928 3663 et
957 3626 987 3662 a
1014 3612 1150 3665 viris
1188 3611 1528 3670 doctissimis
1558 3614 1673 3668 hzec
1726 3615 1971 3671 studiose
2004 3633 2100 3670 es-

525 3697 724 3766 plicata
757 3713 880 3753 cum
917 3702 1048 3766 sint,
1081 3700 1209 3757 licet
1248 3704 1564 3759 universam
1601 3715 1656 3760 et
1704 3706 1969 3777 integram
2005 3722 2100 3762 eo-

524 3805 646 3843 rum
683 3791 988 3847 doctrinam
1035 3795 1104 3850 de
1152 3795 1308 3852 libris
1351 3796 1545 3852 horum
1585 3813 1928 3868 expromere.
1967 3801 2094 3867 Alii,

525 3895 648 3950 qua:
705 3884 994 3953 collocatio
1049 3884 1122 3940 sit
1175 3887 1517 3958 singularqu
1571 3890 1626 3944 in
1663 3891 1824 3947 nobis
1864 3893 2096 3960 partium

527 3973 752 4028 scrutati
787 3985 935 4031 sunt.
963 3959 1400 4048 Alii,'lquem.ad
1429 3995 1589 4035 usum
1632 3983 1816 4036 omnia
1850 3983 2098 4052 corporis

525 4069 769 4123 membra
795 4067 938 4124 facta
969 4071 1101 4136 sint,
1152 4071 1502 4143 indagarunt,
1556 4085 1610 4130 et
1648 4075 1808 4131 nobis
1857 4077 2099 4147 explica-

525 4167 682 4219 runt,
724 4167 784 4212 ut
811 4159 924 4230 jam
961 4160 1030 4216 de
1061 4161 1255 4217 horum
1279 4167 1702 4222 commentariis
1737 4183 1934 4239 capere
1977 4177 2097 4224 stu-

525 4252 664 4308 diosi
720 4254 912 4309 harum
974 4243 1155 4311 rerum
1205 4257 1570 4327 cognitionem
1615 4259 1836 4314 humani
1893 4259 2097 4330 opificii

527 4343 852 4415 locupletem
909 4355 965 4401 et
999 4347 1148 4400 nulla
1180 4349 1266 4403 sui
1302 4357 1452 4419 parte
1482 4348 1824 4406 deficientem
1861 4352 2095 4422 possint.

526 4433 682 4501 Quod
732 4439 780 4492 si
836 4437 962 4508 quis
990 4438 1154 4494 etiam
1207 4440 1324 4496 haec
1388 4440 1678 4507 universa,
1739 4442 1807 4498 de
1846 4443 2098 4498 doctrina
2145 4454 2149 4458 '

527 4528 747 4598 propria
777 4544 906 4584 vero
935 4529 988 4584 in
1019 4530 1181 4588 terris
1211 4530 1304 4586 Dei
1337 4533 1504 4587 coetui
1553 4532 1769 4589 discere
1799 4535 1974 4600 malit,
2031 4549 2100 4590 ne

530 4616 637 4668 ulla
679 4615 733 4670 in
764 4632 824 4671 re
850 4617 1140 4690 disciplina
1171 4627 1360 4675 extera
1398 4637 1560 4693 egere
1593 4622 1767 4677 videri
1818 4624 2092 4693 possimus

527 4707 790 4777 (quando
838 4709 922 4763 lex
975 4711 1173 4765 ovibus
1219 4711 1603 4782 spiritualihus
1649 4721 1735 4768 est
1774 4714 2053 4785 proposita
2081 4753 2099 4780 ,

528 4795 990 4864 quemadmodum
1017 4799 1092 4853 ait
1126 4799 1412 4865 Dominus,
1443 4800 1560 4856 Non
1595 4818 1718 4858 esse
1742 4803 1861 4858 voci
1915 4804 2055 4858 alius
2080 4846 2098 4871 ,

524 4898 678 4944 extra
709 4905 871 4958 quam
897 4892 1154 4962 pastoris,
1182 4905 1344 4950 aures
1364 4893 1684 4966 praebendas
1706 4895 1752 4926 ”
1776 4894 1817 4963 ),
1852 4910 1951 4966 age
1978 4897 2104 4952 bre-

526 4978 668 5030 viter
697 4978 763 5032 de
785 4977 874 5033 his
903 4994 1123 5051 quoque
1161 4980 1518 5039 disseramus.
1549 4985 1690 5038 Sunt
1719 4985 1942 5039 omnino
1977 5001 2101 5042 eor-

524 5069 676 5140 poris
699 5069 753 5123 in
784 5077 1004 5134 natura,
1039 5073 1144 5126 tria
1185 5088 1436 5140 numero,
1489 5091 1723 5146 quorum
1770 5079 1946 5148 gratia
1982 5081 2099 5135 sine

522 5160 648 5232 gula
681 5160 738 5215 in
775 5160 933 5218 nobis
988 5163 1233 5219 membra
1274 5173 1405 5220 sunt
1457 5165 1623 5222 facta.
1665 5165 1802 5222 Nam
1855 5170 1980 5233 alia,
2039 5179 2100 5225 ut

522 5252 832 5308 viveremus
872 5245 1094 5308 condita
1126 5265 1296 5322 sunt;
1345 5257 1472 5324 alia,
1506 5267 1566 5313 ut
1607 5258 1851 5328 jucunde
1888 5263 2091 5316 vivere-

520 5358 686 5407 mus;
734 5343 865 5408 alia,
897 5353 958 5398 ut
1015 5356 1162 5402 esset
1217 5349 1272 5403 in
1313 5349 1556 5404 humano
1603 5366 1803 5421 genere
1837 5365 2096 5424 perpetua

522 5435 856 5505 posteritatis
888 5440 1190 5493 successio.
1230 5438 1364 5507 Qua:
1399 5455 1565 5512 porro
1611 5441 1734 5512 ejus
1764 5454 1894 5498 sunt
1935 5461 2097 5516 gene-

520 5523 620 5586 ris,
650 5531 710 5578 ut
739 5523 787 5579 si
813 5523 1021 5596 absque
1053 5526 1188 5598 ipsis
1233 5529 1396 5596 foret,
1455 5530 1618 5587 homo
1671 5549 1784 5588 non
1838 5535 2091 5590 viveret:

525 5612 699 5670 tribus
727 5617 984 5674 membris
1006 5621 1569 5694 comprehenduntur,
1627 5625 1873 5694 cerebro,
1905 5627 2092 5698 corde,

595 5773 640 5804 "
675 5768 832 5827 loco.
869 5791 924 5839 x,
951 5774 1005 5839 4,
1037 5777 1090 5832 5.

2494 3237 2668 3314 ἡμῶν
2685 3237 3100 3307 ’καταολκευῆς
3135 3237 3209 3291 δι’
3247 3238 3488 3308 ὀλίγων.

2287 3339 2447 3394 Ἀλλά
2481 3337 2578 3410 τὴν
2609 3337 2706 3408 μὲν
2757 3334 2960 3406 ἀκρισῆ
3013 3331 3107 3385 τοῦ
3155 3330 3409 3401 σώματος
3460 3331 3624 3401 ἡμῶν
3666 3330 3776 3383 δια-

2206 3433 2402 3504 σκευὴν
2447 3429 2683 3483 διδάσκει
2740 3427 2840 3498 μὲν
2890 3426 3121 3488 ἕκαστος
3181 3422 3394 3487 ἑαυτὸν,
3448 3423 3512 3488 ἐξ
3567 3419 3646 3476 ὧν
3685 3421 3781 3492 ὁρᾷ

2203 3543 2262 3579 τε
2315 3523 2407 3577 καὶ
2453 3521 2520 3594 ζῇ
2574 3519 2669 3574 καὶ
2721 3517 3056 3580 αἰσθάνεται,
3109 3517 3208 3588 τὴν
3255 3516 3393 3571 εδίαν
3443 3515 3648 3569 ἑαυτοῦ
3689 3515 3782 3583 φύ-

2207 3636 2290 3673 σιν
2354 3615 2670 3672 διδάσκαλον
2734 3613 2892 3683 ἔχων.
2954 3611 3180 3678 Ἔξεστι
3207 3611 3264 3665 δέ
3317 3610 3414 3664 καὶ
3455 3612 3562 3681 τὴν
3601 3611 3661 3664 ἐν
3704 3608 3780 3678 βί-

2205 3709 2351 3772 ϐλοις
2391 3703 2838 3778 φιλοπονηθεῖσαν
2883 3705 2996 3766 τοῖς
3038 3701 3106 3755 τὰ
3146 3700 3373 3755 τοιαῦτα
3430 3702 3623 3770 σοφοῖς
3657 3699 3784 3770 περὶ

2203 3800 2408 3855 τούτων
2464 3796 2702 3869 ἱστορίαν
2746 3794 3102 3856 ἀναλαϐόντι.
3161 3795 3341 3847 πάντα
3385 3793 3453 3846 δι’
3496 3791 3786 3863 ἀκριῦιίας

2207 3890 2418 3964 μαθεῖν.
2453 3883 2554 3942 Ὧν
2579 3889 2626 3941 οἱ
2659 3887 2760 3958 μὲν
2793 3887 2942 3948 ὅπως
2970 3885 3083 3955 ἔχει
3111 3881 3314 3949 θέσεως
3343 3886 3410 3939 si
3444 3885 3784 3940 καθέκαστον

2202 3981 2312 4036 τῶν
2358 3982 2417 4034 ἐν
2443 3981 2599 4052 ἡμῖν,
2634 3977 2722 4032 διά
2752 3977 2854 4048 τῆς
2887 3976 3164 4046 ἀνατομῆς
3195 3975 3553 4046 ἐδιδάχθησαν
3574 3992 3590 4006 ο
3632 3977 3683 4028 οῖ
3730 3973 3784 4026 δέ

2203 4073 2299 4127 καὶ
2331 4070 2469 4142 πρὸς
2495 4071 2524 4124 ὅ
2559 4087 2612 4124 τι
2641 4069 2832 4138 γέγονε
2868 4066 3048 4123 πάντα
3075 4065 3149 4119 τὰ
3193 4065 3288 4120 τοῦ
3323 4065 3576 4136 σώματος
3627 4065 3786 4136 μόρια

2203 4162 2536 4232 κατενόησάν
2563 4179 2622 4215 τε
2643 4161 2740 4214 καὶ
2765 4159 3109 4232 διηγήσαντο,
3131 4157 3207 4224 ὡς
3229 4159 3509 4231 ἀρκοῦσαν
3535 4158 3790 4213 ἐντεῦθεν

2203 4255 2302 4327 τῆς
2327 4253 2675 4327 ἀνθρωπίνης
2704 4252 3050 4323 κατασκευῆς
3072 4251 3172 4324 τὴν
3192 4251 3394 4320 γνῶσιν
3420 4255 3536 4316 τοῖς
3567 4251 3788 4323 φιλοπό-

2203 4365 2314 4412 νοις
2341 4345 2618 4417 γενέσθαι.
2649 4345 2713 4398 ΕΞ
2742 4343 2801 4397 δέ
2823 4361 2908 4407 τις
2935 4343 3217 4414 ἐπιζητοίη
3246 4344 3462 4398 πάντων
3486 4345 3674 4400 αὐτῶν
3692 4344 3790 4414 τὴν

2203 4436 2501 4507 ἐκκλησίαν
2552 4429 2874 4488 διδάσκαλον
2899 4433 3169 4502 γίνεσθαι,
3203 4434 3279 4498 ὡς
3327 4436 3408 4498 εἰς
3460 4435 3641 4506 μηδὲν
3689 4433 3786 4504 τῆς

2202 4531 2404 4599 ἔξωθεν
2446 4531 2628 4602 φωνῆς
2665 4528 2968 4584 ἐπιδεῖσθαι
3004 4520 3181 4599 (οὗτος
3208 4528 3318 4600 γάρ
3341 4529 3450 4582 τῶν
3485 4544 3792 4600 πνευματι-

2129 4591 2178 4649 D
2204 4591 2318 4676 κῶν
2359 4591 2644 4693 προϐάτιον
2687 4622 2718 4675 ὁ
2755 4621 2938 4691 νόμος,
2976 4591 3171 4685 καθὼς
3194 4591 3360 4692 φησιν
3383 4623 3412 4674 ὁ
3446 4591 3684 4694 Κύριος,
3726 4621 3787 4674 sb

2205 4715 2490 4788 ἀλλοτρίας
2537 4716 2612 4787 μὴ
2655 4714 2876 4768 ἀκούειν
2905 4715 3133 4785 φωνῆς),
3153 4713 3242 4768 διὰ
3283 4713 3533 4785 βραχέων
3569 4714 3671 4768 καὶ
3701 4713 3792 4767 τὸν

2205 4806 2568 4879 περὶτούτων
2600 4806 2758 4875 λόγον
2797 4805 3186 4876 διαληψόμεθα.
3228 4805 3366 4876 Τρία
3396 4807 3526 4878 περὶ
3561 4805 3666 4878 τὴν
3698 4802 3793 4858 τοῦ

2207 4897 2456 4970 σώματος
2479 4897 2780 4967 ἐνοήσαμεν
2808 4894 2989 4964 φύσιν,
3019 4890 3095 4949 ῶν
3119 4895 3279 4964 χάριν
3306 4895 3375 4948 τά
3396 4896 3518 4949 καθ’
3555 4897 3793 4950 ἕκαστον

2204 4988 2313 5042 τῶν
2333 4989 2390 5041 ἐν
2421 4989 2552 5059 ἡμῖν
2583 4985 3028 5042 κατεσκεύασται.
3063 4987 3145 5041 ra
3173 4988 3275 5058 μὲν
3305 4988 3416 5060 γάρ
3442 4988 3536 5043 διὰ
3575 4989 3644 5043 τὸ
3670 4987 3791 5056 ζῇν,

2203 5082 2274 5135 τά
2296 5081 2353 5136 δὲ
2373 5080 2459 5134 διά
2484 5079 2546 5134 τὸ
2577 5078 2760 5142 καλῶς
2785 5079 2906 5150 ζῇν,
2947 5079 3112 5152 ἕτερα
3135 5079 3193 5132 δέ
3216 5080 3354 5152 πρὸς
3388 5081 3492 5153 τὴν
3531 5082 3792 5153 διαδοχὴν

2202 5171 2312 5226 τῶν
2339 5170 2736 5242 ἐπιγινομένων
2761 5170 3082 5240 ἐπιτηδείως
3111 5171 3244 5241 ἔχει.
3294 5173 3437 5227 Ὅσα
3476 5175 3586 5246 μὲν
3615 5170 3714 5229 ὧν
3734 5176 3792 5228 ἐν

2203 5265 2335 5336 ἡμῖν
2362 5262 2586 5317 τοιαῦτά
2630 5263 2802 5326 ἐστιν,
2846 5255 2923 5317 ὧν
2967 5263 3098 5318 ἀνευ
3128 5263 3390 5334 συστῆναι
3426 5265 3527 5336 τὴν
3571 5268 3790 5339 ἀνθρω-

2201 5355 2362 5424 πίνην
2391 5352 2536 5423 ζωὴν
2574 5352 2674 5406 οὐκ
2703 5352 2997 5424 ἐνδέχεται,
3034 5353 3094 5406 ἐν
3131 5355 3280 5424 τρισὶ
3308 5355 3517 5425 μορίοις
3561 5375 3789 5411 κατενο-

2157 5429 2171 5442 ’
2197 5445 2413 5514 ήσαμεν
2433 5458 2446 5471 ·
2477 5443 2537 5494 ἐν
2560 5430 2869 5514 ἐγκεφάλῳ,
2899 5443 2993 5497 καὶ
3017 5445 3236 5517 καρδία,
3269 5447 3365 5499 καὶ
3399 5448 3602 5518 ἥπατι.
3650 5451 3788 5504 Ὅσα

2199 5535 2257 5589 δέ
2275 5532 2558 5606 προσθήκη
2576 5535 2661 5599 τίς
2695 5535 2812 5590 ἐστι
2843 5535 2952 5590 τῶν
2975 5537 3216 5606 ἀγαθῶν,
3252 5539 3349 5594 καὶ
3378 5539 3673 5613 φιλοτιμία
3691 5543 3788 5612 τῆς

2202 5627 2436 5699 φύσεως,
2466 5626 2528 5681 τὸ
2558 5621 2616 5681 εὖ
2641 5627 2740 5700 ζῇν
2771 5627 2840 5684 δι’
2884 5629 3106 5685 ἐκείνων
3137 5629 3215 5703 τῷ
3242 5631 3513 5705 ἀνθρώπῳ
3555 5634 3789 5704 χαριζο-
