3988 6458
245 434 326 488 ΞΗ
1439 433 1525 487 DE
1564 433 1848 491 HOMINIS
1885 439 2203 497 OPIFlClO.

3350 443 3456 496 242

249 551 412 619 μένης,
440 546 504 600 τὰ
533 546 655 618 περὶ
700 546 792 618 τὴν
830 548 1081 619 αἰσθησίν
1122 550 1269 604 ἐστιν
1297 550 1523 621 ὄργανα.
1560 553 1639 607 Τὰ
1678 555 1786 626 γὰρ

1912 560 2152 615 ecinore.
2190 561 2319 626 Qua:
2356 562 2619 616 bonorum
2655 565 2777 614 sunt
2817 560 2961 611 velut
3004 556 3455 615 additamentum.

248 639 443 694 τοιαῦτα
468 638 565 709 τὴν
588 637 735 708 ζωὴν
765 638 865 709 μὲν
888 641 949 693 οὑ
982 642 1314 713 συνίστησιν,
1337 645 1459 697 ἐπεὶ
1486 646 1577 698 καὶ
1604 645 1787 698 λιπόν-

245 748 338 783 των
361 728 511 781 τινῶν
557 729 832 793 πολλάκις,
854 731 1005 785 οὐδὲν
1031 727 1192 803 ἦττον
1223 734 1281 786 ὲν
1319 734 1396 804 τῷ
1436 734 1536 805 ζῇν
1568 736 1715 788 ἐστιν
1759 738 1787 789 ὁ

246 821 521 891 ἄνθρωπος,
547 821 661 874 ἀλλ’
681 824 961 893 ἀμήχανον
985 824 1107 894 δίχα
1126 824 1331 879 τούτων
1348 826 1456 880 τῶν
1477 827 1787 898 ἐνεργειῶν,

247 912 338 963 τῶν
389 909 523 964 κατὰ
563 911 661 982 τὴν
716 911 861 984 ζωὴν
914 915 1083 984 ἡδέων
1125 916 1223 988 τὴν
1266 918 1555 987 μετουσίαν
1623 918 1785 990 ἔχειν.

254 1004 305 1055 'U
346 1003 397 1056 δὲ
440 1002 612 1072 τρίτος
664 1004 863 1067 σκοπὸς
907 1005 1043 1076 πρὸς
1087 1007 1147 1061 τὸ
1194 1008 1394 1080 ἑφεξῆς
1435 1027 1495 1063 τε
1548 1014 1643 1064 καλ¹
1691 1011 1790 1082 τὴν

243 1091 465 1160 διαδοχὴν
525 1091 732 1160 βλέπει.
807 1094 962 1148 Ἔστι
1009 1096 1066 1150 δὲ
1116 1099 1209 1153 καὶ
1253 1099 1390 1154 ἄλλα
1444 1100 1565 1155 τινὰ
1642 1104 1791 1174 παρὰ

244 1184 410 1248 ταῦτα,
438 1181 475 1236 ἃ
500 1182 635 1253 πρὸς
660 1183 919 1257 διαμονὴν
956 1187 1110 1241 κοινὰ
1134 1191 1247 1252 τοῖς
1280 1191 1443 1245 πᾶσιν
1484 1191 1788 1257 ὑπόκειται,

245 1276 329 1337 τὰς
356 1274 715 1343 καταλλήλους
746 1276 1065 1347 προσθήκας
1092 1279 1159 1332 δι’
1187 1280 1394 1335 ἑαυτῶν
1413 1284 1792 1352 ἐπεισάγοντα,

245 1366 310 1427 ὡς
328 1363 491 1417 κοιλία
513 1366 609 1418 καὶ
638 1366 913 1437 πνεύμων,
932 1371 962 1421 ὁ
988 1370 1086 1438 μὲν
1104 1370 1181 1440 τῷ
1206 1372 1473 1442 πνεύματι
1502 1375 1563 1427 τὸ
1594 1376 1796 1447 ἐγκάρ-

242 1455 339 1507 διον
385 1453 493 1525 πῦρ
534 1456 933 1527 ἀναρριπίζων,
984 1460 1020 1530 ἡ
1066 1460 1121 1513 δὲ
1161 1464 1275 1525 τοῖς
1319 1463 1649 1535 σπλάγχνοις
1696 1467 1796 1537 τὴν

243 1547 427 1615 τροφὴν
471 1547 860 1611 είσοικίζουσα.
894 1549 1051 1604 υΰτω
1094 1553 1272 1608 τοίνυν
1322 1558 1420 1624 τῆς
1452 1559 1797 1629 κατασκευῆς

242 1636 325 1705 τῆ,
353 1636 409 1689 ὲν
437 1638 568 1707 ἡμῖν
600 1638 957 1712 διῃρημένης,
989 1642 1137 1697 ἐστιν
1169 1646 1412 1717 ἀκριϐῶς
1442 1649 1795 1719 κατανοῆσαι,

245 1728 389 1781 ὅτιού
424 1730 713 1798 μονοειδῶς
761 1735 896 1803 ἡμῖν
926 1735 993 1789 δι’
1039 1736 1158 1801 ἑνός
1195 1756 1336 1802 τινος
1379 1741 1412 1809 ὴ
1444 1740 1579 1811 πρὸς
1605 1742 1665 1795 τὸ
1696 1743 1797 1814 ζῇν

241 1818 445 1889 δύναμις
488 1820 832 1891 διεξάγεταιο
876 1826 1013 1880 ἀλλὰ
1058 1828 1264 1883 πλείοσι
1300 1832 1506 1901 μορίοις
1552 1835 1586 1903 ἡ
1636 1833 1798 1902 φύσις

245 1910 327 1973 τὰς
352 1912 482 1981 πρὸς
515 1912 618 1983 τὴν
664 1915 925 1971 σύστασιν
958 1919 1114 1989 ὴμῶν
1147 1921 1401 1991 ἀφορμὰς
1448 1925 1796 1994 ὲπινείμασα,
1830 1904 1871 1959 Β

245 2000 523 2067 ἀναγκαίαν
554 2006 707 2057 ποιεῖ
738 2004 873 2075 πρὸς
905 2006 965 2059 τὸ
988 2007 1107 2060 ὅλον
1130 2008 1229 2080 τὴν
1259 2010 1388 2079 παρ’
1419 2011 1649 2064 ἑκάστου
1680 2029 1801 2065 συν-

242 2090 498 2161 εισφοράν.
530 2092 701 2145 Ὥστε
732 2094 825 2147 καὶ
865 2096 965 2149 ὅσα
1008 2096 1145 2167 πρὸς
1174 2099 1474 2168 ἀσφάλειαν
1528 2101 1629 2171 τῆς
1656 2100 1802 2172 ζωῆς

245 2182 321 2235 καὶ
362 2181 554 2246 κάλλος
610 2185 645 2254 ἡ
693 2185 855 2252 φύσις
898 2188 1320 2258 ὲπετεχνάσατο,
1365 2191 1534 2245 πλείω
1580 2192 1641 2246 τέ
1685 2195 1801 2248 ὲστι

247 2270 417 2335 ταῦτα,
442 2269 539 2324 καὶ
572 2273 777 2344 πολλὴν
810 2277 944 2347 πρὸς
990 2278 1195 2349 ἄλληλα
1238 2279 1337 2352 τὴν
1364 2280 1629 2352 διαφορὰν
1666 2282 1799 2353 ἔχει.

253 2361 373 2413 Ἀλλ’
419 2361 580 2433 οἶμαι
637 2364 903 2419 διελέσθαι
960 2370 1223 2440 πρότερον
1270 2373 1328 2427 ἐν
1390 2372 1556 2444 ὀλίγῳ
1606 2375 1801 2446 χρῆναι

240 2453 335 2506 τῶν
362 2454 491 2525 πρὸς
516 2456 625 2526 τὴν
655 2447 1038 2530 σύστασιν⁹τῆς
1070 2460 1219 2531 ζωῆς
1250 2464 1644 2519 συντελούντων
1670 2469 1803 2536 ἡμῖν

243 2544 325 2607 τὰς
352 2544 572 2615 πρώτας
607 2548 801 2618 ἀρχάς.
847 2550 909 2603 Ἦ
938 2552 1039 2621 μὲν
1074 2548 1168 2606 οὖν
1196 2553 1289 2607 τοῦ
1333 2556 1531 2620 παντὸς
1555 2556 1804 2627 σώματος

241 2636 327 2705 ὑλη
349 2638 496 2705 κοινὴ
527 2641 649 2702 τοῖς
679 2640 798 2692 καθ’
830 2640 1058 2695 ἕκαστον
1088 2643 1302 2713 μέλεσιν
1332 2646 1688 2718 ὑποκειμένη,
1718 2665 1803 2702 σι-

241 2731 409 2796 τᾶσθω
455 2730 661 2785 τανῦν·
713 2734 871 2786 οὐδὲν
920 2734 1029 2806 γὰρ
1086 2736 1222 2806 πρὸς
1271 2738 1362 2790 τὸν
1425 2739 1624 2792 σκοπὸν
1674 2741 1805 2811 ἡμῖν

244 2821 524 2875 συντελέσει
560 2824 598 2892 ἡ
633 2824 858 2876 καθόλου
893 2826 1206 2894 φυσιολογία
1254 2828 1388 2897 πρὸς
1416 2829 1527 2899 ’τὴν
1574 2833 1805 2901 μερικὴν

244 2911 475 2983 θεωρίαν.
548 2915 1016 2986 Ὀμολογουμένου
1067 2918 1249 2973 τοίνυν
1312 2920 1461 2990 παρὰ.
1520 2922 1654 2973 πᾶσι
1713 2923 1806 2975 τοῦ

243 3005 439 3058 πάντων
467 3008 525 3059 ἐν
564 3010 700 3077 ἡμῖν
726 3004 864 3061 εἶναι
897 3010 1006 3061 τῶν
1036 3012 1388 3080 στοιχειωδῶς
1416 3015 1475 3065 ὲν
1512 3014 1591 3083 τῷ
1618 2999 1809 3085 κόσμῳ

240 3095 622 3168 θεωρουμένων
662 3102 761 3170 τὴν
810 3104 1022 3172 μοῖραν,
1070 3103 1164 3156 τοῦ
1212 3121 1273 3156 τε
1327 3104 1528 3176 θερμοῦ
1579 3107 1672 3159 κα)⁵
1716 3107 1809 3160 τοῦ

241 3188 500 3258 ψύχοντος,
562 3193 661 3245 καὶ
710 3193 807 3262 τῆς
858 3195 1049 3265 ἑτέρας
1098 3196 1356 3265 συζυγίας
1416 3198 1514 3268 τῆς
1562 3199 1702 3252 κατὰ
1750 3199 1812 3252 τὸ

243 3282 394 3351 ὑγρόν
420 3301 479 3336 τε
519 3285 622 3338 καὶ
643 3284 807 3355 ξηρὸν
832 3289 1143 3359 νοουμένης,
1171 3288 1243 3342 τὰ
1272 3290 1390 3343 καθ’
1417 3289 1646 3344 ἕκαστον
1679 3293 1809 3362 ἡμῖν

238 3372 573 3442 διαληπτέον.

264 3632 507 3697 αυὺκοῦν
561 3645 778 3715 ὁρῶμεν
828 3649 976 3717 τρεῖς
1005 3647 1102 3711 τὰς
1135 3648 1469 3720 διοικητικὰς
1515 3652 1613 3722 τῆς
1665 3654 1812 3724 ζωῆς

238 3732 502 3811 δυνάμεις,
554 3729 633 3788 ὧν
672 3737 708 3807 ἡ
740 3736 837 3805 μὲν
864 3737 1143 3791 διαθάλπει
1176 3739 1237 3793 τὸ
1274 3743 1381 3794 πᾶν
1408 3744 1471 3812 τῇ
1497 3742 1808 3813 θερμότητι,

240 3828 272 3892 ἡ
299 3827 352 3879 δὲ
390 3828 703 3892 ὑπονοτίζει
728 3831 793 3901 τῇ
831 3830 1016 3898 ἰκμάδι
1044 3831 1101 3884 τὸ
1133 3832 1578 3902 θερμαινόμενον,
1625 3835 1700 3898 ὼς
1745 3836 1811 3890 ἂν

245 3922 301 3988 τῇ
335 3919 658 3991 ἰσοκρατείᾳ
690 3922 788 3991 τῆς
834 3921 942 3974 τῶν
976 3924 1234 3976 ἐναντίων
1270 3925 1570 3996 ποιότητος,
1594 3929 1684 3980 ἐπὶ
1721 3928 1815 3981 τοῦ

241 4012 399 4080 μέσου
438 4013 765 4082 συντηροῖτο
804 4013 864 4065 τὸ
914 4013 1071 4077 ζῶον,
1135 4016 1273 4084 μήτε
1314 4015 1409 4069 τοῦ
1452 4018 1618 4089 ὑγροῦ
1650 4037 1818 4073 κατα-

244 4106 584 4175 φρυγομένου
632 4105 712 4174 τῷ
766 4104 1087 4176 πλεονασμῷ
1134 4108 1232 4177 τῆς
1277 4108 1626 4180 θερμότητος,
1679 4114 1817 4181 μήτε

240 4193 325 4246 τοῦ
358 4194 572 4266 θερμοῦ
620 4194 979 4264 σϐεννυμένου
1022 4197 1088 4265 τῇ
1140 4198 1460 4269 ἐπικρατείᾳ
1505 4198 1599 4251 τοῦ
1651 4200 1818 4253 καθυ-

243 4287 569 4356 γραίνοντος.
618 4287 683 4338 ἸΙ
715 4286 771 4338 δὲ
802 4286 958 4357 τρίτη
988 4287 1215 4357 δύναμις
1263 4290 1475 4358 συνέχει
1512 4290 1578 4343 δι’
1622 4292 1819 4361 ἑαυτῆς

242 4377 370 4429 κατά
395 4395 521 4430 τινα
563 4376 839 4444 συμβολήν
883 4392 942 4428 τε
977 4379 1071 4428 καὶ
1120 4377 1386 4447 ἁρμονίαν
1432 4380 1500 4431 τὰ
1541 4380 1817 4449 διακεκρι-

244 4466 369 4535 μξνα
398 4470 513 4523 τῶν
562 4468 783 4537 ἄρθρων
830 4471 941 4531 τοῖς
978 4469 1108 4539 παρ’
1144 4469 1343 4539 ἑαυτῆς
1372 4471 1686 4541 συνδέσμοις
1720 4474 1821 4543 ἁρ-

1893 649 2139 719 profecla
2170 654 2238 705 de
2264 652 2494 721 benigna
2522 651 2770 720 largitate
2804 656 3032 711 naturae.
3058 648 3339 703 ellicicntis
3365 665 3460 717 per

1890 740 2004 795 liaac
2035 752 2091 795 ut
2119 743 2360 810 jucunde
2398 744 2560 796 homo
2588 742 2795 796 viveret
2825 758 2838 794 :
2884 750 3012 795 sunt
3057 755 3317 794 sensuum
3373 741 3457 792 in-

1890 840 2213 885 strumenta.
2259 829 2392 884 Nam
2424 832 2477 885 in
2533 832 2617 885 his
2674 831 2779 884 vita
2822 831 3043 901 quidem
3104 840 3292 884 nostra
3348 846 3458 884 non

1890 920 2164 981 consistit,
2200 920 2421 990 quando
2459 920 2644 975 vivere
2678 920 2884 974 homini
2916 919 3043 973 licet
3069 919 3233 973 etiam
3270 917 3463 987 pleris-

1892 1025 1999 1077 que
2029 1010 2221 1062 horum
2258 1010 2500 1075 amissis;
2529 1007 2624 1063 sed
2659 1008 2776 1063 fieri
2801 1023 2909 1062 non
2938 1016 3115 1076 potest
3150 1015 3207 1059 ut
3256 1008 3465 1075 absque

1894 1100 2089 1154 horum
2122 1102 2434 1156 actionibus
2466 1114 2648 1156 rerum
2672 1102 2728 1154 in
2756 1100 2996 1155 hominis
3051 1102 3159 1151 vita
3193 1097 3464 1167 jucunda-

1895 1204 2015 1244 rnm
2051 1191 2329 1258 voluptate
2359 1190 2625 1243 fruamur.
2659 1186 2903 1243 Tertium
2937 1188 2989 1241 in
3016 1188 3307 1257 partitione
3340 1202 3466 1256 pro-

1898 1280 2073 1348 posita
2112 1280 2413 1333 membrum
2442 1279 2659 1349 generis
2683 1278 2749 1333 ad
2784 1278 3194 1348 perpetuitatem
3232 1284 3462 1346 spectat.

1897 1369 2099 1425 Praater
2126 1371 2242 1425 inec
2270 1371 2373 1424 alia
2406 1371 2647 1424 membra
2677 1362 2825 1435 sunt,
2853 1372 3060 1438 quae‘et
3112 1368 3228 1438 ipsa
3265 1367 3468 1436 pariter

1896 1478 2022 1518 cum
2051 1463 2263 1518 caneris
2304 1463 2469 1516 vitam
2500 1462 2739 1517 hominis
2766 1470 3113 1523 conservant,
3155 1470 3209 1514 et
3236 1472 3470 1513 consen-

1897 1564 2087 1608 taneas
2149 1563 2357 1607 natura:
2414 1570 2527 1608 sua:
2582 1553 2844 1623 quasdam
2910 1550 3067 1619 quasi
3127 1549 3472 1604 accessiones

1899 1654 2180 1714 przcstant,
2213 1647 2265 1699 in
2329 1645 2531 1715 quibus
2588 1651 2717 1699 sunt
2777 1642 3095 1698 stomachus
3150 1656 3214 1695 ac
3263 1641 3470 1709 pulmo,

1898 1751 2131 1805 quorum
2168 1736 2256 1791 hic
2294 1737 2531 1789 calorem
2573 1734 2759 1791 cordis
2793 1732 3078 1803 perflando
3105 1731 3349 1795 excitat;
3378 1730 3471 1785 illc

1902 1825 2204 1879 visceribus
2230 1826 2546 1880 alimentum
2571 1840 2731 1880 suum
2763 1824 2997 1894 przebet.
3026 1820 3139 1875 Hoc
3170 1820 3332 1875 modo
3359 1827 3472 1874 tota

1900 1920 2147 1986 corporis
2174 1918 2346 1972 nostri
2376 1926 2654 1972 structura
2706 1916 2903 1979 divisa,
2964 1914 3258 1985 perspicue
3289 1912 3475 1968 videre

1900 2017 2009 2070 est,
2050 2007 2367 2063 facultatem
2413 2024 2525 2078 qua
2586 2010 2699 2061 vita
2746 2004 3087 2068 continetur,
3124 2019 3235 2058 non
3274 2017 3385 2055 uno
3440 2016 3471 2054 a

1901 2098 2147 2153 membro
2193 2098 2504 2167 proficisci:
2544 2097 2637 2152 sed
2670 2103 2921 2151 naturam
2958 2093 3206 2165 corporis
3251 2107 3475 2147 conser-

1901 2189 2174 2243 vationem
2198 2189 2252 2242 in
2290 2188 2444 2259 plura
2478 2188 2726 2244 membra
2790 2188 3139 2258 partientem,
3180 2184 3474 2253 unicuique

1902 2279 2006 2334 hoc
2030 2278 2247 2335 dedisse
2289 2280 2512 2351 negotii,
2546 2287 2604 2334 ut
2626 2280 2842 2351 singula
2890 2278 3140 2334 nonnihil
3188 2278 3255 2332 ad
3314 2292 3473 2331 usum

1904 2372 2144 2426 universi
2182 2370 2519 2427 conferrent.
2551 2371 2681 2426 Eam
2742 2372 2815 2426 ob
2852 2386 2966 2426 rem
3003 2370 3286 2441 complura
3323 2379 3471 2431 sunt,

1904 2460 2156 2532 interque
2173 2479 2233 2519 se
2265 2464 2608 2534 perprofecto
2638 2463 2878 2525 diversa,
2911 2476 3255 2533 quaecunque
3281 2470 3475 2515 natura

1904 2553 1989 2607 vel
2026 2553 2094 2607 ad
2130 2568 2189 2608 se
2215 2553 2493 2617 tuendam,
2529 2554 2613 2609 vel
2646 2562 2877 2609 ornatus
2910 2567 2966 2607 et
2992 2553 3279 2622 elegantia:
3304 2566 3472 2605 causa

1906 2645 2135 2700 solerter
2165 2644 2431 2700 fabricata
2476 2656 2581 2700 est.
2642 2643 2747 2698 Sed
2802 2644 2946 2699 enim
2980 2643 3247 2712 principia
3306 2641 3477 2710 prima

1905 2752 2098 2791 eorum
2132 2752 2252 2807 quae
2291 2738 2455 2790 vitam
2502 2736 2868 2795 constituunt,
2902 2734 3059 2787 nobis
3090 2741 3380 2803 antequam
3411 2732 3478 2786 ad

1908 2829 2013 2881 alia
2073 2828 2509 2897 progrediamur,
2570 2827 2810 2881 breviter
2866 2826 3156 2879 dividenda
3228 2826 3475 2878 veniunt.

1909 2915 2102 2970 Totius
2130 2914 2349 2984 quidem
2389 2916 2637 2985 corporis
2672 2916 2931 2971 membris
2965 2914 3218 2967 materies
3247 2913 3483 2980 singulis

1911 3010 2242 3073 communis,
2277 3008 2331 3062 in
2363 3007 2467 3062 hoc
2498 3017 2553 3062 et
2583 3015 2825 3076 tempore
2862 3016 2915 3059 et
2950 3007 3069 3059 loco
3131 3012 3483 3074 praetereatur

1914 3099 2154 3154 silentio.
2191 3098 2327 3152 Nam
2360 3099 2426 3153 ad
2455 3100 2767 3154 institutum
2806 3106 3052 3153 nostrum
3086 3096 3220 3151 nihil
3266 3095 3480 3157 attinet,

1917 3190 2170 3242 nimirum
2205 3190 2270 3242 ad
2299 3190 2794 3245 considerationem
2812 3190 3213 3259 particularem,
3238 3186 3481 3242 universi

1915 3282 2285 3348 pertractatio.
2323 3280 2464 3350 Ergo
2492 3296 2618 3335 cum
2668 3281 2812 3351 apud
2839 3296 3032 3337 omnes
3054 3281 3159 3334 hoc
3189 3280 3347 3349 quasi
3380 3294 3492 3347 pro.

1915 3372 2169 3426 confesso
2200 3373 2293 3432 sit,
2325 3374 2590 3428 exsistere
2619 3374 2880 3443 quiddam
2908 3375 2963 3427 in
3020 3373 3179 3427 nobis
3209 3370 3277 3426 de
3304 3372 3485 3424 omni-

1910 3461 2013 3517 bus
2056 3461 2243 3515 mundi
2270 3462 2575 3529 elementis,
2617 3464 2686 3519 de
2717 3464 2903 3519 calore
2927 3479 2994 3517 ac
3024 3464 3244 3532 frigore,
3289 3462 3358 3516 de
3384 3460 3485 3515 Ιιιιο

1914 3568 2067 3608 more
2100 3562 2155 3607 et
2180 3554 2468 3611 siccitate:
2501 3555 2569 3610 de
2594 3556 2826 3626 singulis
2865 3571 3112 3627 agamus.

1984 3662 2244 3718 Videmus
2265 3674 2449 3720 autem
2472 3674 2583 3722 tres
2606 3665 2877 3735 imprimis
2902 3664 3191 3719 facultates
3213 3678 3337 3719 esse
3360 3661 3486 3716 vitze

1910 3765 2112 3811 nostra:
2144 3763 2403 3827 tanquam
2450 3757 2843 3813 administras:
2878 3771 3110 3826 quarum
3162 3770 3282 3825 qua:
3310 3752 3484 3824 prima

1912 3856 2020 3912 est,
2054 3849 2237 3903 calore
2261 3864 2362 3903 suo
2395 3857 2595 3903 cuncta
2636 3849 2820 3904 fovet:
2855 3850 3047 3911 altera,
3088 3848 3234 3917 quod
3287 3860 3485 3899 conca-

1916 3940 2015 3993 luit
2053 3954 2219 3995 succo
2251 3954 2352 3993 suo
2386 3940 2683 4003 humectat,
2716 3947 2777 3993 ut
2809 3954 2904 4009 per
2930 3938 3253 4007 aequabilem
3308 3935 3486 4005 quali.-

1917 4030 2043 4083 tatis
2082 4029 2137 4082 in
2178 4030 2341 4083 rebus
2371 4029 2789 4084 adversantibus
2825 4029 2928 4084 sibi
2966 4027 3308 4096 temperiem,
3351 4042 3485 4094 qua-

1917 4120 2040 4173 dam
2075 4120 2128 4172 in
2184 4119 2558 4174 mediocritate
2622 4120 2805 4189 ipsum
2864 4119 3067 4173 animal
3106 4124 3483 4178 conservetur,

1918 4210 2149 4264 humore
2200 4226 2297 4281 per
2327 4211 2563 4267 calorem
2626 4211 2855 4265 nimium
2908 4225 3186 4279 nunquam
3236 4214 3484 4267 exsucto,

1920 4318 2099 4371 “("er
2136 4310 2329 4356 (εοηῑη
2388 4312 2570 4367 calore
2629 4319 2724 4374 per
2752 4304 2858 4357 vim
2897 4303 3051 4356 nimii
3103 4302 3352 4356 humoris
3392 4314 3488 4368 0p-

1922 4408 2131 4461 presso.
2165 4390 2349 4448 Tertia
2400 4392 2651 4456 facultas,
2705 4393 2968 4447 articulos
3008 4407 3113 4444 non
3151 4391 3487 4444 colimrentes

1921 4495 1973 4539 et
2003 4485 2383 4539 interstinctos
2422 4486 2733 4555 Iigamentis
2769 4485 2886 4539 suis
2925 4499 3020 4553 per
3046 4480 3488 4535 commissionem

242 4561 501 4629 μόζουσα,
533 4562 631 4612 καὶ
664 4562 828 4612 πᾶσιν
852 4560 1239 4630 ἐπιπέμπουσα
1266 4563 1362 4632 τὴν
1385 4564 1735 4633 αὐτοκίνητόν
1761 4581 1808 4617 τε

1921 4584 1974 4629 et
1998 4575 2335 4629 harmoniam
2367 4582 2610 4627 mutuam
2639 4574 2905 4636 continet,
2970 4572 3366 4642 aptissimeque
3398 4584 3492 4622 co-

246 4654 330 4704 καὶ
360 4652 753 4724 προαιρετικὴν
777 4652 1003 4723 δύναμιν
1023 4670 1036 4683 ο
1064 4648 1131 4724 ἧς
1157 4655 1560 4725 ἐπιλειπούσης,
1584 4657 1819 4727 πέρατον

242 4744 465 4810 γίνεται,
506 4747 606 4798 καὶ
652 4744 918 4815 νεκρῶδες
958 4744 1020 4796 τὸ
1061 4745 1243 4815 μέρος,
1295 4744 1387 4799 τοῦ
1435 4747 1816 4818 προαιρετικοῦ

244 4835 554 4905 πνεύματος
590 4835 917 4906 ἀμοιρήσειν.
964 4836 1177 4889 Μᾶλλον
1208 4838 1263 4889 δὲ
1296 4838 1400 4907 πρὸ
1430 4838 1633 4891 τούτων
1671 4840 1817 4905 ἄξιον

242 4930 575 4998 κατανοῆσαι
620 4926 685 4979 τὸ
719 4926 966 4997 τεχνικὸν
998 4928 1099 4997 τῆς
1146 4928 1357 4996 φύσεως
1390 4930 1547 4999 ἡμῶν
1576 4932 1634 4983 ἐν
1679 4932 1816 5001 αὑτῇ

243 5023 302 5089 τῇ
327 5020 667 5091 δημιουργίᾳ
694 5019 787 5071 τοῦ
808 5019 1077 5089 σώματος.
1123 5021 1338 5092 Ἐπειδὴ
1365 5021 1471 5092 γὰρ
1498 5022 1559 5073 τὸ
1588 5022 1819 5091 σκληρόν

242 5128 294 5163 τε
316 5113 412 5165 καὶ
440 5112 741 5165 ἀντίτυπον
763 5110 862 5176 τὰς
889 5111 1211 5181 αἰσθητικὰς
1246 5114 1524 5183 ἐνεργείας
1548 5115 1609 5166 οὑ
1637 5131 1823 5167 κατα-

238 5202 475 5273 δέχεται,
508 5203 587 5265 ὡς
618 5203 766 5255 ἐστιν
812 5202 938 5255 ίδείν
990 5203 1082 5255 ὲπί
1112 5219 1170 5255 τε
1216 5202 1322 5255 τῶν
1351 5206 1407 5256 ἐν
1443 5206 1574 5274 ἡμῖν
1597 5204 1820 5267 ὀστέων,

249 5294 335 5345 καὶ
347 5294 459 5347 τῶν
477 5296 537 5347 ὲν
554 5295 622 5365 τῇ
638 5295 709 5364 γῇ
727 5292 931 5361 φυτῶν,
948 5294 1005 5345 ὲν
1019 5286 1098 5357 οἷς
1115 5293 1258 5363 ζωῆς
1274 5294 1373 5360 μέν
1389 5311 1442 5346 ἰι
1458 5294 1824 5363 κατανοοῦμεν

248 5380 377 5446 ciris;
404 5386 464 5437 ὲν
494 5382 576 5453 τῷ
599 5380 783 5449 αὔξειν
799 5382 891 5435 καὶ
921 5381 1236 5453 τρέφεσθαι,
1262 5382 1323 5434 οὑ
1356 5384 1462 5453 μὴν
1494 5382 1824 5452 παρεδέξατο

249 5476 509 5541 ἐναντίως
538 5478 571 5547 ἡ
593 5475 883 5530 ἀντιτυπία
904 5475 996 5528 τοῦ
1021 5475 1378 5545 ὑποκειμένου
1401 5474 1499 5545 τὴν
1538 5476 1787 5547 αἴσθησιν
1808 5493 1821 5506 '

249 5568 434 5623 τούτου
468 5569 632 5639 χάριν
667 5568 777 5620 ἔδει
791 5566 1040 5636 καθάπερ
1060 5566 1317 5637 κηροειδῆ
1342 5583 1461 5619 τινα
1485 5570 1825 5637 κατασκευὴν

250 5656 575 5725 ὑποτεθῆναι
596 5659 719 5719 ταῖς
746 5655 865 5709 κατ’
902 5655 1153 5723 αἴσθησιν
1175 5654 1497 5723 ἐνεργείαις,
1524 5655 1826 5726 δυναμένην

251 5753 355 5812 τοῖς
415 5748 828 5819 ἁντιληπτικοῖς
878 5747 1068 5809 τύποις
1117 5747 1577 5817 ἐνσιρραγισθῆναι
1608 5788 1620 5810 ,
1686 5750 1822 5819 μήτε

256 5842 625 5912 σογχεομένην
668 5842 732 5893 δι’
776 5838 1217 5911 ὑπερϐαλλούσης
1256 5840 1580 5911 ὑγρότητος·
1628 5844 1686 5893 οὑ
1722 5843 1824 5913 γὰρ

1926 4667 2094 4736 pulat,
2126 4674 2180 4721 et
2206 4666 2458 4720 omnibus
2509 4665 2646 4718 indit
2678 4666 2786 4717 vim
2833 4663 3123 4732 quamdam
3173 4670 3365 4732 sponte
3393 4676 3492 4716 sua

1924 4771 1983 4810 se
2018 4754 2305 4808 movendi:
2352 4769 2474 4823 qua:
2528 4755 2577 4807 si
2621 4753 2923 4813 amittatur,
2976 4754 3278 4806 membrum
3328 4751 3491 4805 etiam

1926 4838 2072 4891 velut
2109 4846 2414 4890 emortuum
2446 4837 2713 4890 exsistere
2735 4850 2961 4890 necesse
2977 4842 3083 4897 est,
3112 4851 3142 4887 a
3180 4844 3373 4905 sponte
3395 4849 3495 4888 sua

1928 4936 2183 4982 movente
2236 4928 2411 4995 ipsum
2441 4927 2635 4996 spiritu
2671 4926 3015 4980 destitutum.
3074 4923 3258 4978 Fuerit
3313 4938 3496 4993 opera:

1928 5017 2162 5088 pretium
2217 5017 2319 5070 hoc
2370 5018 2489 5071 loco
2537 5028 2744 5071 natura:
2799 5016 3089 5070 artificium
3143 5017 3196 5069 in
3249 5016 3497 5085 corporis

1929 5110 2205 5166 creatione
2230 5111 2599 5165 considerare.
2636 5110 2769 5165 Nam
2807 5126 2931 5165 cum
2962 5126 3025 5165 ea
3068 5126 3187 5180 qua:
3209 5111 3343 5165 dura
3368 5112 3498 5164 soli-

1930 5203 2104 5273 daque
2130 5193 2283 5267 sunt,
2305 5218 2501 5257 sensus
2529 5203 2776 5257 actiones
2834 5203 3015 5258 nullas
3072 5202 3381 5265 admittant,
3437 5211 3498 5254 ut

1930 5305 2015 5351 est
2047 5295 2233 5350 videre
2260 5297 2314 5349 in
2336 5296 2582 5363 corporis
2615 5295 2787 5349 nostri
2814 5296 3053 5357 ossibus,
3071 5302 3125 5349 et
3153 5302 3312 5347 terra:
3344 5292 3498 5362 plan-

1932 5387 2021 5450 tis,
2056 5387 2109 5439 in
2142 5387 2342 5456 quibus
2374 5402 2499 5441 esse
2522 5388 2648 5440 vita:
2673 5387 2917 5456 quaedam
2946 5386 3156 5456 species
3177 5384 3310 5438 satis
3340 5384 3497 5436 intel-

1934 5479 2120 5548 ligitur
2146 5494 2211 5533 ex
2246 5495 2313 5532 eo
2342 5478 2486 5547 quod
2506 5487 2560 5531 et
2584 5485 2906 5532 accrescunt
2930 5486 2983 5531 et
3006 5474 3340 5535 nutriuntur,
3371 5486 3497 5525 cum

1934 5568 2107 5624 solida
2139 5569 2382 5638 ipsorum
2427 5568 2660 5623 durities
2692 5584 2913 5623 sensum
2955 5582 3062 5619 non
3115 5564 3367 5634 recipiat,
3411 5563 3497 5616 id»

1935 5662 2081 5716 circo
2102 5676 2327 5715 necesse
2354 5668 2472 5715 erat
2491 5660 2761 5729 quoddam
2792 5658 2947 5728 quasi
2977 5672 3199 5711 cereum
3220 5656 3496 5726 opificium

1937 5769 2195 5807 sensuum
2228 5752 2532 5808 actionibus
2563 5750 2781 5821 subjici,
2816 5750 2959 5819 quod
3017 5756 3205 5819 posset
3253 5746 3499 5803 cedendo

1937 5847 2080 5901 velut
2113 5850 2405 5915 impressas
2436 5852 2593 5899 notas
2626 5844 2890 5914 recipere,
2923 5843 3003 5898 sic
3052 5850 3111 5897 ut
3168 5841 3239 5897 ob
3273 5840 3499 5895 nimiam
