3988 6478
465 434 571 503 ³45

1718 439 1777 495 S.
1820 438 2145 494 GREGURII
2185 436 2475 493 Nb'SSENI

3606 432 3710 485 εδδ

470 554 716 615 [rumoris
746 554 961 625 copiam
1008 570 1117 609 non
1149 553 1580 611 confunderetur
1643 556 1903 627 (quando
1932 558 2036 611 liu-

2144 559 2210 611 ἂν
2236 558 2584 627 διαμείιοιέν
2613 556 2688 625 τῷ
2724 552 2873 623 ύγρῴ
2910 552 2968 604 τὸ
3006 551 3342 622 τυπούμενον
3362 565 3374 579 υ
3410 548 3543 617 μήτε
3572 545 3717 601 ἀντι-

471 646 627 700 nuda:
656 647 733 701 rei
764 646 906 715 quod
935 646 1291 715 imprimitur,
1323 649 1511 716 nequit
1566 647 1808 719 durare)
1862 658 1917 703 et
1968 651 2040 704 ob

470 736 818 803 immodicam
869 736 1126 790 duritiem
1160 752 1268 790 non
1310 738 1549 792 resiliret
1595 738 1859 818 (quando
1893 724 2046 808 quod

470 829 665 893 cedere
693 827 900 897 nequit,
930 836 1091 881 notas
1119 842 1213 896 per
1242 829 1657 897 impressionem
1689 831 1869 885 nullas
1902 830 2039 884 reci-

464 918 551 984 pit
581 926 614 979 ι,
650 917 744 971 sed
777 917 1125 973 mediocriter
1151 927 1299 980 esset
1328 935 1453 973 cum
1485 920 1648 975 molle
1672 928 1788 975 tum
1818 920 2037 982 durum,

468 1024 536 1061 ne
570 1006 771 1063 animal
801 1008 903 1061 l.ac
940 1008 1200 1063 facultate
1239 1008 1382 1066 inter
1411 1017 1640 1064 caeteras
1676 1009 2041 1080 pulcherrima

467 1105 699 1161 careret,
728 1112 926 1152 sensus
977 1097 1235 1159 nimirum
1300 1101 1561 1156 motione.
1615 1102 1687 1156 At
1731 1100 1876 1156 enim
1913 1114 2039 1155 cum

467 1200 628 1239 omne
655 1187 799 1255 quod
834 1188 1069 1257 propria
1098 1187 1461 1246 mollitudinis
1490 1204 1658 1247 causa
1694 1190 1854 1246 facile
1896 1190 2041 1246 cedit

468 1293 533 1331 ac
566 1277 828 1343 ﬂectitur,
867 1280 912 1334 si
945 1296 1055 1335 non
1077 1280 1242 1336 etiam
1271 1281 1456 1353 aliqua
1488 1298 1554 1337 ex
1615 1292 1770 1353 parte
1818 1281 2041 1337 duritiei

469 1368 542 1423 sit
578 1371 871 1441 particeps,
908 1386 1138 1442 prorsus
1165 1388 1290 1428 esse
1321 1382 1505 1429 motus
1543 1390 1741 1445 expers
1770 1376 2039 1431 solutum~

466 1478 577 1531 que
604 1479 826 1520 necesse
852 1467 945 1528 sit,
988 1465 1166 1520 instar
1215 1467 1555 1521 marinorum
1616 1482 2027 1538 pneumonum:

469 1553 592 1611 ideo
629 1556 844 1626 corpori
877 1565 1071 1610 natura
1102 1558 1277 1612 solida
1318 1559 1566 1629 quzedam
1621 1576 1750 1617 ossa
1802 1562 2035 1629 indidit,

466 1660 642 1717 eaque
669 1655 860 1702 mutuo
886 1648 1168 1719 aptissima
1203 1649 1488 1706 harmonia
1507 1652 1804 1723 copulavit,
1831 1664 1887 1710 et
1909 1671 2036 1710 ner-

468 1755 659 1797 vorum
687 1740 925 1797 vinculis
948 1743 1347 1798 commissuras
1377 1743 1574 1798 horum
1614 1746 1998 1820 constringens
2017 1788 2033 1815 ,

466 1828 542 1884 ita
577 1828 795 1883 demum
831 1845 896 1885 ea
925 1845 1097 1886 carne
1130 1830 1374 1902 undique
1396 1834 1644 1899 obduxit,
1670 1851 1793 1905 qum
1812 1844 1867 1892 et
1910 1853 2032 1892 sen-

2144 647 2421 700 τυποῦσαν
2445 648 2505 699 ἐν
2530 648 2596 717 τῇ
2614 646 2849 716 ἀμετρίᾳ
2867 647 2964 713 τῆς
2988 644 3204 714 πήξεως
3220 660 3231 671 ·
3270 642 3581 709 ἀσήμαντον
3610 640 3718 708 γάρ

2142 739 2277 809 πρὸς
2303 739 2425 799 τοὺς
2460 736 2661 798 τύπους
2718 735 2833 789 ἐστὶ
2862 733 2923 787 τὸ
2949 734 3271 787 άνύπεικτον
3296 747 3308 758 ’
3365 728 3500 783 ἀλλὰ
3541 726 3716 796 μέσως

2141 827 2370 897 ἔχουσαν
2404 824 2775 897 μαλακότητος
2804 840 2864 876 τε
2917 824 3012 876 καὶ
3042 820 3420 892 στερρότητος,
3446 817 3523 880 ὡς
3553 815 3620 869 ἂν
3644 815 3718 885 μὴ

2141 918 2234 972 τοῦ
2263 917 2548 971 καλλίστου
2577 915 2684 973 τῶν
2700 914 2842 968 κατὰ
2863 914 2962 985 τὴν
2994 912 3156 982 φύσιν
3186 908 3595 980 ἐνεργημάτων,
3617 905 3718 974 τῆς

2141 1010 2462 1082 αἱσθητικῆς
2486 1011 2629 1079 λέγω
2660 1010 2942 1078 κινήσεως,
2967 1006 3220 1077 άμοιροίη
3242 1005 3302 1058 τὸ
3326 1001 3483 1068 ζῶον.
3502 998 3719 1090 Ἐπειδη

2140 1104 2316 1157 τοίνυν
2351 1101 2412 1155 τὸ
2446 1100 2687 1171 μαλακόν
2712 1115 2772 1152 τε
2814 1098 2908 1152 καὶ
2935 1097 3177 1151 εὓεικτον
3222 1092 3491 1165 μηδεμίαν
3526 1091 3627 1162 τὴν
3655 1092 3719 1165 ἐκ

2140 1193 2248 1248 τῶν
2272 1193 2513 1265 στεῤῥῶν
2539 1192 2660 1262 ἔχον
2682 1190 2990 1261 ἐνέργειαν,
3018 1188 3272 1259 ἀκίνητον
3301 1186 3367 1240 ἂν
3383 1179 3450 1256 ἦν
3477 1183 3715 1247 πάντως,

2143 1286 2236 1339 καὶ
2281 1283 2668 1355 ἀδιάρθρωτον,
2704 1276 2846 1335 κατὰ
2878 1282 3002 1343 τοὺς
3031 1277 3354 1341 θαλασσίους
3373 1275 3681 1344 πνεύμονας
3699 1289 3715 1306 ·

2140 1373 2229 1427 διὰ
2269 1372 2425 1426 τοῦτο
2472 1370 2865 1442 καταμίγνυσιν
2895 1371 2930 1439 ἡ
2967 1367 3126 1438 φύσις
3147 1365 3226 1436 τῷ
3254 1364 3463 1435 σώματι
3485 1364 3586 1434 τὴν
3608 1362 3719 1439 τῶν

2139 1465 2339 1523 ὀστέων
2378 1464 2731 1535 στερρότητα,
2758 1462 2852 1515 καὶ
2893 1460 3066 1515 ταῦτα
3110 1458 3247 1531 πρὸς
3270 1455 3476 1526 ἄλληλα
3502 1454 3591 1508 διά
3617 1454 3720 1523 τῆς

2141 1554 2453 1629 προσφυοῦς
2473 1556 2738 1627 ἁρμονίας
2759 1552 3028 1615 ἐνώσασα,
3048 1553 3161 1614 τοῖς
3183 1566 3242 1603 τε
3268 1547 3356 1602 διὰ
3378 1548 3485 1601 τῶν
3510 1545 3720 1616 νεύρων

2141 1646 2460 1717 συνδέσμοις
2484 1644 2583 1709 τὰς
2614 1642 2888 1715 συμϐολάς
2914 1640 3094 1695 αὐτῶν
3124 1637 3516 1707 ἐπισφίγξασα,
3541 1634 3719 1720 οὕτως

2138 1740 2322 1802 αὐτοῖς
2342 1738 2441 1809 τὴν
2461 1736 2712 1807 δεκτικὴν
2728 1735 2836 1790 τῶν
2857 1734 3161 1804 αἰσθήσεων
3183 1730 3480 1801 περιέφυσε
3513 1728 3718 1805 σάρκα,

2139 1827 2583 1899 δυσπαθεστέραν
2646 1842 2706 1879 τε
2758 1825 2854 1878 καὶ
2903 1822 3268 1893 εὐτονωτέραν
3314 1822 3383 1905 τῇ
3422 1818 3720 1890 ἐπιφανείᾳ

466 1935 629 1975 suum
662 1935 834 1990 capax
874 1920 1035 1987 foret,
1087 1932 1142 1978 et
1181 1926 1470 1994 superﬁcie
1518 1931 1754 1997 quadam
1792 1930 2036 1986 contine-

2145 1918 2551 1989 διειλημμένην.

465 2020 638 2075 retur,
686 2025 740 2065 ut
780 2012 961 2068 minus
1000 2023 1150 2070 esset
1197 2015 1434 2070 obnoxia
1491 2018 1722 2083 morbis,
1768 2034 1834 2075 ac
1874 2022 2037 2090 paulo

466 2104 695 2183 tensior.

537 2192 739 2248 Solidis
772 2194 921 2250 hisce
955 2196 1195 2263 ossibus,
1225 2204 1479 2268 tanquam
1509 2199 1802 2263 columnis,
1834 2199 2036 2271 quibus

464 2299 606 2341 onus
626 2284 837 2339 aediﬁcii
861 2293 1031 2339 totum
1061 2285 1346 2350 incumbit,
1370 2289 1617 2359 corporis
1643 2290 1836 2346 molem
1862 2293 2037 2363 impo-

465 2378 577 2433 suit
603 2380 935 2435 universam.
964 2379 1149 2451 Neque
1187 2397 1353 2435 uuuin
1400 2381 1454 2436 in
1483 2396 1712 2452 corpore
1737 2390 1944 2437 tantum
1972 2399 2036 2441 os

466 2484 590 2523 csse
620 2470 812 2533 voluit,
849 2479 1134 2542 prapterea
1173 2473 1319 2543 quod
1359 2489 1585 2530 necesse
1618 2474 1811 2531 fuisset
1857 2476 2036 2531 homi-

465 2576 588 2619 nem
625 2561 900 2617 omnis'et
927 2571 1107 2619 motus
1136 2572 1190 2619 et
1238 2565 1471 2619 actionis
1502 2572 1777 2636 expertem
1806 2581 1947 2633 esse,
1987 2568 2034 2624 si

463 2665 531 2707 co
566 2659 725 2720 papto
762 2652 936 2721 ipsum
963 2653 1362 2710 conformasset
1393 2663 1612 2721 natura,
1641 2670 1753 2727 quo
1787 2658 2033 2725 arbores,

467 2758 575 2797 uno
629 2757 843 2812 semper
868 2744 1230 2800 consistentes
1260 2746 1313 2800 in
1354 2744 1657 2801 loco.-Nam
1686 2761 1861 2817 neque
1910 2763 2036 2818 pro-

463 2832 614 2902 gredi
646 2834 933 2902 potuisset,
951 2834 998 2890 si
1028 2850 1189 2890 crura
1221 2851 1326 2891 non
1362 2838 1604 2894 licuisset
1633 2839 1873 2897 vicissim
1899 2839 2034 2897 sub-

463 2926 573 2982 lata
604 2924 833 2999 ulterius
888 2924 1182 2995 collocare,
1224 2942 1401 2994 neque
1430 2929 1679 2985 manibus
1740 2931 1815 2985 uti
1861 2930 2037 2985 admi-

466 3014 673 3068 nistris.
706 3013 862 3083 Nunc
912 3031 1042 3076 vero
1080 3017 1342 3089 singulari
1395 3028 1603 3075 natura:
1642 3021 1877 3076 artiﬁcio
1909 3037 2036 3079 cor-

464 3106 616 3185 poris
651 3122 915 3175 organum
930 3117 986 3162 ct
1005 3108 1126 3171 loco
1154 3118 1423 3173 movetur,
1442 3118 1498 3167 et
1526 3112 1720 3183 agendi
1756 3121 1843 3169 est
1868 3113 2035 3169 facul-

462 3203 575 3252 tate
616 3197 901 3267 praeditum
937 3237 952 3263 ,
998 3207 1285 3270 postquam
1321 3203 1373 3255 ei
1406 3217 1500 3272 per
1528 3204 1755 3274 spiritus
1798 3206 2029 3261 ultronei

466 3298 649 3347 motus
668 3299 943 3355 auctores,
997 3291 1090 3359 qui
1150 3307 1245 3361 per
1302 3309 1501 3349 nervos
1536 3295 1818 3360 diduntur,
1861 3297 1945 3353 vis
1982 3306 2036 3352 et

466 3382 701 3451 impetus
731 3381 951 3452 quidam
979 3382 1045 3435 ad
1072 3383 1254 3447 varios
1277 3392 1459 3447 motus
1478 3386 1730 3441 accessit.
1765 3384 1901 3440 Hinc
1931 3394 2031 3450 est,

466 3472 611 3543 quod
647 3489 904 3535 manuum
942 3475 1249 3530 ministerio
1280 3485 1332 3530 et
1350 3490 1515 3545 opera
1542 3477 1761 3541 utimur,
1780 3476 1930 3531 varia
1946 3478 2034 3533 illa

467 3563 713 3632 profecto
744 3573 797 3618 et
832 3563 1151 3633 multiplice.
1184 3579 1387 3635 perque
1420 3548 1590 3621 omne
1624 3565 1690 3619 ad
1727 3566 2035 3621 institutum

466 3655 631 3721 animi
687 3655 846 3719 nobis
901 3654 1112 3718 idonea.
1166 3654 1305 3711 Hinc
1348 3655 1579 3716 cervicis
1649 3663 1735 3712 est
1794 3656 2037 3721 inﬂexio,

468 3744 597 3811 hinc
643 3744 840 3819 capitis
894 3744 1277 3811 inclinationes
1306 3753 1361 3810 et
1388 3747 1719 3813 erectiones;
1769 3747 1896 3802 hinc
1924 3762 2039 3801 ma-

467 3837 717 3897 xillarum
758 3844 974 3909 motus;
1034 3836 1159 3902 hinc
1195 3837 1572 3908 palpebrarum
1611 3838 1874 3907 diductio,
1915 3854 2038 3910 qua:

466 3944 589 3981 cum
645 3937 776 3991 nutu
820 3930 912 3994 fit;
943 3929 1070 3997 hinc
1099 3940 1418 4001 cancrorum
1448 3930 1805 3993 articulorum
1852 3939 2035 3987 motus

465 4018 692 4088 profecti
748 4027 896 4091 sunt,
926 4020 1017 4090 qui
1075 4035 1368 4085 nervorum
1403 4021 1483 4081 vel
1522 4022 1770 4083 tensione
1816 4023 1899 4079 vel
1951 4039 2041 4079 re-

467 4112 753 4173 missione,
789 4112 945 4180 quasi
983 4111 1273 4181 quamdam
1300 4127 1397 4184 per
1418 4113 1722 4169 machinam
1754 4116 1910 4171 fiunt.
1945 4115 2042 4173 Vis

466 4201 686 4274 quidem
718 4203 921 4271 passim
947 4218 1043 4271 per
1064 4218 1263 4269 nervos
1287 4204 1436 4273 ipsos
1475 4220 1595 4269 sese
1615 4206 1822 4265 dedens
1850 4208 1929 4264 sic
1954 4219 2041 4265 est

469 4311 496 4346 a
526 4302 721 4351 natura
744 4305 1079 4364 comparata,
1096 4306 1153 4362 ut
1174 4311 1240 4359 ex
1271 4296 1445 4358 lubitu
1461 4298 1795 4370 arbitrioque
1821 4300 2042 4371 proprio

468 4394 773 4445 moveatur.
828 4392 883 4439 ct
915 4385 1148 4454 singulis
1202 4386 1258 4450 in
1312 4387 1575 4444 membris
1628 4404 1725 4458 per
1787 4390 2039 4461 spiritum

467 4480 661 4541 sponte
719 4488 816 4539 sua
870 4488 929 4531 se
964 4474 1259 4555 agitantem
1303 4474 1616 4539 eﬁectiones
1640 4493 1770 4537 suas
1820 4480 2039 4537 habeat.

2208 2197 2394 2271 Ταύτῃ
2431 2197 2611 2251 τοίνυν
2646 2198 2714 2265 τῇ
2769 2193 2971 2264 στερῤᾷ
3017 2190 3124 2245 τῶν
3162 2190 3366 2244 ὀστέων
3390 2190 3573 2261 φύσει,
3602 2186 3720 2252 οἷον

2137 2290 2347 2354 στύλοις
2370 2291 2509 2345 τισὶν
2534 2287 2874 2359 ἀχθοφόροις.
2908 2284 3027 2338 ὅλον
3057 2282 3151 2336 τοῦ
3179 2282 3429 2353 σώματος
3465 2282 3718 2353 ἐπιθεῖσα

2134 2384 2195 2437 τὸ
2231 2383 2414 2453 βάρος,
2445 2381 2543 2434 οὐκ
2559 2380 2863 2449 ἀδιαίρετον
2882 2377 3106 2458 ὲνέεξρσε
3131 2376 3209 2447 τῷ
3234 2375 3393 2429 παντὶ
3422 2375 3482 2428 τὸ
3498 2375 3715 2429 ὀστέον.

2132 2469 2212 2528 Ἦ
2236 2472 2345 2544 γὰρ
2380 2472 2445 2526 ἂν
2476 2470 2730 2540 ἀκίνητός
2776 2484 2834 2521 τε
2870 2469 2965 2521 καὶ
2996 2466 3353 2537 ἁνενέργητος
3399 2465 3631 2537 ἔμεινεν,
3667 2469 3718 2519 εί

2132 2565 2274 2620 οὓτω
2330 2563 2673 2631 κατασκευῆς
2712 2555 2857 2630 εἶχεν
2902 2560 2932 2612 ὁ
2979 2558 3262 2630 ἄνθρωπος
3283 2598 3298 2621 ,
3350 2557 3601 2628 καθάπερ
3657 2572 3719 2631 τι

2132 2653 2348 2723 δένδρον
2408 2653 2492 2720 ἐφ’
2525 2650 2643 2714 ἐνὸς
2670 2649 2836 2702 τόπου
2870 2648 3049 2719 μένον,
3087 2649 3223 2718 μήτε
3256 2647 3356 2717 τῆς
3374 2647 3482 2700 τῶν
3512 2646 3721 2699 σκελῶν

2132 2745 2382 2815 διαδοχῆς
2412 2744 2504 2798 ἐπὶ
2522 2743 2584 2796 τὸ
2599 2743 2787 2814 πρόσω
2829 2740 3172 2810 προαγούσης
3192 2741 3292 2810 τὴν
3315 2741 3550 2810 κίνησιν.
3578 2746 3719 2809 μήτε

2133 2837 2234 2906 τῆς
2281 2837 2390 2889 τῶν
2440 2833 2639 2907 χειρῶν
2667 2833 2967 2904 ὑπουργίας
3006 2831 3444 2902 χρησιμευούσης
3485 2831 3562 2901 τῷ
3593 2830 3716 2907 βίῳ,

2133 2927 2271 2981 Νυνὶ
2294 2928 2354 2996 δὲ
2386 2925 2747 2996 μεταϐατικὸν
2776 2920 2913 2978 εἶναι
2938 2924 3032 2977 καὶ
3063 2921 3366 2993 πρακτικὸν
3394 2922 3453 2976 τὸ
3484 2922 3723 2992 ὄργανον

2132 3018 2220 3073 διὰ
2230 2995 2325 3089 τῆς
2348 3018 2588 3080 ἐπινοίας
2602 3016 2807 3086 ταύτης
2824 3016 3226 3086 ἐμηχανήσατο,
3247 3014 3326 3085 τῷ
3348 3013 3723 3089 προαιρετικῴ

2135 3109 2404 3179 πνεύματι
2428 3108 2507 3178 τῷ
2539 3107 2626 3161 διά
2659 3106 2768 3159 τῶν
2798 3105 3006 3177 νεύρων
3030 3106 3290 3176 διήκοντι,
3318 3104 3419 3175 τὴν
3447 3103 3581 3175 πρὸς
3616 3103 3721 3165 τας

2136 3202 2377 3272 κινήσεις
2402 3200 2579 3271 ὁρμήν
2631 3215 2691 3251 τε
2725 3198 2817 3251 καὶ
2844 3197 3072 3267 δύναμιν
3109 3196 3323 3249 ἐνθεῖσα
3364 3195 3443 3266 τῷ
3478 3194 3715 3264 σώματι,

2150 3292 2426 3346 Ἐντεῦθεν
2454 3289 2617 3363 ήτῶν
2654 3290 2850 3362 χειρῶν
2883 3288 3173 3358 ὑπουργία,
3206 3290 3239 3359 ὴ
3270 3288 3488 3358 ποικίλη
3520 3305 3580 3340 τε
3621 3289 3721 3361 καί

2138 3384 2531 3455 πολύστροφος,
2591 3383 2685 3435 καὶ
2744 3382 2879 3454 πρὸς
2925 3384 3103 3436 πᾶσαν
3140 3383 3384 3435 ἐπίνοιαν
3415 3380 3717 3451 ἐπιτηδεία.

2150 3477 2427 3533 Ἐντεῦθεν
2469 3480 2525 3531 αί
2573 3474 2667 3529 τοῦ
2696 3476 2921 3546 αὐχένος
2954 3476 3338 3547 περιστροφαὶ,
3365 3475 3459 3527 καὶ
3490 3474 3589 3543 τῆς
3622 3491 3719 3526 κεο

2139 3570 2313 3641 φαλῆς
2341 3570 2641 3633 ἐπικλίσεις
2672 3585 2733 3621 τε
2764 3570 2857 3623 καὶ
2884 3568 3219 3632 άνανεύσεις,
3256 3569 3349 3622 καὶ
3386 3570 3418 3639 ὴ
3450 3568 3590 3622 κατὰ
3614 3566 3719 3637 τὴν

2139 3663 2303 3732 γένην
2331 3660 2599 3731 ἐνέργεια,
2636 3660 2731 3713 καὶ
2778 3660 2813 3729 ἡ
2850 3658 2959 3712 τῶν
3006 3658 3286 3729 βλεφάρων
3314 3658 3565 3729 διαστολὴ
3602 3660 3721 3728 ἅμα

2139 3753 2366 3823 νεύματι
2400 3752 2681 3823 γινομένη,
2716 3753 2810 3805 καὶ
2852 3752 2958 3805 τῶν
2992 3751 3195 3804 λοιπῶν
3224 3751 3442 3823 ἄρθρων
3478 3752 3535 3804 at
3565 3752 3719 3820 κινήο

2143 3864 2255 3909 σεις
2281 3846 2338 3897 ἐν
2376 3843 2590 3914 νεύροις
2647 3844 2745 3914 μέν
2777 3860 2919 3896 τισιν
2954 3843 3367 3915 άνασπωμένοις
3397 3841 3430 3913 ἢ
3460 3843 3716 3914 χαλωμέ-

2142 3953 2274 4001 νοις,
2302 3935 2554 4005 καθάπερ
2591 3936 2654 3986 ἐκ
2686 3934 2934 4005 μηχανῆς
2952 3951 3118 3998 τινος,
3160 3931 3527 4004 ἐνεργοῦνται.
3566 3932 3628 3984 'll
3658 3933 3721 3985 δὲ

2140 4028 2229 4082 διὰ
2242 4027 2444 4081 τούτων
2473 4024 2741 4089 διεξιοῦσα
2765 4024 2992 4095 δύναμις
3017 4024 3436 4077 αὐτοκέλευστον
3461 4021 3569 4093 ἔχει
3594 4024 3721 4074 τινα

2140 4118 2238 4189 τὴν
2264 4116 2460 4188 ὁρμὴν,
2493 4114 2859 4186 προαιρετικῷ
2892 4113 3161 4185 πνεύματι
3187 4113 3326 4166 κατά
3357 4129 3475 4166 τινα
3504 4111 3721 4180 φύσεως

2140 4209 2450 4279 οἰκονομίαν
2479 4208 2662 4271 ἐντοῖς
2681 4206 3015 4260 καθέκαστον
3044 4204 3426 4275 ἐνεργουμένη.
3470 4203 3623 4267 Ῥίζα
3659 4204 3721 4257 δὲ

2144 4301 2362 4354 πάντων
2395 4297 2688 4368 ἀπεδείχθη
2732 4298 2823 4350 καὶ
2870 4298 3013 4368 ἀρχὴ
3046 4299 3155 4351 τῶν
3189 4298 3329 4351 κατὰ
3353 4298 3420 4351 τά
3446 4296 3612 4367 νεῦρα
3636 4315 3721 4350 κιο

2141 4392 2369 4460 νήσεων,
2402 4391 2431 4442 ὁ
2461 4388 2552 4441 τὸν
2604 4386 2903 4457 ἐγκέφαλον
2950 4386 3217 4457 περιέχων
3245 4386 3515 4458 νευρὼδης
3546 4386 3717 4457 ὑμήν.

2142 4480 2339 4535 Οὐκέτι
2373 4475 2467 4532 οὖν
2507 4478 2789 4548 ἡγούμεθα
2839 4478 2949 4531 δεῖν
2994 4478 3467 4548 πολυπραγμονεῖν
3502 4476 3631 4547 περί
3656 4493 3721 4530 τε

470 4565 770 4618 Indicatum
828 4566 1059 4626 antehac
1123 4573 1227 4629 est,
1287 4564 1525 4621 radicem
1605 4568 2036 4642 principiumque

2142 4572 2253 4625 τῶν
2284 4569 2530 4636 ζωτικῶν
2588 4570 2811 4641 μορίων,
2871 4568 2932 4620 τὸ
2976 4568 3212 4622 τοιοῦτόν
3258 4569 3424 4633 ἐστιν,
3453 4567 3510 4619 ἐν
3544 4566 3725 4636 τούτῳ

468 4665 711 4711 motuum
742 4658 797 4711 in
844 4658 1048 4721 nervis,
1087 4673 1210 4723 esse
1240 4658 1293 4715 in
1346 4658 1659 4721 membrana
1711 4661 1802 4714 illa
1836 4679 2033 4720 nervea

2142 4663 2449 4736 δειχθείσης
2485 4661 2586 4731 τῆς
2619 4660 2903 4732 κινητικῆς
2941 4660 3243 4731 ἐνεργείας.

467 4749 750 4804 εθνειπυιη
772 4750 1038 4820 διηριεηυ
1063 4749 1425 4815 QuamObl‘Bm
1469 4753 1686 4822 curiose
1730 4753 1797 4808 de
1843 4761 2104 4821 membris
2140 4756 2387 4828 singulis,
2420 4770 2542 4825 quae
2588 4753 2844 4807 facultate
2878 4760 3126 4805 movente
3150 4749 3374 4821 praedita
3399 4758 3528 4806 sunt
3584 4766 3718 4821 per-

468 4842 792 4912 quirendum
842 4857 950 4897 non
987 4850 1240 4911 putamus
1275 4861 1290 4896 :
1324 4844 1561 4912 quando,
1588 4844 1731 4900 unde
1766 4851 2015 4926 movendi
2038 4851 2270 4907 facultas
2304 4847 2702 4918 proﬁciscatur,
2734 4854 2817 4899 est
2860 4842 3322 4897 demonstratum.

542 4933 809 4987 Caeterum
831 4936 1098 4989 maximas
1113 4936 1178 4988 ad
1207 4936 1369 4989 vitam
1405 4937 1820 4995 commoditates
1853 4943 1984 4996 oriri
2008 4959 2037 4997 a

467 5023 718 5097 viserebro,
749 5023 1051 5079 clarissime
1100 5026 1447 5097 perspicitur,
1477 5044 1601 5082 cum
1624 5030 1752 5101 quid
1792 5030 1921 5086 huic
1943 5022 2039 5088 ad?

469 5115 609 5169 versi
644 5114 864 5168 accidit.
891 5112 1023 5168 Nam
1052 5117 1098 5171 si
1125 5117 1438 5174 membrana
1457 5119 1633 5189 ipsum
1659 5120 1905 5177 ambiens
1928 5125 2038 5177 vul-

468 5215 688 5263 neretur
740 5216 834 5261 aut
879 5219 1184 5279 rumpatur,
1236 5210 1496 5271 continuo
1546 5227 1697 5274 mors
1760 5213 2035 5281 hominem

470 5308 723 5370 occupat,
751 5308 944 5354 natura
991 5317 1057 5355 ne
1082 5300 1148 5353 ad
1178 5309 1509 5358 momentum
1557 5304 1778 5374 quidem
1824 5307 2041 5364 valente

470 5392 742 5454 resistere,
782 5391 1004 5461 perinde
1030 5402 1190 5462 atque
1222 5392 1577 5449 fundamento
1610 5396 1862 5459 subruto.
1903 5399 2033 5453 tedi-

471 5483 652 5537 ﬁcium
682 5492 854 5537 totum
886 5483 951 5537 ad
989 5476 1396 5541 succussiouem
1439 5489 1609 5556 partis
1643 5502 1747 5541 una
1785 5494 2036 5560 quassari

471 5587 693 5629 necesse
717 5583 820 5641 est.
853 5576 974 5641 Quo
1014 5578 1179 5647 igitur
1221 5577 1466 5632 membro
1492 5578 1686 5633 affecto
1721 5583 1922 5636 animal
1955 5588 2037 5657 to.

470 5671 586 5717 tum
630 5666 833 5731 interit,
867 5668 919 5722 id
959 5670 1261 5724 membrum
1302 5670 1425 5726 vita:
1469 5686 1689 5726 causam
1762 5673 2036 5744 pramipue

472 5755 748 5810 continere
777 5760 1061 5813 fateamur.
1094 5762 1228 5823 Cum
1253 5776 1384 5815 vero
1410 5762 1463 5816 in
1502 5762 1570 5817 iis
1595 5764 1687 5833 qui
1721 5763 1787 5819 de
1809 5765 1914 5818 vita
1944 5768 2038 5820 mi-

472 5856 697 5917 graruut
721 5858 775 5903 et
807 5852 1081 5922 exstingui
1124 5853 1359 5912 calorem
1413 5870 1441 5908 a
1470 5864 1661 5912 natura
1720 5858 1951 5914 inditum
1985 5867 2037 5915 et

2216 4942 2337 4995 Ὅτι
2358 4941 2414 4995 δὲ
2442 4938 2692 5009 μέγιστόν
2719 4955 2771 4990 τι
2801 4936 3045 4989 συντελεῖ
3086 4936 3222 5006 πρὸς
3243 4936 3344 5005 τὴν
3366 4933 3510 5006 ζωὴν
3547 4936 3576 4987 ό
3624 4935 3721 5003 ἐγ-

2143 5032 2398 5101 κέφαλος,
2438 5029 2684 5100 ἐναργῶς
2724 5029 2785 5081 τὸ
2837 5027 2896 5093 ἐξ
2937 5028 3180 5082 ἐναντίου
3213 5028 3509 5097 συμϐαῖνον
3547 5026 3721 5097 δηλοῖ.

2143 5125 2207 5177 Ei
2234 5124 2342 5194 γάρ
2360 5139 2481 5177 τινα
2512 5121 2762 5193 τρῶσινῆ
2798 5120 2950 5191 ῥῆξιν
2977 5122 3005 5173 ὁ
3025 5121 3151 5191 περὶ
3176 5120 3338 5172 αὐτὸν
3365 5120 3509 5189 ὑμὴν
3533 5118 3722 5183 πάθοι,

2144 5213 2306 5275 εὐθὺς
2342 5209 2745 5281 ἐπηκολούθησε
2774 5209 2852 5281 τῷ
2897 5209 3059 5263 πάθει
3088 5212 3116 5262 ὁ
3149 5210 3398 5272 θάνατος,
3437 5208 3555 5261 οὐδέ
3583 5208 3726 5279 πρὸς

2144 5304 2203 5357 τὸ
2229 5303 2431 5374 άκαρές
2458 5304 2555 5372 τῆς
2571 5301 2783 5370 φύσεως
2802 5301 3154 5371 ἀντισχούσης
3179 5304 3245 5371 τῇ
3276 5300 3497 5373 τρώσει,
3531 5300 3726 5371 ὥσπερ

2145 5392 2394 5462 θεμελίου
2454 5392 2601 5455 τινὸς
2660 5391 3101 5455 ὑποσπασθέντος
3144 5390 3262 5444 ὅλον
3287 5391 3349 5443 τὸ
3382 5388 3725 5459 οἰκοδόμημα

2146 5485 2570 5557 συγκατεσείσθη
2622 5486 2700 5556 τῷ
2729 5485 2913 5556 μέρει·
2975 5479 3036 5539 οὗ
3079 5484 3258 5537 τοίνυν
3292 5482 3553 5547 παθόντος
3586 5482 3723 5551 πρύ-

2142 5576 2299 5646 δηλὸς
2323 5577 2469 5629 ἐστιν
2490 5579 2523 5647 ἡ
2537 5577 2630 5630 τοῦ
2650 5576 2846 5640 παντὸς
2867 5574 3005 5641 ζώου
3029 5575 3315 5646 διαφθορὰ,
3334 5577 3492 5631 τοῦτο
3516 5574 3723 5644 κυρίως

2143 5665 2209 5718 ἂν
2262 5670 2359 5738 τῆς
2408 5668 2551 5737 ζωῆς
2588 5668 2686 5740 τὴν
2718 5670 2897 5722 αἰτίαν
2943 5668 3086 5737 ἔχειν
3125 5668 3456 5737 ὁμολογοῖτο.
3500 5665 3720 5735 Ἐπειδὴ

2143 5760 2197 5812 δὲ
2230 5762 2321 5814 καὶ
2358 5762 2465 5815 τῶν
2495 5763 2861 5832 παυσαμένων
2888 5760 2980 5814 τοῦ
3003 5760 3104 5832 ζῇν
3134 5756 3597 5826 κατασϐεσθείσης
3617 5757 3719 5825 τῆς

2144 5857 2466 5929 ἐγκειμένης
2494 5859 2556 5927 τῇ
2585 5856 2741 5924 φύσει
2773 5854 3214 5927 θερμότητοςιτὸ
3247 5852 3514 5926 νεκρωθὲν
3552 5867 3720 5904 καταο
