3988 6456
255 420 346 477 2ιῦ

1448 410 1535 463 DE
1575 405 1863 464 llOMlNlS
1903 392 2215 463 armato.

3370 395 3477 450 Ξίϐ

256 534 468 604 ψύχεται,
496 526 579 581 διὰ
632 523 790 579 τοῦτο
839 527 933 578 καὶ
968 527 1027 578 ἐν
1078 525 1154 597 τῷ
1188 524 1377 596 θερμῷ
1420 524 1518 594 τὴν
1550 522 1789 594 ζωτικὴν

1919 536 2039 591 [non
2058 528 2369 575 emortuum
2404 526 2506 581 est,
2557 514 2813 585 occupari
2847 527 2876 565 a
2909 511 3111 582 frigore
3166 507 3476 570 videamus,

257 626 405 680 αίτίαν
420 620 833 689 κατενοήσαμεν.
867 610 943 671 Οὗ
976 617 1085 689 γὰρ
1115 616 1516 680 ἐπιλελοιπότος
1550 618 1583 686 ἡ
1606 617 1797 686 νεκρό‹

255 736 336 789 της
365 710 804 784 ἐπηκολούθησεν,
834 710 1047 781 ἀνάγκη
1084 712 1235 764 πᾶσα
1259 713 1326 780 τῇ
1365 708 1638 781 παρουσίᾳ
1663 708 1788 763 τούκ

255 826 331 862 του
348 804 644 861 συνεστάναι
675 803 735 856 τὸ
751 803 887 867 ζῶον
905 803 1300 873 ὁμολογεῖσθαι.
1334 804 1446 874 Τῆς
1461 803 1518 856 δὲ
1537 800 1795 871 τοιαύτης

254 901 496 967 δυνάμεως
525 888 632 947 οἷον
664 894 848 965 πηγήν
896 911 1019 948 τινα
1074 894 1168 948 καὶ
1211 894 1387 965 ἀρχὴν
1427 892 1525 966 τὴν
1565 894 1796 966 καρδίαν

255 988 644 1056 κατενοήσαμεν,
682 986 778 1052 ἀφ’
828 978 897 1057 ἧς
940 985 1234 1048 αύλοειδεῖς
1270 985 1429 1055 πόροι
1460 984 1797 1055 πολυσχιδῶς

253 1080 386 1142 ἄλλος
437 1077 492 1141 ἐξ
540 1076 701 1130 ἄλλου
748 1076 1117 1147 διαφυόμενοι,
1166 1077 1330 1130 παντὶ
1370 1075 1451 1147 τῷ
1485 1076 1699 1147 σώματι
1738 1078 1800 1129 τὸ

252 1167 469 1238 πυρῶδες
508 1167 601 1219 καὶ⁴
649 1166 850 1236 θερμὸν
905 1166 1178 1236 διαχέουσι
1237 1166 1476 1237 πνεῦμα.
1540 1168 1696 1222 Ἐπεὶ
1740 1168 1801 1221 δὲ

252 1258 439 1317 παντως
469 1256 557 1308 καὶ
578 1254 785 1325 τροφὴν
812 1254 918 1307 ἔδει
943 1255 1066 1308 τινά
1101 1254 1180 1324 τῷ
1207 1253 1396 1326 θερμῷ
1432 1258 1801 1327 συμπαρεῖναι

254 1348 381 1419 παρὰ
410 1349 503 1416 τῆς
539 1345 757 1415 φύσεως
780 1363 792 1374 ⁸
824 1347 886 1399 ού
911 1346 1018 1417 γὰρ
1042 1346 1317 1416 ἐνδέχεται
1354 1347 1413 1399 τὸ
1435 1346 1545 1417 πῦρ
1571 1349 1656 1415 ἐφ’
1677 1347 1804 1400 ἐαυ-

251 1437 334 1491 τοῦ
380 1437 577 1507 μένειν,
634 1438 709 1507 μὴ
771 1436 861 1490 διά
895 1436 991 1489 τοῦ
1044 1437 1380 1508 καταλλήλου
1422 1438 1756 1509 τρεφόμενον
1785 1455 1797 1467 ·

251 1529 325 1582 διὰ
350 1529 494 1581 τοῦτο
522 1528 572 1580 oi.
607 1526 701 1580 τοῦ
747 1527 981 1598 αἵματος
1011 1528 1213 1597 ὀχετοὶ,
1241 1529 1490 1601 καθάπερ
1516 1530 1581 1583 ἐκ
1620 1531 1804 1600 πηγῆς

252 1638 373 1684 τινος
392 1619 479 1673 τοῦ
506 1620 718 1689 ἥπατος
765 1620 1173 1691 ἀφορμηθέντες
1216 1619 1295 1690 τῷ
1324 1619 1511 1692 θερμῷ
1532 1620 1805 1692 πνεύματι

252 1711 469 1781 πανταχῆ
513 1710 657 1765 κατά
679 1711 739 1763 τὸ
774 1710 933 1780 σῶμα
962 1710 1487 1780 συμπαροδεύουσιν,
1517 1712 1593 1776 ὼς
1630 1712 1697 1767 ἂν
1731 1711 1806 1784 μὴ

254 1800 463 1869 μονωθέν
493 1796 588 1850 τυῦ
618 1799 806 1870 ἐτέρου
841 1799 901 1852 τὸ
930 1799 1139 1870 ἓτερον,
1179 1800 1470 1875 διαφθείρῃ
1489 1801 1587 1875 τὴν
1616 1802 1804 1871 φύσιν,

1897 611 2103 666 idcirco
2123 611 2284 665 etiam
2340 608 2393 662 in
2425 609 2608 662 calore
2645 621 2868 661 Causam
2901 602 3191 674 quamdam
3259 597 3479 653 vivendi

1897 700 2174 770 ponimus.
2203 696 2323 762 Quo
2359 698 2503 751 enim
2529 696 2733 750 amisso
2755 692 3067 749 mortalitas
3097 690 3477 758 consequitur,

1898 791 1952 845 id
1981 789 2221 861 quandiu
2249 789 2408 843 nobis
2443 787 2712 857 integrum
2740 794 2847 850 est,
2882 784 3017 838 nihil
3040 781 3291 836 accidere
3317 794 3481 850 posse

1896 885 2021 938 vita:
2045 880 2380 944 detrimenti,
2414 878 2726 934 necessario
2761 876 3060 947 colligitur.
3088 873 3267 941 Hujus
3300 871 3480 925 facul-

1899 975 2031 1031 tatis
2073 988 2168 1028 cor
2228 981 2313 1027 est
2338 971 2498 1042 quasi
2547 968 2769 1040 quidam
2817 967 2941 1023 fons
2978 974 3032 1021 et
3067 964 3418 1036 principium.
3450 977 3481 1015 a

1899 1080 2008 1136 quo
2033 1076 2245 1119 meatus
2265 1062 2375 1131 orti
2398 1059 2711 1115 consimiles
2741 1056 2915 1123 tibiis,
2946 1054 3321 1124 multipliciter
3350 1052 3479 1106 aliis

1902 1156 2040 1210 alios
2072 1153 2521 1224 propagantibus,
2556 1166 2652 1220 per
2697 1164 2899 1219 corpus
2926 1148 3241 1201 universum
3292 1143 3482 1214 igneos

1900 1244 2219 1315 calidosque
2239 1244 2464 1314 spiritus
2485 1241 2816 1296 diﬂ'undunt.
2841 1239 3087 1308 Cumque
3114 1235 3482 1289 necessarium

1903 1338 2043 1409 fore;
2067 1347 2128 1393 ut
2154 1347 2474 1408 perpetuum
2500 1334 2671 1391 calori
2697 1333 3013 1388 alimentum
3038 1328 3427 1400 adjungeretur
3452 1341 3483 1379 a

1903 1440 2120 1494 natura,
2152 1427 2373 1498 quando
2400 1426 2543 1497 ignis
2564 1440 2660 1496 per
2694 1439 2753 1479 se
2772 1424 2971 1476 durare
3006 1420 3215 1491 nequit,
3248 1418 3293 1472 si
3327 1433 3357 1470 a
3380 1432 3487 1471 nuo

1904 1525 2159 1577 trimento
2187 1522 2291 1576 sibi
2316 1520 2675 1575 conveniente
2716 1516 3068 1577 destituatnr,
3117 1512 3323 1568 idcirco
3358 1527 3486 1566 san-

1904 1611 2084 1682 guinis
2105 1610 2209 1665 rivi
2238 1607 2303 1665 de
2327 1609 2573 1679 jecinore
2590 1605 2749 1677 quasi
2775 1602 2923 1659 fonte
2960 1601 3198 1672 quodam
3229 1597 3481 1669 profecti.

1906 1714 2020 1759 toto
2065 1718 2293 1774 corpore
2336 1701 2516 1756 calido
2575 1698 2795 1770 spiritui
2843 1696 3076 1751 comites
3137 1699 3289 1755 sunt,
3322 1706 3388 1745 ne
3439 1692 3487 1746 si

1910 1798 2137 1851 alterum
2166 1796 2235 1851 ab
2260 1798 2433 1850 altero
2460 1793 2829 1852 desereretur,
2876 1786 3068 1841 morbo
3098 1792 3352 1853 correpta
3388 1797 3487 1837 na-

252 1891 398 1952 πάθος
423 1890 732 1959 γενόμενον.
768 1889 1077 1943 Παιδευέτω
1098 1890 1255 1945 τοῦτο
1281 1894 1408 1954 τοὺς
1434 1893 1805 1957 ἀτακτοῦντας

1919 1898 2028 1943 tura
2064 1889 2335 1943 interiret.
2360 1886 2436 1942 De
2465 1901 2574 1957 quo
2605 1883 2838 1953 iniustos
2872 1879 3123 1934 homines
3149 1885 3204 1933 et
3253 1878 3491 1945 inaequa-

254 1978 359 2047 περὶ
399 1977 455 2029 τὸ
499 1971 641 2036 ἴσον.
681 1977 1024 2047 διδαχθέντας
1056 1979 1207 2050 παρά
1253 1981 1354 2051 τῆς
1394 1981 1629 2050 φύσεως,
1668 1984 1748 2036 ὅτι
1772 1983 1807 2052 ἡ

253 2067 499 2132 πλεονεξία
550 2067 876 2137 φθοροποιόν
913 2086 967 2122 τι
1020 2069 1191 2133 πάθος
1239 2070 1409 2126 ἐστίν.
1449 2073 1587 2125 Ἀλλ’
1620 2075 1807 2149 ἐπειδὴ

255 2160 388 2228 μόνον
418 2160 718 2231 ἀπροσδεές
749 2162 865 2213 ἐστι
893 2161 953 2213 τὸ
971 2161 1156 2226 Θεῖον,
1179 2164 1213 2233 ἡ
1238 2164 1295 2218 δὲ
1312 2164 1627 2236 ἀνθρωπίνη
1661 2185 1809 2222 πτω-

252 2255 353 2322 χεία
380 2254 479 2304 τῶν
507 2254 715 2318 ἔξωθεν
737 2256 871 2325 πρὸς
915 2254 1012 2328 τὴν
1048 2255 1186 2309 ίδίαν
1218 2259 1478 2314 σύστασιν
1508 2261 1805 2328 ἐπιδέεται,

251 2343 322 2393 διὰ
348 2342 491 2394 τοῦτο
518 2346 646 2405 ταῖς
669 2345 816 2413 τρισὶ
849 2342 1073 2406 ταύταις
1101 2343 1382 2414 δυνάμεσι,
1407 2347 1471 2400 δι’
1502 2341 1578 2401 ὧν
1601 2349 1811 2419 ἔφαμεν

251 2432 374 2487 ἅπαν
425 2432 830 2503 οἰκονομεῖσθαι
886 2433 945 2486 τὸ
1003 2434 1165 2504 σῶμα
1198 2474 1213 2496 ,
1270 2437 1564 2511 ἐπίρρυτον
1612 2439 1812 2505 ἔξωθεν

252 2523 503 2592 ἐπεισάγει
530 2524 636 2595 τὴν
656 2524 810 2595 ὓλην,
843 2524 1117 2597 διαφόροις
1142 2526 1369 2592 εἰσόδοις
1398 2529 1458 2583 τὸ
1481 2531 1810 2603 κατάλληλον

250 2616 415 2679 αὐταῖς
448 2615 840 2681 είσοικίζουσα.
1127 2618 1413 2697 γὰρ-πηγῇ
1436 2621 1527 2674 τοῦ
1558 2622 1839 2692 αἵματοςνλ

250 2708 279 2773 ἦ
305 2726 376 2771 τις
418 2710 478 2761 τὸ
519 2706 682 2789 ἧπάρ
702 2711 838 2774 ἐστι,
870 2707 969 2780 τὴν
1004 2710 1095 2763 διὰ
1141 2712 1240 2781 τῆς
1291 2712 1499 2782 τροφῆς
1549 2716 1813 2786 χορηγίαν

251 2797 482 2869 ὑπέθηκε.
503 2800 586 2857 Τὸ
599 2800 706 2870 γὰρ
723 2801 1145 2871 ἐπεισαγόμενον
1167 2803 1252 2855 ἀεὶ
1266 2802 1353 2857 διά
1372 2804 1590 2875 ταύτης,
1607 2806 1707 2869 τὰς
1719 2806 1813 2860 τοῦ

251 2890 455 2956 αἳματος
476 2892 669 2963 πηγὰς
689 2891 873 2963 βρύειν
897 2892 985 2945 διά
1000 2892 1095 2946 τοῦ
1137 2894 1345 2963 ἥπατος
1384 2896 1813 2967 παρασκευάζει,

254 2982 477 3054 καθάπερ
510 2985 547 3055 η
598 2984 690 3036 ἐπὶ
716 2984 809 3038 τοῦ
834 2985 995 3055 δρους
1026 2983 1156 3055 χιὼν
1179 2986 1266 3041 διά
1295 2986 1393 3056 τῆς
1412 2988 1613 3051 οἰκείας
1651 2990 1816 3059 ίκμά-

252 3074 327 3136 δος
343 3075 434 3140 τὰς
448 3076 598 3129 κατά
611 3076 706 3147 τὴν
726 3076 999 3147 ὑπώρειαν
1016 3075 1165 3143 αὔξει
1182 3077 1382 3147 πηγὰς,
1406 3079 1497 3132 διά
1509 3080 1602 3133 τοῦ
1619 3079 1818 3149 βάθους

1904 1978 2111 2033 litatem
2192 1977 2599 2032 committentes
2643 1975 2748 2028 hoc
2819 1987 3016 2043 capere
3094 1965 3490 2023 admonitionis

1905 2078 2140 2140 Oportet,
2182 2077 2240 2123 ut
2288 2083 2320 2123 a
2369 2075 2562 2122 natura
2620 2066 2835 2120 discant
2901 2061 3187 2117 avaritiam
3236 2057 3488 2113 morbum

1907 2176 2048 2224 esse,
2076 2160 2169 2230 qui
2201 2159 2326 2214 aliis
2356 2158 2633 2231 interitum
2655 2154 2863 2210 aﬂerat.
2898 2152 3005 2207 Sed
3050 2151 3195 2206 enim
3228 2151 3345 2204 sola
3390 2148 3488 2203 Dei

1908 2262 2101 2306 natura
2145 2267 2270 2304 cum
2321 2250 2468 2303 nulla
2495 2264 2555 2303 re
2578 2247 2839 2317 indigeat,
2864 2246 3148 2313 hominum
3184 2242 3366 2311 in0pia
3399 2255 3490 2296 res

1908 2355 2165 2399 externas
2220 2342 2288 2397 ad
2342 2357 2403 2397 se
2442 2338 2858 2397 sustentandum
2909 2335 3221 2391 necessario
3276 2332 3493 2388 deside-

1912 2444 2067 2489 rante
2113 2454 2125 2488 :
2163 2433 2371 2488 idcirco
2402 2432 2581 2487 tribus
2621 2431 2772 2485 hisce
2820 2426 3174 2482 facultatibus
3209 2425 3389 2481 locum
3435 2423 3491 2478 in

1910 2526 2267 2598 gubernando
2290 2540 2524 2596 corpore
2555 2523 2859 2593 principem
2876 2519 3267 2582 obtinentibus,
3293 2516 3495 2572 extrin-

1913 2635 2074 2675 secus
2124 2617 2383 2673 materies
2408 2612 2817 2671 accommodata
2856 2612 3083 2683 singulis
3129 2626 3228 2682 per
3249 2610 3495 2664 diversos

1915 2712 2096 2766 aditus
2141 2711 2459 2766 arcessitur.
2516 2708 2649 2762 Nam
2703 2704 2962 2772 jecinori,
3013 2704 3160 2776 quod
3211 2701 3495 2773 sanguinis

1915 2819 2041 2859 esse
2093 2801 2297 2856 fontem
2337 2801 2603 2861 diximus.
2632 2800 2874 2853 alimenti
2904 2803 2989 2852 est
3032 2794 3288 2850 mandata
3322 2792 3496 2845 adrui.

1916 2897 2197 2952 nistratio.
2233 2894 2391 2960 Quod
2439 2894 2586 2947 enim
2640 2889 2917 2947 nutriendi
2960 2889 3137 2944 nostri
3170 2901 3337 2943 causa
3371 2901 3493 2953 per-

1916 2994 2079 3056 petuo
2113 2987 2400 3056 ingeritur,
2427 2983 2696 3055 jecinoris
2728 2982 3047 3050 adjumento
3081 2978 3231 3044 facit,
3268 2986 3327 3032 ut
3362 2993 3497 3033 con-

1916 3078 2071 3133 tinuo
2100 3077 2382 3148 sanguinis
2429 3077 2532 3130 rivi
2586 3076 2777 3130 ﬂuant.
2810 3071 3283 3140 Quemadmodum
3318 3070 3495 3124 nivem

254 3165 517 3263 rbflxsiov
574 3168 740 3237 ὑγρὸν
777 3169 871 3221 ἐπί
907 3168 1006 3231 τὰς
1032 3168 1182 3225 κάτω
1203 3168 1405 3238 φλέϐας
1442 3171 1812 3227 συνθλίὸουσα.

1920 3178 2234 3226 montanam
2293 3167 2541 3241 videmus
2595 3167 2823 3223 humore
2866 3179 2968 3222 suo
2996 3164 3274 3234 subjectos
3321 3160 3498 3215 fontes

306 3255 371 3306 Το
413 3256 467 3308 δὲ
501 3256 799 3329 ἐγκάρδιον
844 3254 1060 3326 πνεῦμα
1116 3256 1205 3311 διὰ
1247 3257 1343 3312 τοῦ
1363 3257 1603 3327 γείτονος
1625 3258 1815 3313 ἐπεισ-

1919 3278 2136 3332 augere,
2188 3268 2508 3332 penetrante
2547 3259 2641 3315 illo
2690 3259 2949 3315 deorsum
2999 3255 3066 3311 ad
3126 3255 3275 3325 ipsas
3326 3267 3500 3322 usque

250 3350 421 3411 άτεται
492 3349 813 3421 σπλάγχνου
876 3386 891 3411 ,
948 3346 977 3399 ὂ
1047 3347 1293 3403 καλεῖται
1355 3348 1454 3418 μὲν
1538 3351 1815 3422 πνεύμων,

252 3434 353 3484 ἐστὶ
409 3434 464 3493 δὲ
522 3435 624 3487 τοῦ
686 3436 847 3508 ἀέρος
901 3435 1129 3506 δοχεῖον,
1184 3437 1276 3491 διὰ
1346 3439 1447 3509 τῆς
1494 3440 1817 3513 ἐγκειμένης

253 3527 498 3596 ἀρτηρίας
558 3527 663 3597 τῆς
720 3528 814 3580 ἐπὶ
858 3527 917 3579 τὸ
967 3528 1141 3599 στόμα
1173 3529 1485 3603 διηκούσης,
1524 3532 1586 3585 τὸ
1621 3533 1819 3598 ἔξωθεν

253 3618 456 3689 πνεῦμα
492 3622 619 3683 ταῖς
675 3620 975 3683 ἀναπνοαῖς
1032 3622 1408 3693 ἐφελκόμενον.
1452 3618 1523 3694 ’ᾯ
1570 3626 1711 3679 κατά
1760 3625 1820 3678 τὸ

256 3709 406 3777 μέσον
435 3712 468 3781 ὴ
498 3712 701 3784 καρδία
734 3712 1118 3785 ἐνειλημμένη,
1160 3714 1301 3767 κατὰ
1336 3714 1569 3786 μίμησιν
1599 3716 1695 3787 τῆς
1723 3715 1819 3769 τοῦ

250 3804 552 3874 ἀεικινήτου
604 3805 775 3873 πυρὸς
821 3806 1118 3879 ἐνεργείας,
1159 3806 1514 3872 ἀδιαλείπτως
1544 3810 1635 3862 καὶ
1682 3809 1820 3881 αύτὴ

256 3897 558 3966 κινουμένη,
578 3892 687 3950 οἷόν
706 3916 758 3950 τι
778 3898 1021 3953 ποιοῦσιν
1038 3900 1094 3951 ἐν
1118 3901 1231 3962 τοῖς
1251 3899 1524 3970 χαλκείοις
1546 3903 1602 3954 αἱ
1630 3902 1699 3971 φύ
1709 3920 1820 3967 σαι,

251 3987 384 4041 Ξλκει
419 4008 477 4043 τε
523 3991 661 4061 πρὸς
690 3990 886 4059 ἑαυτὴν
920 3992 982 4043 ἐκ
1012 3990 1105 4043 τοῦ
1138 3991 1543 4062 παρακειμένου
1580 3993 1822 4063 πνεύμο-

254 4098 332 4143 νος
363 4082 653 4153 ﬂumina.
693 4085 758 4153 τῇ
818 4084 1067 4155 διαστολῇ
1117 4082 1215 4147 τὰς
1262 4084 1601 4154 κοιλότητας,
1649 4088 1741 4140 καὶ
1764 4088 1825 4140 τὸ

254 4174 487 4243 πυρῶδες
518 4175 723 4246 ἑαυτῆς
740 4176 1118 4247 ἐκριπίζουσα,
1157 4178 1277 4239 ταῖς
1319 4161 1607 4247 ἐχομέναις
1664 4178 1826 4250 ἀρτη-

256 4265 388 4335 ρίαις
438 4270 660 4337 ἐμπνεί.
708 4267 819 4319 Καὶ
854 4266 1011 4319 τοῦτο
1069 4265 1298 4319 ποιοῦσα
1345 4268 1404 4319 ού
1438 4267 1725 4333 διαλείπει,
1765 4270 1827 4324 τὸ

256 4356 349 4423 μὲν
371 4357 575 4422 ἔξωθεν
592 4359 681 4411 διὰ
722 4360 820 4428 τῆς
852 4357 1139 4428 διαστολῆς
1172 4359 1251 4421 εἰς
1279 4358 1375 4422 τάς
1409 4358 1542 4423 ίδίας
1576 4360 1825 4433 κοιλότη-

252 4465 342 4510 τας
366 4449 627 4514 ἕλκουσα,
663 4450 722 4503 τὸ
754 4449 809 4502 δὲ
834 4450 962 4518 παρ’
988 4448 1186 4519 ἐαυτῆς
1218 4448 1306 4503 διὰ
1330 4449 1428 4520 τῆς
1455 4451 1826 4521 συμπτώσεως

1917 3351 2156 3406 fontium
2185 3366 2374 3406 venas.

1990 3442 2192 3498 Deinde
2220 3456 2315 3496 aer
2346 3440 2509 3495 etiam
2543 3438 2695 3494 cordi
2723 3438 2887 3494 vicini
2914 3438 3141 3494 visceris
3172 3450 3274 3506 ope
3304 3448 3501 3503 sugge-

1918 3536 2084 3600 ritur;
2116 3535 2166 3590 ei
2197 3549 2397 3589 nomen
2432 3540 2517 3589 est
2541 3534 2727 3603 pulmo
2758 3550 2772 3587 :
2822 3532 3127 3587 membrum
3158 3531 3333 3600 ipsum
3356 3528 3503 3584 aeris

1918 3636 2005 3684 est
2034 3627 2460 3698 receptaculum,
2483 3628 2630 3697 quod
2660 3641 2755 3695 per
2786 3625 3045 3680 insertam
3076 3623 3182 3678 sibi
3217 3620 3498 3682 arteriam,

1921 3719 1987 3772 ad
2022 3734 2085 3775 os
2124 3718 2505 3790 pertinentem,
2562 3716 2815 3787 spiritum
2867 3723 3156 3771 externum
3189 3727 3286 3781 per
3312 3707 3503 3777 .respio

1920 3812 2485 3879 rationescontinuas
2521 3810 2720 3864 haurit.
2779 3807 2955 3878 Hujus
3017 3806 3073 3861 in
3114 3811 3268 3875 parte
3327 3800 3501 3857 media

1922 3920 2017 3959 cor
2041 3905 2372 3969 continetur,
2403 3902 2549 3973 quod
2598 3902 2776 3972 ipsum
2819 3915 3037 3971 quoque
3068 3899 3185 3953 sine
3219 3893 3504 3949 intermis-

1924 3995 2080 4049 sione
2109 4000 2383 4059 movetur,
2418 3994 2584 4062 inque
2606 3993 2710 4047 hoc
2756 3992 2900 4062 ignis
2932 4003 3209 4059 nunquam
3246 4000 3355 4040 non
3386 3998 3503 4038 ιιιο-

1924 4089 2051 4144 bilis
2084 4097 2334 4142 naturam
2388 4088 2652 4143 imitatur.
2687 4084 2822 4139 Nam
2853 4085 3028 4139 instar
3054 4082 3261 4137 follium
3300 4079 3503 4151 quibus

1928 4181 1982 4237 in
2014 4180 2245 4237 ollicinis
2271 4180 2390 4236 suis
2419 4186 2648 4235 utuntur
2686 4176 2848 4242 fabri,
2880 4190 3099 4246 semper
3126 4189 3306 4229 aerem
3332 4179 3503 4225 attra-

1927 4273 2009 4327 hit
2043 4288 2076 4328 e
2130 4272 2313 4327 vicino
2362 4274 2637 4342 pulmone,
2690 4278 2983 4340 partesque
3031 4280 3304 4322 concavas
3339 4263 3504 4317 didu-

1925 4365 2107 4420 ctione
2168 4366 2360 4436 replet,
2394 4380 2459 4419 ac
2485 4363 2632 4434 quod
2688 4364 2906 4433 igneum
2956 4368 3041 4416 est
3080 4359 3133 4412 in
3171 4358 3291 4427 ipso
3338 4355 3502 4417 cluat,

1928 4459 2095 4529 inque
2117 4458 2408 4528 adjunctas
2452 4456 2684 4511 arterias
2714 4454 2979 4510 excernit.
3009 4450 3124 4506 lloc
3181 4449 3316 4505 adeo
3355 4464 3505 4519 nun-

254 4542 365 4605 ταῖς
407 4542 707 4613 ἀρτηρίαις
752 4542 1118 4612 εἰσκρίνουσά.
1153 4541 1221 4594 Ὂ
1275 4558 1366 4611 μοι
1397 4542 1543 4596 δοκεῖ
1587 4546 1680 4597 καὶ
1726 4546 1815 4616 τῆς

1927 4565 2092 4620 quam
2125 4565 2236 4613 non
2283 4550 2414 4620 agit,
2449 4547 2596 4603 aliud
2628 4547 2974 4603 extrinsecus
3010 4558 3105 4614 per
3136 4541 3505 4596 diductionem

255 4632 559 4702 αὐτομάτου
609 4630 814 4701 ταύτης
859 4630 1131 4701 ἀναπνοῆς
1175 4628 1346 4682 αἴτιον
1384 4631 1516 4700 ἡμῖν
1558 4630 1823 4700 γίνεσθαι.

254 4722 517 4787 Πολλάκις
548 4722 660 4793 γὰρ
687 4724 715 4775 ὁ
756 4722 854 4793 μὲν
873 4721 996 4783 νοῦς
1027 4720 1253 4790 ἄσχολός
1284 4721 1399 4773 ἐστι
1434 4721 1572 4793 πρὸς
1607 4722 1828 4795 ἐτέρους

255 4815 284 4883 ἦ
314 4815 409 4867 καὶ
448 4814 804 4869 παντάπασιν
837 4815 1057 4885 ἠρεμεῖ,
1088 4812 1335 4876 λυθέντος
1361 4815 1418 4866 ἐν
1442 4812 1519 4884 τῷ
1549 4812 1702 4885 ὕπνῳ
1731 4814 1827 4869 τοῦ

256 4905 523 4976 σώματος,
548 4908 583 4976 ἡ
606 4906 663 4959 δὲ
696 4904 941 4977 ἀναπνοὴ
984 4903 1079 4958 τοῦ
1120 4904 1280 4975 ἀέρος
1307 4904 1368 4957 ού
1390 4903 1678 4972 διαλείπει,
1705 4908 1827 4979 μηδ’

251 4998 427 5051 ὁτιοῦν
459 4997 836 5069 συνεργούσης
859 4998 938 5060 εἰς
962 4994 1117 5049 τοῦτο
1140 4996 1238 5067 τῆς
1261 4997 1651 5067 προαιρέσεως.

1933 4638 2018 4695 sui
2044 4638 2295 4709 proprias
2318 4638 2374 4693 in
2400 4635 2694 4707 capedines
2715 4634 3064 4699 attrahendo,
3091 4630 3239 4686 aliud
3263 4645 3294 4683 a
3322 4646 3381 4684 se
3412 4644 3509 4698 per

1932 4730 2400 4801 compressionem
2460 4728 2514 4781 in
2568 4727 2799 4782 arterias
2848 4722 3216 4781 excernendo.
3273 4720 3335 4775 In
3399 4731 3518 4790 quo

1931 4822 2061 4876 mihi
2094 4822 2312 4891 quidem
2342 4818 2724 4891 respirationis
2760 4817 2923 4873 etiam
2955 4816 3231 4870 continuae
3259 4812 3315 4866 in
3350 4810 3510 4865 nobis

1933 4928 2058 4969 esse
2100 4913 2277 4983 posita
2331 4928 2499 4969 causa
2546 4912 2781 4967 videtur.
2837 4908 2971 4962 Nam
3042 4922 3198 4961 mens
3248 4918 3391 4973 sepe
3417 4900 3512 4954 dat

1935 5006 2060 5062 aliis
2117 5006 2274 5076 quasi
2333 5022 2578 5076 operam,
2632 5005 2718 5058 vel
2761 5016 2986 5073 prorsus
3029 4999 3193 5055 etiam
3252 4993 3508 5067 quiescit,

256 5104 445 5143 somno
500 5104 706 5158 corpus
728 5093 1052 5157 occupante,
1103 5100 1227 5141 cum
1262 5086 1486 5142 minime
1514 5087 1804 5158 respiratio
1834 5091 2239 5162 intermittitur,
2271 5095 2486 5151 etiamsi
2528 5110 2630 5150 nos
2681 5094 2822 5148 hanc
2883 5091 3037 5146 nullo
3084 5096 3253 5160 pacto
3299 5083 3510 5144 εἰθίζετο

256 5181 683 5235 decreverimus.

321 5269 493 5341 Οἶμαι
535 5272 669 5341 γάρ,
712 5267 901 5340 ἐπειδὴ
948 5268 1328 5341 περιείληπται
1382 5266 1461 5340 τῷ
1498 5268 1760 5340 πνεύμονι
1798 5273 1833 5342 ἠ

258 5367 474 5436 καρδία,
515 5366 609 5418 καὶ
641 5362 1029 5434 προσπέφυκεν
1086 5364 1234 5435 αὐτῷ
1293 5365 1434 5419 κατά
1484 5365 1543 5419 τὸ
1589 5365 1837 5420 όπίσθιον

259 5460 452 5529 ἑαυτῆς
476 5458 663 5529 μέρος,
687 5460 808 5520 ταῖς
844 5456 1002 5520 ίδίαις
1026 5456 1329 5520 διαστολαίς
1358 5460 1452 5513 καὶ
1481 5458 1835 5529 συμπτώσεσι

262 5552 591 5620 συγκινοῦσα
641 5552 705 5604 τὸ
764 5550 1091 5620 σπλάγχνον,
1131 5551 1229 5621 τὴν
1253 5550 1346 5605 τοῦ
1388 5552 1547 5622 ἀέρος
1585 5550 1749 5622 ὁλκήν
1777 5569 1834 5603 τε

262 5647 348 5696 καὶ
400 5645 643 5714 ἐμπνοὴν
695 5642 1112 5714 ἐκμηχανᾶσθαι
1156 5642 1233 5713 τῷ
1295 5643 1575 5713 πνεύμονι.
1622 5644 1835 5714 ’Λραιὸς

259 5737 365 5805 γάρ
421 5754 507 5799 τις
550 5736 625 5789 ὢν
659 5736 753 5789 καὶ
785 5734 1113 5806 πολύπορος,
1134 5736 1226 5788 καὶ
1264 5734 1447 5806 Δ’πάσας
1470 5734 1569 5797 τὰς
1597 5736 1653 5786 ἐν
1688 5735 1835 5806 αὐτῷ

266 5827 573 5898 κοιλότητας
592 5828 728 5900 πρὸς
752 5826 840 5881 τὸν
866 5827 1111 5898 πυθμένα
1128 5827 1224 5898 τῆς
1244 5828 1509 5899 ἀρτηρίας
1529 5830 1618 5882 ἀνε
1630 5845 1835 5901 στομω-

2000 5270 2113 5342 Ego
2163 5272 2244 5327 sic
2285 5272 2543 5336 arbitror,
2591 5287 2687 5327 cor
2715 5272 2918 5341 ipsum,
2952 5270 3097 5341 quod
3142 5270 3328 5340 pulmo
3361 5284 3511 5323 com-

1931 5363 2185 5433 plectitur
2216 5378 2487 5443 annexum
2505 5363 2612 5419 sibi
2640 5365 2940 5434 posteriore
2970 5363 3055 5417 sui
3084 5369 3258 5431 parte,
3291 5362 3508 5429 quoties

1932 5457 2253 5527 explicatur,
2300 5460 2384 5512 vel
2443 5457 2691 5514 vicissim
2751 5454 3150 5525 comprimitur,
3190 5466 3296 5509 una
3320 5466 3542 5514 secum,

1934 5550 2243 5619 pulmonem
2275 5564 2515 5615 movere,
2548 5557 2713 5618 atque
2755 5547 2860 5601 hoc
2893 5553 3052 5616 pacto
3088 5543 3319 5605 ellicere,
3370 5551 3429 5597 ut
3464 5559 3509 5597 ts

1941 5658 2120 5697 aerem
2171 5641 2442 5705 attrahat,
2482 5640 2847 5707 continuoque
2892 5636 3141 5707 spiritum
3194 5633 3379 5689 ducat.
3417 5634 3511 5689 Est

1942 5734 2086 5790 enim
2112 5734 2217 5788 hoc
2251 5734 2435 5789 viscus
2463 5746 2668 5797 rarum,
2701 5739 2755 5785 et
2786 5736 2996 5783 meatus
3023 5727 3354 5796 multiplices
3407 5726 3506 5780 ha-

1942 5828 2052 5892 bet,
2089 5825 2315 5897 ejusquc
2346 5824 2634 5895 capedines
2682 5838 2872 5879 omnes
2923 5821 3079 5893 quasi
3124 5819 3375 5893 quadarn
3413 5834 3527 5890 per,
