3988 6510
396 392 504 457 ειτ

1654 403 1716 470 S,
1755 400 2089 461 GREGORII
2126 402 2422 462 NYSSENI

3553 423 3663 481 248

394 515 583 574 oscula
618 514 673 570 in
698 517 911 581 arteriae
926 513 1152 580 fundum
1176 525 1394 576 exeunt.
1427 518 1616 591 itaque
1635 533 1987 590 compressus

2099 519 2261 591 μένας
2285 523 2446 594 ἔχων,
2502 525 2925 599 συστελλόμενος
2967 529 3066 602 μὲν
3111 533 3208 588 καὶ
3238 536 3566 606 συμπίπτων
3603 536 3672 596 τὸ

396 609 923 679 art-tius,spiritum,
953 607 1047 678 qui
1077 617 1301 677 superat
1318 611 1371 671 in
1404 611 1577 682 ipsius
1594 611 1976 682 capedinibus,

383 702 756 772 exprimendo
788 704 946 771 quasi
972 702 1254 768 emittit;e
1304 703 1586 758 contrario
1609 703 1654 758 si
1685 703 1900 769 laxetur
1925 712 1980 760 et

397 793 696 862 aperiatur,
730 794 808 856 lit,
840 793 919 854 uti
944 802 1127 862 partes
1158 794 1338 865 ipsius
1365 809 1573 859 vacuae.
1609 810 1640 850 a
1661 810 1722 851 se
1747 797 1980 853 invicem

398 886 651 940 distentae
680 892 914 941 attracto
941 900 1067 942 aere
1102 886 1503 962 compleantur.
1537 886 1662 944 Hac
1693 898 1776 944 est
1806 889 1981 958 τεερί-

401 977 634 1034 rationis
661 992 691 1032 a
725 977 878 1040 nullo
903 979 1190 1049 pendentis
1214 979 1550 1042 veleonsilio
1581 980 1668 1041 vel
1698 980 1982 1036 voluntate

397 1077 608 1132 nostra.
643 1083 838 1136 causa,
864 1057 1130 1134 nimirum
1169 1071 1318 1141 quod
1344 1071 1558 1141 igneam
1610 1077 1862 1132 naturam
1899 1069 1985 1126 l‘as

398 1175 507 1216 non
526 1169 611 1216 est
641 1160 948 1230 quiescere.
975 1159 1129 1226 Quod
1160 1175 1286 1216 cum
1311 1160 1385 1218 ita
1408 1161 1503 1228 sit,
1537 1161 1848 1232 calorisque
1869 1161 1984 1232 jam

276 1281 286 1296 ,
399 1257 526 1304 ante
554 1249 819 1320 originem
848 1249 903 1304 in
935 1251 1105 1306 corde
1122 1250 1390 1311 exsistere
1409 1253 1873 1334 perspexerimus,
1901 1253 1985 1309 id-
2015 1328 2019 1331 η

398 1341 549 1395 circo
579 1351 878 1413 perpetuus
909 1344 1012 1398 hoc
1063 1343 1117 1396 in
1143 1344 1392 1405 membro
1418 1354 1617 1406 motus.
1667 1356 1984 1422 perpetuam

401 1433 566 1490 simul
613 1434 668 1500 in
723 1435 983 1504 pulmone
1032 1438 1450 1509 respirationem
1494 1438 1682 1500 eliicit.
1747 1440 1878 1493 Eam
1915 1439 1989 1493 ob

399 1540 624 1594 causam
660 1526 763 1584 hoc
795 1527 960 1582 etiam
995 1530 1272 1600 usuvenit,
1306 1537 1365 1585 ut
1389 1545 1517 1587 cum
1569 1531 1818 1586 intensus
1852 1545 1988 1600 prte-

402 1627 486 1674 ter
519 1630 767 1674 naturam
801 1621 952 1676 calor
993 1625 1235 1690 accrevit
1262 1624 1427 1696 (quod
1460 1626 1516 1691 in
1563 1627 1633 1683 iis
1687 1625 1782 1696 qui
1837 1625 1990 1682 febre

401 1703 673 1776 laborant,
709 1712 1004 1784 videmus),
1035 1717 1314 1778 anhelatio
1344 1732 1566 1790 quoque
1616 1719 1863 1775 crebrior
1893 1719 1988 1782 sit,

401 1801 570 1866 sorde
623 1804 782 1875 quasi
857 1803 1151 1862 festinante
1205 1807 1483 1873 internum
1533 1816 1727 1864 aestum
1780 1807 1982 1864 recenti

2082 614 2474 705 ἐναπολειφθὲν
2529 623 2646 686 τοῖς
2707 622 2910 688 κοίλοις
2967 625 3186 698 πνεῦμα
3238 631 3359 683 κατ’
3419 631 3671 705 ἀνάγκην

2081 701 2353 771 Exactiin
2377 711 2650 781 προΐεται.
2694 713 3028 789 ’Υποχωρῶν
3069 719 3128 774 δὲ
3163 723 3260 776 καὶ
3289 701 3667 794 ἀνοιγόμενος,

2081 802 2472 884 erata-tuarum
2496 803 2779 859 διαστάσει
2830 809 2966 880 «pb;
3004 809 3064 874 τὸ
3104 811 3430 883 κενούμενον
3455 815 3544 868 διὰ
3567 817 3671 882 τῆς

2081 894 2250 965 ὁλκῆς
2275 896 2370 951 τὸν
2402 897 2558 970 ἀέρα.
2593 899 2706 953 Καὶ
2725 899 2865 971 αὕτη
2891 902 3009 954 ἐστὶ
3028 903 3129 973 τῆς
3150 905 3510 978 ἀπροαιρέτου
3537 908 3669 962 ταύ.

2083 1001 2184 1059 της
2212 989 2491 1062 ἀναπνοῆς
2526 993 2696 1059 αίτία,
2720 996 2752 1064 ἡ
2779 994 2876 1048 τοῦ
2897 991 3158 1069 ἀτρεμεῖν
3181 997 3242 1051 τὸ
3269 999 3512 1072 πυρῶδες
3532 1000 3668 1069 ἀδυ-

2083 1082 2275 1152 ναμία.
2293 1083 2510 1156 Ἐπειδὴ
2535 1085 2644 1157 γὰρ
2668 1085 2800 1140 ἴδιόν
2831 1088 2948 1142 ἐστι
2980 1089 3076 1152 τοῦ
3103 1088 3308 1160 θερμοῦ
3336 1093 3369 1162 ἡ
3401 1080 3539 1146 κατὰ
3571 1094 3676 1163 τὴν

2087 1174 2302 1245 κίνησιν
2332 1176 2607 1247 ἐνέργεια,
2631 1177 2824 1233 τούτου
2852 1178 2911 1239 δὲ
2939 1179 3040 1244 τὰς
3068 1181 3244 1251 ἀρχὰς
3271 1182 3332 1235 ἐν
3359 1185 3425 1254 τῇ
3475 1183 3676 1255 καρδίᾳ

2085 1269 2515 1341 κατενοήσαμεν,
2553 1263 2616 1323 τὸ
2663 1269 2910 1340 διηνεκὲς
2959 1273 3057 1343 τῆς
3098 1275 3156 1326 ἐν
3193 1271 3274 1343 τῷ
3298 1271 3456 1346 μέρει
3492 1275 3673 1346 τούτῳ

2086 1362 2354 1432 κινήσεως
2425 1360 2525 1433 τὴν
2574 1361 2916 1418 ἀδιάλειπτον
2948 1364 3042 1418 τοῦ
3079 1364 3240 1435 ἀέρος
3261 1367 3440 1436 ὁρμήν
3473 1384 3536 1419 τε
3577 1369 3677 1421 καὶ

2089 1453 2332 1524 ὲμπνοὴν
2389 1452 2479 1514 διὰ
2530 1448 2624 1507 τοῦ
2656 1454 2964 1526 πνεύματος
3012 1453 3404 1526 ἀπεργάζεται.
3453 1455 3544 1511 Διὸ
3579 1461 3677 1513 καὶ

2091 1546 2244 1618 παρὰ
2301 1547 2465 1617 φύσιν
2511 1547 2862 1612 ἐπιταθέντος
2894 1547 2988 1602 τοῦ
3053 1548 3354 1619 πυρώδους,
3389 1545 3452 1603 τὸ
3489 1545 3680 1620 ἆσθμα

2089 1635 2631 1710 τῶν-διακαιομένων
2657 1640 2735 1711 τῷ
2773 1639 2992 1712 πυρετῷ
3022 1639 3408 1712 συνεχέστερον
3436 1641 3672 1710 γίνεται,

2092 1729 2281 1802 ὥσπερ
2310 1730 2674 1802 ἐπειγομένης
2711 1733 2811 1802 τῆς
2867 1729 3094 1802 καρδίας
3126 1731 3218 1784 τὸν
3255 1731 3574 1802 ἐγκείμενον
3615 1732 3679 1796 eu

2093 1826 2231 1897 αὐτῇ
2294 1823 2538 1901 φλογμὸν
2575 1823 2654 1895 τῷ
2700 1823 3022 1896 νεαρωτέρῳ
3063 1821 3334 1894 πνεύματι
3375 1823 3680 1885 κατασϐεν-

403 1908 532 1961 aere
577 1897 949 1970 exstinguere.
1000 1898 1295 1957 Enimvero
1361 1909 1560 1957 natura
1618 1913 1807 1957 nostra
1858 1918 1984 1957 cutn

2099 1917 2261 1972 νύειν.
2305 1897 2443 1971 Ἀλλ’
2475 1917 2663 1989 ἐπειδὴ
2697 1918 2928 1987 πενιχρά
2958 1917 3041 1981 τίς
3068 1918 3215 1970 ἐστιν
3241 1917 3399 1988 ἡμῶν
3425 1917 3458 1989 η
3490 1916 3679 1987 φύσις,

404 1987 648 2042 omnium
676 2002 846 2060 egena
895 1991 990 2061 sit,
1020 1999 1075 2047 et
1102 1992 1174 2048 ab
1199 1994 1267 2048 iis
1315 1994 1502 2060 rebus,
1529 2009 1652 2064 quae
1700 2009 1790 2049 res
1820 1994 1985 2048 vitam

405 2082 706 2149 continent,
733 2083 890 2152 plane
921 2099 1030 2150 non
1059 2086 1352 2150 instructa,
1389 2102 1499 2142 non
1531 2102 1658 2142 aera
1687 2088 1852 2144 modo
1879 2089 1990 2158 spi—

406 2173 685 2245 ritumque
737 2174 946 2231 nullum
1025 2177 1307 2246 proprium
1357 2177 1542 2242 habet,
1592 2178 1688 2248 qui
1749 2178 1988 2233 calorem

407 2265 632 2328 excitet,
656 2268 878 2337 quando
895 2267 1402 2339 huncextrinseeus
1432 2268 1497 2323 ad
1521 2271 1989 2326 conservationem

407 2360 586 2427 Matri
609 2377 825 2432 semper
862 2363 1182 2424 hauriemus
1207 2372 1442 2433 oportet,
1475 2379 1662 2419 verum
1692 2366 1856 2420 etiam
1891 2380 1990 2419 nu-

406 2458 729 2512 trimentum
776 2458 1112 2513 sustinendae
1176 2459 1428 2529 corporis
1459 2459 1589 2512 moli
1625 2457 1843 2512 aliunde
1895 2473 1992 2512 ne-

408 2565 566 2618 cesse
621 2551 781 2608 habet
821 2563 1120 2606 arcessere.
1184 2550 1474 2622 Propterea
1529 2563 1761 2605 vacuum
1791 2564 1993 2620 corpus

407 2646 654 2710 vicissim
689 2654 815 2714 potu
849 2630 1082 2713 ciboque
1136 2643 1325 2713 replet,
1356 2653 1592 2712 cumque
1629 2641 1697 2696 ad
1727 2657 1884 2698 usum
1911 2641 1994 2695 in-

410 2737 526 2792 dita
579 2737 740 2800 nobis
791 2745 876 2793 est
930 2735 1166 2790 facultas
1197 2735 1480 2791 attrahens
1536 2735 1589 2788 id
1643 2735 1790 2804 quod
1839 2732 1990 2797 delit,

411 2826 669 2908 quodque
691 2840 915 2904 superat
950 2832 1254 2902 expellens,
1283 2830 1465 2888 cordis
1490 2830 1675 2885 calore
1703 2828 1804 2884 hac
1827 2831 1992 2884 etiam

414 2929 470 2990 iu
504 2935 659 2997 parte
684 2936 932 2992 naturam
971 2939 1081 2987 non
1110 2935 1303 2994 parum
1345 2920 1659 2994 adiuvante.
1693 2923 1826 2980 Nam
1867 2936 1992 2976 cum

415 3020 561 3073 inter
588 3016 831 3081 membra
849 3016 1037 3072 vitalia
1065 3028 1181 3084 cor,
1211 3019 1272 3068 ut
1295 3023 1381 3070 est
1435 3013 1735 3072 indicatum
1757 3052 1772 3077 ,
1805 3013 1996 3083 praecisi

414 3122 582 3180 puum
603 3109 676 3168 sit
702 3112 758 3165 et
781 3109 1066 3173 eximium,
1105 3108 1306 3179 quippe
1330 3107 1480 3179 quod
1497 3108 1740 3166 membra
1777 3107 1992 3178 singula

2094 2013 2189 2067 Ital.
2209 2011 2320 2065 τῶν
2355 2011 2494 2084 πρὸς
2510 2011 2611 2080 τὴν
2634 2011 2771 2064 ῑδίαν
2791 2009 3056 2083 σύστασιν
3085 2008 3174 2063 διὰ
3199 2010 3419 2064 πάντων
3435 2009 3680 2081 ἐπιδεὴς,

2094 2104 2194 2158 οὐκ
2219 2103 2380 2175 ἀέρος
2399 2104 2558 2174 μόνον
2591 2103 2721 2157 ίδίου
2744 2103 3032 2173 πτωχεύει,
3051 2103 3144 2156 καὶ
3166 2101 3494 2171 πνεύματος,
3512 2101 3606 2155 τοῦ
3619 2099 3685 2156 «ca

2097 2195 2297 2266 θερμὸν
2321 2193 2698 2264 διεγείροντος,
2729 2190 2866 2263 ὅπερ
2889 2187 3087 2254 ἔξωθεν
3114 2188 3251 2260 πρὸς
3281 2187 3382 2259 τὴν
3407 2186 3502 2240 τοῦ
3525 2184 3669 2250 ζὼου

2099 2285 2429 2356 συντήρησιν
2491 2283 2755 2354 διηνεκῶς
2818 2279 3204 2354 ἐπεισάγεταιο
3247 2277 3383 2334 sua:
3427 2279 3520 2331 καὶ
3581 2277 3686 2349 τὴν

2099 2377 2485 2448 ὑπερείδουσαν
2507 2375 2598 2429 τὸν
2625 2374 2722 2428 τοῦ
2746 2371 2995 2446 σώματος
3021 2369 3184 2441 ὄγκον
3215 2370 3420 2443 τροφὴν
3455 2368 3685 2439 ἐπίκτη-

2097 2479 2188 2523 τον
2216 2470 2350 2539 ἔχει.
2383 2469 2483 2523 Διὰ
2536 2468 2694 2522 τοῦτο
2728 2465 2918 2530 σιτίοις
2940 2481 3001 2521 τε
3031 2466 3126 2520 καὶ
3167 2467 3350 2528 ποτοῖς
3383 2462 3688 2533 ἀναπληροῐ

2097 2561 2161 2615 τὸ
2205 2562 2401 2624 ἐνδέον,
2448 2559 2703 2632 ἑλκτικήν
2736 2575 2858 2614 τινα
2901 2559 2997 2613 τοῦ
3023 2557 3302 2619 λείποντος
3327 2554 3555 2624 δύναμιν
3586 2551 3688 2607 καὶ

2100 2655 2419 2726 ἀπωστικὴν
2468 2651 2564 2708 τοῦ
2609 2650 3020 2726 περιττεῦον-τος
3079 2649 3291 2704 ἐνθεῖσα
3326 2646 3403 2718 τῷ
3446 2645 3683 2717 σώματι,

2100 2748 2220 2801 οὐδὲ
2251 2747 2388 2819 πρὸς
2415 2743 2572 2801 τοῦτο
2591 2746 2685 2800 τοῦ
2707 2745 2995 2818 ὲγκαρδίου
3016 2743 3186 2815 πυρὸς
3214 2740 3416 2812 μικρὰν
3447 2757 3688 2812 παρεχο-

2103 2839 2264 2912 μένου
2287 2841 2352 2909 τῇ
2386 2837 2544 2907 φύσει
2571 2837 2909 2909 συνέργειαν.
2956 2833 3173 2906 Ἐπειδὴ
3219 2833 3330 2904 γάρ
3371 2831 3430 2886 τὺ
3478 2832 3686 2903 nuptiis-2

2100 2947 2259 2990 τατον
2290 2929 2396 2983 τῶν
2425 2928 2671 2994 ζωτικῶν
2697 2930 2902 3002 μορίων
2943 2927 3088 2984 κατὰ
3115 2927 3205 2980 τὸν
3235 2924 3569 2980 ἀποδοθέντα
3592 2921 3688 2977 λό-

2100 3035 2196 3094 γον
2220 3023 2252 3092 ὴ
2278 3020 2476 3093 καρδία
2501 3020 2670 3082 ἐστὶν,
2695 3017 2729 3090 ή
2750 3018 2828 3090 τῷ
2846 3019 3033 3092 θερμῷ
3064 3019 3337 3091 πνεύματι
3355 3015 3690 3088 ζωπυροῦσα

2099 3113 2170 3169 τὰ
2202 3111 2537 3166 καθέκαστον
2557 3111 2719 3183 μέρη,
2743 3109 3081 3180 πανταχόθεν
3108 3111 3277 3184 αὐτὴν
3295 3109 3513 3181 ἐνεργὸν
3540 3103 3686 3162 εἶναι

414 3204 708 3274 spirituum
735 3202 921 3258 calore
962 3199 1128 3269 fovet,
1173 3199 1396 3278 ideirco
1427 3200 1606 3260 nostri
1651 3199 1854 3270 opiﬁcii
1894 3214 1995 3255 au-

2099 3203 2178 3275 τῷ
2191 3203 2463 3275 δραστικῷ
2483 3197 2583 3271 τῆς
2603 3199 2904 3272 δυνάμεως,
2921 3204 2950 3255 ὁ
2974 3201 3214 3274 πλάστης
3231 3201 3389 3274 ἡμῶν
3405 3201 3686 3270 ἐποίησεν,

414 3305 538 3352 ctor
559 3296 692 3351 illud
725 3307 819 3366 per
873 3294 1059 3352 omnia
1112 3293 1302 3350 cilicax
1334 3281 1461 3349 esse
1518 3292 1776 3348 facultate
1806 3298 1997 3362 vegeta

417 3391 613 3452 voluit.
653 3405 721 3444 ne
747 3404 876 3458 pars
906 3387 1082 3456 ipsius
1113 3387 1224 3441 ulla
1255 3387 1393 3442 foret
1425 3387 1624 3450 otiosa,
1655 3386 1740 3442 vel
1769 3386 1901 3440 nihil
1932 3387 2000 3442 ad

414 3479 668 3549 corporis
685 3479 928 3534 universi
954 3478 1248 3536 utilitatem
1274 3477 1737 3534 subministraret.
1761 3475 2002 3548 Eamque

414 3573 487 3630 ob
517 3584 630 3624 rem
661 3569 972 3639 pulmonem
1004 3569 1309 3638 posteriore
1342 3569 1428 3624 sui
1455 3571 1609 3639 parte
1654 3569 2000 3639 contingens,

416 3669 680 3733 perpetuo
723 3656 909 3719 viscus
962 3661 1067 3716 hoc
1122 3669 1273 3716 metu
1327 3662 1572 3724 attrahit,
1635 3676 1700 3716 ac
1755 3662 2001 3718 vicissim

417 3765 630 3810 meatus
678 3763 870 3810 omnes
923 3753 1089 3820 hujus
1137 3755 1221 3810 vel
1263 3754 1460 3820 hausto
1503 3769 1629 3811 aere
1656 3753 1869 3819 dilatat,
1919 3756 2002 3812 vel

417 3847 747 3904 remittendo
793 3845 941 3916 quod
985 3856 1143 3902 antea
1207 3855 1498 3917 receperat,
1529 3849 1771 3914 expellit.
1840 3846 2004 3904 Parte

418 3946 601 3993 autem"
633 3938 911 3993 anteriOre
939 3937 1247 4002 stomacho,
1273 3953 1382 4008 qua
1409 3937 1456 3992 is
1474 3938 1717 4007 assurgit
1745 3936 2001 4002 maxime,

419 4035 725 4093 cohaerens.
757 4039 811 4088 et
843 4032 992 4088 fovet
1033 4033 1202 4094 hunc.
1235 4039 1290 4086 et
1319 4031 1556 4087 habilem
1589 4032 1656 4086 ad
1689 4029 2005 4088 eﬂectiones

419 4135 552 4182 suas
581 4125 760 4183 reddit
796 4138 810 4179 ι
861 4139 972 4181 non
1014 4137 1127 4196 quo
1173 4125 1429 4195 spiritum
1480 4124 1573 4178 ille
1610 4124 1871 4188 attrahat,
1909 4125 2005 4180 sed

420 4220 813 4277 nutrimentum
852 4218 1102 4288 corporis
1164 4217 1412 4286 recipiat.
1460 4215 1596 4271 Nam
1627 4216 1820 4272 vicinae
1847 4216 2004 4286 quasi

428 4317 576 4370 fores
633 4317 784 4375 sunt,
821 4323 918 4382 per
966 4324 1106 4381 quas
1134 4315 1189 4365 et
1243 4309 1472 4378 spiritus
1513 4317 1568 4362 et
1604 4309 2002 4363 nutrimentum

424 4405 664 4464 hominis
691 4413 892 4474 corpus
943 4401 1344 4473 ingrediuntur.
1369 4394 1673 4470 Utrumque
1699 4401 2005 4457 membrum

2098 3296 2174 3358 ὡς
2207 3295 2274 3350 ἂν
2304 3295 2469 3366 μηδὲν
2491 3292 2662 3364 αὐτῆς
2701 3293 2869 3366 μέρος
2909 3293 3188 3364 ἄπρακτόν
3211 3312 3269 3347 τε
3300 3295 3393 3348 καὶ
3422 3292 3688 3361 ἀνόνητον

2102 3387 2240 3458 πρὸς
2263 3387 2360 3458 τὴν
2384 3387 2479 3440 τοῦ
2541 3386 2744 3450 παντὸς
2807 3385 3120 3458 οἰκονομίαν
3153 3386 3557 3456 καταλειφθείη.
3585 3384 3688 3437 Διὰ

2099 3477 2259 3532 τοῦτο
2286 3480 2515 3533 κατόπιν
2564 3480 2663 3549 μὲν
2696 3475 2947 3532 ὐποὸᾶσα
2987 3478 3080 3532 τὸν
3119 3476 3428 3550 πνεύμονα,
3464 3477 3553 3530 διὰ
3582 3477 3688 3545 τῆς

2102 3571 2378 3642 διηνεκοῦς
2423 3573 2710 3643 κινήσεως,
2752 3571 3094 3625 καθέλκουσά
3131 3589 3191 3624 τε
3241 3571 3374 3641 πρὸς
3401 3569 3597 3641 ἑαυτὴν
3622 3567 3690 3622 τὸ

2105 3663 2432 3734 σπλάγχνον,
2462 3661 2744 3735 ἀνευρύνει
2775 3663 2910 3732 πρὸς
2931 3662 3028 3734 τὴν
3057 3662 3223 3735 ὁλκὴν
3246 3661 3341 3715 τοῦ
3368 3663 3529 3733 άέρος
3558 3661 3689 3726 τοὺς

2104 3755 2326 3826 πόρους,
2351 3752 2707 3825 ἁνοχλίζουσά
2733 3771 2792 3806 τε
2821 3753 2984 3806 πάλιν
3007 3752 3324 3807 ἐκπνεῖσθαι
3361 3751 3421 3806 τὸ
3465 3754 3688 3805 ὲναπει-

2104 3849 2377 3920 λημμένον
2399 3844 2828 3918 παρασκευάζει.
2881 3845 2969 3898 Ἑν
2998 3844 3056 3898 δὲ
3080 3844 3193 3908 τοῖς
3211 3844 3520 3916 ἔμπροσθεν
3548 3845 3685 3897 ἐαυ-

2103 3941 2205 4010 τῆς
2237 3939 2576 4010 προσφυετσα
2601 3935 2680 4008 τῷ
2713 3935 3002 4009 χωρήματι
3033 3936 3133 4008 τῆς
3159 3937 3271 3990 ἄνω
3309 3935 3564 4006 γαστρὸς,
3595 3933 3686 3987 ἐν·

2107 4031 2308 4103 θερμον
2333 4029 2524 4102 αὐτὴν,
2555 4028 2650 4082 xui.
2669 4027 2804 4099 πρὸς
2833 4026 2928 4089 τὰς
2955 4024 3088 4090 ίδίας
3128 4028 3403 4099 ἐνεργείας
3434 4025 3690 4097 κινουμέ-

2106 4141 2204 4194 νην
2229 4125 2406 4177 ποιεῖ’
2437 4121 2537 4190 οὐκ
2563 4123 2642 4184 είς
2671 4121 2980 4191 πνεύματος
2997 4120 3160 4192 ὁλκὴν
3175 4119 3552 4190 ἀνεγείρουσα,
3568 4117 3688 4170 ἀλλ’

2108 4218 2189 4281 εἰς
2244 4215 2511 4286 ὑποδοχὴν
2553 4215 2653 4284 τῆς
2692 4215 3028 4284 καταλλήλου
3060 4213 3284 4284 τροφῆς.
3323 4211 3558 4282 Πλησίον
3587 4211 3692 4280 μὲν

2108 4309 2217 4379 γὰρ
2247 4307 2554 4376 πεφύκασιν
2575 4305 2820 4376 ἀλλήλων
2851 4307 2908 4360 αἱ
2940 4305 3134 4359 εἴσοδοι
3171 4305 3264 4359 τοῦ
3288 4302 3594 4374 πνεύματός
3623 4321 3690 4367 τε

2109 4402 2202 4455 καὶ
2257 4402 2356 4470 τῆς
2411 4401 2645 4470 τροφῆς·
2678 4397 3236 4470 ἁντιπαρεξιοῦσαιδὲ
3274 4395 3413 4448 κατὰ
3443 4393 3506 4446 τὸ
3544 4393 3690 4464 πρό-

423 4502 494 4564 ab
524 4499 638 4554 imo
661 4497 1016 4565 cnnjunctum
1041 4494 1220 4558 alteri,
1257 4491 1555 4549 secundum
1607 4491 1995 4561 longitudinem

2114 4507 2284 4564 μηκες
2317 4494 2350 4565 ἡ
2377 4492 2537 4562 ἑτέρα
2588 4492 2724 4563 πρὸς
2755 4490 2854 4562 τὴν
2895 4490 3108 4562 ἑτέραν,
3136 4489 3228 4541 καὶ
3259 4486 3336 4558 τῷ
3377 4487 3475 4555 ίσῳ
3503 4482 3692 4556 μέτρῳ

422 4605 642 4648 sursum
681 4587 857 4646 tendit
891 4605 906 4642 :
960 4595 1228 4657 partequa
1273 4599 1528 4654 suprema
1562 4584 1647 4640 sui
1697 4599 1890 4640 rursus
1918 4599 1995 4639 eo-

2109 4584 2251 4637 κατὰ
2280 4583 2340 4636 τὸ
2369 4584 2480 4637 ἄνω
2513 4583 3021 4653 συναπαρτίζονται,
3046 4581 3185 4634 ὥστε
3210 4580 3304 4632 καὶ
3342 4574 3691 4645 συνεστομῶ-

422 4680 547 4737 dem
581 4679 703 4734 loco
726 4679 809 4735 sic
835 4683 1264 4745 connectuntur,
1283 4678 1516 4732 utetiam
1540 4676 1783 4746 ipsorum
1814 4675 2029 4732 oscula.

422 4770 774 4833 conveniant,
812 4768 1195 4828 desinentibus
1252 4769 1308 4823 in
1342 4782 1438 4824 ore
1481 4778 1674 4824 nostro
1719 4769 2002 4824 atnhortttn

421 4861 590 4916 veluti
605 4859 914 4923 canalibus,
946 4873 1184 4930 quorum
1221 4860 1360 4916 alter
1387 4860 1708 4920 alimentum
1732 4858 2003 4931 corporis,

302 4959 314 4966 '
423 4954 560 5010 alter
584 4951 835 5025 spiritum
867 4952 1201 5010 intromittit.
1231 4953 1338 5006 Ima
1368 4952 1585 5024 quidem
1613 4954 1668 5007 in
1701 4955 1853 5023 parte
1879 4962 2005 5009 tan-

423 5047 547 5099 dem
565 5045 683 5103 haec
709 5053 983 5104 meatuum
1010 5043 1330 5114 coniunctio
1343 5044 1688 5100 dissolvitur.
1714 5045 1825 5100 Cor
1853 5045 2001 5111 enim

424 5139 546 5194 luco
581 5137 725 5192 inter
753 5136 1116 5196 ventriculum
1171 5136 1598 5206 pulmonemque
1635 5137 1815 5192 medio
1863 5138 2001 5196 insi-

424 5228 582 5291 dens,
612 5227 741 5282 huic
777 5227 997 5294 quidem
1029 5227 1356 5296 respirandi,
1389 5227 1465 5280 illi
1515 5241 1646 5284 vero
1679 5230 2000 5291 nutrimenti

424 5317 750 5376 conﬁciendi
783 5315 1100 5381 facultatem
1141 5313 1393 5388 largitur,
1439 5314 1573 5376 Nam
1606 5319 1822 5389 igneum
1857 5322 2005 5390 quod

422 5419 531 5474 est,
565 5411 648 5466 sic
678 5426 709 5464 a
765 5417 964 5465 natura
1011 5416 1098 5465 est
1148 5418 1552 5482 comparatum,
1611 5419 1669 5464 ut
1721 5413 2004 5468 materiem

424 5503 581 5571 quasi
617 5496 921 5557 fomentum
951 5509 1159 5571 quaerat
1195 5517 1210 5557 :
1244 5497 1294 5557 id
1322 5500 1468 5572 quod
1502 5502 1667 5558 etiam
1697 5503 1803 5558 cibi
1854 5518 2007 5559 recu-

425 5597 646 5664 p'acttlo
679 5598 970 5654 usuveniat
1005 5610 1230 5652 necesse
1261 5606 1366 5652 est.
1389 5595 1608 5662 Quanto
1658 5599 1802 5653 enim
1835 5599 2006 5670 magis

424 5681 499 5740 ob
525 5686 726 5742 caloris
770 5687 1104 5751 vicinitatem
1149 5687 1404 5754 ignescit.
1452 5696 1608 5742 tanto
1651 5688 1864 5749 avidius
1939 5707 2002 5750 ea

427 5785 551 5836 eum
588 5774 756 5830 calori
807 5779 1101 5831 nutriendo
1135 5787 1282 5840 sunt,
1343 5775 1587 5843 attrahit,
1646 5792 1835 5849 estque
1879 5780 2006 5837 huic

436 5871 644 5930 natura:
674 5869 957 5936 cupiditati
991 5883 1186 5924 nomen
1224 5869 1454 5922 inditum
1487 5871 1778 5941 appetitus.

2110 4673 2232 4728 σθαι
2255 4674 2390 4746 πρὸς
2408 4673 2659 4744 ἀλλήλας,
2679 4675 2773 4727 καὶ
2789 4676 2870 4726 ἑνὶ
2887 4673 3115 4743 στόματι
3131 4673 3254 4734 τοὺς
3271 4671 3470 4742 πόρους
3491 4669 3690 4720 ἐναπο-

2106 4767 2314 4837 λήγειν,
2330 4765 2452 4818 ὅθεν
2473 4765 2550 4836 τῷ
2569 4765 2667 4836 μὲν
2680 4765 2776 4834 τῆς
2791 4764 3018 4836 τροφῆς,
3035 4762 3115 4833 τῷ
3129 4763 3184 4815 δὲ
3207 4761 3302 4814 τοῦ
3317 4758 3623 4829 πνεύματος

2107 4858 2310 4921 εἴσοδος
2332 4859 2560 4926 γίνεται.
2607 4857 2744 4920 Ἀλλ’
2766 4855 2858 4909 ἐπὶ
2888 4857 2950 4908 τὸ
2990 4854 3152 4926 βάθος
3181 4851 3363 4906 οὐκέτι
3393 4851 3689 4916 διαπαντὸς

2105 4950 2168 5010 τὸ
2199 4951 2472 5024 προσφυὲς
2523 4949 2827 5023 παραμένει
2855 4949 2956 5017 τῆς
3013 4945 3276 5015 συζυγίας
3325 4944 3435 4997 τῶν
3477 4942 3686 5014 πόρων,

2113 5027 2264 5112 Μέση
2295 5041 2400 5114 γὰρ
2439 5039 2540 5112 τῆς
2573 5041 2848 5112 ἑκατέρων
2876 5039 3039 5110 ἔδρας
3077 5036 3110 5107 ὴ
3150 5036 3348 5107 καρδία
3400 5051 3690 5104 παρεμπε-

2112 5136 2300 5201 σοῦσα,
2327 5135 2406 5206 τῷ
2446 5135 2542 5205 μὲν
2575 5135 2709 5205 πρὸς
2735 5131 3042 5202 ἀναπνοὴν,
3075 5129 3154 5201 τῷ
3197 5129 3255 5182 δὲ
3283 5125 3418 5198 πρὸς
3455 5123 3686 5196 τροφὴν,

2109 5229 2208 5293 τὰς
2249 5227 2504 5298 δυνάμεις
2548 5224 2840 5296 ἐντίθησιν.
2899 5221 3113 5292 Πέφυκε
3171 5219 3280 5290 γάρ
3330 5218 3390 5272 τὸ
3436 5216 3687 5286 πυρῶδες

2112 5321 2390 5391 ἐπιζητεῖν
2420 5317 2519 5390 τὴν
2557 5315 2960 5369 ὑπεκκαίουσαν
2989 5311 3141 5384 ὓλην,
3187 5309 3215 5363 δ
3243 5310 3308 5380 δὴ
3343 5310 3435 5362 καὶ
3465 5308 3592 5377 περὶ
3622 5307 3690 5360 τὺ

2112 5411 2315 5480 δοχείον
2351 5411 2450 5480 τῆς
2495 5407 2699 5479 τροφῆς
2732 5405 2853 5461 κατ’
2897 5405 3142 5474 ἀνάγκην
3187 5400 3493 5471 συμϐαίνει.
3535 5400 3691 5470 Ὀσῳ

2113 5505 2222 5575 γὰρ
2259 5503 2502 5572 ἔμπυρον
2548 5499 2637 5554 διὰ
2679 5499 2778 5568 τῆς
2825 5497 3063 5567 γείτονος
3108 5496 3312 5566 γίνεται
3347 5491 3686 5566 θερμασίας,

2113 5593 2352 5665 τοσούτῳ
2402 5593 2600 5664 μᾶλλον
2651 5591 2938 5661 ἐφέλκεται
2986 5589 3056 5641 τὰ
3118 5588 3180 5640 τὸ
3214 5582 3415 5656 θερμὸν
3463 5582 3694 5652 ὑποτρὶ-

2113 5703 2297 5758 φοντασ
2324 5687 2420 5758 τὴν
2447 5687 2501 5740 δὲ
2533 5686 2786 5756 τοιαύτην
2819 5684 3013 5756 ὁρμὴν,
3047 5681 3224 5754 ὄρεξιν
3254 5674 3606 5748 ὀνομάζομεν.
