3996 6478
241 416 349 483 ἱῑθ

1434 430 1523 486 DE
1555 426 1840 487 HOMINIS
1872 427 2189 487 OPIFiClO.

3372 433 3481 491 230

310 544 370 597 Εἰ
400 544 459 599 δὲ
500 546 880 633 περιδράξαιτο
907 548 1007 619 τῆς
1031 549 1303 622 ἀρκούσης
1338 550 1469 622 ’ὑλης
1500 551 1560 604 τὸ
1584 566 1804 622 περιεκ-

1973 550 2129 618 Quod
2168 550 2213 605 si
2258 552 2559 606 membrum
2593 566 2705 621 quo
2743 550 2900 607 cibus
2934 550 3271 615 continetur,
3309 562 3479 605 matc-
3554 546 3559 553 ’

243 636 385 691 τικδν
432 639 533 709 τῆς
568 640 793 711 τροφῆς,
824 642 946 695 οὑδὲ
975 641 1147 707 οὕτως
1186 646 1381 715 ἠρεμεῖ
1417 642 1511 697 τοῦ
1564 644 1735 716 πυρὸς
1771 645 1806 715 ἡ

243 728 506 800 ἐνέργεια.
566 731 725 784 Ἀλλά
769 733 1023 805 καθάπερ
1054 738 1113 788 ὲν
1154 736 1509 807 χωνευτηρίῳ
1557 734 1807 806 σύντηξίν

242 838 353 875 τινα
394 824 494 894 τῆς
529 824 661 895 ⁴ὑλης
700 828 880 892 ποιεῖ,
912 828 1006 882 καὶ
1053 827 1205 881 διαλὺ
1220 845 1359 882 σασα
1396 830 1465 883 τά
1501 829 1808 882 συνεστῶτα

242 916 329 967 καὶ
350 914 645 985 άναχέασα,
667 917 918 991 καθάπερ
946 921 1011 972 ὲκ
1037 921 1237 992 χοάνης
1260 920 1406 985 τινὸς
1423 924 1649 992 μεταχεῐ
1673 919 1809 992 πρὸς

240 1007 361 1069 τοὺς
410 1004 606 1078 ἑφεξῆς
643 1009 861 1082 πόρους.
908 1006 1040 1064 Εἶτα
1078 1011 1139 1063 τὸ
1185 1010 1665 1083 παχυμερέστερον
1711 1006 1807 1063 τοῦ

240 1096 561 1166 εἰλικρινοῦς
606 1098 963 1169 διακρίνασα,
1011 1098 1075 1152 τὺ
1115 1099 1215 1169 μὲν
1263 1098 1459 1152 λεπτδν
1504 1097 1570 1152 δι’
1603 1096 1808 1168 ὀχετῶν

239 1210 398 1247 τινων
423 1195 516 1247 ἐπὶ
541 1192 640 1258 τὰς
668 1193 760 1247 τοῦ
790 1194 998 1264 ἥπατος
1024 1194 1145 1262 ἄγει
1171 1192 1344 1256 πύλας
1363 1204 1379 1222 ⁸
1414 1188 1513 1261 τὴν
1544 1188 1600 1243 δὲ
1631 1186 1806 1257 ὑλώδη

238 1285 335 1355 τῆς
366 1286 573 1357 τροφῆς
618 1284 997 1356 ὑποστάθμην,
1037 1287 1117 1349 είς
1157 1285 1283 1348 τοὺς
1332 1279 1807 1354 εὑρυχωροτέρους

240 1376 345 1431 τῶν
375 1377 611 1448 ἐντέρων
645 1374 844 1447 πόρους
871 1372 1148 1442 ἀπώσατο,
1183 1373 1276 1429 καὶ
1308 1373 1421 1437 τοῖς
1450 1370 1809 1439 πολυτρόποις

240 1466 418 1520 αὐτῶν
448 1467 690 1538 ἑλιγμοῖς
729 1467 1141 1538 ἀναστρέφουσα
1178 1464 1352 1536 χρόνῳ
1378 1504 1393 1529 ,
1434 1459 1806 1535 παρακατέχει

239 1558 335 1627 τὴν
366 1556 574 1629 τροφὴν
600 1560 713 1620 τοῖς
751 1557 1097 1628 σπλάγχνοις,
1130 1556 1205 1620 ὡς
1230 1556 1298 1609 ἂν
1325 1556 1399 1627 μὴ
1438 1555 1506 1608 δι’
1538 1553 1805 1622 εὐθύτητα

237 1647 330 1703 τοῦ
355 1645 523 1719 πόρου
560 1644 755 1719 ῥᾳδίως
793 1647 1221 1718 ἀποδαλόμενον.
1249 1646 1411 1710 εὐθὺς
1436 1644 1714 1714 άνακινοίη
1743 1641 1807 1697 τὸ

241 1736 379 1801 ζῶον
408 1736 545 1809 πρὸς
584 1736 780 1809 ὄρεξιν,
810 1738 905 1792 καὶ
940 1737 1209 1809 μηδέποτε
1241 1736 1469 1791 παύοιτο
1500 1737 1598 1807 τῆς
1631 1733 1805 1789 τοιαὺο

235 1849 335 1903 της
367 1827 624 1904 ἀσχολίας
664 1831 802 1885 κατά
829 1831 927 1903 τὴν
966 1830 1076 1885 τῶν
1103 1830 1310 1900 ἀλόγων
1339 1809 1500 1900 φύσιν
1527 1832 1556 1883 ὁ
1590 1828 1803 1900 ἀνθρωι

1909 644 2007 699 riei
2035 644 2171 699 satis
2195 644 2308 713 jam
2344 643 2733 713 prehenderit,
2783 659 2893 697 non
2925 654 3102 696 tamen
3138 643 3280 712 ignis
3307 644 3476 697 vicini

1909 732 2146 789 cessabit
2179 736 2345 790 actio.
2392 734 2529 789 Nam
2580 734 2985 806 colliquefaciet
3031 736 3311 789 materiem
3355 744 3477 788 tan-

1908 840 2071 897 quam
2103 826 2159 880 in
2193 841 2323 882 vase
2358 826 2631 897 liquandis
2669 828 2829 882 rebus
2860 835 3006 897 apto,
3049 838 3281 894 cumque
3305 830 3473 879 cruda

1907 926 1963 974 et
2005 918 2333 973 cohaerentia
2372 915 2681 990 digesserit,
2714 918 2968 987 interque
3006 931 3065 972 se
3106 930 3473 971 commiscue‘

1909 1011 1999 1075 rit,
2050 1010 2329 1080 proximos
2391 1011 2447 1065 in
2480 1016 2691 1065 meatus
2739 1023 2803 1063 ea
2841 1007 3001 1080 quasi
3049 1020 3148 1079 per
3196 1006 3473 1079 quoddam

1909 1100 2311 1157 infundibulum
2367 1101 2609 1170 dejiciet.
2670 1100 2875 1156 Deinde
2934 1100 3165 1155 secretis
3222 1100 3477 1169 utrinque

1908 1195 2171 1266 partibus,
2212 1210 2335 1250 cum
2379 1194 2447 1249 iis
2486 1208 2606 1265 quae
2631 1194 2950 1254 crassiores,
2986 1200 3102 1246 tum
3128 1204 3250 1261 qua:
3288 1191 3476 1262 puriu-

1909 1302 1996 1342 res
2035 1296 2183 1349 sunt.
2218 1293 2411 1342 tenues
2453 1286 2619 1341 hasce
2651 1301 2746 1355 per
2768 1284 3033 1355 quosdam
3060 1284 3217 1354 quasi
3254 1282 3474 1338 canales

1908 1380 1973 1433 ad
2019 1378 2284 1447 jecinoris
2320 1378 2460 1433 ostia
2498 1375 2743 1432 deducit.
2784 1375 3147 1432 Subsidentcs
3188 1381 3367 1429 autem
3419 1382 3471 1427 ct

1907 1485 2125 1526 crassas
2152 1470 2207 1525 in
2237 1469 2571 1525 nutrimento
2607 1468 2766 1524 faeces
2806 1468 2862 1522 in
2892 1468 3183 1537 capaciora
3213 1466 3473 1521 intestina

1905 1560 2170 1625 detrudit,
2224 1573 2288 1615 ac
2327 1574 2424 1630 per
2454 1558 2777 1628 multiplicia
2808 1559 3001 1613 horum
3032 1558 3307 1611 volumina
3352 1570 3474 1611 vcr-

1908 1663 2056 1710 satas
2141 1651 2452 1723 aliquandiu
2483 1647 2681 1704 retinet
2729 1690 2744 1715 ,
2785 1651 2985 1721 partim
3040 1657 3099 1703 ut
3138 1649 3205 1704 de
3240 1650 3324 1703 his
3356 1649 3471 1718 ipsa

1904 1748 2067 1805 etiam
2102 1747 2315 1802 viscera
2344 1742 2593 1799 nonnihil
2619 1742 2936 1797 nutrimenti
2969 1740 3245 1805 hauriant,
3274 1740 3471 1809 partim

1908 1852 1996 1904 ne,
2022 1836 2066 1892 si
2098 1850 2192 1908 per
2228 1843 2438 1891 meatus
2463 1841 2638 1889 rectos
2671 1830 3019 1901 dejieiantur,
3052 1830 3314 1885 continuo
3351 1843 3473 1883 mo-

238 1941 357 1987 πος.
395 1923 547 1977 Ἐπεὶ
578 1918 633 1976 δὲ
658 1924 751 1976 καὶ
774 1920 853 1995 τῶ
883 1924 1054 1994 ἥπατι
1090 1922 1325 1994 μάλιστα
1356 1920 1453 1992 τῆς
1479 1920 1573 1974 τοῦ
1600 1919 1803 1991 θερμοῦ

1909 1932 2043 1986 lesta
2089 1928 2247 1983 nobis
2279 1926 2539 1997 appetitio
2584 1925 2903 1980 nutrimenti
2957 1925 3047 1988 sit,
3103 1932 3159 1978 et
3192 1934 3471 1991 nunquam

240 2014 529 2085 συνεργίας
579 2011 648 2086 ἦν
686 2016 845 2087 χρεία
889 2013 1026 2086 πρὸς
1058 2015 1157 2084 τὴν
1202 2014 1311 2067 τῶν
1353 2013 1533 2085 ὑγρῶν
1582 2010 1807 2081 ὲξαιμάυ

235 2124 420 2168 τωσιν,
448 2107 725 2178 ἀφέστηκε
754 2106 812 2159 δὲ
843 2105 1002 2160 τοῦτο
1036 2107 1135 2173 τῆς
1159 2106 1387 2177 καρδίας
1418 2104 1559 2157 κατά
1589 2103 1688 2174 τὴν
1720 2100 1807 2161 θέ-

239 2212 321 2252 σιν
351 2196 452 2269 (οὑ
481 2200 589 2270 γάρ
612 2194 702 2269 ἦν,
740 2194 914 2269 οἶμαι,
937 2197 1161 2251 δυνατὸν
1184 2198 1359 2268 ἀρχήν
1383 2213 1505 2250 τινα
1530 2197 1624 2249 καὶ
1649 2194 1807 2266 ῥίζαν

236 2289 472 2361 ζωτικῆς
508 2286 674 2343 οὖσαν
714 2289 1037 2359 δυνάμεως,
1087 2289 1215 2359 περὶ
1262 2289 1360 2358 τὴν
1404 2287 1592 2357 ἑτέραν
1632 2286 1806 2357 ἀρχὴν

238 2382 733 2456 στενοχωρεῖσθαι),
754 2380 831 2445 ὡς
861 2381 929 2435 ἂν
963 2379 1035 2450 μή
1078 2396 1132 2433 τι
1167 2379 1269 2449 τῆς
1311 2378 1619 2448 οἰκονομίας
1649 2377 1708 2428 ὲν
1738 2378 1804 2446 τῇ

233 2474 532 2531 ἀποστάσει
570 2473 669 2543 τῆς
722 2472 1093 2545 θερμαντικῆς
1146 2471 1334 2534 οὐσίας
1378 2467 1799 2539 παραδλαδείη·

235 2567 401 2629 πόρος
436 2562 709 2636 νευρώδης
737 2562 1008 2634 (ἀρτηρία
1034 2561 1091 2613 δὲ
1117 2559 1274 2613 τοῦτο
1315 2559 1466 2629 παρά
1491 2558 1601 2609 τῶν
1626 2556 1802 2611 ταῦτα

237 2658 417 2727 σοφῶν
461 2654 820 2727 ὀνομάζεται)
864 2652 1259 2723 ἀναδεξάμενος
1308 2651 1407 2721 τῆς
1466 2647 1689 2721 καρδίας
1741 2644 1806 2700 τὸ

234 2746 480 2818 ἔμπυρον
512 2744 728 2815 πνεῦμα
751 2784 768 2808 ,
801 2744 955 2816 φέρει
992 2742 1144 2814 παρά
1176 2741 1236 2795 τὺ
1271 2736 1457 2817 ἧπαρ,
1491 2737 1657 2798 αὑτοῦ
1700 2752 1804 2791 που

236 2836 387 2907 παρὰ
413 2837 512 2908 τὴν
552 2836 757 2896 εἷσοδον
796 2836 906 2888 τῶν
934 2833 1117 2905 ὑγρῶν
1158 2832 1669 2901 συνεστομωμένος,
1710 2828 1805 2882 καὶ

234 2928 505 2993 ἀναζέσας
530 2927 620 2981 διά
654 2927 754 2997 τῆς
799 2926 1131 2997 θερμότητος
1161 2922 1260 2993 τὴν
1287 2920 1574 2991 ὑγρασίαν,
1608 2921 1805 2972 {vam-

233 3018 442 3082 τίθεταί
486 3035 539 3072 τι
573 3017 651 3088 τῷ
684 3016 834 3088 ὑγρῷ
870 3017 969 3087 τῆς
1010 3015 1103 3069 τοῦ
1137 3012 1309 3084 πυρὸς
1342 3009 1691 3082 συγγενείας,
1736 3013 1802 3082 τῇ

237 3108 515 3182 πυροειδεί
559 3108 697 3178 χρόᾳ
736 3108 799 3160 τὸ
827 3105 921 3159 τοῦ
954 3105 1183 3176 αἵματος
1214 3100 1351 3166 εἶδος
1398 3102 1801 3171 καταφοινίξας.

235 3200 370 3263 Εἶτα
403 3201 627 3253 ἐκεῖθεν
673 3198 1086 3269 ἀφορμηθέντες
1116 3196 1325 3266 δίδυμοί
1352 3210 1498 3257 τινες
1526 3193 1722 3263 ὀχετοὶ,
1746 3194 1807 3246 τὺ

232 3295 437 3345 οἰκεῖον
479 3291 738 3361 ἑκάτερος
787 3288 1151 3360 σωληνοειδῶς
1207 3286 1552 3357 περιέχοντες
1589 3285 1807 3355 πνεῦμά

234 3402 294 3438 τε
342 3386 434 3436 καὶ
480 3378 658 3452 αἷμα,
711 3380 788 3443 ὡς
829 3380 894 3433 ἂν
942 3378 1273 3448 εὑπόρευτον
1343 3376 1427 3447 εἴη
1455 3415 1471 3438 ,
1521 3376 1581 3429 τὸ
1635 3375 1800 3446 ὑγρόν

232 3488 295 3530 σε
339 3472 435 3529 τοῦ
486 3468 688 3545 θερμοῦ
739 3473 950 3543 κινήσει
1006 3467 1416 3541 ωμπαροδεῦον
1461 3468 1555 3520 καὶ
1616 3484 1805 3535 κουφιο

235 3567 492 3637 ζόμενον,
556 3565 639 3633 ἐφ’
698 3562 844 3621 ἅπαν
898 3560 960 3613 τὺ
1021 3558 1182 3629 σῶμα
1247 3557 1579 3627 πολυσχιδῶς
1648 3574 1808 3609 καταο

235 3658 577 3726 σπείρονται,
614 3654 696 3715 εἰς
732 3651 930 3723 μυρίας
961 3650 1166 3720 ὀχετῶν
1198 3651 1371 3722 ἀρχάς
1398 3666 1461 3701 τε
1501 3650 1594 3702 καὶ
1625 3648 1810 3726 διαφυ-

235 3720 545 3812 σειςίκατά
586 3748 695 3799 πᾶν
735 3720 913 3815 *μέρος
962 3720 1376 3813 διασχιζόμενοι.
1422 3741 1712 3812 δίιχθείσαι
1750 3720 1809 3797 δὲ

232 3841 375 3912 πρὸς
408 3840 641 3907 ἀλλήλας
671 3837 781 3895 τῶν
807 3835 1054 3901 ζωτικῶν
1080 3835 1361 3905 δυνάμεων
1392 3836 1448 3887 αἱ
1479 3835 1572 3888 δύο
1608 3836 1807 3905 ἁρχαὶ,

227 3934 267 4004 ἦ
299 3932 446 3984 τετὸ
483 3931 683 4001 θερμὸν
731 3929 979 4000 πανταχῆ
1018 3928 1159 3986 κατά
1202 3926 1263 3981 τὸ
1296 3929 1456 3997 σῶμα
1480 3969 1495 3992 ,
1543 3931 1637 3982 καὶ
1676 3933 1708 3998 ἡ
1751 3929 1810 3980 τὸ

233 4022 405 4093 ὑγρὸν
439 4022 829 4093 ἐπιπέμπουσα
849 4059 863 4083 ,
892 4020 1144 4091 καθάπερ
1180 4021 1302 4077 τινά
1334 4021 1622 4091 δανεισμδν
1640 4023 1809 4088 ἀναγο

231 4116 392 4167 καῖον
422 4115 487 4171 ὲκ
512 4112 622 4165 τῶν
658 4112 874 4166 οἰκείων
901 4113 969 4181 τῇ
1000 4113 1421 4183 ἀρχηγικωτέρᾳ
1447 4113 1548 4181 τῆς
1574 4112 1810 4182 ζωτικῆς

228 4206 547 4275 οἰκονομίας
592 4204 820 4275 δυνάμει
856 4204 1283 4275 δωροφοροῦσιν.
1333 4204 1488 4258 Ἔστι
1519 4205 1565 4258 δ’
1608 4203 1809 4275 αὕτηή

227 4298 381 4351 κατά
407 4298 508 4361 τὰς
539 4299 808 4368 μήνιγγας
850 4298 944 4350 καὶ
970 4298 1062 4350 τὸν
1101 4298 1402 4367 ἐγκέφαλον
1434 4296 1804 4369 θεωρουμένη,

228 4392 330 4459 ἀφ’
377 4387 448 4462 ἦς
487 4392 637 4443 πᾶσα
687 4389 785 4460 μὲν
826 4388 1029 4461 ἄρθρου
1074 4391 1320 4460 κίνησις,
1366 4392 1514 4443 πάσα
1555 4389 1613 4441 δὲ
1659 4388 1809 4457 μυῶν

230 4483 470 4555 συνολκὴ
493 4523 507 4544 .
550 4484 658 4536 πᾶν
687 4483 744 4535 δὲ
782 4483 1165 4553 προαιρετικὸν
1196 4484 1413 4553 πνεῦμα
1442 4480 1537 4535 καὶ
1568 4484 1679 4546 τοῖς
1710 4495 1810 4533 κα-

1908 2034 2015 2075 non
2052 2021 2106 2075 in
2140 2037 2204 2076 eo
2251 2019 2607 2089 acquirendo,
2650 2018 2969 2072 animalium
3004 2015 3235 2070 rationis
3272 2030 3471 2084 caper-

1908 2117 2039 2167 tium
2086 2128 2256 2175 more,
2297 2111 2577 2165 hominum
2629 2117 2928 2178 occupetur
2982 2122 3168 2178 opera.
3226 2107 3473 2176 Cumque

1902 2206 2137 2275 jecinori
2175 2205 2340 2258 etiam
2390 2202 2738 2257 necessarius
2770 2201 2836 2255 ad
2880 2198 3330 2254 commutandum
3383 2210 3474 2252 res

1908 2296 2162 2352 lmmidas
2184 2295 2239 2348 in
2268 2294 2615 2364 sanguinem,
2647 2292 2848 2346 caloris
2886 2306 3021 2346 usus
3057 2289 3215 2353 foret,
3256 2291 3474 2344 abesset

1906 2398 2084 2443 autem
2140 2385 2441 2440 membrum
2500 2382 2604 2436 hoc
2646 2380 2755 2437 situ
2813 2395 2914 2436 suo
2962 2380 3179 2449 longius
3220 2394 3248 2432 a
3284 2378 3473 2438 corde.

1906 2486 2190 2548 propterea
2218 2474 2361 2544 quod
2386 2472 2608 2527 minime
2636 2472 2995 2527 conveniebat
3022 2485 3137 2538 cor,
3160 2470 3305 2540 quod
3334 2470 3477 2539 prin-

1905 2571 2105 2639 cipium
2136 2576 2191 2623 et
2221 2567 2373 2621 radix
2403 2565 2683 2619 facultatis
2712 2564 2895 2619 vitalis
2919 2573 3084 2625 esset.
3111 2564 3347 2617 arctiore
3380 2578 3477 2632 per

1905 2661 2241 2715 vicinitatem
2276 2658 2397 2712 loco
2428 2657 2585 2711 alteri
2613 2655 2741 2711 vitae
2783 2656 3055 2727 principio
3089 2655 3377 2727 conjungi,
3407 2669 3477 2709 ne

1906 2751 2036 2822 quid
2067 2752 2139 2806 ob
2180 2751 2382 2805 caloris
2422 2748 2741 2803 distantiam
2778 2748 3087 2803 detrimenti
3122 2750 3280 2803 nobis
3330 2748 3478 2801 acci-

1906 2845 2081 2907 deret,
2114 2854 2323 2898 meatus
2350 2857 2582 2898 nerveus
2609 2844 2793 2913 (quem
2827 2841 2987 2911 periti
3028 2840 3194 2908 hujus
3214 2840 3477 2894 doctrinae

1907 2940 2161 2995 arteriam
2185 2941 2401 2999 vocant)
2426 2936 2684 2990 haustum
2703 2933 2772 2987 de
2790 2933 2958 2987 corde
2979 2932 3232 3001 spiritum
3257 2931 3476 3000 igneum

1907 3031 1972 3084 ad
2016 3027 2415 3100 heparodefert,
2463 3035 2628 3096 atque
2682 3026 2799 3079 haec
2849 3024 3071 3093 quidem
3120 3022 3317 3077 arteria
3357 3022 3479 3075 loco

1910 3132 2076 3190 prope
2117 3120 2330 3180 eodem,
2366 3131 2475 3185 quo
2506 3113 2727 3168 humida
2755 3114 3119 3182 recipiuntur,
3159 3111 3339 3180 hepati
3390 3111 3478 3163 in-

1909 3212 2132 3271 seritur,
2162 3209 2344 3276 itaque
2377 3205 2562 3261 calore
2591 3219 2692 3259 suo
2721 3202 2850 3257 facit
2876 3210 2934 3255 ut
2963 3202 3185 3255 humida
3215 3202 3478 3269 ferveant,

1908 3300 2164 3371 quiddam
2204 3314 2328 3354 cum
2381 3298 2463 3352 eis
2517 3296 2630 3366 igni
2682 3303 2977 3363 cognatum
3039 3294 3476 3354 communicans.

1908 3405 2018 3460 quo
2046 3390 2103 3443 fit
2131 3389 2205 3442 uti
2242 3386 2467 3457 sanguis
2499 3387 2662 3456 igneo
2696 3385 2881 3440 colore
2912 3399 3221 3454 respersus,
3269 3399 3477 3454 purpu-

1908 3496 2035 3536 reus
2077 3481 2319 3535 exsistat.
2362 3479 2489 3533 Inde
2541 3491 2736 3532 rursus
2781 3476 2958 3531 exorti
2992 3477 3193 3547 gemini
3253 3477 3477 3549 quidam

1908 3576 2069 3630 rivnli
2106 3573 2305 3627 tubulis
2352 3571 2690 3635 c0nsimiles,
2736 3585 2970 3640 quorum
3011 3569 3155 3623 alius
3199 3569 3475 3637 Spiritum.

1910 3668 2226 3737 sanguinem
2250 3664 2391 3718 alius
2407 3664 2654 3718 continet
2675 3658 3111 3732 (coniunguntur
3130 3669 3310 3715 autem
3333 3661 3475 3721 ideo,

1911 3767 1969 3811 ut
2008 3758 2204 3810 humor
2245 3770 2338 3824 per
2359 3753 2561 3808 caloris
2594 3752 2976 3812 mobilitatem,
3020 3750 3065 3804 si
3104 3750 3151 3803 is
3181 3766 3286 3802 una
3319 3749 3481 3802 veha—

1911 3859 2024 3911 tur,
2053 3849 2223 3902 levior
2254 3843 2531 3911 exsistat),
2573 3858 2672 3913 per
2703 3858 2903 3911 corpus
2936 3843 3249 3894 universum
3290 3840 3477 3892 multh

1910 3940 2101 3993 fariam
2156 3947 2506 4008 sparguntur,
2544 3944 2867 4006 tantumque
2915 3950 3024 3989 non
3054 3934 3264 3987 infinita
3301 3935 3353 3987 in
3391 3949 3481 3987 (ιιι

1913 4031 2115 4083 nalium
2144 4027 2407 4097 principia
2432 4026 2703 4095 quasique
2726 4038 2910 4079 ramos
2932 4041 2991 4079 se
3014 4025 3217 4093 passim
3245 4023 3477 4077 ﬁndunt.

1912 4125 2087 4189 Atque
2111 4119 2220 4174 duo
2250 4118 2469 4188 quidem
2501 4118 2616 4173 haec
2642 4117 2960 4171 facultatum
2998 4117 3242 4171 vitalium
3274 4116 3484 4185 princi~

1911 4212 1997 4279 pia
2040 4210 2181 4262 inter
2208 4223 2266 4263 se
2294 4208 2605 4272 commista,
2640 4222 2765 4261 cum
2796 4207 2846 4259 id
2882 4207 3028 4275 quod
3064 4206 3329 4268 calorem,
3363 4212 3481 4257 tum

1910 4303 2056 4372 quod
2095 4302 2376 4356 lmmorem
2412 4300 2731 4355 universum
2781 4300 2836 4353 in
2876 4314 3077 4367 corpus
3108 4298 3269 4355 didit.
3304 4296 3482 4366 quod‘

1911 4395 2035 4446 «lam
2075 4393 2243 4447 veluti
2281 4391 2525 4447 debitum
2561 4390 2825 4445 tributum
2854 4391 3098 4444 facultati
3138 4405 3259 4458 quae
3303 4390 3355 4442 in
3385 4388 3481 4441 ad-

1913 4485 2313 4539 ministratione
2353 4482 2478 4536 vita:
2515 4496 2732 4536 summo
2762 4496 2888 4535 cum
2922 4479 3155 4550 imperio
3188 4487 3273 4535 est
3300 4488 3355 4534 et
3380 4496 3479 4548 μοι·

227 4577 502 4631 θὲκοιστον
556 4575 764 4647 μορίοις
810 4575 1275 4644 ἑπιπεμπόμενον,
1331 4575 1549 4645 ἐνεργόν
1601 4590 1661 4626 τε
1715 4577 1807 4628 καὶ

1912 4586 2128 4642 testate,
2191 4578 2451 4647 pendunt.
2512 4574 2869 4645 lntelligimus
2912 4582 3093 4628 autem
3140 4572 3482 4635 facultatem,

230 4669 556 4740 κινούμενον
587 4669 675 4721 τὸν
715 4668 898 4738 γήϊνον
921 4667 1078 4738 ἡμῶν
1116 4667 1428 4738 ἀνδριάντα,
1468 4666 1719 4737 καθάπερ
1743 4668 1809 4720 ὲκ

232 4758 493 4832 μηχανῆς
532 4778 679 4825 τινος
708 4761 1073 4814 ἀποδείκνυσι.
1109 4761 1216 4813 Τοῦ
1246 4778 1307 4813 τε
1354 4762 1462 4831 γάρ
1502 4756 1707 4831 θερμοῦ
1748 4756 1811 4812 τὸ

227 4846 649 4919 καθαρώτατον,
700 4849 793 4900 καὶ
832 4847 927 4900 τοῦ
972 4848 1138 4917 ὑγροῦ
1186 4846 1248 4901 τὸ
1298 4846 1622 4903 λεπτότατον
1679 4846 1809 4920 παρ’

227 4940 505 5011 ἑκατέρας
528 4937 810 5010 δυνάμεως
830 4939 918 4993 διά
943 4958 1088 5004 τινος
1127 4940 1324 5013 μίξςώς
1355 4957 1412 4996 τε
1450 4943 1543 4996 καὶ
1567 4942 1810 5012 ἀνακρά-

230 5049 381 5095 σεως
431 5028 737 5093 ἑνωθέντα,
785 5030 973 5102 τρέφει
1015 5048 1073 5084 τε
1105 5032 1200 5085 καὶ⁴
1248 5032 1527 5105 συνίστησι
1572 5032 1659 5086 διὰ
1704 5033 1811 5087 τῶν

227 5125 433 5195 ἀτμῶν
476 5121 569 5178 τὸν
598 5122 923 5193 ἐγκέφαλον.
971 5126 1091 5195 ’Δφ’
1124 5117 1185 5177 οὗ
1220 5125 1384 5179 πάλιν
1427 5125 1523 5178 ἐπὶ
1554 5125 1808 5197 καθαρώ-

228 5234 402 5270 τατον
430 5215 866 5287 ὲκλεπτυνομένη
907 5218 941 5287 ἡ
972 5217 1065 5270 ἀπ’
1105 5217 1313 5271 ἐκείνου
1344 5215 1594 5279 ἀνάδοσις
1616 5257 1631 5281 ,
1663 5217 1808 5271 ὑπαι-

226 5311 413 5380 λείφει
456 5307 550 5363 τὸν
587 5309 933 5380 περιεκτικὸν
986 5309 1079 5363 τοῦ
1128 5309 1432 5379 ἐγκεφάλου
1483 5309 1696 5380 ὑμένα,
1752 5310 1812 5374 δς

228 5402 449 5458 ἄνωθεν
474 5399 570 5454 ἐπὶ
597 5400 661 5454 τὸ
690 5400 852 5470 βάθος
877 5400 1165 5465 αὑλοειδῶς
1186 5402 1389 5472 διήκων
1407 5443 1421 5467 ,
1455 5403 1544 5456 διά
1570 5403 1678 5456 τῶν
1711 5418 1813 5456 κα-

232 5490 404 5564 θεξῆς
436 5490 767 5558 σπονδὺλων,
790 5492 979 5557 ἑαυτὸν
1008 5492 1064 5546 δὲ
1090 5491 1295 5547 καὶτὸν
1317 5495 1632 5564 ἐγκείμενον
1661 5493 1810 5564 αὐτῷ

234 5586 442 5657 μυελὸν
474 5585 759 5655 διεξάγων,
785 5584 848 5656 τῇ
881 5584 1036 5656 βάσει
1068 5586 1429 5655 συναπολήγει
1458 5588 1555 5656 τῆς
1579 5587 1807 5657 ῥάχεως·

232 5676 445 5743 πάσαις
476 5676 682 5734 ὀστέων
705 5694 764 5732 τε
783 5681 873 5733 καὶ
893 5679 1170 5749 ἁρμονιῶν
1192 5679 1505 5749 συμϐολαῖς,
1533 5679 1628 5733 καὶ
1658 5679 1810 5749 μυῶν

229 5777 438 5846 ἀρχαῖς
459 5766 571 5828 οἷόν
589 5790 673 5837 τις
692 5772 904 5843 ἡνίοχος
930 5748 1088 5834 αὑτδς
1108 5771 1336 5835 ἐνδιδοὺς
1359 5772 1457 5842 τῆς
1477 5748 1809 5826 καθέκαστον

232 5860 605 5937 κειήσεώςῖτε
644 5863 736 5915 καὶ
772 5862 1008 5927 στάσεως
1044 5860 1137 5933 τὴν
1168 5860 1341 5933 ὁρμὴν
1385 5862 1473 5913 καὶ
1515 5861 1611 5933 τὴν
1652 5862 1807 5915 δύνα-

1910 4687 2032 4741 qua:
2050 4670 2260 4725 cerebri
2278 4668 2632 4731 membranis,
2656 4670 2885 4738 ipsoque
2901 4666 3125 4721 cerebro
3144 4666 3482 4728 continetur,

1911 4781 1939 4817 a
1997 4776 2103 4832 qua
2159 4760 2437 4831 profectus
2476 4759 2660 4814 omnis
2701 4772 2991 4812 nervorum
3046 4765 3249 4819 motus,
3300 4758 3483 4811 omnis

1912 4855 2284 4908 musculorum
2308 4851 2635 4913 contractio,
2670 4850 2854 4904 omnis
2888 4848 3139 4918 spiritus,
3174 4847 3269 4918 qui
3301 4856 3484 4902 motus

1909 4957 1995 5003 est
2025 4947 2258 5017 singulis
2297 4945 2352 4999 in
2381 4944 2643 4999 membris
2669 4943 2956 5013 spontanei
2984 4958 3172 5007 causa,
3217 4941 3479 5002 elliciunt,

1913 5041 1989 5094 uti
2018 5038 2266 5109 corporis
2296 5036 2519 5092 humani
2552 5035 2818 5091 fabricata
2858 5033 2926 5089 de
2961 5045 3107 5089 terra
3138 5041 3320 5089 statua
3364 5034 3483 5088 suis

1914 5129 2224 5185 actionibus
2268 5136 2323 5184 et
2351 5135 2502 5183 motu
2555 5129 2627 5183 sit
2671 5126 2917 5196 praedita.
2960 5124 3016 5177 ln
3046 5126 3229 5181 calore
3258 5123 3479 5191 quidem

1913 5222 2058 5293 quod
2086 5228 2170 5276 cst
2198 5221 2354 5289 longe
2383 5219 2763 5290 purissimum,
2793 5227 2847 5273 et
2874 5218 2928 5271 in
2958 5218 3186 5271 humore
3216 5214 3479 5269 tenuissi-

1914 5328 2082 5379 mum,
2140 5322 2371 5383 utraque
2419 5312 2672 5367 mistione
2714 5312 2947 5381 quadam
3001 5324 3065 5363 ac
3112 5315 3480 5378 temperatura

1913 5407 2090 5466 unita,
2114 5406 2262 5460 velut
2283 5402 2590 5458 exhalando
2610 5404 2894 5457 cerebrum
2920 5402 3171 5456 nutriunt
3191 5410 3245 5455 et
3270 5399 3478 5452 fovent.

1913 5500 1995 5553 Ab
2034 5499 2137 5552 hoc
2174 5496 2362 5551 eadem
2397 5496 2557 5566 longe
2597 5495 2890 5564 purissime
2929 5500 3207 5549 attenuata
3238 5489 3477 5544 reddun-

1915 5600 2028 5654 tur,
2084 5599 2141 5644 ut
2190 5590 2561 5644 membranam
2618 5588 2797 5657 ipsum
2848 5586 3172 5639 ambientem
3226 5580 3475 5650 irrigent.

1915 5682 2041 5736 Haec
2084 5680 2153 5734 de
2200 5690 2353 5750 parte
2397 5679 2638 5735 hominis
2677 5678 2960 5748 superiore
2990 5675 3057 5728 ad
3090 5675 3196 5727 ima
3226 5673 3477 5736 tendens,

1916 5774 2217 5842 fistulaeque
2236 5773 2291 5825 in
2314 5771 2535 5826 modum
2558 5774 2845 5841 contiguas
2864 5769 3143 5823 vcrtcin'as
3165 5771 3477 5835 penetrans,

1916 5878 2040 5920 cum
2070 5862 2327 5928 medulla,
2358 5877 2518 5933 quam
2553 5863 2812 5943 continet,
2840 5861 2904 5916 ad
2928 5860 3113 5916 basem
3145 5872 3313 5929 usque
3335 5855 3489 5920 dorsi
