3996 6450
549 391 646 448 νει
1785 384 1842 439 S.
1884 381 2131 439 GBEGOI

2249 378 2540 438 NYSSENI
3689 375 3783 436 353

553 507 745 575 spime.
773 521 937 576 quam
961 513 1180 567 vocant.
1205 503 1386 560 delata
1409 502 1614 568 deficit,
1639 503 1758 574 ipsa
1775 503 1942 560 etiam
1966 503 2126 574 spina

2234 520 2345 574 μιν.
2375 501 2474 555 Διά
2504 500 2662 555 τοῦτό
2687 516 2776 572 μοι
2803 497 2952 553 δοκεῖ
2981 497 3076 553 καί
3095 495 3509 568 ἀσφαλεστέρας
3536 493 3786 565 ἠξιῶσθαι

553 616 621 653 eo
660 601 776 654 loco
795 599 1103 654 desinente.
1156 595 1378 652 Ossium
1407 597 1628 668 quidem
1663 607 1717 652 et
1740 595 2127 666 juncturarum

2233 594 2488 666 φρουρᾶς.
2525 592 2620 649 καὶ
2651 591 2792 645 κατὰ
2826 590 2926 662 μὲν
2955 589 3056 662 τὴν
3100 589 3342 659 κεφαλὴν
3367 587 3579 651 διπλαῖς
3602 587 3785 646 ὀστέων

556 693 612 746 in
647 707 878 762 corpore
916 690 1298 746 commissuris
1331 690 1608 752 omnibus,
1640 689 1878 759 itemque
1911 703 2130 742 muscu-

559 785 734 838 lorum
771 783 1050 854 principiis
1084 781 1152 836 ab
1177 782 1280 836 hac
1321 781 1658 845 membrana,
1713 788 1972 849 tanquam
2009 794 2132 833 om-

558 874 708 927 nium
741 873 1125 937 moderatrice,
1158 874 1223 928 ad
1249 873 1548 943 quemlibet
1585 881 1791 927 motum
1829 888 1894 927 ac
1920 873 2136 942 requie~

555 971 664 1019 tem
705 963 936 1018 facultas
967 963 1193 1019 inditur.
1241 963 1372 1016 Eam
1409 961 1479 1015 ob
1502 977 1747 1026 causam,
1778 960 1845 1015 de
1878 959 1983 1013 nu-i
2013 959 2128 1029 qui-

557 1052 676 1110 dem
707 1055 877 1110 animi
919 1055 1148 1125 judicio,
1191 1054 1392 1112 muniri
1421 1053 1564 1108 hanc
1613 1053 1777 1107 etiam
1808 1054 1979 1123 magis
2027 1051 2127 1104 ali-

2228 685 2540 758 περιϐολαῖς
2581 686 2640 737 ὲν
2671 683 2856 754 κύκλῳ
2883 681 3286 754 διειλημμένος,
3319 682 3378 734 ὲν
3411 679 3468 734 δὲ
3492 680 3604 741 τοῖς
3640 695 3783 730 σπονο

2228 777 2405 840 δύλοις
2430 779 2552 839 ταῖς
2585 793 2644 833 τε
2671 773 2781 830 τῶν
2811 773 3063 830 ἀκανθῶν
3100 771 3393 844 προϐολαῖς
3421 771 3517 825 καὶ
3545 772 3664 834 ταῖς
3697 787 3784 825 πο-

2231 867 2524 940 λυτρόποις
2549 865 2692 921 κατά
2715 865 2778 919 τὸ
2800 865 2986 936 σχῆμα
3011 863 3354 927 διαπλοκαῖς.
3377 861 3444 914 δι’
3461 853 3537 914 ὧν
3565 861 3626 915 ἐν
3663 861 3786 913 ἁπα-

2235 959 2355 1032 θείᾳ
2406 958 2556 1033 πάσῃ
2589 957 2950 1028 φυλάττεται,
2984 955 3074 1010 διὰ
3105 955 3206 1026 τῆς
3240 953 3602 1027 περιεχούσης
3643 953 3785 1010 αὐτδν

2232 1053 2475 1124 φρουρᾶς
2499 1052 2559 1105 τὸ
2582 1051 2820 1122 ἀσφαλὲς
2855 1049 3016 1121 ἔχων.

557 1152 781 1211 quanto,
808 1161 975 1216 quam
999 1146 1239 1200 membra
1269 1154 1485 1206 caetera,
1517 1144 1894 1199 conveniebat.
1928 1141 2118 1213 Itaque
2152 1143 2206 1197 in
2237 1144 2418 1214 capite
2443 1143 2650 1215 duplici
2669 1143 2884 1199 ossium
2912 1141 3120 1197 ambitu
3145 1139 3292 1196 omni
3336 1155 3402 1195 ex
3456 1149 3614 1210 parte
3659 1153 3787 1193 com-

557 1235 931 1307 prehenditur,
966 1236 1020 1290 in
1064 1237 1336 1293 vertebris
1380 1253 1550 1308 quum
1607 1236 1938 1292 exstantium
2005 1233 2168 1288 veluti
2203 1235 2487 1305 spinarum
2535 1233 2986 1307 propugnaculis,
3042 1241 3156 1290 tum
3205 1231 3488 1303 multiplici
3563 1231 3790 1302 ipsarum

559 1329 930 1383 vertebrarum
991 1329 1135 1383 inter
1195 1344 1316 1383 sese
1377 1344 1516 1382 nexu
1555 1344 1570 1381 :
1617 1345 1727 1398 quo
1765 1329 1852 1390 fit,
1911 1334 1970 1381 ut
2017 1328 2087 1382 ab
2136 1328 2226 1382 illa
2269 1343 2485 1384 omnem
2539 1329 2796 1400 injuriam
2847 1330 2984 1398 haec,
3019 1345 3127 1401 qua
3166 1329 3287 1385 lwdi
3330 1334 3538 1399 posset,
3587 1339 3792 1382 arceant

557 1419 800 1489 adeoque
831 1427 942 1474 tuta
992 1420 1087 1486 sit,
1145 1420 1380 1490 quodam
1422 1420 1579 1490 quasi
1633 1422 1888 1492 praesidio
1928 1422 2100 1492 ipsam
2129 1421 2369 1494 undique
2388 1424 2652 1494 sepiente.

628 1511 774 1566 Idem
825 1511 892 1567 de
939 1512 1104 1567 corde
1149 1512 1274 1565 licet
1313 1510 1649 1578 existimare,
1700 1527 1823 1566 esse
1873 1512 2130 1566 nimirmu

559 1603 663 1657 hoc
693 1605 864 1659 instar
896 1605 1118 1659 munita:
1159 1603 1357 1659 domus
1387 1604 1537 1658 omni
1573 1620 1638 1658 ex
1690 1612 1844 1674 parte
1881 1617 2131 1672 compre-

558 1695 791 1750 hensum
835 1696 1138 1763 aptissime,
1169 1712 1234 1750 ac
1259 1696 1658 1750 circumdatum
1689 1695 1758 1748 ab
1783 1694 2001 1749 ossibus
2028 1693 2132 1748 du-

560 1788 817 1843 rissimis.
851 1787 987 1842 Nam
1020 1803 1050 1840 a
1090 1797 1244 1859 tergo
1278 1788 1434 1859 spina
1473 1793 1560 1842 est
1587 1787 1758 1848 dorsi,
1784 1801 1948 1857 quam
1981 1797 2129 1840 utra-

2311 1515 2543 1585 Ὁμοίως
2567 1515 2612 1568 δ’
2632 1515 2699 1570 ἀν
2726 1533 2812 1580 τις
2837 1515 2932 1569 καὶ
2951 1515 3196 1588 περὶτῆς
3221 1513 3446 1586 καρδίας
3469 1513 3792 1586 στοχάσαιτο,

2226 1606 2307 1660 ὅτι
2341 1605 2588 1676 καθάπερ
2615 1624 2698 1671 τις
2717 1601 2864 1670 οἶκος
2893 1605 3142 1677 ἀσφαλὴς
3171 1605 3309 1678 αὕτη
3342 1605 3431 1660 διὰ
3448 1605 3560 1660 τῶν
3589 1608 3795 1678 στερροο

2227 1694 2407 1748 τάτων
2437 1695 2820 1768 περιηρμόσθη
2851 1699 2972 1760 ταῖς
3005 1697 3115 1752 τῶν
3144 1697 3346 1750 ὀστέων
3385 1697 3444 1750 ὲν
3490 1695 3678 1768 κύκλῳ
3712 1714 3795 1750 πει

2231 1789 2435 1858 ριοχαῖς
2461 1788 2815 1862 ὠχυρωμένη.
2848 1789 3092 1844 Κατόπιν
3123 1789 3219 1860 μὲν
3248 1788 3357 1859 γάρ
3397 1790 3544 1843 ἐστιν
3574 1791 3609 1861 ἡ
3654 1792 3798 1862 ῥάχις

558 1896 667 1950 que
705 1891 857 1950 parte
910 1887 1084 1934 tutam
1133 1881 1374 1950 scapulae
1424 1880 1680 1936 reddunt.
1733 1879 1900 1935 Latus
1947 1886 2130 1934 autem

2233 1880 2348 1942 ταῖς
2391 1878 2744 1949 ὡμοπλάταις
2799 1879 3138 1953 ἑκατέρωθεν
3191 1880 3608 1952 ἡσφαλισμένη.
3674 1883 3796 1937 Καθ’

563 1983 852 2042 utrumque
878 1981 1048 2027 costa:
1073 1974 1394 2043 complexae,
1429 1971 1576 2043 quod
1624 1973 1769 2028 inter
1805 1972 1904 2026 has
1954 1971 2132 2027 medio

558 2065 680 2120 loco
713 2064 1050 2130 continetur,
1086 2080 1156 2120 ne
1187 2065 1318 2134 quid
1352 2065 1550 2119 diversi
1581 2064 1840 2135 patiatur,
1869 2063 2130 2117 efﬁciunt.

561 2159 720 2212 l’arle
758 2158 994 2227 denique
1037 2159 1216 2211 antica
1249 2165 1441 2226 pectus
1469 2164 1524 2212 et
1563 2156 1705 2211 bina:
1734 2155 2013 2210 claviculas
2038 2170 2134 2210 cor

562 2251 838 2314 uumiunt,
879 2258 939 2302 ut
972 2250 1073 2304 hoc
1105 2248 1266 2302 modo
1295 2256 1470 2303 tutum
1498 2249 1740 2318 undique
1771 2247 1910 2302 foret
1937 2246 2135 2302 adver-

564 2359 662 2397 sus
711 2357 802 2397 res
840 2357 1053 2402 omnes.
1109 2358 1230 2410 qua:
1279 2356 1368 2396 res
1419 2342 1520 2411 ipsi
1550 2342 1634 2396 vel
1684 2340 2010 2402 molestiam,
2050 2339 2135 2394 vel

562 2435 765 2488 malum
799 2435 964 2488 etiam
1012 2449 1203 2490 creare
1247 2443 1492 2503 possent.
1525 2431 1593 2486 Ut
1625 2442 1805 2488 autem
1842 2433 1895 2486 in
1921 2432 2137 2502 agrico-

561 2524 764 2581 latione
789 2525 1033 2579 videmus
1055 2525 1123 2578 ab
1154 2523 1326 2578 imbre
1351 2524 1434 2578 vel
1457 2523 1754 2578 rivulorum
1799 2523 2138 2578 immissione

563 2628 766 2696 terram
814 2616 1067 2686 irrigari:
1115 2617 1264 2685 (nam
1317 2623 1439 2670 esto
1469 2613 1692 2686 quidam
1741 2614 1900 2668 nobis
1943 2614 2138 2669 hortus

563 2710 899 2780 propositus,
938 2709 994 2762 in
1027 2722 1138 2777 quo
1169 2706 1334 2762 variae
1361 2706 1474 2762 sint
1518 2707 1757 2761 maximo
1789 2721 2022 2761 numero
2049 2721 2136 2761 ar-

563 2806 724 2860 bores
753 2803 993 2873 itemque
1025 2815 1208 2856 rerum
1230 2801 1411 2855 omnis
1431 2797 1648 2868 generis
1679 2814 1711 2853 e
1740 2807 1885 2853 terra
1909 2812 2138 2852 nascen-

559 2894 944 2966 tiumspecies.
990 2907 1112 2964 quae
1145 2891 1374 2962 singulae
1399 2889 1597 2955 forma,
1641 2889 1920 2962 qualitate.
1954 2889 2138 2944 colore

559 2987 852 3057 plurimum
907 2983 1200 3040 differant:
1253 2990 1332 3037 tot
1392 2997 1480 3037 res
1543 2995 1668 3035 cum
1737 2979 1984 3049 ejusdem
2031 2981 2136 3035 loci

560 3079 874 3133 nutriantur
908 3077 1158 3137 humore,
1206 3073 1287 3128 vis
1320 3081 1498 3128 tamen
1545 3071 1662 3127 htec
1690 3087 1859 3126 succo
1889 3088 1992 3128 suo
2021 3072 2138 3129 sin-

559 3171 683 3239 gula
751 3169 969 3239 rigans.
1023 3173 1220 3220 natura
1277 3179 1378 3220 sua
1435 3164 1624 3218 eadem
1684 3172 1769 3220 est
1809 3181 1824 3219 :
1872 3179 1995 3218 cum
2048 3180 2136 3220 res

2234 1971 2494 2044 ἑκάτερον
2515 1973 2574 2027 δὲ
2603 1973 2829 2042 πλάγιον
2850 1975 2884 2044 ἡ
2909 1973 3018 2027 τῶν
3047 1973 3296 2047 πλευρῶν
3327 1973 3474 2039 θέσις
3505 1973 3796 2044 περιπτύσ-

2236 2081 2405 2119 σουσα
2437 2063 2500 2117 τὸ
2531 2064 2695 2135 μέσον
2726 2065 2997 2131 δυσπαθὲς
3037 2066 3430 2138 ἀπεργάζεται.
3490 2067 3580 2121 Ἐν
3608 2067 3671 2120 δὲ
3701 2070 3798 2130 τοῖς

2235 2157 2575 2230 ἔμπροσθεν,
2611 2158 2674 2210 τὸ
2721 2155 2949 2230 στέρνον
2984 2158 3080 2212 καὶ
3112 2159 3146 2230 ἡ
3179 2159 3280 2228 τῆς
3332 2158 3540 2222 κλειδὸς
3581 2157 3800 2226 συζυγία

2235 2249 2624 2322 προϐέϐληται,
2655 2248 2731 2313 ὡς
2746 2249 2813 2304 ἂν
2837 2249 3170 2320 πανταχόθεν
3195 2251 3334 2320 αὐτῇ
3351 2251 3413 2304 τὸ
3437 2250 3682 2320 ἀσφαλὲς
3709 2251 3804 2304 ἀπὸ

2235 2339 2343 2394 τῶν
2375 2340 2574 2405 ἔξωθεν
2608 2337 2962 2410 διοχλούντων
3009 2339 3357 2409 φυλάσσοιτο.
3393 2335 3520 2393 Οἷον
3565 2339 3623 2393 δὲ
3678 2340 3804 2394 κατᾶ

2235 2433 2333 2504 τὴν
2366 2432 2640 2504 γεωργίαν
2667 2433 2813 2486 ἔστιν
2854 2431 2982 2487 ἰδεῖν
3001 2473 3017 2497 ,
3042 2433 3142 2504 τῆς
3172 2434 3237 2487 ὲκ
3275 2432 3452 2503 νεφῶν
3481 2431 3800 2504 ἐπομϐρίας,

2235 2525 2270 2596 ἢ
2300 2525 2400 2594 τῆς
2425 2525 2532 2578 τῶν
2559 2524 2763 2595 ὀχετῶν
2810 2525 3074 2596 ἐπιρροῆς
3122 2523 3406 2596 διάϐροχον
3440 2523 3705 2593 ποιούσης
3754 2522 3807 2577 τὸ

2236 2612 2614 2684 ὑποκείμενον.
2647 2613 2837 2684 Κῆπος
2864 2613 2922 2667 δέ
2947 2631 3032 2677 τις
3058 2613 3368 2667 ὑποκείσθω
3391 2613 3470 2685 τῷ
3499 2613 3650 2686 λόγῳ
3670 2652 3685 2676 .
3711 2633 3803 2686 μυ-

2239 2705 2363 2777 ρίας
2409 2706 2508 2777 μὲν
2533 2705 2765 2778 δένδρων
2801 2705 3094 2778 διαφορὰς,
3127 2701 3478 2771 παντοδαπὰς
3508 2707 3567 2760 δὲ
3605 2707 3718 2760 τῶν
3750 2709 3809 2761 ὲκ

2236 2798 2342 2868 γῆς
2382 2799 2671 2869 φυομένων
2708 2798 2852 2862 ἰδέας
2896 2800 2956 2852 ὲν
3006 2799 3186 2871 ἑαυτῷ
3221 2800 3462 2872 τρέφων,
3497 2793 3575 2854 ὧν
3621 2800 3719 2854 καὶ
3755 2799 3809 2853 τὺ

2239 2890 2450 2962 σχῆμα,
2488 2889 2582 2944 καὶ
2617 2892 2652 2960 ἡ
2697 2891 2921 2961 ποιότης
2941 2931 2956 2955 ,
2986 2892 3084 2945 καί⁵
3113 2893 3148 2963 ἡ
3184 2893 3284 2964 τῆς
3313 2892 3484 2964 χρόας
3525 2891 3727 2962 ἰδιότης
3754 2893 3807 2946 ἰν

2237 2982 2408 3054 πολλῇ
2440 2982 2672 3054 διαφορᾷ
2704 2985 2816 3047 τοῖς
2842 2983 3182 3038 καθέκαστον
3215 2984 3589 3058 ὲνθεωρεῖται.
3619 2985 3808 3039 Tomi-

2237 3092 2344 3128 των
2363 3075 2542 3129 τοίνυν
2562 3074 2702 3128 κατὰ
2727 3074 2820 3129 τὸν
2845 3075 2943 3129 ἕνα
2967 3075 3146 3147 χῶρον
3170 3075 3248 3148 τῷ
3262 3076 3417 3150 ύγρῷ
3434 3076 3805 3148 τρεφομένων,

2236 3169 2272 3237 ἡ
2311 3169 2408 3238 μὲν
2437 3167 2827 3232 ὐπονοτίζουσα
2872 3167 2945 3222 τά
2985 3168 3110 3222 καθ’
3138 3169 3370 3222 ἕκαστον
3397 3168 3635 3240 δύναμις
3660 3210 3677 3236 ,
3717 3169 3808 3240 μία

561 3263 693 3332 ipsae
741 3277 862 3332 qua!
925 3260 1278 3323 nutriuntur,
1345 3271 1570 3314 succum
1632 3256 1884 3312 haustqu
1951 3257 2131 3313 diver-

2233 3277 2318 3325 τις
2365 3261 2508 3314 κατὰ
2550 3261 2652 3330 τὴν
2699 3260 2861 3329 φύσιν
2911 3261 3088 3315 ἐστίν’
3123 3263 3159 3332 ἠ
3205 3261 3264 3315 δὲ
3307 3261 3419 3316 τῶν
3459 3261 3808 3334 τρεφομένων

559 3371 653 3411 sas
701 3354 756 3408 in
818 3353 1112 3424 qualitates
1165 3356 1519 3404 commutent.
1586 3348 1734 3403 Idem
1779 3364 2016 3418 namque
2077 3349 2133 3404 in

561 3445 837 3501 absinthio
871 3444 1209 3498 convertitur
1252 3442 1307 3495 in
1335 3455 1638 3496 amarorem
1665 3459 1680 3494 :
1727 3439 1782 3495 in
1808 3440 1988 3496 cicuta
2019 3457 2136 3496 suc-

560 3554 662 3593 cus
711 3537 963 3600 eﬂicitur,
1013 3537 1106 3607 qui
1142 3534 1420 3590 interitum
1455 3532 1644 3587 affert:
1691 3533 1746 3586 in
1791 3533 1914 3590 aliis
1963 3533 2134 3600 aliud,

559 3631 710 3687 verbi
741 3630 936 3702 gratia,
969 3631 1024 3684 in
1057 3642 1242 3690 croco,
1273 3626 1538 3690 balsamo,
1575 3641 1877 3695 papavere:
1925 3642 2048 3681 nam
2079 3627 2134 3683 in

561 3725 649 3781 bis
678 3724 786 3777 vim
816 3723 1048 3778 calidam
1085 3719 1338 3790 acquirit,
1370 3720 1424 3773 in
1461 3719 1568 3773 illis
1595 3717 1868 3789 frigidam,
1917 3719 1970 3773 in
2007 3719 2133 3775 aliis

559 3821 940 3886 temperatam.
991 3811 1049 3866 In
1096 3811 1272 3877 lauro,
1313 3809 1367 3862 in
1403 3808 1572 3877 junco
1624 3808 1874 3870 odorato,
1926 3808 1979 3862 in
2011 3809 2134 3864 aliis

561 3907 873 3977 hujusmodi
906 3903 1260 3978 fragrantiam
1281 3901 1446 3956 habet
1471 3918 1484 3954 :
1509 3900 1562 3954 in
1590 3900 1691 3955 lico
1719 3910 1774 3954 et
1799 3913 1932 3970 pyro
1954 3899 2133 3954 dulci-

559 4003 824 4056 tudinem.
867 3998 924 4053 ln
956 4001 1065 4052 vite
1092 3994 1432 4052 convertitur
1466 3993 1522 4046 in
1564 3993 1781 4046 bntrum
1827 4007 1893 4046 ac
1922 3992 2129 4046 viuum.

562 4094 736 4148 Etiam
769 4097 1136 4147 commutatur
1186 4088 1240 4143 in
1270 4101 1496 4141 succum
1526 4083 1673 4143 mali.
1722 4085 1776 4138 iu
1813 4083 2130 4139 rubediuem

562 4204 721 4249 i-nsze,
767 4186 820 4238 in
847 4181 1194 4254 splendidum
1241 4179 1338 4234 lilii
1383 4179 1701 4239 candorem,
1743 4177 1797 4231 in
1840 4177 2130 4231 caeruleum

561 4281 739 4343 violte,
780 4280 836 4332 in
877 4289 1209 4348 purpureum
1261 4271 1540 4344 hyacinthi
1576 4271 1837 4326 colorem.
1893 4269 2133 4340 Denique

561 4369 817 4424 universa
853 4381 975 4437 qua!
999 4376 1147 4420 terra
1184 4363 1414 4434 profert,
1457 4376 1770 4432 quanquam
1800 4360 1869 4415 ab
1901 4377 2010 4415 uno
2038 4350 2134 4417 eo-

560 4462 794 4528 demque
843 4459 1074 4512 humore
1127 4455 1488 4522 proveniant:
1523 4452 1898 4508 diversissima
1950 4461 2159 4508 tamen“

558 4552 891 4610 ofliciuntur.
925 4549 1042 4605 sive
1073 4547 1323 4619 figuram,
1362 4546 1479 4601 sive
1520 4543 1779 4614 speciem,
1811 4543 1929 4599 sive
1957 4544 2132 4614 quali-

559 4652 699 4700 tates
724 4642 1063 4712 singulorum
1088 4639 1358 4710 spectes.)

633 4730 1263 4804 Huiusmodi-quoddam
1294 4737 1486 4785 nostro
1525 4727 1691 4783 etiam
1733 4727 1787 4781 in
1819 4741 1973 4799 agro,
2031 4727 2126 4782 illo

559 4829 782 4899 inquam
823 4827 1081 4888 animato,
1128 4823 1507 4877 admirandum
1549 4836 1690 4892 opus
1737 4828 1948 4875 natura!
1995 4836 2130 4876 con-

515 4903 817 4992 spicitur:
881 4926 1088 4972 natura:
1131 4915 1298 4970 dico?
1351 4914 1461 4968 imo
1511 4929 1642 4970 vero
1695 4913 1870 4983 ipsius
1918 4921 2127 4968 natura:

560 5013 794 5068 Domini.
842 5008 1002 5073 Ossa,
1052 5005 1422 5076 cartilagines,
1461 5021 1630 5070 vente,
1671 5005 1908 5070 arteriae,
1949 5005 2123 5069 nervi,

556 5109 872 5176 ligamenta.
913 5115 1128 5164 carnes,
1173 5099 1336 5163 cutis,
1369 5097 1714 5169 pinguitudo,
1765 5098 1971 5168 capilli,
2007 5112 2128 5150 mu-

555 5198 716 5255 sculi.
740 5211 971 5263 ungues.
993 5192 1160 5255 oculi,
1184 5206 1366 5253 nares,
1389 5205 1572 5252 aures,
1596 5189 1911 5257 huiusmodi
1931 5199 2126 5243 caatera

556 5303 786 5346 numero
815 5301 982 5358 prope
1004 5283 1236 5343 inlinita,
1267 5282 1500 5338 diversis
1525 5296 1556 5335 a
1584 5296 1644 5336 se
1667 5280 1898 5334 invicem
1930 5279 2127 5335 distin-

553 5391 642 5436 cta
681 5378 1127 5450 proprietatibus,
1155 5390 1266 5429 una
1299 5373 1657 5428 nihilominus
1699 5372 1997 5440 eademque
2024 5370 2125 5424 ali-

557 5475 722 5528 menti
747 5473 949 5542 speeie,
974 5476 1136 5540 prout
1153 5469 1395 5538 ipsorum
1417 5476 1612 5521 natura
1633 5465 1756 5528 fert,
1778 5465 2118 5518 nutriuntur:

555 5566 628 5618 ita
657 5571 715 5616 ut
753 5563 908 5618 cibus
946 5576 1070 5615 cum
1100 5574 1130 5612 a
1163 5558 1423 5614 membris
1467 5557 1697 5627 singulis
1745 5571 1914 5626 prope
1940 5556 2116 5619 abest,

553 5655 678 5720 ejus
717 5653 770 5706 in
802 5659 1054 5704 naturam
1083 5656 1458 5710 convertatur,
1506 5647 1594 5700 cui
1635 5662 1756 5701 sese
1790 5645 2124 5714 adjunxerit.

559 5747 616 5799 Si
647 5745 711 5798 ad
738 5744 955 5798 oculum
983 5741 1284 5802 deferatur,
1311 5740 1456 5794 oculi
1487 5740 1552 5792 ad
1581 5748 1830 5793 naturam
1859 5747 2126 5808 tempera-

539 5847 679 5891 tur:
717 5843 770 5892 ct
823 5845 982 5906 prout
1025 5835 1155 5905 ipsa:
1189 5834 1242 5890 in
1282 5834 1441 5891 oculo
1475 5834 1677 5888 tunicae
1721 5831 1951 5888 diversa:
2000 5839 2127 5886 sunt

2238 3355 2436 3424 ἰδιότης
2455 3393 2472 3417 ,
2506 3356 2585 3418 εἰς
2613 3353 2901 3425 διαφόρους
2935 3353 2999 3408 τὸ
3027 3354 3193 3426 ὑγρὸν
3237 3355 3566 3426 μεταϐάλλει
3598 3355 3811 3426 ποιότηο

2233 3465 2350 3511 τας.
2383 3447 2456 3501 Τὸ
2492 3447 2601 3518 γὰρ
2632 3447 2766 3502 αὐτὸ
2815 3447 3164 3519 πικραίνεται
3210 3447 3310 3518 μὲν
3350 3447 3411 3501 ὲν
3454 3449 3522 3519 τῇ
3567 3447 3806 3518 ἀψίνθῳο

2234 3539 2316 3602 εἰς
2349 3538 2674 3610 φθοροποιὸν
2705 3537 2763 3592 δὲ
2797 3537 2968 3610 χυμὸν
3007 3540 3067 3593 ὲν
3094 3538 3173 3610 τῷ
3206 3539 3420 3610 κωνείῳ
3458 3538 3809 3610 μεθίσταται·

2235 3625 2329 3678 καὶ
2369 3623 2495 3678 ἀλλο
2523 3626 2581 3678 ἐν
2611 3625 2755 3696 ἀλλῳ
2796 3625 3026 3694 γίνεται,
3061 3629 3121 3680 ὲν
3147 3626 3368 3699 κρόκῳ,
3407 3629 3467 3683 ὲν
3507 3627 3808 3707 βαλσάμῳ,

2233 3713 2293 3768 ὲν
2343 3714 2582 3782 μήκωνι.
2623 3712 2713 3784 Τῷ
2749 3713 2848 3785 μὲν
2875 3715 2986 3787 γὰρ
3011 3714 3430 3786 ἐκθερμαίνεται
3450 3755 3465 3781 ,
3494 3717 3578 3787 τῷ
3614 3717 3674 3771 δὲ
3706 3735 3812 3771 κα-

2231 3804 2552 3876 ταψύχεται,
2568 3805 2646 3877 τῷ
2666 3806 2724 3861 δὲ
2747 3808 2919 3879 μέσην
2949 3808 3063 3879 ἔχει
3091 3809 3373 3880 ποιότητα.
3400 3810 3512 3865 Καὶ
3533 3813 3594 3865 ὲν
3616 3811 3807 3884 δάφνῃ.

2233 3897 2327 3950 καὶ
2355 3897 2415 3951 ἐν
2446 3897 2639 3968 σχοίνῳ
2657 3939 2673 3964 ,
2713 3902 2809 3952 καὶ
2835 3901 2948 3962 τοῖς
2977 3899 3237 3965 τοιούτοις
3277 3899 3508 3956 εὔπνουν
3544 3903 3696 3957 ἐστίν
3715 3917 3730 3934 ⁸
3758 3904 3811 3956 ἑν

2235 3988 2372 4056 συκῇ
2405 3986 2464 4041 δὲ
2489 3986 2584 4039 καὶ
2605 3987 2736 4058 ὄχνῃ
2768 3986 3196 4060 κατεγλυκάνθη.
3233 3989 3344 4042 Καὶ
3373 3987 3465 4041 διὰ
3493 3987 3600 4059 τῆς
3627 3987 3809 4058 ἀμπέο

2231 4077 2324 4135 λου
2355 4081 2550 4152 βότρυς
2572 4081 2667 4134 καὶ
2693 4076 2833 4144 οἶνος
2862 4079 3077 4149 ἐγένετο
3093 4098 3107 4111 ο
3141 4081 3235 4134 καί
3261 4082 3290 4134 ό
3308 4080 3402 4133 τοῦ
3430 4080 3607 4152 μήλου
3632 4080 3810 4152 χυλις.

2232 4175 2329 4230 καὶ
2360 4175 2422 4229 τὸ
2451 4174 2544 4228 τοῦ
2573 4174 2724 4246 ῥόδου
2760 4173 3070 4246 ἐρύθρημα,
3105 4175 3199 4229 καί
3228 4173 3290 4227 τὸ
3320 4173 3416 4228 τοῦ
3449 4174 3644 4245 κρίνου
3678 4174 3812 4244 λαμ·

2232 4268 2393 4340 πρὺν,
2426 4268 2521 4322 καί
2549 4268 2613 4322 τὸ
2658 4265 2912 4331 κυανίζον
2955 4265 3052 4320 τοῦ
3085 4267 3165 4320 ῑου
3186 4307 3201 4329 ,
3236 4267 3331 4321 καὶ
3375 4267 3438 4320 τὸ
3471 4269 3813 4338 πορφυραῖον

2230 4360 2332 4431 τῆς
2374 4359 2629 4412 ὑακίνθου
2667 4358 2844 4430 βαφῆς
2867 4399 2883 4423 ,
2917 4359 3013 4412 καί⁸
3059 4357 3222 4412 πάνθ’
3263 4360 3363 4412 ὅσα
3402 4359 3546 4413 κατά
3575 4360 3680 4431 τὴν
3711 4359 3812 4428 γῆν

2231 4453 2380 4506 ἔστιν
2413 4453 2560 4517 ἰδεῖν,
2592 4453 2658 4504 ὲκ
2696 4453 2825 4522 μιᾶς
2853 4451 2948 4505 καί
2971 4451 3072 4521 τῆς
3100 4450 3271 4521 αὐτῆς
3314 4451 3544 4522 ἰκμάδος
3569 4450 3812 4506 ἁνασλα-

2237 4543 2499 4597 στάνοντα
2521 4583 2535 4606 ,
2561 4543 2640 4604 εἰς
2658 4539 2926 4604 τοσαύτας
2949 4539 3213 4610 διαφοράς
3241 4539 3383 4593 κατά
3410 4556 3470 4591 τε
3495 4538 3559 4592 τὸ
3587 4539 3777 4620 σχῆμα
3792 4578 3807 4601 ,

2238 4632 2418 4686 καὶτὸ
2449 4628 2609 4695 εἶδος,
2636 4631 2732 4686 καί
2761 4631 2862 4694 τάς
2893 4631 3186 4702 ποιότητας
3215 4629 3576 4700 διακρίνεται.

2307 4721 2558 4776 Τοιοῦτόν
2586 4739 2640 4775 τι
2664 4723 2756 4775 καὶ
2793 4721 2934 4776 κατὰ
2967 4722 3067 4792 τὴν
3093 4720 3332 4791 ἔμψυχον
3379 4719 3537 4789 ἡμῶν
3570 4720 3812 4791 ἄρουραν

2235 4815 2714 4884 θαυματοποιεῖται
2751 4813 2903 4883 παρά
2931 4813 3031 4882 τῆς
3065 4813 3310 4881 φύσεως,
3347 4811 3548 4880 μᾶλλον
3569 4811 3627 4864 δὲ
3661 4810 3811 4882 παρά

2233 4905 2326 4958 τοῦ
2369 4905 2638 4958 Δεσπότου
2675 4905 2908 4972 φύσεως.
2949 4904 3142 4956 Ὀστέα
3172 4902 3269 4956 καὶ
3305 4902 3547 4974 χόνδροι,
3577 4901 3807 4971 φλέϐες,

2231 4998 2522 5070 ἀρτηρίαι,
2550 4997 2751 5069 νεῦρα,
2779 4996 3084 5066 σύνδεσμοι,
3131 4997 3354 5068 σάρκες,
3395 4995 3592 5067 δέρμα,
3640 5011 3804 5065 πιμε-

2231 5088 2353 5153 λαὶ,
2386 5090 2600 5161 τρίχες,
2635 5089 2816 5152 ἁδένες
2837 5131 2852 5150 ,
2883 5088 3093 5159 ὄνυχες,
3149 5087 3452 5159 ὀφθαλμοὶ,
3487 5086 3804 5159 μυκτῆρες.

2229 5177 2374 5249 ὦτα,
2432 5183 2611 5238 πάντα
2668 5181 2738 5236 τά
2794 5181 3018 5235 τοιαῦτα
3043 5223 3057 5247 ,
3112 5181 3207 5234 καὶ
3277 5181 3446 5252 μυρία
3500 5181 3639 5252 πρὸς
3694 5179 3808 5232 τού⁹

2227 5294 2336 5340 τοις
2390 5275 2526 5336 ἄλλα
2577 5274 2856 5346 διαφόροις
2913 5273 3168 5341 ἰδιότησιν
3235 5271 3330 5326 ἀπ’
3406 5271 3656 5342 ἀλλήλων
3726 5286 3812 5322 κει

2227 5366 2577 5438 χωρισμένα,
2634 5365 2736 5434 μιᾷ
2774 5367 2841 5434 τῇ
2891 5364 2989 5434 τῆς
3038 5363 3248 5434 τροφῆς
3287 5361 3400 5433 ἰδέα
3455 5361 3809 5431 καταλλήλως

2225 5461 2292 5528 τῇ
2338 5455 2546 5513 ἑαυτῶν
2597 5455 2857 5526 τρέφεται
2905 5453 3094 5524 φύσει,
3137 5453 3212 5517 ὡς
3255 5453 3468 5522 ἑκάστῳ
3526 5453 3636 5505 τῶν
3678 5453 3806 5504 ύπο-

2220 5550 2486 5621 κειμένων
2541 5549 2641 5618 τὴν
2695 5547 2902 5619 τροφὴν
2962 5546 3416 5616 προσεγγίσασαν
3441 5583 3458 5608 ,
3517 5537 3674 5613 ᾧπερ
3743 5541 3807 5595 ἂν

2220 5641 2525 5714 ὲμπελάσῃ,
2556 5643 2677 5695 κατ’
2722 5642 2896 5692 ἐκεῖνο
2929 5640 3025 5693 καὶ
3063 5637 3429 5701 ἀλλοιοῦσθαι,
3470 5635 3683 5689 οἰκείαν
3715 5634 3808 5687 καὶ

2225 5731 2445 5801 συμφυῆ
2486 5733 2548 5800 τῇ
2601 5729 2698 5783 τοῦ
2735 5729 2934 5801 μέρους
2987 5729 3209 5797 ἰδιότητι
3248 5727 3561 5798 γινομένην.
3591 5726 3660 5778 Εἰ
3694 5722 3804 5795 γὰρ

2228 5826 2366 5881 κατὰ
2393 5826 2482 5879 τὸν
2508 5822 2787 5894 ὀφθαλμὸν
2825 5823 3054 5894 γένοιτο,
3093 5821 3170 5894 τῷ
3194 5820 3436 5894 ὁρατικῷ
3468 5819 3642 5893 μορίῳ
3678 5831 3805 5888 συγ·
