3996 6500
234 457 318 515 εδδ
1379 437 1466 491 DE
1506 436 1719 492 ΙΙΟΜΙΝ
1730 438 1764 492 ιε

1864 436 2132 494 ΓΡΙΙΓΙΟΙΟ.

3336 438 3443 492 9ῢό

232 558 528 633 κατεκράθη,
554 553 773 607 καὶτῶν
807 554 933 624 περὶ
962 551 1051 606 τὸν
1073 551 1346 623 ὀφθαλμὸν
1372 551 1613 622 χιτώνων
1641 556 1761 615 ταῖς

1864 553 2006 607 inter
2054 567 2132 613 se,
2193 550 2272 604 sic
2313 548 2479 603 etiam
2526 542 2921 603 nutrimentum
2962 544 3175 602 ratione
3206 548 3443 618 singulis

231 653 478 725 διαφοραῖς
517 645 729 708 οἰκείως
776 647 856 708 είς
900 645 1128 698 ἕκαστον
1176 644 1565 716 κατεμερίσθη.
1598 646 1661 701 Εἰ
1703 646 1762 698 δὲ

230 754 323 811 τοῖς
353 742 479 798 κατὰ
503 739 599 810 τὴν
628 738 796 809 ἀκοὴν
831 738 1051 810 μέρεσιν
1081 738 1336 808 ἐπιρρυῇ,
1368 740 1433 807 τῇ
1466 738 1761 809 ἀκουστιχῇ

228 832 594 905 καταμίγνυται
634 828 792 898 φύσει
815 844 829 858 ο
881 828 974 881 καὶ
1014 828 1072 879 ἐν
1104 826 1268 897 χείλει
1302 826 1612 896 γενόμενον,
1653 830 1764 897 χεῖ-

226 935 302 989 λος
325 928 551 994 ἐγένετο·
579 920 672 973 καὶ
701 921 757 972 ὲν
793 918 963 988 ὀστέῳ
998 920 1264 988 πήγνυται
1286 957 1301 980 ,
1340 918 1434 970 καὶ
1480 918 1538 969 ὲν
1579 915 1760 988 μυελῷ

222 1016 547 1074 ἀπαλύνεται,
580 1011 673 1064 καὶ
703 1008 949 1063 τονοῦται
989 1008 1128 1078 μετὰ
1171 1007 1263 1061 τοῦ
1307 1007 1498 1079 νεύρου
1523 1049 1539 1073 ,
1568 1009 1662 1062 καὶ
1694 1011 1760 1081 τῇ

222 1101 486 1174 ἐπιφανείᾳ
510 1099 1007 1170 συμπεριτείνεται,
1033 1099 1127 1152 καὶ
1152 1100 1231 1163 είς
1257 1098 1454 1169 ὄνυχας
1477 1098 1762 1164 διαϐαίνει,
1786 1120 1789 1123 ί

222 1201 300 1255 καὶ
321 1198 393 1259 είς
423 1194 620 1268 τριχῶν
634 1194 847 1261 γένεσιν
871 1193 1268 1246 λεπτοποιεῖται
1284 1194 1394 1255 τοῖς
1417 1190 1767 1263 καταλλήλοις

220 1291 412 1359 ἀτμοῖς.
438 1286 496 1337 ΕΞ
522 1284 620 1355 μὲν
648 1282 734 1335 διὰ
757 1282 985 1335 σκολιῶν
1008 1281 1302 1353 προάγοιτο
1329 1283 1532 1353 πόρων,
1554 1280 1765 1335 ούλοτὲ-

222 1399 307 1454 ρας
349 1395 403 1430 τε
432 1376 524 1431 καὶ
566 1372 1068 1444 κατηγκυλωμένας
1100 1373 1200 1436 τὰς
1227 1374 1419 1446 τρίχας
1446 1374 1722 1443 ὲκφύουσα
1748 1414 1764 1437 ,

217 1478 260 1530 εί
301 1474 354 1527 δὲ
401 1470 466 1523 δι’
497 1468 712 1530 εὐθείας
743 1467 776 1537 ἡ
806 1465 917 1518 τῶν
961 1466 1289 1537 τριχοποιῶν
1334 1467 1525 1538 ἀτμῶν
1555 1467 1766 1535 γένοιτο

216 1563 440 1638 πρόοδος,
461 1559 765 1631 τεταμένας
784 1574 843 1610 τε
873 1558 967 1611 καὶ
992 1557 1206 1621 εὐθείας
1232 1559 1563 1630 προάγουσα.
1606 1557 1767 1612 Ἀλλά

216 1660 335 1711 πολῦ
363 1655 467 1708 τῶν
492 1652 870 1725 προκειμένων
898 1653 925 1703 ὁ
953 1650 1108 1720 λόγος
1134 1653 1266 1722 ἡμῖν
1294 1650 1764 1720 ἀποπεπλάνηται,

213 1755 311 1813 τοῖς
334 1748 509 1819 ἔργοις
540 1744 856 1817 ἐμϐαθύνων
900 1744 998 1815 τῆς
1035 1742 1269 1813 φύσεως,
1300 1741 1394 1795 καὶ
1423 1742 1767 1814 ὑπογράφειν

214 1839 506 1913 ἐπιχειρῶν,
558 1837 707 1898 ὅπως
745 1837 877 1907 ἡμῖν
908 1834 1001 1888 καί⁵
1046 1831 1106 1899 ἐξ
1139 1832 1340 1886 ὁποίων
1373 1832 1667 1901 συνέστηκε
1698 1832 1768 1885 τὰ

1865 645 2223 700 conveniente
2243 641 2616 697 distribuitur.
2645 639 2703 695 Si
2728 640 2796 696 ad
2824 646 3009 709 partes
3030 639 3243 695 auditui
3273 642 3446 695 desti-

1864 747 2022 790 natas
2051 734 2311 799 confluat,
2344 733 2661 789 earumdem
2705 742 2916 787 natura!
2943 734 3242 789 miscetur:
3300 736 3447 789 sicut

1865 828 1920 882 in
1952 827 2140 892 labris,
2174 826 2468 880 labrorum.
2494 825 2552 879 In
2583 824 2803 880 ossibus
2826 825 3097 891 durescit;
3124 825 3179 878 in
3209 824 3445 877 medulla

1864 904 2113 974 tenerum
2152 918 2420 975 efficitur:
2448 933 2573 974 cum
2598 933 2766 972 nervo
2800 916 3062 981 tenditur,
3093 932 3219 972 cum
3251 922 3446 987 super-

1865 1009 1985 1065 ficie
2011 1010 2255 1078 partibus
2279 1010 2494 1066 caeteris
2517 1007 2895 1064 circumdatur
2920 1028 2935 1065 :
2970 1010 3119 1079 ipsos
3150 1009 3205 1064 in
3234 1024 3446 1079 ungues

1864 1109 2137 1172 penetrat,
2189 1108 2245 1157 et
2286 1103 2339 1156 in
2378 1101 2580 1156 halitus
2602 1099 2740 1155 adeo
2769 1110 2960 1156 tenues
2988 1101 3350 1161 convertitur,
3385 1107 3448 1154 nt

1864 1195 1932 1250 de
1968 1194 2037 1249 iis
2071 1193 2254 1248 crines
2279 1194 2442 1248 etiam
2473 1194 2745 1246 oriantur.
2787 1192 2866 1243 Ac
2894 1192 2940 1245 si
2968 1192 3185 1261 quidem
3208 1207 3306 1261 per
3334 1201 3448 1245 tor-

1866 1298 2056 1343 tuosos
2108 1296 2322 1341 meatus
2359 1283 2584 1349 feratur,
2639 1283 2851 1353 crispos
2895 1293 2950 1337 et
3008 1282 3234 1338 innexos
3263 1283 3448 1337 crines

1864 1388 2109 1450 generat,
2143 1380 2228 1434 sin
2261 1378 2423 1433 iidem
2456 1378 2683 1440 halitus,
2729 1379 2798 1433 de
2835 1376 3039 1448 quibus
3080 1376 3212 1430 oriri
3260 1390 3448 1431 eomas

1864 1472 2126 1539 diximus,
2180 1487 2295 1543 ρει-ς
2326 1480 2508 1527 rectos
2563 1478 2779 1526 meatus
2823 1478 3038 1533 exeant,
3075 1470 3238 1523 etiam
3273 1482 3455 1522 comae

1866 1573 2036 1620 tensa:
2075 1575 2129 1620 et
2162 1574 2324 1619 recta:
2357 1572 2540 1619 erunt.
2597 1561 2703 1617 Sed
2733 1562 2879 1616 enim
2918 1561 3076 1631 longe
3099 1560 3169 1614 ab
3200 1560 3453 1615 instituto

1865 1656 2110 1727 digressa
2137 1658 2315 1711 oratio
2341 1664 2446 1718 est,
2485 1655 2614 1710 dum
2642 1656 2807 1710 altius
2838 1663 3049 1709 natura:
3078 1652 3335 1723 operibus
3364 1653 3449 1705 in-

1865 1747 2055 1811 haeret,
2086 1754 2141 1800 et
2164 1746 2339 1801 oculis
2368 1745 2524 1817 quasi
2557 1746 2831 1816 subjicere
2868 1753 3119 1810 conatur,
3152 1759 3264 1814 quo
3288 1753 3451 1814 pacto

1867 1846 1919 1892 et
1946 1837 2089 1893 unde
2115 1839 2327 1909 singula
2353 1838 2407 1892 in
2438 1837 2597 1894 nobis
2624 1838 2915 1901 exsistant,
2955 1853 3080 1893 cum
3114 1836 3331 1908 quaead
3363 1836 3448 1889 vi-

213 1902 553 1995 καθέκαστον,
585 1929 727 1983 τάτε
764 1902 899 1999 πρὸς
940 1927 1001 1980 τὸ
1049 1926 1173 1997 ζῇν,
1215 1927 1309 1979 καὶ
1337 1924 1405 1977 τὰ
1439 1923 1574 1995 πρὸς
1606 1925 1668 1977 τὸ
1706 1920 1764 1978 εὖ

1871 1930 2128 1993 vmdum,
2162 1902 2276 1985 tu'm
2302 1946 2423 2001 qua:
2451 1931 2520 1985 ad
2542 1931 2786 2002 jucunde
2807 1930 3100 1987 vivendum
3131 1902 3447 2000 comparata

213 2031 321 2099 ζῇν,
350 2024 439 2078 καὶ
466 2022 523 2076 εἴ
547 2040 599 2076 τι
633 2019 771 2092 μετὰ
792 2017 994 2073 τούτων
1023 2018 1209 2089 ἕτερον
1240 2016 1384 2069 κατὰ
1409 2016 1506 2087 τὴν
1538 2016 1766 2087 πρώτην

210 2121 447 2188 διαὶρεσιν
493 2115 815 2185 ὲνοήσαμεν.
847 2110 921 2164 Τὸ
960 2110 1067 2181 γὰρ
1110 2108 1468 2182 προκείμενον
1495 2105 1563 2179 ἦν
1596 2109 1767 2175 δεῖξαι
1804 2114 1805 2135 1

209 2214 296 2279 τὴν
325 2204 706 2276 σπερματικὴν
727 2204 827 2273 τῆς
860 2201 1173 2264 συστάσεως
1212 2198 1367 2271 ήμῶν
1402 2200 1602 2259 αἰτίαν,
1629 2202 1764 2269 μήτε
1814 2248 1817 2279 τ

209 2298 481 2368 ἀσώματον
524 2292 664 2349 εἶναι
695 2293 894 2366 ψυχὴν,
933 2294 1068 2363 μήτε
1098 2292 1303 2362 ἄψυχον
1350 2291 1528 2361 σῶμα,
1561 2290 1675 2344 ἀλλ’
1707 2291 1768 2356 ἐξ

208 2387 448 2457 ἐμψύχων
475 2402 537 2437 τε
577 2384 671 2436 καὶ
712 2381 929 2448 ζώντων
969 2380 1238 2451 σωμάτων
1266 2380 1374 2445 ζῶν
1403 2382 1495 2432 καὶ⁵
1524 2378 1765 2450 ἔμψυχον

206 2574 257 2627 δὲ
283 2573 375 2643 τὴν
402 2568 753 2640 ἀνθρωπίνην
777 2567 959 2638 φύσιν,
994 2565 1245 2636 καθάπερ
1271 2564 1392 2619 τινὰ
1421 2564 1620 2635 τροφὸν
1645 2564 1765 2626 ταῖς

206 2664 416 2726 οἰκείαις
441 2659 750 2729 δυνάμεσιν
786 2657 954 2727 αὐτὴν
981 2654 1377 2727 τιθηνήσασθαι
1399 2670 1413 2684 ⁸
1443 2655 1543 2724 τὴν
1565 2654 1622 2707 δὲ
1645 2652 1767 2725 τρέ-

203 2754 383 2824 φεσθαι
416 2753 539 2807 κατ’
574 2750 878 2822 ἀμφότερα,
925 2749 1021 2803 καὶ
1053 2748 1403 2819 καταλλήλως
1433 2749 1492 2801 ὲν
1521 2746 1765 2817 ἑκατέρῳ

204 2845 349 2921 μέρει
389 2844 486 2914 τὴν
533 2841 763 2913 αΰξησιν
800 2839 1051 2909 ἐπίδηλον
1096 2839 1261 2909 ἔχειν.
1306 2838 1483 2901 Εὐθὺς
1522 2838 1621 2908 μὲν
1652 2836 1763 2907 γὰρ

198 2936 277 2988 διὰ
298 2937 391 3006 τῆς
424 2934 685 3012 τεχνικῆς
720 2931 925 3002 ταύτης
958 2932 1054 2985 καὶ
1082 2932 1509 3001 ὲπιστημονικῆς
1538 2928 1765 2982 διαπλά-

200 3046 328 3092 σεως
366 3026 463 3097 τὴν
493 3024 1000 3100 συμπεπλεγμένην
1048 3023 1186 3093 αὐτῇ
1234 3022 1335 3091 τῆς
1370 3021 1550 3100 ψυχῆς
1594 3021 1763 3074 ἐνδεί-

200 3138 382 3176 κνυται
419 3098 678 3189 δύναμιν,
713 3116 1083 3187 ἀμυδρότερον
1113 3115 1210 3185 μὲν
1244 3098 1507 3183 κατὰτὴν
1540 3113 1765 3185 πρώτην

1869 2030 2030 2076 sunt:
2066 2028 2120 2076 et
2149 2022 2195 2076 si
2219 2021 2351 2091 quid
2388 2021 2550 2077 etiam
2592 2031 2788 2093 praeter
2812 2022 2928 2077 haec
2960 2020 3017 2076 in
3046 2020 3207 2075 nobis
3228 2028 3337 2084 est,
3364 2012 3447 2074 ’in

1869 2111 2159 2181 partitioae
2188 2112 2472 2182 superiore
2501 2113 2980 2184 comprehensum.
3018 2110 3129 2167 Nos
3155 2120 3336 2167 autem
3368 2112 3451 2166 in-

1868 2203 2220 2258 stitueramus
2268 2204 2649 2261 demonstrare
2687 2220 2912 2260 causam
2958 2204 3075 2260 sive
3113 2203 3448 2274 principium

1868 2303 2079 2349 natura:
2130 2305 2354 2360 nostrae,
2410 2296 2557 2366 quod
2621 2295 2830 2350 semine
2884 2295 3219 2357 continetur,
3273 2309 3451 2363 neque

1816 2392 1821 2433 ί
1867 2386 2114 2442 animum
2145 2402 2267 2442 esse
2296 2388 2416 2442 sine
2448 2401 2700 2457 corpore,
2743 2401 2919 2455 neque
2948 2401 3149 2455 corpus
3179 2385 3301 2440 sine
3327 2384 3450 2438 ani-

210 2478 346 2549 παρά
375 2477 470 2545 τὴν
507 2476 727 2548 πρώτην
762 2474 1158 2544 ἀπο-γεννᾶσθαι
1184 2472 1322 2537 ζῶον
1349 2490 1363 2503 ι
1401 2470 1765 2542 ἐκδεξαμένην
1814 2480 1817 2493 ⁵

1866 2493 1990 2532 mo:
2025 2477 2120 2532 sed
2154 2493 2221 2532 ex
2262 2478 2586 2548 corporibus
2644 2478 2902 2533 animatis
2944 2493 3009 2532 ac
3050 2477 3211 2540 vivis,
3262 2478 3447 2531 vivum

1865 2577 1920 2625 et
1947 2570 2246 2624 animatum
2283 2571 2403 2640 ipso
2432 2570 2517 2625 sui
2548 2570 2706 2625 initio
2729 2569 2931 2623 animal
2960 2570 3263 2639 procreari.
3297 2567 3447 2639 quod

1867 2662 2104 2717 humana
2151 2670 2348 2717 natura
2394 2663 2553 2733 quasi
2582 2663 2765 2717 nutrix
2813 2662 3117 2731 excipiens,
3177 2662 3294 2717 suis
3327 2664 3448 2731 ipsa

1869 2751 2227 2809 facultatibus
2250 2754 2380 2816 alat,
2404 2755 2587 2824 itaque
2612 2752 2810 2809 nutriri
2834 2753 3135 2808 secundum
3158 2763 3449 2823 utramque

1868 2852 2098 2914 partem,
2160 2858 2285 2898 cum
2345 2843 2566 2914 quidem
2619 2844 2861 2900 accretio
2891 2845 3031 2914 parti
3063 2845 3280 2913 utrique
3315 2857 3450 2897 con-

1868 2942 2131 2990 sentanea
2170 2934 2463 2993 manifesto
2500 2935 2964 3007 deprehendatur.
2999 2934 3136 2991 Nam
3169 2934 3355 2991 statim
3378 2934 3451 2989 ab
3508 2976 3513 2983 .

1867 3028 2025 3083 initio
2072 3043 2170 3098 per
2219 3026 2572 3083 artiﬁciosam
2601 3036 2655 3083 et
2686 3028 2949 3099 singulari
2974 3026 3046 3082 ab
3088 3026 3449 3097 intelligentia

1867 3118 2172 3190 profectam
2203 3120 2452 3188 corporis
2475 3118 2877 3180 formationem,
2911 3119 3091 3175 inesse
3121 3118 3249 3173 huic
3276 3117 3448 3173 facul-

201 3211 617 3287 ἐκφαινομὲνην,
654 3205 890 3276 καθεξῆς
916 3206 973 3258 δὲ
1009 3207 1076 3276 τῇ
1106 3203 1201 3257 τοῦ
1230 3203 1464 3276 ὀργάνου
1486 3203 1760 3257 τελειώσει

1867 3217 2031 3264 tatem
2066 3208 2236 3263 animi
2276 3208 2607 3271 ostenditur,
2656 3218 3010 3279 apparentem
3050 3209 3199 3262 illam
3226 3208 3447 3278 quidem

196 3301 737 3371 συναναλάμπουσαν.
769 3295 893 3351 Οίον
920 3295 976 3348 δὲ
1005 3295 1098 3347 ἐπὶ
1118 3294 1227 3347 τῶν
1254 3293 1589 3364 λιθογλύφων
1617 3292 1762 3349 ἐστιν

199 3392 336 3445 ἰδεῖν.
376 3391 681 3462 Πρόκειται
713 3387 812 3459 μὲν
839 3386 948 3457 γὰρ
985 3384 1063 3455 τῷ
1088 3384 1309 3456 τεχνίτῃ
1338 3382 1477 3448 ζώου
1504 3383 1652 3447 τινὸς
1681 3380 1762 3436 εἴ·

1860 3301 2278 3357 obscuriuscule
2324 3301 2427 3356 sub
2467 3300 2709 3365 initium,
2740 3301 2834 3356 sed
2863 3300 3062 3357 deinde
3090 3300 3338 3371 corporis
3367 3305 3445 3355 in-

1859 3400 2167 3447 strumento
2195 3392 2353 3461 plane
2378 3390 2632 3446 absoluto
2654 3391 2961 3446 clarissime
2988 3388 3446 3460 resplendentem.

190 3485 271 3547 δος
302 3484 358 3535 ἐν
382 3482 514 3554 λίθῳ
539 3480 730 3546 δεῖξαι·
763 3477 919 3531 τοῦτο
946 3476 1005 3529 δὲ
1033 3474 1392 3547 προθέμενος,
1426 3473 1642 3544 πρῶτον
1664 3474 1763 3544 μὲν

1864 3481 2009 3537 Licet
2042 3481 2225 3537 simile
2256 3480 2517 3552 quiddam
2551 3484 2943 3537 statuariorum
2996 3483 3051 3536 in
3093 3493 3210 3537 arte
3240 3483 3446 3552 perspi-

190 3575 273 3627 τὸν
299 3573 443 3626 λίθον
474 3573 581 3641 τῆς
612 3566 892 3639 συμφυοῦς
921 3566 1052 3637 ὕλης
1078 3566 1388 3638 ἀπέρρηξεν
1414 3583 1428 3597 ·
1465 3561 1585 3620 εἶτα
1614 3582 1764 3637 περι-

189 3665 351 3736 κόψας
376 3663 546 3718 αὑτοῦ
572 3662 640 3716 τὰ
672 3661 919 3733 περιττὰ,
948 3659 1227 3730 προήγαγέ
1255 3675 1371 3722 πως
1392 3657 1480 3711 διὰ
1507 3656 1600 3710 τοῦ
1622 3655 1765 3728 πρώ-

189 3772 274 3815 του
317 3758 607 3826 σχήματος
649 3754 716 3822 τῇ
750 3750 977 3821 μιμήσει
1008 3752 1074 3820 τῇ
1106 3748 1248 3802 κατὰ
1291 3747 1570 3819 πρόθεσιν,
1617 3747 1760 3800 ὥστε

186 3846 276 3899 καὶ
300 3845 391 3898 τὸν
422 3845 657 3913 ἄπειρον
680 3840 766 3893 διὰ
792 3839 903 3905 τῷν
926 3837 1268 3907 φαινομένων
1292 3838 1386 3890 τοῦ
1426 3837 1631 3894 σκοποῦ
1657 3837 1760 3907 τῆς

184 3939 371 4008 τέχνης
422 3930 964 4003 καταστοχάσασθαι.
1033 3929 1204 3982 Πάλιν
1255 3930 1708 3999 ὲπεργασάμενος
1740 3968 1755 3992 ,

182 4029 523 4099 προσήγγισε
561 4025 724 4077 πλέον
760 4025 826 4094 τῇ
854 4022 1131 4101 ὁμοιότητι
1158 4018 1253 4074 τοῦ
1299 4020 1756 4093 σπουδαζομὲνου.

183 4118 308 4177 Εἶτα
327 4120 389 4173 τὸ
420 4119 633 4173 τέλειον
657 4118 751 4169 καὶ
770 4116 996 4186 ἀκριϐὲς
1018 4114 1157 4177 εἶδος
1196 4115 1659 4185 ἐγχειρουργήσας
1691 4115 1756 4183 τῇ

181 4212 297 4284 ὕλῃ,
328 4214 409 4275 είς
440 4210 622 4282 πέρας
644 4209 741 4281 τὴν
767 4208 962 4278 τέχνην
988 4208 1271 4277 προήγαγε
1296 4222 1309 4236 ·
1341 4206 1435 4259 καὶ
1462 4206 1575 4258 ἔστι
1599 4206 1757 4271 λέων,

175 4305 209 4375 ἦ
238 4308 265 4359 ὅ
290 4323 344 4358 τι
370 4306 439 4359 ἂν
471 4304 618 4375 τύχῃ
651 4300 799 4372 παρὰ
827 4299 922 4367 τοῦ
959 4299 1199 4368 τεχνίτου
1229 4297 1539 4368 γενόμενον,
1586 4300 1614 4351 ὀ
1654 4299 1759 4369 πρὸ

176 4393 405 4465 βραχέος
435 4393 658 4463 ἄσημος
703 4390 849 4453 λίθος
878 4406 893 4422 ·
923 4390 983 4441 οὑ
1029 4389 1129 4458 τῆς
1159 4388 1291 4458 ὕλης
1325 4387 1464 4458 πρὸς
1518 4389 1579 4441 τὸ
1623 4384 1760 4452 εἶδος

175 4485 621 4557 ὐπαμειφθείσης
646 4527 660 4548 ,
697 4482 833 4537 ἀλλά
873 4481 967 4534 τοῦ
1012 4480 1185 4544 εἴδους
1214 4479 1652 4550 ὲπιτεχνηθέντος
1689 4482 1756 4551 τῇ

176 4577 294 4648 inn.

1859 3582 2001 3631 eere.
2033 3574 2167 3629 Nam
2193 3584 2315 3630 esto
2343 3573 2596 3629 animalis
2625 3572 2911 3644 cujusdam
2936 3574 3131 3629 artiﬁci
3153 3575 3440 3645 proposita

1866 3669 2011 3730 idea,
2045 3682 2209 3737 quam
2235 3665 2325 3721 ille
2351 3664 2535 3734 cupiat
2565 3664 2619 3718 in
2646 3678 2780 3720 saxo
2800 3664 3125 3735 exprimere,
3155 3672 3447 3734 postquam

1871 3760 1971 3812 hoc
2000 3758 2140 3828 apud
2168 3757 2409 3811 animum
2439 3754 2649 3818 statuit,
2706 3754 2944 3825 primum
2991 3752 3061 3807 de
3096 3755 3324 3808 materie
3351 3769 3441 3807 co-

1871 3857 2035 3917 gnata
2081 3847 2310 3916 lapidem
2345 3842 2652 3899 abscindit:
2707 3842 2905 3897 deinde
2948 3841 3243 3913 superﬂuis
3290 3843 3448 3921 quasi

1870 3941 2187 4007 amputatis,
2220 3935 2456 4007 quodam
2480 3933 2645 3990 modo
2671 3933 2860 3989 rudem
2889 3933 2939 3989 ei
2969 3934 3197 3988 formam
3224 3935 3290 3989 ad
3316 3935 3441 3990 idea

1880 4031 2234 4084 simulacrum
2259 4027 2443 4081 animo
2469 4033 2794 4095 conceptum
2818 4025 3061 4080 inducit:
3086 4026 3154 4081 de
3185 4027 3288 4080 hac
3330 4027 3443 4096 jam

1864 4123 1951 4178 vel
1981 4124 2208 4193 ignarus
2235 4119 2508 4191 quispiam
2542 4118 2759 4173 consilii
2784 4117 3034 4181 artificis,
3066 4106 3287 4189 assequi
3320 4134 3440 4175 cou-

1858 4214 2067 4284 jectura
2116 4219 2316 4284 potest,
2364 4209 2495 4281 quid
2543 4210 2727 4280 operis
2760 4208 3084 4265 instituerit.
3140 4207 3442 4280 llleporro

1864 4301 2144 4371 prioribus
2167 4299 2373 4371 aliquid
2403 4297 2636 4362 addens,
2669 4298 2893 4369 propius
2920 4299 3084 4353 etiam
3112 4299 3180 4354 ad
3202 4301 3301 4363 rei,
3335 4315 3442 4370 qua

1865 4395 1919 4447 in
1975 4392 2328 4463 exprimenda
2406 4391 2640 4457 laborat,
2709 4384 3132 4446 similitudinem
3207 4391 3438 4446 accedit.

1866 4484 2115 4555 Denique
2159 4482 2407 4539 materiei
2454 4482 2685 4538 formam
2723 4490 2983 4537 accurate
3026 4481 3319 4552 perfectam
3360 4485 3435 4536 in-

1863 4577 2140 4647 sculpens,
2169 4575 2330 4630 linem
2361 4576 2463 4629 arti
2494 4574 2747 4645 imponit,
2778 4582 2973 4644 estque
3004 4574 3116 4643 jam
3152 4574 3291 4643 lapis
3317 4574 3440 4642 ipse

172 4674 249 4723 vel
283 4670 392 4731 leo,
447 4668 537 4721 vel
588 4665 772 4727 homo,
819 4664 903 4719 vel
945 4660 1208 4732 quidquid
1237 4660 1452 4717 tandem
1482 4663 1673 4718 artifex
1704 4664 1772 4719 de
1807 4680 1873 4720 eo
1909 4665 2055 4732 fecit,
2086 4680 2210 4719 cum
2255 4664 2418 4735 paulo
2450 4673 2577 4720 ante
2616 4662 2866 4719 informis
2915 4672 3104 4719 esset:
3149 4672 3255 4718 non
3288 4665 3438 4734 quod

171 4764 429 4816 materies
457 4775 559 4829 per
590 4757 819 4812 formam
865 4756 935 4810 sit
971 4756 1325 4815 commutata,
1379 4751 1474 4807 sed
1517 4754 1661 4823 quod
1693 4756 1743 4809 ei
1778 4756 1954 4809 forma
1990 4755 2237 4825 quaedam
2267 4754 2543 4824 ejusmodi
2575 4754 2650 4809 sit
2680 4755 2980 4811 artiﬁciose
3012 4754 3261 4811 inducta.

233 4852 494 4905 Τοιοῦτόν
528 4867 581 4902 τι
610 4850 703 4902 καὶ
746 4847 837 4901 ἐπὶ
878 4843 1211 4916 τῆςψυχῆςό
1253 4843 1626 4915 λογισάμενος,
1653 4846 1748 4900 τοῦ

1936 4847 2067 4903 Tale
2091 4848 2222 4916 quid
2254 4848 2300 4903 si
2328 4847 2494 4901 etiam
2518 4846 2585 4901 de
2612 4846 2797 4901 animo
2827 4848 3211 4919 cogitahimus,
3247 4863 3277 4903 a
3310 4863 3439 4904 vero

167 4944 372 5005 εξκότος
403 4944 511 5013 οὐχ
537 4942 931 5012 ἁμαρτήσεται.
950 4938 1062 5008 Τὴν
1082 4936 1191 5007 γὰρ
1216 4936 1393 4991 πάντα
1417 4954 1475 4989 τε
1480 4938 1756 5007 χνιτεύου-

167 5054 265 5089 σαν
306 5037 478 5106 φύσιν
509 5037 578 5088 ὲκ
619 5034 718 5104 τῆς
740 5030 1033 5103 ὁμογενοῦς
1062 5030 1193 5100 ὕλης
1218 5029 1483 5083 λαϐοῦσαν
1512 5030 1570 5081 ὲν
1592 5031 1755 5101 ἑαυτῇ

164 5127 222 5178 τὸ
246 5128 311 5180 ὲκ
358 5126 459 5178 τοῦ
499 5123 791 5194 ἀνθρώπου
838 5121 1001 5191 μέρος
1025 5160 1040 5181 ,
1075 5121 1427 5190 δημιουργεῖν
1465 5119 1758 5190 ἀνδριάντα

165 5219 364 5287 φαμέν.
400 5218 623 5287 Ὥσπερ
653 5214 712 5267 δὲ
740 5215 806 5284 τῇ
849 5212 969 5265 κατ’
998 5211 1175 5283 ὀλίγον
1208 5210 1441 5283 ἐργασίᾳ
1482 5211 1576 5277 τοῦ
1606 5211 1753 5283 λίθου

164 5312 222 5361 τὸ
270 5306 415 5375 εἶδος
456 5306 918 5379 ἐπηκολούθησεν,
948 5292 1311 5375 ἀμυδρότερον
1346 5304 1443 5373 μὲν
1482 5302 1631 5372 παρά
1657 5302 1754 5373 τὴν

164 5400 409 5471 πρώτην,
441 5400 781 5470 τελειότερον
812 5396 868 5450 δὲ
899 5395 1038 5467 μετά
1060 5394 1158 5464 τὴν
1183 5394 1275 5447 τοῦ
1306 5394 1466 5467 ἔργου
1506 5395 1755 5466 συμπλή-

166 5510 330 5560 ρωσιν
355 5512 370 5526 ο
408 5493 564 5546 οὕτω
614 5493 706 5546 καὶ
741 5492 797 5544 ὲν
847 5493 913 5561 τῇ
939 5489 1032 5543 τοῦ
1080 5490 1311 5560 ὀργάνου
1350 5489 1528 5559 γλυφῇ
1559 5489 1620 5541 τὸ
1655 5489 1754 5559 τῆς

160 5585 339 5655 ψυχῆς
388 5582 543 5648 εἶδος
597 5585 738 5638 κατὰ
781 5583 879 5655 τὴν
933 5576 1221 5650 ἀναλογίαν
1251 5580 1345 5633 τοῦ
1392 5580 1751 5651 ὑποκειμένου

163 5678 557 5745 προφαίνεται,
588 5677 775 5741 ἀτελὲς
810 5678 866 5728 ὲν
893 5675 970 5745 τῷ
1004 5672 1215 5738 ἀτελεῖ,
1240 5674 1334 5726 xui.
1364 5675 1421 5727 ὲν
1448 5674 1526 5743 τῷ
1562 5673 1752 5743 τελείῳ

160 5769 387 5824 τέλειον.
433 5768 579 5821 Ἀλλ’
608 5768 667 5832 ἐξ
697 5768 871 5839 ἀρχῆς
907 5766 972 5820 ἂν
1002 5765 1204 5818 τέλειον
1229 5763 1317 5836 ἦν,
1349 5765 1398 5817 εἰ
1433 5764 1506 5834 μὴ
1531 5764 1618 5817 διὰ
1651 5764 1752 5834 τῆς

164 5862 358 5925 κακίας
409 5864 443 5932 ἡ
508 5862 669 5929 φύσις
708 5859 1031 5934 ἐκολοϐιὶιθη.
1068 5859 1166 5911 Διὶ
1210 5858 1428 5928 τούτοὴ
1479 5858 1611 5930 πρὸς
1656 5858 1752 5929 τὴν

1870 4956 1978 4995 non
2033 4955 2263 5010 prorsus
2316 4940 2718 4995 aberrabimus.
2767 4937 2981 5008 Quippe
3022 4953 3205 4995 rerum
3256 4939 3435 5010 opifex

1865 5041 2087 5103 sumpta
2122 5032 2341 5100 generis
2366 5030 2612 5100 ejusdem
2649 5030 2895 5094 materie,
2928 5047 3049 5101 qua:
3074 5046 3200 5100 pars
3227 5040 3312 5085 est
3340 5032 3433 5088 ho-

1865 5123 2051 5187 minis,
2088 5123 2380 5193 quamdam
2416 5122 2572 5192 quasi
2614 5130 2849 5177 statuam
2882 5121 3132 5176 fabricat.
3158 5120 3224 5176 Ut
3255 5130 3435 5178 autem

1862 5215 1916 5269 in
1942 5214 2347 5285 comparatione
2378 5214 2687 5283 proposita,
2724 5213 2827 5267 levi
2863 5213 3096 5281 primum
3131 5227 3295 5282 Opera
3321 5212 3431 5266 for-

1861 5322 1947 5360 ma
1986 5307 2103 5361 saxi
2140 5305 2500 5375 exsculpitur,
2543 5321 2665 5373 qua:
2690 5304 3108 5359 obscuriuscula
3141 5303 3298 5356 initio
3324 5312 3433 5361 est.

1859 5397 2153 5467 perfectior
2194 5406 2375 5450 autem
2418 5411 2583 5466 opere
2624 5395 2740 5464 jam
2781 5397 3078 5450 absoluto:
3132 5394 3213 5451 sic
3266 5395 3432 5449 etiam

1858 5490 2031 5545 nostri
2086 5490 2249 5558 hujus
2290 5489 2344 5543 in
2389 5489 2738 5544 instrumenti
2784 5490 3088 5559 sculptura,
3132 5488 3433 5542 secundum

1859 5582 2264 5653 proportionem
2295 5583 2555 5651 subjecta:
2588 5582 2687 5646 rei,
2721 5591 2883 5651 prout
2918 5582 3031 5636 haec
3065 5580 3273 5635 scilicet
3307 5596 3428 5649 pcr-

1860 5673 2055 5736 licitur,
2104 5672 2321 5726 animus
2369 5672 2531 5727 etiam
2576 5671 2751 5741 magis
2803 5687 2868 5725 ac
2921 5670 3093 5739 magis
3140 5670 3424 5733 elucescit,

1860 5765 2118 5819 nimirum
2154 5763 2532 5834 imperfectum
2574 5778 2652 5825 se,
2688 5762 2815 5816 dum
2850 5762 2978 5816 illud
3013 5761 3189 5815 adhuc
3219 5762 3420 5831 impr-r-

1862 5858 2058 5912 fcclum
2092 5864 2194 5921 est,
2228 5855 2426 5911 deinde
2467 5854 2768 5925 perfectum
2804 5856 2855 5917 in
2894 5856 3134 5925 perfecto
3160 5855 3424 5911 declarat.
