3996 6464
525 386 631 439 Ξῖῒ

1754 386 1812 441 S.
1846 384 2178 443 GREGORII
2216 386 2507 445 NYSSENI

3664 389 3763 443 256

526 508 605 564 Ac
634 506 828 564 fuisset
850 505 1073 578 quidem
1111 505 1232 575 ipso
1280 504 1337 558 in
1369 510 1525 560 ortus
1560 503 1735 558 nostri
1781 504 1940 559 initio
1968 521 2092 575 per-

2202 507 2415 579 ὲμπαθῆ
2446 509 2543 562 καὶ
2589 506 2777 580 ζωώδη
2807 508 3019 576 γένεσιν
3049 506 3320 573 κοινωνία,
3356 506 3455 559 οὐκ
3497 502 3656 565 εὐθὺς
3680 506 3767 557 Ξκ-

528 600 727 666 fectus,
757 600 923 669 siper
958 605 1242 668 peccatum
1282 597 1441 667 quasi
1477 596 1725 651 mutilata
1754 605 1947 651 natura
1986 614 2097 652 non

523 702 699 750 esset.
730 690 888 747 Nunc
918 706 1040 746 cum
1075 691 1349 761 particeps
1388 697 1585 744 natura
1635 696 1825 744 nostra
1860 690 1933 744 sit
1976 690 2097 760 ejus

526 791 707 846 ortus,
739 782 836 855 qui
864 790 919 838 et
942 782 1093 840 vitiis
1120 782 1415 847 obnoxius,
1445 790 1500 837 et
1526 782 1841 836 animalium
1869 783 2098 838 rationis

526 875 830 945 cxpertium
853 874 998 927 οι·ιυί
1031 872 1208 929 affinis
1249 882 1335 929 est
1364 893 1378 929 :
1413 873 1529 929 fieri
1560 875 1748 945 nequit
1775 883 1835 928 ut
1862 875 2100 929 hominis

526 965 582 1018 in
617 965 871 1033 figmento
902 964 1087 1019 statim
1127 964 1313 1020 divina
1363 965 1545 1035 imago
1586 966 1818 1031 eluceat,
1866 964 1963 1022 sed
2008 965 2098 1020 via

526 1054 763 1123 quadam
784 1060 839 1109 et
857 1053 1052 1109 ordine
1073 1054 1347 1110 hominem
1371 1055 1528 1124 quasi
1553 1064 1921 1125 penetrantem
1946 1071 2099 1113 cras-

521 1161 619 1202 sas
651 1156 707 1202 et
733 1160 765 1199 tt
792 1146 972 1202 brutis
1011 1145 1287 1216 prolectas
1315 1147 1370 1201 in
1400 1147 1584 1202 animo
1609 1148 1995 1217 proprietates,
2029 1146 2095 1201 ad

526 1237 919 1307 perfectionem
986 1238 1268 1307 pervenire
1320 1253 1549 1294 necesse
1603 1247 1707 1294 est.
1772 1238 2098 1308 Huiusmodi

523 1327 787 1399 quiddam
815 1344 918 1385 nos
949 1344 1181 1401 magnus
1213 1329 1379 1384 etiam
1420 1329 1716 1399 Apostolus
1748 1328 1859 1389 ille.
1891 1329 1945 1383 in
1984 1329 2101 1398 epi-

527 1420 667 1477 stola
695 1420 763 1476 ad
795 1420 1112 1476 Corinthios
1138 1421 1345 1492 scripta
1379 1420 1539 1477 docet
1567 1440 1580 1475 :
1625 1437 1644 1472 ι
1673 1421 1808 1475 Cum
1836 1436 1992 1490 puer,
2019 1421 2100 1474 in-

526 1512 670 1582 quit,
708 1527 908 1577 essent,
939 1528 1232 1583 puerorum
1256 1527 1408 1568 more
1430 1512 1695 1583 loquebar
1714 1519 1769 1568 et
1798 1513 2099 1567 ratiocina-

526 1602 649 1658 bar.
672 1601 769 1657 Vir
793 1602 990 1667 factus,
1011 1604 1240 1675 puerilia
1268 1603 1457 1658 isthmc
1500 1602 1710 1659 abolevi
1742 1603 1788 1635 ’9
1823 1607 1860 1659 '.
1890 1622 1910 1655 ι
1937 1602 2101 1659 Nimi-

525 1705 648 1749 rum
678 1695 1043 1766 cogitationes
1070 1694 1254 1766 pueris
1290 1702 1675 1751 consentaneae
1706 1710 1813 1749 non
1844 1710 1911 1751 co
1939 1707 2100 1766 pacto

2200 599 2433 671 λάμπειν
2464 600 2561 671 τὴν
2588 600 2735 653 θείαν
2766 601 2949 656 εἰκόνα
2989 603 3047 654 ὲν
3076 600 3154 670 τῷ
3191 599 3467 670 πλάσματι
3494 602 3764 671 ἐποίησεν,

2198 690 2314 744 ἀλλ’
2342 690 2445 761 ὁδῷ
2469 707 2572 744 τινι
2604 691 2698 744 καὶ
2730 690 3022 763 ἀκολουθίᾳ
3045 687 3135 744 διὰ
3155 691 3264 745 τῶν
3290 690 3489 744 ύλικῶν
3510 691 3604 745 καὶ
3625 691 3765 756 Cum-

2196 782 2460 853 δεστέρων
2484 786 2583 853 τῆς
2636 782 2815 853 ψυχῆς
2849 783 3155 854 ἰδιωμάτων
3178 782 3270 835 ἐπὶ
3307 784 3367 836 τὸ
3408 782 3612 837 τέλειον
3650 786 3765 853 ἄγει

2197 873 2288 927 τὸν
2339 873 2653 944 ἄνθᾲιωπον.
2694 872 2768 927 Τὸ
2808 873 2866 927 δὲ
2897 873 3136 927 τοιοῦτον
3182 869 3356 943 δόγμα
3398 872 3491 926 καὶ
3528 874 3557 926 ό
3601 874 3766 944 μέγας

2211 961 2533 1028 ’Δπόοτολος
2560 966 2619 1019 ὲν
2638 967 2705 1035 τῇ
2735 964 2872 1035 πρὸς
2899 964 3218 1034 Κορινθίους
3259 964 3519 1030 διδάσκει,
3550 965 3721 1034 λέγων
3750 984 3765 999 ο

2204 1069 2224 1104 ι
2262 1052 2392 1107 Ὅτε
2448 1052 2599 1126 ἢμην
2628 1057 2839 1126 νήπιος,
2876 1055 3100 1109 ἐλάλουν
3137 1052 3213 1120 ὡς
3260 1058 3486 1128 νήπιος,
3534 1056 3770 1125 ἐλογιζὼ

2202 1162 2313 1217 μην
2345 1146 2421 1211 ὡς
2459 1148 2672 1219 νήπιος.
2717 1148 2844 1202 Ὅτε
2904 1147 2961 1201 δὲ
2999 1149 3198 1217 γέγονα
3256 1148 3415 1221 ἀνὴρ,
3449 1152 3771 1222 κατήργησα

2198 1241 2269 1295 τὰ
2294 1238 2389 1293 τοῦ
2423 1241 2640 1311 νηπίου.
2664 1259 2683 1293 ι
2718 1242 2834 1296 Οὐκ
2857 1242 3025 1315 ἄλλης
3074 1245 3132 1296 ὲν
3164 1241 3240 1314 τῷ
3270 1243 3425 1316 ἀνδρὶ
3469 1244 3567 1316 τῆς
3598 1244 3770 1315 ψυχῆς

2199 1329 2640 1402 ἐπεισελθούσης,
2675 1331 2825 1402 παρὰ
2855 1332 2954 1404 τὴν
2999 1333 3057 1385 ὲν
3109 1330 3187 1404 τῷ
3225 1333 3494 1405 μειρακίῳ
3544 1335 3768 1405 νοουμέη

2202 1439 2323 1492 νην,
2346 1424 2380 1492 ἡ
2406 1422 2815 1495 νηπιωδεστέρα
2840 1426 3196 1497 καταργεῖται
3236 1425 3461 1490 διάνοια,
3482 1428 3574 1480 καὶ
3612 1428 3645 1497 ἡ
3677 1427 3769 1480 ἀν-

2199 1512 2407 1584 δρώδης
2450 1514 2756 1584 ἐγγίνεταιο
2791 1514 2926 1569 ἀλλὰ
2975 1518 3075 1586 τῆς
3120 1515 3290 1587 αὐτῆς
3336 1517 3395 1571 ἐν
3432 1517 3626 1588 ἐκείνῳ
3675 1518 3771 1588 μὲν

2198 1602 2261 1659 τὺ
2311 1594 2520 1670 ἀτελὲς,
2554 1609 2613 1661 ἐν
2657 1606 2829 1677 τούτῳ
2855 1606 2912 1660 δὲ
2952 1605 3391 1680 διαδεικνυούσης
3444 1607 3507 1662 τὸ
3546 1609 3767 1667 τέλειον.

2202 1700 2413 1774 Ὠσπερ
2431 1702 2541 1774 γὰρ
2566 1704 2636 1758 τὰ
2676 1703 2922 1775 φυόμενά
2944 1720 3005 1756 τε
3032 1703 3126 1758 καὶ
3155 1703 3454 1770 αὐξάνοντα
3486 1702 3588 1775 ζῇν
3623 1702 3771 1773 λέγοι

526 1786 811 1840 abolentur
828 1784 1019 1841 ascitis
1035 1786 1305 1851 virilibus,
1326 1795 1387 1840 ut
1406 1786 1546 1842 alius
1572 1786 1789 1843 animus
1808 1786 1875 1842 ab
1901 1803 1988 1850 eo.
2005 1788 2099 1859 qui

2204 1813 2324 1865 μεν,
2358 1796 2537 1851 πάντα
2571 1813 2631 1850 τε
2678 1795 2748 1851 τὰ
2783 1798 2843 1850 ὲν
2892 1796 3152 1868 μετουσίᾳ
3195 1794 3337 1866 ζωῆς
3394 1795 3487 1848 καὶ
3537 1799 3772 1867 φυσικῆς

524 1886 643 1935 erat
677 1878 733 1933 in
767 1894 956 1949 puero,
991 1880 1047 1934 in
1076 1879 1354 1936 hominem
1401 1880 1515 1951 jam
1555 1880 1733 1935 virum
1780 1880 2056 1953 immigret
2084 1899 2099 1937 :

2202 1863 2331 1942 δντα
2365 1889 2654 1960 κινήσεως,
2698 1890 2800 1943 οὐκ
2840 1863 2907 1945 ἄν
2942 1906 3029 1952 τις
3061 1863 3246 1959 ἄψυχα
3285 1863 3530 1958 (ρήσειεν,
3553 1863 3636 1941 Ῠού
3667 1863 3772 1959 μην

526 1968 623 2025 sed
651 1985 762 2024 uno
791 1971 1095 2041 eodemque
1125 1971 1308 2027 animo
1333 1971 1648 2027 facultatem
1680 1970 1737 2025 in
1768 1986 1940 2041 puero
1970 1987 2104 2027 nec-

525 2060 657 2115 dum
689 2060 1011 2133 perfectam,
1050 2062 1107 2118 in
1165 2063 1284 2117 vim
1324 2062 1621 2134 perfectam
1661 2063 2099 2120 demonstrante.

526 2151 997 2217 Quemadmodum
1020 2155 1165 2209 enim
1197 2171 1284 2211 res
1304 2166 1615 2218 nascentes,
1648 2172 1769 2227 qua:
1797 2157 2104 2214 incremen-

522 2254 643 2300 tum
676 2252 923 2309 sumunt,
957 2245 1142 2300 vivere
1173 2245 1395 2316 quidem
1424 2247 1545 2301 illas
1578 2245 1852 2303 dicimus:
1883 2250 2028 2305 sicut
2049 2259 2104 2305 et

525 2335 675 2405 quod
704 2336 827 2391 vitae
860 2337 1234 2408 naturalisque
1258 2343 1441 2394 motus
1474 2347 1560 2395 est
1586 2339 1878 2411 particeps,
1926 2341 2102 2396 inani-

529 2442 679 2482 mum
710 2428 822 2485 dict
869 2431 1079 2500 nequit,
1118 2445 1228 2485 non
1278 2439 1464 2486 tamen
1499 2431 1741 2501 perfecta
1790 2433 1847 2487 in
1900 2434 1982 2488 eis
2023 2434 2104 2490 sic

525 2520 843 2575 viventibus
900 2522 1083 2574 anima
1132 2521 1301 2575 statui
1359 2528 1559 2591 potest.
1614 2519 1751 2574 Nam
1802 2522 1857 2576 in
1903 2523 2103 2592 plantis

521 2627 856 2681 quamquam
869 2613 1103 2667 exsistat
1132 2612 1329 2667 animae
1343 2612 1562 2682 propria
1590 2612 1837 2681 quaedam
1869 2611 2101 2677 eli'ectio,

522 2718 637 2758 non
673 2712 855 2758 tamen
885 2718 964 2758 eae
997 2718 1258 2759 sensuum
1292 2710 1499 2757 motum
1532 2703 1753 2758 habent.
1782 2700 1985 2759 Deinde
2012 2721 2103 2759 su-

528 2810 624 2864 pra
665 2794 787 2857 has,
830 2794 1088 2848 animalia
1127 2795 1292 2849 bruta
1337 2804 1468 2849 sunt
1497 2794 1587 2849 illa
1635 2795 1857 2866 quidem
1906 2797 2104 2851 animm

453 2934 463 2955 ,
523 2887 791 2942 facultate
827 2886 1094 2957 pradita:
1146 2886 1310 2942 finem
1335 2902 1474 2952 ,vero
1503 2887 1755 2942 ultimum
1786 2896 1842 2944 et
1891 2888 2099 2958 perfec-

525 2982 732 3035 tionem
766 2995 877 3035 non
909 2988 1039 3036 sunt
1057 2980 1275 3051 adepta.
1302 2980 1514 3051 Quippe
1538 2996 1569 3035 a
1594 2981 1823 3036 rationis
1846 2989 1900 3036 et
1937 2982 2100 3036 intel-

525 3072 767 3142 ligentia:
814 3071 1275 3141 praestantissimo
1304 3072 1451 3127 dono
1488 3087 1600 3127 non
1640 3080 1770 3129 sunt
1812 3074 2100 3135 instructa.

523 3162 624 3218 Sic
669 3178 853 3217 veram
882 3163 1020 3217 adeo
1049 3163 1455 3233 perfectamque
1487 3164 1726 3218 animam
1765 3163 1937 3219 solam
1979 3179 2103 3220 esse
2129 3200 2173 3259 ρ

524 3254 823 3307 humanam
864 3252 1183 3318 statuimus,
1232 3252 1689 3308 confirmantibus
1723 3253 1779 3307 in
1818 3252 1923 3307 hoc
1974 3268 2100 3308 sen-

522 3347 754 3401 tentiam
789 3356 1035 3403 nostram
1069 3344 1448 3402 efiectionibus
1470 3344 1592 3414 ejus
1618 3345 1909 3401 universis.
1947 3344 2103 3411 Quod

523 3440 706 3508 siqua
744 3453 832 3493 res
861 3438 969 3492 alia
1016 3438 1293 3507 particeps
1338 3438 1501 3492 etiam
1547 3436 1672 3490 vitae
1709 3444 1816 3498 est,
1868 3452 1933 3491 ea
1974 3450 2104 3491 vero

523 3532 771 3585 animata
802 3530 1007 3585 dicitur
1046 3528 1329 3584 hominum
1361 3544 1534 3592 more,
1567 3542 1754 3583 vocem
1795 3528 1935 3583 hanc
1979 3543 2106 3598 pro-

522 3624 649 3694 pria
679 3622 1082 3694 significatione
1109 3638 1220 3677 non
1242 3623 1646 3692 usurpantium.
1677 3623 1793 3678 Non
1818 3624 1963 3678 enim
1998 3624 2103 3678 hoc

520 3730 592 3769 ea
636 3714 692 3769 fit
724 3714 963 3780 ratione,
994 3715 1152 3784 quasi
1182 3714 1422 3785 perfecta
1450 3715 1524 3771 sit
1551 3714 1606 3769 in
1636 3714 1909 3784 ejusmodi
1939 3714 2102 3769 rebus

525 3808 734 3872 anima,
762 3807 858 3863 sed
891 3806 1038 3877 quod
1082 3814 1268 3877 partes
1305 3805 1572 3877 quasdam
1617 3807 1671 3860 in
1707 3807 1788 3863 eis
1820 3807 2102 3863 videamus

522 3898 877 3955 effectionum
904 3900 1102 3954 anima:
1138 3900 1481 3969 propriarum
1518 3900 1807 3964 exsistere,
1837 3916 1975 3969 quas
2012 3900 2100 3970 ip-

524 4007 622 4049 sas
661 4002 775 4047 tum
810 3992 1047 4063 primum
1080 3991 1315 4061 coepisse
1368 3990 1604 4047 hominis
1634 3991 1688 4045 in
1721 3999 1917 4047 natura
1947 4007 2102 4047 acce-

526 4085 734 4155 pimus,
789 4099 916 4139 cum
961 4084 1031 4137 ad
1060 4092 1266 4138 statum
1316 4084 1819 4153 perturbationibus
1856 4092 1912 4139 et
1950 4084 2099 4139 vitiis

2201 1979 2321 2033 οὐδὲ
2373 1980 2586 2044 τελείας
2628 1980 2809 2051 ψυχῆς
2862 1980 3113 2052 μετέχειν
3165 1980 3263 2051 τὴν
3311 1977 3569 2049 τοιαύτην
3630 1978 3772 2050 ζωὴν

2202 2070 2348 2125 ἔστιν
2380 2072 2573 2127 εἰπεῖν.
2598 2072 2872 2143 Γενομένη
2897 2074 3006 2143 γὰρ
3039 2074 3099 2126 ὲν
3120 2074 3233 2136 τοῖς
3256 2074 3445 2142 φυτοῖς
3469 2070 3673 2143 ψυχική
3693 2088 3771 2134 τις

2201 2163 2468 2234 ἐνέργεια,
2511 2164 2671 2235 μέχρι
2715 2163 2825 2218 τῶν
2862 2162 2983 2219 κατ’
3025 2163 3277 2235 αἴσθησιν
3311 2164 3630 2235 κινημάτων
3677 2163 3775 2219 aint

2202 2255 2432 2325 ἔφθασε.
2453 2256 2620 2309 Πάλιν
2665 2256 2722 2309 δὲ
2758 2255 2900 2310 κατὰ
2944 2255 3261 2329 προσθήκην
3304 2254 3535 2326 δύναμίς
3560 2272 3644 2317 τις
3675 2253 3774 2323 ψυν

2202 2346 2330 2418 χικὴ
2368 2349 2480 2409 τοῖς
2527 2347 2742 2417 ἀλόγοις
2775 2347 3123 2418 ἐγγινομένη,
3156 2346 3276 2400 οὐδὲ
3305 2345 3445 2417 αὑτὴ
3465 2344 3559 2399 τοῦ
3593 2346 3775 2408 τέλους

2202 2438 2438 2508 ἐφίκετο,
2461 2436 2618 2508 λόγου
2652 2457 2711 2493 τε
2761 2440 2856 2493 καὶ
2899 2438 3134 2502 διανοίας
3178 2440 3336 2511 χάριν
3373 2441 3432 2491 ὲν
3483 2439 3651 2508 ἑαυτῇ
3704 2438 3775 2509 μὴ

2202 2532 2521 2602 χωρήσασα.
2546 2531 2645 2585 Διὰ
2681 2530 2838 2584 τοῦτό
2866 2549 3046 2602 φαμεν
3070 2529 3169 2602 τὴν
3208 2531 3305 2601 μὲν
3331 2529 3507 2601 ἀληθῆ
3546 2529 3644 2582 καὶ
3690 2548 3775 2582 τε·

2201 2621 2351 2677 λείαν
2387 2622 2564 2694 ψυχὴν
2600 2623 2942 2695 ἀνθρωπίνην
2968 2618 3140 2690 εἶναι,
3168 2622 3257 2676 διὰ
3288 2623 3468 2693 πάσης
3501 2620 3775 2693 ἐνεργείας

2202 2714 2630 2787 γνωριζομένην.
2659 2717 2723 2769 Εἰ
2752 2715 2811 2770 δέ
2836 2733 2888 2770 τι
2913 2715 3041 2770 ἄλλο
3065 2713 3280 2786 μετέχει
3317 2710 3485 2784 ζωῆς,
3523 2714 3581 2766 ἐν
3609 2730 3776 2766 κειται⁴

2202 2807 2394 2878 χρήσει
2421 2808 2528 2861 τινὶ
2557 2807 2845 2879 συνηθείας
2900 2807 3141 2879 ἔμψυχον
3182 2805 3434 2876 λέγομεν,
3476 2805 3549 2876 μὴ
3585 2803 3668 2858 ὅτι
3694 2822 3778 2857 τε-

2202 2898 2324 2953 λεία
2351 2900 2410 2953 ἐν
2450 2897 2660 2962 τούτοις
2693 2900 2842 2952 ἐστὶν
2878 2901 2912 2970 ἡ
2946 2898 3116 2971 ψυχὴ,
3136 2898 3273 2953 ἀλλά
3296 2914 3416 2951 τινα
3452 2897 3595 2968 μέρη
3618 2895 3777 2967 ψυχιο

2203 2986 2306 3056 κῆς
2326 2986 2621 3058 ἐνεργείας,
2642 2987 2679 3041 ἃ
2716 2988 2812 3042 καὶ
2843 2990 2901 3042 ἐν
2938 2987 3016 3059 τῷ
3050 2986 3321 3059 ἀνθρώπῳ
3352 2987 3494 3040 κατὰ
3542 2990 3643 3059 τὴν
3678 3005 3779 3058 μυ-

2205 3078 2394 3149 στικὴν
2414 3074 2509 3131 τού
2538 3078 2816 3143 Μωῦσέως
2863 3080 3306 3151 ἁνθρωπογονίαν
3330 3079 3776 3150 ἐπι-γεγενῆσθαι,

2203 3167 2292 3221 διὰ
2322 3168 2422 3238 τὴν
2450 3168 2586 3241 πρὸς
2614 3169 2677 3222 τὸ
2718 3169 2959 3240 ἐμπαθὲς
2992 3169 3303 3240 οἰκειότητα
3354 3169 3775 3242 μεμαθήκαμεν.

2204 3260 2303 3313 Διὰ
2344 3259 2506 3313 τοῦτο
2550 3260 2931 3332 συμϐουλεύων
2956 3263 2985 3315 ό
3018 3259 3230 3327 Παῦλος
3257 3265 3368 3326 τοῖς
3406 3261 3626 3317 ἀκούειν
3652 3262 3777 3332 βουο

2204 3352 2451 3423 λομένοις
2502 3353 2603 3424 τῆς
2649 3352 2981 3423 τελειότητος
3005 3353 3256 3425 ἔχεσθαι,
3299 3355 3394 3408 καὶ
3444 3354 3535 3407 τὸν
3582 3354 3781 3425 τρόπον

2204 3443 2353 3507 ὅπως
2379 3442 2446 3497 ἂν
2471 3438 2565 3496 τοῦ
2616 3444 3047 3515 σπουδαζομένου
3080 3445 3292 3514 τύχοιεν
3336 3445 3673 3508 ὑποτίθεται,
3697 3445 3781 3496 λέ-

2204 3553 2338 3604 γων,
2372 3534 2780 3589 ἁπεκδύσασθαι
2814 3536 2923 3589 δεῖν
2949 3536 3041 3590 τὸν
3082 3537 3311 3591 παλαιὸν
3336 3536 3657 3607 ἄνθρωπον,
3693 3537 3783 3588 καὶ

2205 3627 2531 3681 ἐνδύσασθαι
2558 3628 2649 3680 τὸν
2669 3628 2809 3693 νέον,
2840 3629 2931 3682 τὸν
2958 3630 3417 3702 ἀνακαινούμενον
3450 3631 3571 3682 κατ’
3599 3628 3784 3683 εἰκόνα

2206 3718 2300 3773 τοῦ
2349 3719 2649 3783 κτίσαντος.
2695 3721 2833 3773 Ἀλλ’
2868 3722 3251 3793 ἐπανέλθωμεν
3308 3723 3507 3785 πάντες
3558 3723 3653 3774 ἐπὶ
3687 3721 3785 3789 τὴν

2208 3811 2415 3882 θεοειδῆ
2438 3812 2598 3883 χάριν
2621 3813 2857 3883 ἐκείνην,
2893 3808 3005 3888 ὲνῇ
3031 3815 3215 3869 ἔκτισε
3242 3815 3302 3868 τὸ
3330 3816 3450 3869 κατ’
3482 3815 3655 3885 ἀρχὰς
3696 3813 3782 3865 τὸν

2206 3902 2488 3973 ἄνθρωπον
2515 3907 2543 3957 ὁ
2575 3903 2727 3967 Θεὸς,
2760 3903 2929 3958 εἰπών
2950 3922 2963 3936 ο
2992 3905 3073 3958 ὅτι
3099 3924 3117 3956 ι
3150 3905 3469 3976 Ποιήσωμεν
3499 3902 3786 3973 ἄνθρωπον

2208 3993 2326 4047 κατ’
2357 3994 2542 4047 εἰκόνα
2572 3996 2664 4048 καὶ
2700 3994 2957 4065 ὁμοίωσιν
2990 3996 3316 4067 ἡμετέραν.»
3344 3988 3415 4065 ’ᾭ
3452 3996 3487 4065 ἡ
3515 3993 3645 4057 δόξα
3694 3993 3787 4045 καὶ

2204 4086 2266 4138 τὸ
2294 4087 2494 4158 κράτος
2526 4089 2604 4151 είς
2634 4089 2759 4151 τοὺς
2780 4088 2981 4152 αἰῶνας
3008 4087 3118 4141 τῶν
3146 4087 3381 4141 αἰώνων.
3419 4087 3615 4157 Ἀμήν.

524 4177 826 4232 obnoxium
870 4190 974 4233 nos
1012 4177 1429 4233 demisissemus
1458 4190 1472 4232 :
1506 4177 1651 4231 sicut
1681 4186 1864 4232 estex
1902 4193 2104 4232 arcana
2142 4176 2308 4234 Mosis
2368 4180 2436 4234 de
2475 4180 2714 4236 hominis
2767 4189 2891 4235 ortu
2938 4181 3255 4236 narratione
3297 4180 3657 4235 declaratum.
3695 4176 3781 4231 hl~

518 4271 680 4325 circo
715 4270 918 4327 Paulus
950 4286 1018 4327 eo
1061 4272 1205 4335 ioco,
1236 4287 1349 4341 quo
1380 4272 1618 4326 consulit
1648 4272 1904 4347 omnibus
1955 4274 2049 4342 qui
2099 4288 2289 4341 parere
2351 4275 2587 4330 consilio
2627 4274 2803 4344 ipsius
2842 4274 3035 4339 velint,
3071 4285 3130 4330 ut
3173 4275 3495 4346 perl‘ectioni
3531 4274 3647 4328 sint
3694 4270 3781 4325 ad-

518 4362 702 4422 .dicti:
754 4364 975 4417 modum
1011 4353 1181 4419 etiam
1215 4363 1459 4433 subiicit,
1508 4376 1618 4434 quo
1663 4363 1777 4418 fieri
1825 4374 2106 4434 compotes
2162 4367 2272 4421 voti
2326 4367 2413 4422 sui
2452 4367 2682 4436 possint,
2730 4382 2857 4422 cum
2911 4367 3030 4422 ait:
3078 4366 3399 4422 Emendum
3438 4382 3563 4421 esse
3618 4364 3785 4418 homi-

523 4468 655 4515 item
677 4465 938 4520 veterem,
967 4464 1023 4512 et
1080 4455 1415 4512 induendum
1464 4472 1691 4521 novum,
1716 4459 1811 4528 qui
1848 4460 1919 4513 sit
1976 4456 2042 4511 ad
2094 4458 2383 4529 imaginem
2418 4458 2697 4516 Creatoris
2739 4460 3100 4516 instauratus.
3150 4460 3264 4529 Age
3309 4459 3496 4530 igitur,
3540 4464 3779 4512 reverta-

522 4560 655 4604 mur
687 4560 880 4604 omnes
924 4550 992 4603 ad
1021 4549 1263 4604 divinam
1296 4549 1449 4602 illam
1486 4551 1737 4620 gratiam,
1772 4564 1880 4621 qua
1918 4565 2100 4604 rermn
2152 4550 2313 4606 initio
2364 4550 2506 4608 Deus
2566 4552 2843 4607 hominem
2873 4564 3118 4608 creatum
3169 4552 3407 4613 ornavit,
3458 4565 3585 4605 curn
3635 4548 3777 4601 dicc-

524 4648 614 4694 ret
647 4658 661 4695 :
706 4657 725 4691 ι
764 4636 1051 4696 Faciamus
1092 4641 1367 4697 hominem
1396 4640 1466 4696 ad
1508 4642 1796 4713 imaginem
1833 4642 2358 4715 similitudinemque
2408 4653 2676 4702 nostram.
2713 4665 2733 4700 ι
2766 4645 2826 4701 Εἰ
2864 4647 2939 4703 sit
2969 4646 3140 4719 gloria
3185 4654 3240 4701 et
3283 4652 3527 4715 potestas
3570 4640 3781 4698 sarculis

528 4736 777 4794 infinitis.
809 4736 1001 4793 Amen.

602 4891 672 4925 ”‘
702 4893 827 4953 Cor.
868 4910 989 4963 xm,
1029 4895 1114 4951 Η.

3784 5236 3795 5257 ,ί

3782 5266 3791 5273 .

3772 5522 3777 5529 .

3760 5806 3783 5833 τί
