3996 6504
493 369 601 426 239

1733 362 1788 420 S.
1822 360 2152 420 GREGORII
2187 359 2473 417 NYSSENI

3645 356 3747 411 2'20

496 492 889 559 Quamobrem,
919 489 1064 561 quod
1119 489 1174 543 in
1224 493 1277 542 te
1305 485 1684 542 admirandum
1734 495 1840 550 est,
1883 486 2068 546 homo,

2190 505 2197 537 l
2228 488 2260 554 ἡ
2294 482 2494 553 γνῶσίς
2544 501 2638 537 σου
2668 482 2729 547 ἐξ
2760 481 2917 553 ἐμοῦ.
2956 502 2975 532 ι
3016 479 3164 534 Κατὰ
3197 479 3294 550 τὴν
3339 483 3532 549 τέχνην
3563 481 3661 551 τὴν
3688 484 3746 536 ἐν

499 588 568 640 ne
597 583 1014 652 contempseris.
1047 579 1258 633 Parvus
1284 587 1339 632 tu
1368 579 1588 649 quidem
1613 593 1694 639 es,
1725 588 1782 630 ιιι
1804 578 2066 645 opinaris,

487 677 594 732 'sed
639 690 879 746 praesens
908 674 1087 728 oratio
1125 680 1180 726 te
1211 687 1469 742 magnum
1513 685 1636 726 esse
1679 669 2068 740 deprehendet.

502 769 712 822 Idcirco
755 765 979 836 sapiens
1011 762 1205 823 David.
1232 763 1323 833 qui
1357 778 1416 818 se
1447 763 1623 833 ipsum
1664 761 1951 830 diligenter
1979 775 2072 814 ex-

505 861 719 931 plorare
773 860 1019 920 noverat,
1070 874 1089 906 ι
1131 853 1418 921 Mirabilis,
1456 872 1476 904 ι
1516 851 1711 922 inquit,
1757 866 1780 902 ι
1828 850 1964 906 facta
1989 859 2074 906 est

503 949 732 1004 scientia
763 955 858 1000 tua
889 961 954 1000 ex
985 962 1088 1000 me.
1129 965 1146 997 ι
1186 945 1466 1000 Undenam
1493 943 1860 1013 cognitionem
1887 944 1964 997 tui
1991 957 2075 996 ra-

503 1041 650 1094 tione
703 1037 937 1092 miriiica
988 1037 1117 1092 licet
1183 1036 1454 1091 inveniri?
1511 1050 1578 1090 ex
1643 1050 1752 1099 me,
1811 1033 2074 1089 Mirabilis

2176 577 2317 648 ἐμοὶ,
2352 578 2450 646 ὅσῃ
2499 576 2656 645 σοφίᾳ
2710 571 3120 642 κατεσκευάσθη
3150 588 3250 641 μου
3287 570 3347 622 τὸ
3383 569 3541 640 σῶμα
3581 587 3744 626 κατα-

2174 671 2394 740 νοήσας,
2427 670 2492 722 ἐκ
2545 667 2639 721 τοῦ
2694 663 2892 737 μικροῦ
2938 664 3130 717 τούτου
3192 661 3742 732 κατασκευάσματος,
3785 699 3792 717 ι

2174 759 2265 811 τὸν
2296 758 2468 829 μέγαν
2490 756 2832 828 Δημιουργὸν
2859 754 3079 825 ἐνόησα.
3120 773 3140 804 ι
3180 753 3504 823 Ποιήτωμεν
3541 752 3749 823 ἀνθρθν
3775 751 3792 822 Ῐ

2176 869 2278 904 πον
2311 849 2430 905 κατ’
2456 850 2639 904 εἰκόνα
2678 849 2953 922 ἡμετέραν
2994 848 3088 901 καὶ
3125 847 3402 918 ὁμοίωσιν.
3443 864 3461 896 ι
3505 833 3784 917 Ἐδείχθη’

2178 941 2371 1014 πρῴην
2398 941 2456 995 ἐν
2489 941 2841 1014 παραδρομῇ,
2873 939 2968 992 καὶ
3009 937 3322 1012 ἀρκούντως
3363 936 3579 1007 ἐδείχθη
3610 937 3691 1001 τίς
3719 939 3750 990 ὁ

2177 1035 2353 1103 λέγων
2385 1034 2638 1106 καὶπρὸς
2679 1034 2802 1088 τίνα
2832 1036 2862 1087 ὁ
2899 1033 3082 1102 λόγος*
3113 1032 3207 1086 καὶ
3233 1031 3346 1102 ἔχει
3389 1032 3423 1101 ή
3456 1030 3749 1102 Ἐκκλησία

503 1131 646 1186 facta
690 1137 778 1186 est
816 1129 1047 1185 scientia
1077 1137 1170 1183 tua
1200 1144 1267 1183 ex
1305 1141 1413 1182 me.
1453 1125 1759 1181 Artiﬁcium
1798 1126 2079 1197 sapientia:

2190 1127 2273 1191 ta;
2301 1127 2430 1198 περὶ
2461 1126 2667 1180 τούτων
2703 1125 3006 1192 ἀποδείξεις
3033 1139 3050 1156 ο
3080 1118 3282 1194 μᾶλλον
3316 1123 3374 1177 δὲ
3403 1123 3516 1193 ἔχει
3543 1124 3748 1186 πίστιν,

503 1231 630 1286 tnze,
672 1237 784 1293 quo
826 1235 1028 1291 corpus
1079 1235 1259 1274 meum
1301 1227 1676 1275 constructum
1715 1227 1823 1284 est,
1872 1232 2078 1289 cogno-

508 1330 692 1379 scens,
726 1331 792 1370 ex
828 1329 997 1386 parva
1024 1312 1231 1367 fabrica
1271 1327 1528 1384 magnum
1547 1311 1807 1382 Opiﬁcem
1834 1310 2082 1366 animad-

506 1415 676 1460 verto.
713 1425 731 1458 ι
757 1405 1046 1462 Faciamus
1076 1404 1348 1460 hominem
1375 1403 1443 1458 ad
1473 1404 1761 1474 imaginem
1791 1409 1846 1456 et
1874 1401 2075 1456 simili—

2176 1218 2504 1284 ἀποδείξεως
2551 1217 2922 1289 βεϐαιοτέραν.
2953 1235 2971 1268 ι
3011 1217 3338 1286 Ποιήσωμεν
3385 1214 3692 1287 ἄνθρωπον.
3722 1231 3750 1269 a

2177 1309 2478 1382 Κατάμαθε
2513 1309 2738 1364 σεαυτὸν
2777 1307 3023 1361 ἐντεῦθεν
3067 1305 3405 1379 ἀρξάμενος,
3441 1304 3598 1360 οῦπω
3626 1305 3754 1378 περὶ

2179 1403 2341 1457 ἄλλου
2389 1401 2498 1457 τῶν
2527 1400 3065 1471 κατασκευασμάτων
3097 1400 3236 1471 αῦτη
3268 1401 3302 1470 ἡ
3334 1399 3485 1472 φωνὴ
3509 1400 3752 1472 ἀνάγρα-

505 1496 748 1550 tudinem
791 1505 1055 1550 nostram.
1096 1513 1115 1546 ι
1140 1490 1359 1558 Paucis,
1387 1490 1482 1546 sed
1527 1491 1661 1546 satis
1687 1495 1870 1559 aperte
1893 1495 2072 1541 tamen

2190 1498 2336 1558 πτοςε
2369 1494 2489 1557 Φῶς
2543 1493 2780 1563 ἐγένετο,
2810 1493 2907 1548 καὶ
2955 1491 3159 1546 ἁπλοῦν
3215 1491 3560 1563 πρόσταγμα.
3593 1490 3754 1545 Εἶπεν

505 1585 938 1640 demonstratum
961 1590 1047 1638 est
1072 1590 1198 1638 ante
1226 1597 1347 1652 quae
1384 1581 1516 1646 sint,
1551 1587 1606 1634 et
1642 1579 1710 1632 ad
1737 1592 1900 1647 quem
1937 1575 2076 1631 refeé

2190 1587 2210 1639 5
2239 1586 2388 1649 Θεὸς,
2430 1585 2716 1657 Γενηθήτω
2758 1585 2896 1655 φῶς.
2939 1584 3200 1657 Οὐρανὸς,
3236 1585 3330 1637 καὶ
3360 1584 3487 1638 ἄνευ
3515 1585 3703 1653 βουλῆς
3725 1587 3754 1636 ὁ

505 1689 698 1735 rantur
722 1679 836 1734 haec
865 1678 1049 1733 verba.
1081 1676 1142 1730 Et
1173 1674 1334 1730 habet
1360 1672 1603 1728 Ecclesia
1628 1672 1695 1726 de
1733 1671 1822 1726 his
1853 1671 2079 1725 demon-

2190 1677 2431 1748 οὐρανός.
2456 1676 2771 1747 Φωστῆρες,
2808 1676 2904 1731 καὶ
2942 1676 3095 1730 οὐδὲν
3139 1673 3604 1746 προεϐουλεύσατο
3630 1673 3756 1744 περὶ

506 1769 818 1833 strationes,
843 1766 951 1822 imo
974 1782 1102 1822 vero
1122 1766 1277 1819 Iidem
1303 1761 1464 1818 habet
1490 1761 1638 1816 omni
1651 1756 2077 1816 demonStratio‘

2190 1767 2293 1820 τῶν
2335 1769 2656 1837 φωστήρων.
2707 1766 2962 1821 Θάλασσα
2999 1767 3094 1820 καὶ
3124 1766 3337 1836 πελάγη
3386 1765 3610 1836 ἄπειρα,
3665 1766 3755 1819 καὶ

508 1879 574 1916 ne
591 1861 906 1916 ﬁrmiorem.
947 1877 965 1910 ι
994 1857 1276 1913 Faciamus
1299 1855 1596 1910 hominem.
1633 1873 1652 1906 ι
1688 1852 1828 1908 Hinc
1854 1852 2081 1924 incipies

2190 1861 2466 1930 προσταγῇ
2490 1857 2749 1930 παρήχθη
2787 1860 2867 1922 είς
2891 1859 2952 1912 τὸ
2982 1853 3142 1912 εἶναι.
3185 1857 3406 1928 Ἰχθύων
3439 1857 3572 1927 γένη
3625 1875 3754 1909 παν-

505 1958 559 2006 te
580 1952 756 2021 ipsum
788 1964 1142 2022 cognoscere.
1176 1946 1424 2002 Nondum
1449 1945 1505 2000 in
1527 1945 1634 1999 ulla
1661 1943 1941 1998 molitione
1969 1943 2082 1998 haec

2190 1944 2409 2015 ἐοδαπὰ,
2440 1939 2798 2004 κελευσθέντα
2836 1951 3074 2020 ἐγένετο.
3106 1950 3305 2022 Θηρία,
3341 1950 3433 2002 καὶ
3463 1950 3634 2019 κτήνη
3666 1950 3758 2000 καὶ

509 2059 608 2099 vox
643 2044 847 2113 scripta
899 2049 1008 2098 est.
1059 2039 1222 2094 Facta
1267 2038 1369 2094 fuit
1406 2038 1525 2097 lux.
1585 2036 1679 2092 sed
1721 2035 1952 2105 simplici
1989 2033 2082 2090 Dei

2190 2040 2250 2094 τὰ
2287 2041 2486 2113 πτηνὰ,
2531 2037 2684 2108 εἷπε,
2717 2042 2810 2095 καὶ
2862 2041 3100 2110 ἐγένετο.
3157 2041 3421 2095 Ἐνταῦθα
3459 2040 3614 2094 οὔπω
3667 2041 3757 2094 ἄν·

508 2135 766 2190 mandato
803 2134 1058 2194 dicentis,
1103 2130 1222 2184 Fiat
1253 2131 1365 2185 lux.
1400 2129 1635 2193 lemn,
1675 2128 1770 2183 sed
1807 2128 1926 2182 sine
1949 2140 2082 2181 con-

2190 2127 2418 2204 θρωπος,
2438 2135 2534 2189 καὶ
2559 2133 2721 2206 βουλὴ
2743 2135 2870 2206 περὶ
2892 2133 3200 2205 ἀνθρώπου.
3217 2134 3332 2187 Οὐκ
3353 2130 3506 2187 εἶπεν
3529 2133 3605 2197 ὠς
3628 2134 3754 2205 περὶ

518 2225 812 2278 snltatione
839 2241 850 2276 :
887 2222 1078 2286 stellze,
1108 2221 1201 2275 sed
1232 2220 1379 2274 nulla
1409 2220 1686 2288 praecessit
1711 2217 2034 2274 deliberatio
2065 2237 2079 2274 :

2193 2220 2302 2273 τῶν
2325 2221 2520 2286 ἄλλων,
2551 2220 2841 2292 Γενηθήτω
2861 2220 3166 2292 ἄνθρωπος.

510 2317 754 2388 pelagus,
805 2325 968 2385 atque
1025 2311 1441 2367 innumerabilia
1481 2311 1653 2365 maria
1694 2310 1760 2364 ad
1781 2310 2025 2380 iubentis
2055 2327 2242 2369 vocem
2291 2315 2642 2370 exstiterunt.
2675 2314 2875 2371 Eodem
2932 2315 3094 2370 modo
3133 2317 3314 2372 omnia
3377 2316 3607 2386 piscium
3667 2331 3761 2388 ge-

510 2420 662 2469 nera,
693 2403 900 2467 bestia,
938 2415 993 2458 et
1019 2412 1156 2464 cete,
1187 2407 1310 2472 qua:
1350 2407 1557 2465 natant,
1617 2403 1847 2469 quaeque
1906 2401 2091 2455 volant
2136 2401 2415 2467 animalia,
2458 2395 2551 2458 Dei
2614 2403 2858 2472 iubentis
2894 2403 3059 2458 verbo
3089 2403 3228 2458 farta
3273 2417 3423 2463 sunt.
3466 2403 3564 2459 llic
3625 2417 3765 2461 non-6

512 2501 643 2554 dum
687 2506 771 2553 est
802 2495 986 2560 homo,
1017 2493 1159 2556 etde
1202 2491 1420 2548 homine
1469 2491 1700 2546 habetur
1744 2490 2062 2546 consilium.
2093 2491 2232 2557 Non,
2266 2502 2325 2549 ut
2366 2494 2489 2550 aliis
2524 2496 2578 2550 in
2609 2496 2773 2551 rebus
2803 2495 2941 2550 dixit
2970 2513 2984 2550 :
3025 2490 3145 2550 Fiat
3177 2495 3361 2552 homo.
3445 2483 3458 2490 ’

587 2589 746 2645 Disce
776 2587 1010 2658 pretium
1054 2600 1124 2642 ac
1151 2584 1467 2656 dignitatem
1495 2592 1663 2640 tuam.
1697 2583 1811 2640 Non
1850 2583 2081 2655 p’rojecit

2252 2586 2552 2658 Κατάμαθε
2595 2587 2824 2643 σεαυτοῦ
2859 2579 2921 2642 et
2949 2589 3146 2660 τίμιον.
3172 2585 3248 2643 Οὐ
3293 2592 3625 2666 προσέρῤιτζνέ
3669 2611 3763 2647 σου

515 2680 773 2736 mandato
803 2685 858 2733 et
897 2676 1052 2748 jussu
1082 2684 1230 2736 tuam
1261 2676 1714 2746 procreationem,
1757 2675 1852 2732 sed
1893 2676 2079 2731 consi-

2190 2678 2280 2750 τὴν
2327 2678 2544 2748 γένεσιν
2581 2680 2987 2753 προστάγματι,
3019 2667 3158 2735 ἀλλὰ
3190 2681 3572 2756 βουλευτήριον
3605 2686 3662 2738 ὲν
3688 2666 3774 2755 τῷ

517 2774 646 2826 lium
677 2786 741 2824 ac
767 2768 1087 2826 deliberatio
1126 2766 1228 2822 fuit
1270 2767 1323 2821 in
1351 2766 1480 2828 Deo,
1519 2767 1795 2837 quomodo
1829 2767 1938 2823 tale
1964 2768 2084 2822 ani-

2190 2770 2324 2842 Θεῷ,
2358 2771 2478 2835 πῶς
2508 2765 2691 2842 μέλλει
2721 2771 2784 2824 τὸ
2811 2769 2993 2843 τίμιον
3035 2771 3174 2837 ζῶον
3211 2760 3292 2836 είς
3320 2772 3414 2827 τὸν
3453 2774 3568 2844 βίον
3596 2778 3768 2847 παρά-

516 2865 622 2918 mal
655 2862 1050 2935 produceretur
1081 2859 1135 2914 in
1165 2861 1366 2922 vitam.
1395 2877 1415 2911 ι
1458 2857 1766 2922 Faciamus,
1802 2879 1820 2912 ι
1865 2860 2086 2932 sapiens

2190 2862 2397 2932 γεσθαι.
2431 2882 2449 2914 ι
2481 2863 2832 2934 Ποιήσωμεν,
2865 2881 2883 2914 ι
2920 2863 2950 2916 ὁ
2989 2849 3151 2933 σοφὸς
3176 2863 3508 2935 hauritur,
3529 2869 3563 2920 ό
3589 2867 3767 2937 τεχνί-

515 2953 793 3019 consulit,
854 2950 1046 3006 artifex
1112 2949 1426 3005 meditatur.
1493 2950 1698 3020 Ecquid
1761 2951 1916 3006 deest
1982 2950 2087 3006 arti

2191 2971 2292 3023 της
2323 2941 2670 3024 ὲνθυμῖται·
2708 2950 2818 3026 ἆρα
2854 2953 3029 3008 λείπει
3059 2939 3228 3009 αὐτοῦ
3253 2958 3320 3028 τῇ
3347 2955 3536 3030 τέχνῃ,
3571 2958 3666 3010 καὶ
3703 2961 3766 3010 ὲκ

517 3046 679 3116 ejus?
698 3044 944 3110 Quanam
977 3041 1292 3097 dilllcultate
1313 3041 1864 3105 adductuseoasalit.
1895 3051 1956 3097 ut
1988 3043 2087 3098 ab-

2192 3043 2294 3116 τ¹ῆς
2320 3044 2588 3116 μερίμνης
2621 3042 2868 3116 βούλεται
2895 3047 3302 3117 ἁπηρτισμένον
3327 3048 3422 3101 καὶ
3448 3048 3653 3101 τέλειον
3672 3050 3768 3102 καὶ

516 3141 752 3195 solutum
779 3149 832 3189 et
861 3134 1162 3205 perlectum
1188 3133 1637 3204 elaboratumque
1669 3133 1832 3188 faciat
1855 3134 2084 3190 charum

2193 3122 2574 3208 ἠκριϐωμένον
2612 3134 2777 3190 αὑτοῦ
2821 3137 3046 3213 ποιῆσαι
3080 3121 3142 3190 to
3173 3122 3639 3211 φιλοτέχνημα;η
3679 3141 3766 3195 ἵνα

513 3245 656 3301 opus
715 3226 914 3282 suum?
963 3242 1031 3280 an
1093 3234 1153 3282 ut
1206 3225 1464 3281 ostendat
1514 3234 1570 3282 te
1611 3225 1912 3296 perfectum
1963 3241 2087 3283 esse

2190 3244 2271 3281 σοι
2296 3226 2446 3301 δείξῃ
2475 3213 2558 3281 ὅτι
2586 3227 2789 3306 τέλειος
2819 3222 2870 3281 εἶ
2906 3228 3057 3300 παρὰ
3099 3229 3218 3304 Θεῷ
3249 3246 3263 3308 ς
3296 3231 3538 3302 Ἔμαθες
3567 3233 3651 3286 ὅτι
3674 3231 3770 3287 δύο

515 3322 659 3393 apud
697 3318 907 3374 Deum?
950 3317 1096 3372 Duas
1143 3315 1368 3372 adverte
1409 3324 1714 3388 personas;
1747 3329 1935 3384 unam,
1967 3333 2087 3388 qua:

2190 3313 2477 3390 πρόσωπα,
2518 3319 2548 3371 ὁ
2575 3318 2770 3386 λέγων,
2803 3319 2896 3372 καὶ
2925 3318 3061 3391 πρὸς
3094 3319 3152 3373 ὃν
3180 3322 3208 3374 ὁ
3235 3307 3409 3391 λόγος.
3450 3323 3552 3376 Διὰ
3593 3324 3648 3377 τί
3669 3325 3769 3378 οὐκ

519 3415 805 3484 loquitur:
846 3409 1100 3470 alteram,
1137 3407 1204 3462 ad
1243 3421 1407 3479 quam
1450 3407 1702 3478 dirigitur
1737 3408 1934 3464 oratio.
1977 3409 2093 3465 Cur

518 3513 701 3557 autem
749 3514 857 3554 non
887 3496 1048 3564 dixit,
1074 3493 1281 3555 Facito.
1335 3495 1737 3561 sed,Faciamus
1775 3496 2092 3554 hominem?

523 3603 585 3648 nt
615 3590 930 3662 imperium,
965 3603 1029 3643 ac
1053 3587 1392 3642 dominatum
1428 3587 1759 3659 intelligeres
1785 3605 1800 3643 :
1830 3605 1901 3645 ne
1930 3582 2094 3648 Patre

519 3683 764 3755 cognito,
788 3677 984 3734 Filium
1021 3680 1323 3749 ignorares,
1359 3685 1421 3732 ut
1452 3679 1624 3735 scires
1647 3677 1863 3736 Patrem
1897 3679 2093 3738 fecisse

455 3765 459 3770 ’
522 3786 618 3841 per
659 3773 883 3835 Filium,
939 3778 995 3827 et
1044 3770 1242 3824 Filium
1276 3780 1498 3841 paterna
1524 3785 1740 3829 creasse
1787 3771 2093 3836 voluntate.

524 3866 882 3936 laudaresque
904 3860 1121 3916 Patrem
1175 3862 1229 3915 in
1259 3861 1419 3928 Filio,
1469 3871 1523 3919 et
1555 3861 1754 3919 Filium
1793 3863 1850 3920 in
1885 3865 2093 3938 Spiritu

521 3967 736 4016 sancto.
782 3957 1084 4027 Commune
1125 3969 1317 4010 eorum
1354 3969 1494 4026 opus
1527 3958 1806 4023 exstitisti,
1837 3967 1898 4015 ut
1946 3959 2096 4031 ipsos

523 4054 732 4122 pariter
753 4049 951 4106 adores
977 4058 1034 4103 et
1058 4047 1234 4113 colas,
1257 4061 1323 4101 ne
1345 4049 1748 4106 venerationem
1775 4052 2095 4124 cultumque

520 4141 757 4206 dividas,
807 4155 934 4197 cum
976 4139 1194 4194 unicam
1237 4152 1362 4194 esse
1406 4137 1748 4198 divinitatem
1792 4143 2092 4215 intelligas.

524 4232 666 4289 Vide
690 4233 974 4289 historiam
1012 4247 1079 4287 ex
1125 4230 1318 4303 ﬁgura,
1343 4239 1399 4286 et
1441 4231 1766 4304 theologiam
1805 4249 1873 4292 ex
1893 4236 2006 4295 via
2027 4235 2097 4292 Et

527 4327 658 4383 fecit
683 4323 1134 4381 Deusbominem.
1149 4323 1552 4395 i-«Faciamus,
1567 4328 1786 4398 uinquit,
1798 4338 1855 4384 et
1868 4329 2091 4389 fecitzne

2185 3407 2306 3465 εἷπε
2325 3451 2340 3475 ,
2367 3409 2601 3481 Ποίησον
2619 3450 2634 3473 ,
2662 3409 2796 3464 ἀλλὰ
2835 3398 3154 3489 Ποιήσωμεν
3183 3413 3496 3483 ἄνθρωπονς
3518 3413 3607 3468 ἵνα
3646 3418 3770 3487 νοήο

2189 3521 2289 3574 σῃς
2311 3503 2409 3574 τὴν
2427 3491 2763 3565 δεσποτείαν,
2785 3503 2873 3557 ἵνα
2899 3503 2974 3575 μὴ
2993 3488 3087 3556 τδν
3112 3488 3334 3576 Πατέρα
3362 3506 3765 3574 ἐπιγινώσκων,

2186 3597 2282 3650 τὸν
2316 3593 2444 3650 Υἱδν
2485 3598 2687 3668 ἀγνοῇς
2712 3613 2726 3630 ο
2779 3597 2866 3649 ἵνα
2909 3581 3054 3668 εἰδῇς
3084 3597 3165 3650 ὃτι
3206 3583 3396 3669 Πατὴρ
3426 3598 3651 3669 ἐποίησε
3680 3598 3768 3654 8ιᾶ

2192 3689 2365 3754 Υῐοῦ,
2411 3689 2506 3744 και
2561 3674 2690 3753 Υιδς
2733 3676 2984 3769 meum
3029 3687 3269 3760 πατρὼῳ
3313 3669 3642 3767 θελήματιῇ
3676 3693 3769 3748 καὶ

2190 3779 2420 3851 δοξάσῃς
2446 3769 2666 3850 Πατέρα
2685 3781 2744 3833 ὲν
2777 3763 2912 3849 Υίῷ,
2944 3779 3039 3832 καὶ
3064 3777 3190 3832 Υίδν
3219 3781 3276 3831 ὲν
3305 3763 3580 3851 Πνεῦματι
3606 3763 3767 3852 άγίῳ.

2192 3857 2348 3925 Οῦτω
2373 3869 2552 3924 κοινὸν
2579 3870 2810 3939 γέγονας
2844 3868 3027 3940 ἔργον,
3066 3865 3153 3943 ἵνα
3183 3867 3362 3932 κοινὸς
3388 3871 3768 3943 προσκυνητῇς

2193 3952 2518 4036 ἀμφοτέρων
2549 3957 2657 4036 ᾖς’,
2705 3961 2780 4033 μὴ
2827 3945 3026 4032 σχίζων
3053 3940 3153 4032 τήν
3182 3946 3585 4032 προσκῦνησιν,
3635 3940 3770 4016 ἀλλὰ

2194 4049 2331 4112 ένῶν
2353 4056 2454 4128 τὴν
2483 4039 2732 4126 θεέτητα.
2767 4042 2909 4126 Ὅρα
2936 4053 3178 4125 ἱστορίαν
3223 4039 3322 4126 μέν
3352 4055 3612 4125 σχήματι,
3657 4055 3770 4109 θεοο

2193 4149 2380 4219 λογίαν
2422 4134 2481 4203 δέ
2523 4147 2771 4218 δυνάμει.
2831 4146 2940 4202 Kal
2978 4131 3270 4215 ἐποίησεν
3300 4150 3332 4202 ὀ
3359 4133 3505 4215 Θεὸς
3537 4149 3645 4201 τὸν
3671 4149 3769 4202 ἂνξ

2195 4244 2448 4311 θρωπον.
2491 4233 2842 4318 Ποιήσωμεν
2855 4261 2880 4291 .·
2913 4239 3024 4318 Καὶ
3047 4222 3150 4316 οῦκ
3171 4233 3314 4318 εἷπε,
3343 4240 3455 4294 Καὶ
3482 4223 3767 4310 ἐποίησαν,

2196 4324 2283 4389 ἵνα
2311 4333 2388 4408 μὴ
2409 4320 2697 4398 πολυθετας
2722 4316 2908 4416 λάϐῃς.
2925 4316 3201 4404 ἀφορμάςσ
3249 4316 3315 4385 Et
3341 4330 3448 4411 γὰρ
3477 4330 3770 4402 πληθυντί..

529 4419 884 4491 multiplicem
927 4417 1162 4474 Deorum
1208 4427 1492 4474 numerum
1541 4417 1814 4475 crederes.
1850 4415 1910 4474 Si
1943 4420 2087 4475 enim

2195 4426 2291 4480 κὸν
2317 4418 2658 4496 παρεισήχθη
2702 4415 2763 4478 τδ
2795 4423 3120 4495 πρόσωπον,
3162 4422 3401 4492 ἀφειδεῖς
3428 4421 3496 4476 ἂν
3523 4423 3776 4492 ἐγένοντο

529 4515 717 4584 plures
744 4510 942 4568 fecisse
967 4509 1303 4574 dicerentur,
1335 4511 1527 4566 adduci
1561 4518 1787 4582 possent
1817 4510 2084 4580 homines,

530 4612 591 4657 nt
617 4604 803 4677 plures
834 4604 938 4660 sibi
970 4602 1108 4660 Deos
1135 4602 1524 4675 contingerent.
1552 4602 1711 4658 Nunc
1743 4612 1922 4659 autem
1951 4605 2091 4660 scri-

530 4703 681 4764 ptum
703 4702 790 4751 est
831 4694 1269 4763 «Faciamus,iut
1303 4709 1604 4766 cognoscas
1633 4691 1874 4757 Patrem,
1905 4704 1960 4750 et
1995 4693 2090 4750 Fi-

534 4786 686 4849 lium,
715 4793 772 4841 et
800 4783 1062 4856 Spiritum
1091 4793 1340 4843 sanctum
1380 4793 1490 4853 :et,
1510 4800 1531 4839 ι
1562 4783 1715 4841 Fecit
1743 4785 1885 4844 Deus
1916 4786 2092 4842 homi-

532 4891 654 4930 nem
679 4885 804 4932 τουι
837 4877 1174 4934 divinitatem
1204 4877 1527 4949 coniungas,
1567 4888 1727 4949 atque
1770 4893 1934 4933 unam
1968 4893 2093 4934 esse

531 4969 676 5024 scias
714 4987 730 5023 :
777 4984 940 5024 unam
991 4969 1134 5036 dico,
1179 4987 1286 5026 non
1327 4971 1535 5026 unitate
1571 4980 1947 5042 personarum,
1994 4968 2090 5026 sed

531 5064 848 5128 potestate:
899 5067 958 5113 ut
987 5069 1112 5114 cum
1158 5060 1223 5114 ad
1266 5059 1601 5116 adorandum
1633 5060 1869 5121 accedis.
1919 5057 2091 5116 Deum

533 5166 700 5206 uinum
731 5150 924 5206 laudes
943 5161 997 5205 et
1021 5151 1191 5214 colas,
1222 5163 1321 5206 nec
1347 5151 1402 5204 in
1436 5149 1668 5204 Deorum
1689 5150 2092 5205 multitudinem

531 5242 883 5299 distraharis.
934 5239 1054 5296 Non
1097 5241 1280 5297 dixit:
1329 5239 1598 5296 Fecerunt
1643 5240 1918 5297 hominem
1971 5239 2088 5296 Dei.

532 5335 640 5388 Sed
670 5340 881 5400 :cFecit
895 5340 1039 5395 Deus
1051 5333 1616 5406 hominem.iPropria
1644 5343 1728 5386 est
1756 5331 2092 5403 hypostasis,

517 5442 628 5480 osctt
661 5440 896 5496 persona
923 5424 1124 5488 Patris,
1166 5423 1384 5494 propria
1411 5421 1554 5486 Filii,
1605 5424 1821 5494 propria
1856 5423 2095 5496 Spiritus

531 5518 727 5572 sancti.
763 5515 875 5569 Cur
896 5515 1061 5586 igitur
1088 5529 1194 5569 non
1218 5522 1328 5572 tres
1357 5511 1496 5568 Dei?
1525 5514 1652 5583 quia
1681 5529 1786 5570 una
1817 5515 2094 5571 divinitas.

532 5609 706 5670 Quam
759 5609 904 5661 enim
952 5607 1009 5662 in
1039 5605 1202 5661 Patre
1233 5608 1416 5661 cernis
1452 5608 1815 5673 divinitatem,
1847 5608 2092 5664 eamdem

531 5699 716 5752 cernis
749 5713 802 5752 ιιι
828 5693 982 5753 Filio.
1003 5697 1068 5752 Et
1096 5714 1257 5769 quam
1282 5698 1333 5753 in
1358 5692 1514 5761 Filio.
1539 5697 1782 5754 eamdem
1814 5699 1868 5753 i'n
1886 5697 2092 5770 Spiritu

530 5799 746 5846 sancto.
777 5789 1042 5857 Quoniam
1070 5807 1175 5846 una
1215 5790 1268 5846 in
1302 5798 1538 5862 utroque
1574 5805 1768 5859 norma,
1802 5801 1856 5849 et
1891 5792 2094 5863 princi-

2192 4514 2244 4569 οἱ
2273 4509 2569 4588 ἄνθρωποι,
2603 4504 2774 4568 πολλὰ
2807 4513 2983 4585 πλήθη
3023 4512 3172 4566 Θεῶν
3211 4501 3422 4577 ἕαυτοῖς
3465 4514 3772 4586 ἐπισωρεύ-

2193 4624 2361 4672 οντες.
2413 4606 2528 4662 Νῦν
2557 4590 2656 4676 μέν
2683 4623 2785 4668 τοι,
2828 4597 3206 4674 Ποιήσωμεν,
3233 4605 3322 4658 ἵνα
3350 4605 3626 4679 γνωρίσῃς
3657 4607 3772 4661 Πα-

2193 4699 2327 4770 τέρα
2357 4697 2451 4752 καὶ
2476 4685 2612 4751 Υίὸν
2634 4697 2726 4750 καὶ
2759 4696 2980 4768 Πνεῦμα
3006 4697 3180 4764 ἅγιον.
3218 4689 3542 4764 Ἐποίησεν
3566 4702 3601 4753 ὁ
3627 4699 3772 4764 Θεὸς

2195 4786 2304 4842 τὸν
2329 4785 2662 4854 ἄνθρωπον,
2708 4786 2795 4838 ἵνα
2819 4770 3024 4856 ένώσῃς
3052 4783 3152 4856 τὴν
3187 4771 3438 4856 θεότητα,
3481 4770 3691 4858 ένώσῃς
3718 4788 3773 4841 et

2196 4877 2259 4930 οῦ
2285 4877 2382 4941 τὰς
2416 4875 2758 4939 ὑποστάσεις,
2792 4872 2928 4930 ἀλλὰ
2955 4879 3020 4946 τῇ
3047 4861 3296 4947 δυνάμει,
3330 4877 3416 4931 ἵνα
3452 4877 3584 4948 μίαν
3615 4878 3776 4943 δόξαν

2199 4968 2328 5043 ἔχῃς
2350 4967 2426 5041 μὴ
2452 4961 2805 5039 μεριζόμενος
2829 4967 2956 5039 περὶ
2973 4968 3074 5040 τὴν
3087 4966 3489 5046 προσκύνησιν,
3518 4970 3596 5041 μὴ
3621 4988 3773 5043 μερι-

2202 5057 2429 5131 ζόμενος
2459 5057 2539 5118 είς
2563 5059 2872 5114 πολυθεῖαν.
2905 5059 3020 5112 Οὐκ
3046 5053 3219 5123 εἶπεν,
3263 5059 3557 5132 Ἐποίησαν
3586 5049 3645 5115 οί
3665 5062 3772 5116 θεοὶ

2199 5153 2288 5206 τὸν
2302 5141 2745 5225 ἄνθρωπον,άλλ’,
2757 5173 2774 5204 ι
2797 5151 3080 5223 Ἐποίησεν
3094 5153 3123 5205 ὁ
3135 5137 3284 5216 Θεόξ.
3301 5171 3319 5204 ι
3339 5152 3773 5221 Ἰδίαξύπόστεασις

2192 5241 2426 5314 Πατρδς,
2444 5242 2537 5295 καὶ
2563 5229 2665 5295 ιδίά
2683 5241 2834 5306 Υίοῦ,
2854 5242 2948 5295 καὶ
2973 5241 3076 5296 ἰδία
3090 5227 3232 5296 Πνεῦ
3237 5259 3404 5314 ματος
3417 5243 3597 5311 ἁγίου.
3611 5242 3714 5297 Διά
3724 5244 3771 5294 τί

2195 5329 2289 5388 οὖν
2309 5323 2369 5387 οὗ
2388 5337 2534 5405 τρεῖς
2557 5352 2571 5400 ;
2599 5335 2680 5388 ὃτι
2712 5335 2811 5406 μία
2826 5334 3035 5405 θεότης.
3063 5320 3165 5388 Ἦν
3186 5336 3294 5404 γὰρ
3319 5334 3502 5406 βλέπω
3522 5336 3584 5389 ὲν
3602 5335 3769 5406 Πατρδ

2199 5421 2450 5496 θεότητα,
2495 5426 2696 5497 ταύτην
2741 5417 2836 5481 καὶ
2881 5427 2938 5480 ὲν
2983 5419 3120 5497 Υἱῷ⁶
3169 5428 3264 5482 καὶ
3307 5429 3373 5498 ἢν
3404 5429 3463 5480 ἐν
3493 5429 3764 5499 Πνεύματι

2200 5508 2360 5586 ἁγίῳ,
2404 5512 2606 5585 ταύτην
2652 5515 2746 5568 καὶ
2787 5517 2844 5568 ὲν
2887 5515 3021 5589 Υίῷ.
3053 5517 3190 5572 διότι
3223 5517 3403 5589 μορφὴ
3435 5519 3497 5573 ὲν
3528 5518 3763 5590 ἑκατέρη·

2207 5606 2324 5678 μία.
2369 5604 2480 5662 Καὶ
2511 5607 2655 5681 ἀρχὴ
2697 5605 2807 5662 ἀπὸ
2835 5609 3047 5682 Πατρὸς
3074 5612 3132 5662 ὲν
3165 5607 3277 5680 Tit?)
3303 5612 3336 5680 ἡ
3368 5609 3528 5681 αὐτὴ,
3563 5610 3659 5666 καὶ
3683 5610 3763 5665 διὸ

2199 5696 2361 5752 τοῦτο
2387 5697 2480 5752 καὶ
2506 5698 2634 5771 παρ’
2669 5697 2798 5770 ἡμῖν
2826 5702 3194 5774 προσκύνησις
3223 5702 3318 5757 καὶ
3349 5701 3625 5772 δοξο).ογία
3650 5704 3766 5772 μία.

2201 5789 2490 5864 Προοίμιον
2513 5793 2610 5865 τῆς
2635 5792 2906 5865 ἡμετέρας
2931 5795 3217 5864 γενέσεως,
3245 5791 3488 5863 θεολογία
3522 5796 3742 5866 ἀληθινή
