3996 6466
219 381 301 441 2⁸1

933 360 999 415 IN
1037 358 1288 423 VERBA,
1331 355 1713 414 FACIAMUS
1754 355 2147 419 ΠΟΜΙΝΕΜ,
2185 355 2367 422 ETC.,
2404 354 2615 411 ORAT.
2656 353 2696 413 Ι.

3318 342 3435 412 eos

222 517 235 544 ι
261 488 561 557 Ποιήσωμεν
588 477 873 547 ἄνυρωτισν
934 492 1037 527 κατ
1054 476 1067 495 ’
1085 474 1267 527 εἰκόνα
1288 476 1383 528 καὶ
1403 473 1508 528 καθ
1524 475 1540 494 ‘
1560 473 1760 543 ὁμοίω-

1876 476 2026 546 pium
2059 490 2088 527 a
2117 474 2277 529 Patre
2304 476 2357 529 in
2393 473 2533 526 Filio
2561 472 2701 526 idem
2742 475 2847 536 est,
2885 470 3091 523 idcirco
3118 482 3257 525 mins
3290 475 3434 543 apud

215 565 955 649 σινήμετέραν.ιΚατέίκόνα
979 564 1115 618 Θεοῦ
1154 565 1473 637 γεγόναμεν,
1518 565 1642 627 Πῶς
1667 560 1762 617 οὖν

219 672 319 728 κατ’
345 664 521 717 εἰκόνα
567 659 737 721 Θεοῦς
781 656 1245 727 Ἀποκαθάρωμεν
1295 657 1521 728 καρδίαν
1568 657 1763 709 ἰδιωτι-

216 762 322 830 κὴν,
351 751 612 823 πρόληψιν
639 750 983 814 ἀπαίδευτον,
1025 750 1256 821 ἀμαθεῖς
1290 750 1417 821 περὶ
1464 748 1600 803 Θεοῦ
1633 748 1764 803 ὑπο-

212 852 401 924 λήψεις.

1864 583 1966 621 nos
1996 567 2281 634 utriusque
2306 564 2510 625 cultus,
2544 571 2597 616 et
2630 561 2818 617 eadem
2852 562 3200 618 collaudatio.
3226 561 3438 619 Nostra!

1865 659 2262 728 procreationis
2290 655 2579 711 exordium
2614 668 2797 708 veram
2822 654 3063 707 continet
3088 654 3434 725 theologiam.

1863 764 1881 793 ι
1895 741 2467 801 Faciamushominem
2484 741 2552 799 ad
2572 746 2860 816 imaginem
2892 757 3156 800 nostram.
3172 745 3278 799 »Αά
3299 747 3439 801 ima-

1869 839 2050 910 ginem
2082 836 2177 891 Dei
2204 835 2333 890 lacti
2359 851 2570 892 sumus.
2602 836 2849 903 Quonam
2871 836 3035 892 modo
3058 838 3124 891 ad
3146 837 3437 909 imaginem

214 920 351 1013 ejus?
380 937 602 991 Animos
641 951 672 990 a
711 935 1050 1004 vulgaribus,
1083 943 1137 989 et
1184 932 1473 1003 imperitis,
1509 947 1573 987 ac
1604 932 1789 988 stultis
1831 930 1939 986 illis
1982 929 2050 984 de
2087 927 2197 982 Deo
2228 920 2575 997 opinionibus
2601 926 2904 997 expiemus.

272 1036 330 1088 Εί
354 1032 471 1084 κατ’
500 1030 680 1082 εἰκόνα
706 1028 840 1081 Θεοῦ
900 1028 1224 1097 γεγόναμεν,
1256 1025 1411 1096 φησι,
1444 1025 1767 1096 σύμμορφος

210 1129 329 1199 ἡμῖν
358 1126 498 1178 ἐστιν
523 1124 551 1174 ὁ
582 1122 710 1183 Θεός
730 1137 743 1149 ·
779 1120 1044 1189 ὀφθαλμοὶ
1068 1120 1197 1190 περὶ
1219 1118 1351 1171 Θεὸν
1379 1117 1474 1171 καὶ
1507 1111 1642 1180 ὦτα,
1675 1132 1768 1169 κε-

207 1217 359 1288 φαλὴ,
386 1216 582 1283 χεῖρες,
620 1211 787 1279 ἰσχίον
814 1210 897 1277 ἐφ’
927 1203 989 1263 οῦ
1015 1210 1222 1281 ἵδρυται
1243 1227 1256 1239 ·
1303 1208 1544 1276 (λέγεται
1571 1207 1679 1279 γὰρ
1707 1208 1766 1261 ὲν

206 1312 263 1380 τῇ
303 1306 487 1375 Γραφῇ
531 1306 560 1356 ό
603 1303 734 1364 Θεὸς
778 1300 1152 1377 καθέζεσθαισ)
1186 1300 1345 1362 πόδες
1382 1299 1449 1353 δι’
1489 1293 1564 1353 ὧν
1606 1315 1763 1369 περι-

203 1399 381 1452 πατεῖ·
420 1393 628 1448 οὐκοῦν
655 1395 893 1455 τοιοῦτος
944 1393 973 1445 ό
1014 1389 1185 1455 Θεός;
1225 1389 1625 1443 Ἀποσκεύασον
1663 1390 1764 1459 τῆς

201 1488 413 1560 καρδία..
460 1484 819 1553 φαντάσματα
873 1482 1117 1554 ἀπρεπῆ.
1183 1482 1453 1538 Ἔκϐαλλε
1508 1481 1617 1535 ἀπὸ
1668 1481 1761 1535 σοῦ

197 1582 424 1635 διάνοιαν
449 1574 872 1645 ἀφαρμόζουσαν
892 1573 971 1644 τῷ
1002 1573 1218 1645 μεγέθει
1242 1572 1337 1627 τοῦ
1366 1572 1522 1627 Θεοῦ.
1564 1573 1763 1643 ’Λσχη-

1944 1020 2001 1077 Si
2033 1021 2102 1076 ad
2155 1019 2445 1090 imaginem
2493 1017 2611 1083 Dei,
2648 1018 2826 1088 inquit
2876 1019 2991 1085 ille,
3039 1019 3170 1074 facti
3220 1035 3436 1085 sumus.

1868 1114 2100 1169 formam
2140 1111 2284 1169 Deus
2313 1119 2518 1167 nostra:
2558 1112 2793 1168 similem
2835 1112 3254 1178 babet:oculis,
3290 1117 3439 1170 auri-

1867 1206 1992 1269 bus,
2037 1205 2238 1276 capite,
2285 1204 2538 1259 manibus
2586 1202 2850 1274 prmditus
2900 1211 3007 1268 est,
3060 1218 3439 1279 coxarumque

1866 1297 2159 1360 vertebris,
2181 1297 2385 1367 quibus
2414 1296 2639 1351 fulcitur
2661 1304 2714 1350 et
2746 1296 2966 1361 insidet,
2988 1299 3434 1373 quandoquidem

1866 1389 2059 1444 sedere
2094 1389 2267 1443 Deum
2316 1388 2601 1459 Scriptura
2636 1387 2802 1442 tradit
2822 1388 2869 1419 ⁹⁹
2890 1390 2968 1443 “z
3006 1390 3233 1460 pedibus
3282 1391 3434 1457 item,

1866 1480 2069 1553 quibus
2111 1479 2337 1534 incedit.
2368 1477 2590 1533 Talisne
2618 1478 2785 1548 igitur
2812 1477 2958 1534 Deus
2979 1480 3004 1532 ζ’
3054 1478 3333 1535 Recedant
3365 1483 3435 1536 ab

1867 1575 2050 1627 animo
2070 1579 2166 1625 tuo
2188 1572 2447 1627 absurdae
2473 1571 2785 1641 opiniones.
2803 1571 2995 1638 Abjice
3021 1574 3432 1644 cogitationem,

199 1673 449 1743 μάτιστος
571 1642 726 1729 Θεὸς,
774 1642 1015 1729 ἁπλοῦς,
1046 1665 1345 1736 ἀμεγέθης,
1393 1665 1632 1728 ἄποσος⁹

1869 1671 1992 1726 quae
2006 1654 2099 1712 Dei
2118 1656 2549 1728 magnitudinem
2565 1658 2861 1713 imminuit.
2880 1658 3083 1729 Figura
3098 1642 3256 1716 vacat
3273 1660 3441 1727 Deus,

194 1760 502 1837 φαντασθῇς
537 1758 749 1829 μορφὴν
794 1758 922 1828 περὶ
953 1758 1115 1811 αὐτόν
1145 1776 1158 1790 ·
1212 1760 1286 1829 μὴ
1319 1758 1766 1833 κατασμικρύνῃς

206 1850 507 1917 Ἰουδαϊκῶς
540 1850 632 1904 τὸν
665 1849 841 1921 μέγαν
871 1867 884 1881 ο
940 1849 1015 1920 μὴ
1050 1849 1349 1922 περιλάϐῃς
1377 1849 1465 1903 τὸν
1497 1850 1628 1903 Θεὸν
1664 1867 1769 1904 σω-

194 1947 445 2020 ματικαῖς
478 1943 729 2007 ἐννοίαις,
764 1942 837 2012 μὴ
870 1942 1217 2014 περιγράφεις
1252 1941 1413 1995 αὑτὸν
1441 1942 1521 2013 τῷ
1552 1941 1631 2013 σῷ
1668 1941 1766 2014 νῷ.

204 2036 597 2109 ’Δπερίληπτός
620 2036 735 2087 ἐστι
778 2033 857 2104 τῷ
884 2034 1101 2104 μεγέθει
1135 2050 1149 2063 ο
1193 2035 1524 2106 κατανόησον
1549 2035 1639 2089 τὸν
1670 2035 1769 2106 μέ-

192 2148 310 2200 γαν,
358 2128 455 2180 xui.
494 2124 579 2195 τῷ
626 2125 845 2196 μεγάλῳ
892 2124 1127 2197 πρόσθες
1173 2126 1354 2179 πλεῖον
1387 2125 1480 2179 τοῦ
1509 2126 1769 2197 νενοημέ-

190 2238 295 2284 νου,
328 2218 424 2276 καὶ
456 2216 541 2287 τῷ
588 2215 791 2269 πλείονι
831 2216 893 2269 τὸ
939 2217 1140 2281 πλεῖον,
1174 2219 1268 2271 καὶ
1295 2218 1385 2271 τὸν
1426 2218 1652 2272 σεαυτοῦ
1678 2218 1770 2273 λο-

188 2309 380 2381 γισμὸν
428 2311 658 2371 πεῖσον,
710 2308 793 2361 ὅτι
840 2307 946 2361 τῶν
990 2308 1313 2380 ἀπεράντων
1362 2310 1463 2362 οὐκ
1505 2310 1767 2379 ἐφίξεται.

185 2401 379 2471 Σχῆμα
426 2397 509 2468 μὴ
554 2398 753 2468 νοήσῃς
780 2414 794 2426 ·
854 2395 962 2450 ἀπὸ
1009 2395 1289 2466 δυνάμεως
1342 2396 1475 2459 Θεὸς
1529 2399 1769 2449 νοεῖται·

182 2492 468 2563 ἀπλξτητα
537 2489 757 2558 φύσεως
789 2505 803 2519 ·
856 2487 1083 2559 μέγεθος
1116 2486 1300 2542 πόσον.
1337 2486 1618 2556 Πανταχοῦ
1656 2489 1770 2540 ἐστι

184 2585 277 2638 καὶ
304 2583 452 2653 ὑπὲρ
480 2582 548 2635 τὸ
576 2583 683 2634 πᾶν
725 2580 1059 2651 περισσεύει,
1100 2580 1195 2633 καὶ
1237 2580 1382 2653 ἔστιν
1422 2580 1586 2649 ἁφαῖς
1616 2578 1771 2650 ἀόρι-

187 2692 328 2740 στον,
364 2675 513 2745 ὅπερ
542 2674 645 2744 τὴν
686 2671 785 2743 σὴν
818 2673 1079 2725 ἐκπῖπτον
1109 2668 1433 2741 κατάληψιν,
1458 2668 1582 2723 οὔτε
1611 2668 1774 2741 μεγέ-

178 2768 262 2820 θει
288 2764 698 2836 περιορίζεται,
725 2762 846 2816 οὔτε
878 2762 1115 2832 σχήματι
1144 2760 1628 2832 περιλαμϐάνεται,
1650 2759 1775 2814 οὔτε

178 2858 407 2928 δυνάμει
456 2856 852 2925 ὲκμετρεῖται,
906 2851 1029 2906 οὔτε
1068 2852 1279 2924 χρόνοις
1335 2854 1772 2924 περισφίγγεται,

175 2950 301 3003 οὔτε
353 2949 608 3018 πέρασιν
649 2944 910 3015 ὁρίζεται.
964 2942 1129 2996 Οὐδέν
1171 2943 1288 2995 ἐστι
1330 2944 1459 3014 περὶ
1502 2942 1635 2996 Θεὸν
1661 2936 1775 2997 οἷον
1802 2974 1846 3032 c

178 3042 308 3113 mp!
340 3040 522 3111 ἡμᾶς.
558 3037 686 3101 Πῶς
707 3032 802 3089 οῦν
825 3038 859 3107 ή
884 3035 1073 3107 Γραφὴ
1101 3033 1255 3088 εἶπεν
1281 3035 1429 3105 ἡμᾶς
1454 3036 1574 3088 κατ’
1599 3033 1779 3087 εἰκόνα

174 3131 314 3185 Θεοῦ
342 3128 722 3200 γεγενῆσθαι;
745 3126 829 3180 Τὰ
857 3126 986 3197 περὶ
1009 3124 1145 3178 Θεοῦ
1173 3124 1530 3196 διδαχθῶμεν,
1559 3124 1629 3178 τά
1654 3126 1781 3196 περὶ

178 3223 337 3295 ἡμῶν
386 3220 590 3275 αὐτῶν
620 3219 927 3289 νοήσωμεν,
967 3217 1050 3270 ὅτι
1094 3216 1194 3269 οὐκ
1227 3215 1420 3286 ἔχομεν
1444 3215 1506 3269 τὸ
1546 3217 1668 3269 κατ’
1702 3217 1781 3268 εἰ-

170 3315 308 3368 κόνα
344 3315 410 3367 έν
449 3313 649 3386 μορφῇ
687 3308 934 3379 σώματος
956 3324 971 3338 ’
1026 3307 1380 3378 φθειρομένου
1416 3307 1524 3379 γὰρ
1554 3306 1648 3361 τοῦ
1676 3306 1782 3360 σώ-

176 3423 355 3477 ματος
398 3406 437 3477 ἡ
500 3401 695 3476 μορφὴ
739 3398 1055 3454 ἀπόλλυται.
1095 3399 1210 3453 Οὐκ
1257 3399 1315 3451 ὲν
1363 3397 1589 3471 φθαρτῷ
1631 3398 1690 3452 δὲ
1720 3398 1783 3452 τὸ

169 3497 469 3570 ἄφθαρτον
517 3490 941 3566 σχηματίξεται,
990 3489 1050 3542 οὗ
1099 3488 1337 3560 φθαρτόν
1383 3490 1498 3542 ἐστι
1547 3488 1642 3542 τοῦ
1682 3490 1782 3558 ἀφ-

174 3592 387 3662 θάρτου
406 3585 612 3640 εἰκῶν.
633 3582 708 3637 Τὸ
734 3582 892 3653 σῶμα
916 3578 1159 3644 αὒξεται,
1192 3579 1457 3650 μειοῦται,
1485 3582 1652 3652 γηρᾷ,
1684 3580 1785 3633 ἁλ-

167 3681 424 3735 λοιοῦται
465 3694 481 3707 ⁸
536 3676 671 3731 ἄλλο
701 3674 847 3726 ἐστὶν
881 3673 940 3724 ὲν
976 3672 1209 3743 νεότητι,
1246 3671 1375 3726 ἄλλο
1401 3672 1529 3725 ὅταν
1559 3672 1781 3741 εὐεκτῇ,

168 3776 264 3828 καὶ
299 3773 443 3828 ἄλλο
477 3772 622 3825 ὅταν
670 3770 727 3823 ὲν
755 3766 984 3822 πάθεσιν
1077 3780 1090 3796 °
1145 3766 1273 3822 ἄλλο
1305 3765 1658 3836 φοϐούμενον,
1689 3766 1785 3818 καὶ

1867 1750 2105 1819 simplex
2152 1757 2271 1814 est,
2308 1750 2706 1821 magnitudinis
2746 1758 2802 1807 et
2850 1753 3178 1823 quantitatis
3214 1770 3432 1826 espers.

1863 1840 2012 1905 Noli,
2033 1857 2157 1897 cum
2198 1842 2268 1898 de
2294 1843 2387 1899 illo
2410 1847 2640 1916 cogitas,
2670 1843 2902 1899 formam
2931 1846 3095 1900 ullam
3130 1846 3442 1919 conﬁngere

1864 1942 1922 1988 et
1938 1931 2289 1991 coinminisci
2309 1955 2322 1990 :
2344 1952 2414 1990 ne
2434 1952 2586 1991 more
2608 1936 2841 1991 Judaico
2869 1953 3124 2009 magnum
3150 1946 3434 1995 extenues.

1863 2024 1985 2081 Noli
2032 2029 2312 2097 corporeis
2359 2028 2511 2083 illum
2550 2030 2977 2099 cogitationibus
3017 2031 3293 2102 amplecti,
3347 2042 3440 2086 ant

1862 2128 2047 2174 mente
2083 2128 2176 2174 tua
2205 2121 2690 2176 circumscribere.
2716 2120 2791 2175 Ea
2825 2129 2909 2177 est
2933 2122 3342 2191 magnitudine,
3379 2133 3438 2177 ut

1861 2211 2255 2282 comprehendi
2309 2213 2808 2283 circumseribique
2857 2222 3117 2283 nequeat.
3179 2214 3433 2285 Magnum

1859 2304 2059 2374 cogita,
2092 2312 2148 2360 et
2171 2304 2299 2358 huic
2324 2319 2524 2375 magno
2559 2305 2683 2374 plus
2707 2306 2871 2359 etiam
2896 2314 3063 2376 atque
3100 2305 3265 2359 etiam
3295 2305 3436 2360 addc

1858 2410 2023 2465 quam
2054 2396 2336 2466 cogitasti.
2364 2404 2529 2464 atque
2558 2396 2632 2450 ita
2656 2392 2822 2466 exple
2839 2394 3229 2466 cogitationem
3258 2403 3429 2449 tuam.

1856 2483 2045 2556 Neque
2067 2486 2241 2548 enim.
2268 2502 2389 2557 quae
2417 2486 2633 2542 inﬁnita
2659 2495 2809 2551 sunt,
2836 2502 3080 2557 unquam
3109 2487 3313 2557 capiet.
3341 2482 3434 2540 Fin

1857 2592 2049 2648 guram
2083 2592 2152 2632 ne
2181 2576 2345 2647 ﬁnge.
2377 2576 2652 2641 Potentia,
2691 2577 3049 2648 simplicitate
3083 2584 3314 2641 naturae,
3348 2592 3433 2631 re-

1856 2683 1980 2723 rum
2011 2676 2429 2738 procreatarum
2456 2676 2572 2722 tum
2605 2667 3009 2739 magnitudine,
3037 2677 3154 2722 tum
3184 2668 3431 2738 pulchri-

1856 2762 2047 2817 tudine
2064 2762 2425 2833 cognoscitur
2447 2761 2613 2816 Deus.
2639 2759 2855 2832 Ubique
2869 2768 2977 2823 est,
2996 2771 3050 2815 et
3069 2760 3253 2813 omnia
3280 2774 3431 2813 com-

1860 2854 2173 2926 prehendit,
2195 2864 2246 2909 ει
2279 2854 2429 2925 tangi
2450 2852 2742 2922 viderique
2760 2868 2867 2907 non
2892 2861 3093 2922 potest.
3110 2849 3433 2919 Amplitudo

1877 2949 1962 2995 est
1980 2942 2286 3010 quantitate
2310 2955 2526 3006 carens,
2547 2955 2711 3011 quam
2741 2956 2849 2994 non
2874 2940 3019 3008 capit
3046 2940 3264 2994 animus
3294 2950 3439 2993 tuus.

1879 3032 1991 3086 Nec
2024 3032 2398 3102 magnitudine
2429 3032 2795 3096 concluditur,
2822 3047 2921 3086 nec
2948 3030 3118 3100 ﬁgura
3140 3038 3444 3092 coercetur,

1880 3138 1981 3177 nec
2015 3125 2258 3193 potentia
2288 3124 2624 3189 continetur,
2659 3139 2762 3179 nec
2803 3123 3146 3192 temporibus
3197 3137 3450 3193 compre-

1882 3214 2160 3279 henditur,
2196 3230 2298 3271 nec
2332 3215 2532 3270 ﬁnibus
2566 3214 2874 3270 cohibetur.
2908 3213 3054 3268 Nihil
3107 3229 3295 3270 eorum
3326 3228 3451 3284 qua:

1881 3315 2009 3361 sunt
2033 3306 2181 3359 circa
2206 3321 2324 3365 nus.
2358 3306 2483 3360 cum
2518 3304 2629 3360 Deo
2654 3303 3066 3360 similitudinem
3100 3304 3281 3359 habet.
3306 3302 3454 3371 Quo-

1880 3396 2044 3453 modo
2074 3398 2243 3468 igitur
2290 3396 2428 3451 dicit
2462 3395 2742 3467 Scriptura
2778 3410 2879 3451 nos
2910 3409 3033 3451 esse
3076 3394 3249 3450 factos
3276 3393 3347 3448 ad
3377 3395 3453 3449 si-

1881 3492 2245 3547 militudinem
2276 3489 2420 3545 Dei?
2449 3506 2570 3561 quas
2609 3488 2676 3543 ad
2727 3488 2895 3544 Deum
2936 3488 3231 3560 pertinent,
3263 3502 3455 3543 recen-

1882 3584 2094 3639 suimus
2121 3601 2133 3637 :
2163 3596 2284 3652 quae
2312 3581 2379 3635 ad
2409 3596 2511 3635 nos
2542 3587 2811 3650 spectant,
2846 3578 3276 3634 consideremus.
3308 3576 3453 3633 Nihil

1884 3671 2130 3743 profecto
2158 3672 2215 3726 in
2247 3670 2421 3725 forma
2455 3669 2705 3741 corporis
2739 3674 2845 3733 est,
2882 3668 3027 3738 quod
3059 3668 3178 3737 ejus
3227 3666 3453 3737 imagini

1883 3771 2171 3835 congruat.
2228 3762 2326 3819 Est
2360 3762 2562 3819 etenim
2601 3760 2783 3817 forma
2841 3759 3090 3830 corporis
3140 3758 3334 3813 caduci
3388 3772 3456 3813 ac

1886 3855 2097 3928 fragilis
2128 3875 2142 3911 :
2174 3856 2230 3910 in
2254 3855 2464 3909 caduco
2493 3861 2673 3909 autem
2702 3861 2757 3908 et
2782 3853 2957 3923 fragili
2982 3867 3089 3906 non
3122 3850 3455 3921 imprimitur

162 3864 298 3920 ἄλλο
323 3861 781 3936 εὐφραινόμενον
799 3876 815 3891 ο
857 3861 985 3915 ἄλλο
1013 3863 1071 3912 ὲν
1095 3860 1291 3930 ἐνδείᾳ,
1308 3858 1437 3912 ἄλλο
1464 3860 1522 3911 ὲν
1541 3857 1786 3929 πλησμοσ

1883 3948 2029 4017 quod
2063 3946 2343 4016 corrumpi
2375 3960 2488 3999 non
2534 3950 2733 4015 potest,
2782 3958 2884 3997 nec
2913 3949 3230 4011 corruptum
3271 3940 3457 3994 incor—

167 3962 269 4028 νῇ,
309 3956 416 4011 καὶ
468 3956 618 4010 ἄλλο
659 3954 719 4006 έν
766 3952 977 4023 εἰρήνῃ,
1022 3951 1118 4005 καὶ
1164 3950 1291 4006 ἄλλο
1323 3951 1381 4003 ὲν
1427 3950 1572 4021 μάχῃ
1598 3966 1613 3981 ο
1660 3948 1788 4003 ἄλλο

164 4050 375 4123 χρῶμα
409 4047 821 4120 ὲγρηγορότος,
858 4050 951 4101 καὶ
978 4044 1106 4100 ἄλλο
1137 4044 1487 4105 καθεύδοντος
1507 4058 1521 4073 ο
1564 4041 1657 4095 τοῦ
1691 4041 1772 4112 μὲι

1886 4039 2031 4107 rupti
2087 4047 2171 4092 est
2233 4037 2429 4107 imago.
2496 4035 2711 4106 Corpus
2775 4040 3026 4103 augetur,
3088 4029 3454 4089 imminuitur,

163 4120 397 4209 ἐξανθεῖ
454 4141 528 4194 τὸ
574 4138 974 4211 ἐρυθρότερον,
1035 4135 1130 4190 τοῦ
1186 4132 1389 4206 θερμοῦ
1438 4133 1532 4187 ἐπὶ
1573 4133 1635 4185 τὸ
1683 4132 1772 4197 ἕξοι

1885 4130 2250 4193 consenescit,
2305 4130 2646 4193 immutatur,
2714 4124 2882 4199 [aliud
2943 4125 3000 4180 in
3053 4133 3273 4182 senecta
3325 4120 3459 4196 εει]

160 4234 504 4306 χωροῦντος
582 4230 680 4284 τοῦ
721 4230 778 4283 δὲ
824 4229 1163 4296 κατέψυκται
1192 4226 1287 4280 καὶ
1317 4223 1666 4278 συνέσταλται
1696 4223 1772 4276 έπ⁴

1889 4221 2038 4295 aliud
2068 4221 2121 4275 in
2153 4220 2401 4291 juventa,
2431 4218 2577 4273 aliud
2608 4233 2733 4273 cum
2764 4232 3025 4289 prospera
3053 4217 3227 4271 utitur
3254 4216 3459 4271 valetu-

160 4328 225 4380 τὸ
257 4326 443 4396 βάθος
482 4325 524 4395 ἡ
563 4321 842 4394 θερμότης
881 4337 893 4351 '
946 4319 1027 4374 διὸ
1068 4318 1163 4371 καὶ
1197 4316 1425 4387 ὖπωχρα
1449 4315 1557 4368 τῶν
1584 4332 1772 4385 κοιμω·

1892 4313 2041 4377 dine,
2075 4311 2221 4366 aliud
2246 4324 2370 4364 cum
2403 4310 2609 4365 morbis
2631 4309 2894 4380 iactatur,
2915 4307 3060 4362 aliud
3085 4323 3208 4361 cum
3236 4309 3454 4370 metuit,

160 4420 356 4492 μένων
386 4418 468 4471 τὰ
500 4414 765 4486 σώματα.
795 4412 919 4475 Πῶς
944 4407 1038 4465 οῦν
1060 4409 1281 4464 δύναται
1309 4408 1370 4461 τὸ
1405 4406 1772 4476 ἀλλοιούμενοι

1890 4406 2036 4460 aliud
2071 4419 2196 4459 cum
2255 4402 2473 4475 gaudet,
2529 4401 2675 4455 aliud
2714 4400 2931 4472 quando
2979 4401 3233 4454 satiatum
3294 4407 3458 4468 atque

158 4491 242 4581 τῷ
300 4506 690 4575 ἅναλλοιὼτῳ
736 4503 1020 4566 ὲοικέναι;
1083 4499 1162 4571 τῷ
1205 4498 1294 4553 ἀεὶ
1340 4495 1485 4552 κατὰ
1532 4495 1600 4549 τὰ
1655 4494 1772 4548 αὐτὸ

1890 4499 2164 4568 expletum
2197 4504 2306 4562 est,
2340 4494 2489 4550 aliud
2519 4494 2740 4563 quando
2770 4493 2861 4548 siti
2897 4491 3110 4548 fameve
3150 4498 3457 4561 torquetur,

158 4602 350 4674 ἔχοντι
372 4641 390 4665 ,
446 4599 524 4653 τὸ
579 4597 716 4668 μηδέ
750 4610 879 4649 ποτε
910 4592 1174 4662 έστηκός;
1221 4588 1507 4659 Ἐκφεύγει
1541 4589 1690 4659 ἡμᾶς
1718 4585 1772 4638 ὡς

1894 4589 2043 4643 aliud
2076 4589 2131 4642 in
2164 4602 2316 4657 pace,
2355 4586 2501 4641 aliud
2533 4586 2587 4641 in
2625 4584 2789 4651 bello;
2832 4583 2974 4638 alius
2998 4582 3298 4653 vigilantis,
3322 4581 3463 4636 alius

253 4691 492 4766 ῥευστὰ
513 4707 529 4720 ⁸
564 4689 701 4760 πρὶν
734 4684 994 4756 θεαθῆναι
1022 4684 1330 4754 ὑπέδραμεν
1350 4698 1364 4715 ο
1398 4679 1526 4734 ἄλλο
1556 4678 1615 4743 ἐξ
1638 4677 1772 4732 ἄλλα

1894 4676 2218 4732 dormientis
2250 4684 2335 4731 est
2381 4675 2553 4729 color.
2593 4671 2840 4744 Vigilans
2887 4671 3089 4725 rubore
3121 4670 3295 4741 magis
3334 4684 3461 4740 per-

158 4759 437 4856 φαίνεται
467 4782 545 4835 τὸ
582 4776 924 4850 ἀνθρώπινον
953 4777 1135 4847 σῶμα.
1185 4791 1203 4825 ι
1229 4774 1363 4826 Κατ’
1385 4772 1567 4825 εἰκόνα
1590 4770 1772 4841 ήμετέη

1896 4768 2141 4824 funditur
2164 4806 2180 4831 ,
2210 4766 2470 4837 quoniam
2525 4764 2675 4819 calor
2709 4768 2862 4819 extra
2895 4759 3263 4832 progreditur.
3324 4759 3463 4814 Dor-

156 4853 286 4950 ραν.
322 4895 346 4929 ›
403 4874 559 4937 Πῶς
592 4869 765 4924 σῶσαι
793 4868 1079 4939 δυνήσεται
1106 4864 1206 4935 τῆς
1229 4864 1485 4934 ἀκινήτου
1516 4860 1728 4932 φύσεως
1754 4861 1772 4912 ἰ

1897 4862 2077 4915 miens
2131 4868 2313 4913 autem
2376 4857 2560 4911 calore
2620 4855 2769 4910 intus
2826 4866 3144 4924 compresso
3195 4853 3458 4924 pallescit.

157 4940 381 5042 ρευστὴ
415 4966 648 5030 εῑκὼν;
681 4964 779 5034 τῆς
803 4961 1051 5033 ἀμόρφου
1076 4958 1109 5028 ἠ
1139 4956 1580 5029 μεμορφωμένης

1899 4951 2144 5016 Quonam
2181 4946 2347 5018 igitur
2374 4952 2553 5015 pacto,
2586 4944 2730 5015 quod
2763 4949 2846 4997 tot
2891 4941 3213 4995 immutatur
3262 4940 3463 5006 modis,

156 5028 381 5117 simile-
415 5062 503 5115 sit
561 5028 643 5112 ei»
683 5028 857 5125 quod‘
891 5028 976 5107 est
1006 5028 1387 5103 immutabile?
1421 5047 1496 5111 ei,
1526 5042 1673 5115 quod
1703 5040 1896 5098 eodem
1924 5051 2140 5106 semper
2182 5042 2266 5090 est
2315 5041 2484 5099 statu,
2528 5032 2591 5087 id’
2637 5033 2783 5103 quod
2839 5046 3118 5100 nunquam
3168 5028 3463 5117 consistit?

536 5109 728 5203 insta;
760 5160 850 5200 res
882 5151 1084 5199 nostrae
1123 5154 1223 5196 nos
1270 5109 1507 5210 fugiunt,
1546 5109 1616 5191 ‘et
1649 5142 1942 5202 antequam
1967 5127 2275 5190 videantur,
2324 5125 2689 5181 deﬂuxerunt.
2740 5123 2901 5179 Aliud
2963 5139 3028 5179 ex
3091 5109 3218 5176 alio.
3254 5122 3469 5177 videtur

155 5248 500 5301 humanum
539 5251 780 5306 corpus.
810 5235 891 5288 Ad
924 5233 1211 5306 imaginem
1276 5239 1525 5286 nostram
1570 5235 1780 5282 natura:
1804 5219 2160 5277 immutabilis
2206 5219 2311 5274 erit
2355 5217 2563 5272 caduca
2617 5215 2965 5272 similitudo?
2998 5213 3172 5269 l'orma
3206 5213 3465 5275 carentis,

155 5352 285 5407 ιιιιιε
329 5334 616 5388 formam
648 5326 853 5385 habet?
1200 5352 1203 5359 -
1973 5399 2072 5407 ____
2777 5395 2823 5407 η.
2878 5396 2889 5407 .
3025 5392 3037 5406 ,

231 5385 385 5490 ᾗῶ-ςν
399 5385 515 5479 οῦν
550 5421 873 5491 ζητήσομεν
904 5418 968 5472 τὸ
1007 5416 1128 5471 κατ’
1152 5416 1368 5480 εἰκόνας
1411 5415 1500 5468 Ἐν
1527 5407 1607 5477 οἷς
1635 5410 1772 5465 αὐτὸς

1910 5438 1913 5441 -
1973 5399 2075 5456 Ubi
2128 5414 2262 5471 ergo
2294 5411 2627 5470 queremus,
2678 5395 2826 5467 (ιιιοά
2875 5392 3166 5464 imaginem
3226 5385 3467 5491 referat!

155 5478 327 5574 277;;
347 5478 385 5572 ὸ
414 5478 701 5586 Κύριός..
720 5478 845 5564 Ἐάν
870 5509 1002 5581 ὲμόν
1027 5527 1082 5563 τι
1102 5510 1259 5572 εἴπω,
1287 5478 1361 5578 μη
1389 5503 1752 5577 προσδέξησθε

1899 5493 2167 5549 Nimirum
2208 5492 2262 5547 in
2304 5491 2399 5557 iis,
2426 5506 2550 5562 qua:
2598 5491 2717 5562 ipse
2744 5486 3014 5543 Dominus
3047 5483 3206 5586 dixit:
3246 5481 3302 5586 ει
3336 5478 3466 5586 qzid

153 5569 700 5668 iavvde'axoctxb-v,
740 5569 1121 5668 καταδέξατθε.
1164 5569 1484 5669 Ποιήσουμεν
1513 5569 1772 5665 ἀνθρώπω

1902 5604 2081 5645 meum
2118 5587 2174 5644 in
2208 5585 2448 5643 medium
2480 5582 2741 5648 attulero,
2781 5581 2834 5636 id
2875 5594 2946 5634 ne
2994 5572 3330 5647 suscipiatis.
3366 5569 3461 5626 Fa-

240 5754 291 5788 "
318 5755 364 5775 "
390 5750 573 5808 Psal.
611 5763 756 5816 xm,
777 5752 828 5808 8.
