3996 6508
297 418 408 475 πε

1046 405 1110 457 lN
1152 360 1397 463 νέιιιιΑ,
1447 396 1826 455 FACHMUS
1869 394 2259 458 "OMU/13M,
2293 394 2469 458 ΕἰῈ..
2509 394 2719 451 υιιΑι.
2750 394 2788 449 Ι.

3467 401 3572 459 266

305 532 524 605 φρονεῖς
568 530 635 600 τῇ
676 525 967 591 δεσποτεία
1014 521 1080 590 τῇ
1136 517 1289 589 παρά
1315 512 1453 568 Θεοῦ
1490 530 1571 567 σοι

2000 524 2101 563 cur
2130 516 2339 563 natura:
2369 517 2475 562 tum
2521 510 2843 578 gravitatem
2879 514 3212 585 projecisti?
3268 515 3337 570 At
3378 530 3573 575 servus

302 602 388 679 δτι
418 620 676 690 λογισμὸν
702 617 844 689 ἔχεις
883 610 1070 662 παθῶν
1098 608 1400 677 δεσπότην;
1439 605 1607 659 Ὅταν
1650 602 1767 674 Eon;
1796 602 1888 656 τδν

301 690 573 784 δεσπότην
604 729 698 765 σου
739 702 925 756 δοῦλον
971 702 1100 754 ὂντα
1139 700 1237 770 τῆς
1287 698 1480 769 ἡδονῆς
1504 736 1520 763 ,
1574 694 1798 750 σεαυτὸν
1830 694 1888 749 δὲ

306 804 580 876 αῡφρονα,
618 794 852 863 γίνωσκε
885 793 967 845 ὅτι
1002 792 1068 843 σὺ
1105 792 1205 861 μὲν
1242 785 1293 843 εἰ
1318 788 1506 852 δοῦλος
1529 786 1758 856 ὀνόματι
1792 786 1891 855 p.6—

302 913 428 960 νον,
471 890 675 950 ἐκεῖνος
719 884 777 939 δὲ
819 883 1044 954 ὀνόματι
1098 882 1198 953 μὲν
1236 882 1349 952 ἔχει
1400 880 1499 951 τὴν
1545 878 1887 942 δεσποτείαν,

298 988 448 1056 ξρτφ
504 978 561 1031 δὲ
621 973 1015 1047 βεϐαιουμένην
1075 972 1188 1043 ἔχει
1236 972 1337 1043 τὴν
1400 969 1662 1024 δουλείαν.
1723 968 1885 1041 Ὁρᾷς

298 1075 508 1127 ἐκεῖνον
537 1068 675 1142 μετά
704 1067 805 1137 τῆς
834 1067 1040 1137 πόρνης
1073 1064 1370 1135 συρόμενον
1392 1078 1409 1095 ο
1457 1061 1682 1116 σεαυτὸν
1705 1060 1761 1114 δὲ
1788 1060 1885 1129 τῆς

298 1165 508 1233 πόρνης
550 1157 1022 1229 καταιρρονοῦντα·
1078 1155 1194 1218 πῶς
1235 1154 1354 1224 σῦχί
1386 1152 1449 1206 σὺ
1489 1152 1588 1223 μὲν
1618 1145 1666 1204 εἰ
1690 1150 1885 1203 δεσπό-

296 1271 402 1325 της
429 1251 524 1307 τοῦ
554 1250 777 1311 πάθους.
816 1251 1019 1310 ἐκεῖνος
1041 1246 1101 1299 δὲ
1129 1245 1315 1307 δοῦλός
1345 1245 1463 1296 ἐστι
1503 1241 1610 1297 τῶν
1638 1241 1750 1296 ὑπὸ
1789 1240 1883 1294 σοῦ

298 1340 658 1412 πατουμένων
691 1336 925 1408 ἡδονῶνς
967 1335 1131 1388 Ὥστε
1155 1334 1235 1397 τό,
1273 1351 1291 1385 ι
1317 1333 1645 1404 Ποιήσωμεν
1666 1328 1883 1400 ἄνθρω-

294 1452 425 1498 πον,
459 1434 554 1488 καί
582 1434 926 1503 άρχέαοσαν.
958 1447 975 1479 ι
1006 1427 1161 1498 δηλοί
1191 1427 1274 1479 ὅτι
1317 1425 1451 1479 ὅπου
1498 1425 1532 1495 ἡ
1564 1423 1659 1478 τοῦ
1691 1421 1883 1492 ἄρχειν

288 1528 551 1598 δύναμις,
583 1526 700 1578 ἐκεῖ
722 1524 760 1594 ὴ
783 1521 878 1575 τοῦ
914 1519 1052 1575 Θεοῦ
1082 1517 1276 1574 εἰκών.

378 1733 397 1767 ι
438 1710 775 1785 Ἀρχέτωσαν
821 1706 930 1761 τῶν
986 1703 1201 1775 ἰχθύων.
1235 1722 1257 1757 ι
1321 1699 1543 1772 Πρῶτον
1593 1698 1727 1769 ἡμῖν
1773 1694 1879 1748 τῶν

292 1771 700 1877 ἀπῳκισμένων
731 1803 764 1872 ἡ
794 1800 936 1871 ἁρχὴ
965 1771 1143 1867 ἐδόθη.
1176 1795 1291 1848 Οὐκ
1318 1771 1491 1857 εἶπεν,
1538 1791 1881 1862 ’Δρχέτωσαν
1916 1771 1957 1828 Β

292 1899 409 1951 τῶν
436 1895 746 1966 συντρόφων
767 1891 941 1955 ζώων,
961 1888 1096 1942 ἀλλά
1121 1888 1228 1940 τῶν
1266 1886 1464 1956 ἰχθύων
1484 1903 1497 1916 ι
1532 1884 1751 1954 ἔνυδρος
1772 1882 1882 1952 γάρ

294 1991 479 2045 αὐτῶν
507 1990 540 2059 ὴ
581 1988 781 2040 δίαιτα.
816 1983 936 2036 Τῶν
963 1978 1056 2036 οῦν
1083 1980 1279 2051 ἰχθύων
1310 1979 1465 2049 ἐδόθη
1506 1981 1641 2050 ἡμῖν
1667 1980 1701 2048 ἡ
1739 1974 1880 2047 ἀρχὴ

288 2085 537 2155 πρῶτον.
598 2080 709 2135 Καὶ
752 2077 869 2140 πῶς
916 2075 1024 2128 τῶν
1073 2073 1269 2144 ἰχθύων
1317 2072 1607 2143 ἄρχομεν;
1668 2068 1735 2123 Εἴ
1777 2085 1882 2121 που

295 2181 471 2247 ἔγνως
498 2175 686 2229 ἑαυτὸν
716 2175 773 2227 ὲν
792 2171 960 2242 λίμνῃ
988 2166 1400 2239 παραφανέντα.
1420 2164 1535 2229 πῶς
1568 2166 1600 2235 ἡ
1634 2162 1761 2217 σκιά
1788 2179 1882 2216 σου

295 2272 479 2324 πάντα
508 2264 815 2334 διεπτόησε.
858 2261 954 2323 Τίς
987 2257 1160 2321 οὕτως
1192 2256 1461 2325 δεσπότης
1505 2254 1679 2317 οἰκίας
1720 2255 1883 2326 θορυ-

290 2358 563 2421 ϐουμένου
587 2353 681 2407 τοῦ
713 2353 860 2406 οἴκου
898 2350 1113 2420 ἀθρόως
1147 2345 1379 2410 ἐπιστάς
1421 2345 1658 2417 ἡσυχίαν
1696 2346 1881 2415 ἐποίηο

292 2469 382 2512 σε,
410 2451 501 2503 καὶ
546 2448 723 2501 πάντα
755 2442 1049 2516 μετέϐαλεν
1091 2443 1171 2504 εἰς
1190 2438 1486 2509 εὐκοσμίαν
1514 2440 1580 2509 τῇ
1610 2439 1884 2510 παρουσίᾳ

289 2544 393 2597 τοῦ
436 2539 790 2612 κρατοῦντοςς
845 2536 967 2597 Πῶς
1006 2535 1157 2588 πᾶσα
1197 2534 1232 2603 ὴ
1283 2531 1502 2603 ἔνυδρος
1533 2531 1713 2594 κτίσις
1761 2533 1884 2584 ἐπιο

292 2637 554 2707 φανέντος
575 2633 695 2695 ἐνὸς
721 2628 1027 2700 ἀνθρώπου,
1061 2625 1387 2698 μεταϐάλλει
1416 2625 1477 2678 τὸ
1505 2624 1724 2695 σχῆμας
1754 2624 1881 2678 οὐκ·

291 2733 381 2785 ἑτι
415 2729 513 2797 τὴν
545 2724 834 2795 ἐλευθέραν
865 2721 976 2792 ἔχει
1004 2718 1301 2790 διαγωγὴν,
1329 2717 1394 2770 οὐ
1417 2716 1591 2788 τολμᾴ
1626 2716 1883 2786 ἐπινήξα-

295 2822 425 2875 σθαι
456 2822 568 2882 τοῖς
598 2815 788 2877 νώτοις
818 2814 916 2884 τῆς
937 2811 1214 2881 θαλάσσης
1238 2810 1273 2881 ἢ
1303 2809 1402 2880 τῆς
1430 2809 1646 2879 λίμνης.
1688 2807 1747 2860 ὐ
1766 2806 1883 2860 δελ-

293 2916 391 2981 φὶς
411 2914 538 2967 ὅταν
554 2927 656 2963 που
681 2906 904 2977 πλησίον
924 2904 1209 2976 ἄνθρωπον
1224 2902 1357 2956 ὅντα
1393 2902 1681 2971 θεάσηται,
1705 2900 1880 2954 καίτοι

284 3004 480 3073 δελφίς
523 3004 635 3056 ἐστι
677 3001 785 3053 τῶν
827 2996 1039 3066 νηκτῶν
1075 2998 1105 3050 ὁ
1152 2993 1594 3066 βασιλικώτατος,
1629 2994 1877 3047 αίδείται.

290 3098 484 3159 Οὗτος
518 3094 671 3163 ἐδόθη
697 3092 774 3162 τῷ
800 3089 1072 3160 ἀνθρώπῳ
1100 3090 1134 3160 ὴ
1159 3088 1311 3181 κατὰ,
1329 3085 1876 3181 τῶν-νηκτῶνῇἀρχή.
1908 3123 1950 3181 c

293 3194 471 3244 Ὃταν
497 3189 552 3242 δὲ
578 3187 693 3257 ἴδῃς
728 3181 954 3238 σεαυτοῦ
982 3182 1075 3235 τὸν
1102 3179 1359 3250 λογισμὸν
1385 3178 1602 3232 πάντων
1627 3176 1882 3246 διήκοντα

289 3280 396 3335 καὶ
423 3280 638 3333 πάντων
667 3272 993 3346 κρατοῦντα,
1024 3270 1143 3335 πῶς
1167 3271 1287 3340 οὐχὶ
1312 3269 1421 3322 τῶν
1449 3267 1631 3340 κητῶν
1656 3269 1880 3340 ἄρχειςς

295 3371 458 3430 Εἶδον
490 3369 601 3439 ἐγὼ
630 3369 871 3422 ἐπίνοιαν
919 3362 1289 3434 ἀνθρωπίνην,
1318 3362 1399 3415 ὅτι
1437 3360 1680 3415 ποιοῦσιν
1719 3360 1883 3430 ἀγκί-

294 3473 478 3539 στρων
517 3462 678 3517 τινῶν
719 3460 1087 3531 κατασκευὴν,
1138 3459 1233 3511 καὶ
1262 3457 1469 3519 τούτοις
1502 3454 1883 3520 ἐπιϐάλλοντες

288 3560 639 3629 δελεάσματα
698 3555 987 3625 σύμμετρα
1053 3548 1134 3621 τῷ
1200 3548 1421 3621 μεγέθει
1479 3548 1590 3602 τῶν
1641 3565 1881 3602 καταπι-

292 3655 496 3707 νόντων
523 3648 725 3717 κητῶν.
754 3643 889 3701 Εἶτα
908 3644 1015 3698 τῶν
1046 3643 1233 3714 ἄκρων
1252 3641 1479 3695 ἐκείνων
1502 3639 1613 3693 τῶν
1635 3639 1885 3711 σχοινίων

289 3734 374 3796 ὧν
406 3742 751 3812 ἀπήρτηνται
784 3737 839 3790 αἰ
874 3736 1161 3804 άγκιστροι
1202 3731 1348 3787 κατά
1386 3732 1448 3785 τὸ
1488 3730 1676 3802 ἕτερον
1709 3731 1884 3801 πέρας

293 3834 502 3895 ἀσκοὺς
546 3830 823 3899 πνεύμασι
861 3826 1227 3888 διατείναντες
1275 3825 1370 3879 καὶ
1400 3823 1732 3896 ἐκδήσαντες
1772 3822 1884 3876 τῶν

292 3926 487 3997 ἄκρων
534 3922 797 3988 ἐκείνων,
832 3921 1144 3991 μετεώρους
1189 3916 1414 3995 ἀφίασιν
1452 3914 1619 3987 ὅπερ,
1651 3904 1746 3969 ιτιι
1786 3913 1881 3969 τοῦ

293 4018 592 4086 πελάγους.
666 4013 987 4085 Ἑνεχθέντα
1044 4010 1224 4065 τοίνυν
1278 4008 1349 4063 τὰ
1400 4008 1568 4079 ἄγρια
1595 4010 1737 4079 κήτη
1771 4008 1885 4069 τοῖς

291 4108 654 4179 δελεάσμασι,
687 4106 781 4160 καὶ
807 4105 876 4159 τά
905 4104 1178 4176 ἄγκιστρα
1210 4101 1303 4171 ἀφ’
1338 4099 1548 4157 ἐαυτῶν
1590 4098 1881 4169 δεξάμενα,

298 4203 459 4273 σύρει
493 4202 591 4271 μὲν
634 4201 760 4263 τοὺς
786 4199 989 4262 ἀσκοὺς
1035 4198 1119 4260 εἰς
1181 4196 1244 4249 τὸ
1308 4191 1494 4264 βάθος.
1560 4190 1622 4244 Ἥ
1670 4190 1727 4245 δὲ
1775 4190 1884 4243 τῶν

295 4290 487 4347 ἀσκῶν
515 4290 677 4360 φύσις
705 4288 994 4359 ἀνωφερὴς
1024 4283 1181 4348 οὖσα,
1210 4284 1372 4338 πάλιν
1398 4281 1649 4336 ἀνθέλκει
1682 4283 1761 4345 εἰς
1786 4281 1885 4353 τὴν

301 4381 648 4450 ἐπιφάνειαν,
683 4380 778 4432 καὶ
799 4376 1209 4449 ἐμπεπαρμένα
1232 4377 1299 4445 τῇ
1331 4375 1438 4446 ἰδίᾳ
1458 4376 1633 4446 τροφῇ
1657 4373 1770 4427 ἀνω
1789 4373 1884 4427 καὶ

1992 598 2235 654 diceris:
2293 614 2396 654 cur
2445 614 2649 654 maeres
2697 604 2950 673 corporis
2994 608 3289 673 servitute,
3337 622 3403 663 ac
3461 623 3571 665 non

1992 690 2176 760 potius
2227 690 2539 761 principatu
2596 692 2694 747 tibi
2751 708 2780 745 a
2816 695 2922 750 Deo
2974 695 3178 751 tradito
3231 699 3461 769 gaudes,
3517 709 3573 755 et

1986 782 2293 853 gloriaris?
2342 782 2479 838 Cum
2542 783 2694 839 vides
2748 783 3034 841 dominum
3093 796 3249 843 tuum
3302 789 3571 861 voluptati

1995 873 2387 943 mancipatum.
2419 874 2651 944 teipsum
2703 886 2886 931 autem
2924 886 3342 950 temperantem,
3386 898 3572 938 nonne

1992 964 2276 1036 intelligis,
2308 972 2363 1021 te
2394 966 2617 1021 nomine
2656 968 2924 1025 duntaxat
2974 985 3100 1027 esse
3139 988 3379 1037 servum,
3412 974 3567 1029 illum

1987 1067 2182 1113 contra
2227 1060 2453 1116 nomine
2482 1067 2698 1115 tantum
2751 1063 2916 1134 potiri
2951 1062 3259 1131 dominatu,
3297 1082 3358 1124 re
3385 1072 3568 1123 autem

1987 1150 2044 1203 in
2111 1150 2444 1221 gravissima
2494 1153 2762 1208 servitute
2822 1154 3104 1210 detineri?
3168 1155 3319 1212 illum
3384 1169 3571 1214 scorto

1988 1241 2324 1307 devinctum,
2357 1251 2413 1297 et
2461 1243 2788 1300 obstrictum
2832 1246 3036 1311 cernis,
3066 1258 3121 1300 tu
3151 1256 3331 1303 autem
3384 1260 3566 1307 scorta
3646 1308 3655 1319 ,

1989 1330 2230 1401 despicis
2259 1339 2424 1402 atque
2461 1333 2801 1404 aspernaris.
2831 1334 3018 1406 Itaque
3048 1345 3103 1389 tu
3132 1340 3566 1407 perturbationis

1990 1422 2248 1479 dominus
2276 1440 2361 1485 es.
2391 1426 2482 1480 illc
2521 1427 2888 1497 voluptatum,
2919 1445 3042 1498 quae
3087 1432 3186 1489 abs
3239 1440 3294 1488 te
3339 1434 3568 1491 devicta:

1990 1523 2140 1578 sunt,
2159 1532 2373 1571 servus.
2413 1534 2431 1568 ι
2454 1517 2743 1574 Faciamus
2764 1533 2893 1589 ergo
2916 1519 3214 1590 hominem,
3237 1532 3291 1579 et
3315 1526 3518 1595 praesit.
3543 1548 3560 1579 ι

1990 1604 2092 1661 lUbi
2123 1615 2206 1660 est
2239 1608 2542 1679 imperandi
2569 1611 2675 1676 vis,
2705 1612 2815 1668 illic
2844 1622 2898 1668 et
2920 1614 3098 1686 imago
3133 1614 3250 1671 Dei.

2064 1719 2082 1752 ι
2107 1699 2299 1757 Praesit
2324 1703 2585 1773 piscibus.
2613 1724 2632 1758 ι
2674 1704 2918 1762 Primum
2951 1708 3114 1764 nobis
3134 1710 3321 1765 datum
3347 1719 3431 1767 est
3460 1713 3567 1767 im-

1982 1793 2197 1861 perium
2216 1795 2268 1849 in
2286 1810 2371 1855 ea.
2398 1812 2520 1866 quae
2546 1796 2881 1860 habitatione
2906 1813 2937 1853 a
2968 1799 3128 1856 nobis
3145 1800 3394 1872 sejuncta
3412 1813 3563 1862 sunt.

1985 1885 2101 1942 Non
2130 1887 2264 1942 dixit
2297 1929 2313 1952 ,
2344 1884 2541 1945 Praesit
2570 1890 2962 1958 animantibus,
2991 1909 3115 1963 qua:
3136 1894 3300 1951 simul
3324 1912 3449 1951 cum
3486 1898 3571 1969 ip~

1984 1993 2047 2031 so
2079 1986 2209 2032 sunt
2236 1978 2491 2045 educata,
2527 1978 2621 2035 sed
2646 1980 2913 2051 piscibus,
2957 1982 3053 2052 qui
3104 1984 3271 2040 vitam
3313 1987 3368 2040 in
3408 1989 3568 2059 aquis

1985 2069 2211 2138 degunt.
2248 2067 2436 2126 Primo
2482 2071 2651 2143 igitur
2683 2073 2841 2129 nobis
2876 2074 2931 2128 in
2981 2075 3162 2144 pisces
3184 2077 3448 2133 traditum
3482 2090 3566 2135 est

1988 2162 2297 2233 imperium.
2337 2163 2624 2230 Quomodo
2655 2173 2841 2221 autem
2892 2167 3138 2237 piscibus
3188 2168 3568 2240 imperamus?

1985 2257 2040 2309 Si
2074 2267 2294 2325 propter
2328 2255 2506 2310 lacum
2537 2255 2775 2326 aliquem
2813 2259 3171 2329 conspiceris,
3223 2262 3381 2318 facile
3410 2274 3566 2333 potes

1985 2348 2447 2415 animadvertere,
2480 2350 2759 2419 quomodo
2802 2351 2869 2406 ad
2915 2352 3160 2407 umbram
3195 2364 3566 2413 tuamomnes

1985 2438 2259 2509 trepident
2289 2453 2355 2494 ac
2402 2441 2857 2497 contremiscunt.
2911 2441 3047 2509 Quis
3086 2443 3256 2502 herus
3302 2444 3562 2503 familiam

1986 2528 2413 2583 tumultuantem
2465 2527 2615 2582 domi
2665 2539 2891 2598 repente
2922 2530 3233 2588 consistens
3281 2536 3356 2588 ita
3385 2536 3562 2597 sedat,

1984 2620 2386 2692 praesentiaque
2423 2601 2522 2676 sua
2568 2633 2768 2677 cuncta
2821 2621 2878 2676 in
2931 2622 3182 2679 ordinem
3245 2626 3459 2697 redigit,
3506 2638 3566 2683 ut
3632 2700 3637 2705 μ

1983 2714 2302 2769 universum
2364 2713 2673 2769 natantium
2748 2730 2924 2785 genus
2984 2715 3051 2770 ad
3114 2717 3278 2775 unius
3328 2719 3567 2777 hominis

1983 2815 2266 2875 aspectum
2316 2805 2546 2877 figuram
2603 2814 2802 2873 mutat,
2857 2815 2916 2861 ut
2962 2823 3074 2865 non
3126 2812 3364 2881 amplius
3396 2813 3569 2871 libere

1981 2900 2198 2971 degere,
2226 2917 2329 2957 nec
2349 2917 2445 2971 per
2467 2900 2637 2957 maris
2661 2901 2882 2957 lucusve
2906 2918 3153 2961 summas
3177 2906 3354 2963 undas
3375 2916 3568 2962 natare

1982 2992 2232 3049 audeat?
2258 2991 2559 3062 Delphinus
2584 2992 2724 3062 ipse,
2756 2994 2849 3064 qui
2883 2994 3027 3050 inter
3052 2994 3335 3062 animalia,
3365 3015 3488 3068 qua:
3510 3001 3565 3054 in

1984 3084 2142 3154 aquis
2168 3084 2394 3156 degunt,
2431 3085 2726 3156 plurimum
2770 3095 2971 3157 potest,
3012 3088 3289 3146 hominem
3324 3100 3566 3154 veretur.

1983 3190 2039 3232 et
2076 3177 2352 3233 observat.
2380 3177 2473 3233 Sic
2498 3178 2705 3233 homini
2736 3180 2789 3234 in
2815 3194 2879 3235 ea
2906 3179 3070 3240 datus
3091 3191 3177 3243 est
3196 3185 3565 3257 principatus.

1984 3270 2148 3337 Quid,
2185 3285 2312 3325 cum
2346 3270 2560 3326 ratione
2592 3272 2659 3326 ad
2697 3271 2789 3327 illa
2821 3273 3061 3339 accedis,
3083 3286 3141 3332 et
3171 3278 3357 3333 omnia
3404 3295 3568 3350 ευρο-

1986 3380 2099 3427 ras,
2125 3379 2307 3419 nonne
2334 3364 2442 3421 illis
2462 3363 2771 3421 dominaris
2796 3366 2820 3420 ’ί
2858 3367 3233 3424 Animadverti
3272 3385 3373 3442 ego
3396 3374 3571 3429 soler-

1988 3458 2115 3515 tiam
2168 3457 2489 3520 hominum,
2538 3459 2633 3528 qui
2688 3459 2865 3516 hamis
2928 3460 2996 3515 ad
3050 3470 3206 3519 cetos
3270 3464 3569 3533 capiendos

1984 3548 2271 3609 confectis.
2299 3559 2462 3620 atque
2496 3565 2624 3606 esca
2656 3566 2756 3621 pro
2785 3551 2999 3608 ratione
3048 3554 3445 3625 magnitudinis
3469 3574 3569 3613 eo-

1986 3657 2106 3696 rum
2136 3641 2560 3714 deglutientium
2594 3643 2835 3713 adjecta,
2862 3646 3098 3703 summis
3152 3647 3263 3704 illis
3320 3647 3566 3709 funibus.

1984 3734 2190 3804 quibus
2231 3734 2377 3791 hami
2426 3737 2679 3807 suspensi
2709 3745 2861 3802 sunt,
2906 3749 3058 3793 utres
3101 3754 3169 3793 ex
3198 3740 3371 3796 altera
3414 3752 3571 3812 parte

1985 3838 2146 3881 vento
2180 3824 2370 3896 plenos
2432 3826 2678 3895 alligant,
2735 3842 2943 3898 eosque
2994 3828 3234 3899 pensiles
3276 3828 3571 3887 demittunt

1985 3931 2150 3986 super
2180 3931 2353 3972 mare.
2404 3916 2475 3971 At
2520 3917 2780 3973 immania
2825 3926 2949 3975 cete
3001 3920 3196 3976 hamos
3227 3921 3392 3977 simul
3440 3937 3568 3977 cum

1983 4022 2111 4063 esca
2140 4007 2523 4079 deglutientia,
2554 4018 2707 4065 utres
2739 4009 2963 4079 quidem
2997 4011 3054 4065 in
3090 4011 3425 4081 profundum
3456 4021 3571 4067 tra-

1986 4097 2146 4163 hunt,
2176 4112 2392 4164 verum,
2417 4113 2542 4153 cum
2568 4114 2632 4155 ea
2662 4100 2734 4154 sit
2765 4102 2970 4154 utrium
3002 4110 3223 4165 natura,
3256 4110 3316 4156 ut
3343 4118 3566 4158 sursum

1985 4190 2239 4254 tendant,
2274 4205 2497 4246 rursum
2518 4190 2589 4245 ad
2611 4192 2782 4247 maris
2812 4192 3158 4263 superficiem
3184 4194 3568 4256 retrahuntur.

1984 4291 2191 4340 etcum
2247 4300 2351 4339 suo
2387 4284 2604 4340 conﬁxa
2653 4286 2993 4342 nutrimento
3043 4301 3264 4343 sursum
3308 4295 3366 4343 et
3409 4286 3570 4343 deor-

1985 4392 2108 4432 sum
2165 4378 2595 4444 tumultuantur,
2654 4377 2972 4450 jactataqne
3033 4380 3455 4452 obstupescunt,
3513 4392 3571 4435 et

294 4475 453 4529 κάτω
524 4470 925 4543 μαιμὰσσοντα,
985 4469 1079 4521 καὶ
1138 4465 1454 4521 ἀλλοιοῦντα
1501 4466 1627 4528 τοὺς
1684 4464 1881 4535 βυθοὺς

1987 4468 2150 4524 modo
2184 4470 2311 4535 hoc,
2347 4469 2511 4527 modo
2564 4470 2692 4527 illoc
2744 4471 3109 4527 dimetiuntur
3157 4486 3330 4536 mare,
3368 4471 3567 4535 donec.

291 4567 659 4637 διερευνᾶται.
713 4561 934 4633 Πελάγη
982 4560 1236 4629 πελαγῶν
1268 4561 1597 4631 ἀναμετρετ,
1646 4558 1742 4613 καὶ
1792 4556 1885 4610 τὸν

293 4658 470 4712 πολὺν
498 4658 650 4710 τόνον
677 4654 959 4725 ἄπρακτον
988 4653 1133 4723 ἐχον,
1158 4652 1468 4706 τελευταῖον
1498 4648 1577 4720 τῷ
1600 4648 1884 4721 ἀγκίστρῳ

297 4751 497 4819 ἐκείνῳ
526 4748 801 4819 ἁλώσιμον
841 4748 1052 4816 γίνεται
1081 4785 1095 4808 ,
1142 4743 1222 4816 τῷ
1268 4744 1417 4814 πόνῳ
1447 4741 1723 4813 δαμασθὲν
1746 4780 1762 4805 ,
1806 4741 1884 4812 τῷ

292 4841 447 4913 λιμῷ
471 4838 871 4910 καταπονηθὶν,
897 4839 1093 4909 νεκρὸν
1125 4836 1265 4909 μετά
1293 4835 1403 4889 τῶν
1436 4835 1623 4889 ἀσκῶν
1652 4834 1884 4905 συρόμε-

292 4953 411 4999 νον,
442 4933 665 5005 θήραμα
685 4932 893 5001 γίνεται
921 4929 1001 5001 τῷ
1020 4929 1234 5002 θηρατῇ
1252 4944 1266 4959 ⁸
1288 4927 1369 4998 τῷ
1399 4925 1602 4998 μικρῷ,
1633 4925 1693 4979 τὸ
1720 4926 1880 4997 μέγαο

294 5024 379 5094 τῷ
407 5023 645 5088 ἀσθενεῖ,
674 5023 737 5078 τὸ
764 5022 1018 5077 ἄπλετον.
1042 5021 1141 5075 Διά
1174 5021 1263 5085 τί;
1293 5021 1375 5074 ὅτι
1408 5022 1475 5091 τῇ
1503 5018 1599 5073 τοῦ
1621 5017 1883 5087 λογισμοῦ

292 5117 591 5191 περιουσίᾳ
631 5115 861 5187 δύναμιν
901 5112 996 5169 τοῦ
1042 5114 1232 5185 ἄρχειν
1280 5112 1463 5167 λαϐὼν
1488 5150 1505 5172 .
1560 5109 1637 5173 ὡς
1678 5109 1884 5173 κακοὺς

288 5211 571 5282 δραπέτας
610 5210 745 5281 πρὸς
779 5208 1067 5280 ἀκρίϐειαν
1100 5206 1223 5276 ἄγει
1256 5206 1383 5269 τοὺς
1416 5202 1841 5267 ἀπειθεστάτους
1867 5218 1881 5234 ο

290 5304 427 5365 τοὺς
473 5302 550 5372 μὴ
597 5301 929 5371 δυναμένους
980 5299 1049 5353 δι’
1088 5297 1429 5369 ἡμερότητος
1483 5294 1881 5367 προσαχθῆναι,

290 5393 519 5456 τούτους
541 5393 629 5447 διὰ
652 5392 755 5463 τῆς
784 5393 1031 5462 ἀνάγκης
1055 5387 1356 5443 δουλοῦται.
1385 5385 1573 5449 Οὕτως
1606 5383 1882 5455 πανταχοῦ

291 5490 332 5558 ἡ
359 5485 457 5540 τοῦ
482 5487 670 5557 ἄρχειν
693 5486 921 5556 δύναμις
954 5484 1104 5556 παρά
1131 5482 1226 5537 τοῦ
1252 5482 1535 5549 κτίσαντος
1556 5481 1881 5553 ἐγγινομένη

290 5579 376 5650 τῷ
408 5578 679 5650 ἀνθρώπῳ
710 5580 965 5651 ὑπάρχει.
1014 5578 1297 5633 Ἐντεῦθεν
1328 5577 1535 5646 Ξιφίαι,
1570 5577 1664 5632 καὶ
1685 5575 1884 5644 Ζύγαι-

290 5688 408 5732 ναι,
442 5670 534 5723 καί
561 5668 844 5732 Φάλαιναι,
875 5668 971 5725 καὶ
1002 5669 1251 5740 Πρίονες,
1283 5668 1379 5722 καί
1405 5667 1547 5738 βόες,
1580 5667 1677 5720 καὶ
1704 5666 1883 5721 πάντα

292 5764 483 5814 ἐκεῖνα
535 5761 605 5814 τὰ
654 5760 862 5832 φοϐερά
902 5760 1009 5814 τῶν
1066 5761 1249 5814 κητῶν
1283 5760 1545 5832 ὀνόματα,
1593 5759 1882 5830 ὑποχείρια

290 5853 487 5923 γέγονε
502 5884 508 5893 ο
525 5853 600 5922 τῷ
630 5852 923 5923 ἀνθρώπῳ.

598 5946 879 6006 ΡΑτιιοι.
930 5944 1041 6005 Gn.
1101 5944 1317 6005 XLIV.

1984 4562 2163 4617 multo
2196 4561 2404 4619 frustra
2447 4564 2636 4621 labore
2667 4572 3023 4635 consumpto,
3057 4564 3271 4622 defessa
3317 4564 3568 4636 fameque

1984 4655 2216 4721 domita,
2268 4664 2435 4727 atque
2482 4656 2661 4713 hamis
2709 4658 3105 4727 comprehensa
3140 4656 3361 4721 tandem
3421 4660 3566 4714 occi-

1984 4750 2143 4816 dunt,
2173 4757 2228 4805 et
2260 4765 2386 4804 cum
2408 4749 2622 4805 utribus
2646 4749 2964 4826 trahuntur,
2991 4760 3045 4805 et
3074 4753 3357 4809 venatoris
3381 4747 3564 4819 praeda

1987 4844 2145 4905 fiunt,
2186 4841 2500 4911 ceduntque
2536 4855 2706 4911 parvo
2729 4841 2980 4913 grandia,
3004 4841 3282 4897 imbecillo
3303 4842 3562 4897 valentia.

1985 4934 2129 5002 Quid
2179 4934 2299 4989 ita?
2353 4931 2624 4999 Quoniam
2684 4935 2752 4997 is,
2816 4933 2910 5002 qui
2955 4934 3188 4993 rationis
3249 4937 3564 5005 praestantia

1984 5025 2321 5079 dominatum:
2352 5031 2437 5080 est
2487 5034 2793 5085 assecutus,
2856 5034 3120 5096 tanquam
3164 5026 3439 5095 mancipia
3470 5041 3564 5080 ne-

1983 5130 2177 5186 quam.
2206 5130 2271 5169 ac
2301 5113 2532 5185 fugitiva
2557 5130 2654 5187 per
2682 5115 2791 5170 vim
2820 5117 2886 5171 ad
2914 5116 3153 5173 cilicium
3183 5126 3422 5180 revocat.
3443 5134 3566 5188 quae

1985 5206 2096 5261 alio
2125 5209 2301 5277 lpacto
2328 5205 2535 5263 adduci
2588 5223 2700 5263 non
2752 5209 3083 5280 potuissent,
3140 5219 3203 5266 ut
3239 5225 3366 5266 cum
3417 5210 3565 5267 uitro

1986 5313 2181 5370 parere
2222 5301 2525 5366 noluerint,
2579 5302 2893 5358 necessario
2953 5303 3218 5360 serviant.
3273 5303 3427 5358 Adeo
3479 5305 3564 5359 vis

1986 5392 2291 5463 imperandi
2322 5408 2352 5448 a
2385 5392 2498 5451 Deo
2547 5395 2754 5451 homini
2790 5397 2955 5454 insita
2992 5406 3048 5453 et
3074 5397 3317 5469 ingenita
3356 5393 3566 5468 ubique

1984 5493 2156 5556 patet.
2189 5484 2271 5541 Ex
2318 5501 2428 5557 quo
2481 5487 2558 5553 fit,
2608 5495 2668 5542 ut
2718 5489 2767 5545 ei
2802 5498 2857 5543 et
2907 5489 3104 5560 xiphiae
3136 5504 3233 5543 seu
3273 5487 3465 5559 gladii,
3504 5493 3565 5544 οι

1986 5593 2238 5649 zygmnae,
2269 5590 2324 5635 et
2378 5579 2623 5642 balenae,
2654 5590 2709 5635 et
2739 5596 2924 5643 serrae.
2972 5590 3026 5635 et
3048 5581 3202 5634 vituli
3258 5576 3481 5645 marini,
3509 5584 3565 5635 et

1986 5665 2197 5738 reliqua
2221 5652 2482 5724 terribilia
2516 5676 2761 5725 cetorum
2796 5685 2996 5741 genera
3036 5670 3283 5739 subjecta
3317 5669 3448 5725 sint.

3197 5947 3236 6005 9
