3996 6514
445 412 552 471 Ξῐῖτ

1675 412 1731 467 S.
1772 407 2101 467 GREGORII
2140 406 2431 472 NYSSENI

3591 431 3714 488 2138‘

522 558 536 585 ι
562 534 753 589 Prwsit
775 532 1013 605 piscibus
1032 533 1221 595 muris,
1246 542 1300 585 et
1329 528 1521 585 bestiis
1542 541 1721 587 terrm.
1747 553 1765 585 ›
1792 535 2008 589 Graven

2209 557 2227 589 ι
2276 539 2617 611 Ἀρχέτωσαν
2651 539 2758 592 τῶν
2790 537 2986 609 ἰχθύων
3019 545 3111 610 τῆς
3140 545 3435 618 θαλάσσης,
3466 549 3559 602 καὶ
3584 550 3693 604 τῶν

443 644 506 681 ac
532 626 869 681 frendentem
919 625 1131 678 leonem
1184 638 1293 677 non
1331 625 1557 695 aspicis,
1599 626 1760 693 cujus
1791 626 1871 679 vel
1918 641 2021 679 no-

445 734 568 771 men
609 718 787 787 ipsum
831 713 962 769 ferri
1012 730 1122 768 non
1162 721 1361 783 potest,
1402 713 1765 785 fremitusque
1817 725 2019 771 terram

444 807 786 862 tremefecit?
819 804 1039 873 Ecquod
1080 813 1297 858 tantum
1333 813 1418 859 est
1454 806 1642 869 robur,
1668 816 1727 859 ut
1755 806 2019 876 impetum

440 899 563 967 ejus
607 905 771 965 queat
802 895 1122 948 sustinere?
1162 894 1377 947 Nullum
1428 895 1631 948 animal
1674 906 1782 949 tam
1808 897 2020 951 viribus

440 989 665 1044 conlidit
705 988 855 1050 suis,
895 997 952 1040 ut
1001 985 1176 1040 leonis
1207 986 1316 1038 vim
1349 984 1593 1053 perferre
1627 987 1824 1056 possit.
1859 987 2017 1039 Atta-

440 1094 562 1131 men
600 1077 749 1129 illum
787 1075 841 1129 in
877 1088 1046 1144 parvo
1094 1073 1305 1127 vivario
1355 1073 1628 1127 inclusum
1675 1074 1849 1127 vides.
1882 1074 2018 1140 Quis

439 1172 618 1239 ipsum
648 1168 921 1229 cohibuit,
968 1181 1031 1219 ac
1071 1165 1324 1219 domuit?
1361 1165 1495 1231 Quis
1521 1168 1778 1236 exiguum
1812 1168 2015 1238 ingenti

438 1261 661 1316 animali
708 1274 987 1315 carcerem
1045 1257 1408 1327 excogitavit?
1457 1256 1592 1324 Quis
1636 1274 1793 1313 raros
1837 1275 2017 1315 cavete

438 1361 630 1424 lignea:
671 1355 949 1410 cancellos
976 1355 1248 1409 exstruxit
1279 1352 1427 1415 ferar,
1459 1368 1569 1422 quo
1602 1354 1916 1422 respiraret,
1949 1370 2017 1409 ne

437 1467 539 1505 suo
581 1454 695 1520 ipsa
727 1448 969 1503 anhelitu
1011 1444 1395 1509 suffocaretur,
1442 1447 1535 1500 sed
1571 1445 1742 1500 libere
1776 1448 2011 1500 animam

436 1544 686 1601 duceret,
729 1553 1035 1608 secureque
1082 1537 1342 1607 degeret?
1386 1538 1549 1606 quis?
1582 1553 1763 1592 nonne
1813 1539 2019 1592 homo?

438 1635 487 1689 ls
547 1632 881 1689 saevissimas
939 1644 1191 1700 quasque
1250 1626 1394 1682 feras
1452 1627 1559 1682 sibi
1614 1628 1799 1681 ludum
1862 1629 2011 1684 facit.

434 1726 628 1781 Nonne
674 1724 969 1794 pantheras
1020 1719 1200 1775 illudit
1234 1719 1445 1789 objecta
1491 1721 1704 1782 charta,
1743 1720 2011 1790 depictam

437 1819 677 1874 hominis
711 1816 947 1887 speciem
986 1811 1343 1882 praeferente?
1370 1811 1477 1865 lllze
1510 1823 1818 1881 correptam
1851 1813 2012 1865 char-

434 1920 545 1965 tam
575 1912 893 1978 discerpunt
928 1923 943 1960 :
975 1905 1139 1958 homo
1178 1918 1310 1957 vero
1342 1902 1485 1957 infra
1523 1903 1738 1971 positus
1764 1904 2004 1958 ferarum

433 2005 719 2061 stultitiam
746 2000 975 2056 deridet.
1001 1995 1192 2052 Nonne
1215 1998 1382 2068 igitur
1409 1997 1668 2050 omnibus
1690 1996 2008 2051 antecellit?

432 2097 573 2166 Quid
609 2096 677 2151 de
706 2094 1029 2149 volucribus
1079 2089 1304 2145 dicam?
1349 2089 1405 2143 in
1439 2104 1567 2142 aera
1613 2104 1723 2143 non
1753 2089 2004 2143 ascendit

434 2193 621 2249 homo.
670 2203 781 2241 non
830 2187 975 2241 enim
1027 2185 1191 2239 habet
1233 2182 1351 2237 alas
1386 2198 1400 2235 :
1433 2189 1488 2235 at
1536 2183 1717 2236 avium
1761 2184 2003 2236 volatum

430 2283 481 2334 vi
523 2280 757 2334 rationis
798 2277 1130 2346 assequitur.
1163 2273 1309 2327 Nihil
1350 2275 1496 2328 enim
1536 2275 1803 2328 rationem
1843 2289 2005 2329 coer-

429 2387 555 2428 cere
604 2381 805 2442 potest.
866 2367 1013 2432 Haec,
1064 2381 1187 2436 qua:
1234 2366 1286 2419 in
1340 2363 1786 2433 profundissimis
1830 2364 2003 2433 pelagi

431 2464 707 2537 partibus
731 2470 880 2527 sunt,
910 2466 1210 2516 scrutatur.
1245 2454 1489 2509 Venatur
1518 2468 1605 2519 ea,
1641 2469 1762 2525 quae
1801 2464 2003 2509 terram

431 2556 674 2611 incolunt
708 2573 721 2608 :
753 2554 916 2623 capit,
965 2565 1087 2621 qua:
1142 2558 1440 2603 versantur
1491 2547 1545 2601 in
1608 2560 1755 2601 aere.
1802 2544 2005 2601 Vidisti

430 2648 725 2720 aliquando
766 2648 819 2701 in
851 2659 1065 2702 summo
1098 2641 1313 2697 arboris
1354 2654 1508 2693 ramo
1544 2639 1869 2694 insidentem
1913 2655 2008 2694 vo-

432 2744 639 2796 lucrem
669 2752 943 2798 securam,
971 2742 1133 2804 atque
1158 2730 1407 2785 homines
1429 2738 1837 2799 aspernantem,
1864 2730 2005 2783 hanc

432 2843 614 2886 tamen
668 2842 805 2898 puer
841 2825 1036 2880 ludens
1080 2820 1515 2891 comprehendit.
1565 2818 1821 2875 Calamos
1858 2821 2003 2876 enim

429 2923 657 2977 calamis
686 2917 930 2987 subjicit,
958 2929 1163 2986 eosque
1191 2928 1436 2969 sunnnos
1456 2912 1622 2967 illinit
1654 2912 1829 2968 visco.
1862 2911 2002 2968 Tum

433 3032 529 3085 per
555 3027 757 3074 ramos,
805 3026 870 3065 ac
914 3008 1044 3063 l'olia
1079 3008 1221 3061 clam
1270 3006 1342 3060 ita
1375 3006 1619 3075 disponit
1664 3015 1718 3061 et
1749 3008 1910 3071 locat,
1945 3017 2004 3063 ut

428 3109 639 3161 viscum
682 3119 790 3157 non
848 3108 1111 3171 appareat
1163 3099 1340 3155 oculis
1384 3099 1626 3153 volucris
1676 3098 1729 3152 in
1779 3099 2001 3154 sublimi

426 3196 704 3251 versantis
752 3212 766 3248 :

428 3290 860 3357 obstrictumque
893 3292 1041 3341 tenet
1074 3299 1218 3350 eam,
1269 3298 1392 3353 qua:
1429 3297 1607 3337 aerem
1634 3282 1846 3351 incolit,
1879 3297 2001 3353 quae

429 3384 483 3436 in
527 3380 727 3435 aethere
769 3386 1017 3447 vagatur.
1072 3373 1217 3428 lnl‘ra
1267 3382 1455 3429 manet
1495 3375 1680 3440 homo,
1722 3375 1866 3429 infra
1918 3386 2003 3433 est

430 3474 581 3528 illius
610 3486 825 3530 manus.
859 3467 956 3524 sed
987 3468 1106 3537 ejus
1136 3466 1386 3522 ascendit
1412 3468 1693 3537 c0gitatio.
1717 3470 1896 3538 Atque
1928 3470 2002 3523 ita

427 3566 564 3620 nihil
597 3573 703 3623 est,
744 3562 809 3615 ad
842 3560 986 3633 quod
1043 3560 1135 3613 ille
1178 3569 1295 3612 arte
1335 3574 1443 3613 non
1485 3560 1789 3629 perveniat.
1833 3561 2003 3616 Alites

432 3656 660 3716 retibus,
693 3652 1017 3723 sagittisque
1051 3652 1208 3721 petit,
1246 3658 1301 3705 et
1351 3666 1539 3706 earum
1576 3653 1849 3707 avidiores
1878 3669 2003 3709 esca

431 3748 621 3803 allicit.
648 3746 840 3801 Nonne
865 3745 1159 3816 aliquando
1196 3746 1383 3799 vidisti
1419 3746 1659 3815 aquilam
1702 3746 2004 3801 inhiantem

430 3843 642 3916 pra'dze,
690 3843 863 3914 plagis
915 3841 1156 3897 irretiri?
1210 3842 1302 3895 Sic
1358 3855 1481 3911 quae
1512 3841 1699 3895 volatu
1747 3841 2003 3895 sublimia

430 3938 668 4009 petebat,
702 3936 956 3991 humanis
993 3935 1264 3989 illecebris
1286 3932 1543 3987 deorsum
1582 3933 1840 3987 trahitur.
1876 3929 2007 3987 0m-

429 4031 519 4084 nia
566 4030 802 4083 hominis
842 4028 1029 4081 manui
1063 4025 1300 4096 subjecit
1330 4024 1495 4079 Deus.
1539 4024 1739 4079 Orbem
1784 4024 2009 4078 univer-

429 4139 548 4177 sum
581 4122 889 4192 complevit,
934 4130 990 4176 et
1036 4120 1312 4174 hominem
1342 4116 1684 4187 principatus
1728 4125 2005 4188 expertem

426 4227 552 4268 esse
602 4213 796 4267 noluit.
847 4208 924 4265 Ne
981 4209 1187 4263 dixeris
1248 4216 1301 4262 te
1351 4208 1420 4260 ab
1475 4207 1566 4269 iis,
1610 4221 1732 4276 quae
1780 4208 1834 4261 in
1880 4221 2007 4262 aere

431 4312 744 4363 versantur,
786 4298 1057 4370 superari.
1090 4296 1321 4350 Ratione
1351 4295 1497 4348 enim
1529 4302 1583 4349 et
1624 4295 1717 4349 illa
1751 4295 1847 4349 tihi
1874 4294 2009 4349 sub-

428 4394 570 4464 jecta
611 4402 758 4455 sunt,
796 4394 937 4445 sicut
965 4404 1182 4449 eorum,
1217 4401 1338 4456 qua:
1368 4401 1464 4457 per
1494 4394 1697 4442 terram
1742 4386 2006 4457 gradiun-

428 4498 521 4542 tur
551 4493 606 4541 et
640 4493 888 4554 serpunt,
939 4484 1149 4536 ratione
1178 4480 1433 4534 dominus
1472 4494 1552 4536 es.
1594 4478 1761 4535 Vides
1804 4481 1860 4536 in
1895 4497 2008 4553 quo

428 4579 697 4634 consistat
726 4586 778 4632 te
817 4575 1017 4629 factum
1045 4589 1169 4630 esse
1198 4571 1265 4627 ad
1298 4572 1590 4643 imaginem
1625 4571 1760 4627 Dei?

2123 630 2327 703 θηρίων
2358 633 2456 701 τῆς
2490 632 2613 701 γῆς.
2665 650 2683 682 ι
2724 631 2836 700 Οὐχ
2867 632 3000 701 ὁρᾷς
3041 632 3132 684 τὸν
3158 638 3344 693 λέοντα
3374 639 3468 693 τὸν
3496 640 3687 712 βαρὺν,

2120 725 2210 776 τὸν
2255 723 2603 794 βρυχητικὸν,
2653 718 2715 776 οἵ,
2758 725 2854 776 καὶ
2895 722 2955 775 τὸ
2996 722 3169 792 ὄνομα
3201 723 3488 794 ἀφόρητον,
3537 734 3633 786 καὶ
3661 733 3692 786 6

2122 817 2366 887 βρυγμὸς
2398 815 2704 885 ὑπότρομον
2734 814 2994 884 ποιεῖτὴν
3024 816 3154 884 γῆν;
3177 807 3222 882 ᾧ
3250 815 3359 868 τίνι
3385 818 3529 876 ἐστὶν
3546 823 3693 879 οὔτω

2120 907 2373 979 φορητὸν,
2413 908 2553 961 ὥστε
2598 908 2774 979 ὁρμὴν
2806 906 2989 962 αὑτοῦ
3022 909 3345 977 ὑπομεῖναι;
3379 911 3537 965 οὐδὲν
3580 920 3693 972 τῶν

2120 999 2273 1065 ζώων
2315 999 2549 1071 τοσαύτῃ
2600 999 2824 1052 πέποιθε
2871 999 3151 1068 δυνάμεως
3204 1001 3515 1073 περιουσίᾳ,
3550 1003 3687 1061 ὥστε

2119 1093 2415 1163 ὑποστῆναι
2445 1093 2622 1163 ὁρμὴν
2659 1092 2887 1154 λέοντος.
2944 1092 3082 1145 Ἀλλ’
3115 1093 3265 1163 ὅμως
3309 1096 3514 1149 ἐκεῖνον
3559 1099 3693 1168 ὁρᾷς

2117 1186 2175 1238 ὲν
2206 1184 2385 1255 μικρῷ
2418 1182 2613 1255 ζώγρῳ
2648 1183 3191 1253 κατακεκλεισμένον.
3221 1186 3317 1247 Τίς
3342 1185 3373 1236 6
3400 1187 3695 1258 καθείρξας

2116 1278 2312 1343 αὐτόνς
2343 1278 2371 1330 6
2410 1276 2470 1330 τό
2522 1276 2716 1348 μικρὸν
2762 1276 3133 1347 δεσμωτήριον
3175 1276 3254 1347 τῷ
3302 1278 3523 1349 μεγάλῳ
3568 1278 3693 1351 ζώῳ

2115 1370 2408 1439 ἐπινοήσας
2429 1387 2442 1434 ;
2469 1369 2551 1432 τίς
2574 1369 2603 1421 6
2626 1371 2693 1441 τῇ
2720 1368 3000 1441 ἀραιότητι
3022 1369 3133 1421 τῶν
3162 1369 3445 1439 στημόνων
3468 1371 3693 1425 ἐκείνων

2114 1460 2221 1512 τῶν
2251 1460 2474 1526 ξυλίνων
2500 1460 2598 1530 τὴν
2625 1458 2898 1529 ἀναπνοὴν
2926 1458 3004 1530 τῷ
3037 1458 3211 1531 θηρίῳ
3241 1462 3689 1532 παρασκευάσας,

2111 1551 2188 1615 ὡς
2231 1551 2307 1623 μὴ
2348 1551 2640 1617 ἀποπνῖξαι
2685 1551 2817 1604 αὐτὸ
2859 1550 2936 1621 τῷ
2967 1550 3083 1622 ἰδίῳ
3122 1550 3383 1622 ἄσθματι,
3418 1552 3557 1607 ἀλλά
3594 1556 3691 1607 καὶ

2115 1642 2389 1711 ἀναπνοὴν
2423 1640 2725 1713 ἐλευθέριον
2763 1639 2912 1709 αὐτῷ
2946 1639 3068 1704 δοὺς
3088 1683 3103 1705 ,
3140 1640 3235 1692 καὶ
3261 1641 3361 1710 τὴν
3389 1642 3690 1710 ἀσφάλειαν

2114 1736 2562 1806 διοικησάμενος;
2596 1731 2725 1797 Τίς;
2757 1733 2891 1803 Οὐχὶ
2918 1731 3234 1804 ἀνθρωποςς
3262 1732 3488 1801 παίγνια
3514 1738 3688 1788 ποιεῖ-

2116 1844 2204 1879 ται
2234 1826 2342 1877 τῷν
2370 1824 2572 1895 θηρίων
2613 1823 2681 1876 τά
2707 1822 3094 1893 χαλεπώτατα·
3123 1824 3224 1876 οὐκ
3254 1823 3554 1887 ἀποπαίζει
3581 1826 3688 1878 τῶν

2114 1918 2469 1988 παρδάλεων,
2527 1917 2655 1969 ὅταν
2700 1916 2959 1987 ὑποτείνῃ
3013 1916 3222 1987 χάρτην
3272 1917 3353 1979 εἰς
3402 1916 3687 1988 ἄνθρωπον

2113 2008 2581 2081 ἐσχηματισμένον
2605 2024 2618 2072 ;
2645 2009 2737 2060 καὶ
2765 2010 2798 2078 ἡ
2833 2010 2948 2078 μέν,
2981 2008 3073 2061 τὸν
3110 2009 3317 2077 χάρτην
3356 2008 3686 2078 ἐσπάραξεν

2111 2105 2139 2156 6
2162 2103 2218 2157 δὲ
2251 2101 2536 2172 ἄνθρωπος
2564 2100 2714 2153 κάτω
2750 2100 3018 2169 κείμενος,
3049 2100 3150 2170 τῆς
3177 2100 3471 2163 ἀνοίαςτοῦ
3499 2101 3687 2171 θηρίου

2112 2192 2495 2263 κατεγέλασεν.
2531 2191 2606 2244 Οὐ
2638 2190 2923 2261 περιουσίᾳ
2956 2191 3172 2244 πάντων
3202 2193 3396 2260 κρατεῖ
3421 2193 3449 2245 6
3476 2191 3687 2263 ἄνθρωο

2111 2301 2242 2349 πος;
2285 2283 2409 2346 Πῶς
2444 2282 2581 2335 εἴπω
2622 2297 2705 2333 σοι
2747 2280 2876 2349 περὶ
2912 2279 3021 2333 τῶν
3068 2280 3419 2350 πετομένων;
3469 2282 3552 2333 ὅτι
3588 2282 3687 2334 οὐκ

2112 2375 2387 2431 ἀναϐαίνει
2431 2375 2527 2445 μὲν
2552 2375 2580 2427 6
2612 2372 2898 2443 ἄνθρωπος
2927 2374 3007 2433 εἰς
3042 2371 3132 2424 τὸν
3157 2371 3314 2442 ἀέραο
3344 2372 3408 2425 οὐ
3434 2372 3542 2443 γάρ
3575 2374 3688 2443 ἔχει

2112 2469 2317 2539 πτερά·
2352 2464 2799 2536 συμπαρίπταται
2827 2463 2884 2515 δὲ
2922 2464 3032 2524 τοῖς
3079 2465 3305 2532 πτηνοῖς
3337 2465 3404 2532 τῇ
3451 2462 3548 2515 τοῦ
3593 2463 3686 2517 νοῦ

2110 2563 2357 2631 δυνάμει.
2399 2558 2565 2613 Οὐδὲν
2602 2556 2821 2625 κατέχει
2869 2554 2960 2607 τὸν
2996 2552 3275 2624 λογισμόν.
3316 2554 3396 2608 Τά
3436 2556 3495 2610 ἐν
3543 2556 3689 2626 βυθῷ

2110 2653 2483 2725 διερευνᾶται,
2529 2648 2597 2701 τὰ
2639 2646 2779 2717 ὑπὲρ
2812 2646 2917 2716 γῆς
2954 2644 3209 2715 θηρᾶται,
3250 2644 3319 2696 τά
3361 2646 3420 2697 ἐν
3462 2644 3540 2714 τῷ
3566 2647 3686 2716 ἀέρι

2113 2739 2646 2814 προκαταλαμϐάνει.
2707 2733 2861 2801 Εἶδές
2923 2753 3052 2790 ποτε
3107 2738 3194 2789 ἐπ’
3258 2736 3431 2807 ἄκρου
3489 2737 3682 2791 κλάδον

2112 2834 2475 2905 καθεζόμενον
2530 2832 2716 2902 ὖρνεον
2780 2827 3099 2897 καταγελῶν
3164 2828 3273 2880 τῶν
3342 2827 3684 2898 ἀνθρώπωνς

2110 2929 2336 2983 πέποιθε
2376 2926 2485 2999 γάρ
2523 2926 2591 2996 τῇ
2639 2923 2930 2992 κουφότητι
2968 2920 3065 2973 τοῦ
3108 2920 3343 2991 πτεροῦ·
3384 2921 3500 2974 ἀλλ’
3529 2922 3685 2990 ὅμως

2111 3026 2257 3079 ἐστιν
2318 3023 2448 3076 ἰδεῖν
2502 3018 2668 3073 παῖδα
2704 3001 3043 3085 ἀδολεσχεῖν,
3089 3016 3367 3086 καλάμους
3423 3016 3689 3085 καλάμοις

2111 3112 2500 3173 ὑποϐάλλοντα,
2542 3110 2637 3163 καὶ
2672 3107 2812 3161 κατά
2845 3106 2905 3158 τὸ
2934 3105 3103 3177 ἀκρον
3132 3105 3238 3158 τῶν
3278 3105 3542 3175 καλάμων
3575 3106 3685 3169 ἰξὸν

821 3200 985 3264 atque
1052 3191 1108 3246 in
1176 3191 1377 3262 ειίειιο
1425 3198 1683 3245 comam“
1742 3199 1999 3261 ειιβθτδίν
2031 3230 2074 3290 c
2109 3203 2584 3280 προσαρτήσαντα,
2623 3193 2742 3250 εἶτα
2781 3193 3152 3258 λανθανόντως
3191 3195 3278 3248 διά
3321 3195 3430 3247 τῶν
3475 3194 3687 3249 κλάδων

2104 3303 2202 3358 καί.
2241 3297 2349 3352 τῶν
2381 3292 2595 3363 φύλλων
2619 3288 2891 3358 κλέψαντα
2934 3286 3029 3341 τοῦ
3076 3286 3188 3353 ἰξοῦ
3232 3286 3333 3358 τὴν
3363 3290 3689 3358 παρουσίαν,

2103 3392 2197 3446 καὶ
2221 3379 2795 3456 ἀπομετεωριζόμενον
2822 3375 2883 3429 τὸ
2904 3375 3058 3447 ὄμμα
3083 3374 3178 3428 τοῦ
3205 3376 3391 3447 ὀρνέου
3418 3379 3689 3448 τηρήσαςο

2108 3482 2277 3554 μικρᾷ
2308 3472 2647 3547 προσψαύσει
2679 3470 2950 3542 ἐκράτησε
2992 3467 3054 3521 τὸ
3096 3466 3456 3538 ἀεροποροῦν,
3493 3467 3553 3519 τὸ
3599 3468 3688 3521 διά

2104 3572 2198 3628 τοῦ
2232 3569 2449 3640 αἰθέρος
2485 3565 2785 3635 φερόμενον
2828 3560 3063 3632 πτηνὸν,
3092 3560 3313 3630 δέσμιον
3361 3559 3455 3630 ἰξῷ
3488 3561 3687 3631 ἤγαγε.

2104 3666 2275 3718 Κάτω
2301 3664 2475 3715 κεῖται
2498 3655 2803 3727 ἄνθρωπος,
2835 3654 2931 3707 καὶ
2954 3654 2987 3724 ἠ
3013 3652 3133 3725 χεὶρ
3165 3653 3338 3716 κάτω,
3370 3652 3483 3705 ἀλλ’
3507 3655 3541 3724 ἡ
3569 3653 3687 3706 διά-

2105 3772 2225 3809 νοια
2257 3750 2556 3812 ἀναϐαίνει,
2593 3747 2687 3801 καὶ
2716 3746 2804 3800 διά
2848 3746 2948 3817 τῆς
2991 3746 3185 3816 τέχνης
3233 3745 3431 3815 ἐφικτά
3479 3746 3692 3813 γίνεται

2109 3845 2187 3917 τῷ
2213 3842 2485 3915 ἀνθρώπῳ
2514 3840 2712 3894 πάντα.
2742 3838 2944 3890 Δίκτυα
2974 3838 3187 3889 ἵσταται
3218 3840 3539 3908 πτερωτοῖς.
3584 3838 3693 3891 Το-

2109 3937 2257 4003 ξόται
2289 3935 2397 3989 τῶν
2432 3931 2745 4003 πετομένων
2781 3928 3279 4000 καταστοχάξονται
3301 3969 3317 3993 ,
3357 3930 3693 4000 δελεάσματι

2108 4030 2342 4100 θηρᾶται
2373 4027 2445 4079 τά
2470 4023 2902 4095 λαιμαργότερα.
2935 4022 3052 4074 Οὐκ
3087 4017 3227 4085 εἶδές
3257 4038 3388 4075 ποτε
3413 4021 3692 4076 καὶάετὸν

2110 4120 2324 4193 λάϐρως
2386 4116 2694 4188 ἐμπεσόντα
2765 4112 3073 4185 θηράματι,
3134 4106 3256 4165 εἶτα
3313 4115 3688 4185 περιπαρέντα

2106 4215 2229 4276 ταῖς
2258 4210 2411 4264 κάτω
2439 4209 2679 4275 πάγαις;
2723 4204 2912 4271 Οὓτως
2950 4207 3013 4259 τὸ
3058 4206 3260 4277 ὑψηλὸν
3296 4206 3446 4260 κάτω
3480 4207 3693 4275 γίνεται

2107 4308 2219 4369 τοῖς
2250 4301 2610 4374 ἀνθρωπίνοις
2650 4299 3012 4369 δελεάσμασιν
3045 4298 3320 4352 ἐλκυσθέν.
3356 4299 3543 4354 Πάντα
3584 4299 3693 4352 ὑπὸ

2108 4396 2207 4467 τὴν
2230 4397 2389 4466 χεῖρα
2416 4395 2591 4464 ἦγαγε
2616 4390 2710 4445 τοῦ
2737 4390 3048 4462 ἀνθρώπου,
3078 4391 3173 4443 καὶ
3192 4392 3291 4460 τὴν
3320 4392 3499 4443 κτίσιν
3526 4390 3690 4461 ἐπλήο

2115 4502 2277 4556 ρωσε,
2301 4485 2397 4538 καὶ
2423 4484 2515 4537 τὸν
2539 4482 2823 4554 ἄνθρωπον
2849 4482 3076 4552 ἄμοιρον
3106 4483 3204 4551 τῆς
3240 4482 3557 4544 δεσποτείας
3589 4483 3691 4535 οὐκ

2031 4570 2075 4625 Ῑ)
2104 4578 2349 4647 ἐποίησε.
2375 4576 2466 4646 Μὴ
2489 4574 2669 4646 εἴπῃς,
2698 4574 2778 4626 Ta
2799 4574 2857 4625 ἐν
2877 4572 2954 4643 τῷ
2974 4574 3094 4643 ἀέρι
3118 4573 3391 4643 φερόμενα
3420 4572 3538 4635 πῶς
3564 4572 3695 4641 ἐμοὶ

426 4670 702 4742 διαφέρει;
743 4669 843 4722 Διά
883 4667 990 4739 γάρ
1031 4667 1123 4720 τοῦ
1160 4664 1422 4735 λογισμοῦ
1469 4666 1696 4720 κάκεῖνά
1739 4684 1821 4720 σοι
1866 4668 2150 4740 ὑποχείρια
2187 4670 2418 4739 γίνεται.
2469 4686 2487 4717 ι
2519 4668 2632 4721 Καὶ
2671 4666 2781 4720 τῶν
2824 4666 3071 4737 ἑρπετῶν
3112 4665 3217 4717 τῶν
3272 4665 3549 4736 ἑρπόντων
3599 4667 3695 4719 ἐπὶ

428 4766 531 4835 τῆς
566 4764 688 4841 γῆς.
720 4782 740 4815 ι
775 4762 937 4834 Ὅρᾷς
973 4762 1077 4816 ποῦ
1114 4762 1257 4833 ἔχεις
1295 4761 1358 4815 τὸ
1385 4765 1508 4817 κατ’
1547 4762 1733 4817 εἰκόνα
1758 4764 2085 4834 γεγενῆσθαι
2116 4764 2287 4830 Θεοῦς

505 4874 524 4905 ι
561 4851 625 4905 Et
656 4852 784 4907 fecit
808 4852 947 4907 Deus
976 4852 1270 4907 hominem.
1305 4872 1324 4904 ι
1347 4852 1489 4918 Quid
1511 4853 1678 4923 igitur
1695 4862 1779 4909 est
1810 4855 2011 4910 homo?

429 4944 508 4998 Ex
534 4944 605 4999 iis
635 4950 755 5012 quae
786 4942 853 4996 de
878 4941 1001 5011 ipso
1022 4943 1398 5012 cognovimus,
1430 4950 1486 4997 et
1519 4943 1853 5005 audivimus,
1883 4958 2007 4999 eum

428 5035 774 5090 deﬁniamus.
822 5032 1005 5103 Neque
1036 5035 1182 5088 enim
1212 5034 1324 5104 jam
1354 5050 1502 5105 opus
1548 5044 1654 5101 est,
1691 5045 1752 5091 ut
1798 5037 2010 5092 alienas

428 5123 776 5180 deﬁnitiones
796 5132 1128 5184 mutuemus,
1157 5138 1333 5194 neque
1364 5140 1458 5180 eas
1495 5125 1564 5179 ab
1596 5134 1822 5181 externa
1857 5125 2012 5181 vani-

428 5225 543 5271 tate
564 5222 816 5285 sumptas
844 5214 901 5268 in
928 5216 1176 5269 oratione
1198 5215 1443 5270 veritatis
1473 5215 1798 5269 inseramus.
1835 5214 2010 5270 Homo

428 5319 515 5367 est
564 5326 707 5381 opus
754 5308 870 5373 Dei,
928 5307 1143 5362 ratione
1190 5308 1499 5376 praeditum,
1556 5306 1623 5360 ad
1670 5307 1791 5376 ejus
1826 5322 1853 5358 a
1897 5323 2008 5375 quo

428 5388 674 5458 creatum
708 5409 813 5462 est,
850 5399 1142 5469 imaginem
1176 5398 1398 5451 factum.
1435 5395 1495 5449 Si
1525 5397 1656 5465 quid
1686 5397 1923 5466 amplius
1952 5398 2005 5450 in

428 5493 534 5548 hac
594 5492 913 5548 deﬁnitione
965 5490 1333 5553 desideratur,
1388 5489 1737 5543 considerent
1790 5489 1850 5553 ii,
1912 5490 2007 5559 qui

428 5587 660 5641 multum
706 5586 758 5639 in
795 5584 1021 5640 caducae
1071 5582 1350 5653 sapientia:
1394 5580 1590 5637 studiis
1624 5583 2005 5638 elaborarunt.

429 5677 509 5729 Ad
557 5675 847 5745 imaginem
893 5673 987 5728 Dei
1032 5671 1215 5728 factus
1242 5680 1325 5727 est
1355 5672 1535 5727 homo.
1578 5691 1596 5724 ι
1622 5671 1685 5726 Et
1724 5673 2004 5727 benedixit

432 5764 576 5818 Deus
623 5763 854 5827 homini,
896 5772 951 5818 et
1001 5763 1111 5816 ait:
1142 5761 1406 5821 Crescite.
1447 5771 1501 5816 et
1546 5761 2001 5832 multiplicamini,

429 5860 486 5908 et
515 5853 716 5923 replete
753 5859 975 5906 terram.
1012 5872 1030 5904 ι
1074 5850 1276 5907 Eodem
1320 5850 1481 5905 modo
1525 5850 1799 5907 benedixit
1838 5852 2000 5907 etiam

2192 4875 2209 4905 ι
2252 4854 2363 4908 Καὶ
2398 4853 2653 4924 ἐποίησεν
2685 4854 2713 4904 6
2749 4852 2881 4916 Θεὸς
2924 4851 3015 4905 τὸν
3060 4849 3367 4921 ἄνθρωπον.
3419 4869 3437 4900 ι
3484 4850 3548 4902 Τί
3596 4846 3689 4903 οὖν

2112 4950 2259 5001 ἐστιν
2292 4945 2610 5017 ἄνθρωπος;
2643 4945 2701 5013 ἐξ
2741 4936 2818 4998 ὧν
2847 4942 3164 5012 ἀνέγνωμεν
3194 4944 3290 5011 καὶ
3327 4944 3386 5009 ἐξ
3418 4938 3494 4997 ὧν
3523 4944 3687 5013 ἠκού-

2112 5054 2307 5107 σαμεν,
2339 5035 2656 5107 όρισόμεθα.
2691 5035 2890 5088 Οὐκέτι
2926 5034 3037 5105 γὰρ
3079 5036 3213 5103 ἡμῖν
3254 5034 3412 5105 χρεία
3447 5034 3686 5097 δανείζε-

2113 5130 2239 5184 σθαι
2267 5130 2426 5202 ὃρους
2468 5128 2804 5200 ἀλλοτρίους,
2830 5127 2952 5181 οὐδὲ
2990 5127 3059 5180 τὰ
3087 5128 3152 5179 ἐκ
3197 5127 3295 5198 τῆς
3330 5127 3686 5197 ματαιότητος

2111 5220 2426 5288 ἐπεισάγειν
2475 5219 2555 5290 τῷ
2604 5219 2850 5289 λογισμῷ
2889 5218 2991 5288 τῆς
3034 5218 3317 5287 ἀληθείας.
3366 5219 3686 5289 Ἄνθρωπός

2111 5310 2228 5361 ἐστι
2288 5309 2497 5381 ποίημα
2546 5307 2681 5362 Θεοῦ
2719 5308 2967 5376 λογικὸν,
3013 5310 3132 5361 κατ’
3169 5308 3352 5361 εἰκόνα
3401 5309 3689 5379 γενόμενον

2108 5399 2201 5452 τοῦ
2234 5400 2518 5464 κτίσαντος
2552 5399 2735 5455 αὑτόν.
2782 5399 2851 5453 Εἰ
2887 5416 2941 5452 τι
2972 5399 3149 5452 λείπει
3190 5398 3272 5470 τῷ
3301 5399 3444 5470 λόγῳ
3490 5401 3691 5471 τούτῳ,

2108 5490 2162 5542 οἱ
2213 5490 2383 5543 πολλά
2414 5491 2933 5560 προσαναλώσαντες
2977 5494 3044 5562 τῇ
3078 5490 3344 5561 ἀναλήψει
3391 5492 3490 5560 τῆς
3536 5493 3689 5563 φθει-

2113 5578 2345 5651 ρομένης
2378 5581 2570 5649 σοφίας
2612 5580 3087 5650 ἐπισκεψάτωσαν.
3136 5582 3275 5633 Κατ’
3318 5583 3505 5634 εἰκόνα
3553 5579 3687 5635 Θεοῦ

2109 5671 2334 5740 γέγονεν
2366 5671 2673 5744 ἄνθρωπος.
2713 5691 2731 5724 ι
2771 5675 2881 5726 Καὶ
2922 5674 3216 5744 εὐλόγησεν
3247 5674 3275 5726 ό
3306 5673 3438 5736 Θεὸς
3467 5674 3561 5726 τὸν
3594 5675 3687 5727 ἀν-

2112 5762 2346 5832 θρωπον,
2376 5762 2471 5815 καὶ
2514 5759 2689 5827 εἶπεν,
2735 5761 3041 5829 Λύξάνεσθε
3083 5764 3178 5817 καὶ
3205 5761 3564 5833 πληθύνεσθε,
3595 5760 3688 5813 καὶ

2111 5854 2433 5926 πληρώσατε
2456 5856 2554 5926 τὴν
2580 5856 2702 5927 γῆν.
2734 5876 2753 5909 ι
2786 5856 2934 5929 Αὕτη
2966 5858 3000 5928 ἡ
3033 5856 3227 5927 ἰχθύων
3250 5855 3489 5926 εὐλογία.
3528 5875 3545 5908 ι
3577 5852 3687 5907 Καὶ
