3996 6510
351 421 447 481 271

1584 421 1643 477 S.
1682 418 2010 477 GREGORII
2050 416 2346 477 NYSSENI

3507 428 3616 487 279.

356 559 472 596 νετο
517 540 573 595 δέ
620 538 680 605 ἐξ
723 540 899 614 ἀρχῆς
944 536 1326 613 προστάγματι
1365 538 1708 605 Δεσποτικῶ,
1746 537 1840 590 καὶ
1880 534 2000 589 τότε
2046 535 2273 609 λαληθὲν
2326 539 2414 593 διὰ
2470 539 2649 610 πάσης
2697 537 2926 603 κτίσεως
2985 539 3147 612 μέχρι
3191 542 3375 608 τέλους
3426 551 3612 618 χωρεῖ.

361 656 377 683 ι
415 634 721 701 Λὺξάνεσθε
763 634 856 687 καὶ
888 632 1243 704 πληθύνεσθε.
1282 653 1301 684 ι

433 746 449 776 ι
489 727 754 791 Crescite,
796 744 814 778 ι
850 726 1051 796 inquit,
1087 741 1155 780 ne
1188 725 1241 780 in
1275 741 1384 780 uno
1430 740 1648 794 semper
1681 732 1822 781 statu
1855 736 1936 777 res

2119 740 2138 774 ι
2175 720 2502 788 Λῦξάνεσθε,
2536 743 2557 777 ι
2591 724 2679 778 ἵνα
2711 724 2785 795 μὴ
2808 725 2867 777 ἐν
2891 724 2972 777 ἐνὶ
2997 726 3318 797 περιορισθῇ
3412 732 3613 797 κτίσις-ο

354 825 759 888 permanerent.
778 815 844 870 Et
864 835 883 867 ι
906 817 1372 888 multiplicamini,
1397 835 1415 868 ι
1444 833 1510 871 ne
1526 817 1579 870 in
1599 831 1708 870 uno
1729 822 1940 868 tantum

352 906 739 972 consisterent,
788 905 882 961 sed
934 920 1166 960 numero
1216 915 1665 977 propagarentur.
1712 923 1729 955 ι
1766 904 1830 958 Et
1856 917 1944 958 re-

353 1002 495 1069 plete
532 1007 759 1053 terram.
796 1014 815 1050 ι
854 997 1099 1069 Replete,
1134 999 1382 1068 inquam,
1415 1013 1523 1052 non
1554 997 1893 1052 habitatione
1924 1012 1937 1049 :

353 1090 517 1146 nimis
554 1090 700 1146 enim
737 1099 970 1161 anguste
998 1090 1343 1161 degeremus,
1378 1091 1423 1145 si
1463 1098 1575 1145 tota
1616 1105 1646 1144 a
1676 1089 1835 1144 nobis
1866 1088 1942 1141 ita

350 1192 496 1236 terra
568 1182 937 1252 compleretur
971 1200 985 1237 :
1021 1180 1118 1238 sed
1181 1182 1453 1253 imperio,
1532 1192 1586 1237 et
1632 1188 1937 1254 potestate,

350 1288 513 1340 quam
566 1273 727 1328 nobis
776 1274 830 1328 in
864 1274 978 1343 ipsa
1017 1282 1161 1330 terra
1196 1273 1421 1331 donavit
1450 1274 1615 1330 Deus.
1664 1295 1681 1327 ι
1718 1273 1944 1344 Replete'

353 1374 578 1421 terram.
611 1380 631 1419 ι
682 1363 799 1421 Non
834 1366 1020 1436 utique
1052 1381 1157 1436 qua
1189 1375 1343 1437 parte
1371 1367 1543 1423 nimio
1571 1369 1705 1424 solis
1744 1368 1940 1424 ardore

352 1458 642 1515 combusta
689 1467 795 1522 est,
833 1474 933 1513 nec
965 1458 1058 1513 ubi
1092 1460 1270 1528 glacie
1323 1459 1701 1531 immensoque
1742 1460 1940 1530 frigore

352 1549 618 1621 obriguit.
680 1548 792 1605 Has
849 1550 996 1604 enim
1059 1550 1347 1621 regiones,
1411 1566 1520 1606 non
1552 1552 1733 1621 coegit
1794 1548 1939 1608 Deus

354 1642 628 1704 homines,
679 1649 738 1696 ut
772 1642 1074 1696 incolerent
1109 1660 1122 1696 :
1157 1642 1250 1697 sed
1307 1657 1406 1698 nos
1440 1643 1693 1697 dominos
1733 1644 1937 1698 consti-

354 1734 481 1795 tuit,
521 1741 577 1786 ot
604 1740 805 1787 terram
839 1747 1054 1787 onmem
1092 1732 1321 1803 imperio
1354 1735 1709 1803 repleremus.
1746 1732 1938 1791 Nonne

351 1824 631 1892 Felilcutus
663 1837 807 1889 eam,
852 1821 1074 1893 quando
1104 1823 1318 1877 ratione
1350 1820 1683 1879 dimetiendo
1732 1838 1938 1892 cogno-

355 1916 583 1981 scimus,
632 1925 835 1985 quanta
883 1916 955 1969 sit
994 1915 1115 1983 ejus
1150 1918 1278 1985 pars
1309 1916 1494 1971 calore
1523 1914 1731 1971 'exusta
1776 1927 1937 1987 atque

354 2006 752 2070 inhabitabilis,
793 2015 1108 2077 quantaque
1147 2007 1213 2062 ad
1256 2007 1477 2086 boream
1510 2008 1779 2078 exposita,
1814 2024 1935 2079 quas

354 2104 579 2167 propter
632 2098 893 2170 frigorum
950 2098 1057 2151 vim
1117 2096 1331 2153 inutilis
1396 2107 1501 2161 est,
1562 2108 1618 2154 et
1664 2100 1766 2155 coli
1825 2114 1933 2154 non

353 2193 532 2255 potest
562 2206 576 2241 :
613 2201 797 2242 nonne
836 2196 1039 2242 terram
1068 2188 1442 2258 replevimus?
1473 2186 1668 2244 Nonne
1697 2189 1861 2260 quod
1880 2191 1933 2246 in

350 2291 412 2330 ea
451 2279 585 2334 utile
613 2288 756 2343 erat,
787 2278 1075 2349 elegimus,
1109 2280 1255 2350 quod
1288 2287 1471 2335 autem
1521 2280 1590 2335 ad
1624 2282 1935 2352 transigen~

350 2366 477 2421 dam
502 2368 668 2422 vitam
709 2368 923 2433 inutile,
956 2368 1301 2437 abiecimus?
1346 2369 1607 2433 Dicendo,
1645 2390 1665 2424 ι
1715 2371 1939 2443 Replete

353 2474 579 2525 terram,
620 2479 637 2511 ι
671 2476 772 2516 nos
796 2468 959 2516 terrae
988 2461 1241 2518 dominos
1275 2464 1566 2519 constituit
1609 2463 1770 2520 Deus.
1803 2463 1935 2528 Nec,

350 2554 479 2624 quia
511 2553 782 2608 universa:
813 2567 975 2607 usum
1009 2567 1117 2608 non
1142 2553 1430 2619 habemus,
1460 2555 1583 2608 ideo
1613 2570 1720 2609 non
1746 2570 1936 2610 sumus

353 2644 504 2699 illius
562 2644 792 2699 domini.
850 2642 1042 2714 Neque
1096 2652 1154 2699 tu
1212 2644 1383 2702 totius
1443 2645 1740 2724 frumenti,
1790 2647 1935 2717 quod

349 2736 563 2802 emisti,
621 2735 830 2791 idcirco
875 2750 983 2790 non
1035 2751 1095 2792 es
1156 2736 1433 2801 dominus,
1493 2739 1755 2809 quoniam
1807 2752 1936 2809 pars

347 2829 470 2897 ejus
496 2835 581 2884 est
615 2830 680 2883 ad
722 2828 1119 2884 comedendum
1148 2830 1320 2897 utilis,
1365 2846 1494 2901 pars
1530 2831 1762 2889 inutilis.
1798 2831 1934 2888 Sor-

353 2922 475 2986 des,
526 2921 761 2992 lapides,
795 2922 1005 2994 paleas,
1053 2930 1109 2980 et
1147 2923 1194 2979 si
1242 2922 1374 2995 quid
1426 2921 1596 2989 aliud,
1649 2939 1759 2994 quo
1788 2924 1935 2980 vesci

349 3015 638 3071 commode
689 3029 967 3087 nequeas,
1021 3016 1327 3071 immixtum
1388 3024 1510 3081 est,
1575 3018 1827 3073 excernis
1880 3025 1935 3074 et

352 3106 570 3174 abjicis,
602 3106 751 3175 quod
788 3116 969 3161 autem
1001 3122 1200 3178 purum
1244 3113 1327 3163 est
1358 3107 1565 3178 seligis,
1599 3116 1652 3163 et
1676 3109 1742 3162 ad
1773 3124 1933 3164 usum

344 3210 401 3254 et
433 3199 639 3253 victum
692 3212 944 3255 reservas
990 3209 1166 3255 tuum.
1216 3199 1308 3254 Sic
1359 3206 1507 3256 terra
1541 3201 1701 3257 nobis
1730 3201 1933 3256 donata

344 3298 451 3354 est,
484 3291 685 3362 partim
736 3292 801 3345 ad
850 3290 1208 3346 habitandum
1262 3293 1571 3356 commoda,
1620 3293 1816 3364 partim
1864 3293 1933 3349 ad

2052 833 2069 865 ι
2107 813 2464 885 πληθύνεσθε,
2503 834 2523 868 ι
2557 815 2644 869 ἴνα
2668 816 2743 887 μὴ
2767 818 2846 879 είς
2877 816 2957 880 ἓν,
2985 817 3118 871 ἀλλὰ
3144 818 3237 870 καὶ
3260 820 3341 882 είς
3364 820 3611 886 πολλούς.

2051 925 2071 958 ι
2119 904 2228 960 Καὶ
2261 906 2585 979 πληρώσατε
2619 908 2719 980 τὴν
2753 909 2858 980 γῆν
2881 923 2897 941 ·
2944 927 2965 962 ι
3007 911 3332 980 πληρώσατε
3360 911 3418 966 δὲ
3456 910 3519 966 οὐ
3548 920 3613 987 τῇ

2044 1001 2357 1069 κατοικήσει
2378 1016 2392 1031 ο
2421 994 2564 1053 οὕτω
2588 1000 2697 1073 γὰρ
2728 999 2795 1056 ἃν
2835 1003 3350 1075 ἐστενοχωρήθημεν
3383 1005 3615 1070 ζῶντες,

2043 1093 2092 1143 εί
2120 1088 2356 1163 τοσαύτη
2384 1086 2452 1163 ἦν
2480 1093 2513 1163 ή
2543 1092 2613 1164 γῆ
2652 1094 2749 1164 ὅση
2791 1095 2939 1164 ἡμᾶς
2966 1094 3255 1165 ἐκμετρεῐ·
3309 1096 3446 1150 ἀλλὰ
3474 1097 3614 1168 πλη-

2046 1180 2254 1254 ρώσατε
2286 1186 2352 1255 τῇ
2394 1184 2631 1256 ἐξουσίᾳ.
2683 1186 2844 1257 Ἦμῐν
2887 1184 2997 1256 γὰρ
3052 1186 3325 1258 κυρίευμα
3369 1188 3469 1257 τῆς
3511 1189 3617 1258 γῆς

2042 1276 2229 1331 ἔδωκε.
2268 1295 2286 1328 ι
2325 1275 2657 1350 Πληρώσατε
2695 1277 2793 1348 τὴν
2819 1278 2946 1347 γῆν.
2991 1298 3009 1329 ι
3044 1278 3119 1332 Οὐ
3161 1279 3333 1351 δήπου
3364 1281 3460 1335 καὶ
3492 1282 3620 1335 ταύο

2040 1385 2140 1440 την
2202 1366 2254 1421 οι
2300 1368 2579 1440 ἄνθρωποι
2628 1370 2750 1423 κατ’
2795 1368 3044 1441 ἀνάγκην
3097 1370 3430 1443 πληροῦσιν.
3478 1373 3614 1426 ἀλλὰ

2041 1458 2263 1529 κυρίους
2288 1457 2436 1529 ἡμᾶς
2461 1460 2685 1529 ἐποίησε
2714 1458 2977 1533 πληροῦν,
3005 1461 3101 1514 καὶ
3130 1461 3236 1533 πλη
3246 1460 3447 1533 ροῦμεν
3472 1463 3617 1518 ἐκεί-

2039 1568 2139 1621 νην
2172 1551 2251 1621 τῷ
2282 1552 2548 1624 λογισμῷ.
2596 1552 2767 1607 Ὅταν
2805 1553 3036 1625 εἰδῶμεν
3070 1553 3237 1607 πόσον
3273 1555 3469 1627 μέτρον
3516 1557 3621 1628 τῆς

2036 1638 2472 1713 διακεκαυμένης
2498 1644 2593 1698 καὶ
2618 1646 2874 1715 ἀοικήτου
2896 1662 2908 1673 ·
2941 1646 3070 1700 ὅταν
3092 1646 3323 1717 είδῶμεν
3353 1650 3521 1702 πόσον
3554 1652 3620 1703 τὸ

2040 1730 2209 1800 κλίμα
2248 1729 2308 1784 τὸ
2357 1731 2588 1802 βόρειον,
2633 1732 2662 1785 ὃ
2694 1734 2784 1786 διὰ
2826 1732 2925 1806 τὴν
2973 1733 3416 1806 ὑπερϐάλλουσαν
3456 1738 3617 1808 ψύξιν

2038 1819 2389 1893 ἁγεώργητόν
2424 1823 2541 1876 ἐστι
2574 1824 2668 1877 καὶ
2707 1824 3012 1896 ἄχρηστον,
3051 1826 3172 1897 οὐχὶ
3212 1828 3615 1903 ἐπληρώσαμεν

2038 1914 2138 1985 τὴν
2164 1914 2270 1985 γῆν
2292 1932 2306 1979 ;
2331 1912 2406 1967 υῦ
2428 1916 2489 1968 τὺ
2518 1917 2787 1988 χρήσιμον
2806 1916 3177 1988 ἐκλεξάμενοι,
3202 1919 3264 1972 τὸ
3290 1922 3414 1974 ὅσον
3442 1922 3614 1994 ἄχρη-

2040 2023 2166 2061 στον
2201 2008 2281 2071 είς
2308 2008 2587 2079 διαγωγὴν
2622 2008 2930 2081 ἀνθρώποις
2967 2011 3445 2082 ἀπεπεμψάμεθα;
3473 2014 3614 2068 ὥστε

2043 2116 2062 2149 ι
2110 2097 2442 2170 Πληρώσατε
2491 2100 2589 2171 τὴν
2623 2097 2750 2172 γῆν,
2814 2121 2832 2154 ι
2882 2096 3105 2174 κυρίους
3138 2104 3287 2175 ἡμᾶς
3334 2108 3609 2179 ἐποίησεν.

2038 2190 2153 2244 Οὐκ
2185 2191 2373 2263 ἐπειδὴ
2406 2191 2589 2261 πάσης
2616 2194 2718 2246 οὐκ
2744 2193 2939 2265 ἔχομεν
2980 2196 3080 2267 τὴν
3108 2199 3304 2269 χρῆσιν
3324 2240 3337 2257 .
3365 2201 3466 2254 οὐκ
3491 2201 3613 2272 ἕχο-

2040 2296 2140 2348 μεν
2171 2279 2352 2351 πάσης
2376 2280 2437 2334 τὸ
2462 2280 2758 2352 κυριεύειν.
2791 2284 2927 2338 Οὐδὲ
2955 2286 3065 2357 γὰρ
3093 2289 3157 2340 σὺ
3186 2288 3278 2341 τὸν
3310 2292 3454 2344 σῖτον
3481 2294 3611 2360 ἀγο-

2038 2370 2230 2442 ράσας,
2255 2372 2355 2424 οὐκ
2382 2367 2433 2424 εἷ
2459 2372 2554 2425 τοῦ
2586 2372 2787 2436 παντὸς
2827 2375 3035 2446 κύριος,
3071 2376 3257 2450 ἐπειδὴ
3284 2382 3342 2433 ἐν
3370 2381 3449 2451 τῷ
3479 2383 3612 2453 σίτῳ

2035 2457 2097 2512 τὸ
2142 2461 2241 2531 μὲν
2287 2461 2575 2535 ἐδώδιμον,
2607 2463 2667 2520 τὸ
2709 2465 2767 2520 δὲ
2810 2467 3282 2540 ἀπορριπτόμενον
3325 2472 3490 2545 ἔχεις.
3536 2466 3611 2529 Ἦ

2035 2553 2161 2615 τοὺς
2193 2552 2373 2617 λίθους
2404 2555 2503 2625 μὲν
2538 2556 2615 2620 ὡς
2656 2558 2961 2629 ἀχρήστους
3001 2561 3397 2633 ἀπορρίπτεις,
3432 2566 3530 2619 καὶ
3561 2568 3614 2622 ετ

2034 2661 2087 2697 τι
2115 2644 2242 2700 ἄλλο
2271 2648 2630 2717 ἐπιμέμικται
2668 2648 2803 2720 πρὸς
2839 2650 3043 2722 βρῶσιν
3085 2654 3481 2725 ἀνεπιτήδειον,
3516 2660 3610 2712 καὶ

2035 2730 2096 2785 τὸ
2118 2734 2316 2804 ἄχυρον
2346 2734 2703 2805 ἀποφυσήσας
2730 2739 2906 2791 καὶτὸ
2928 2738 3168 2803 ζιζάνιον
3196 2742 3521 2815 ἀποκρίνας.
3550 2750 3612 2800 τὸ

2036 2825 2158 2877 ὅσον
2196 2824 2434 2896 καθαρὸν
2486 2828 2622 2897 πρὸς
2662 2826 2760 2900 τὴν
2808 2830 2903 2883 τοῦ
2957 2830 3074 2900 βίου
3120 2829 3412 2901 σύστασιν,
3456 2838 3613 2891 τοῦτο

2034 2913 2413 2985 ἐκλεξάμενος.
2436 2916 2624 2981 Οὕτως
2643 2918 2874 2992 τοίνυνή
2907 2923 2978 2993 γῆ
2998 2924 3032 2994 ή
3062 2923 3161 2994 μὲν
3185 2926 3449 2999 ἐχαρίσθη
3474 2930 3609 3001 πρὸς

2034 3007 2248 3075 οἴκησιν
2278 3007 2617 3076 ἐπιτηδείων,
2652 3010 2686 3080 ἡ
2719 3008 2966 3079 βελτίων*
3003 3014 3038 3083 ή
3065 3013 3125 3066 δέ
3157 3015 3295 3085 πρὸς
3334 3018 3607 3088 γεωργίαν

2034 3096 2330 3166 ἀναγκαία,
2392 3099 2528 3171 ἄλλη
2590 3101 2727 3172 πρὸς
2785 3102 3039 3174 βόσκημα
3100 3106 3209 3159 τῶν
3264 3110 3608 3181 τετραπόδων

2035 3187 2242 3260 ἀνείθη.
2293 3189 2430 3243 Elui
2485 3205 2596 3261 μοι.
2654 3190 2772 3246 ἐστι
2824 3192 3177 3261 διατάξασθαι
3231 3196 3260 3250 δ
3314 3196 3609 3271 βούλομαι,

2036 3281 2223 3353 ἐπειδὴ
2261 3282 2463 3351 γέγονα
2502 3285 2693 3356 κύριος
2730 3285 2873 3340 κατὰ
2915 3285 3014 3358 τὴν
3061 3287 3157 3342 τοῦ
3202 3292 3473 3346 Δεσπότου
3512 3292 3609 3345 τοῦ

346 3382 611 3436 arandum
651 3381 1056 3451 colendumque
1102 3380 1439 3447 necessaria,
1488 3382 1682 3450 partim
1722 3381 1790 3436 ad
1838 3397 1933 3452 pa-

2038 3372 2319 3439 κτίσαντός
2360 3391 2428 3447 με
2470 3375 2709 3448 δωρεάν;
2752 3398 2772 3432 ε
2820 3380 2933 3434 Καὶ
2969 3379 3295 3451 πληρώσατε
3337 3383 3436 3454 τὴν
3481 3386 3606 3455 γῆν,

346 3475 580 3530 scendas
622 3473 1008 3543 quadrupedes
1055 3480 1205 3542 apta.
1248 3470 1344 3525 Die
1384 3472 1539 3535 mihi,
1576 3486 1756 3527 nonne
1800 3488 1928 3543 pos-

346 3584 468 3623 sum
498 3567 769 3622 arbitratu
795 3578 917 3620 meo
955 3574 1161 3619 terram
1193 3564 1509 3633 disponere.
1552 3563 1773 3633 quando
1810 3581 1931 3619 mu—

2033 3466 2127 3520 καὶ
2187 3468 2384 3539 ἄρχετε
2434 3470 2543 3523 τῶν
2610 3470 2807 3542 ίχθύων
2856 3474 2956 3545 τῆς
3006 3472 3305 3545 Θαλάσσης,
3357 3477 3452 3529 καὶ
3498 3476 3607 3529 τῶν

2032 3557 2295 3611 πετεινῶν
2338 3558 2434 3613 τοῦ
2474 3560 2728 3632 οὐρανοῦ,
2773 3555 3010 3617 καὶτῶν
3036 3563 3241 3635 θηρίων
3283 3564 3383 3635 τῆς
3419 3566 3540 3636 γῆς.
3579 3587 3601 3620 ι

350 3677 483 3717 nere
517 3659 688 3722 illius,
726 3659 819 3730 qui
855 3674 940 3712 me
980 3657 1307 3727 procreavit,
1355 3652 1613 3711 dominus
1651 3656 1772 3726 ejus
1806 3670 1929 3711 sum

2038 3644 2176 3718 Αὕτη
2215 3649 2399 3703 λοιπὸν
2428 3650 2664 3721 εὐλογία,
2700 3652 2840 3723 αὕτη
2859 3653 3171 3724 νομοθεσία.
3210 3655 3368 3709 τοῦτο
3387 3656 3602 3729 ἀξίωμα

346 3750 728 3808 constitutus?
781 3767 800 3800 ι
833 3749 898 3804 Et
931 3748 1111 3820 prmsit
1156 3747 1401 3818 piscibus
1429 3746 1620 3810 maris,
1652 3757 1707 3802 et
1739 3747 1929 3803 bestiis

2038 3742 2088 3795 τὸ
2136 3742 2609 3815 δεδομένον.ήμῖν
2658 3745 2809 3816 παρὰ
2850 3743 3009 3798 Θεοῦ.
3066 3763 3085 3797 ε
3126 3746 3237 3798 Καὶ
3273 3742 3528 3816 ἐποίησεν
3572 3748 3603 3799 δ

345 3855 527 3899 terrae.
553 3863 570 3897 ι
608 3844 681 3896 lta
714 3842 875 3897 nobis
904 3839 1181 3896 benedixit
1212 3837 1379 3902 Deus,
1410 3838 1552 3892 hanc
1577 3836 1750 3907 legem
1780 3837 1926 3902 tulit,

2038 3834 2161 3900 Θεὸς
2187 3836 2278 3891 τὸν
2314 3836 2620 3909 ἄνθρωπονο
2655 3837 2777 3891 κατ’
2822 3836 3007 3891 είκόνα
3045 3836 3184 3890 Θεοῦ
3222 3836 3477 3908 ἐποίησεν
3506 3838 3603 3893 αὒ-

344 3935 487 3991 hanc
519 3934 749 4006 largitus
781 3941 866 3989 est
894 3931 1235 4004 dignitatem.
1268 3948 1287 3982 ι
1326 3928 1392 3983 Et
1427 3928 1553 3984 fecit
1577 3927 1720 3985 Deus
1751 3928 1931 3985 homi-

2038 3926 2137 3979 τόν.
2166 3945 2185 3979 ι
2207 3925 2274 3982 Ἀ
2285 3947 2351 4000 pa
2369 3931 2465 3986 οὐκ
2484 3928 2807 4002 ἐπεσημήνω
2826 3928 2904 3982 ὄτι
2929 3925 3148 3999 ἐλλιπὴς
3166 3924 3231 4000 ἧν
3256 3930 3287 3999 ή
3309 3928 3599 3996 ἀπόδειξιςε

345 4046 469 4086 nem
502 4047 516 4083 :
550 4028 616 4082 ad
661 4027 953 4099 imaginem
1000 4039 1154 4079 suam
1187 4022 1316 4079 fecit
1362 4038 1509 4077 eum.
1555 4039 1575 4074 ι
1604 4020 1793 4076 Nonne
1827 4021 1925 4076 de-

2038 4038 2052 4071 l
2108 4020 2429 4092 Ποιήσωμεν
2461 4021 2745 4093 ἄνθρωπον
2797 4017 2916 4072 κατ’
2954 4017 3137 4071 εἰκόνα
3184 4019 3460 4093 ἡμετέραν
3506 4022 3600 4077 καὶ

346 4121 797 4177 monstrationem
831 4119 971 4173 hanc
996 4133 1120 4172 esse
1149 4130 1399 4170 maneam
1435 4101 1589 4170 vobis
1613 4112 1928 4168 declaravi?

2038 4112 2148 4166 καθ’
2182 4113 2459 4183 ὁμοίωσιν.
2495 4132 2513 4165 ι
2560 4113 2624 4165 Ἦ
2670 4111 2833 4182 βουλὴ
2866 4109 2960 4163 δύο
2992 4105 3127 4181 εἶχε,
3163 4129 3181 4162 ι
3215 4112 3595 4175 κατέίκὸνα,»

348 4232 369 4267 ι
394 4212 684 4268 Faciamus
716 4210 992 4266 hominem
1022 4207 1091 4262 ad
1113 4207 1401 4278 imaginem
1423 4215 1477 4261 et
1506 4206 1922 4261 similitudinem

2038 4206 2117 4260 καὶ
2140 4225 2157 4258 ι
2188 4206 2639 4278 καθ’δμοίωσιν.»
2663 4207 2726 4259 Ἡ
2750 4206 3080 4277 δημιουργία
3112 4204 3173 4258 ἐν
3202 4205 3335 4275 ἔχει.
3370 4206 3462 4277 Μὴ
3504 4207 3595 4261 ἄλο

332 4312 611 4361 'nostram.
642 4321 662 4356 ι
686 4301 864 4357 Unum
896 4301 1062 4355 habet
1084 4300 1417 4371 procreatio,
1441 4298 1507 4353 ad
1527 4317 1545 4349 ι
1570 4292 1884 4369 imaginem,
1900 4316 1919 4350 ι

2038 4301 2132 4360 κως
2162 4297 2425 4370 ἐϐουλήθη
2464 4299 2557 4357 καὶ
2589 4297 2763 4360 ἄλλως
2796 4284 3291 4367 μετεδουλεύσᾶτος
3326 4298 3401 4369 μή
3432 4316 3597 4369 μετα-

342 4395 605 4467 numquid
643 4396 872 4449 alterum
907 4393 1094 4455 deest,
1130 4390 1195 4445 ad
1237 4409 1255 4441 ι
1310 4391 1746 4446 similitudinem.
1785 4408 1805 4442 ι
1842 4391 1923 4444 An

2038 4389 2219 4457 μέλειά
2248 4405 2330 4452 τις
2364 4390 2423 4442 ἐν
2451 4389 2518 4459 τῇ
2562 4388 2736 4442 κτίσει
2777 4386 3254 4459 παρηκολούθησες
3295 4389 3370 4459 μὴ
3412 4389 3598 4443 ἀτονία

342 4490 502 4544 aliter
529 4486 793 4547 decrevit,
828 4486 989 4539 aliter
1033 4483 1208 4556 fecit?
1236 4482 1512 4553 Numquid
1544 4499 1667 4538 eum
1700 4484 1754 4537 in
1793 4498 1921 4554 proa-

2038 4484 2117 4537 τοῦ
2137 4482 2417 4544 κτίσαντος
2442 4480 2575 4535 ἄλλα
2593 4478 2955 4550 προελομένου
2978 4480 3072 4533 καὶ
3093 4478 3227 4533 ἄλλα
3249 4480 3595 4550 «omnium;

341 4576 581 4633 creando
632 4575 1033 4645 pcenituit?An
1086 4573 1514 4630 est-infirmitas
1568 4573 1622 4627 in
1668 4588 1925 4643 procrea-

2038 4574 2058 4644 ή
2110 4570 2396 4642 ἀδολεσχία
2422 4572 2479 4625 ἐν
2513 4571 2625 4632 τοῖς
2653 4568 2875 4637 λόγοις;
2908 4567 3062 4637 Τάχα
3099 4567 3209 4638 γὰρ
3244 4567 3403 4621 τοῦτο
3428 4566 3593 4636 λέγει.

340 4672 510 4731 tione,
542 4677 601 4722 ut
640 4668 786 4721 aliud
816 4666 1177 4731 consuluerit,
1218 4664 1365 4719 aliud
1405 4663 1686 4720 eﬂ'ecerit?
1714 4665 1796 4719 An
1834 4675 1919 4721 est

2038 4684 2049 4715 ι
2085 4664 2410 4734 Ποιήσωμεν
2441 4660 2726 4731 ἄνθρωπον
2752 4659 2872 4713 κατ’
2906 4658 3087 4712 εἰκόνα
3113 4657 3207 4712 καὶ
3242 4656 3366 4711 καθ’
3398 4658 3595 4728 ὁμοίω-

352 4774 396 4813 τιι
429 4775 681 4816 sermone
711 4757 1059 4829 nugatorium
1084 4756 1312 4826 aliquid,
1337 4766 1391 4810 et
1414 4758 1919 4826 supervacaneum?

2038 4773 2127 4813 ην.
2162 4775 2182 4809 ι
2208 4729 2399 4809 enim
2428 4729 2588 4823 γὰρ-ι
2628 4750 2972 4813 κατέίκόνα,
3006 4767 3025 4800 ι
3051 4748 3244 4802 οὐκοῦν
3267 4744 3386 4801 εἷπε
3418 4765 3438 4799 ι
3475 4749 3594 4800 καθ’

364 4863 396 4905 η
427 4852 566 4905 idem
589 4851 826 4905 fortasse
839 4850 929 4914 sit,
958 4866 978 4900 ι
1004 4847 1291 4904 Faciamus
1312 4847 1588 4902 hominem
1623 4847 1690 4903 ad
1722 4848 1916 4919 imagio

2038 4849 2299 4921 Lpoiwcw.
2348 4866 2366 4900 ι
2408 4846 2589 4915 Ὅπερ
2633 4843 2700 4899 ἃν
2738 4842 3106 4913 ἐκλεξώμεθα,
3144 4842 3593 4912 κατηγορήσομεν

359 4958 494 5007 ιοιπι,
524 4952 617 4998 »ει
639 4959 656 4992 ι
684 4940 959 4996 Faciamus
980 4938 1045 4994 ad
1087 4938 1497 4992 similitudinem
1529 4956 1541 4991 ε
1582 4957 1600 4988 ι
1635 4947 1689 4993 et
1721 4941 1812 5009 qui
1845 4939 1911 4993 ad

2038 4941 2115 4996 τοῦ
2148 4938 2554 5013 γεγραμμένου.
2591 4934 2717 4990 Εἴτε
2763 4935 2874 5008 γὰρ
2919 4934 3073 4989 τοῦτο
3102 4934 3282 5002 λέγει,
3322 4933 3591 5002 παρέλκον

340 5032 629 5102 .maginem
660 5028 822 5095 dixit,
854 5029 919 5083 ad
954 5029 1371 5084 similitudinem
1402 5028 1611 5086 dixisse
1643 5030 1912 5087 videatur.

2038 5035 2139 5089 εστὶ
2165 5034 2248 5097 δὶς
2278 5032 2348 5086 τὰ
2376 5030 2517 5085 αὐτὰ
2549 5031 2751 5098 λέγειν.
2787 5027 2984 5099 ’Λργδν
3027 5027 3175 5097 ῥῆμα
3213 5028 3270 5079 ἐν
3296 5028 3365 5097 τῇ
3399 5026 3584 5095 Γραφῇ

338 5125 407 5175 At
434 5123 479 5177 si
517 5123 619 5177 hoc
650 5121 814 5176 modo
846 5122 1297 5186 intellexerimus,
1326 5123 1649 5191 scriptorem
1686 5137 1915 5179 accusa-

2038 5128 2220 5197 ιὲγειν.
2268 5124 2583 5196 βλασφημία
2615 5121 2784 5191 δεινή.
2827 5120 2987 5173 Ἀλλὰ
3017 5119 3123 5191 μὴν
3153 5120 3253 5171 οὐκ
3284 5117 3587 5187 ἀργολογεῖ.

339 5217 543 5270 bimus.
603 5214 813 5269 Etenim
874 5217 921 5268 si
967 5215 1048 5268 sic
1100 5214 1285 5275 habet.
1330 5228 1431 5268 vox
1472 5224 1663 5279 vacat,
1719 5225 1775 5272 et
1828 5218 1914 5274 bis

2038 5214 2231 5273 3:5):on
2265 5213 2556 5282 ἀναγκαῖόν
2590 5213 2705 5265 ἐστι
2751 5209 3001 5280 γενέσθαι
3038 5208 3323 5280 ἄνθρωπον
3354 5207 3493 5285 κατ’,
3514 5209 3592 5261 εἱ-

340 5307 480 5361 idem
533 5306 776 5376 ponitur.
824 5304 1019 5360 Dicere
1069 5315 1250 5360 autem
1304 5305 1528 5359 verbum
1578 5306 1798 5376 aliquod
1860 5311 1913 5365 in

2038 5311 2154 5365 ιιὸνα
2179 5308 2272 5362 καὶ
2302 5305 2422 5361 καθ’
2448 5304 2729 5375 ὁμοίωσιν.

339 5397 612 5468 Scriptura
669 5395 1003 5457 redundare,
1059 5406 1142 5449 est
1201 5380 1366 5466 grave
1423 5398 1600 5452 nefa‘s.
1643 5397 1805 5465 Quod
1835 5403 1881 5457 si
1929 5402 2064 5459 nihil
2105 5397 2394 5461 redundat,
2433 5395 2570 5451 nihil
2613 5402 2698 5451 est
2748 5395 2932 5459 inane,
2973 5392 3110 5449 nihil
3158 5401 3587 5465 supervacuum:

338 5505 468 5559 ergo
507 5504 734 5545 necesse
778 5499 863 5544 est
894 5487 1170 5542 hominem
1203 5501 1329 5543 esse
1377 5485 1583 5543 factum
1613 5490 1681 5544 ad
1716 5492 2029 5565 imaginem,
2054 5500 2109 5549 et
2141 5488 2554 5548 similitudinem
2588 5486 2703 5543 Dei.

407 5587 519 5643 Cur
548 5587 714 5657 igitur
745 5600 852 5640 non
881 5572 1021 5639 dixit
1048 5601 1064 5639 :
1090 5583 1157 5638 Et
1188 5582 1319 5639 fecit
1352 5582 1497 5639 Deus
1529 5584 1806 5642 hominem
1845 5588 1912 5643 ad

2089 5586 2190 5640 Διὰ
2220 5585 2274 5638 τί
2298 5585 2400 5638 οὐκ
2429 5581 2738 5637 ἀποδίδοται
2767 5578 2805 5634 ἃ
2841 5578 3152 5651 ὴδουλήθη;
3183 5578 3272 5633 διὰ
3303 5580 3356 5632 τί
3382 5579 3484 5633 οὐκ
3516 5579 3594 5632 εἷ-

336 5679 628 5748 imaginem
668 5688 717 5734 et
746 5676 1167 5733 similitudinem
1200 5691 1358 5733 suam
1378 5678 1403 5730 ?
1428 5676 1617 5744 Quid?
1671 5695 1781 5733 non
1814 5695 1912 5750 po-

2038 5696 2202 5750 θηται,
2226 5676 2337 5731 Καὶ
2364 5674 2620 5745 ἐποίησεν
2637 5673 2667 5726 δ
2691 5672 2822 5735 Θεὸς
2847 5671 2939 5726 τὸν
2955 5671 3241 5743 ἄνθρωπον
3270 5673 3389 5725 κατ’
3410 5673 3589 5725 είκόνα

337 5772 444 5827 ιυίῑ
470 5769 743 5828 fortasse?
772 5770 1002 5840 impium
1033 5777 1119 5824 est
1149 5769 1201 5850 id
1251 5768 1455 5825 dicere.
1504 5768 1718 5825 Decreti
1776 5787 1909 5827 num

2038 5770 2151 5824 Decii
2195 5769 2291 5824 καὶ
2322 5766 2446 5822 καθ’
2487 5764 2767 5838 ὁμοίωσιν.
2814 5764 3106 5835 Ἤτόνησεν
3140 5765 3170 5818 δ
3226 5763 3428 5828 ποιῶν;
3468 5765 3592 5817 ﬁs;-

334 5863 626 5923 Dornituit?
680 5860 948 5917 nefarium
1009 5859 1153 5915 istud
1192 5860 1274 5916 vel
1313 5862 1575 5932 cogitare.
1628 5860 1906 5935 Numquid

2038 5860 2166 5933 ῑήςὸ
2204 5859 2379 5929 λόγος.
2426 5855 2786 5927 Μετεμελήθη
2822 5856 2853 5907 ὁ
2884 5854 3279 5926 «poeticam;
3310 5853 3588 5907 ἁσεδέστε-
