  <div class='ocr_page' id='page_1' title='image "/cluster/home/n/w/nwhite01/storage/ocr_20150623/44/hvd.32044012542270/146.png"; bbox 0 0 3996 6504; ppageno 0'>
   <div class='ocr_carea' id='block_1_1' title="bbox 376 388 484 443">
    <p class='ocr_par' dir='ltr' id='par_1_1' title="bbox 376 388 484 443">
     <span class='ocr_line' id='line_1_1' title="bbox 376 388 484 443; baseline 0.028 -3"><span class='ocrx_word' id='word_1_1' title='bbox 376 388 484 443; x_wconf 75' lang='grc'><strong>275</strong></span> 
     </span>
    </p>
   </div>
   <div class='ocr_carea' id='block_1_2' title="bbox 1119 384 2893 465">
    <p class='ocr_par' dir='ltr' id='par_1_2' title="bbox 1119 384 2893 465">
     <span class='ocr_line' id='line_1_2' title="bbox 1119 384 2893 465; baseline 0.005 -21"><span class='ocrx_word' id='word_1_2' title='bbox 1119 393 1185 447; x_wconf 79' lang='lat' dir='ltr'><strong>IN</strong></span> <span class='ocrx_word' id='word_1_3' title='bbox 1221 394 1478 464; x_wconf 73' lang='lat' dir='ltr'><strong>VERBA,</strong></span> <span class='ocrx_word' id='word_1_4' title='bbox 1520 397 1893 453; x_wconf 69' lang='lat' dir='ltr'><strong>FACMMUS</strong></span> <span class='ocrx_word' id='word_1_5' title='bbox 1946 384 2344 463; x_wconf 77' lang='grc' dir='ltr'><strong>ΙΙΟΜΙΝΕΜ,</strong></span> <span class='ocrx_word' id='word_1_6' title='bbox 2386 397 2560 465; x_wconf 78' lang='lat' dir='ltr'><strong>ETC.,</strong></span> <span class='ocrx_word' id='word_1_7' title='bbox 2604 399 2811 455; x_wconf 75' lang='lat' dir='ltr'><strong>ORAT.</strong></span> <span class='ocrx_word' id='word_1_8' title='bbox 2853 399 2893 454; x_wconf 95' lang='grc'>1.</span> 
     </span>
    </p>
   </div>
   <div class='ocr_carea' id='block_1_3' title="bbox 3529 401 3634 456">
    <p class='ocr_par' dir='ltr' id='par_1_3' title="bbox 3529 401 3634 456">
     <span class='ocr_line' id='line_1_3' title="bbox 3529 401 3634 456; baseline 0.01 -1"><span class='ocrx_word' id='word_1_9' title='bbox 3529 401 3634 456; x_wconf 64' lang='grc' dir='ltr'><strong>ιιι</strong></span> 
     </span>
    </p>
   </div>
   <div class='ocr_carea' id='block_1_4' title="bbox 378 505 1955 587">
    <p class='ocr_par' dir='ltr' id='par_1_4' title="bbox 378 505 1946 582">
     <span class='ocr_line' id='line_1_4' title="bbox 378 505 1946 582; baseline 0.009 -27"><span class='ocrx_word' id='word_1_10' title='bbox 378 521 472 574; x_wconf 77' lang='lat' dir='ltr'><strong>9w</strong></span> <span class='ocrx_word' id='word_1_11' title='bbox 509 505 569 557; x_wconf 90' lang='grc' dir='ltr'><strong>τὸ</strong></span> <span class='ocrx_word' id='word_1_12' title='bbox 605 505 914 576; x_wconf 78' lang='grc' dir='ltr'>ἐνθύμημα.</span> <span class='ocrx_word' id='word_1_13' title='bbox 972 506 1108 558; x_wconf 73' lang='grc' dir='ltr'>Ἀλλ’</span> <span class='ocrx_word' id='word_1_14' title='bbox 1142 506 1262 562; x_wconf 78' lang='grc' dir='ltr'>εἷπε</span> <span class='ocrx_word' id='word_1_15' title='bbox 1303 513 1418 563; x_wconf 66' lang='grc' dir='ltr'>καὶ·</span> <span class='ocrx_word' id='word_1_16' title='bbox 1451 514 1946 582; x_wconf 78' lang='grc' dir='ltr'>μετεϐουλεῦσατο;</span> 
     </span>
    </p>
   </div>
   <div class='ocr_carea' id='block_1_5' title="bbox 2058 505 3636 587">
    <p class='ocr_par' dir='ltr' id='par_1_5' title="bbox 2058 512 3636 584">
     <span class='ocr_line' id='line_1_5' title="bbox 2058 512 3636 584; baseline 0.002 -18"><span class='ocrx_word' id='word_1_17' title='bbox 2058 513 2209 576; x_wconf 73' lang='lat' dir='ltr'><strong>dixit,</strong></span> <span class='ocrx_word' id='word_1_18' title='bbox 2244 521 2300 567; x_wconf 89' lang='lat' dir='ltr'><strong>et</strong></span> <span class='ocrx_word' id='word_1_19' title='bbox 2345 515 2644 568; x_wconf 83' lang='lat' dir='ltr'><strong>consilium</strong></span> <span class='ocrx_word' id='word_1_20' title='bbox 2696 513 2963 570; x_wconf 75' lang='lat' dir='ltr'><strong>mutavit!</strong></span> <span class='ocrx_word' id='word_1_21' title='bbox 3024 512 3245 570; x_wconf 72' lang='lat' dir='ltr'><strong>Minime</strong></span> <span class='ocrx_word' id='word_1_22' title='bbox 3290 531 3437 570; x_wconf 84' lang='lat' dir='ltr'><strong>vero.</strong></span> <span class='ocrx_word' id='word_1_23' title='bbox 3497 515 3636 584; x_wconf 67' lang='lat' dir='ltr'><strong>Ergo</strong></span> 
     </span>
    </p>
   </div>
   <div class='ocr_carea' id='block_1_6' title="bbox 377 591 1954 677">
    <p class='ocr_par' dir='ltr' id='par_1_6' title="bbox 377 591 1954 677">
     <span class='ocr_line' id='line_1_6' title="bbox 377 591 1954 677; baseline 0.009 -32"><span class='ocrx_word' id='word_1_24' title='bbox 377 595 475 648; x_wconf 78' lang='grc' dir='ltr'>υῦ.</span> <span class='ocrx_word' id='word_1_25' title='bbox 517 594 652 648; x_wconf 76' lang='grc' dir='ltr'>Οὔτε</span> <span class='ocrx_word' id='word_1_26' title='bbox 685 591 832 667; x_wconf 83' lang='grc' dir='ltr'>οῦνή</span> <span class='ocrx_word' id='word_1_27' title='bbox 862 598 1050 668; x_wconf 82' lang='grc' dir='ltr'>Γραφὴ</span> <span class='ocrx_word' id='word_1_28' title='bbox 1081 599 1238 653; x_wconf 86' lang='grc' dir='ltr'>τοῦτο</span> <span class='ocrx_word' id='word_1_29' title='bbox 1263 601 1448 670; x_wconf 90' lang='grc' dir='ltr'>λέγει,</span> <span class='ocrx_word' id='word_1_30' title='bbox 1482 603 1604 658; x_wconf 75' lang='grc' dir='ltr'>οὔτε</span> <span class='ocrx_word' id='word_1_31' title='bbox 1633 609 1661 660; x_wconf 99' lang='lat'><strong>6</strong></span> <span class='ocrx_word' id='word_1_32' title='bbox 1684 610 1954 677; x_wconf 86' lang='grc' dir='ltr'>Δημιουρ-</span> 
     </span>
    </p>
   </div>
   <div class='ocr_carea' id='block_1_7' title="bbox 377 685 1952 768">
    <p class='ocr_par' dir='ltr' id='par_1_7' title="bbox 377 685 1952 768">
     <span class='ocr_line' id='line_1_7' title="bbox 377 685 1952 768; baseline 0.019 -34"><span class='ocrx_word' id='word_1_33' title='bbox 377 686 472 753; x_wconf 77' lang='grc' dir='ltr'><strong>γὸς</strong></span> <span class='ocrx_word' id='word_1_34' title='bbox 497 687 694 746; x_wconf 84' lang='grc' dir='ltr'>ἀτονεῖ,</span> <span class='ocrx_word' id='word_1_35' title='bbox 729 685 850 739; x_wconf 80' lang='grc' dir='ltr'>οὔτε</span> <span class='ocrx_word' id='word_1_36' title='bbox 876 688 909 757; x_wconf 84' lang='grc' dir='ltr'>ὴ</span> <span class='ocrx_word' id='word_1_37' title='bbox 942 688 1104 762; x_wconf 83' lang='grc' dir='ltr'>βουλὴ</span> <span class='ocrx_word' id='word_1_38' title='bbox 1133 691 1472 764; x_wconf 84' lang='grc' dir='ltr'>ἐματαιώθη.</span> <span class='ocrx_word' id='word_1_39' title='bbox 1505 696 1600 758; x_wconf 87' lang='grc' dir='ltr'>Τίς</span> <span class='ocrx_word' id='word_1_40' title='bbox 1621 699 1650 749; x_wconf 89' lang='grc' dir='ltr'>ὁ</span> <span class='ocrx_word' id='word_1_41' title='bbox 1671 696 1824 764; x_wconf 82' lang='grc' dir='ltr'>λόγος</span> <span class='ocrx_word' id='word_1_42' title='bbox 1854 701 1952 768; x_wconf 81' lang='grc' dir='ltr'><strong>τῆς</strong></span> 
     </span>
    </p>
   </div>
   <div class='ocr_carea' id='block_1_8' title="bbox 381 779 1954 860">
    <p class='ocr_par' dir='ltr' id='par_1_8' title="bbox 381 779 1954 860">
     <span class='ocr_line' id='line_1_8' title="bbox 381 779 1954 860; baseline 0.01 -32"><span class='ocrx_word' id='word_1_43' title='bbox 381 779 629 845; x_wconf 82' lang='grc' dir='ltr'>σιωπῆς;</span> <span class='ocrx_word' id='word_1_44' title='bbox 661 796 681 829; x_wconf 78' lang='grc' dir='ltr'>ι</span> <span class='ocrx_word' id='word_1_45' title='bbox 721 779 1040 850; x_wconf 78' lang='grc' dir='ltr'><strong>Ποιήσωμεν</strong></span> <span class='ocrx_word' id='word_1_46' title='bbox 1075 781 1359 854; x_wconf 78' lang='grc' dir='ltr'>ἄνθρωπον</span> <span class='ocrx_word' id='word_1_47' title='bbox 1387 788 1507 839; x_wconf 78' lang='grc' dir='ltr'>κατ’</span> <span class='ocrx_word' id='word_1_48' title='bbox 1536 788 1718 842; x_wconf 82' lang='grc' dir='ltr'>εἰκόνα</span> <span class='ocrx_word' id='word_1_49' title='bbox 1759 791 1954 860; x_wconf 77' lang='grc' dir='ltr'>ἡμετέ-</span> 
     </span>
    </p>
   </div>
   <div class='ocr_carea' id='block_1_9' title="bbox 383 869 1950 952">
    <p class='ocr_par' dir='ltr' id='par_1_9' title="bbox 383 869 1950 952">
     <span class='ocr_line' id='line_1_9' title="bbox 383 869 1950 952; baseline 0.011 -34"><span class='ocrx_word' id='word_1_50' title='bbox 383 885 482 936; x_wconf 91' lang='grc' dir='ltr'><strong>ραν</strong></span> <span class='ocrx_word' id='word_1_51' title='bbox 512 869 604 920; x_wconf 77' lang='grc' dir='ltr'>καὶ</span> <span class='ocrx_word' id='word_1_52' title='bbox 644 869 766 922; x_wconf 84' lang='grc' dir='ltr'>καθ’</span> <span class='ocrx_word' id='word_1_53' title='bbox 792 871 1074 940; x_wconf 84' lang='grc' dir='ltr'>ὁμοίωσιν.</span> <span class='ocrx_word' id='word_1_54' title='bbox 1109 893 1128 926; x_wconf 76' lang='grc' dir='ltr'><strong>ι</strong></span> <span class='ocrx_word' id='word_1_55' title='bbox 1166 875 1238 928; x_wconf 89' lang='grc' dir='ltr'><strong>Τὸ</strong></span> <span class='ocrx_word' id='word_1_56' title='bbox 1269 877 1389 945; x_wconf 85' lang='grc' dir='ltr'>μὲν,</span> <span class='ocrx_word' id='word_1_57' title='bbox 1432 883 1498 950; x_wconf 83' lang='grc' dir='ltr'>τῇ</span> <span class='ocrx_word' id='word_1_58' title='bbox 1533 881 1705 933; x_wconf 85' lang='grc' dir='ltr'>κτίσει</span> <span class='ocrx_word' id='word_1_59' title='bbox 1735 883 1950 952; x_wconf 81' lang='grc' dir='ltr'>ἔχομεν·</span> 
     </span>
    </p>
   </div>
   <div class='ocr_carea' id='block_1_10' title="bbox 375 959 1956 1046">
    <p class='ocr_par' dir='ltr' id='par_1_10' title="bbox 375 959 1956 1046">
     <span class='ocr_line' id='line_1_10' title="bbox 375 959 1956 1046; baseline 0.011 -36"><span class='ocrx_word' id='word_1_60' title='bbox 375 959 439 1012; x_wconf 81' lang='grc' dir='ltr'><strong>τὸ</strong></span> <span class='ocrx_word' id='word_1_61' title='bbox 461 959 635 1038; x_wconf 37' lang='grc' dir='ltr'>δὲ,,;ἐκ</span> <span class='ocrx_word' id='word_1_62' title='bbox 684 962 1055 1034; x_wconf 88' lang='grc' dir='ltr'>προαιρέσεως</span> <span class='ocrx_word' id='word_1_63' title='bbox 1087 968 1479 1043; x_wconf 89' lang='grc' dir='ltr'>κατορθοῦμεν.</span> <span class='ocrx_word' id='word_1_64' title='bbox 1530 972 1616 1024; x_wconf 83' lang='grc' dir='ltr'>Ἐν</span> <span class='ocrx_word' id='word_1_65' title='bbox 1661 976 1728 1044; x_wconf 80' lang='grc' dir='ltr'>τῇ</span> <span class='ocrx_word' id='word_1_66' title='bbox 1764 973 1956 1046; x_wconf 85' lang='grc' dir='ltr'>πρώτῃ</span> 
     </span>
    </p>
   </div>
   <div class='ocr_carea' id='block_1_11' title="bbox 380 1054 1956 1134">
    <p class='ocr_par' dir='ltr' id='par_1_11' title="bbox 380 1054 1956 1134">
     <span class='ocr_line' id='line_1_11' title="bbox 380 1054 1956 1134; baseline 0.01 -31"><span class='ocrx_word' id='word_1_67' title='bbox 380 1054 690 1123; x_wconf 82' lang='grc' dir='ltr'>κατασκευῇ</span> <span class='ocrx_word' id='word_1_68' title='bbox 719 1055 1054 1126; x_wconf 82' lang='grc' dir='ltr'>συνυπάρχει</span> <span class='ocrx_word' id='word_1_69' title='bbox 1084 1059 1215 1127; x_wconf 78' lang='grc' dir='ltr'>ἡμῖν</span> <span class='ocrx_word' id='word_1_70' title='bbox 1247 1059 1310 1112; x_wconf 86' lang='grc' dir='ltr'><strong>τὸ</strong></span> <span class='ocrx_word' id='word_1_71' title='bbox 1352 1061 1470 1113; x_wconf 81' lang='grc' dir='ltr'>κατ’</span> <span class='ocrx_word' id='word_1_72' title='bbox 1504 1063 1688 1116; x_wconf 81' lang='grc' dir='ltr'><strong>εἰκόνα</strong></span> <span class='ocrx_word' id='word_1_73' title='bbox 1729 1064 1956 1134; x_wconf 80' lang='grc' dir='ltr'>γεγενῆ-</span> 
     </span>
    </p>
   </div>
   <div class='ocr_carea' id='block_1_12' title="bbox 380 1139 1954 1222">
    <p class='ocr_par' dir='ltr' id='par_1_12' title="bbox 380 1139 1954 1222">
     <span class='ocr_line' id='line_1_12' title="bbox 380 1139 1954 1222; baseline 0.011 -31"><span class='ocrx_word' id='word_1_74' title='bbox 380 1140 504 1193; x_wconf 87' lang='grc' dir='ltr'>σθαι</span> <span class='ocrx_word' id='word_1_75' title='bbox 536 1139 691 1193; x_wconf 82' lang='grc' dir='ltr'>Θεοῦ·</span> <span class='ocrx_word' id='word_1_76' title='bbox 723 1143 787 1196; x_wconf 83' lang='grc' dir='ltr'><strong>ἐκ</strong></span> <span class='ocrx_word' id='word_1_77' title='bbox 812 1145 1186 1217; x_wconf 86' lang='grc' dir='ltr'>προαιρέσεως</span> <span class='ocrx_word' id='word_1_78' title='bbox 1208 1150 1338 1218; x_wconf 79' lang='grc' dir='ltr'>ἡμῖν</span> <span class='ocrx_word' id='word_1_79' title='bbox 1361 1152 1719 1222; x_wconf 81' lang='grc' dir='ltr'><strong>κατορθοῦται</strong></span> <span class='ocrx_word' id='word_1_80' title='bbox 1749 1155 1810 1206; x_wconf 85' lang='grc' dir='ltr'><strong>τὸ</strong></span> <span class='ocrx_word' id='word_1_81' title='bbox 1835 1156 1954 1208; x_wconf 87' lang='grc' dir='ltr'>καθ’</span> 
     </span>
    </p>
   </div>
   <div class='ocr_carea' id='block_1_13' title="bbox 377 1230 1955 1314">
    <p class='ocr_par' dir='ltr' id='par_1_13' title="bbox 377 1230 1955 1314">
     <span class='ocr_line' id='line_1_13' title="bbox 377 1230 1955 1314; baseline 0.008 -30"><span class='ocrx_word' id='word_1_82' title='bbox 377 1233 636 1302; x_wconf 85' lang='grc' dir='ltr'>ὁμοίωσιν</span> <span class='ocrx_word' id='word_1_83' title='bbox 664 1230 801 1289; x_wconf 82' lang='grc' dir='ltr'>εἰναι</span> <span class='ocrx_word' id='word_1_84' title='bbox 832 1235 991 1291; x_wconf 88' lang='grc' dir='ltr'>Θεοῦ.</span> <span class='ocrx_word' id='word_1_85' title='bbox 1027 1236 1195 1291; x_wconf 84' lang='grc' dir='ltr'>Τοῦτο</span> <span class='ocrx_word' id='word_1_86' title='bbox 1226 1239 1281 1293; x_wconf 83' lang='grc' dir='ltr'>δὲ</span> <span class='ocrx_word' id='word_1_87' title='bbox 1315 1240 1376 1293; x_wconf 84' lang='grc' dir='ltr'><strong>τὸ</strong></span> <span class='ocrx_word' id='word_1_88' title='bbox 1426 1242 1567 1294; x_wconf 83' lang='grc' dir='ltr'>κατὰ</span> <span class='ocrx_word' id='word_1_89' title='bbox 1615 1244 1955 1314; x_wconf 83' lang='grc' dir='ltr'>προαίρεσιν,</span> 
     </span>
    </p>
   </div>
   <div class='ocr_carea' id='block_1_14' title="bbox 376 1324 1959 1407">
    <p class='ocr_par' dir='ltr' id='par_1_14' title="bbox 376 1324 1959 1407">
     <span class='ocr_line' id='line_1_14' title="bbox 376 1324 1959 1407; baseline 0.01 -31"><span class='ocrx_word' id='word_1_90' title='bbox 376 1324 609 1396; x_wconf 74' lang='grc' dir='ltr'>δυνάμει</span> <span class='ocrx_word' id='word_1_91' title='bbox 639 1328 770 1397; x_wconf 72' lang='grc' dir='ltr'>ἡμῖν</span> <span class='ocrx_word' id='word_1_92' title='bbox 800 1328 1117 1400; x_wconf 76' lang='grc' dir='ltr'>ἐνυπάρχει³</span> <span class='ocrx_word' id='word_1_93' title='bbox 1151 1332 1401 1402; x_wconf 77' lang='grc' dir='ltr'>ἐνεργείᾳ</span> <span class='ocrx_word' id='word_1_94' title='bbox 1429 1332 1485 1386; x_wconf 81' lang='grc' dir='ltr'>δὲ</span> <span class='ocrx_word' id='word_1_95' title='bbox 1517 1335 1732 1400; x_wconf 79' lang='grc' dir='ltr'><strong>ἑαυτοῖς</strong></span> <span class='ocrx_word' id='word_1_96' title='bbox 1760 1339 1959 1407; x_wconf 79' lang='grc' dir='ltr'>ἐπάγο-</span> 
     </span>
    </p>
   </div>
   <div class='ocr_carea' id='block_1_15' title="bbox 383 1417 1954 1499">
    <p class='ocr_par' dir='ltr' id='par_1_15' title="bbox 383 1417 1954 1499">
     <span class='ocr_line' id='line_1_15' title="bbox 383 1417 1954 1499; baseline 0.011 -32"><span class='ocrx_word' id='word_1_97' title='bbox 383 1434 505 1484; x_wconf 90' lang='grc' dir='ltr'>μεν.</span> <span class='ocrx_word' id='word_1_98' title='bbox 545 1417 606 1468; x_wconf 82' lang='grc' dir='ltr'>Εἰ</span> <span class='ocrx_word' id='word_1_99' title='bbox 639 1418 714 1489; x_wconf 75' lang='grc' dir='ltr'>μὴ</span> <span class='ocrx_word' id='word_1_100' title='bbox 747 1420 1035 1490; x_wconf 78' lang='grc' dir='ltr'>προλαϐὼν</span> <span class='ocrx_word' id='word_1_101' title='bbox 1069 1417 1221 1475; x_wconf 83' lang='grc' dir='ltr'>εἶπεν</span> <span class='ocrx_word' id='word_1_102' title='bbox 1261 1424 1290 1476; x_wconf 89' lang='lat'><strong>6</strong></span> <span class='ocrx_word' id='word_1_103' title='bbox 1334 1424 1533 1496; x_wconf 83' lang='grc' dir='ltr'>Κύριος</span> <span class='ocrx_word' id='word_1_104' title='bbox 1579 1428 1746 1481; x_wconf 89' lang='grc' dir='ltr'>ποιῶν</span> <span class='ocrx_word' id='word_1_105' title='bbox 1788 1431 1954 1499; x_wconf 77' lang='grc' dir='ltr'>ἡμᾶς,</span> 
     </span>
    </p>
   </div>
   <div class='ocr_carea' id='block_1_16' title="bbox 385 1509 1958 1593">
    <p class='ocr_par' dir='ltr' id='par_1_16' title="bbox 385 1509 1958 1593">
     <span class='ocr_line' id='line_1_16' title="bbox 385 1509 1958 1593; baseline 0.012 -35"><span class='ocrx_word' id='word_1_106' title='bbox 385 1524 405 1555; x_wconf 74' lang='grc' dir='ltr'>ς</span> <span class='ocrx_word' id='word_1_107' title='bbox 440 1509 779 1579; x_wconf 81' lang='grc' dir='ltr'><strong>Ποιήσωμεν,</strong></span> <span class='ocrx_word' id='word_1_108' title='bbox 809 1529 827 1562; x_wconf 78' lang='grc' dir='ltr'><strong>ι</strong></span> <span class='ocrx_word' id='word_1_109' title='bbox 861 1512 955 1564; x_wconf 81' lang='grc' dir='ltr'>καὶ</span> <span class='ocrx_word' id='word_1_110' title='bbox 983 1531 1002 1564; x_wconf 74' lang='grc' dir='ltr'><strong>ι</strong></span> <span class='ocrx_word' id='word_1_111' title='bbox 1031 1512 1164 1566; x_wconf 82' lang='grc' dir='ltr'>Καθ’</span> <span class='ocrx_word' id='word_1_112' title='bbox 1191 1511 1469 1586; x_wconf 81' lang='grc' dir='ltr'>ὁμοίωσιν,</span> <span class='ocrx_word' id='word_1_113' title='bbox 1501 1537 1519 1570; x_wconf 81' lang='grc' dir='ltr'><strong>ι</strong></span> <span class='ocrx_word' id='word_1_114' title='bbox 1555 1521 1604 1572; x_wconf 91' lang='grc' dir='ltr'><strong>εἰ</strong></span> <span class='ocrx_word' id='word_1_115' title='bbox 1636 1523 1709 1590; x_wconf 77' lang='grc' dir='ltr'>μὴ</span> <span class='ocrx_word' id='word_1_116' title='bbox 1738 1523 1836 1593; x_wconf 82' lang='grc' dir='ltr'><strong>τὴν</strong></span> <span class='ocrx_word' id='word_1_117' title='bbox 1864 1524 1958 1577; x_wconf 84' lang='grc' dir='ltr'><strong>τοῦ</strong></span> 
     </span>
    </p>
   </div>
   <div class='ocr_carea' id='block_1_17' title="bbox 381 1598 1961 1683">
    <p class='ocr_par' dir='ltr' id='par_1_17' title="bbox 381 1598 1961 1683">
     <span class='ocr_line' id='line_1_17' title="bbox 381 1598 1961 1683; baseline 0.013 -35"><span class='ocrx_word' id='word_1_118' title='bbox 381 1598 633 1663; x_wconf 80' lang='grc' dir='ltr'>γενέσθαι</span> <span class='ocrx_word' id='word_1_119' title='bbox 661 1601 782 1654; x_wconf 84' lang='grc' dir='ltr'>καθ’</span> <span class='ocrx_word' id='word_1_120' title='bbox 805 1604 1066 1673; x_wconf 82' lang='grc' dir='ltr'>ὁμοίωσιν</span> <span class='ocrx_word' id='word_1_121' title='bbox 1092 1604 1320 1676; x_wconf 87' lang='grc' dir='ltr'>δύναμιν</span> <span class='ocrx_word' id='word_1_122' title='bbox 1355 1610 1487 1680; x_wconf 76' lang='grc' dir='ltr'>ἡμῖν</span> <span class='ocrx_word' id='word_1_123' title='bbox 1520 1611 1828 1683; x_wconf 86' lang='grc' dir='ltr'>ἐχαρίσατο.</span> <span class='ocrx_word' id='word_1_124' title='bbox 1861 1616 1961 1668; x_wconf 74' lang='grc' dir='ltr'><strong>οὐκ</strong></span> 
     </span>
    </p>
   </div>
   <div class='ocr_carea' id='block_1_18' title="bbox 382 1689 1960 1772">
    <p class='ocr_par' dir='ltr' id='par_1_18' title="bbox 382 1689 1960 1772">
     <span class='ocr_line' id='line_1_18' title="bbox 382 1689 1960 1772; baseline 0.012 -32"><span class='ocrx_word' id='word_1_125' title='bbox 382 1689 450 1740; x_wconf 86' lang='grc' dir='ltr'><strong>ἂν</strong></span> <span class='ocrx_word' id='word_1_126' title='bbox 482 1693 545 1760; x_wconf 83' lang='grc' dir='ltr'>τῇ</span> <span class='ocrx_word' id='word_1_127' title='bbox 566 1692 773 1746; x_wconf 87' lang='grc' dir='ltr'>ἐαυτῶν</span> <span class='ocrx_word' id='word_1_128' title='bbox 800 1692 1037 1767; x_wconf 78' lang='grc' dir='ltr'>ἐξουσίᾳ,</span> <span class='ocrx_word' id='word_1_129' title='bbox 1066 1696 1164 1768; x_wconf 84' lang='grc' dir='ltr'><strong>τὴν</strong></span> <span class='ocrx_word' id='word_1_130' title='bbox 1185 1698 1320 1769; x_wconf 85' lang='grc' dir='ltr'>πρὸς</span> <span class='ocrx_word' id='word_1_131' title='bbox 1343 1699 1476 1754; x_wconf 83' lang='grc' dir='ltr'>Θεὸν</span> <span class='ocrx_word' id='word_1_132' title='bbox 1501 1703 1758 1772; x_wconf 86' lang='grc' dir='ltr'>ὁμοίωσιν</span> <span class='ocrx_word' id='word_1_133' title='bbox 1781 1706 1960 1772; x_wconf 75' lang='grc' dir='ltr'>ἐδεξάσ</span> 
     </span>
    </p>
   </div>
   <div class='ocr_carea' id='block_1_19' title="bbox 383 1782 1960 1866">
    <p class='ocr_par' dir='ltr' id='par_1_19' title="bbox 383 1782 1960 1866">
     <span class='ocr_line' id='line_1_19' title="bbox 383 1782 1960 1866; baseline 0.012 -34"><span class='ocrx_word' id='word_1_134' title='bbox 383 1782 546 1850; x_wconf 83' lang='grc' dir='ltr'>μεθα.</span> <span class='ocrx_word' id='word_1_135' title='bbox 582 1783 694 1836; x_wconf 86' lang='grc' dir='ltr'>Νῦν</span> <span class='ocrx_word' id='word_1_136' title='bbox 727 1785 825 1854; x_wconf 89' lang='grc' dir='ltr'><strong>μέν</strong></span> <span class='ocrx_word' id='word_1_137' title='bbox 857 1803 938 1838; x_wconf 90' lang='grc' dir='ltr'><strong>τοι</strong></span> <span class='ocrx_word' id='word_1_138' title='bbox 975 1788 1202 1859; x_wconf 83' lang='grc' dir='ltr'><strong>δυνάμει</strong></span> <span class='ocrx_word' id='word_1_139' title='bbox 1231 1792 1378 1860; x_wconf 78' lang='grc' dir='ltr'>ἡμᾶς</span> <span class='ocrx_word' id='word_1_140' title='bbox 1411 1793 1668 1864; x_wconf 89' lang='grc' dir='ltr'>ἐποίησεν</span> <span class='ocrx_word' id='word_1_141' title='bbox 1705 1797 1960 1866; x_wconf 86' lang='grc' dir='ltr'>ὁμοιωτι-</span> 
     </span>
    </p>
   </div>
   <div class='ocr_carea' id='block_1_20' title="bbox 2056 601 3630 675">
    <p class='ocr_par' dir='ltr' id='par_1_20' title="bbox 2056 601 3630 675">
     <span class='ocr_line' id='line_1_20' title="bbox 2056 601 3630 675; baseline -0.001 -18"><span class='ocrx_word' id='word_1_142' title='bbox 2056 618 2234 672; x_wconf 87' lang='lat' dir='ltr'><strong>neqne</strong></span> <span class='ocrx_word' id='word_1_143' title='bbox 2269 601 2552 672; x_wconf 75' lang='lat' dir='ltr'><strong>Scriptura</strong></span> <span class='ocrx_word' id='word_1_144' title='bbox 2587 603 2690 657; x_wconf 92' lang='lat' dir='ltr'><strong>hoc</strong></span> <span class='ocrx_word' id='word_1_145' title='bbox 2735 603 2888 668; x_wconf 88' lang='lat' dir='ltr'><strong>dicit,</strong></span> <span class='ocrx_word' id='word_1_146' title='bbox 2937 619 3116 674; x_wconf 87' lang='lat' dir='ltr'><strong>neque</strong></span> <span class='ocrx_word' id='word_1_147' title='bbox 3143 603 3369 658; x_wconf 88' lang='lat' dir='ltr'><strong>Creator</strong></span> <span class='ocrx_word' id='word_1_148' title='bbox 3392 621 3499 658; x_wconf 88' lang='lat' dir='ltr'><strong>non</strong></span> <span class='ocrx_word' id='word_1_149' title='bbox 3536 622 3630 675; x_wconf 79' lang='lat' dir='ltr'><strong>pu-</strong></span> 
     </span>
    </p>
   </div>
   <div class='ocr_carea' id='block_1_21' title="bbox 2055 694 3635 766">
    <p class='ocr_par' dir='ltr' id='par_1_21' title="bbox 2055 694 3635 766">
     <span class='ocr_line' id='line_1_21' title="bbox 2055 694 3635 766; baseline 0 -18"><span class='ocrx_word' id='word_1_150' title='bbox 2055 702 2181 758; x_wconf 90' lang='lat' dir='ltr'><strong>test,</strong></span> <span class='ocrx_word' id='word_1_151' title='bbox 2212 710 2390 764; x_wconf 91' lang='lat' dir='ltr'><strong>neque</strong></span> <span class='ocrx_word' id='word_1_152' title='bbox 2435 695 2730 749; x_wconf 87' lang='lat' dir='ltr'><strong>consilium</strong></span> <span class='ocrx_word' id='word_1_153' title='bbox 2771 696 2986 750; x_wconf 91' lang='lat' dir='ltr'><strong>irritum</strong></span> <span class='ocrx_word' id='word_1_154' title='bbox 3040 695 3162 749; x_wconf 91' lang='lat' dir='ltr'><strong>fuit.</strong></span> <span class='ocrx_word' id='word_1_155' title='bbox 3210 695 3322 750; x_wconf 79' lang='lat' dir='ltr'><strong>Cur</strong></span> <span class='ocrx_word' id='word_1_156' title='bbox 3354 694 3522 766; x_wconf 86' lang='lat' dir='ltr'><strong>igitur</strong></span> <span class='ocrx_word' id='word_1_157' title='bbox 3560 698 3635 750; x_wconf 87' lang='lat' dir='ltr'><strong>si-</strong></span> 
     </span>
    </p>
   </div>
   <div class='ocr_carea' id='block_1_22' title="bbox 2055 783 3644 854">
    <p class='ocr_par' dir='ltr' id='par_1_22' title="bbox 2055 783 3644 854">
     <span class='ocr_line' id='line_1_22' title="bbox 2055 783 3644 854; baseline 0.002 -17"><span class='ocrx_word' id='word_1_158' title='bbox 2055 784 2223 838; x_wconf 89' lang='lat' dir='ltr'><strong>lentio</strong></span> <span class='ocrx_word' id='word_1_159' title='bbox 2260 784 2312 838; x_wconf 89' lang='lat' dir='ltr'><strong>id</strong></span> <span class='ocrx_word' id='word_1_160' title='bbox 2343 785 2773 854; x_wconf 64' lang='lat' dir='ltr'><strong>pratermissum</strong></span> <span class='ocrx_word' id='word_1_161' title='bbox 2803 793 2881 840; x_wconf 92' lang='lat' dir='ltr'><strong>est</strong></span> <span class='ocrx_word' id='word_1_162' title='bbox 2909 787 2931 838; x_wconf 73' lang='lat'><strong>7</strong></span> <span class='ocrx_word' id='word_1_163' title='bbox 2973 783 3316 840; x_wconf 72' lang='lat' dir='ltr'><strong>c-Faciamus</strong></span> <span class='ocrx_word' id='word_1_164' title='bbox 3360 784 3644 840; x_wconf 82' lang='lat' dir='ltr'><strong>hominem.</strong></span> 
     </span>
    </p>
   </div>
   <div class='ocr_carea' id='block_1_23' title="bbox 2055 875 3633 946">
    <p class='ocr_par' dir='ltr' id='par_1_23' title="bbox 2055 875 3633 946">
     <span class='ocr_line' id='line_1_23' title="bbox 2055 875 3633 946; baseline 0.002 -17"><span class='ocrx_word' id='word_1_165' title='bbox 2055 875 2124 929; x_wconf 88' lang='lat' dir='ltr'><strong>ad</strong></span> <span class='ocrx_word' id='word_1_166' title='bbox 2152 876 2443 946; x_wconf 86' lang='lat' dir='ltr'><strong>imaginem</strong></span> <span class='ocrx_word' id='word_1_167' title='bbox 2478 885 2722 931; x_wconf 88' lang='lat' dir='ltr'><strong>nostram</strong></span> <span class='ocrx_word' id='word_1_168' title='bbox 2763 885 2819 931; x_wconf 91' lang='lat' dir='ltr'><strong>et</strong></span> <span class='ocrx_word' id='word_1_169' title='bbox 2855 878 3291 933; x_wconf 71' lang='lat' dir='ltr'><strong>similitudinem.</strong></span> <span class='ocrx_word' id='word_1_170' title='bbox 3323 898 3340 929; x_wconf 79' lang='grc' dir='ltr'><strong>ι</strong></span> <span class='ocrx_word' id='word_1_171' title='bbox 3372 875 3552 932; x_wconf 73' lang='lat' dir='ltr'><strong>Unum</strong></span> <span class='ocrx_word' id='word_1_172' title='bbox 3580 879 3633 932; x_wconf 89' lang='lat' dir='ltr'><strong>in</strong></span> 
     </span>
    </p>
   </div>
   <div class='ocr_carea' id='block_1_24' title="bbox 2057 969 3633 1038">
    <p class='ocr_par' dir='ltr' id='par_1_24' title="bbox 2057 969 3633 1038">
     <span class='ocr_line' id='line_1_24' title="bbox 2057 969 3633 1038; baseline 0 -16"><span class='ocrx_word' id='word_1_173' title='bbox 2057 969 2360 1031; x_wconf 89' lang='lat' dir='ltr'><strong>creatione,</strong></span> <span class='ocrx_word' id='word_1_174' title='bbox 2403 969 2634 1023; x_wconf 89' lang='lat' dir='ltr'><strong>alterum</strong></span> <span class='ocrx_word' id='word_1_175' title='bbox 2672 969 2726 1023; x_wconf 89' lang='lat' dir='ltr'><strong>in</strong></span> <span class='ocrx_word' id='word_1_176' title='bbox 2752 969 3020 1024; x_wconf 76' lang='lat' dir='ltr'><strong>electione</strong></span> <span class='ocrx_word' id='word_1_177' title='bbox 3051 970 3288 1038; x_wconf 86' lang='lat' dir='ltr'><strong>positum</strong></span> <span class='ocrx_word' id='word_1_178' title='bbox 3316 982 3421 1025; x_wconf 90' lang='lat' dir='ltr'><strong>est.</strong></span> <span class='ocrx_word' id='word_1_179' title='bbox 3475 970 3633 1034; x_wconf 83' lang='lat' dir='ltr'><strong>Nam,</strong></span> 
     </span>
    </p>
   </div>
   <div class='ocr_carea' id='block_1_25' title="bbox 2062 1059 3632 1134">
    <p class='ocr_par' dir='ltr' id='par_1_25' title="bbox 2062 1059 3632 1134">
     <span class='ocr_line' id='line_1_25' title="bbox 2062 1059 3632 1134; baseline 0.001 -20"><span class='ocrx_word' id='word_1_180' title='bbox 2062 1068 2119 1114; x_wconf 92' lang='lat' dir='ltr'><strong>ut</strong></span> <span class='ocrx_word' id='word_1_181' title='bbox 2163 1059 2418 1114; x_wconf 83' lang='lat' dir='ltr'><strong>ﬁeremus</strong></span> <span class='ocrx_word' id='word_1_182' title='bbox 2454 1060 2520 1114; x_wconf 90' lang='lat' dir='ltr'><strong>ad</strong></span> <span class='ocrx_word' id='word_1_183' title='bbox 2550 1061 2840 1130; x_wconf 80' lang='lat' dir='ltr'><strong>imaginem</strong></span> <span class='ocrx_word' id='word_1_184' title='bbox 2869 1061 2985 1127; x_wconf 85' lang='lat' dir='ltr'><strong>Dei,</strong></span> <span class='ocrx_word' id='word_1_185' title='bbox 3037 1062 3165 1116; x_wconf 90' lang='lat' dir='ltr'><strong>dum</strong></span> <span class='ocrx_word' id='word_1_186' title='bbox 3195 1063 3480 1134; x_wconf 88' lang='lat' dir='ltr'><strong>principio.-</strong></span> <span class='ocrx_word' id='word_1_187' title='bbox 3503 1079 3632 1131; x_wconf 84' lang='lat' dir='ltr'><strong>pro-</strong></span> 
     </span>
    </p>
   </div>
   <div class='ocr_carea' id='block_1_26' title="bbox 2063 1148 3639 1213">
    <p class='ocr_par' dir='ltr' id='par_1_26' title="bbox 2063 1148 3639 1213">
     <span class='ocr_line' id='line_1_26' title="bbox 2063 1148 3639 1213; baseline 0.002 -10"><span class='ocrx_word' id='word_1_188' title='bbox 2063 1164 2401 1213; x_wconf 73' lang='lat' dir='ltr'><strong>crearentur,</strong></span> <span class='ocrx_word' id='word_1_189' title='bbox 2451 1148 2820 1204; x_wconf 80' lang='lat' dir='ltr'><strong>obtinuimus.</strong></span> <span class='ocrx_word' id='word_1_190' title='bbox 2863 1148 2932 1204; x_wconf 87' lang='lat' dir='ltr'><strong>Ut</strong></span> <span class='ocrx_word' id='word_1_191' title='bbox 2975 1157 3157 1204; x_wconf 89' lang='lat' dir='ltr'><strong>autem</strong></span> <span class='ocrx_word' id='word_1_192' title='bbox 3218 1149 3518 1206; x_wconf 72' lang='lat' dir='ltr'><strong>eiﬁciamur</strong></span> <span class='ocrx_word' id='word_1_193' title='bbox 3565 1153 3639 1206; x_wconf 83' lang='lat' dir='ltr'><strong>ad.</strong></span> 
     </span>
    </p>
   </div>
   <div class='ocr_carea' id='block_1_27' title="bbox 2059 1241 3636 1313">
    <p class='ocr_par' dir='ltr' id='par_1_27' title="bbox 2059 1241 3636 1313">
     <span class='ocr_line' id='line_1_27' title="bbox 2059 1241 3636 1313; baseline 0.002 -17"><span class='ocrx_word' id='word_1_194' title='bbox 2059 1242 2182 1312; x_wconf 95' lang='lat' dir='ltr'><strong>ejus</strong></span> <span class='ocrx_word' id='word_1_195' title='bbox 2215 1241 2660 1308; x_wconf 88' lang='lat' dir='ltr'><strong>similitudinem,</strong></span> <span class='ocrx_word' id='word_1_196' title='bbox 2692 1241 2976 1312; x_wconf 86' lang='lat' dir='ltr'><strong>pr0posito</strong></span> <span class='ocrx_word' id='word_1_197' title='bbox 3011 1242 3405 1313; x_wconf 81' lang='lat' dir='ltr'><strong>voluntateque</strong></span> <span class='ocrx_word' id='word_1_198' title='bbox 3437 1259 3636 1299; x_wconf 88' lang='lat' dir='ltr'><strong>consc-</strong></span> 
     </span>
    </p>
   </div>
   <div class='ocr_carea' id='block_1_28' title="bbox 2059 1331 3640 1404">
    <p class='ocr_par' dir='ltr' id='par_1_28' title="bbox 2059 1331 3640 1404">
     <span class='ocr_line' id='line_1_28' title="bbox 2059 1331 3640 1404; baseline 0.001 -17"><span class='ocrx_word' id='word_1_199' title='bbox 2059 1334 2305 1403; x_wconf 73' lang='lat' dir='ltr'><strong>quimur.</strong></span> <span class='ocrx_word' id='word_1_200' title='bbox 2327 1331 2506 1404; x_wconf 82' lang='lat' dir='ltr'><strong>Atque</strong></span> <span class='ocrx_word' id='word_1_201' title='bbox 2541 1333 2707 1403; x_wconf 82' lang='lat' dir='ltr'><strong>hujus</strong></span> <span class='ocrx_word' id='word_1_202' title='bbox 2757 1334 2998 1404; x_wconf 86' lang='lat' dir='ltr'><strong>quidem,</strong></span> <span class='ocrx_word' id='word_1_203' title='bbox 3045 1333 3192 1404; x_wconf 88' lang='lat' dir='ltr'><strong>quod</strong></span> <span class='ocrx_word' id='word_1_204' title='bbox 3224 1335 3292 1387; x_wconf 88' lang='lat' dir='ltr'><strong>ad</strong></span> <span class='ocrx_word' id='word_1_205' title='bbox 3337 1335 3640 1392; x_wconf 81' lang='lat' dir='ltr'><strong>arbitrium</strong></span> 
     </span>
    </p>
   </div>
   <div class='ocr_carea' id='block_1_29' title="bbox 2061 1424 3633 1497">
    <p class='ocr_par' dir='ltr' id='par_1_29' title="bbox 2061 1424 3633 1497">
     <span class='ocr_line' id='line_1_29' title="bbox 2061 1424 3633 1497; baseline 0.004 -21"><span class='ocrx_word' id='word_1_206' title='bbox 2061 1426 2299 1494; x_wconf 86' lang='lat' dir='ltr'><strong>pertinet</strong></span> <span class='ocrx_word' id='word_1_207' title='bbox 2328 1439 2391 1478; x_wconf 89' lang='lat' dir='ltr'><strong>ac</strong></span> <span class='ocrx_word' id='word_1_208' title='bbox 2429 1424 2782 1489; x_wconf 84' lang='lat' dir='ltr'><strong>voluntatem,</strong></span> <span class='ocrx_word' id='word_1_209' title='bbox 2806 1427 3230 1497; x_wconf 83' lang='lat' dir='ltr'><strong>potestasnobis</strong></span> <span class='ocrx_word' id='word_1_210' title='bbox 3257 1428 3426 1492; x_wconf 85' lang='lat' dir='ltr'><strong>inest,</strong></span> <span class='ocrx_word' id='word_1_211' title='bbox 3454 1444 3514 1484; x_wconf 91' lang='lat' dir='ltr'><strong>re</strong></span> <span class='ocrx_word' id='word_1_212' title='bbox 3534 1445 3633 1482; x_wconf 81' lang='lat' dir='ltr'><strong>au-</strong></span> 
     </span>
    </p>
   </div>
   <div class='ocr_carea' id='block_1_30' title="bbox 2060 1515 3634 1586">
    <p class='ocr_par' dir='ltr' id='par_1_30' title="bbox 2060 1515 3634 1586">
     <span class='ocr_line' id='line_1_30' title="bbox 2060 1515 3634 1586; baseline 0.004 -19"><span class='ocrx_word' id='word_1_213' title='bbox 2060 1522 2168 1568; x_wconf 87' lang='lat' dir='ltr'><strong>tem</strong></span> <span class='ocrx_word' id='word_1_214' title='bbox 2202 1525 2257 1570; x_wconf 90' lang='lat' dir='ltr'><strong>et</strong></span> <span class='ocrx_word' id='word_1_215' title='bbox 2286 1515 2447 1572; x_wconf 88' lang='lat' dir='ltr'><strong>factis</strong></span> <span class='ocrx_word' id='word_1_216' title='bbox 2478 1515 2582 1586; x_wconf 85' lang='lat' dir='ltr'><strong>ipsi</strong></span> <span class='ocrx_word' id='word_1_217' title='bbox 2615 1527 2967 1586; x_wconf 62' lang='lat' dir='ltr'><strong>prastamns.</strong></span> <span class='ocrx_word' id='word_1_218' title='bbox 3010 1516 3126 1573; x_wconf 84' lang='lat' dir='ltr'><strong>Nisi</strong></span> <span class='ocrx_word' id='word_1_219' title='bbox 3182 1519 3328 1574; x_wconf 88' lang='lat' dir='ltr'><strong>Deus</strong></span> <span class='ocrx_word' id='word_1_220' title='bbox 3381 1529 3634 1574; x_wconf 86' lang='lat' dir='ltr'><strong>antever-</strong></span> 
     </span>
    </p>
   </div>
   <div class='ocr_carea' id='block_1_31' title="bbox 2062 1607 3637 1688">
    <p class='ocr_par' dir='ltr' id='par_1_31' title="bbox 2062 1607 3637 1688">
     <span class='ocr_line' id='line_1_31' title="bbox 2062 1607 3637 1688; baseline 0.003 -28"><span class='ocrx_word' id='word_1_221' title='bbox 2062 1607 2219 1688; x_wconf 70' lang='lat' dir='ltr'><strong>tisset</strong></span> <span class='ocrx_word' id='word_1_222' title='bbox 2241 1609 2451 1673; x_wconf 90' lang='lat' dir='ltr'><strong>dicens,</strong></span> <span class='ocrx_word' id='word_1_223' title='bbox 2480 1623 2604 1662; x_wconf 91' lang='lat' dir='ltr'><strong>cum</strong></span> <span class='ocrx_word' id='word_1_224' title='bbox 2635 1623 2736 1663; x_wconf 91' lang='lat' dir='ltr'><strong>nos</strong></span> <span class='ocrx_word' id='word_1_225' title='bbox 2755 1609 3008 1673; x_wconf 73' lang='lat' dir='ltr'><strong>ediceret,</strong></span> <span class='ocrx_word' id='word_1_226' title='bbox 3036 1628 3053 1661; x_wconf 90' lang='grc' dir='ltr'>ι</span> <span class='ocrx_word' id='word_1_227' title='bbox 3087 1609 3394 1677; x_wconf 80' lang='lat' dir='ltr'><strong>Faciamus,</strong></span> <span class='ocrx_word' id='word_1_228' title='bbox 3419 1620 3501 1666; x_wconf 65' lang='lat' dir='ltr'><strong>iet</strong></span> <span class='ocrx_word' id='word_1_229' title='bbox 3521 1630 3540 1662; x_wconf 81' lang='grc' dir='ltr'><strong>ι</strong></span> <span class='ocrx_word' id='word_1_230' title='bbox 3567 1612 3637 1665; x_wconf 78' lang='lat' dir='ltr'><strong>ad</strong></span> 
     </span>
    </p>
   </div>
   <div class='ocr_carea' id='block_1_32' title="bbox 2062 1700 3636 1773">
    <p class='ocr_par' dir='ltr' id='par_1_32' title="bbox 2062 1700 3636 1773">
     <span class='ocr_line' id='line_1_32' title="bbox 2062 1700 3636 1773; baseline 0.003 -19"><span class='ocrx_word' id='word_1_231' title='bbox 2062 1700 2499 1766; x_wconf 83' lang='lat' dir='ltr'><strong>similitudinem,</strong></span> <span class='ocrx_word' id='word_1_232' title='bbox 2527 1720 2554 1754; x_wconf 67' lang='grc' dir='ltr'>ι</span> <span class='ocrx_word' id='word_1_233' title='bbox 2587 1701 2694 1756; x_wconf 90' lang='lat' dir='ltr'><strong>nisi</strong></span> <span class='ocrx_word' id='word_1_234' title='bbox 2721 1701 2880 1757; x_wconf 91' lang='lat' dir='ltr'><strong>nobis</strong></span> <span class='ocrx_word' id='word_1_235' title='bbox 2901 1717 3020 1757; x_wconf 89' lang='lat' dir='ltr'><strong>eam</strong></span> <span class='ocrx_word' id='word_1_236' title='bbox 3051 1703 3276 1773; x_wconf 85' lang='lat' dir='ltr'><strong>largitus</strong></span> <span class='ocrx_word' id='word_1_237' title='bbox 3307 1710 3452 1757; x_wconf 86' lang='lat' dir='ltr'><strong>esset</strong></span> <span class='ocrx_word' id='word_1_238' title='bbox 3483 1713 3636 1772; x_wconf 51' lang='lat' dir='ltr'><strong>pote-</strong></span> 
     </span>
    </p>
   </div>
   <div class='ocr_carea' id='block_1_33' title="bbox 2063 1792 3630 1864">
    <p class='ocr_par' dir='ltr' id='par_1_33' title="bbox 2063 1792 3630 1864">
     <span class='ocr_line' id='line_1_33' title="bbox 2063 1792 3630 1864; baseline 0.001 -17"><span class='ocrx_word' id='word_1_239' title='bbox 2063 1799 2286 1856; x_wconf 87' lang='lat' dir='ltr'><strong>statem,</strong></span> <span class='ocrx_word' id='word_1_240' title='bbox 2340 1799 2401 1846; x_wconf 89' lang='lat' dir='ltr'><strong>ut</strong></span> <span class='ocrx_word' id='word_1_241' title='bbox 2452 1792 2520 1847; x_wconf 91' lang='lat' dir='ltr'><strong>ad</strong></span> <span class='ocrx_word' id='word_1_242' title='bbox 2575 1792 2702 1862; x_wconf 84' lang='lat' dir='ltr'><strong>ejus</strong></span> <span class='ocrx_word' id='word_1_243' title='bbox 2751 1792 3169 1848; x_wconf 89' lang='lat' dir='ltr'><strong>similitudinem</strong></span> <span class='ocrx_word' id='word_1_244' title='bbox 3231 1793 3630 1864; x_wconf 84' lang='lat' dir='ltr'><strong>ellingeremnr,</strong></span> 
     </span>
    </p>
   </div>
   <div class='ocr_carea' id='block_1_34' title="bbox 381 1866 1955 1960">
    <p class='ocr_par' dir='ltr' id='par_1_34' title="bbox 381 1875 1955 1960">
     <span class='ocr_line' id='line_1_34' title="bbox 381 1875 1955 1960; baseline 0.013 -36"><span class='ocrx_word' id='word_1_245' title='bbox 381 1875 510 1936; x_wconf 79' lang='grc' dir='ltr'>κοὺς</span> <span class='ocrx_word' id='word_1_246' title='bbox 544 1875 697 1929; x_wconf 89' lang='grc' dir='ltr'>Θεοῦ.</span> <span class='ocrx_word' id='word_1_247' title='bbox 725 1877 962 1948; x_wconf 80' lang='grc' dir='ltr'>Δύναμιν</span> <span class='ocrx_word' id='word_1_248' title='bbox 989 1879 1045 1932; x_wconf 83' lang='grc' dir='ltr'>δὲ</span> <span class='ocrx_word' id='word_1_249' title='bbox 1073 1881 1195 1945; x_wconf 79' lang='grc' dir='ltr'>δοὺς</span> <span class='ocrx_word' id='word_1_250' title='bbox 1226 1883 1362 1954; x_wconf 86' lang='grc' dir='ltr'>πρὸς</span> <span class='ocrx_word' id='word_1_251' title='bbox 1391 1884 1452 1938; x_wconf 89' lang='grc' dir='ltr'><strong>τὸ</strong></span> <span class='ocrx_word' id='word_1_252' title='bbox 1476 1887 1791 1956; x_wconf 84' lang='grc' dir='ltr'>ὁμοιοῦσθαι</span> <span class='ocrx_word' id='word_1_253' title='bbox 1818 1889 1955 1960; x_wconf 85' lang='grc' dir='ltr'><strong>Θεῷ,</strong></span> 
     </span>
    </p>
   </div>
   <div class='ocr_carea' id='block_1_35' title="bbox 2058 1866 3632 1960">
    <p class='ocr_par' dir='ltr' id='par_1_35' title="bbox 2064 1879 3632 1953">
     <span class='ocr_line' id='line_1_35' title="bbox 2064 1879 3632 1953; baseline 0.004 -18"><span class='ocrx_word' id='word_1_254' title='bbox 2064 1898 2344 1953; x_wconf 88' lang='lat' dir='ltr'><strong>nunquam</strong></span> <span class='ocrx_word' id='word_1_255' title='bbox 2381 1899 2633 1940; x_wconf 86' lang='lat' dir='ltr'><strong>essemus</strong></span> <span class='ocrx_word' id='word_1_256' title='bbox 2666 1884 2818 1938; x_wconf 91' lang='lat' dir='ltr'><strong>illum</strong></span> <span class='ocrx_word' id='word_1_257' title='bbox 2865 1885 3087 1939; x_wconf 84' lang='lat' dir='ltr'><strong>viribus</strong></span> <span class='ocrx_word' id='word_1_258' title='bbox 3119 1884 3326 1939; x_wconf 88' lang='lat' dir='ltr'><strong>nostris</strong></span> <span class='ocrx_word' id='word_1_259' title='bbox 3371 1879 3632 1944; x_wconf 61' lang='lat' dir='ltr'><strong>assecuti‘.</strong></span> 
     </span>
    </p>
   </div>
   <div class='ocr_carea' id='block_1_36' title="bbox 380 1965 1958 2050">
    <p class='ocr_par' dir='ltr' id='par_1_36' title="bbox 380 1965 1958 2050">
     <span class='ocr_line' id='line_1_36' title="bbox 380 1965 1958 2050; baseline 0.013 -34"><span class='ocrx_word' id='word_1_260' title='bbox 380 1965 595 2036; x_wconf 77' lang='grc' dir='ltr'>ἀφῆκεν</span> <span class='ocrx_word' id='word_1_261' title='bbox 616 1968 762 2037; x_wconf 76' lang='grc' dir='ltr'>ἡμᾶς</span> <span class='ocrx_word' id='word_1_262' title='bbox 784 1970 1019 2040; x_wconf 77' lang='grc' dir='ltr'><strong>ἐργάτας</strong></span> <span class='ocrx_word' id='word_1_263' title='bbox 1036 1970 1172 2027; x_wconf 76' lang='grc' dir='ltr'>εἶναι</span> <span class='ocrx_word' id='word_1_264' title='bbox 1191 1975 1290 2045; x_wconf 82' lang='grc' dir='ltr'>τῆς</span> <span class='ocrx_word' id='word_1_265' title='bbox 1315 1976 1452 2048; x_wconf 83' lang='grc' dir='ltr'>πρὸς</span> <span class='ocrx_word' id='word_1_266' title='bbox 1470 1978 1602 2031; x_wconf 83' lang='grc' dir='ltr'>Θεὸν</span> <span class='ocrx_word' id='word_1_267' title='bbox 1627 1980 1958 2050; x_wconf 87' lang='grc' dir='ltr'>ὁμοιώσεως,</span> 
     </span>
    </p>
   </div>
   <div class='ocr_carea' id='block_1_37' title="bbox 382 2055 1961 2144">
    <p class='ocr_par' dir='ltr' id='par_1_37' title="bbox 382 2055 1961 2144">
     <span class='ocr_line' id='line_1_37' title="bbox 382 2055 1961 2144; baseline 0.012 -37"><span class='ocrx_word' id='word_1_268' title='bbox 382 2056 469 2108; x_wconf 82' lang='grc' dir='ltr'>ἵνα</span> <span class='ocrx_word' id='word_1_269' title='bbox 503 2056 730 2144; x_wconf 76' lang='grc' dir='ltr'>ἄγγελος</span> <span class='ocrx_word' id='word_1_270' title='bbox 844 2062 943 2131; x_wconf 82' lang='grc' dir='ltr'><strong>τῆς</strong></span> <span class='ocrx_word' id='word_1_271' title='bbox 982 2064 1246 2134; x_wconf 75' lang='grc' dir='ltr'><strong>ἐργασίας</strong></span> <span class='ocrx_word' id='word_1_272' title='bbox 1294 2066 1515 2136; x_wconf 88' lang='grc' dir='ltr'>μισθὸς,</span> <span class='ocrx_word' id='word_1_273' title='bbox 1551 2069 1638 2124; x_wconf 82' lang='grc' dir='ltr'><strong>ἵνα</strong></span> <span class='ocrx_word' id='word_1_274' title='bbox 1667 2071 1743 2142; x_wconf 85' lang='grc' dir='ltr'>μὴ</span> <span class='ocrx_word' id='word_1_275' title='bbox 1771 2072 1961 2144; x_wconf 82' lang='grc' dir='ltr'>ὥσπερ</span> 
     </span>
    </p>
   </div>
   <div class='ocr_carea' id='block_1_38' title="bbox 379 2143 1958 2234">
    <p class='ocr_par' dir='ltr' id='par_1_38' title="bbox 379 2143 1958 2234">
     <span class='ocr_line' id='line_1_38' title="bbox 379 2143 1958 2234; baseline 0.011 -35"><span class='ocrx_word' id='word_1_276' title='bbox 379 2148 587 2210; x_wconf 76' lang='grc' dir='ltr'>εἰκόνες</span> <span class='ocrx_word' id='word_1_277' title='bbox 612 2143 760 2220; x_wconf 79' lang='grc' dir='ltr'>ὦμεν</span> <span class='ocrx_word' id='word_1_278' title='bbox 780 2151 931 2223; x_wconf 80' lang='grc' dir='ltr'>παρὰ</span> <span class='ocrx_word' id='word_1_279' title='bbox 956 2154 1246 2225; x_wconf 79' lang='grc' dir='ltr'><strong>ζωγράφου</strong></span> <span class='ocrx_word' id='word_1_280' title='bbox 1277 2157 1583 2230; x_wconf 82' lang='grc' dir='ltr'>γενόμεναι,</span> <span class='ocrx_word' id='word_1_281' title='bbox 1615 2162 1740 2233; x_wconf 76' lang='grc' dir='ltr'>εἰκῆ</span> <span class='ocrx_word' id='word_1_282' title='bbox 1770 2143 1958 2234; x_wconf 53' lang='grc' dir='ltr'>κείμεέ</span> 
     </span>
    </p>
   </div>
   <div class='ocr_carea' id='block_1_39' title="bbox 378 2241 1960 2324">
    <p class='ocr_par' dir='ltr' id='par_1_39' title="bbox 378 2241 1960 2324">
     <span class='ocr_line' id='line_1_39' title="bbox 378 2241 1960 2324; baseline 0.012 -34"><span class='ocrx_word' id='word_1_283' title='bbox 378 2256 490 2299; x_wconf 84' lang='grc' dir='ltr'>ναι,</span> <span class='ocrx_word' id='word_1_284' title='bbox 526 2241 610 2293; x_wconf 85' lang='grc' dir='ltr'><strong>ἵνα</strong></span> <span class='ocrx_word' id='word_1_285' title='bbox 644 2241 717 2313; x_wconf 80' lang='grc' dir='ltr'>μὴ</span> <span class='ocrx_word' id='word_1_286' title='bbox 747 2243 813 2298; x_wconf 73' lang='grc' dir='ltr'>τὰ</span> <span class='ocrx_word' id='word_1_287' title='bbox 850 2244 949 2313; x_wconf 82' lang='grc' dir='ltr'>τῆς</span> <span class='ocrx_word' id='word_1_288' title='bbox 979 2247 1253 2319; x_wconf 79' lang='grc' dir='ltr'>ἡμετέρας</span> <span class='ocrx_word' id='word_1_289' title='bbox 1274 2249 1585 2320; x_wconf 84' lang='grc' dir='ltr'>ὁμοιώσεως</span> <span class='ocrx_word' id='word_1_290' title='bbox 1638 2253 1781 2324; x_wconf 75' lang='grc' dir='ltr'>ἄλλῳ</span> <span class='ocrx_word' id='word_1_291' title='bbox 1806 2254 1960 2308; x_wconf 84' lang='grc' dir='ltr'>έπαι-</span> 
     </span>
    </p>
   </div>
   <div class='ocr_carea' id='block_1_40' title="bbox 381 2333 1957 2416">
    <p class='ocr_par' dir='ltr' id='par_1_40' title="bbox 381 2333 1957 2416">
     <span class='ocr_line' id='line_1_40' title="bbox 381 2333 1957 2416; baseline 0.011 -34"><span class='ocrx_word' id='word_1_292' title='bbox 381 2347 473 2382; x_wconf 85' lang='grc' dir='ltr'><strong>νον</strong></span> <span class='ocrx_word' id='word_1_293' title='bbox 519 2333 678 2403; x_wconf 84' lang='grc' dir='ltr'>φέρῃ.</span> <span class='ocrx_word' id='word_1_294' title='bbox 719 2334 888 2389; x_wconf 86' lang='grc' dir='ltr'>Ὅταν</span> <span class='ocrx_word' id='word_1_295' title='bbox 928 2338 1035 2408; x_wconf 80' lang='grc' dir='ltr'>γὰρ</span> <span class='ocrx_word' id='word_1_296' title='bbox 1066 2339 1167 2409; x_wconf 82' lang='grc' dir='ltr'><strong>τὴν</strong></span> <span class='ocrx_word' id='word_1_297' title='bbox 1212 2341 1396 2394; x_wconf 79' lang='grc' dir='ltr'>εἰκόνα</span> <span class='ocrx_word' id='word_1_298' title='bbox 1440 2342 1556 2414; x_wconf 78' lang='grc' dir='ltr'>ἴδῃς</span> <span class='ocrx_word' id='word_1_299' title='bbox 1582 2345 1827 2415; x_wconf 78' lang='grc' dir='ltr'>ἀκριϐῶς</span> <span class='ocrx_word' id='word_1_300' title='bbox 1857 2365 1957 2416; x_wconf 82' lang='grc' dir='ltr'>με-</span> 
     </span>
    </p>
   </div>
   <div class='ocr_carea' id='block_1_41' title="bbox 383 2426 1957 2505">
    <p class='ocr_par' dir='ltr' id='par_1_41' title="bbox 383 2426 1957 2505">
     <span class='ocr_line' id='line_1_41' title="bbox 383 2426 1957 2505; baseline 0.009 -31"><span class='ocrx_word' id='word_1_301' title='bbox 383 2426 751 2494; x_wconf 87' lang='grc' dir='ltr'>μορφωμένην</span> <span class='ocrx_word' id='word_1_302' title='bbox 795 2427 933 2497; x_wconf 85' lang='grc' dir='ltr'>πρὸς</span> <span class='ocrx_word' id='word_1_303' title='bbox 977 2427 1038 2480; x_wconf 79' lang='grc' dir='ltr'><strong>τὸ</strong></span> <span class='ocrx_word' id='word_1_304' title='bbox 1083 2429 1461 2500; x_wconf 86' lang='grc' dir='ltr'>πρωτότυπον,</span> <span class='ocrx_word' id='word_1_305' title='bbox 1507 2433 1568 2486; x_wconf 84' lang='grc' dir='ltr'><strong>οὐ</strong></span> <span class='ocrx_word' id='word_1_306' title='bbox 1617 2435 1717 2505; x_wconf 82' lang='grc' dir='ltr'><strong>τὴν</strong></span> <span class='ocrx_word' id='word_1_307' title='bbox 1772 2436 1957 2489; x_wconf 86' lang='grc' dir='ltr'>εἰκόνα</span> 
     </span>
    </p>
   </div>
   <div class='ocr_carea' id='block_1_42' title="bbox 377 2517 1957 2593">
    <p class='ocr_par' dir='ltr' id='par_1_42' title="bbox 377 2517 1957 2593">
     <span class='ocr_line' id='line_1_42' title="bbox 377 2517 1957 2593; baseline 0.008 -26"><span class='ocrx_word' id='word_1_308' title='bbox 377 2518 622 2578; x_wconf 82' lang='grc' dir='ltr'>ἐπαινεῖς</span> <span class='ocrx_word' id='word_1_309' title='bbox 646 2561 660 2582; x_wconf 87' lang='grc'><strong>,</strong></span> <span class='ocrx_word' id='word_1_310' title='bbox 687 2517 822 2572; x_wconf 76' lang='grc' dir='ltr'>ἀλλὰ</span> <span class='ocrx_word' id='word_1_311' title='bbox 847 2519 938 2571; x_wconf 84' lang='grc' dir='ltr'><strong>τὸν</strong></span> <span class='ocrx_word' id='word_1_312' title='bbox 961 2517 1250 2592; x_wconf 80' lang='grc' dir='ltr'>ζωγράφον</span> <span class='ocrx_word' id='word_1_313' title='bbox 1283 2521 1605 2593; x_wconf 81' lang='grc' dir='ltr'>θαυμάζεις.</span> <span class='ocrx_word' id='word_1_314' title='bbox 1636 2526 1752 2578; x_wconf 88' lang='grc' dir='ltr'>Ἵνα</span> <span class='ocrx_word' id='word_1_315' title='bbox 1778 2527 1957 2583; x_wconf 82' lang='grc' dir='ltr'>τοίνυν</span> 
     </span>
    </p>
   </div>
   <div class='ocr_carea' id='block_1_43' title="bbox 376 2607 1954 2688">
    <p class='ocr_par' dir='ltr' id='par_1_43' title="bbox 376 2607 1954 2688">
     <span class='ocr_line' id='line_1_43' title="bbox 376 2607 1954 2688; baseline 0.008 -29"><span class='ocrx_word' id='word_1_316' title='bbox 376 2608 440 2659; x_wconf 83' lang='grc' dir='ltr'><strong>τὸ</strong></span> <span class='ocrx_word' id='word_1_317' title='bbox 467 2607 650 2678; x_wconf 84' lang='grc' dir='ltr'>θαῦμα</span> <span class='ocrx_word' id='word_1_318' title='bbox 684 2609 814 2677; x_wconf 82' lang='grc' dir='ltr'>ἐμὸν</span> <span class='ocrx_word' id='word_1_319' title='bbox 843 2610 1065 2679; x_wconf 83' lang='grc' dir='ltr'>γένηται</span> <span class='ocrx_word' id='word_1_320' title='bbox 1097 2614 1190 2665; x_wconf 73' lang='grc' dir='ltr'>καὶ</span> <span class='ocrx_word' id='word_1_321' title='bbox 1221 2614 1296 2685; x_wconf 82' lang='grc' dir='ltr'>μὴ</span> <span class='ocrx_word' id='word_1_322' title='bbox 1327 2615 1628 2687; x_wconf 85' lang='grc' dir='ltr'>ἀλλότριον,</span> <span class='ocrx_word' id='word_1_323' title='bbox 1659 2618 1780 2688; x_wconf 78' lang='grc' dir='ltr'>ἐμοὶ</span> <span class='ocrx_word' id='word_1_324' title='bbox 1819 2636 1954 2671; x_wconf 87' lang='grc' dir='ltr'>κατ-</span> 
     </span>
    </p>
   </div>
   <div class='ocr_carea' id='block_1_44' title="bbox 379 2700 1956 2775">
    <p class='ocr_par' dir='ltr' id='par_1_44' title="bbox 379 2700 1956 2775">
     <span class='ocr_line' id='line_1_44' title="bbox 379 2700 1956 2775; baseline 0.006 -23"><span class='ocrx_word' id='word_1_325' title='bbox 379 2700 534 2753; x_wconf 85' lang='grc' dir='ltr'>έλιπε</span> <span class='ocrx_word' id='word_1_326' title='bbox 577 2701 636 2753; x_wconf 88' lang='grc' dir='ltr'><strong>τὸ</strong></span> <span class='ocrx_word' id='word_1_327' title='bbox 674 2702 794 2754; x_wconf 84' lang='grc' dir='ltr'>καθ’</span> <span class='ocrx_word' id='word_1_328' title='bbox 826 2703 1084 2772; x_wconf 85' lang='grc' dir='ltr'>ὁμοίωσιν</span> <span class='ocrx_word' id='word_1_329' title='bbox 1118 2705 1251 2758; x_wconf 88' lang='grc' dir='ltr'><strong>Θεοῦ</strong></span> <span class='ocrx_word' id='word_1_330' title='bbox 1286 2706 1558 2775; x_wconf 89' lang='grc' dir='ltr'>γενέσθαι.</span> <span class='ocrx_word' id='word_1_331' title='bbox 1596 2708 1728 2761; x_wconf 82' lang='grc' dir='ltr'>Κατ’</span> <span class='ocrx_word' id='word_1_332' title='bbox 1774 2708 1956 2762; x_wconf 87' lang='grc' dir='ltr'>εἰκόνα</span> 
     </span>
    </p>
   </div>
   <div class='ocr_carea' id='block_1_45' title="bbox 377 2790 1956 2868">
    <p class='ocr_par' dir='ltr' id='par_1_45' title="bbox 377 2790 1956 2868">
     <span class='ocr_line' id='line_1_45' title="bbox 377 2790 1956 2868; baseline 0.004 -25"><span class='ocrx_word' id='word_1_333' title='bbox 377 2792 489 2863; x_wconf 83' lang='grc' dir='ltr'>γὰρ</span> <span class='ocrx_word' id='word_1_334' title='bbox 514 2791 621 2862; x_wconf 75' lang='grc' dir='ltr'>ἔχω</span> <span class='ocrx_word' id='word_1_335' title='bbox 639 2792 700 2845; x_wconf 89' lang='grc' dir='ltr'><strong>τὸ</strong></span> <span class='ocrx_word' id='word_1_336' title='bbox 724 2791 940 2861; x_wconf 82' lang='grc' dir='ltr'>λογικὸς</span> <span class='ocrx_word' id='word_1_337' title='bbox 958 2790 1118 2858; x_wconf 82' lang='grc' dir='ltr'>εἷναι,</span> <span class='ocrx_word' id='word_1_338' title='bbox 1140 2795 1262 2848; x_wconf 85' lang='grc' dir='ltr'>καθ’</span> <span class='ocrx_word' id='word_1_339' title='bbox 1285 2796 1545 2866; x_wconf 89' lang='grc' dir='ltr'>ὁμοίωσιν</span> <span class='ocrx_word' id='word_1_340' title='bbox 1568 2797 1624 2850; x_wconf 88' lang='grc' dir='ltr'>δὲ</span> <span class='ocrx_word' id='word_1_341' title='bbox 1650 2796 1874 2868; x_wconf 90' lang='grc' dir='ltr'>γίνομαι</span> <span class='ocrx_word' id='word_1_342' title='bbox 1898 2799 1956 2850; x_wconf 84' lang='grc' dir='ltr'><strong>ἐν</strong></span> 
     </span>
    </p>
   </div>
   <div class='ocr_carea' id='block_1_46' title="bbox 375 2884 1957 2960">
    <p class='ocr_par' dir='ltr' id='par_1_46' title="bbox 375 2884 1957 2960">
     <span class='ocr_line' id='line_1_46' title="bbox 375 2884 1957 2960; baseline 0.006 -26"><span class='ocrx_word' id='word_1_343' title='bbox 375 2884 459 2953; x_wconf 85' lang='grc' dir='ltr'><strong>τῷ</strong></span> <span class='ocrx_word' id='word_1_344' title='bbox 497 2885 815 2954; x_wconf 78' lang='grc' dir='ltr'>Χριστιανὸς</span> <span class='ocrx_word' id='word_1_345' title='bbox 845 2885 1116 2954; x_wconf 84' lang='grc' dir='ltr'>γενέσθαι.</span> <span class='ocrx_word' id='word_1_346' title='bbox 1150 2887 1368 2940; x_wconf 84' lang='grc' dir='ltr'>Γίνεσθε</span> <span class='ocrx_word' id='word_1_347' title='bbox 1397 2888 1590 2940; x_wconf 90' lang='grc' dir='ltr'>τέλειοι</span> <span class='ocrx_word' id='word_1_348' title='bbox 1615 2888 1690 2951; x_wconf 93' lang='grc' dir='ltr'><strong>ὡς</strong></span> <span class='ocrx_word' id='word_1_349' title='bbox 1717 2890 1745 2940; x_wconf 91' lang='lat'><strong>6</strong></span> <span class='ocrx_word' id='word_1_350' title='bbox 1771 2889 1957 2960; x_wconf 78' lang='grc' dir='ltr'>Πατὴρ</span> 
     </span>
    </p>
   </div>
   <div class='ocr_carea' id='block_1_47' title="bbox 379 2974 1955 3046">
    <p class='ocr_par' dir='ltr' id='par_1_47' title="bbox 379 2974 1955 3046">
     <span class='ocr_line' id='line_1_47' title="bbox 379 2974 1955 3046; baseline 0.004 -19"><span class='ocrx_word' id='word_1_351' title='bbox 379 2976 410 3026; x_wconf 87' lang='grc' dir='ltr'>ὑ</span> <span class='ocrx_word' id='word_1_352' title='bbox 420 2975 538 3044; x_wconf 87' lang='grc' dir='ltr'><strong>μῶν</strong></span> <span class='ocrx_word' id='word_1_353' title='bbox 561 2978 590 3028; x_wconf 86' lang='lat'><strong>6</strong></span> <span class='ocrx_word' id='word_1_354' title='bbox 608 2975 857 3046; x_wconf 76' lang='grc' dir='ltr'>οὐράνιος</span> <span class='ocrx_word' id='word_1_355' title='bbox 884 2977 1086 3041; x_wconf 84' lang='grc' dir='ltr'>τέλειός</span> <span class='ocrx_word' id='word_1_356' title='bbox 1111 2979 1278 3030; x_wconf 85' lang='grc' dir='ltr'>ἐστιν.</span> <span class='ocrx_word' id='word_1_357' title='bbox 1310 2974 1465 3039; x_wconf 82' lang='grc' dir='ltr'><strong>Εἶδες</strong></span> <span class='ocrx_word' id='word_1_358' title='bbox 1497 2978 1599 3030; x_wconf 87' lang='grc' dir='ltr'><strong>ποῦ</strong></span> <span class='ocrx_word' id='word_1_359' title='bbox 1630 2980 1955 3035; x_wconf 73' lang='grc' dir='ltr'>ἀποδίδωσιν</span> 
     </span>
    </p>
   </div>
   <div class='ocr_carea' id='block_1_48' title="bbox 379 3067 1954 3140">
    <p class='ocr_par' dir='ltr' id='par_1_48' title="bbox 379 3067 1954 3140">
     <span class='ocr_line' id='line_1_48' title="bbox 379 3067 1954 3140; baseline 0.004 -22"><span class='ocrx_word' id='word_1_360' title='bbox 379 3069 512 3136; x_wconf 76' lang='grc' dir='ltr'>ἡμῖν</span> <span class='ocrx_word' id='word_1_361' title='bbox 540 3068 568 3119; x_wconf 92' lang='lat'><strong>6</strong></span> <span class='ocrx_word' id='word_1_362' title='bbox 593 3067 793 3137; x_wconf 85' lang='grc' dir='ltr'>Κύριος</span> <span class='ocrx_word' id='word_1_363' title='bbox 814 3068 875 3121; x_wconf 84' lang='grc' dir='ltr'><strong>τὸ</strong></span> <span class='ocrx_word' id='word_1_364' title='bbox 897 3068 1020 3120; x_wconf 82' lang='grc' dir='ltr'>καθ’</span> <span class='ocrx_word' id='word_1_365' title='bbox 1040 3068 1296 3138; x_wconf 81' lang='grc' dir='ltr'>ὁμοίωσιν</span> <span class='ocrx_word' id='word_1_366' title='bbox 1317 3086 1331 3134; x_wconf 88' lang='lat'><strong>;</strong></span> <span class='ocrx_word' id='word_1_367' title='bbox 1358 3071 1480 3122; x_wconf 85' lang='grc' dir='ltr'>’Ὀτι</span> <span class='ocrx_word' id='word_1_368' title='bbox 1507 3070 1596 3123; x_wconf 85' lang='grc' dir='ltr'><strong>τὸν</strong></span> <span class='ocrx_word' id='word_1_369' title='bbox 1619 3071 1767 3140; x_wconf 77' lang='grc' dir='ltr'>ἥλιον</span> <span class='ocrx_word' id='word_1_370' title='bbox 1789 3072 1954 3126; x_wconf 81' lang='grc' dir='ltr'>αὑτοῦ</span> 
     </span>
    </p>
   </div>
   <div class='ocr_carea' id='block_1_49' title="bbox 379 3157 1954 3232">
    <p class='ocr_par' dir='ltr' id='par_1_49' title="bbox 379 3157 1954 3232">
     <span class='ocr_line' id='line_1_49' title="bbox 379 3157 1954 3232; baseline 0.003 -23"><span class='ocrx_word' id='word_1_371' title='bbox 379 3157 661 3210; x_wconf 83' lang='grc' dir='ltr'>ἀνατέλλει</span> <span class='ocrx_word' id='word_1_372' title='bbox 685 3159 777 3211; x_wconf 79' lang='grc' dir='ltr'>ἐπὶ</span> <span class='ocrx_word' id='word_1_373' title='bbox 817 3159 1085 3228; x_wconf 82' lang='grc' dir='ltr'>πονηροὺς</span> <span class='ocrx_word' id='word_1_374' title='bbox 1109 3161 1204 3210; x_wconf 75' lang='grc' dir='ltr'><strong>καὶ</strong></span> <span class='ocrx_word' id='word_1_375' title='bbox 1228 3159 1486 3227; x_wconf 78' lang='grc' dir='ltr'>ἀγαθοὺς,</span> <span class='ocrx_word' id='word_1_376' title='bbox 1518 3161 1611 3214; x_wconf 74' lang='grc' dir='ltr'>καὶ</span> <span class='ocrx_word' id='word_1_377' title='bbox 1651 3160 1833 3232; x_wconf 77' lang='grc' dir='ltr'>βρέχει</span> <span class='ocrx_word' id='word_1_378' title='bbox 1863 3163 1954 3214; x_wconf 85' lang='grc' dir='ltr'><strong>ἐπί</strong></span> 
     </span>
    </p>
   </div>
   <div class='ocr_carea' id='block_1_50' title="bbox 377 3246 1955 3322">
    <p class='ocr_par' dir='ltr' id='par_1_50' title="bbox 377 3246 1955 3322">
     <span class='ocr_line' id='line_1_50' title="bbox 377 3246 1955 3322; baseline 0.002 -23"><span class='ocrx_word' id='word_1_379' title='bbox 377 3247 620 3312; x_wconf 80' lang='grc' dir='ltr'>δικαίους</span> <span class='ocrx_word' id='word_1_380' title='bbox 646 3248 738 3299; x_wconf 75' lang='grc' dir='ltr'>καὶ</span> <span class='ocrx_word' id='word_1_381' title='bbox 776 3246 1012 3310; x_wconf 85' lang='grc' dir='ltr'>ἀδίκους.</span> <span class='ocrx_word' id='word_1_382' title='bbox 1052 3248 1176 3301; x_wconf 79' lang='grc' dir='ltr'><strong>Ἐὰν</strong></span> <span class='ocrx_word' id='word_1_383' title='bbox 1205 3248 1336 3318; x_wconf 84' lang='grc' dir='ltr'>γένῃ</span> <span class='ocrx_word' id='word_1_384' title='bbox 1369 3249 1748 3320; x_wconf 85' lang='grc' dir='ltr'>μισοπόνηρος.</span> <span class='ocrx_word' id='word_1_385' title='bbox 1780 3253 1955 3322; x_wconf 81' lang='grc' dir='ltr'>ἀμνη-</span> 
     </span>
    </p>
   </div>
   <div class='ocr_carea' id='block_1_51' title="bbox 381 3335 1955 3416">
    <p class='ocr_par' dir='ltr' id='par_1_51' title="bbox 381 3335 1955 3416">
     <span class='ocr_line' id='line_1_51' title="bbox 381 3335 1955 3416; baseline 0.003 -28"><span class='ocrx_word' id='word_1_386' title='bbox 381 3336 626 3400; x_wconf 87' lang='grc' dir='ltr'>σίκακος,</span> <span class='ocrx_word' id='word_1_387' title='bbox 655 3335 728 3407; x_wconf 84' lang='grc' dir='ltr'>μὴ</span> <span class='ocrx_word' id='word_1_388' title='bbox 753 3336 1098 3406; x_wconf 82' lang='grc' dir='ltr'>μεμνημένος</span> <span class='ocrx_word' id='word_1_389' title='bbox 1119 3338 1216 3408; x_wconf 81' lang='grc' dir='ltr'><strong>τῆς</strong></span> <span class='ocrx_word' id='word_1_390' title='bbox 1241 3337 1433 3408; x_wconf 81' lang='grc' dir='ltr'>χθιζῆς</span> <span class='ocrx_word' id='word_1_391' title='bbox 1457 3337 1675 3410; x_wconf 80' lang='grc' dir='ltr'>ἔχθρας·</span> <span class='ocrx_word' id='word_1_392' title='bbox 1708 3339 1802 3392; x_wconf 84' lang='grc' dir='ltr'>ἐὰν</span> <span class='ocrx_word' id='word_1_393' title='bbox 1824 3340 1955 3416; x_wconf 79' lang='grc' dir='ltr'>γένῃ</span> 
     </span>
    </p>
   </div>
   <div class='ocr_carea' id='block_1_52' title="bbox 381 3426 1955 3504">
    <p class='ocr_par' dir='ltr' id='par_1_52' title="bbox 381 3426 1955 3504">
     <span class='ocr_line' id='line_1_52' title="bbox 381 3426 1955 3504; baseline 0.004 -25"><span class='ocrx_word' id='word_1_394' title='bbox 381 3426 722 3495; x_wconf 81' lang='grc' dir='ltr'>φιλάδελφος,</span> <span class='ocrx_word' id='word_1_395' title='bbox 745 3427 1053 3500; x_wconf 82' lang='grc' dir='ltr'>συμπαθὴς,</span> <span class='ocrx_word' id='word_1_396' title='bbox 1082 3428 1368 3500; x_wconf 84' lang='grc' dir='ltr'><strong>ὡμοιώθης</strong></span> <span class='ocrx_word' id='word_1_397' title='bbox 1389 3430 1525 3501; x_wconf 87' lang='grc' dir='ltr'>Θεῷ.</span> <span class='ocrx_word' id='word_1_398' title='bbox 1561 3431 1685 3484; x_wconf 72' lang='grc' dir='ltr'><strong>Ἐὰν</strong></span> <span class='ocrx_word' id='word_1_399' title='bbox 1712 3434 1854 3503; x_wconf 73' lang='grc' dir='ltr'>ἀφῇς</span> <span class='ocrx_word' id='word_1_400' title='bbox 1878 3434 1955 3504; x_wconf 88' lang='grc' dir='ltr'><strong>τῷ</strong></span> 
     </span>
    </p>
   </div>
   <div class='ocr_carea' id='block_1_53' title="bbox 377 3518 1956 3593">
    <p class='ocr_par' dir='ltr' id='par_1_53' title="bbox 377 3518 1956 3593">
     <span class='ocr_line' id='line_1_53' title="bbox 377 3518 1956 3593; baseline 0.003 -23"><span class='ocrx_word' id='word_1_401' title='bbox 377 3519 560 3589; x_wconf 80' lang='grc' dir='ltr'>ἐχθρῷ</span> <span class='ocrx_word' id='word_1_402' title='bbox 598 3519 706 3571; x_wconf 84' lang='grc' dir='ltr'>ἀπὸ</span> <span class='ocrx_word' id='word_1_403' title='bbox 740 3519 983 3588; x_wconf 84' lang='grc' dir='ltr'>καρδίας,</span> <span class='ocrx_word' id='word_1_404' title='bbox 1019 3519 1306 3593; x_wconf 83' lang='grc' dir='ltr'>ὡμοιώθης</span> <span class='ocrx_word' id='word_1_405' title='bbox 1329 3520 1466 3590; x_wconf 82' lang='grc' dir='ltr'>Θεῷ.</span> <span class='ocrx_word' id='word_1_406' title='bbox 1518 3520 1644 3574; x_wconf 79' lang='grc' dir='ltr'><strong>Ἐὰν</strong></span> <span class='ocrx_word' id='word_1_407' title='bbox 1675 3518 1784 3586; x_wconf 76' lang='grc' dir='ltr'>οἷός</span> <span class='ocrx_word' id='word_1_408' title='bbox 1809 3525 1956 3575; x_wconf 81' lang='grc' dir='ltr'>ἐστιν</span> 
     </span>
    </p>
   </div>
   <div class='ocr_carea' id='block_1_54' title="bbox 381 3609 1955 3685">
    <p class='ocr_par' dir='ltr' id='par_1_54' title="bbox 381 3609 1955 3685">
     <span class='ocr_line' id='line_1_54' title="bbox 381 3609 1955 3685; baseline 0.004 -24"><span class='ocrx_word' id='word_1_409' title='bbox 381 3612 476 3662; x_wconf 82' lang='grc' dir='ltr'>ἐπὶ</span> <span class='ocrx_word' id='word_1_410' title='bbox 500 3611 559 3662; x_wconf 88' lang='grc' dir='ltr'><strong>σέ</strong></span> <span class='ocrx_word' id='word_1_411' title='bbox 587 3609 680 3663; x_wconf 86' lang='grc' dir='ltr'><strong>τὸν</strong></span> <span class='ocrx_word' id='word_1_412' title='bbox 719 3611 1039 3681; x_wconf 81' lang='grc' dir='ltr'>ἁμαρτωλὸν</span> <span class='ocrx_word' id='word_1_413' title='bbox 1079 3614 1106 3664; x_wconf 88' lang='lat'><strong>6</strong></span> <span class='ocrx_word' id='word_1_414' title='bbox 1136 3611 1296 3680; x_wconf 85' lang='grc' dir='ltr'>Θεὸς,</span> <span class='ocrx_word' id='word_1_415' title='bbox 1329 3613 1567 3676; x_wconf 87' lang='grc' dir='ltr'>τοιοῦτος</span> <span class='ocrx_word' id='word_1_416' title='bbox 1589 3613 1722 3685; x_wconf 85' lang='grc' dir='ltr'>γένῃ</span> <span class='ocrx_word' id='word_1_417' title='bbox 1746 3614 1840 3667; x_wconf 75' lang='grc' dir='ltr'>ἐπὶ</span> <span class='ocrx_word' id='word_1_418' title='bbox 1862 3615 1955 3668; x_wconf 80' lang='grc' dir='ltr'><strong>τὸν</strong></span> 
     </span>
    </p>
   </div>
   <div class='ocr_carea' id='block_1_55' title="bbox 378 3699 1983 3776">
    <p class='ocr_par' dir='ltr' id='par_1_55' title="bbox 378 3699 1983 3776">
     <span class='ocr_line' id='line_1_55' title="bbox 378 3699 1983 3776; baseline 0.001 -24"><span class='ocrx_word' id='word_1_419' title='bbox 378 3703 461 3763; x_wconf 88' lang='grc' dir='ltr'><strong>εἰς</strong></span> <span class='ocrx_word' id='word_1_420' title='bbox 488 3699 546 3752; x_wconf 80' lang='grc' dir='ltr'>σὲ</span> <span class='ocrx_word' id='word_1_421' title='bbox 580 3699 1086 3771; x_wconf 85' lang='grc' dir='ltr'>πεπλημμεληκότα</span> <span class='ocrx_word' id='word_1_422' title='bbox 1119 3701 1369 3770; x_wconf 85' lang='grc' dir='ltr'>ἀδελφὸν,</span> <span class='ocrx_word' id='word_1_423' title='bbox 1410 3705 1478 3772; x_wconf 79' lang='grc' dir='ltr'>τῇ</span> <span class='ocrx_word' id='word_1_424' title='bbox 1529 3703 1665 3773; x_wconf 82' lang='grc' dir='ltr'>πρὸς</span> <span class='ocrx_word' id='word_1_425' title='bbox 1700 3703 1790 3756; x_wconf 86' lang='grc' dir='ltr'><strong>τὸν</strong></span> <span class='ocrx_word' id='word_1_426' title='bbox 1817 3703 1983 3776; x_wconf 24' lang='grc' dir='ltr'>πληο.</span> 
     </span>
    </p>
   </div>
   <div class='ocr_carea' id='block_1_56' title="bbox 382 3788 1955 3861">
    <p class='ocr_par' dir='ltr' id='par_1_56' title="bbox 382 3788 1955 3861">
     <span class='ocr_line' id='line_1_56' title="bbox 382 3788 1955 3861; baseline 0.003 -19"><span class='ocrx_word' id='word_1_427' title='bbox 382 3790 498 3842; x_wconf 87' lang='grc' dir='ltr'>σίον</span> <span class='ocrx_word' id='word_1_428' title='bbox 521 3788 889 3860; x_wconf 77' lang='grc' dir='ltr'>εὐσπλαγχνίᾳ</span> <span class='ocrx_word' id='word_1_429' title='bbox 917 3789 1202 3861; x_wconf 83' lang='grc' dir='ltr'>ὡμοιώθης</span> <span class='ocrx_word' id='word_1_430' title='bbox 1222 3791 1360 3860; x_wconf 86' lang='grc' dir='ltr'>Θεῷ,</span> <span class='ocrx_word' id='word_1_431' title='bbox 1386 3791 1526 3844; x_wconf 79' lang='grc' dir='ltr'>ὥστε</span> <span class='ocrx_word' id='word_1_432' title='bbox 1551 3793 1610 3844; x_wconf 85' lang='grc' dir='ltr'><strong>τὸ</strong></span> <span class='ocrx_word' id='word_1_433' title='bbox 1631 3796 1749 3846; x_wconf 77' lang='grc' dir='ltr'>κατ’</span> <span class='ocrx_word' id='word_1_434' title='bbox 1773 3794 1955 3847; x_wconf 79' lang='grc' dir='ltr'>εἰκόνα</span> 
     </span>
    </p>
   </div>
   <div class='ocr_carea' id='block_1_57' title="bbox 383 3879 1956 3957">
    <p class='ocr_par' dir='ltr' id='par_1_57' title="bbox 383 3879 1956 3957">
     <span class='ocr_line' id='line_1_57' title="bbox 383 3879 1956 3957; baseline 0.006 -27"><span class='ocrx_word' id='word_1_435' title='bbox 383 3879 486 3948; x_wconf 86' lang='grc' dir='ltr'><strong>μὲν</strong></span> <span class='ocrx_word' id='word_1_436' title='bbox 516 3879 680 3950; x_wconf 80' lang='grc' dir='ltr'>ἔχεις,</span> <span class='ocrx_word' id='word_1_437' title='bbox 731 3881 794 3933; x_wconf 88' lang='grc' dir='ltr'><strong>ἐκ</strong></span> <span class='ocrx_word' id='word_1_438' title='bbox 830 3880 925 3934; x_wconf 90' lang='grc' dir='ltr'><strong>τοῦ</strong></span> <span class='ocrx_word' id='word_1_439' title='bbox 968 3881 1180 3951; x_wconf 89' lang='grc' dir='ltr'>λογικὸς</span> <span class='ocrx_word' id='word_1_440' title='bbox 1222 3879 1384 3937; x_wconf 75' lang='grc' dir='ltr'>εἶναι’</span> <span class='ocrx_word' id='word_1_441' title='bbox 1440 3885 1562 3938; x_wconf 88' lang='grc' dir='ltr'>καθ’</span> <span class='ocrx_word' id='word_1_442' title='bbox 1595 3886 1853 3957; x_wconf 82' lang='grc' dir='ltr'>ὁμοίωσιν</span> <span class='ocrx_word' id='word_1_443' title='bbox 1899 3888 1956 3940; x_wconf 87' lang='grc' dir='ltr'>δὲ</span> 
     </span>
    </p>
   </div>
   <div class='ocr_carea' id='block_1_58' title="bbox 379 3969 1956 4047">
    <p class='ocr_par' dir='ltr' id='par_1_58' title="bbox 379 3969 1956 4047">
     <span class='ocr_line' id='line_1_58' title="bbox 379 3969 1956 4047; baseline 0.01 -29"><span class='ocrx_word' id='word_1_444' title='bbox 379 3969 506 4039; x_wconf 83' lang='grc' dir='ltr'>γίνῃ</span> <span class='ocrx_word' id='word_1_445' title='bbox 539 3969 603 4020; x_wconf 89' lang='grc' dir='ltr'><strong>ἐκ</strong></span> <span class='ocrx_word' id='word_1_446' title='bbox 632 3969 724 4021; x_wconf 86' lang='grc' dir='ltr'><strong>τοῦ</strong></span> <span class='ocrx_word' id='word_1_447' title='bbox 758 3971 1101 4042; x_wconf 84' lang='grc' dir='ltr'>χρηστότητα</span> <span class='ocrx_word' id='word_1_448' title='bbox 1130 3973 1436 4032; x_wconf 78' lang='grc' dir='ltr'>ἀναλαϐεῖν.</span> <span class='ocrx_word' id='word_1_449' title='bbox 1462 3976 1721 4032; x_wconf 80' lang='grc' dir='ltr'>Ἀνάλασε</span> <span class='ocrx_word' id='word_1_450' title='bbox 1752 3979 1956 4047; x_wconf 85' lang='grc' dir='ltr'>σπλάγ-</span> 
     </span>
    </p>
   </div>
   <div class='ocr_carea' id='block_1_59' title="bbox 379 4060 1951 4142">
    <p class='ocr_par' dir='ltr' id='par_1_59' title="bbox 379 4060 1951 4142">
     <span class='ocr_line' id='line_1_59' title="bbox 379 4060 1951 4142; baseline 0.008 -31"><span class='ocrx_word' id='word_1_451' title='bbox 379 4079 484 4130; x_wconf 79' lang='grc' dir='ltr'><strong>χνα</strong></span> <span class='ocrx_word' id='word_1_452' title='bbox 532 4060 859 4130; x_wconf 77' lang='grc' dir='ltr'>οἰκτιρμοῦ,</span> <span class='ocrx_word' id='word_1_453' title='bbox 901 4063 1263 4134; x_wconf 85' lang='grc' dir='ltr'>χρηστότητα,</span> <span class='ocrx_word' id='word_1_454' title='bbox 1320 4066 1405 4119; x_wconf 83' lang='grc' dir='ltr'><strong>ἵνα</strong></span> <span class='ocrx_word' id='word_1_455' title='bbox 1455 4067 1649 4142; x_wconf 77' lang='grc' dir='ltr'>ἐνδύσῃ</span> <span class='ocrx_word' id='word_1_456' title='bbox 1699 4070 1951 4140; x_wconf 81' lang='grc' dir='ltr'>Χριστόν.</span> 
     </span>
    </p>
   </div>
   <div class='ocr_carea' id='block_1_60' title="bbox 380 4143 1955 4227">
    <p class='ocr_par' dir='ltr' id='par_1_60' title="bbox 380 4143 1955 4227">
     <span class='ocr_line' id='line_1_60' title="bbox 380 4143 1955 4227; baseline 0.009 -26"><span class='ocrx_word' id='word_1_457' title='bbox 380 4152 461 4201; x_wconf 77' lang='grc' dir='ltr'><strong>Δι’</strong></span> <span class='ocrx_word' id='word_1_458' title='bbox 489 4143 563 4203; x_wconf 81' lang='grc' dir='ltr'>ὧν</span> <span class='ocrx_word' id='word_1_459' title='bbox 588 4153 698 4221; x_wconf 75' lang='grc' dir='ltr'><strong>γὰρ</strong></span> <span class='ocrx_word' id='word_1_460' title='bbox 731 4152 1129 4223; x_wconf 75' lang='grc' dir='ltr'>ἀναλαμϐάνεις</span> <span class='ocrx_word' id='word_1_461' title='bbox 1153 4155 1253 4227; x_wconf 80' lang='grc' dir='ltr'>τὴν</span> <span class='ocrx_word' id='word_1_462' title='bbox 1285 4158 1648 4227; x_wconf 84' lang='grc' dir='ltr'>συμπάθειαν,</span> <span class='ocrx_word' id='word_1_463' title='bbox 1686 4159 1753 4213; x_wconf 85' lang='grc' dir='ltr'>δι’</span> <span class='ocrx_word' id='word_1_464' title='bbox 1777 4162 1955 4215; x_wconf 78' lang='grc' dir='ltr'>αὐτῶν</span> 
     </span>
    </p>
   </div>
   <div class='ocr_carea' id='block_1_61' title="bbox 379 4242 1955 4318">
    <p class='ocr_par' dir='ltr' id='par_1_61' title="bbox 379 4242 1955 4318">
     <span class='ocr_line' id='line_1_61' title="bbox 379 4242 1955 4318; baseline 0.007 -23"><span class='ocrx_word' id='word_1_465' title='bbox 379 4242 615 4314; x_wconf 75' lang='grc' dir='ltr'>Χριστὸν</span> <span class='ocrx_word' id='word_1_466' title='bbox 637 4245 848 4316; x_wconf 76' lang='grc' dir='ltr'>ἐνδύνῃ,</span> <span class='ocrx_word' id='word_1_467' title='bbox 875 4247 968 4299; x_wconf 69' lang='grc' dir='ltr'><strong>καί⁹</strong></span> <span class='ocrx_word' id='word_1_468' title='bbox 988 4250 1054 4317; x_wconf 84' lang='grc' dir='ltr'>τῇ</span> <span class='ocrx_word' id='word_1_469' title='bbox 1083 4249 1219 4318; x_wconf 83' lang='grc' dir='ltr'>πρὸς</span> <span class='ocrx_word' id='word_1_470' title='bbox 1247 4250 1408 4302; x_wconf 83' lang='grc' dir='ltr'>αὑτὸν</span> <span class='ocrx_word' id='word_1_471' title='bbox 1427 4251 1698 4304; x_wconf 86' lang='grc' dir='ltr'>οἰκειώσει</span> <span class='ocrx_word' id='word_1_472' title='bbox 1723 4255 1955 4306; x_wconf 76' lang='grc' dir='ltr'>οἰκειού-</span> 
     </span>
    </p>
   </div>
   <div class='ocr_carea' id='block_1_62' title="bbox 383 4335 1953 4414">
    <p class='ocr_par' dir='ltr' id='par_1_62' title="bbox 383 4335 1953 4414">
     <span class='ocr_line' id='line_1_62' title="bbox 383 4335 1953 4414; baseline 0.008 -29"><span class='ocrx_word' id='word_1_473' title='bbox 383 4352 545 4402; x_wconf 86' lang='grc' dir='ltr'>μενος</span> <span class='ocrx_word' id='word_1_474' title='bbox 573 4335 710 4406; x_wconf 83' lang='grc' dir='ltr'>Θεῷ.</span> <span class='ocrx_word' id='word_1_475' title='bbox 751 4337 935 4400; x_wconf 79' lang='grc' dir='ltr'>Οὕτως</span> <span class='ocrx_word' id='word_1_476' title='bbox 968 4340 1000 4408; x_wconf 76' lang='grc' dir='ltr'>ἡ</span> <span class='ocrx_word' id='word_1_477' title='bbox 1038 4339 1243 4410; x_wconf 85' lang='grc' dir='ltr'>ίστορία</span> <span class='ocrx_word' id='word_1_478' title='bbox 1277 4342 1555 4405; x_wconf 87' lang='grc' dir='ltr'>παίδευσίς</span> <span class='ocrx_word' id='word_1_479' title='bbox 1581 4344 1696 4396; x_wconf 83' lang='grc' dir='ltr'>ἐστι</span> <span class='ocrx_word' id='word_1_480' title='bbox 1719 4343 1812 4397; x_wconf 91' lang='grc' dir='ltr'><strong>τοῦ</strong></span> <span class='ocrx_word' id='word_1_481' title='bbox 1840 4345 1953 4414; x_wconf 81' lang='grc' dir='ltr'>βίου</span> 
     </span>
    </p>
   </div>
   <div class='ocr_carea' id='block_1_63' title="bbox 377 4426 1955 4505">
    <p class='ocr_par' dir='ltr' id='par_1_63' title="bbox 377 4426 1955 4505">
     <span class='ocr_line' id='line_1_63' title="bbox 377 4426 1955 4505; baseline 0.007 -25"><span class='ocrx_word' id='word_1_482' title='bbox 377 4427 474 4480; x_wconf 85' lang='grc' dir='ltr'><strong>τοῦ</strong></span> <span class='ocrx_word' id='word_1_483' title='bbox 532 4426 890 4498; x_wconf 86' lang='grc' dir='ltr'>ἀνθρωπίνου.</span> <span class='ocrx_word' id='word_1_484' title='bbox 951 4447 970 4480; x_wconf 81' lang='grc' dir='ltr'><strong>ι</strong></span> <span class='ocrx_word' id='word_1_485' title='bbox 1015 4431 1334 4502; x_wconf 82' lang='grc' dir='ltr'>Ποιήσωμεν</span> <span class='ocrx_word' id='word_1_486' title='bbox 1387 4432 1668 4505; x_wconf 71' lang='grc' dir='ltr'>ἄνθρωπον</span> <span class='ocrx_word' id='word_1_487' title='bbox 1709 4437 1828 4489; x_wconf 88' lang='grc' dir='ltr'>κατ’</span> <span class='ocrx_word' id='word_1_488' title='bbox 1876 4441 1955 4491; x_wconf 79' lang='grc' dir='ltr'>εἰ·</span> 
     </span>
    </p>
   </div>
   <div class='ocr_carea' id='block_1_64' title="bbox 2061 1972 3636 2045">
    <p class='ocr_par' dir='ltr' id='par_1_64' title="bbox 2061 1972 3636 2045">
     <span class='ocr_line' id='line_1_64' title="bbox 2061 1972 3636 2045; baseline 0.003 -19"><span class='ocrx_word' id='word_1_489' title='bbox 2061 1972 2216 2028; x_wconf 83' lang='lat' dir='ltr'><strong>Nunc</strong></span> <span class='ocrx_word' id='word_1_490' title='bbox 2249 1983 2435 2029; x_wconf 82' lang='lat' dir='ltr'><strong>autem</strong></span> <span class='ocrx_word' id='word_1_491' title='bbox 2469 1983 2746 2045; x_wconf 79' lang='lat' dir='ltr'><strong>potestate</strong></span> <span class='ocrx_word' id='word_1_492' title='bbox 2769 1990 2872 2030; x_wconf 92' lang='lat' dir='ltr'><strong>nos</strong></span> <span class='ocrx_word' id='word_1_493' title='bbox 2904 1975 3034 2030; x_wconf 77' lang='lat' dir='ltr'><strong>fecit</strong></span> <span class='ocrx_word' id='word_1_494' title='bbox 3068 1977 3277 2031; x_wconf 85' lang='lat' dir='ltr'><strong>similes</strong></span> <span class='ocrx_word' id='word_1_495' title='bbox 3322 1975 3452 2035; x_wconf 52' lang='lat' dir='ltr'><strong>Dei.</strong></span> <span class='ocrx_word' id='word_1_496' title='bbox 3476 1977 3636 2031; x_wconf 65' lang='grc' dir='ltr'>Ροιοιι</span> 
     </span>
    </p>
   </div>
   <div class='ocr_carea' id='block_1_65' title="bbox 2061 2067 3636 2138">
    <p class='ocr_par' dir='ltr' id='par_1_65' title="bbox 2061 2067 3636 2138">
     <span class='ocr_line' id='line_1_65' title="bbox 2061 2067 3636 2138; baseline 0.002 -18"><span class='ocrx_word' id='word_1_497' title='bbox 2061 2073 2256 2120; x_wconf 87' lang='lat' dir='ltr'><strong>statem</strong></span> <span class='ocrx_word' id='word_1_498' title='bbox 2288 2074 2476 2121; x_wconf 90' lang='lat' dir='ltr'><strong>autem</strong></span> <span class='ocrx_word' id='word_1_499' title='bbox 2525 2067 2796 2131; x_wconf 82' lang='lat' dir='ltr'><strong>tribuens,</strong></span> <span class='ocrx_word' id='word_1_500' title='bbox 2854 2076 2908 2121; x_wconf 88' lang='lat' dir='ltr'><strong>ut</strong></span> <span class='ocrx_word' id='word_1_501' title='bbox 2955 2068 3078 2138; x_wconf 83' lang='lat' dir='ltr'><strong>ejus</strong></span> <span class='ocrx_word' id='word_1_502' title='bbox 3132 2068 3354 2124; x_wconf 77' lang='lat' dir='ltr'><strong>similes</strong></span> <span class='ocrx_word' id='word_1_503' title='bbox 3377 2069 3636 2124; x_wconf 83' lang='lat' dir='ltr'><strong>reddere-</strong></span> 
     </span>
    </p>
   </div>
   <div class='ocr_carea' id='block_1_66' title="bbox 2061 2158 3636 2227">
    <p class='ocr_par' dir='ltr' id='par_1_66' title="bbox 2061 2158 3636 2227">
     <span class='ocr_line' id='line_1_66' title="bbox 2061 2158 3636 2227; baseline 0.002 -17"><span class='ocrx_word' id='word_1_504' title='bbox 2061 2173 2204 2218; x_wconf 92' lang='lat' dir='ltr'><strong>mur,</strong></span> <span class='ocrx_word' id='word_1_505' title='bbox 2239 2158 2493 2227; x_wconf 87' lang='lat' dir='ltr'><strong>permisit</strong></span> <span class='ocrx_word' id='word_1_506' title='bbox 2523 2158 2706 2226; x_wconf 84' lang='lat' dir='ltr'><strong>nobis,</strong></span> <span class='ocrx_word' id='word_1_507' title='bbox 2743 2169 2801 2214; x_wconf 93' lang='lat' dir='ltr'><strong>ut</strong></span> <span class='ocrx_word' id='word_1_508' title='bbox 2826 2174 3076 2214; x_wconf 87' lang='lat' dir='ltr'><strong>essemus</strong></span> <span class='ocrx_word' id='word_1_509' title='bbox 3111 2160 3262 2216; x_wconf 79' lang='lat' dir='ltr'><strong>illius</strong></span> <span class='ocrx_word' id='word_1_510' title='bbox 3314 2160 3636 2214; x_wconf 81' lang='lat' dir='ltr'><strong>similitudi-</strong></span> 
     </span>
    </p>
   </div>
   <div class='ocr_carea' id='block_1_67' title="bbox 2058 2249 3633 2322">
    <p class='ocr_par' dir='ltr' id='par_1_67' title="bbox 2058 2249 3633 2322">
     <span class='ocr_line' id='line_1_67' title="bbox 2058 2249 3633 2322; baseline 0.002 -19"><span class='ocrx_word' id='word_1_511' title='bbox 2058 2252 2145 2305; x_wconf 89' lang='lat' dir='ltr'><strong>nis</strong></span> <span class='ocrx_word' id='word_1_512' title='bbox 2172 2249 2479 2314; x_wconf 71' lang='lat' dir='ltr'><strong>effectores,</strong></span> <span class='ocrx_word' id='word_1_513' title='bbox 2516 2267 2626 2321; x_wconf 95' lang='lat' dir='ltr'><strong>quo</strong></span> <span class='ocrx_word' id='word_1_514' title='bbox 2662 2266 2871 2306; x_wconf 89' lang='lat' dir='ltr'><strong>merces</strong></span> <span class='ocrx_word' id='word_1_515' title='bbox 2907 2253 3090 2322; x_wconf 89' lang='lat' dir='ltr'><strong>operis</strong></span> <span class='ocrx_word' id='word_1_516' title='bbox 3128 2261 3316 2308; x_wconf 79' lang='lat' dir='ltr'><strong>nostra</strong></span> <span class='ocrx_word' id='word_1_517' title='bbox 3357 2253 3517 2316; x_wconf 90' lang='lat' dir='ltr'><strong>foret,</strong></span> <span class='ocrx_word' id='word_1_518' title='bbox 3564 2269 3633 2306; x_wconf 88' lang='lat' dir='ltr'><strong>ue</strong></span> 
     </span>
    </p>
   </div>
   <div class='ocr_carea' id='block_1_68' title="bbox 2059 2341 3635 2412">
    <p class='ocr_par' dir='ltr' id='par_1_68' title="bbox 2059 2341 3635 2412">
     <span class='ocr_line' id='line_1_68' title="bbox 2059 2341 3635 2412; baseline 0.002 -17"><span class='ocrx_word' id='word_1_519' title='bbox 2059 2350 2258 2396; x_wconf 67' lang='lat' dir='ltr'><strong>nostra!</strong></span> <span class='ocrx_word' id='word_1_520' title='bbox 2288 2341 2668 2397; x_wconf 82' lang='lat' dir='ltr'><strong>similitudinis</strong></span> <span class='ocrx_word' id='word_1_521' title='bbox 2688 2342 2902 2398; x_wconf 88' lang='lat' dir='ltr'><strong>laudem</strong></span> <span class='ocrx_word' id='word_1_522' title='bbox 2936 2343 3198 2412; x_wconf 83' lang='lat' dir='ltr'><strong>auferret,</strong></span> <span class='ocrx_word' id='word_1_523' title='bbox 3219 2344 3456 2410; x_wconf 82' lang='lat' dir='ltr'><strong>Quando</strong></span> <span class='ocrx_word' id='word_1_524' title='bbox 3479 2345 3635 2398; x_wconf 80' lang='lat' dir='ltr'><strong>enim</strong></span> 
     </span>
    </p>
   </div>
   <div class='ocr_carea' id='block_1_69' title="bbox 2056 2429 3640 2501">
    <p class='ocr_par' dir='ltr' id='par_1_69' title="bbox 2056 2429 3640 2501">
     <span class='ocr_line' id='line_1_69' title="bbox 2056 2429 3640 2501; baseline -0.001 -16"><span class='ocrx_word' id='word_1_525' title='bbox 2056 2431 2283 2500; x_wconf 79' lang='lat' dir='ltr'><strong>effigiem</strong></span> <span class='ocrx_word' id='word_1_526' title='bbox 2315 2429 2554 2500; x_wconf 90' lang='lat' dir='ltr'><strong>aliquam</strong></span> <span class='ocrx_word' id='word_1_527' title='bbox 2596 2434 2782 2486; x_wconf 88' lang='lat' dir='ltr'><strong>cernis</strong></span> <span class='ocrx_word' id='word_1_528' title='bbox 2827 2430 3115 2501; x_wconf 78' lang='lat' dir='ltr'><strong>diligenter</strong></span> <span class='ocrx_word' id='word_1_529' title='bbox 3166 2431 3527 2496; x_wconf 85' lang='lat' dir='ltr'><strong>elaboratam,</strong></span> <span class='ocrx_word' id='word_1_530' title='bbox 3582 2439 3640 2483; x_wconf 78' lang='lat' dir='ltr'><strong>et</strong></span> 
     </span>
    </p>
   </div>
   <div class='ocr_carea' id='block_1_70' title="bbox 2055 2517 3630 2594">
    <p class='ocr_par' dir='ltr' id='par_1_70' title="bbox 2055 2517 3630 2594">
     <span class='ocr_line' id='line_1_70' title="bbox 2055 2517 3630 2594; baseline -0.001 -20"><span class='ocrx_word' id='word_1_531' title='bbox 2055 2519 2336 2589; x_wconf 75' lang='lat' dir='ltr'><strong>exemplar</strong></span> <span class='ocrx_word' id='word_1_532' title='bbox 2390 2519 2596 2590; x_wconf 82' lang='lat' dir='ltr'><strong>Optime</strong></span> <span class='ocrx_word' id='word_1_533' title='bbox 2647 2518 2996 2582; x_wconf 84' lang='lat' dir='ltr'><strong>referentem,</strong></span> <span class='ocrx_word' id='word_1_534' title='bbox 3046 2534 3156 2573; x_wconf 88' lang='lat' dir='ltr'><strong>non</strong></span> <span class='ocrx_word' id='word_1_535' title='bbox 3195 2519 3370 2594; x_wconf 88' lang='lat' dir='ltr'><strong>ipsam</strong></span> <span class='ocrx_word' id='word_1_536' title='bbox 3418 2517 3630 2580; x_wconf 80' lang='lat' dir='ltr'><strong>laudas.</strong></span> 
     </span>
    </p>
   </div>
   <div class='ocr_carea' id='block_1_71' title="bbox 2057 2610 3634 2682">
    <p class='ocr_par' dir='ltr' id='par_1_71' title="bbox 2057 2610 3634 2682">
     <span class='ocr_line' id='line_1_71' title="bbox 2057 2610 3634 2682; baseline -0.003 -15"><span class='ocrx_word' id='word_1_537' title='bbox 2057 2615 2150 2668; x_wconf 89' lang='lat' dir='ltr'><strong>sed</strong></span> <span class='ocrx_word' id='word_1_538' title='bbox 2186 2614 2451 2682; x_wconf 90' lang='lat' dir='ltr'><strong>pictorem</strong></span> <span class='ocrx_word' id='word_1_539' title='bbox 2478 2611 2788 2667; x_wconf 88' lang='lat' dir='ltr'><strong>admiraris.</strong></span> <span class='ocrx_word' id='word_1_540' title='bbox 2819 2610 3185 2681; x_wconf 85' lang='lat' dir='ltr'><strong>Quapropter,</strong></span> <span class='ocrx_word' id='word_1_541' title='bbox 3240 2619 3298 2665; x_wconf 89' lang='lat' dir='ltr'><strong>ut</strong></span> <span class='ocrx_word' id='word_1_542' title='bbox 3329 2626 3469 2672; x_wconf 90' lang='lat' dir='ltr'><strong>mea,</strong></span> <span class='ocrx_word' id='word_1_543' title='bbox 3527 2625 3634 2664; x_wconf 90' lang='lat' dir='ltr'><strong>non</strong></span> 
     </span>
    </p>
   </div>
   <div class='ocr_carea' id='block_1_72' title="bbox 2056 2704 3636 2774">
    <p class='ocr_par' dir='ltr' id='par_1_72' title="bbox 2056 2704 3636 2774">
     <span class='ocr_line' id='line_1_72' title="bbox 2056 2704 3636 2774; baseline 0 -16"><span class='ocrx_word' id='word_1_544' title='bbox 2056 2704 2288 2760; x_wconf 90' lang='lat' dir='ltr'><strong>alterius</strong></span> <span class='ocrx_word' id='word_1_545' title='bbox 2317 2712 2470 2759; x_wconf 91' lang='lat' dir='ltr'><strong>esset</strong></span> <span class='ocrx_word' id='word_1_546' title='bbox 2488 2704 2775 2758; x_wconf 88' lang='lat' dir='ltr'><strong>admiratio</strong></span> <span class='ocrx_word' id='word_1_547' title='bbox 2812 2744 2826 2767; x_wconf 95' lang='lat'><strong>,</strong></span> <span class='ocrx_word' id='word_1_548' title='bbox 2878 2705 3100 2774; x_wconf 88' lang='lat' dir='ltr'><strong>reliquit</strong></span> <span class='ocrx_word' id='word_1_549' title='bbox 3132 2705 3285 2766; x_wconf 88' lang='lat' dir='ltr'><strong>mihi,</strong></span> <span class='ocrx_word' id='word_1_550' title='bbox 3336 2711 3395 2757; x_wconf 91' lang='lat' dir='ltr'><strong>ut</strong></span> <span class='ocrx_word' id='word_1_551' title='bbox 3423 2704 3488 2757; x_wconf 89' lang='lat' dir='ltr'><strong>ad</strong></span> <span class='ocrx_word' id='word_1_552' title='bbox 3516 2704 3636 2772; x_wconf 88' lang='lat' dir='ltr'><strong>ejus</strong></span> 
     </span>
    </p>
   </div>
   <div class='ocr_carea' id='block_1_73' title="bbox 2057 2795 3636 2866">
    <p class='ocr_par' dir='ltr' id='par_1_73' title="bbox 2057 2795 3636 2866">
     <span class='ocr_line' id='line_1_73' title="bbox 2057 2795 3636 2866; baseline 0.001 -16"><span class='ocrx_word' id='word_1_553' title='bbox 2057 2795 2473 2850; x_wconf 88' lang='lat' dir='ltr'><strong>similitudinem</strong></span> <span class='ocrx_word' id='word_1_554' title='bbox 2508 2797 2712 2850; x_wconf 81' lang='lat' dir='ltr'><strong>fierem.</strong></span> <span class='ocrx_word' id='word_1_555' title='bbox 2747 2795 2822 2849; x_wconf 83' lang='lat' dir='ltr'><strong>Ex</strong></span> <span class='ocrx_word' id='word_1_556' title='bbox 2846 2795 3082 2866; x_wconf 80' lang='lat' dir='ltr'><strong>imagine</strong></span> <span class='ocrx_word' id='word_1_557' title='bbox 3111 2796 3306 2858; x_wconf 86' lang='lat' dir='ltr'><strong>habeo,</strong></span> <span class='ocrx_word' id='word_1_558' title='bbox 3335 2805 3392 2848; x_wconf 90' lang='lat' dir='ltr'><strong>ut</strong></span> <span class='ocrx_word' id='word_1_559' title='bbox 3421 2795 3636 2852; x_wconf 85' lang='lat' dir='ltr'><strong>ratione</strong></span> 
     </span>
    </p>
   </div>
   <div class='ocr_carea' id='block_1_74' title="bbox 2055 2885 3635 2957">
    <p class='ocr_par' dir='ltr' id='par_1_74' title="bbox 2055 2885 3635 2957">
     <span class='ocr_line' id='line_1_74' title="bbox 2055 2885 3635 2957; baseline 0.001 -18"><span class='ocrx_word' id='word_1_560' title='bbox 2055 2885 2159 2939; x_wconf 91' lang='lat' dir='ltr'><strong>sim</strong></span> <span class='ocrx_word' id='word_1_561' title='bbox 2210 2886 2520 2957; x_wconf 71' lang='lat' dir='ltr'><strong>praeditus;</strong></span> <span class='ocrx_word' id='word_1_562' title='bbox 2577 2901 2644 2940; x_wconf 77' lang='lat' dir='ltr'><strong>ex</strong></span> <span class='ocrx_word' id='word_1_563' title='bbox 2677 2885 3043 2942; x_wconf 86' lang='lat' dir='ltr'><strong>similitudine</strong></span> <span class='ocrx_word' id='word_1_564' title='bbox 3096 2894 3301 2949; x_wconf 89' lang='lat' dir='ltr'><strong>autem,</strong></span> <span class='ocrx_word' id='word_1_565' title='bbox 3357 2897 3414 2940; x_wconf 93' lang='lat' dir='ltr'><strong>nt</strong></span> <span class='ocrx_word' id='word_1_566' title='bbox 3459 2886 3635 2941; x_wconf 83' lang='lat' dir='ltr'><strong>bonus</strong></span> 
     </span>
    </p>
   </div>
   <div class='ocr_carea' id='block_1_75' title="bbox 2054 2974 3644 3044">
    <p class='ocr_par' dir='ltr' id='par_1_75' title="bbox 2054 2974 3644 3044">
     <span class='ocr_line' id='line_1_75' title="bbox 2054 2974 3644 3044; baseline -0.001 -13"><span class='ocrx_word' id='word_1_567' title='bbox 2054 2975 2277 3031; x_wconf 84' lang='lat' dir='ltr'><strong>efﬁciar.</strong></span> <span class='ocrx_word' id='word_1_568' title='bbox 2313 2974 2501 3030; x_wconf 86' lang='lat' dir='ltr'><strong>Estote</strong></span> <span class='ocrx_word' id='word_1_569' title='bbox 2542 2974 2784 3044; x_wconf 83' lang='lat' dir='ltr'><strong>perfecti,</strong></span> <span class='ocrx_word' id='word_1_570' title='bbox 2807 2977 2951 3032; x_wconf 87' lang='lat' dir='ltr'><strong>sicut</strong></span> <span class='ocrx_word' id='word_1_571' title='bbox 2987 2975 3147 3029; x_wconf 89' lang='lat' dir='ltr'><strong>Pater</strong></span> <span class='ocrx_word' id='word_1_572' title='bbox 3176 2984 3358 3030; x_wconf 86' lang='lat' dir='ltr'><strong>vester</strong></span> <span class='ocrx_word' id='word_1_573' title='bbox 3396 2977 3644 3032; x_wconf 64' lang='lat' dir='ltr'><strong>caelestis.</strong></span> 
     </span>
    </p>
   </div>
   <div class='ocr_carea' id='block_1_76' title="bbox 2055 3058 3638 3136">
    <p class='ocr_par' dir='ltr' id='par_1_76' title="bbox 2055 3058 3638 3136">
     <span class='ocr_line' id='line_1_76' title="bbox 2055 3058 3638 3136; baseline -0.001 -15"><span class='ocrx_word' id='word_1_574' title='bbox 2055 3067 2328 3136; x_wconf 89' lang='lat' dir='ltr'><strong>perfectus</strong></span> <span class='ocrx_word' id='word_1_575' title='bbox 2379 3074 2486 3121; x_wconf 91' lang='lat' dir='ltr'><strong>est.</strong></span> <span class='ocrx_word' id='word_1_576' title='bbox 2533 3064 2693 3120; x_wconf 78' lang='lat' dir='ltr'><strong>Vides</strong></span> <span class='ocrx_word' id='word_1_577' title='bbox 2725 3058 3009 3134; x_wconf 90' lang='lat' dir='ltr'><strong>quomodo</strong></span> <span class='ocrx_word' id='word_1_578' title='bbox 3051 3066 3208 3122; x_wconf 90' lang='lat' dir='ltr'><strong>nobis</strong></span> <span class='ocrx_word' id='word_1_579' title='bbox 3245 3064 3513 3119; x_wconf 90' lang='lat' dir='ltr'><strong>Dominus</strong></span> <span class='ocrx_word' id='word_1_580' title='bbox 3576 3067 3638 3120; x_wconf 90' lang='lat' dir='ltr'><strong>il-</strong></span> 
     </span>
    </p>
   </div>
   <div class='ocr_carea' id='block_1_77' title="bbox 2063 3156 3639 3222">
    <p class='ocr_par' dir='ltr' id='par_1_77' title="bbox 2063 3156 3639 3222">
     <span class='ocr_line' id='line_1_77' title="bbox 2063 3156 3639 3222; baseline 0 -12"><span class='ocrx_word' id='word_1_581' title='bbox 2063 3157 2155 3211; x_wconf 76' lang='lat' dir='ltr'><strong>lud</strong></span> <span class='ocrx_word' id='word_1_582' title='bbox 2186 3157 2254 3211; x_wconf 88' lang='lat' dir='ltr'><strong>ad</strong></span> <span class='ocrx_word' id='word_1_583' title='bbox 2279 3156 2694 3213; x_wconf 87' lang='lat' dir='ltr'><strong>similitudinem</strong></span> <span class='ocrx_word' id='word_1_584' title='bbox 2716 3156 2946 3210; x_wconf 87' lang='lat' dir='ltr'><strong>reddat?</strong></span> <span class='ocrx_word' id='word_1_585' title='bbox 2971 3156 3239 3222; x_wconf 86' lang='lat' dir='ltr'><strong>Quoniam</strong></span> <span class='ocrx_word' id='word_1_586' title='bbox 3269 3158 3440 3212; x_wconf 88' lang='lat' dir='ltr'><strong>solem</strong></span> <span class='ocrx_word' id='word_1_587' title='bbox 3472 3174 3639 3212; x_wconf 89' lang='lat' dir='ltr'><strong>suum.</strong></span> 
     </span>
    </p>
   </div>
   <div class='ocr_carea' id='block_1_78' title="bbox 2061 3246 3636 3318">
    <p class='ocr_par' dir='ltr' id='par_1_78' title="bbox 2061 3246 3636 3318">
     <span class='ocr_line' id='line_1_78' title="bbox 2061 3246 3636 3318; baseline -0.001 -14"><span class='ocrx_word' id='word_1_588' title='bbox 2061 3249 2191 3304; x_wconf 91' lang='lat' dir='ltr'><strong>oriri</strong></span> <span class='ocrx_word' id='word_1_589' title='bbox 2228 3248 2356 3302; x_wconf 87' lang='lat' dir='ltr'><strong>facit</strong></span> <span class='ocrx_word' id='word_1_590' title='bbox 2388 3263 2551 3318; x_wconf 90' lang='lat' dir='ltr'><strong>super</strong></span> <span class='ocrx_word' id='word_1_591' title='bbox 2608 3247 2782 3302; x_wconf 85' lang='lat' dir='ltr'><strong>malos</strong></span> <span class='ocrx_word' id='word_1_592' title='bbox 2831 3255 2885 3301; x_wconf 87' lang='lat' dir='ltr'><strong>et</strong></span> <span class='ocrx_word' id='word_1_593' title='bbox 2928 3246 3127 3310; x_wconf 85' lang='lat' dir='ltr'><strong>bonos,</strong></span> <span class='ocrx_word' id='word_1_594' title='bbox 3179 3256 3232 3302; x_wconf 89' lang='lat' dir='ltr'><strong>et</strong></span> <span class='ocrx_word' id='word_1_595' title='bbox 3287 3247 3426 3317; x_wconf 89' lang='lat' dir='ltr'><strong>pluit</strong></span> <span class='ocrx_word' id='word_1_596' title='bbox 3471 3263 3636 3317; x_wconf 85' lang='lat' dir='ltr'><strong>super</strong></span> 
     </span>
    </p>
   </div>
   <div class='ocr_carea' id='block_1_79' title="bbox 2057 3337 3632 3410">
    <p class='ocr_par' dir='ltr' id='par_1_79' title="bbox 2057 3337 3632 3410">
     <span class='ocr_line' id='line_1_79' title="bbox 2057 3337 3632 3410; baseline -0.001 -18"><span class='ocrx_word' id='word_1_597' title='bbox 2057 3341 2236 3410; x_wconf 88' lang='lat' dir='ltr'><strong>justos</strong></span> <span class='ocrx_word' id='word_1_598' title='bbox 2256 3349 2310 3394; x_wconf 88' lang='lat' dir='ltr'><strong>et</strong></span> <span class='ocrx_word' id='word_1_599' title='bbox 2339 3339 2596 3408; x_wconf 88' lang='lat' dir='ltr'><strong>injustos.</strong></span> <span class='ocrx_word' id='word_1_600' title='bbox 2629 3337 2684 3390; x_wconf 90' lang='lat' dir='ltr'><strong>Si</strong></span> <span class='ocrx_word' id='word_1_601' title='bbox 2737 3337 2918 3392; x_wconf 89' lang='lat' dir='ltr'><strong>oderis</strong></span> <span class='ocrx_word' id='word_1_602' title='bbox 2944 3338 3173 3401; x_wconf 90' lang='lat' dir='ltr'><strong>scelera,</strong></span> <span class='ocrx_word' id='word_1_603' title='bbox 3223 3337 3269 3392; x_wconf 91' lang='lat' dir='ltr'><strong>si</strong></span> <span class='ocrx_word' id='word_1_604' title='bbox 3309 3337 3632 3407; x_wconf 87' lang='lat' dir='ltr'><strong>injuriarum</strong></span> 
     </span>
    </p>
   </div>
   <div class='ocr_carea' id='block_1_80' title="bbox 2061 3428 3635 3493">
    <p class='ocr_par' dir='ltr' id='par_1_80' title="bbox 2061 3428 3635 3493">
     <span class='ocr_line' id='line_1_80' title="bbox 2061 3428 3635 3493; baseline -0.001 -8"><span class='ocrx_word' id='word_1_605' title='bbox 2061 3432 2382 3486; x_wconf 90' lang='lat' dir='ltr'><strong>memoriam</strong></span> <span class='ocrx_word' id='word_1_606' title='bbox 2441 3430 2732 3492; x_wconf 86' lang='lat' dir='ltr'><strong>deleveris,</strong></span> <span class='ocrx_word' id='word_1_607' title='bbox 2784 3429 2832 3482; x_wconf 90' lang='lat' dir='ltr'><strong>si</strong></span> <span class='ocrx_word' id='word_1_608' title='bbox 2882 3428 3169 3483; x_wconf 90' lang='lat' dir='ltr'><strong>hesternas</strong></span> <span class='ocrx_word' id='word_1_609' title='bbox 3220 3429 3550 3493; x_wconf 89' lang='lat' dir='ltr'><strong>simultates,</strong></span> <span class='ocrx_word' id='word_1_610' title='bbox 3582 3438 3635 3483; x_wconf 81' lang='lat' dir='ltr'><strong>et</strong></span> 
     </span>
    </p>
   </div>
   <div class='ocr_carea' id='block_1_81' title="bbox 2062 3515 3642 3587">
    <p class='ocr_par' dir='ltr' id='par_1_81' title="bbox 2062 3515 3642 3587">
     <span class='ocr_line' id='line_1_81' title="bbox 2062 3515 3642 3587; baseline -0.003 -15"><span class='ocrx_word' id='word_1_611' title='bbox 2062 3521 2375 3574; x_wconf 82' lang='lat' dir='ltr'><strong>inimicitias</strong></span> <span class='ocrx_word' id='word_1_612' title='bbox 2418 3519 2693 3572; x_wconf 89' lang='lat' dir='ltr'><strong>oblivione</strong></span> <span class='ocrx_word' id='word_1_613' title='bbox 2729 3518 3035 3571; x_wconf 83' lang='lat' dir='ltr'><strong>voluntaria</strong></span> <span class='ocrx_word' id='word_1_614' title='bbox 3065 3518 3409 3587; x_wconf 89' lang='lat' dir='ltr'><strong>deposueris,</strong></span> <span class='ocrx_word' id='word_1_615' title='bbox 3444 3517 3488 3570; x_wconf 90' lang='lat' dir='ltr'><strong>si</strong></span> <span class='ocrx_word' id='word_1_616' title='bbox 3533 3515 3642 3569; x_wconf 60' lang='lat' dir='ltr'><strong>fras</strong></span> 
     </span>
    </p>
   </div>
   <div class='ocr_carea' id='block_1_82' title="bbox 2060 3609 3624 3676">
    <p class='ocr_par' dir='ltr' id='par_1_82' title="bbox 2060 3609 3624 3676">
     <span class='ocr_line' id='line_1_82' title="bbox 2060 3609 3624 3676; baseline -0.004 -11"><span class='ocrx_word' id='word_1_617' title='bbox 2060 3620 2198 3666; x_wconf 93' lang='lat' dir='ltr'><strong>trem</strong></span> <span class='ocrx_word' id='word_1_618' title='bbox 2230 3626 2436 3674; x_wconf 89' lang='lat' dir='ltr'><strong>amore,</strong></span> <span class='ocrx_word' id='word_1_619' title='bbox 2471 3609 2869 3672; x_wconf 86' lang='lat' dir='ltr'><strong>benevolentia,</strong></span> <span class='ocrx_word' id='word_1_620' title='bbox 2908 3609 3261 3676; x_wconf 82' lang='lat' dir='ltr'><strong>benignitate,</strong></span> <span class='ocrx_word' id='word_1_621' title='bbox 3311 3609 3624 3661; x_wconf 72' lang='lat' dir='ltr'><strong>misericor-</strong></span> 
     </span>
    </p>
   </div>
   <div class='ocr_carea' id='block_1_83' title="bbox 2063 3697 3634 3768">
    <p class='ocr_par' dir='ltr' id='par_1_83' title="bbox 2063 3697 3634 3768">
     <span class='ocr_line' id='line_1_83' title="bbox 2063 3697 3634 3768; baseline -0.001 -16"><span class='ocrx_word' id='word_1_622' title='bbox 2063 3701 2153 3752; x_wconf 82' lang='lat' dir='ltr'><strong>dia</strong></span> <span class='ocrx_word' id='word_1_623' title='bbox 2195 3713 2522 3768; x_wconf 72' lang='lat' dir='ltr'><strong>COIDPICXUS</strong></span> <span class='ocrx_word' id='word_1_624' title='bbox 2554 3698 2748 3760; x_wconf 86' lang='lat' dir='ltr'><strong>lueris,</strong></span> <span class='ocrx_word' id='word_1_625' title='bbox 2785 3697 2895 3750; x_wconf 87' lang='lat' dir='ltr'><strong>Deo</strong></span> <span class='ocrx_word' id='word_1_626' title='bbox 2922 3699 3120 3751; x_wconf 81' lang='lat' dir='ltr'><strong>similis</strong></span> <span class='ocrx_word' id='word_1_627' title='bbox 3155 3705 3376 3751; x_wconf 81' lang='lat' dir='ltr'><strong>evades.</strong></span> <span class='ocrx_word' id='word_1_628' title='bbox 3413 3698 3468 3749; x_wconf 89' lang='lat' dir='ltr'><strong>Si</strong></span> <span class='ocrx_word' id='word_1_629' title='bbox 3493 3701 3634 3765; x_wconf 68' lang='lat' dir='ltr'><strong>lltjttv</strong></span> 
     </span>
    </p>
   </div>
   <div class='ocr_carea' id='block_1_84' title="bbox 2063 3787 3629 3854">
    <p class='ocr_par' dir='ltr' id='par_1_84' title="bbox 2063 3787 3629 3854">
     <span class='ocr_line' id='line_1_84' title="bbox 2063 3787 3629 3854; baseline -0.001 -11"><span class='ocrx_word' id='word_1_630' title='bbox 2063 3791 2176 3846; x_wconf 90' lang='lat' dir='ltr'><strong>rias</strong></span> <span class='ocrx_word' id='word_1_631' title='bbox 2205 3807 2271 3845; x_wconf 86' lang='lat' dir='ltr'><strong>ex</strong></span> <span class='ocrx_word' id='word_1_632' title='bbox 2297 3791 2490 3844; x_wconf 86' lang='lat' dir='ltr'><strong>intimo</strong></span> <span class='ocrx_word' id='word_1_633' title='bbox 2516 3789 2682 3843; x_wconf 79' lang='lat' dir='ltr'><strong>cerde</strong></span> <span class='ocrx_word' id='word_1_634' title='bbox 2712 3788 3016 3854; x_wconf 87' lang='lat' dir='ltr'><strong>remiseris,</strong></span> <span class='ocrx_word' id='word_1_635' title='bbox 3049 3787 3159 3843; x_wconf 85' lang='lat' dir='ltr'><strong>Deo</strong></span> <span class='ocrx_word' id='word_1_636' title='bbox 3183 3789 3383 3844; x_wconf 86' lang='lat' dir='ltr'><strong>similis</strong></span> <span class='ocrx_word' id='word_1_637' title='bbox 3410 3789 3629 3844; x_wconf 79' lang='lat' dir='ltr'><strong>evades.</strong></span> 
     </span>
    </p>
   </div>
   <div class='ocr_carea' id='block_1_85' title="bbox 2065 3880 3633 3953">
    <p class='ocr_par' dir='ltr' id='par_1_85' title="bbox 2065 3880 3633 3953">
     <span class='ocr_line' id='line_1_85' title="bbox 2065 3880 3633 3953; baseline -0.002 -17"><span class='ocrx_word' id='word_1_638' title='bbox 2065 3884 2146 3947; x_wconf 88' lang='lat' dir='ltr'><strong>Si,</strong></span> <span class='ocrx_word' id='word_1_639' title='bbox 2182 3884 2361 3953; x_wconf 87' lang='lat' dir='ltr'><strong>qualis</strong></span> <span class='ocrx_word' id='word_1_640' title='bbox 2395 3890 2481 3937; x_wconf 87' lang='lat' dir='ltr'><strong>est</strong></span> <span class='ocrx_word' id='word_1_641' title='bbox 2515 3897 2644 3952; x_wconf 87' lang='lat' dir='ltr'><strong>erga</strong></span> <span class='ocrx_word' id='word_1_642' title='bbox 2691 3889 2744 3935; x_wconf 88' lang='lat' dir='ltr'><strong>te</strong></span> <span class='ocrx_word' id='word_1_643' title='bbox 2776 3890 3123 3950; x_wconf 88' lang='lat' dir='ltr'><strong>peccatorem</strong></span> <span class='ocrx_word' id='word_1_644' title='bbox 3155 3880 3319 3940; x_wconf 78' lang='lat' dir='ltr'><strong>Dens.</strong></span> <span class='ocrx_word' id='word_1_645' title='bbox 3375 3884 3532 3936; x_wconf 88' lang='lat' dir='ltr'><strong>talem</strong></span> <span class='ocrx_word' id='word_1_646' title='bbox 3581 3893 3633 3934; x_wconf 82' lang='lat' dir='ltr'><strong>te</strong></span> 
     </span>
    </p>
   </div>
   <div class='ocr_carea' id='block_1_86' title="bbox 2061 3972 3628 4045">
    <p class='ocr_par' dir='ltr' id='par_1_86' title="bbox 2061 3972 3628 4045">
     <span class='ocr_line' id='line_1_86' title="bbox 2061 3972 3628 4045; baseline -0.002 -16"><span class='ocrx_word' id='word_1_647' title='bbox 2061 3975 2364 4045; x_wconf 60' lang='lat' dir='ltr'><strong>praebueris</strong></span> <span class='ocrx_word' id='word_1_648' title='bbox 2406 3972 2743 4040; x_wconf 86' lang='lat' dir='ltr'><strong>delinquenti</strong></span> <span class='ocrx_word' id='word_1_649' title='bbox 2783 3972 2962 4035; x_wconf 87' lang='lat' dir='ltr'><strong>fratri,</strong></span> <span class='ocrx_word' id='word_1_650' title='bbox 3015 3980 3106 4025; x_wconf 84' lang='lat' dir='ltr'><strong>tua</strong></span> <span class='ocrx_word' id='word_1_651' title='bbox 3142 3988 3271 4043; x_wconf 89' lang='lat' dir='ltr'><strong>erga</strong></span> <span class='ocrx_word' id='word_1_652' title='bbox 3319 3976 3628 4043; x_wconf 81' lang='lat' dir='ltr'><strong>proximum</strong></span> 
     </span>
    </p>
   </div>
   <div class='ocr_carea' id='block_1_87' title="bbox 2061 4060 3631 4132">
    <p class='ocr_par' dir='ltr' id='par_1_87' title="bbox 2061 4060 3631 4132">
     <span class='ocr_line' id='line_1_87' title="bbox 2061 4060 3631 4132; baseline -0.002 -15"><span class='ocrx_word' id='word_1_653' title='bbox 2061 4073 2214 4118; x_wconf 91' lang='lat' dir='ltr'><strong>tuum</strong></span> <span class='ocrx_word' id='word_1_654' title='bbox 2248 4061 2630 4118; x_wconf 89' lang='lat' dir='ltr'><strong>misericordia</strong></span> <span class='ocrx_word' id='word_1_655' title='bbox 2666 4060 2778 4116; x_wconf 91' lang='lat' dir='ltr'><strong>Deo</strong></span> <span class='ocrx_word' id='word_1_656' title='bbox 2838 4061 3040 4117; x_wconf 87' lang='lat' dir='ltr'><strong>similis</strong></span> <span class='ocrx_word' id='word_1_657' title='bbox 3071 4062 3290 4116; x_wconf 86' lang='lat' dir='ltr'><strong>evades.</strong></span> <span class='ocrx_word' id='word_1_658' title='bbox 3330 4061 3507 4117; x_wconf 82' lang='lat' dir='ltr'><strong>Habes</strong></span> <span class='ocrx_word' id='word_1_659' title='bbox 3533 4063 3631 4132; x_wconf 87' lang='lat' dir='ltr'><strong>igi-</strong></span> 
     </span>
    </p>
   </div>
   <div class='ocr_carea' id='block_1_88' title="bbox 2061 4153 3627 4226">
    <p class='ocr_par' dir='ltr' id='par_1_88' title="bbox 2061 4153 3627 4226">
     <span class='ocr_line' id='line_1_88' title="bbox 2061 4153 3627 4226; baseline 0.001 -16"><span class='ocrx_word' id='word_1_660' title='bbox 2061 4166 2150 4210; x_wconf 80' lang='lat' dir='ltr'><strong>tur</strong></span> <span class='ocrx_word' id='word_1_661' title='bbox 2189 4156 2480 4226; x_wconf 80' lang='lat' dir='ltr'><strong>imaginem</strong></span> <span class='ocrx_word' id='word_1_662' title='bbox 2515 4171 2578 4208; x_wconf 82' lang='lat' dir='ltr'><strong>ex</strong></span> <span class='ocrx_word' id='word_1_663' title='bbox 2626 4170 2725 4218; x_wconf 91' lang='lat' dir='ltr'><strong>eo,</strong></span> <span class='ocrx_word' id='word_1_664' title='bbox 2770 4153 2916 4224; x_wconf 87' lang='lat' dir='ltr'><strong>quod</strong></span> <span class='ocrx_word' id='word_1_665' title='bbox 2979 4155 3210 4209; x_wconf 87' lang='lat' dir='ltr'><strong>rationis</strong></span> <span class='ocrx_word' id='word_1_666' title='bbox 3254 4171 3314 4209; x_wconf 90' lang='lat' dir='ltr'><strong>es</strong></span> <span class='ocrx_word' id='word_1_667' title='bbox 3367 4172 3627 4226; x_wconf 83' lang='lat' dir='ltr'><strong>compos;</strong></span> 
     </span>
    </p>
   </div>
   <div class='ocr_carea' id='block_1_89' title="bbox 2059 4246 3630 4316">
    <p class='ocr_par' dir='ltr' id='par_1_89' title="bbox 2059 4246 3630 4316">
     <span class='ocr_line' id='line_1_89' title="bbox 2059 4246 3630 4316; baseline -0.001 -13"><span class='ocrx_word' id='word_1_668' title='bbox 2059 4246 2471 4303; x_wconf 69' lang='lat' dir='ltr'><strong>similitudinem</strong></span> <span class='ocrx_word' id='word_1_669' title='bbox 2507 4256 2712 4308; x_wconf 89' lang='lat' dir='ltr'><strong>autem,</strong></span> <span class='ocrx_word' id='word_1_670' title='bbox 2741 4246 2870 4315; x_wconf 86' lang='lat' dir='ltr'><strong>quia</strong></span> <span class='ocrx_word' id='word_1_671' title='bbox 2894 4247 3172 4311; x_wconf 88' lang='lat' dir='ltr'><strong>virtutem,</strong></span> <span class='ocrx_word' id='word_1_672' title='bbox 3217 4247 3539 4316; x_wconf 90' lang='lat' dir='ltr'><strong>probitatem</strong></span> <span class='ocrx_word' id='word_1_673' title='bbox 3577 4257 3630 4302; x_wconf 90' lang='lat' dir='ltr'><strong>et</strong></span> 
     </span>
    </p>
   </div>
   <div class='ocr_carea' id='block_1_90' title="bbox 2060 4336 3630 4408">
    <p class='ocr_par' dir='ltr' id='par_1_90' title="bbox 2060 4336 3630 4408">
     <span class='ocr_line' id='line_1_90' title="bbox 2060 4336 3630 4408; baseline -0.001 -14"><span class='ocrx_word' id='word_1_674' title='bbox 2060 4340 2360 4394; x_wconf 88' lang='lat' dir='ltr'><strong>bonitatem</strong></span> <span class='ocrx_word' id='word_1_675' title='bbox 2390 4338 2742 4408; x_wconf 83' lang='lat' dir='ltr'><strong>amplexaris.</strong></span> <span class='ocrx_word' id='word_1_676' title='bbox 2772 4336 3005 4406; x_wconf 90' lang='lat' dir='ltr'><strong>Suscipe</strong></span> <span class='ocrx_word' id='word_1_677' title='bbox 3031 4337 3197 4407; x_wconf 81' lang='lat' dir='ltr'><strong>igitur</strong></span> <span class='ocrx_word' id='word_1_678' title='bbox 3221 4337 3432 4392; x_wconf 86' lang='lat' dir='ltr'><strong>viscera</strong></span> <span class='ocrx_word' id='word_1_679' title='bbox 3469 4339 3630 4392; x_wconf 86' lang='lat' dir='ltr'><strong>mise-</strong></span> 
     </span>
    </p>
   </div>
   <div class='ocr_carea' id='block_1_91' title="bbox 2058 4425 3623 4488">
    <p class='ocr_par' dir='ltr' id='par_1_91' title="bbox 2058 4425 3623 4488">
     <span class='ocr_line' id='line_1_91' title="bbox 2058 4425 3623 4488; baseline 0.001 -8"><span class='ocrx_word' id='word_1_680' title='bbox 2058 4426 2334 4485; x_wconf 67' lang='lat' dir='ltr'><strong>ricordiae,</strong></span> <span class='ocrx_word' id='word_1_681' title='bbox 2359 4425 2769 4479; x_wconf 87' lang='lat' dir='ltr'><strong>beneficentiam</strong></span> <span class='ocrx_word' id='word_1_682' title='bbox 2787 4442 3005 4488; x_wconf 85' lang='lat' dir='ltr'><strong>exerce,</strong></span> <span class='ocrx_word' id='word_1_683' title='bbox 3025 4435 3083 4479; x_wconf 93' lang='lat' dir='ltr'><strong>ut</strong></span> <span class='ocrx_word' id='word_1_684' title='bbox 3103 4426 3302 4481; x_wconf 88' lang='lat' dir='ltr'><strong>induas</strong></span> <span class='ocrx_word' id='word_1_685' title='bbox 3319 4427 3623 4482; x_wconf 77' lang='lat' dir='ltr'><strong>Christum.</strong></span> 
     </span>
    </p>
   </div>
   <div class='ocr_carea' id='block_1_92' title="bbox 379 4513 1955 4608">
    <p class='ocr_par' dir='ltr' id='par_1_92' title="bbox 379 4515 1950 4591">
     <span class='ocr_line' id='line_1_92' title="bbox 379 4515 1950 4591; baseline 0.006 -22"><span class='ocrx_word' id='word_1_686' title='bbox 379 4520 534 4572; x_wconf 80' lang='grc' dir='ltr'>κόνα.</span> <span class='ocrx_word' id='word_1_687' title='bbox 594 4537 612 4568; x_wconf 82' lang='grc' dir='ltr'><strong>ι</strong></span> <span class='ocrx_word' id='word_1_688' title='bbox 685 4519 833 4588; x_wconf 84' lang='grc' dir='ltr'><strong>Ἐχω</strong></span> <span class='ocrx_word' id='word_1_689' title='bbox 871 4515 965 4572; x_wconf 83' lang='grc' dir='ltr'><strong>οῦν</strong></span> <span class='ocrx_word' id='word_1_690' title='bbox 1020 4521 1076 4572; x_wconf 86' lang='grc' dir='ltr'>ὲν</span> <span class='ocrx_word' id='word_1_691' title='bbox 1125 4523 1189 4591; x_wconf 83' lang='grc' dir='ltr'>τῇ</span> <span class='ocrx_word' id='word_1_692' title='bbox 1245 4521 1418 4574; x_wconf 83' lang='grc' dir='ltr'>κτίσει</span> <span class='ocrx_word' id='word_1_693' title='bbox 1468 4523 1528 4575; x_wconf 85' lang='grc' dir='ltr'><strong>τὸ</strong></span> <span class='ocrx_word' id='word_1_694' title='bbox 1577 4525 1696 4577; x_wconf 81' lang='grc' dir='ltr'>κατ’</span> <span class='ocrx_word' id='word_1_695' title='bbox 1748 4527 1950 4580; x_wconf 87' lang='grc' dir='ltr'>εἰκόνα·</span> 
     </span>
    </p>
   </div>
   <div class='ocr_carea' id='block_1_93' title="bbox 2058 4513 3630 4608">
    <p class='ocr_par' dir='ltr' id='par_1_93' title="bbox 2059 4513 3630 4589">
     <span class='ocr_line' id='line_1_93' title="bbox 2059 4513 3630 4589; baseline 0.002 -20"><span class='ocrx_word' id='word_1_696' title='bbox 2059 4517 2161 4572; x_wconf 82' lang='lat' dir='ltr'><strong>Per</strong></span> <span class='ocrx_word' id='word_1_697' title='bbox 2186 4533 2327 4588; x_wconf 91' lang='lat' dir='ltr'><strong>quos</strong></span> <span class='ocrx_word' id='word_1_698' title='bbox 2359 4517 2504 4572; x_wconf 86' lang='lat' dir='ltr'><strong>enim</strong></span> <span class='ocrx_word' id='word_1_699' title='bbox 2541 4517 2862 4571; x_wconf 85' lang='lat' dir='ltr'><strong>misericors</strong></span> <span class='ocrx_word' id='word_1_700' title='bbox 2909 4527 2963 4572; x_wconf 91' lang='lat' dir='ltr'><strong>et</strong></span> <span class='ocrx_word' id='word_1_701' title='bbox 2996 4513 3267 4588; x_wconf 86' lang='lat' dir='ltr'><strong>benignus</strong></span> <span class='ocrx_word' id='word_1_702' title='bbox 3297 4534 3383 4581; x_wconf 89' lang='lat' dir='ltr'><strong>es,</strong></span> <span class='ocrx_word' id='word_1_703' title='bbox 3416 4534 3511 4589; x_wconf 83' lang='lat' dir='ltr'><strong>per</strong></span> <span class='ocrx_word' id='word_1_704' title='bbox 3533 4534 3630 4573; x_wconf 87' lang='lat' dir='ltr'><strong>eos</strong></span> 
     </span>
    </p>
   </div>
   <div class='ocr_carea' id='block_1_94' title="bbox 380 4608 1955 4683">
    <p class='ocr_par' dir='ltr' id='par_1_94' title="bbox 380 4609 1954 4683">
     <span class='ocr_line' id='line_1_94' title="bbox 380 4609 1954 4683; baseline 0.007 -23"><span class='ocrx_word' id='word_1_705' title='bbox 380 4610 604 4678; x_wconf 73' lang='grc' dir='ltr'>γίνομαι</span> <span class='ocrx_word' id='word_1_706' title='bbox 645 4609 702 4661; x_wconf 81' lang='grc' dir='ltr'>δὲ</span> <span class='ocrx_word' id='word_1_707' title='bbox 757 4613 824 4680; x_wconf 84' lang='grc' dir='ltr'>τῇ</span> <span class='ocrx_word' id='word_1_708' title='bbox 859 4610 1150 4680; x_wconf 87' lang='grc' dir='ltr'>προθέσει,</span> <span class='ocrx_word' id='word_1_709' title='bbox 1204 4614 1297 4664; x_wconf 79' lang='grc' dir='ltr'><strong>καὶ</strong></span> <span class='ocrx_word' id='word_1_710' title='bbox 1351 4613 1472 4665; x_wconf 84' lang='grc' dir='ltr'>καθ’</span> <span class='ocrx_word' id='word_1_711' title='bbox 1516 4615 1796 4683; x_wconf 81' lang='grc' dir='ltr'>ὁμοίωσιν.</span> <span class='ocrx_word' id='word_1_712' title='bbox 1844 4619 1954 4672; x_wconf 87' lang='grc' dir='ltr'><strong>Ποῦ</strong></span> 
     </span>
    </p>
   </div>
   <div class='ocr_carea' id='block_1_95' title="bbox 2058 4608 3626 4683">
    <p class='ocr_par' dir='ltr' id='par_1_95' title="bbox 2058 4608 3626 4678">
     <span class='ocr_line' id='line_1_95' title="bbox 2058 4608 3626 4678; baseline -0.002 -14"><span class='ocrx_word' id='word_1_713' title='bbox 2058 4611 2339 4664; x_wconf 85' lang='lat' dir='ltr'><strong>Christum</strong></span> <span class='ocrx_word' id='word_1_714' title='bbox 2381 4608 2588 4670; x_wconf 84' lang='lat' dir='ltr'><strong>induis,</strong></span> <span class='ocrx_word' id='word_1_715' title='bbox 2619 4609 2934 4678; x_wconf 86' lang='lat' dir='ltr'><strong>Christique</strong></span> <span class='ocrx_word' id='word_1_716' title='bbox 2966 4609 3377 4665; x_wconf 88' lang='lat' dir='ltr'><strong>necessitudine</strong></span> <span class='ocrx_word' id='word_1_717' title='bbox 3407 4617 3461 4664; x_wconf 90' lang='lat' dir='ltr'><strong>et</strong></span> <span class='ocrx_word' id='word_1_718' title='bbox 3493 4626 3626 4664; x_wconf 87' lang='lat' dir='ltr'><strong>con-</strong></span> 
     </span>
    </p>
   </div>
   <div class='ocr_carea' id='block_1_96' title="bbox 379 4696 1955 4773">
    <p class='ocr_par' dir='ltr' id='par_1_96' title="bbox 379 4696 1955 4773">
     <span class='ocr_line' id='line_1_96' title="bbox 379 4696 1955 4773; baseline 0.004 -24"><span class='ocrx_word' id='word_1_719' title='bbox 379 4715 479 4750; x_wconf 89' lang='grc' dir='ltr'><strong>σου</strong></span> <span class='ocrx_word' id='word_1_720' title='bbox 543 4698 577 4766; x_wconf 81' lang='grc' dir='ltr'><strong>ἡ</strong></span> <span class='ocrx_word' id='word_1_721' title='bbox 644 4697 838 4767; x_wconf 83' lang='grc' dir='ltr'>χάρις;</span> <span class='ocrx_word' id='word_1_722' title='bbox 897 4696 984 4750; x_wconf 81' lang='grc' dir='ltr'>διὰ</span> <span class='ocrx_word' id='word_1_723' title='bbox 1035 4696 1088 4749; x_wconf 86' lang='grc' dir='ltr'><strong>τί</strong></span> <span class='ocrx_word' id='word_1_724' title='bbox 1150 4698 1214 4750; x_wconf 80' lang='grc' dir='ltr'><strong>σὺ</strong></span> <span class='ocrx_word' id='word_1_725' title='bbox 1264 4700 1591 4767; x_wconf 73' lang='grc' dir='ltr'>ὲστεφανοῦς</span> <span class='ocrx_word' id='word_1_726' title='bbox 1658 4702 1718 4755; x_wconf 75' lang='grc' dir='ltr'>Εἰ</span> <span class='ocrx_word' id='word_1_727' title='bbox 1765 4703 1870 4773; x_wconf 80' lang='grc' dir='ltr'>γὰρ</span> <span class='ocrx_word' id='word_1_728' title='bbox 1930 4706 1955 4756; x_wconf 88' lang='lat'><strong>6</strong></span> 
     </span>
    </p>
   </div>
   <div class='ocr_carea' id='block_1_97' title="bbox 2058 4696 3626 4773">
    <p class='ocr_par' dir='ltr' id='par_1_97' title="bbox 2058 4700 3626 4770">
     <span class='ocr_line' id='line_1_97' title="bbox 2058 4700 3626 4770; baseline -0.002 -16"><span class='ocrx_word' id='word_1_729' title='bbox 2058 4702 2337 4770; x_wconf 82' lang='lat' dir='ltr'><strong>iunctione</strong></span> <span class='ocrx_word' id='word_1_730' title='bbox 2368 4716 2493 4754; x_wconf 91' lang='lat' dir='ltr'><strong>cum</strong></span> <span class='ocrx_word' id='word_1_731' title='bbox 2537 4700 2647 4754; x_wconf 86' lang='lat' dir='ltr'><strong>Deo</strong></span> <span class='ocrx_word' id='word_1_732' title='bbox 2694 4700 3048 4769; x_wconf 83' lang='lat' dir='ltr'><strong>conjungeris</strong></span> <span class='ocrx_word' id='word_1_733' title='bbox 3080 4716 3144 4754; x_wconf 85' lang='lat' dir='ltr'><strong>ac</strong></span> <span class='ocrx_word' id='word_1_734' title='bbox 3177 4701 3496 4756; x_wconf 87' lang='lat' dir='ltr'><strong>devinciris.</strong></span> <span class='ocrx_word' id='word_1_735' title='bbox 3527 4701 3626 4756; x_wconf 71' lang='lat' dir='ltr'><strong>At-</strong></span> 
     </span>
    </p>
   </div>
   <div class='ocr_carea' id='block_1_98' title="bbox 376 4788 1955 4862">
    <p class='ocr_par' dir='ltr' id='par_1_98' title="bbox 376 4788 1955 4861">
     <span class='ocr_line' id='line_1_98' title="bbox 376 4788 1955 4861; baseline 0.004 -22"><span class='ocrx_word' id='word_1_736' title='bbox 376 4789 722 4858; x_wconf 80' lang='grc' dir='ltr'>Δημιουργὸς</span> <span class='ocrx_word' id='word_1_737' title='bbox 750 4788 808 4840; x_wconf 91' lang='grc' dir='ltr'><strong>τὸ</strong></span> <span class='ocrx_word' id='word_1_738' title='bbox 834 4788 952 4840; x_wconf 83' lang='grc' dir='ltr'>ὅλον</span> <span class='ocrx_word' id='word_1_739' title='bbox 981 4788 1226 4841; x_wconf 81' lang='grc' dir='ltr'>ἀπέδωκε</span> <span class='ocrx_word' id='word_1_740' title='bbox 1251 4830 1265 4853; x_wconf 93' lang='grc'><strong>,</strong></span> <span class='ocrx_word' id='word_1_741' title='bbox 1295 4789 1409 4852; x_wconf 85' lang='grc' dir='ltr'><strong>πῶς</strong></span> <span class='ocrx_word' id='word_1_742' title='bbox 1440 4791 1504 4844; x_wconf 78' lang='grc' dir='ltr'>ἄν</span> <span class='ocrx_word' id='word_1_743' title='bbox 1539 4809 1619 4843; x_wconf 88' lang='grc' dir='ltr'><strong>σοι</strong></span> <span class='ocrx_word' id='word_1_744' title='bbox 1649 4793 1681 4861; x_wconf 77' lang='grc' dir='ltr'>ἡ</span> <span class='ocrx_word' id='word_1_745' title='bbox 1712 4792 1955 4860; x_wconf 84' lang='grc' dir='ltr'>βασιλεία</span> 
     </span>
    </p>
   </div>
   <div class='ocr_carea' id='block_1_99' title="bbox 2058 4788 3632 4862">
    <p class='ocr_par' dir='ltr' id='par_1_99' title="bbox 2058 4792 3632 4862">
     <span class='ocr_line' id='line_1_99' title="bbox 2058 4792 3632 4862; baseline 0 -18"><span class='ocrx_word' id='word_1_746' title='bbox 2058 4810 2164 4862; x_wconf 86' lang='lat' dir='ltr'><strong>que</strong></span> <span class='ocrx_word' id='word_1_747' title='bbox 2204 4793 2308 4846; x_wconf 90' lang='lat' dir='ltr'><strong>hoc</strong></span> <span class='ocrx_word' id='word_1_748' title='bbox 2345 4793 2506 4846; x_wconf 92' lang='lat' dir='ltr'><strong>modo</strong></span> <span class='ocrx_word' id='word_1_749' title='bbox 2534 4792 2763 4846; x_wconf 86' lang='lat' dir='ltr'><strong>historia</strong></span> <span class='ocrx_word' id='word_1_750' title='bbox 2795 4799 2878 4846; x_wconf 90' lang='lat' dir='ltr'><strong>est</strong></span> <span class='ocrx_word' id='word_1_751' title='bbox 2913 4792 3166 4846; x_wconf 78' lang='lat' dir='ltr'><strong>humanze</strong></span> <span class='ocrx_word' id='word_1_752' title='bbox 3197 4793 3320 4847; x_wconf 72' lang='lat' dir='ltr'><strong>vita:</strong></span> <span class='ocrx_word' id='word_1_753' title='bbox 3353 4792 3632 4848; x_wconf 79' lang='lat' dir='ltr'><strong>institutio.</strong></span> 
     </span>
    </p>
   </div>
   <div class='ocr_carea' id='block_1_100' title="bbox 377 4879 1955 4954">
    <p class='ocr_par' dir='ltr' id='par_1_100' title="bbox 377 4879 1955 4953">
     <span class='ocr_line' id='line_1_100' title="bbox 377 4879 1955 4953; baseline 0.003 -23"><span class='ocrx_word' id='word_1_754' title='bbox 377 4881 490 4930; x_wconf 89' lang='grc' dir='ltr'><strong>τῶν</strong></span> <span class='ocrx_word' id='word_1_755' title='bbox 525 4879 769 4950; x_wconf 81' lang='grc' dir='ltr'>οὐρανῶν</span> <span class='ocrx_word' id='word_1_756' title='bbox 811 4880 1090 4949; x_wconf 79' lang='grc' dir='ltr'>ἡνοίγετο;</span> <span class='ocrx_word' id='word_1_757' title='bbox 1135 4880 1250 4933; x_wconf 87' lang='grc' dir='ltr'>Νῦν</span> <span class='ocrx_word' id='word_1_758' title='bbox 1289 4880 1344 4932; x_wconf 80' lang='grc' dir='ltr'>δὲ</span> <span class='ocrx_word' id='word_1_759' title='bbox 1388 4881 1452 4934; x_wconf 88' lang='grc' dir='ltr'><strong>τὸ</strong></span> <span class='ocrx_word' id='word_1_760' title='bbox 1486 4883 1582 4952; x_wconf 89' lang='grc' dir='ltr'>μὲν</span> <span class='ocrx_word' id='word_1_761' title='bbox 1615 4882 1856 4953; x_wconf 85' lang='grc' dir='ltr'>ὲδόθη,τὸ</span> <span class='ocrx_word' id='word_1_762' title='bbox 1901 4883 1955 4935; x_wconf 84' lang='grc' dir='ltr'>δὲ</span> 
     </span>
    </p>
   </div>
   <div class='ocr_carea' id='block_1_101' title="bbox 2058 4879 3622 4954">
    <p class='ocr_par' dir='ltr' id='par_1_101' title="bbox 2058 4881 3622 4954">
     <span class='ocr_line' id='line_1_101' title="bbox 2058 4881 3622 4954; baseline -0.001 -16"><span class='ocrx_word' id='word_1_763' title='bbox 2058 4895 2219 4954; x_wconf 85' lang='lat' dir='ltr'><strong>atque</strong></span> <span class='ocrx_word' id='word_1_764' title='bbox 2255 4884 2590 4937; x_wconf 86' lang='lat' dir='ltr'><strong>informatio.</strong></span> <span class='ocrx_word' id='word_1_765' title='bbox 2627 4901 2645 4934; x_wconf 84' lang='grc' dir='ltr'>ι</span> <span class='ocrx_word' id='word_1_766' title='bbox 2686 4881 2981 4937; x_wconf 82' lang='lat' dir='ltr'><strong>Faciamus</strong></span> <span class='ocrx_word' id='word_1_767' title='bbox 3011 4883 3285 4938; x_wconf 90' lang='lat' dir='ltr'><strong>hominem</strong></span> <span class='ocrx_word' id='word_1_768' title='bbox 3315 4883 3382 4937; x_wconf 91' lang='lat' dir='ltr'><strong>ad</strong></span> <span class='ocrx_word' id='word_1_769' title='bbox 3428 4884 3622 4954; x_wconf 88' lang='lat' dir='ltr'><strong>imagi-</strong></span> 
     </span>
    </p>
   </div>
   <div class='ocr_carea' id='block_1_102' title="bbox 379 4969 1955 5041">
    <p class='ocr_par' dir='ltr' id='par_1_102' title="bbox 379 4969 1953 5041">
     <span class='ocr_line' id='line_1_102' title="bbox 379 4969 1953 5041; baseline 0.003 -19"><span class='ocrx_word' id='word_1_770' title='bbox 379 4969 572 5032; x_wconf 80' lang='grc' dir='ltr'>ἀτελὲς</span> <span class='ocrx_word' id='word_1_771' title='bbox 622 4969 981 5041; x_wconf 88' lang='grc' dir='ltr'>κατελείφθη·</span> <span class='ocrx_word' id='word_1_772' title='bbox 1033 4971 1118 5023; x_wconf 83' lang='grc' dir='ltr'><strong>ἵνα</strong></span> <span class='ocrx_word' id='word_1_773' title='bbox 1171 4972 1394 5024; x_wconf 86' lang='grc' dir='ltr'>σεαυτὸν</span> <span class='ocrx_word' id='word_1_774' title='bbox 1444 4973 1761 5039; x_wconf 88' lang='grc' dir='ltr'>τελειώσας,</span> <span class='ocrx_word' id='word_1_775' title='bbox 1812 4973 1953 5040; x_wconf 67' lang='grc' dir='ltr'>ἄξιος</span> 
     </span>
    </p>
   </div>
   <div class='ocr_carea' id='block_1_103' title="bbox 2058 4969 3622 5041">
    <p class='ocr_par' dir='ltr' id='par_1_103' title="bbox 2058 4973 3622 5036">
     <span class='ocr_line' id='line_1_103' title="bbox 2058 4973 3622 5036; baseline -0.002 -7"><span class='ocrx_word' id='word_1_776' title='bbox 2058 4991 2199 5030; x_wconf 89' lang='lat' dir='ltr'><strong>nem.</strong></span> <span class='ocrx_word' id='word_1_777' title='bbox 2229 4994 2246 5025; x_wconf 82' lang='grc' dir='ltr'><strong>ι</strong></span> <span class='ocrx_word' id='word_1_778' title='bbox 2279 4973 2450 5029; x_wconf 86' lang='lat' dir='ltr'><strong>Habet.</strong></span> <span class='ocrx_word' id='word_1_779' title='bbox 2476 4976 2640 5027; x_wconf 89' lang='lat' dir='ltr'><strong>homo</strong></span> <span class='ocrx_word' id='word_1_780' title='bbox 2689 4975 2744 5027; x_wconf 91' lang='lat' dir='ltr'><strong>in</strong></span> <span class='ocrx_word' id='word_1_781' title='bbox 2769 4973 3049 5028; x_wconf 87' lang='lat' dir='ltr'><strong>creatione</strong></span> <span class='ocrx_word' id='word_1_782' title='bbox 3081 4989 3204 5036; x_wconf 86' lang='lat' dir='ltr'><strong>sua,</strong></span> <span class='ocrx_word' id='word_1_783' title='bbox 3227 4983 3283 5028; x_wconf 94' lang='lat' dir='ltr'><strong>ut</strong></span> <span class='ocrx_word' id='word_1_784' title='bbox 3309 4975 3380 5029; x_wconf 90' lang='lat' dir='ltr'><strong>sit</strong></span> <span class='ocrx_word' id='word_1_785' title='bbox 3400 4975 3463 5027; x_wconf 88' lang='lat' dir='ltr'><strong>ad</strong></span> <span class='ocrx_word' id='word_1_786' title='bbox 3486 4975 3622 5027; x_wconf 84' lang='lat' dir='ltr'><strong>ima-</strong></span> 
     </span>
    </p>
   </div>
   <div class='ocr_carea' id='block_1_104' title="bbox 378 5060 1955 5136">
    <p class='ocr_par' dir='ltr' id='par_1_104' title="bbox 378 5061 1579 5131">
     <span class='ocr_line' id='line_1_104' title="bbox 378 5061 1579 5131; baseline 0.002 -18"><span class='ocrx_word' id='word_1_787' title='bbox 378 5062 514 5131; x_wconf 80' lang='grc' dir='ltr'>γένῃ</span> <span class='ocrx_word' id='word_1_788' title='bbox 539 5061 638 5131; x_wconf 83' lang='grc' dir='ltr'>τῆς</span> <span class='ocrx_word' id='word_1_789' title='bbox 671 5061 822 5131; x_wconf 83' lang='grc' dir='ltr'>παρὰ</span> <span class='ocrx_word' id='word_1_790' title='bbox 855 5061 950 5114; x_wconf 88' lang='grc' dir='ltr'><strong>τοῦ</strong></span> <span class='ocrx_word' id='word_1_791' title='bbox 977 5061 1110 5113; x_wconf 90' lang='grc' dir='ltr'>Θεοῦ</span> <span class='ocrx_word' id='word_1_792' title='bbox 1146 5062 1579 5130; x_wconf 86' lang='grc' dir='ltr'>μισθαποδοσίας.</span> 
     </span>
    </p>
   </div>
   <div class='ocr_carea' id='block_1_105' title="bbox 2058 5060 3623 5136">
    <p class='ocr_par' dir='ltr' id='par_1_105' title="bbox 2058 5060 3623 5136">
     <span class='ocr_line' id='line_1_105' title="bbox 2058 5060 3623 5136; baseline -0.002 -18"><span class='ocrx_word' id='word_1_793' title='bbox 2058 5065 2257 5136; x_wconf 80' lang='lat' dir='ltr'><strong>ginem,</strong></span> <span class='ocrx_word' id='word_1_794' title='bbox 2280 5063 2370 5116; x_wconf 81' lang='lat' dir='ltr'><strong>fiat</strong></span> <span class='ocrx_word' id='word_1_795' title='bbox 2396 5065 2460 5116; x_wconf 85' lang='lat' dir='ltr'><strong>ad</strong></span> <span class='ocrx_word' id='word_1_796' title='bbox 2487 5063 2921 5117; x_wconf 89' lang='lat' dir='ltr'><strong>similitudinem.</strong></span> <span class='ocrx_word' id='word_1_797' title='bbox 2943 5061 3044 5117; x_wconf 84' lang='lat' dir='ltr'><strong>Ubi</strong></span> <span class='ocrx_word' id='word_1_798' title='bbox 3065 5063 3160 5117; x_wconf 90' lang='lat' dir='ltr'><strong>tibi</strong></span> <span class='ocrx_word' id='word_1_799' title='bbox 3190 5063 3401 5132; x_wconf 29' lang='lat' dir='ltr'><strong>gratia?!</strong></span> <span class='ocrx_word' id='word_1_800' title='bbox 3420 5060 3623 5127; x_wconf 80' lang='lat' dir='ltr'><strong>Quam-</strong></span> 
     </span>
    </p>
   </div>
   <div class='ocr_carea' id='block_1_106' title="bbox 369 5151 3616 5229">
    <p class='ocr_par' dir='ltr' id='par_1_106' title="bbox 369 5151 3616 5229">
     <span class='ocr_line' id='line_1_106' title="bbox 369 5151 3616 5229; baseline 0 -23"><span class='ocrx_word' id='word_1_801' title='bbox 369 5155 562 5208; x_wconf 82' lang='lat' dir='ltr'><strong>obrem</strong></span> <span class='ocrx_word' id='word_1_802' title='bbox 609 5153 939 5208; x_wconf 84' lang='lat' dir='ltr'><strong>coronaris?</strong></span> <span class='ocrx_word' id='word_1_803' title='bbox 980 5151 1038 5208; x_wconf 90' lang='lat' dir='ltr'><strong>Si</strong></span> <span class='ocrx_word' id='word_1_804' title='bbox 1073 5152 1304 5210; x_wconf 87' lang='lat' dir='ltr'><strong>Creator</strong></span> <span class='ocrx_word' id='word_1_805' title='bbox 1343 5154 1528 5209; x_wconf 90' lang='lat' dir='ltr'><strong>omnia</strong></span> <span class='ocrx_word' id='word_1_806' title='bbox 1559 5155 1729 5216; x_wconf 89' lang='lat' dir='ltr'><strong>dedit,</strong></span> <span class='ocrx_word' id='word_1_807' title='bbox 1771 5158 2052 5225; x_wconf 88' lang='lat' dir='ltr'><strong>quomodo</strong></span> <span class='ocrx_word' id='word_1_808' title='bbox 2086 5159 2184 5212; x_wconf 86' lang='lat' dir='ltr'><strong>tibi</strong></span> <span class='ocrx_word' id='word_1_809' title='bbox 2227 5166 2372 5229; x_wconf 87' lang='lat' dir='ltr'><strong>patet</strong></span> <span class='ocrx_word' id='word_1_810' title='bbox 2397 5171 2658 5210; x_wconf 88' lang='lat' dir='ltr'><strong>ascensus</strong></span> <span class='ocrx_word' id='word_1_811' title='bbox 2690 5157 2742 5209; x_wconf 93' lang='lat' dir='ltr'><strong>in</strong></span> <span class='ocrx_word' id='word_1_812' title='bbox 2772 5156 3017 5210; x_wconf 72' lang='lat' dir='ltr'><strong>cmlum?</strong></span> <span class='ocrx_word' id='word_1_813' title='bbox 3047 5155 3225 5210; x_wconf 86' lang='lat' dir='ltr'><strong>Unum</strong></span> <span class='ocrx_word' id='word_1_814' title='bbox 3253 5155 3418 5226; x_wconf 79' lang='lat' dir='ltr'><strong>igitur</strong></span> <span class='ocrx_word' id='word_1_815' title='bbox 3447 5154 3616 5215; x_wconf 80' lang='lat' dir='ltr'><strong>dedit.</strong></span> 
     </span>
    </p>
   </div>
   <div class='ocr_carea' id='block_1_107' title="bbox 366 5245 3615 5322">
    <p class='ocr_par' dir='ltr' id='par_1_107' title="bbox 366 5245 3615 5322">
     <span class='ocr_line' id='line_1_107' title="bbox 366 5245 3615 5322; baseline 0.001 -24"><span class='ocrx_word' id='word_1_816' title='bbox 366 5247 605 5299; x_wconf 70' lang='lat' dir='ltr'><strong>alterum</strong></span> <span class='ocrx_word' id='word_1_817' title='bbox 640 5246 954 5300; x_wconf 87' lang='lat' dir='ltr'><strong>inchoatum</strong></span> <span class='ocrx_word' id='word_1_818' title='bbox 974 5247 1220 5316; x_wconf 78' lang='lat' dir='ltr'><strong>reliquit,</strong></span> <span class='ocrx_word' id='word_1_819' title='bbox 1240 5255 1298 5301; x_wconf 91' lang='lat' dir='ltr'><strong>ut</strong></span> <span class='ocrx_word' id='word_1_820' title='bbox 1317 5257 1368 5304; x_wconf 89' lang='lat' dir='ltr'><strong>te</strong></span> <span class='ocrx_word' id='word_1_821' title='bbox 1397 5250 1514 5318; x_wconf 86' lang='lat' dir='ltr'><strong>ipse</strong></span> <span class='ocrx_word' id='word_1_822' title='bbox 1544 5245 1834 5318; x_wconf 86' lang='lat' dir='ltr'><strong>perliciens</strong></span> <span class='ocrx_word' id='word_1_823' title='bbox 1861 5250 2060 5322; x_wconf 87' lang='lat' dir='ltr'><strong>dignus</strong></span> <span class='ocrx_word' id='word_1_824' title='bbox 2079 5253 2198 5313; x_wconf 84' lang='lat' dir='ltr'><strong>tias,</strong></span> <span class='ocrx_word' id='word_1_825' title='bbox 2224 5251 2316 5321; x_wconf 88' lang='lat' dir='ltr'><strong>qui</strong></span> <span class='ocrx_word' id='word_1_826' title='bbox 2359 5265 2387 5302; x_wconf 92' lang='lat' dir='ltr'><strong>a</strong></span> <span class='ocrx_word' id='word_1_827' title='bbox 2414 5248 2524 5303; x_wconf 91' lang='lat' dir='ltr'><strong>Deo</strong></span> <span class='ocrx_word' id='word_1_828' title='bbox 2540 5249 2818 5320; x_wconf 68' lang='lat' dir='ltr'><strong>prmmium</strong></span> <span class='ocrx_word' id='word_1_829' title='bbox 2843 5257 2895 5304; x_wconf 89' lang='lat' dir='ltr'><strong>et</strong></span> <span class='ocrx_word' id='word_1_830' title='bbox 2914 5249 3218 5305; x_wconf 82' lang='lat' dir='ltr'><strong>mercedem</strong></span> <span class='ocrx_word' id='word_1_831' title='bbox 3241 5248 3615 5317; x_wconf 80' lang='lat' dir='ltr'><strong>consequaris.</strong></span> 
     </span>
    </p>
   </div>
   <div class='ocr_carea' id='block_1_108' title="bbox 437 5335 1955 5412">
    <p class='ocr_par' dir='ltr' id='par_1_108' title="bbox 437 5339 1934 5412">
     <span class='ocr_line' id='line_1_108' title="bbox 437 5339 1934 5412; baseline -0.003 -16"><span class='ocrx_word' id='word_1_832' title='bbox 437 5343 562 5407; x_wconf 91' lang='grc' dir='ltr'><strong>Πῶς</strong></span> <span class='ocrx_word' id='word_1_833' title='bbox 592 5339 684 5396; x_wconf 90' lang='grc' dir='ltr'><strong>οῦν</strong></span> <span class='ocrx_word' id='word_1_834' title='bbox 715 5342 976 5412; x_wconf 86' lang='grc' dir='ltr'>γινόμεθα</span> <span class='ocrx_word' id='word_1_835' title='bbox 1003 5342 1125 5396; x_wconf 85' lang='grc' dir='ltr'>καθ’</span> <span class='ocrx_word' id='word_1_836' title='bbox 1172 5340 1459 5410; x_wconf 83' lang='grc' dir='ltr'>ὁμοίωσιν;</span> <span class='ocrx_word' id='word_1_837' title='bbox 1491 5339 1590 5392; x_wconf 83' lang='grc' dir='ltr'><strong>Διὰ</strong></span> <span class='ocrx_word' id='word_1_838' title='bbox 1621 5339 1728 5392; x_wconf 90' lang='grc' dir='ltr'><strong>τῶν</strong></span> <span class='ocrx_word' id='word_1_839' title='bbox 1757 5340 1934 5407; x_wconf 79' lang='grc' dir='ltr'>Εὐαγ-</span> 
     </span>
    </p>
   </div>
   <div class='ocr_carea' id='block_1_109' title="bbox 2058 5335 3610 5412">
    <p class='ocr_par' dir='ltr' id='par_1_109' title="bbox 2112 5335 3610 5412">
     <span class='ocr_line' id='line_1_109' title="bbox 2112 5335 3610 5412; baseline -0.006 -13"><span class='ocrx_word' id='word_1_840' title='bbox 2112 5343 2396 5411; x_wconf 84' lang='lat' dir='ltr'><strong>Quomodo</strong></span> <span class='ocrx_word' id='word_1_841' title='bbox 2433 5343 2593 5412; x_wconf 82' lang='lat' dir='ltr'><strong>igitur</strong></span> <span class='ocrx_word' id='word_1_842' title='bbox 2625 5343 2691 5394; x_wconf 84' lang='lat' dir='ltr'><strong>ad</strong></span> <span class='ocrx_word' id='word_1_843' title='bbox 2731 5339 3149 5395; x_wconf 86' lang='lat' dir='ltr'><strong>similitudinem</strong></span> <span class='ocrx_word' id='word_1_844' title='bbox 3180 5335 3478 5391; x_wconf 82' lang='lat' dir='ltr'><strong>ellicimnr?</strong></span> <span class='ocrx_word' id='word_1_845' title='bbox 3506 5336 3610 5390; x_wconf 80' lang='lat' dir='ltr'><strong>Per</strong></span> 
     </span>
    </p>
   </div>
   <div class='ocr_carea' id='block_1_110' title="bbox 358 5427 1955 5504">
    <p class='ocr_par' dir='ltr' id='par_1_110' title="bbox 358 5429 1937 5504">
     <span class='ocr_line' id='line_1_110' title="bbox 358 5429 1937 5504; baseline -0.004 -16"><span class='ocrx_word' id='word_1_846' title='bbox 358 5437 581 5504; x_wconf 81' lang='grc' dir='ltr'>γελίων.</span> <span class='ocrx_word' id='word_1_847' title='bbox 607 5435 669 5486; x_wconf 87' lang='grc' dir='ltr'>Τί</span> <span class='ocrx_word' id='word_1_848' title='bbox 695 5436 811 5486; x_wconf 83' lang='grc' dir='ltr'>ἐστι</span> <span class='ocrx_word' id='word_1_849' title='bbox 837 5430 1261 5503; x_wconf 78' lang='grc' dir='ltr'>Χριστιανισμός</span> <span class='ocrx_word' id='word_1_850' title='bbox 1286 5447 1299 5494; x_wconf 89' lang='grc'><strong>;</strong></span> <span class='ocrx_word' id='word_1_851' title='bbox 1338 5430 1472 5482; x_wconf 88' lang='grc' dir='ltr'>Θεοῦ</span> <span class='ocrx_word' id='word_1_852' title='bbox 1505 5431 1765 5500; x_wconf 85' lang='grc' dir='ltr'>ὁμοίωσις</span> <span class='ocrx_word' id='word_1_853' title='bbox 1796 5429 1937 5482; x_wconf 83' lang='grc' dir='ltr'>κατὰ</span> 
     </span>
    </p>
   </div>
   <div class='ocr_carea' id='block_1_111' title="bbox 2058 5427 3600 5504">
    <p class='ocr_par' dir='ltr' id='par_1_111' title="bbox 2058 5427 3600 5504">
     <span class='ocr_line' id='line_1_111' title="bbox 2058 5427 3600 5504; baseline -0.008 -14"><span class='ocrx_word' id='word_1_854' title='bbox 2058 5435 2417 5504; x_wconf 80' lang='lat' dir='ltr'><strong>Evangelium.</strong></span> <span class='ocrx_word' id='word_1_855' title='bbox 2455 5431 2597 5499; x_wconf 82' lang='lat' dir='ltr'><strong>Quid</strong></span> <span class='ocrx_word' id='word_1_856' title='bbox 2646 5433 2792 5486; x_wconf 86' lang='lat' dir='ltr'><strong>enim</strong></span> <span class='ocrx_word' id='word_1_857' title='bbox 2837 5429 2985 5484; x_wconf 89' lang='lat' dir='ltr'><strong>aliud</strong></span> <span class='ocrx_word' id='word_1_858' title='bbox 3035 5436 3140 5491; x_wconf 92' lang='lat' dir='ltr'><strong>est,</strong></span> <span class='ocrx_word' id='word_1_859' title='bbox 3181 5443 3302 5482; x_wconf 87' lang='lat' dir='ltr'><strong>esse</strong></span> <span class='ocrx_word' id='word_1_860' title='bbox 3340 5427 3600 5481; x_wconf 81' lang='lat' dir='ltr'><strong>Christia-</strong></span> 
     </span>
    </p>
   </div>
   <div class='ocr_carea' id='block_1_112' title="bbox 359 5517 1955 5598">
    <p class='ocr_par' dir='ltr' id='par_1_112' title="bbox 359 5517 1939 5598">
     <span class='ocr_line' id='line_1_112' title="bbox 359 5517 1939 5598; baseline -0.003 -18"><span class='ocrx_word' id='word_1_861' title='bbox 359 5531 426 5581; x_wconf 84' lang='grc' dir='ltr'><strong>τὸ</strong></span> <span class='ocrx_word' id='word_1_862' title='bbox 459 5527 802 5596; x_wconf 83' lang='grc' dir='ltr'>ἐνδεχόμενον</span> <span class='ocrx_word' id='word_1_863' title='bbox 833 5525 1120 5598; x_wconf 83' lang='grc' dir='ltr'>ἀνθρώπου</span> <span class='ocrx_word' id='word_1_864' title='bbox 1155 5525 1332 5592; x_wconf 86' lang='grc' dir='ltr'>φύσει.</span> <span class='ocrx_word' id='word_1_865' title='bbox 1369 5521 1431 5574; x_wconf 84' lang='lat' dir='ltr'><strong>Ei</strong></span> <span class='ocrx_word' id='word_1_866' title='bbox 1459 5520 1690 5586; x_wconf 84' lang='grc' dir='ltr'>ἀνεδέξω</span> <span class='ocrx_word' id='word_1_867' title='bbox 1714 5521 1775 5574; x_wconf 84' lang='grc' dir='ltr'><strong>τὸ</strong></span> <span class='ocrx_word' id='word_1_868' title='bbox 1799 5517 1939 5575; x_wconf 76' lang='grc' dir='ltr'>εἶναι</span> 
     </span>
    </p>
   </div>
   <div class='ocr_carea' id='block_1_113' title="bbox 2058 5517 3603 5598">
    <p class='ocr_par' dir='ltr' id='par_1_113' title="bbox 2058 5521 3603 5590">
     <span class='ocr_line' id='line_1_113' title="bbox 2058 5521 3603 5590; baseline -0.003 -10"><span class='ocrx_word' id='word_1_869' title='bbox 2058 5543 2197 5589; x_wconf 79' lang='lat' dir='ltr'><strong>unm,</strong></span> <span class='ocrx_word' id='word_1_870' title='bbox 2221 5526 2326 5579; x_wconf 91' lang='lat' dir='ltr'><strong>nisi</strong></span> <span class='ocrx_word' id='word_1_871' title='bbox 2362 5525 2560 5578; x_wconf 87' lang='lat' dir='ltr'><strong>habere</strong></span> <span class='ocrx_word' id='word_1_872' title='bbox 2585 5539 2709 5578; x_wconf 89' lang='lat' dir='ltr'><strong>cum</strong></span> <span class='ocrx_word' id='word_1_873' title='bbox 2743 5524 2847 5576; x_wconf 88' lang='lat' dir='ltr'><strong>Deo</strong></span> <span class='ocrx_word' id='word_1_874' title='bbox 2862 5521 3299 5581; x_wconf 86' lang='lat' dir='ltr'><strong>similitudinem,</strong></span> <span class='ocrx_word' id='word_1_875' title='bbox 3336 5528 3603 5590; x_wconf 84' lang='lat' dir='ltr'><strong>quatenus</strong></span> 
     </span>
    </p>
   </div>
   <div class='ocr_carea' id='block_1_114' title="bbox 361 5610 1955 5688">
    <p class='ocr_par' dir='ltr' id='par_1_114' title="bbox 361 5613 1941 5688">
     <span class='ocr_line' id='line_1_114' title="bbox 361 5613 1941 5688; baseline -0.003 -15"><span class='ocrx_word' id='word_1_876' title='bbox 361 5618 710 5688; x_wconf 83' lang='grc' dir='ltr'>Χριστιανὸς,</span> <span class='ocrx_word' id='word_1_877' title='bbox 746 5617 1026 5687; x_wconf 82' lang='grc' dir='ltr'>ἐπείχθητι</span> <span class='ocrx_word' id='word_1_878' title='bbox 1055 5615 1302 5684; x_wconf 84' lang='grc' dir='ltr'>γενέσθαι</span> <span class='ocrx_word' id='word_1_879' title='bbox 1333 5616 1513 5684; x_wconf 83' lang='grc' dir='ltr'>ὅμοιος</span> <span class='ocrx_word' id='word_1_880' title='bbox 1551 5613 1688 5683; x_wconf 90' lang='grc' dir='ltr'>Θεῷ,</span> <span class='ocrx_word' id='word_1_881' title='bbox 1724 5613 1941 5668; x_wconf 83' lang='grc' dir='ltr'>ἔνδυσαι</span> 
     </span>
    </p>
   </div>
   <div class='ocr_carea' id='block_1_115' title="bbox 2058 5610 3603 5688">
    <p class='ocr_par' dir='ltr' id='par_1_115' title="bbox 2058 5610 3603 5687">
     <span class='ocr_line' id='line_1_115' title="bbox 2058 5610 3603 5687; baseline -0.006 -16"><span class='ocrx_word' id='word_1_882' title='bbox 2058 5617 2443 5687; x_wconf 77' lang='lat' dir='ltr'><strong>capitltumana</strong></span> <span class='ocrx_word' id='word_1_883' title='bbox 2475 5615 2705 5669; x_wconf 88' lang='lat' dir='ltr'><strong>natura?</strong></span> <span class='ocrx_word' id='word_1_884' title='bbox 2743 5612 2997 5674; x_wconf 80' lang='lat' dir='ltr'><strong>Proinde,</strong></span> <span class='ocrx_word' id='word_1_885' title='bbox 3027 5610 3284 5683; x_wconf 87' lang='lat' dir='ltr'><strong>quoniam</strong></span> <span class='ocrx_word' id='word_1_886' title='bbox 3330 5612 3603 5680; x_wconf 85' lang='lat' dir='ltr'><strong>accepisti,</strong></span> 
     </span>
    </p>
   </div>
   <div class='ocr_carea' id='block_1_116' title="bbox 364 5706 1939 5782">
    <p class='ocr_par' dir='ltr' id='par_1_116' title="bbox 364 5706 1939 5782">
     <span class='ocr_line' id='line_1_116' title="bbox 364 5706 1939 5782; baseline -0.003 -18"><span class='ocrx_word' id='word_1_887' title='bbox 364 5710 624 5782; x_wconf 72' lang='grc' dir='ltr'>Χριστόν.</span> <span class='ocrx_word' id='word_1_888' title='bbox 657 5709 780 5771; x_wconf 88' lang='grc' dir='ltr'><strong>Πῶς</strong></span> <span class='ocrx_word' id='word_1_889' title='bbox 824 5709 879 5761; x_wconf 80' lang='grc' dir='ltr'>δὲ</span> <span class='ocrx_word' id='word_1_890' title='bbox 914 5709 1105 5781; x_wconf 78' lang='grc' dir='ltr'>ἐνδύσῃ</span> <span class='ocrx_word' id='word_1_891' title='bbox 1134 5713 1162 5762; x_wconf 94' lang='lat'><strong>6</strong></span> <span class='ocrx_word' id='word_1_892' title='bbox 1204 5711 1264 5762; x_wconf 87' lang='grc' dir='ltr'><strong>τὸ</strong></span> <span class='ocrx_word' id='word_1_893' title='bbox 1294 5709 1575 5778; x_wconf 76' lang='grc' dir='ltr'>βάπτισμα</span> <span class='ocrx_word' id='word_1_894' title='bbox 1611 5709 1685 5776; x_wconf 83' lang='grc' dir='ltr'>μὴ</span> <span class='ocrx_word' id='word_1_895' title='bbox 1724 5706 1939 5772; x_wconf 77' lang='grc' dir='ltr'>λαϐών;</span> 
     </span>
    </p>
   </div>
   <div class='ocr_carea' id='block_1_117' title="bbox 364 5799 1941 5881">
    <p class='ocr_par' dir='ltr' id='par_1_117' title="bbox 364 5799 1941 5881">
     <span class='ocr_line' id='line_1_117' title="bbox 364 5799 1941 5881; baseline -0.003 -26"><span class='ocrx_word' id='word_1_896' title='bbox 364 5807 394 5881; x_wconf 66' lang='lat'><strong>6</strong></span> <span class='ocrx_word' id='word_1_897' title='bbox 440 5804 503 5854; x_wconf 84' lang='grc' dir='ltr'><strong>τὸ</strong></span> <span class='ocrx_word' id='word_1_898' title='bbox 533 5802 736 5870; x_wconf 77' lang='grc' dir='ltr'>ἔνδυμα</span> <span class='ocrx_word' id='word_1_899' title='bbox 765 5803 858 5870; x_wconf 81' lang='grc' dir='ltr'><strong>τῆς</strong></span> <span class='ocrx_word' id='word_1_900' title='bbox 891 5801 1196 5872; x_wconf 80' lang='grc' dir='ltr'>ἀφθαρσίας</span> <span class='ocrx_word' id='word_1_901' title='bbox 1229 5802 1301 5870; x_wconf 87' lang='grc' dir='ltr'><strong>μὴ</strong></span> <span class='ocrx_word' id='word_1_902' title='bbox 1332 5799 1654 5867; x_wconf 49' lang='grc' dir='ltr'>δεξάμενος</span> <span class='ocrx_word' id='word_1_903' title='bbox 1688 5799 1941 5869; x_wconf 81' lang='grc' dir='ltr'>ἀποπέμ-</span> 
     </span>
    </p>
   </div>
   <div class='ocr_carea' id='block_1_118' title="bbox 373 5888 1941 5964">
    <p class='ocr_par' dir='ltr' id='par_1_118' title="bbox 373 5888 1941 5964">
     <span class='ocr_line' id='line_1_118' title="bbox 373 5888 1941 5964; baseline -0.003 -17"><span class='ocrx_word' id='word_1_904' title='bbox 373 5912 492 5957; x_wconf 85' lang='grc' dir='ltr'>πεις</span> <span class='ocrx_word' id='word_1_905' title='bbox 529 5893 623 5964; x_wconf 71' lang='grc' dir='ltr'>τὴν</span> <span class='ocrx_word' id='word_1_906' title='bbox 654 5893 785 5964; x_wconf 80' lang='grc' dir='ltr'>πρὸς</span> <span class='ocrx_word' id='word_1_907' title='bbox 813 5893 945 5946; x_wconf 80' lang='grc' dir='ltr'>Θεὸν</span> <span class='ocrx_word' id='word_1_908' title='bbox 983 5894 1269 5964; x_wconf 74' lang='grc' dir='ltr'>όμοίωσιν;</span> <span class='ocrx_word' id='word_1_909' title='bbox 1305 5894 1365 5945; x_wconf 84' lang='grc' dir='ltr'>Εἰ</span> <span class='ocrx_word' id='word_1_910' title='bbox 1396 5888 1577 5958; x_wconf 74' lang='grc' dir='ltr'>ἔλεγόν</span> <span class='ocrx_word' id='word_1_911' title='bbox 1618 5906 1715 5957; x_wconf 86' lang='grc' dir='ltr'>σοι,</span> <span class='ocrx_word' id='word_1_912' title='bbox 1753 5890 1941 5962; x_wconf 72' lang='grc' dir='ltr'>Δεῦρο,</span> 
     </span>
    </p>
   </div>
   <div class='ocr_carea' id='block_1_119' title="bbox 2051 5699 3604 5772">
    <p class='ocr_par' dir='ltr' id='par_1_119' title="bbox 2051 5699 3604 5772">
     <span class='ocr_line' id='line_1_119' title="bbox 2051 5699 3604 5772; baseline -0.006 -12"><span class='ocrx_word' id='word_1_913' title='bbox 2051 5717 2109 5761; x_wconf 88' lang='grc' dir='ltr'><strong>ιιι</strong></span> <span class='ocrx_word' id='word_1_914' title='bbox 2141 5723 2293 5763; x_wconf 87' lang='lat' dir='ltr'><strong>esses</strong></span> <span class='ocrx_word' id='word_1_915' title='bbox 2324 5706 2692 5769; x_wconf 78' lang='lat' dir='ltr'><strong>Christianus,</strong></span> <span class='ocrx_word' id='word_1_916' title='bbox 2724 5718 2944 5772; x_wconf 73' lang='lat' dir='ltr'><strong>operam</strong></span> <span class='ocrx_word' id='word_1_917' title='bbox 2969 5701 3059 5766; x_wconf 88' lang='lat' dir='ltr'><strong>da,</strong></span> <span class='ocrx_word' id='word_1_918' title='bbox 3107 5708 3166 5753; x_wconf 92' lang='lat' dir='ltr'><strong>ut</strong></span> <span class='ocrx_word' id='word_1_919' title='bbox 3194 5700 3270 5756; x_wconf 87' lang='lat' dir='ltr'><strong>sis</strong></span> <span class='ocrx_word' id='word_1_920' title='bbox 3304 5699 3411 5755; x_wconf 87' lang='lat' dir='ltr'><strong>Deo</strong></span> <span class='ocrx_word' id='word_1_921' title='bbox 3458 5702 3604 5756; x_wconf 88' lang='lat' dir='ltr'><strong>simi-</strong></span> 
     </span>
    </p>
   </div>
   <div class='ocr_carea' id='block_1_120' title="bbox 2051 5793 3605 5865">
    <p class='ocr_par' dir='ltr' id='par_1_120' title="bbox 2051 5793 3605 5865">
     <span class='ocr_line' id='line_1_120' title="bbox 2051 5793 3605 5865; baseline -0.006 -11"><span class='ocrx_word' id='word_1_922' title='bbox 2051 5803 2118 5854; x_wconf 85' lang='lat' dir='ltr'><strong>lis</strong></span> <span class='ocrx_word' id='word_1_923' title='bbox 2146 5820 2157 5852; x_wconf 92' lang='lat'>:</span> <span class='ocrx_word' id='word_1_924' title='bbox 2190 5799 2355 5852; x_wconf 88' lang='lat' dir='ltr'><strong>indue</strong></span> <span class='ocrx_word' id='word_1_925' title='bbox 2384 5799 2661 5852; x_wconf 71' lang='lat' dir='ltr'><strong>Christum</strong></span> <span class='ocrx_word' id='word_1_926' title='bbox 2693 5815 2708 5861; x_wconf 86' lang='lat'><strong>;</strong></span> <span class='ocrx_word' id='word_1_927' title='bbox 2748 5812 2857 5865; x_wconf 87' lang='lat' dir='ltr'><strong>quo</strong></span> <span class='ocrx_word' id='word_1_928' title='bbox 2903 5803 3082 5848; x_wconf 89' lang='lat' dir='ltr'><strong>autem</strong></span> <span class='ocrx_word' id='word_1_929' title='bbox 3137 5803 3298 5863; x_wconf 86' lang='lat' dir='ltr'><strong>pacto</strong></span> <span class='ocrx_word' id='word_1_930' title='bbox 3338 5795 3490 5848; x_wconf 91' lang='lat' dir='ltr'><strong>illum</strong></span> <span class='ocrx_word' id='word_1_931' title='bbox 3523 5793 3605 5846; x_wconf 84' lang='lat' dir='ltr'><strong>in-</strong></span> 
     </span>
    </p>
   </div>
   <div class='ocr_carea' id='block_1_121' title="bbox 2051 5885 3605 5961">
    <p class='ocr_par' dir='ltr' id='par_1_121' title="bbox 2051 5885 3605 5961">
     <span class='ocr_line' id='line_1_121' title="bbox 2051 5885 3605 5961; baseline -0.004 -16"><span class='ocrx_word' id='word_1_932' title='bbox 2051 5892 2207 5956; x_wconf 86' lang='lat' dir='ltr'><strong>ducs,</strong></span> <span class='ocrx_word' id='word_1_933' title='bbox 2238 5892 2342 5946; x_wconf 87' lang='lat' dir='ltr'><strong>nisi</strong></span> <span class='ocrx_word' id='word_1_934' title='bbox 2373 5893 2490 5961; x_wconf 83' lang='lat' dir='ltr'><strong>cjus</strong></span> <span class='ocrx_word' id='word_1_935' title='bbox 2531 5890 2761 5961; x_wconf 81' lang='lat' dir='ltr'><strong>signcris</strong></span> <span class='ocrx_word' id='word_1_936' title='bbox 2792 5888 2960 5942; x_wconf 84' lang='lat' dir='ltr'><strong>nota?</strong></span> <span class='ocrx_word' id='word_1_937' title='bbox 2995 5887 3098 5943; x_wconf 87' lang='lat' dir='ltr'><strong>nisi</strong></span> <span class='ocrx_word' id='word_1_938' title='bbox 3129 5885 3458 5947; x_wconf 60' lang='lat' dir='ltr'><strong>baptismum</strong></span> <span class='ocrx_word' id='word_1_939' title='bbox 3487 5901 3605 5942; x_wconf 82' lang='lat' dir='ltr'><strong>sns-</strong></span> 
     </span>
    </p>
   </div>
  </div>
