3988 6486
433 372 538 429 975

1634 396 1690 451 5.
1728 396 2063 454 GllEGORlI
2094 397 2394 459 NYSSENI

3580 422 3672 477 E78

432 490 652 559 cipias?
697 493 800 547 nisi
867 504 1053 566 capias
1106 496 1537 573 incorruptionis
1585 509 1997 564 indumentum?

2107 514 2264 581 γενοῦ
2299 516 2483 583 ὅμοιος
2523 514 2746 584 βασιλεῖ,
2776 517 2877 571 οὑκ
2916 518 2982 572 ἂν
3012 519 3177 590 εὖεργ
3209 538 3305 591 την
3334 540 3401 593 με
3433 523 3677 597 ἕκρινας;

435 579 713 652 Itepudias
742 586 1158 644 similitudinem
1191 591 1322 647 Dei?
1350 594 1399 651 si
1424 595 1688 654 dixissem
1728 601 1849 665 libi;
1876 603 2009 673 Age-

431 672 588 739 dum,
609 683 728 730 esto
758 677 955 734 similis
990 678 1141 753 Regi,
1163 698 1348 741 nonne
1376 689 1612 744 amicum
1643 708 1729 747 me
1749 708 1812 747 ac
1843 672 2007 750 bene-

434 767 595 818 ticum
618 766 969 825 existimares
992 771 1193 828 ?Nunc
1234 785 1415 833 autem
1466 782 1590 836 volo
1631 791 1682 837 te
1726 784 1818 840 Dei
1861 787 2006 841 simi-

433 854 537 908 lem
565 871 708 920 esse,
742 866 797 912 et
826 860 1134 919 orationem
1186 872 1238 918 te
1299 865 1460 922 deum
1494 870 1817 929 efficientem
1861 876 2002 946 fugis

430 957 484 999 et
517 952 830 1018 aspernaris
850 956 875 1005 ?
894 962 948 1009 et
974 970 1137 1011 aures
1183 958 1447 1025 obstrnis,
1499 979 1567 1017 ne
1595 965 1757 1019 verba
1807 968 2001 1021 salutis

429 1042 737 1097 exaudias?
776 1064 795 1095 ε
822 1043 885 1099 Et
930 1047 1059 1103 fecit
1108 1049 1250 1105 Deus
1287 1051 1562 1108 hominem
1608 1056 1675 1110 ad
1714 1058 2002 1129 imaginem

430 1146 608 1185 suam.
645 1150 666 1185 ι
698 1132 982 1191 Hominem
1009 1139 1207 1210 (inquit
1234 1143 1451 1214 mulier)
1486 1144 1560 1198 ita
1595 1145 1855 1217 scriptum
1896 1160 1999 1213 est,

428 1232 482 1275 ut
502 1223 589 1276 vir
616 1232 828 1280 tantum
862 1229 1216 1302 intelligatur.
1242 1234 1384 1301 Quid
1412 1235 1581 1308 igitur
1609 1240 1676 1295 ad
1701 1243 1911 1298 metAt
1935 1261 2003 1299 ne

428 1312 669 1373 hominis
700 1319 1062 1388 appellatione
1105 1327 1283 1381 virum
1340 1326 1606 1384 duntaxat
1650 1331 2001 1405 intelligeres,

427 1408 714 1479 subjecit,r
738 1409 1037 1469 Masculum
1057 1425 1111 1470 et
1130 1416 1386 1473 feminam
1415 1420 1541 1476 fecit
1557 1438 1671 1480 eos.
1689 1442 1707 1474 ι
1731 1425 1794 1479 Et
1810 1427 2005 1482 mulier

427 1500 653 1567 perinde
678 1510 845 1574 atque
859 1506 943 1559 vir
973 1505 1043 1561 ad
1068 1508 1360 1580 imaginem
1392 1510 1484 1568 Dei
1521 1512 1662 1571 facta
1694 1525 1799 1574 est.
1838 1518 2003 1575 Eum-

425 1591 547 1645 dem
581 1592 846 1651 honorem
881 1599 1080 1654 habent
1102 1602 1277 1657 amba:
1306 1612 1534 1667 naturae,
1563 1622 1721 1676 pares
1747 1611 1998 1673 virtutes,

424 1682 617 1737 eadem
649 1686 967 1750 certamina,
1011 1689 1151 1743 idem
1172 1689 1465 1761 judicium.
1492 1692 1571 1750 Ne
1593 1697 1797 1755 dixeris
1824 1719 1837 1754 :
1868 1701 2000 1755 Sum

426 1773 718 1830 imbecilla.
742 1776 1095 1835 lmbecillitas
1115 1781 1171 1837 in
1201 1798 1368 1838 carne
1386 1792 1491 1852 est,
1528 1787 1582 1841 in
1606 1790 1792 1845 animo
1819 1801 1997 1847 autem

426 1865 510 1919 vis
540 1882 604 1920 ac
633 1869 827 1923 robur.
879 1871 1151 1936 Quoniam
1210 1876 1375 1946 igitur
1406 1882 1635 1949 aequalis
1680 1892 1763 1937 est
1798 1886 1994 1951 virtus,
2028 1858 2074 1916 Β

424 1971 526 2025 par
556 1958 725 2013 etiam
750 1960 822 2016 sit
850 1962 1115 2018 bonorum
1160 1982 1389 2038 operum
1422 1972 1841 2030 demonstratio.
1875 1976 1994 2032 Non

424 2059 631 2108 temere
668 2056 885 2111 mulieri
928 2073 993 2113 ea
1043 2060 1169 2115 data
1201 2072 1287 2117 est
1336 2066 1645 2133 mollitudo,
1695 2071 1791 2124 sed
1828 2082 1886 2125 ut
1928 2073 1994 2127 ad

424 2143 815 2202 humanitatem
838 2149 1053 2205 facilior
1074 2154 1166 2220 sit,
1198 2155 1267 2209 ad
1294 2157 1842 2232 misericordiamque
1860 2180 1997 2234 pro-

422 2237 663 2305 pensior.
694 2240 752 2294 ln
783 2242 947 2298 rebus
985 2255 1184 2311 autem,
1218 2264 1339 2317 qua:
1371 2248 1748 2307 fortitudinem
1805 2265 1994 2323 postu-

425 2327 559 2389 lant,
594 2329 821 2385 robusta
855 2342 961 2399 est,
986 2334 1039 2388 in
1078 2337 1277 2407 vigiliis
1307 2348 1362 2393 et
1393 2340 1675 2397 laboribus
1708 2354 1992 2401 constans.

420 2418 651 2485 Quando
686 2432 865 2493 potest
893 2426 1131 2485 hominis
1158 2441 1361 2487 natura
1384 2450 1507 2488 cum
1534 2434 1749 2492 feminae
1781 2437 1997 2495 fortiter

419 2511 591 2566 vitam
628 2516 839 2583 agentis
888 2527 1085 2573 natura
1119 2524 1488 2579 contendere?
1534 2525 1771 2592 Quando
1814 2538 1997 2598 potest

420 2606 585 2663 homo
641 2609 846 2664 firmam
898 2613 1179 2669 mulierem
1233 2617 1287 2670 in
1326 2616 1553 2687 jejuniis
1598 2622 1992 2677 continentiam

420 2698 665 2753 imitari?
686 2699 916 2767 Quando
940 2711 1121 2773 potest
1163 2720 1382 2776 aequare
1424 2709 1675 2763 sedulum
1714 2725 1904 2765 earum
1939 2713 1992 2766 in

419 2791 830 2859 precationibus
863 2796 1128 2860 studium,
1161 2796 1305 2867 piam
1330 2797 1400 2852 ad
1428 2798 1841 2871 lacrymandum
1871 2814 1996 2873 pro:

417 2884 762 2953 pensionem,
807 2896 861 2941 et
890 2901 1117 2956 pronam
1142 2889 1207 2943 ad
1241 2888 1702 2947 benemerendum
1759 2893 1994 2949 facilita-

414 2973 573 3027 tem?
602 2971 723 3029 Vidi
752 2991 852 3047 ego
882 2975 1136 3031 feminam
1168 2978 1310 3033 clam
1336 2979 1725 3039 honestissimo
1753 2994 1991 3041 utentem

416 3062 633 3119 furandi
666 3081 881 3135 genere.
926 3064 1051 3123 Hinc
1079 3069 1254 3124 inscio
1301 3073 1499 3125 marito
1531 3074 1599 3128 de
1625 3089 1684 3127 re
1730 3074 1989 3132 familiari

416 3156 749 3226 pauperibus
772 3158 1124 3229 largiebatur.
1158 3160 1270 3217 Pro
1293 3163 1396 3218 viri
1432 3163 1714 3232 felicitate,
1770 3183 1870 3238 pro
1916 3168 1989 3224 fa—
2017 3198 2059 3255 ο

418 3248 583 3303 milia:
629 3251 1009 3319 prosperitate,
1045 3268 1146 3323 pro
1188 3255 1565 3311 incolumitate
1618 3258 1850 3313 filiorum
1887 3261 1989 3314 im-

414 3338 686 3407 pertiebat
730 3342 918 3397 celans
947 3344 1146 3407 virum,
1167 3344 1259 3399 sed
1294 3362 1393 3416 pro
1417 3346 1538 3416 ipso
1568 3347 1705 3403 viro.
1739 3348 1846 3405 Pro
1867 3351 1988 3421 ipso

415 3428 676 3495 donabat,
703 3431 793 3499 qui
825 3431 1028 3485 factum
1059 3435 1359 3490 nesciebat.
1390 3435 1446 3491 Id
1488 3438 1634 3492 enim
1704 3442 1989 3507 praestabat

418 3518 474 3570 in
509 3519 738 3588 gratiam
766 3519 935 3585 illius,
957 3522 1047 3590 qui
1075 3523 1221 3577 videt
1254 3524 1307 3578 in
1330 3525 1673 3592 abscondito,
1701 3545 1801 3584 nec
1832 3531 1990 3587 bene-

417 3612 556 3664 facta
593 3627 687 3666 sua
721 3612 1054 3681 divhlgabat.
1092 3613 1157 3669 Et
1186 3617 1384 3671 mulier
1413 3618 1578 3687 igitur
1599 3620 1783 3687 habet,
1835 3634 1893 3677 ut
1920 3628 1987 3681 ad

416 3701 710 3771 imaginem
741 3703 833 3757 sit.
858 3703 936 3759 Ne
965 3707 1286 3762 consideres
1320 3709 1618 3774 hominem.
1645 3713 1739 3782 qui
1768 3718 1981 3771 extrin-

416 3808 577 3849 secus
615 3801 720 3849 est.
747 3793 841 3851 Ille
866 3796 1012 3852 enim
1051 3808 1136 3855 est
1186 3806 1447 3870 tanquam
1493 3802 1694 3860 velum.
1755 3806 1986 3865 Animus

2120 609 2335 678 Ἐπειδὴ
2382 609 2641 680 βούλομαί
2687 627 2746 662 σε
2777 612 2963 681 ὅμοιον
3003 611 3139 683 Θείξν
3164 615 3425 685 ποιῆσαι,
3468 621 3674 689 φεύγεις

2104 696 2197 748 τὸν
2226 696 2383 763 λόγον
2408 697 2497 749 τὸν
2520 696 2874 753 θεοποιοῦντά
2897 717 2978 765 σε,
3004 702 3444 774 ἐπιφραξάμενος
3460 709 3523 762 τά
3548 704 3674 776 ὦτα,

2109 788 2195 840 ῐνα
2227 788 2361 856 μηδὲ
2384 788 2621 859 ἀκούσῃς
2652 789 2759 843 τῶν
2785 792 3067 863 σωτηρίων
3093 793 3288 860 λόγων;
3322 814 3338 846 ι
3370 798 3476 851 Καὶ
3504 801 3677 875 ἐποίηο

2108 892 2197 930 σεν
2226 879 2255 929 ό
2284 879 2416 942 Θεὸς
2449 879 2541 932 τὸν
2584 880 2872 952 ἄνθρωπον
2901 884 3021 936 κατ’
3051 885 3256 938 είκόνα.
3300 905 3319 939 ι
3354 887 3456 941 Τὸν
3483 891 3679 964 ἄνθρω-

2107 984 2227 1033 πον,
2259 969 2426 1040 φησίν
2477 971 2511 1041 ἡ
2549 972 2708 1043 γυνὴ,
2748 973 2802 1026 τί
2846 975 2983 1046 πρὸς
3015 977 3151 1047 ἐμές
3202 980 3230 1032 ό
3265 980 3404 1052 ἀνὴρ
3437 981 3675 1051 ἐγένετοο

2105 1062 2164 1113 ού
2191 1061 2299 1132 γάρ
2331 1058 2449 1115 εἷπε
2487 1063 2585 1135 τὴν
2616 1064 2922 1136 ἄνθρωπον,
2956 1070 3140 1139 φησιν,
3187 1070 3323 1124 ἀλλὰ
3354 1074 3420 1143 τῇ
3464 1074 3557 1128 τοῦ
3583 1077 3679 1146 ἄρ-

2107 1151 2235 1223 θρου
2263 1156 2548 1227 προσθήκῃ
2587 1156 2648 1209 τὺ
2673 1158 2963 1229 ἀρρενικὸν
2992 1160 3271 1232 ἐνέφηνεν.
3315 1161 3454 1216 Ἀλλ’
3492 1165 3576 1217 ἵνα
3610 1168 3683 1239 μὴ

2105 1246 2332 1316 ἀμαθῶς
2373 1264 2456 1312 τις
2493 1251 2561 1319 τῇ
2600 1249 2695 1303 τοῦ
2738 1249 3026 1321 ἀνθρώπου
3070 1254 3411 1325 προσηγορίᾳ.
3462 1257 3553 1308 ἐπὶ
3593 1259 3681 1309 τοῦ

2104 1338 2297 1409 ἀνδρὸς
2414 1340 2575 1411 μόνον
2614 1342 2974 1413 κεχρημένος,
3010 1344 3372 1415 προσέθηκεν,
3431 1366 3447 1395 ι
3489 1347 3682 1417 Ἀρσεν

2105 1430 2197 1480 καὶ
2224 1428 2359 1501 θῆλυ
2389 1430 2641 1502 ἐποίησεν
2672 1432 2888 1502 αὐτούς.
2928 1453 2946 1485 ι
2978 1434 3090 1487 Καὶ
3115 1436 3147 1504 ὴ
3177 1434 3313 1504 γυνὴ
3345 1433 3457 1504 ἔχει
3483 1434 3542 1488 τὸ
3569 1437 3681 1489 κατ’

2104 1520 2288 1575 εἰκόνα
2304 1521 2438 1575 Θεοῦ
2455 1523 2807 1593 γεγενῆσθαι,
2834 1523 2909 1588 ὠς
2928 1525 3021 1578 καὶ
3046 1525 3075 1577 ό
3097 1526 3257 1597 ἀνήρ.
3304 1527 3535 1597 Ὁμοίως
3558 1530 3683 1597 όμό-

2102 1629 2251 1683 τιμοι
2281 1614 2337 1667 αί
2367 1613 2578 1681 φύσεις,
2612 1615 2724 1668 ἴσαι
2750 1617 2809 1669 at
2859 1617 3073 1686 ἀρεταί·
3110 1613 3247 1670 ἆθλα
3296 1618 3407 1681 ίσα,
3444 1619 3477 1689 ἡ
3517 1636 3683 1672 καταο

2104 1704 2225 1775 δίκη
2257 1706 2440 1776 ὁμοία.
2483 1706 2575 1777 Μὴ
2600 1706 2823 1775 λεγέτω,
2862 1707 3122 1779 Ἀσθενής
3152 1710 3286 1779 εἰμι.
3343 1709 3406 1761 ἸΙ
3438 1709 3684 1764 άσθένεια

2110 1797 2332 1867 σαρκὸς,
2384 1799 2441 1850 ἐν
2483 1797 2627 1868 ψυχῇ
2666 1799 2727 1851 τὸ
2772 1799 2997 1852 δυνατόν
3048 1803 3212 1853 ἐστιν.
3258 1801 3474 1871 Ἐπειδὴ
3512 1801 3691 1855 τοίνυν

2100 1888 2359 1959 ὁμότιμος
2383 1892 2415 1960 ἡ
2446 1890 2588 1943 κατά
2612 1890 2743 1943 Θεὸν
2768 1890 2951 1954 εἰκὼν,
2973 1892 3233 1964 ὁμότιμος
3263 1892 3405 1945 ἔστω
3431 1895 3465 1962 ἡ
3496 1892 3689 1965 ἁρετὴ,

2100 1982 2132 2049 ἡ
2164 1980 2268 2031 τῶν
2292 1980 2507 2048 ἀγαθῶν
2536 1980 2711 2053 ἔργων
2737 1982 3013 2050 ἐπίδειξις.
3046 1983 3189 2036 Ούδε
3221 1984 3320 2054 μία
3351 1983 3687 2055 παραίτησίς

2098 2073 2215 2124 ἐστι
2248 2071 2325 2141 τῷ
2354 2072 2664 2143 βουλομένῳ
2699 2074 3129 2144 προφασίζεσθαι
3157 2074 3380 2137 ἀσθενὲς
3414 2074 3475 2127 τὸ
3509 2076 3683 2145 σῶμα.

2099 2163 2234 2217 Οὐδὲ
2264 2164 2424 2216 τοῦτο
2456 2164 2662 2229 ἁπλῶς
2694 2162 2831 2218 ἀλλὰ
2856 2165 3063 2218 ἁπαλὸν
3092 2165 3190 2234 μὲν
3216 2165 3305 2217 διά
3332 2165 3436 2235 τὴν
3466 2165 3686 2235 συμπά-

2096 2252 2269 2314 θειαν,
2304 2252 2519 2305 εὔτονον
2542 2253 2597 2306 δὲ
2622 2255 2678 2305 ἐν
2699 2253 3042 2326 καρτερίαις,
3071 2253 3321 2306 σύντονον
3342 2252 3402 2305 δὲ
3430 2254 3489 2305 ἐν
3524 2254 3691 2324 ἀγροί

2098 2345 2307 2408 πνίαις.
2354 2346 2490 2399 Πότε
2522 2345 2742 2399 δύναται
2780 2346 3070 2417 ἀνθρώπου
3109 2346 3270 2414 φύσις
3320 2344 3694 2416 ἁμιλληθῖμαι

2096 2437 2356 2505 γυναικὸς
2372 2437 2531 2505 φύσει
2552 2438 2898 2509 καρτερικῶς
2918 2438 3178 2509 διαγούσῃ
3199 2439 3289 2490 τὸν
3312 2439 3516 2509 ἑαυτῆς
3543 2437 3654 2507 βίον
3672 2454 3692 2500 ;

2096 2526 2234 2579 Πότε
2266 2526 2329 2579 τὸ
2359 2528 2417 2579 ἐν
2454 2530 2729 2597 νηστείαις
2762 2526 2980 2581 εὔτονον
3023 2527 3296 2596 γυναικῶν
3341 2527 3689 2598 μιμήσασθαι

2094 2618 2318 2673 δύναται
2355 2620 2662 2691 ἄνθρωπος,
2697 2621 2760 2673 τὸ
2803 2622 2863 2673 ἐν
2903 2624 3236 2693 προσευχαῖς
3289 2621 3601 2691 φιλόπονον,
3631 2621 3697 2673 τὸ

2092 2712 2152 2764 ἐν
2173 2711 2399 2785 δάκρυσι
2424 2712 2661 2783 δαψιλὲς,
2691 2714 2754 2767 τὸ
2785 2716 2913 2786 περὶ
2950 2716 3202 2779 εὐποιίας
3249 2714 3502 2786 ἕτοιμον;
3540 2709 3696 2768 Εἶδον

2094 2802 2205 2872 ἐγὼ
2257 2808 2531 2873 γυναῖκα,
2573 2804 2749 2878 λάθρα
2798 2807 3138 2859 κλέπτουσαν
3184 2806 3325 2859 καλὰ
3369 2806 3689 2877 κλέμματα,

2093 2898 2221 2950 ἄνευ
2247 2896 2340 2951 τοῦ
2368 2897 2561 2969 ἀνδρὸς
2588 2898 2689 2962 τὰς
2738 2898 2983 2961 εὐποιῖας
3014 2897 3270 2951 ποιοῦσαν
3296 2898 3441 2968 ὑπὲρ
3473 2896 3689 2967 ἀνδρὸς.

2094 2988 2234 3059 ὑπὲρ
2259 2988 2543 3059 αὐξήσεως
2574 2990 2748 3056 οἴκου,
2800 2989 2939 3061 ὑπὲρ
2959 2988 3165 3041 τέκνων
3200 2988 3489 3058 διαμονῆς,
3517 2986 3698 3040 διδοῦ-

2093 3097 2194 3132 σαν
2219 3081 2311 3133 καὶ
2338 3079 2709 3135 λανθάνουσαν
2755 3081 2849 3134 τοῦ
2891 3081 3083 3152 ἀνδρὸς
3112 3080 3210 3151 τὴν
3236 3080 3464 3148 γνῶσιν.
3516 3079 3702 3151 ’Υπὲρ

2092 3172 2255 3226 αὑτοῦ
2277 3173 2642 3227 ἐκϐάλλουσαν
2666 3175 2759 3227 καὶ
2782 3173 2944 3227 αὑτὸν
2966 3172 3447 3243 ἀποκρύπτουσαν.
3485 3173 3553 3223 Ὀ
3580 3171 3699 3241 γάρ,

2092 3265 2298 3328 ἐποίει,
2329 3266 2501 3318 ἐποίει
2541 3266 2618 3336 τῷ
2647 3265 2897 3335 βλέποντι
2928 3267 2983 3317 ἐν
3007 3263 3083 3334 τῷ
3120 3262 3346 3334 κρυπτῷ
3366 3307 3379 3326 ,
3423 3263 3487 3315 οὐ
3521 3264 3692 3331 δημο-

2088 3356 2347 3408 σιεύουσα
2390 3356 2588 3425 ἑαυτῆς
2626 3357 2723 3427 τὴν
2761 3356 3030 3408 εὐποιΐαν.
3074 3355 3138 3407 'H
3176 3354 3355 3423 ἀγαθὴ
3388 3353 3533 3425 γυνὴ
3577 3354 3697 3423 ἔχει’

2090 3449 2152 3501 τὸ
2175 3450 2293 3501 κατ’
2326 3449 2525 3501 εἰκόνα.
2556 3448 2647 3519 Μὴ
2672 3449 2901 3519 πρόσεχε
2940 3447 3018 3517 τῷ
3053 3446 3157 3512 ἔξω
3194 3445 3493 3517 ἀνθρώπῳ,
3531 3446 3691 3516 περί·-

2091 3540 2319 3611 πλασμά
2352 3541 2465 3593 ἐστι
2509 3541 2685 3593 τοῦτο.
2729 3540 2793 3591 'H
2840 3539 2985 3609 ψυχὴ
3020 3538 3309 3603 καθέζεται
3356 3538 3513 3591 ἔνδον
3582 3537 3695 3589 ὑπὸ

2099 3636 2559 3705 παραπετάσματι
2593 3634 2685 3686 καὶ
2718 3632 2910 3701 άπαλῷ
2955 3631 3032 3700 τῷ
3082 3630 3312 3700 σώματι.
3349 3631 3521 3702 Ψυχὴ
3569 3631 3695 3701 μέν·

2093 3740 2175 3775 τοι
2217 3723 2311 3776 καὶ
2346 3724 2491 3796 ψυχὴ
2555 3724 2834 3795 ὁμότιμος,
2854 3725 2912 3775 ἐν
2940 3725 3053 3785 τοῖς
3095 3722 3609 3793 παραπετάσμασιν
3651 3723 3689 3792 ὴ

2092 3814 2341 3887 διαφορά.

414 3894 594 3943 autem
629 3887 783 3944 sedet
808 3889 956 3945 intus
986 3888 1039 3943 in
1070 3890 1188 3945 velo
1218 3891 1381 3946 etiam
1403 3893 1653 3963 corporis
1682 3894 1959 3957 imbecilli.
2002 3903 2178 3959 Animi
2218 3907 2421 3961 honore
2449 3915 2576 3961 sunt
2606 3907 2862 3975 :equales,
2899 3907 2951 3961 in
2987 3906 3120 3961 velis
3153 3915 3235 3961 est
3270 3905 3611 3961 differentia.

486 3978 876 4047 Quamobrem,
940 3990 1000 4035 ut
1053 3979 1163 4036 Deo
1203 3982 1404 4038 similis
1451 3984 1569 4051 llas,
1606 3986 1987 4046 liberalitatem

414 4072 762 4141 amplectere,
804 4075 1217 4130 beneficentiam
1245 4095 1461 4141 exerce,
1497 4081 1869 4137 innocentiam
1900 4100 1991 4140 se-

409 4163 1044 4224 ctare,fraternoonines
1065 4182 1274 4232 amore,
1295 4169 1782 4243 benevolentiaque
1796 4192 1980 4246 prose-

406 4270 598 4323 quere,
626 4256 833 4310 scelera
865 4256 1012 4327 fuge,
1032 4259 1239 4327 peccati
1277 4262 1777 4330 perturbationilms
1804 4268 1979 4322 domi-

408 4362 561 4401 nare.
576 4367 593 4397 ι
621 4344 686 4399 Et
700 4347 948 4417 piscibus
963 4350 1200 4420 praesit.»
1216 4349 1278 4404 Ut
1302 4353 1546 4422 piscibus
1558 4358 1742 4423 praesis
1767 4361 1976 4413 ratione

407 4437 753 4499 carentibus,
798 4439 1242 4507 perturbationes
1268 4453 1322 4495 et
1353 4443 1520 4497 animi
1564 4456 1747 4499 motus
1780 4450 1975 4501 rationi

2162 3996 2395 4069 Θεῷοῦν
2423 4000 2604 4068 ὅμοιος
2640 3999 2826 4066 ἐγένου
2872 3998 2959 4051 διὰ
3007 3998 3106 4067 τῆς
3146 3998 3560 4069 χρηστότητος,
3600 3998 3699 4052 διὰ

2090 4093 2188 4163 τῆς
2226 4092 2594 4155 ἀνεξικακίας,
2623 4091 2713 4144 διὰ
2740 4091 2840 4159 τῆς
2870 4090 3156 4152 κοινωνίας
3181 4131 3195 4154 ,
3227 4089 3314 4141 διὰ
3356 4089 3452 4142 τοῦ
3494 4089 3693 4159 φιλάλ-

2087 4183 2244 4255 ληλος
2275 4184 2365 4236 καὶ
2402 4182 2719 4252 φιλάδελφος
2748 4179 2883 4235 εἶναι
2906 4222 2921 4246 ,
2965 4182 3346 4253 μισοπόνηρος,
3381 4198 3689 4253 κατακρα-

2085 4276 2191 4327 τῶν
2220 4274 2327 4326 τῶν
2352 4272 2539 4326 παθῶν
2559 4272 2658 4341 τῆς
2687 4271 2981 4344 ἁμαρτίας,
3005 4272 3092 4323 ἵνα
3124 4286 3203 4323 σοι
3235 4270 3461 4343 ὑπάρχῃ
3486 4271 3549 4323 τὸ
3582 4272 3697 4342 ἄρα

2087 4356 2239 4439 χειν]
2273 4386 2291 4418 ι
2334 4368 2443 4418 Καὶ
2481 4365 2795 4436 ἀρχέτωσαν
2842 4363 2949 4416 τῶν
3001 4362 3220 4434 ἰχθύων.
3262 4380 3280 4413 ι
3364 4362 3546 4434 Εδόθη
3598 4379 3700 4417 σοι.

2088 4462 2275 4531 ἄρχειν
2303 4459 2408 4512 τῶν
2443 4457 2640 4527 ἰχθύων
2667 4457 2773 4510 τῶν
2798 4456 3029 4524 ἀλόγων,
3056 4454 3194 4508 ὥστε
3218 4454 3310 4507 τοῦ
3338 4454 3545 4523 ἀλόγου
3573 4456 3690 4508 1rd-

406 4530 723 4583 eonlrarios
750 4546 971 4600 supera.
1006 4550 1025 4583 ι
1062 4531 1123 4584 Et
1146 4534 1332 4602 prtesit
1363 4535 1571 4590 bestiis.
1605 4557 1622 4589 ι
1652 4537 1860 4608 Impera
1888 4541 1979 4594 lle-

2099 4530 2205 4614 D00;
2256 4551 2441 4619 ἐγένου
2488 4549 2690 4620 ἄρχων.
2718 4566 2737 4601 ι
2762 4548 2869 4602 Καὶ
2888 4548 3203 4618 άρχέτωσαν
3253 4546 3361 4598 τῶν
3398 4544 3464 4614 θη
3476 4546 3637 4615 ρίωνο
3664 4564 3683 4595 ι

407 4621 530 4674 stiis
565 4622 852 4685 oumibus,
873 4638 995 4691 qua
1020 4632 1148 4677 sunt
1181 4625 1330 4679 inte.
1357 4625 1534 4691 Quid?
1552 4629 1979 4698 inquies,egoue

2099 4644 2281 4706 παντὸς
2308 4642 2495 4712 θηρίου
2528 4640 2734 4712 ἄρχεις.
2763 4639 2828 4691 Τί
2863 4634 2992 4702 013v;
3016 4640 3173 4711 ἐρεῖς·
3225 4637 3330 4707 ἐγὼ
3368 4636 3545 4709 θηρία
3570 4640 3698 4707 ἔχω

412 4711 468 4764 in
490 4727 574 4765 me
593 4714 712 4781 ipso
739 4712 945 4769 beStias
972 4714 1182 4769 habeo?
1204 4714 1285 4769 Tu
1314 4732 1447 4771 vero
1476 4719 1685 4774 bestias
1711 4720 1901 4783 habes,
1924 4734 1978 4776 et

2099 4754 2137 4786 ιν
2170 4733 2426 4804 ἐμαυτῷ;
2464 4734 2573 4785 Καὶ
2607 4732 2793 4803 μυρία,
2830 4731 2923 4785 κα)⁵
2964 4731 3132 4783 πολὺν
3172 4730 3326 4800 δχλον
3355 4733 3412 4783 ἐν
3451 4731 3687 4802 σεαυτῷ

405 4818 503 4857 eas
523 4801 740 4872 quidem
764 4804 1211 4871 innumerabiles,
1244 4806 1475 4876 plurima
1500 4808 1553 4863 in
1580 4818 1632 4863 te
1659 4817 1745 4866 est
1772 4810 1974 4865 bestia-

2099 4801 2282 4891 ιηρίων
2306 4801 2433 4891 ἔχει.
2506 4801 2617 4872 Ka‘t
2640 4801 2714 4889 μὴ
2741 4819 2897 4888 ὓϐριν
2920 4818 3147 4890 νομίσῃς
3177 4815 3315 4871 εἶναι
3346 4817 3407 4870 τὸ
3433 4801 3689 4889 λεγόμεὲ

408 4911 423 4947 ι
442 4911 531 4947 nm
549 4894 865 4949 multitudo.
889 4898 961 4949 Ac
981 4913 1047 4951 ne
1066 4913 1152 4951 me
1174 4900 1635 4956 contumeliosum
1664 4903 1968 4967 existimes.

2099 4932 2188 4978 ιον,
2242 4913 2436 4985 μικρὸν
2464 4912 2652 4983 θηρίον
2700 4914 2846 4965 ἐστὶν
2875 4914 2904 4965 ὁ
2943 4912 3133 4982 θυμὸς,
3175 4912 3301 4965 ὅταν
3348 4910 3570 4993 ύλακτῇ
3612 4914 3685 4981 τῇ

407 4983 516 5044 dic,
551 4984 766 5046 amabo,
795 4998 1034 5054 parvane
1064 4986 1238 5042 bestia
1283 4996 1368 5043 est
1425 4989 1728 5057 iracundia,
1760 4994 1978 5063 quando

2099 4983 2309 5074 ιαρδίξκ
2346 4983 2508 5067 κυνὸς
2545 5002 2741 5065 παντὸς
2784 5004 2884 5055 οὐκ
2921 5002 3067 5055 ἔστιν
3095 4989 3463 5071 ἀγριώτεροςς
3503 5000 3592 5072 Τῇ
3624 5001 3688 5054 δὲ

406 5073 571 5128 latrat
599 5076 653 5129 in
689 5076 853 5132 corde
881 5085 976 5132 tuo
998 5078 1216 5135 Znonne
1241 5094 1307 5135 ea
1350 5090 1436 5136 est
1464 5083 1659 5153 quovis
1691 5100 1828 5141 cane
1853 5102 1975 5142 cru-

2099 5073 2266 5167 ρλερᾷ
2292 5095 2436 5165 ψυχῇ
2457 5095 2487 5145 ὁ
2508 5094 2656 5157 δόλος
2687 5093 3017 5166 ἐμφωλεύων
3044 5093 3247 5165 ἄρκτου
3271 5092 3450 5163 πάσης
3479 5092 3672 5160 φωλά·

403 5167 616 5222 delior?
639 5168 890 5237 Quid?in
930 5171 1135 5225 callido
1168 5173 1349 5228 animo
1401 5182 1496 5229 tuo
1523 5174 1683 5231 dolus
1727 5178 1971 5243 latitans,

2099 5194 2162 5251 ος
2187 5189 2287 5242 οὐκ
2315 5188 2429 5241 ἔστι
2458 5185 2942 5260 δυσημερώτερος;
2975 5187 3088 5239 υύκ
3109 5186 3223 5239 ἐστι
3248 5184 3436 5256 θηρίον
3464 5186 3502 5256 ἡ
3540 5186 3685 5238 ὑπό-

402 5274 585 5314 nonne
615 5260 812 5330 quovis
838 5276 969 5315 urso
1016 5262 1370 5318 framlulento
1400 5266 1597 5320 saevior
1634 5268 1760 5322 est?
1799 5269 1975 5336 Quid?

2099 5295 2285 5347 ερισις;
2339 5278 2396 5330 '0
2424 5276 2480 5331 δὲ
2516 5276 2641 5344 ὀξὺς
2671 5280 2752 5341 είς
2792 5277 2976 5348 ὕϐρεις
3025 5278 3285 5347 σκορπίος
3330 5276 3430 5329 οὐκ
3469 5276 3679 5340 ἒστινς

402 5365 583 5406 nonne
614 5352 731 5408 fera
776 5361 861 5409 est
892 5353 1195 5427 hypocrisis
1237 5358 1324 5410 vel
1382 5357 1824 5416 immanissima?
1865 5361 1970 5428 Qui

2102 5369 2146 5423 0
2172 5369 2229 5422 δέ
2252 5369 2426 5441 λάθρα
2446 5372 2525 5434 είς
2549 5372 2763 5441 ἄμυναν
2789 5370 2996 5442 ὁρμῶν,
3021 5370 3233 5442 ἐχίδνης
3271 5370 3372 5423 οὐκ
3402 5369 3525 5421 ἔστι
3570 5388 3682 5440 χα-

402 5452 584 5498 autem
617 5443 819 5513 impetu
852 5446 1063 5515 rapitur
1081 5447 1147 5500 ad
1173 5449 1588 5514 contumeliam,
1618 5465 1799 5508 nonne
1820 5469 1970 5510 scor-

2099 5461 2405 5535 ,επὼτερος;
2439 5463 2497 5515 Ὀ
2521 5461 2576 5516 δὲ
2602 5462 2950 5532 πλεονέκτης,
2974 5462 3074 5515 οὐκ
3100 5461 3214 5515 ἐστι
3239 5461 3400 5524 λύκος
3432 5462 3674 5531 ἄρπαξς

401 5535 525 5604 pius
548 5537 669 5592 est?
729 5534 831 5603 Qui
868 5551 1109 5611 praeceps
1150 5540 1220 5595 ad
1263 5540 1557 5595 vindictam
1604 5542 1971 5618 ultionemque

2099 5552 2229 5604 Ῑοῖον
2259 5552 2444 5622 θηρίον
2476 5554 2532 5605 ἐν
2565 5553 2696 5622 ἡμῖν
2733 5553 2832 5605 οὐκ
2861 5552 3007 5606 ἐστιν
3036 5569 3049 5617 ;
3097 5551 3158 5604 Ὀ
3202 5551 3525 5623 θηλυμανὴς
3560 5554 3688 5609 οὐχ

400 5626 595 5689 fertur.
632 5645 811 5685 nonne
841 5639 923 5687 est
946 5633 1129 5702 vipera
1168 5634 1541 5704 gravissima?
1588 5632 1728 5701 Quid
1763 5652 1965 5695 avarus

2104 5663 2216 5698 στιν
2245 5646 2405 5707 ἵππος
2444 5646 2896 5717 ἐπιμαινὸμενοςς
2926 5645 3109 5698 ’Ίπποι
3140 5644 3269 5715 γάρ,
3298 5647 3448 5715 φησι,
3487 5644 3677 5715 θηλυ-

403 5719 556 5787 ipse?
576 5734 756 5776 nonne
784 5722 944 5792 lupus
976 5734 1060 5779 est
1094 5725 1523 5796 rapacissimus?
1549 5724 1703 5781 Nulla
1726 5729 1780 5783 in
1807 5733 1965 5790 nobis

2099 5740 2266 5801 ιανεῖς
2312 5736 2664 5808 ἐγενήθησαν,
2704 5739 2932 5801 ἕκαστος
2984 5737 3075 5790 ἐπὶ
3126 5738 3224 5808 τὴν
3274 5738 3511 5806 γυναῖκα
3562 5737 3674 5789 τοῦ

400 5814 519 5871 {era
546 5828 654 5869 non
690 5815 981 5871 invenitur.
1041 5817 1141 5885 Qui
1188 5818 1509 5875 feminarum
1562 5823 1838 5879 amoribus
1879 5827 1964 5881 ln-

2099 5827 2296 5898 ελησίον
2354 5826 2518 5881 αὑτοῦ
2575 5829 2908 5900 ἐχρεμέτιζε.
2964 5828 3278 5899 Μετέθηκεν
3337 5824 3499 5881 αὐτὸν
3558 5828 3677 5882 ἐπὶ
