  <div class='ocr_page' id='page_1' title='image "/cluster/home/n/w/nwhite01/storage/ocr_20150623/44/hvd.32044012542270/148.png"; bbox 0 0 3996 6504; ppageno 0'>
   <div class='ocr_carea' id='block_1_1' title="bbox 320 368 417 422">
    <p class='ocr_par' dir='ltr' id='par_1_1' title="bbox 320 368 417 422">
     <span class='ocr_line' id='line_1_1' title="bbox 320 368 417 422; baseline -0.031 0"><span class='ocrx_word' id='word_1_1' title='bbox 320 368 417 422; x_wconf 74' lang='lat'><strong>277</strong></span> 
     </span>
    </p>
   </div>
   <div class='ocr_carea' id='block_1_2' title="bbox 1055 366 2837 442">
    <p class='ocr_par' dir='ltr' id='par_1_2' title="bbox 1055 366 2837 442">
     <span class='ocr_line' id='line_1_2' title="bbox 1055 366 2837 442; baseline 0.007 -21"><span class='ocrx_word' id='word_1_2' title='bbox 1055 366 1122 421; x_wconf 79' lang='lat' dir='ltr'><strong>IN</strong></span> <span class='ocrx_word' id='word_1_3' title='bbox 1164 368 1424 434; x_wconf 75' lang='lat' dir='ltr'><strong>VERBA,</strong></span> <span class='ocrx_word' id='word_1_4' title='bbox 1467 369 1843 427; x_wconf 76' lang='lat' dir='ltr'><strong>FACIAMUS</strong></span> <span class='ocrx_word' id='word_1_5' title='bbox 1885 371 2274 439; x_wconf 78' lang='grc' dir='ltr'><strong>ΙΙΟΜΙΝΕΜ,</strong></span> <span class='ocrx_word' id='word_1_6' title='bbox 2318 375 2494 442; x_wconf 85' lang='lat' dir='ltr'><strong>ETC.,</strong></span> <span class='ocrx_word' id='word_1_7' title='bbox 2527 377 2734 435; x_wconf 77' lang='lat' dir='ltr'><strong>ORAT.</strong></span> <span class='ocrx_word' id='word_1_8' title='bbox 2776 378 2837 434; x_wconf 88' lang='lat' dir='ltr'><strong>ll.</strong></span> 
     </span>
    </p>
   </div>
   <div class='ocr_carea' id='block_1_3' title="bbox 3412 376 3552 433">
    <p class='ocr_par' dir='ltr' id='par_1_3' title="bbox 3412 376 3552 433">
     <span class='ocr_line' id='line_1_3' title="bbox 3412 376 3552 433; baseline 0.057 -7"><span class='ocrx_word' id='word_1_9' title='bbox 3412 415 3419 425; x_wconf 85' lang='grc'><strong><em>,</em></strong></span> <span class='ocrx_word' id='word_1_10' title='bbox 3440 376 3552 433; x_wconf 72' lang='grc'><strong>-278</strong></span> 
     </span>
    </p>
   </div>
   <div class='ocr_carea' id='block_1_4' title="bbox 320 482 1886 571">
    <p class='ocr_par' dir='ltr' id='par_1_4' title="bbox 320 482 1885 561">
     <span class='ocr_line' id='line_1_4' title="bbox 320 482 1885 561; baseline 0.002 -22"><span class='ocrx_word' id='word_1_11' title='bbox 320 488 409 557; x_wconf 70' lang='grc' dir='ltr'>τὴν</span> <span class='ocrx_word' id='word_1_12' title='bbox 454 484 557 536; x_wconf 80' lang='grc' dir='ltr'><strong>τῶν</strong></span> <span class='ocrx_word' id='word_1_13' title='bbox 607 482 818 551; x_wconf 85' lang='grc' dir='ltr'>ἀλόγων</span> <span class='ocrx_word' id='word_1_14' title='bbox 873 483 1050 552; x_wconf 69' lang='grc' dir='ltr'>φύσιν,</span> <span class='ocrx_word' id='word_1_15' title='bbox 1086 486 1176 539; x_wconf 69' lang='grc' dir='ltr'><strong>διὰ</strong></span> <span class='ocrx_word' id='word_1_16' title='bbox 1224 486 1321 539; x_wconf 80' lang='grc' dir='ltr'>τοῦ</span> <span class='ocrx_word' id='word_1_17' title='bbox 1378 487 1581 552; x_wconf 80' lang='grc' dir='ltr'><strong>πάθους</strong></span> <span class='ocrx_word' id='word_1_18' title='bbox 1629 483 1673 557; x_wconf 78' lang='grc' dir='ltr'><strong>ᾧ</strong></span> <span class='ocrx_word' id='word_1_19' title='bbox 1721 506 1885 561; x_wconf 87' lang='grc' dir='ltr'>προσ-</span> 
     </span>
    </p>
   </div>
   <div class='ocr_carea' id='block_1_5' title="bbox 1989 482 3547 571">
    <p class='ocr_par' dir='ltr' id='par_1_5' title="bbox 1990 492 3547 571">
     <span class='ocr_line' id='line_1_5' title="bbox 1990 492 3547 571; baseline 0.004 -28"><span class='ocrx_word' id='word_1_20' title='bbox 1990 492 2233 561; x_wconf 87' lang='lat' dir='ltr'><strong>saniunt,</strong></span> <span class='ocrx_word' id='word_1_21' title='bbox 2263 507 2445 571; x_wconf 78' lang='lat' dir='ltr'><strong>nonne</strong></span> <span class='ocrx_word' id='word_1_22' title='bbox 2474 493 2667 550; x_wconf 76' lang='lat' dir='ltr'><strong>furiosi</strong></span> <span class='ocrx_word' id='word_1_23' title='bbox 2690 504 2829 552; x_wconf 75' lang='lat' dir='ltr'><strong>&#39;snnt</strong></span> <span class='ocrx_word' id='word_1_24' title='bbox 2864 496 3035 566; x_wconf 82' lang='lat' dir='ltr'><strong>‘equi?</strong></span> <span class='ocrx_word' id='word_1_25' title='bbox 3072 494 3208 565; x_wconf 84' lang='lat' dir='ltr'><strong>Equi</strong></span> <span class='ocrx_word' id='word_1_26' title='bbox 3254 504 3547 561; x_wconf 74' lang='lat' dir='ltr'><strong>amatores,</strong></span> 
     </span>
    </p>
   </div>
   <div class='ocr_carea' id='block_1_6' title="bbox 318 570 1881 648">
    <p class='ocr_par' dir='ltr' id='par_1_6' title="bbox 318 570 1881 648">
     <span class='ocr_line' id='line_1_6' title="bbox 318 570 1881 648; baseline 0.002 -19"><span class='ocrx_word' id='word_1_27' title='bbox 318 574 575 645; x_wconf 80' lang='grc' dir='ltr'>ῳκειὼθη.</span> <span class='ocrx_word' id='word_1_28' title='bbox 620 574 795 628; x_wconf 86' lang='grc' dir='ltr'>Πολλά</span> <span class='ocrx_word' id='word_1_29' title='bbox 833 570 925 627; x_wconf 78' lang='grc' dir='ltr'>οὖν</span> <span class='ocrx_word' id='word_1_30' title='bbox 952 574 1115 646; x_wconf 80' lang='grc' dir='ltr'>θηρία</span> <span class='ocrx_word' id='word_1_31' title='bbox 1158 580 1216 630; x_wconf 78' lang='grc' dir='ltr'>ἐν</span> <span class='ocrx_word' id='word_1_32' title='bbox 1245 578 1395 648; x_wconf 79' lang='grc' dir='ltr'>ἡμῖν.</span> <span class='ocrx_word' id='word_1_33' title='bbox 1441 580 1656 647; x_wconf 84' lang='grc' dir='ltr'>Ἐγένου</span> <span class='ocrx_word' id='word_1_34' title='bbox 1704 580 1881 633; x_wconf 81' lang='grc' dir='ltr'><strong>τοίνυν</strong></span> 
     </span>
    </p>
   </div>
   <div class='ocr_carea' id='block_1_7' title="bbox 320 665 1880 740">
    <p class='ocr_par' dir='ltr' id='par_1_7' title="bbox 320 665 1880 740">
     <span class='ocr_line' id='line_1_7' title="bbox 320 665 1880 740; baseline 0.004 -19"><span class='ocrx_word' id='word_1_35' title='bbox 320 670 492 739; x_wconf 86' lang='grc' dir='ltr'>ἄρχων</span> <span class='ocrx_word' id='word_1_36' title='bbox 520 665 739 735; x_wconf 88' lang='grc' dir='ltr'>θηρίων,</span> <span class='ocrx_word' id='word_1_37' title='bbox 775 667 823 719; x_wconf 83' lang='grc' dir='ltr'><strong>εί</strong></span> <span class='ocrx_word' id='word_1_38' title='bbox 854 666 961 720; x_wconf 86' lang='grc' dir='ltr'><strong>τῶν</strong></span> <span class='ocrx_word' id='word_1_39' title='bbox 988 667 1092 733; x_wconf 74' lang='grc' dir='ltr'><strong>ἔξω</strong></span> <span class='ocrx_word' id='word_1_40' title='bbox 1119 668 1340 740; x_wconf 77' lang='grc' dir='ltr'>ἄρχεις,</span> <span class='ocrx_word' id='word_1_41' title='bbox 1380 670 1447 723; x_wconf 83' lang='grc' dir='ltr'><strong>τά</strong></span> <span class='ocrx_word' id='word_1_42' title='bbox 1478 671 1533 724; x_wconf 84' lang='grc' dir='ltr'>δὲ</span> <span class='ocrx_word' id='word_1_43' title='bbox 1566 671 1711 724; x_wconf 78' lang='grc' dir='ltr'>ἔνδον</span> <span class='ocrx_word' id='word_1_44' title='bbox 1743 673 1880 727; x_wconf 77' lang='grc' dir='ltr'>ἀϐα-</span> 
     </span>
    </p>
   </div>
   <div class='ocr_carea' id='block_1_8' title="bbox 322 755 1875 835">
    <p class='ocr_par' dir='ltr' id='par_1_8' title="bbox 322 755 1875 835">
     <span class='ocr_line' id='line_1_8' title="bbox 322 755 1875 835; baseline 0.003 -23"><span class='ocrx_word' id='word_1_45' title='bbox 322 761 524 812; x_wconf 79' lang='grc' dir='ltr'>σίλευτα</span> <span class='ocrx_word' id='word_1_46' title='bbox 556 759 931 829; x_wconf 73' lang='grc' dir='ltr'>καταλείψειςς</span> <span class='ocrx_word' id='word_1_47' title='bbox 962 755 1086 824; x_wconf 79' lang='grc' dir='ltr'>Οἷος</span> <span class='ocrx_word' id='word_1_48' title='bbox 1109 762 1205 833; x_wconf 77' lang='grc' dir='ltr'><strong>ἔσῃ</strong></span> <span class='ocrx_word' id='word_1_49' title='bbox 1231 762 1307 833; x_wconf 82' lang='grc' dir='ltr'><strong>τῷ</strong></span> <span class='ocrx_word' id='word_1_50' title='bbox 1337 763 1581 835; x_wconf 86' lang='grc' dir='ltr'>λογισμῷ</span> <span class='ocrx_word' id='word_1_51' title='bbox 1610 765 1751 819; x_wconf 81' lang='grc' dir='ltr'>κατά</span> <span class='ocrx_word' id='word_1_52' title='bbox 1780 763 1875 818; x_wconf 79' lang='grc' dir='ltr'><strong>τοῦ</strong></span> 
     </span>
    </p>
   </div>
   <div class='ocr_carea' id='block_1_9' title="bbox 319 848 1872 925">
    <p class='ocr_par' dir='ltr' id='par_1_9' title="bbox 319 848 1872 925">
     <span class='ocr_line' id='line_1_9' title="bbox 319 848 1872 925; baseline 0.004 -24"><span class='ocrx_word' id='word_1_53' title='bbox 319 851 519 913; x_wconf 81' lang='grc' dir='ltr'>λέοντος</span> <span class='ocrx_word' id='word_1_54' title='bbox 548 849 642 919; x_wconf 85' lang='grc' dir='ltr'>μὲν</span> <span class='ocrx_word' id='word_1_55' title='bbox 669 848 877 920; x_wconf 83' lang='grc' dir='ltr'>φρονῶν</span> <span class='ocrx_word' id='word_1_56' title='bbox 908 851 1002 903; x_wconf 82' lang='grc' dir='ltr'><strong>καί</strong></span> <span class='ocrx_word' id='word_1_57' title='bbox 1034 852 1388 922; x_wconf 77' lang='grc' dir='ltr'>καταφρονῶν</span> <span class='ocrx_word' id='word_1_58' title='bbox 1421 854 1584 907; x_wconf 76' lang='grc' dir='ltr'>αὑτοῦ</span> <span class='ocrx_word' id='word_1_59' title='bbox 1619 853 1712 906; x_wconf 84' lang='grc' dir='ltr'>τοῦ</span> <span class='ocrx_word' id='word_1_60' title='bbox 1750 854 1872 925; x_wconf 88' lang='grc' dir='ltr'>βρυ-</span> 
     </span>
    </p>
   </div>
   <div class='ocr_carea' id='block_1_10' title="bbox 317 938 1880 1015">
    <p class='ocr_par' dir='ltr' id='par_1_10' title="bbox 317 938 1880 1015">
     <span class='ocr_line' id='line_1_10' title="bbox 317 938 1880 1015; baseline -0.004 -24"><span class='ocrx_word' id='word_1_61' title='bbox 317 941 381 1009; x_wconf 81' lang='grc' dir='ltr'>χή</span> <span class='ocrx_word' id='word_1_62' title='bbox 389 955 569 1009; x_wconf 89' lang='grc' dir='ltr'>ματος,</span> <span class='ocrx_word' id='word_1_63' title='bbox 590 938 764 1008; x_wconf 84' lang='grc' dir='ltr'>πρίων</span> <span class='ocrx_word' id='word_1_64' title='bbox 792 938 846 991; x_wconf 85' lang='grc' dir='ltr'>δὲ</span> <span class='ocrx_word' id='word_1_65' title='bbox 871 940 995 1002; x_wconf 78' lang='grc' dir='ltr'>τοὺς</span> <span class='ocrx_word' id='word_1_66' title='bbox 1026 939 1241 1004; x_wconf 75' lang='grc' dir='ltr'>ὀδόντας</span> <span class='ocrx_word' id='word_1_67' title='bbox 1264 943 1358 994; x_wconf 73' lang='grc' dir='ltr'><strong>καὶ</strong></span> <span class='ocrx_word' id='word_1_68' title='bbox 1385 944 1483 1012; x_wconf 85' lang='grc' dir='ltr'>τὴν</span> <span class='ocrx_word' id='word_1_69' title='bbox 1515 945 1696 1015; x_wconf 75' lang='grc' dir='ltr'>φωνὴν</span> <span class='ocrx_word' id='word_1_70' title='bbox 1717 945 1880 1015; x_wconf 78' lang='grc' dir='ltr'><strong>ἄναρ-</strong></span> 
     </span>
    </p>
   </div>
   <div class='ocr_carea' id='block_1_11' title="bbox 319 1029 1883 1107">
    <p class='ocr_par' dir='ltr' id='par_1_11' title="bbox 319 1029 1883 1107">
     <span class='ocr_line' id='line_1_11' title="bbox 319 1029 1883 1107; baseline 0.004 -23"><span class='ocrx_word' id='word_1_71' title='bbox 319 1032 439 1102; x_wconf 86' lang='grc' dir='ltr'>θρον</span> <span class='ocrx_word' id='word_1_72' title='bbox 469 1029 642 1098; x_wconf 77' lang='grc' dir='ltr'>ἀφεὶς,</span> <span class='ocrx_word' id='word_1_73' title='bbox 680 1029 772 1083; x_wconf 84' lang='grc' dir='ltr'>τοῦ</span> <span class='ocrx_word' id='word_1_74' title='bbox 821 1029 993 1101; x_wconf 79' lang='grc' dir='ltr'>θυμοῦ</span> <span class='ocrx_word' id='word_1_75' title='bbox 1027 1030 1174 1085; x_wconf 76' lang='grc' dir='ltr'>ἔνδον</span> <span class='ocrx_word' id='word_1_76' title='bbox 1219 1032 1340 1086; x_wconf 84' lang='grc' dir='ltr'>ὅλου</span> <span class='ocrx_word' id='word_1_77' title='bbox 1382 1033 1519 1105; x_wconf 81' lang='grc' dir='ltr'>ὀμοῦ</span> <span class='ocrx_word' id='word_1_78' title='bbox 1554 1039 1883 1107; x_wconf 81' lang='grc' dir='ltr'>προσπεσεῖν</span> 
     </span>
    </p>
   </div>
   <div class='ocr_carea' id='block_1_12' title="bbox 318 1121 1880 1196">
    <p class='ocr_par' dir='ltr' id='par_1_12' title="bbox 318 1121 1880 1196">
     <span class='ocr_line' id='line_1_12' title="bbox 318 1121 1880 1196; baseline 0.004 -21"><span class='ocrx_word' id='word_1_79' title='bbox 318 1121 766 1190; x_wconf 75' lang='grc' dir='ltr'>φιλονεικοῦντοςς</span> <span class='ocrx_word' id='word_1_80' title='bbox 798 1123 863 1175; x_wconf 88' lang='grc' dir='ltr'>Τί</span> <span class='ocrx_word' id='word_1_81' title='bbox 896 1122 1085 1177; x_wconf 82' lang='grc' dir='ltr'>τούτου</span> <span class='ocrx_word' id='word_1_82' title='bbox 1127 1124 1523 1196; x_wconf 85' lang='grc' dir='ltr'>χαλεπώτερον,</span> <span class='ocrx_word' id='word_1_83' title='bbox 1558 1127 1677 1179; x_wconf 79' lang='grc' dir='ltr'>οὐδὲ</span> <span class='ocrx_word' id='word_1_84' title='bbox 1711 1145 1880 1181; x_wconf 78' lang='grc' dir='ltr'>κατα-</span> 
     </span>
    </p>
   </div>
   <div class='ocr_carea' id='block_1_13' title="bbox 312 1211 1881 1286">
    <p class='ocr_par' dir='ltr' id='par_1_13' title="bbox 312 1211 1881 1286">
     <span class='ocr_line' id='line_1_13' title="bbox 312 1211 1881 1286; baseline 0.004 -22"><span class='ocrx_word' id='word_1_85' title='bbox 312 1212 491 1282; x_wconf 82' lang='grc' dir='ltr'>μένειν</span> <span class='ocrx_word' id='word_1_86' title='bbox 528 1211 674 1264; x_wconf 79' lang='grc' dir='ltr'>ἔνδον</span> <span class='ocrx_word' id='word_1_87' title='bbox 705 1213 1130 1283; x_wconf 78' lang='grc' dir='ltr'>συγχωροῦντος,</span> <span class='ocrx_word' id='word_1_88' title='bbox 1168 1216 1295 1267; x_wconf 84' lang='grc' dir='ltr'>ὅταν</span> <span class='ocrx_word' id='word_1_89' title='bbox 1333 1216 1616 1286; x_wconf 83' lang='grc' dir='ltr'>ἄνθρωπος</span> <span class='ocrx_word' id='word_1_90' title='bbox 1656 1218 1760 1270; x_wconf 82' lang='grc' dir='ltr'><strong>ὑπὸ</strong></span> <span class='ocrx_word' id='word_1_91' title='bbox 1787 1216 1881 1270; x_wconf 82' lang='grc' dir='ltr'><strong>τοῦ</strong></span> 
     </span>
    </p>
   </div>
   <div class='ocr_carea' id='block_1_14' title="bbox 316 1303 1897 1384">
    <p class='ocr_par' dir='ltr' id='par_1_14' title="bbox 316 1303 1897 1384">
     <span class='ocr_line' id='line_1_14' title="bbox 316 1303 1897 1384; baseline 0.001 -28"><span class='ocrx_word' id='word_1_92' title='bbox 316 1304 514 1366; x_wconf 75' lang='grc' dir='ltr'>πάθους</span> <span class='ocrx_word' id='word_1_93' title='bbox 540 1303 783 1375; x_wconf 78' lang='grc' dir='ltr'><strong>κρατηθῇ</strong></span> <span class='ocrx_word' id='word_1_94' title='bbox 814 1319 829 1330; x_wconf 72' lang='grc'><strong><em>⁸</em></strong></span> <span class='ocrx_word' id='word_1_95' title='bbox 861 1306 988 1358; x_wconf 77' lang='grc' dir='ltr'>ὅταν</span> <span class='ocrx_word' id='word_1_96' title='bbox 1009 1307 1036 1358; x_wconf 82' lang='grc' dir='ltr'><strong>ὁ</strong></span> <span class='ocrx_word' id='word_1_97' title='bbox 1069 1305 1237 1376; x_wconf 82' lang='grc' dir='ltr'>θυμὸς</span> <span class='ocrx_word' id='word_1_98' title='bbox 1278 1308 1366 1363; x_wconf 73' lang='grc' dir='ltr'>τὸν</span> <span class='ocrx_word' id='word_1_99' title='bbox 1388 1310 1637 1384; x_wconf 75' lang='grc' dir='ltr'>λογισμὸν</span> <span class='ocrx_word' id='word_1_100' title='bbox 1652 1307 1897 1376; x_wconf 83' lang='grc' dir='ltr'>παρωσά-</span> 
     </span>
    </p>
   </div>
   <div class='ocr_carea' id='block_1_15' title="bbox 318 1393 1881 1468">
    <p class='ocr_par' dir='ltr' id='par_1_15' title="bbox 318 1393 1881 1468">
     <span class='ocr_line' id='line_1_15' title="bbox 318 1393 1881 1468; baseline 0.001 -22"><span class='ocrx_word' id='word_1_101' title='bbox 318 1407 466 1463; x_wconf 86' lang='grc' dir='ltr'>μενος</span> <span class='ocrx_word' id='word_1_102' title='bbox 486 1434 503 1459; x_wconf 84' lang='grc'><strong>,</strong></span> <span class='ocrx_word' id='word_1_103' title='bbox 563 1394 722 1456; x_wconf 77' lang='grc' dir='ltr'>αὐτὸς</span> <span class='ocrx_word' id='word_1_104' title='bbox 748 1394 846 1464; x_wconf 77' lang='grc' dir='ltr'>τὴν</span> <span class='ocrx_word' id='word_1_105' title='bbox 878 1395 1193 1448; x_wconf 76' lang='grc' dir='ltr'>δυναστείαν</span> <span class='ocrx_word' id='word_1_106' title='bbox 1220 1395 1319 1466; x_wconf 81' lang='grc' dir='ltr'>τῆς</span> <span class='ocrx_word' id='word_1_107' title='bbox 1348 1393 1526 1466; x_wconf 76' lang='grc' dir='ltr'>ψυχῆς</span> <span class='ocrx_word' id='word_1_108' title='bbox 1555 1395 1881 1468; x_wconf 71' lang='grc' dir='ltr'>παραλά6ῃ;</span> 
     </span>
    </p>
   </div>
   <div class='ocr_carea' id='block_1_16' title="bbox 320 1487 1887 1561">
    <p class='ocr_par' dir='ltr' id='par_1_16' title="bbox 320 1487 1887 1561">
     <span class='ocr_line' id='line_1_16' title="bbox 320 1487 1887 1561; baseline 0.001 -21"><span class='ocrx_word' id='word_1_109' title='bbox 320 1489 528 1559; x_wconf 84' lang='grc' dir='ltr'>Ἀρχων</span> <span class='ocrx_word' id='word_1_110' title='bbox 555 1488 733 1541; x_wconf 87' lang='grc' dir='ltr'>τοίνυν</span> <span class='ocrx_word' id='word_1_111' title='bbox 762 1488 1035 1559; x_wconf 82' lang='grc' dir='ltr'>ὲκτίσθης,</span> <span class='ocrx_word' id='word_1_112' title='bbox 1089 1490 1273 1560; x_wconf 75' lang='grc' dir='ltr'>ἄρχων</span> <span class='ocrx_word' id='word_1_113' title='bbox 1317 1487 1525 1552; x_wconf 86' lang='grc' dir='ltr'>παθῶν,</span> <span class='ocrx_word' id='word_1_114' title='bbox 1575 1490 1758 1561; x_wconf 80' lang='grc' dir='ltr'>ἄρχων</span> <span class='ocrx_word' id='word_1_115' title='bbox 1790 1489 1887 1561; x_wconf 88' lang='grc' dir='ltr'>θη-</span> 
     </span>
    </p>
   </div>
   <div class='ocr_carea' id='block_1_17' title="bbox 316 1579 1887 1653">
    <p class='ocr_par' dir='ltr' id='par_1_17' title="bbox 316 1579 1887 1653">
     <span class='ocr_line' id='line_1_17' title="bbox 316 1579 1887 1653; baseline 0.001 -20"><span class='ocrx_word' id='word_1_116' title='bbox 316 1580 461 1650; x_wconf 91' lang='grc' dir='ltr'>ρίων,</span> <span class='ocrx_word' id='word_1_117' title='bbox 509 1579 691 1650; x_wconf 74' lang='grc' dir='ltr'>ἄρχων</span> <span class='ocrx_word' id='word_1_118' title='bbox 721 1579 989 1651; x_wconf 80' lang='grc' dir='ltr'>ἑρπετῶν,</span> <span class='ocrx_word' id='word_1_119' title='bbox 1038 1581 1222 1651; x_wconf 79' lang='grc' dir='ltr'>ἄρχων</span> <span class='ocrx_word' id='word_1_120' title='bbox 1267 1582 1504 1653; x_wconf 85' lang='grc' dir='ltr'>πτηνῶν.</span> <span class='ocrx_word' id='word_1_121' title='bbox 1532 1582 1693 1652; x_wconf 85' lang='grc' dir='ltr'>Μήτε</span> <span class='ocrx_word' id='word_1_122' title='bbox 1740 1580 1887 1650; x_wconf 87' lang='grc' dir='ltr'>λογι-</span> 
     </span>
    </p>
   </div>
   <div class='ocr_carea' id='block_1_18' title="bbox 314 1671 1883 1745">
    <p class='ocr_par' dir='ltr' id='par_1_18' title="bbox 314 1671 1883 1745">
     <span class='ocr_line' id='line_1_18' title="bbox 314 1671 1883 1745; baseline 0 -20"><span class='ocrx_word' id='word_1_123' title='bbox 314 1673 477 1743; x_wconf 80' lang='grc' dir='ltr'>σμοὺς</span> <span class='ocrx_word' id='word_1_124' title='bbox 523 1671 616 1743; x_wconf 81' lang='grc' dir='ltr'><strong>ἔχε</strong></span> <span class='ocrx_word' id='word_1_125' title='bbox 672 1673 1153 1745; x_wconf 86' lang='grc' dir='ltr'>μετεωροπόρους,</span> <span class='ocrx_word' id='word_1_126' title='bbox 1206 1674 1339 1744; x_wconf 81' lang='grc' dir='ltr'>μηδὲ</span> <span class='ocrx_word' id='word_1_127' title='bbox 1386 1673 1587 1745; x_wconf 68' lang='grc' dir='ltr'>κοῦφος</span> <span class='ocrx_word' id='word_1_128' title='bbox 1640 1674 1733 1727; x_wconf 81' lang='grc' dir='ltr'>ἔσο</span> <span class='ocrx_word' id='word_1_129' title='bbox 1788 1674 1883 1728; x_wconf 71' lang='grc' dir='ltr'><strong>καὶ</strong></span> 
     </span>
    </p>
   </div>
   <div class='ocr_carea' id='block_1_19' title="bbox 1985 568 3556 658">
    <p class='ocr_par' dir='ltr' id='par_1_19' title="bbox 1985 568 3556 658">
     <span class='ocr_line' id='line_1_19' title="bbox 1985 568 3556 658; baseline 0.003 -21"><span class='ocrx_word' id='word_1_130' title='bbox 1985 584 2180 653; x_wconf 82' lang='lat' dir='ltr'><strong>inquit,</strong></span> <span class='ocrx_word' id='word_1_131' title='bbox 2210 568 2556 641; x_wconf 40' lang='lat' dir='ltr'><strong>etimissarii</strong></span> <span class='ocrx_word' id='word_1_132' title='bbox 2593 587 2720 643; x_wconf 78' lang='lat' dir='ltr'><strong>facti</strong></span> <span class='ocrx_word' id='word_1_133' title='bbox 2747 597 2899 656; x_wconf 92' lang='lat' dir='ltr'><strong>sunt,</strong></span> <span class='ocrx_word' id='word_1_134' title='bbox 2918 589 3296 658; x_wconf 67' lang='lat' dir='ltr'><strong>unusquiiique</strong></span> <span class='ocrx_word' id='word_1_135' title='bbox 3316 588 3384 643; x_wconf 89' lang='lat' dir='ltr'><strong>ad</strong></span> <span class='ocrx_word' id='word_1_136' title='bbox 3419 605 3556 643; x_wconf 81' lang='lat' dir='ltr'><strong>uxo-</strong></span> 
     </span>
    </p>
   </div>
   <div class='ocr_carea' id='block_1_20' title="bbox 1983 674 3557 746">
    <p class='ocr_par' dir='ltr' id='par_1_20' title="bbox 1983 674 3557 746">
     <span class='ocr_line' id='line_1_20' title="bbox 1983 674 3557 746; baseline 0.003 -22"><span class='ocrx_word' id='word_1_137' title='bbox 1983 687 2098 725; x_wconf 90' lang='lat' dir='ltr'><strong>rem</strong></span> <span class='ocrx_word' id='word_1_138' title='bbox 2132 674 2365 742; x_wconf 78' lang='lat' dir='ltr'><strong>proximi</strong></span> <span class='ocrx_word' id='word_1_139' title='bbox 2422 675 2508 729; x_wconf 84' lang='lat' dir='ltr'><strong>sui</strong></span> <span class='ocrx_word' id='word_1_140' title='bbox 2567 675 2869 731; x_wconf 89' lang='lat' dir='ltr'><strong>hinniebat.</strong></span> <span class='ocrx_word' id='word_1_141' title='bbox 2931 676 3021 731; x_wconf 85' lang='lat' dir='ltr'><strong>Sic</strong></span> <span class='ocrx_word' id='word_1_142' title='bbox 3065 676 3123 731; x_wconf 87' lang='lat' dir='ltr'><strong>in</strong></span> <span class='ocrx_word' id='word_1_143' title='bbox 3157 676 3389 746; x_wconf 84' lang='lat' dir='ltr'><strong>alicujus</strong></span> <span class='ocrx_word' id='word_1_144' title='bbox 3427 676 3557 732; x_wconf 70' lang='lat' dir='ltr'><strong>ferae</strong></span> 
     </span>
    </p>
   </div>
   <div class='ocr_carea' id='block_1_21' title="bbox 1983 764 3552 837">
    <p class='ocr_par' dir='ltr' id='par_1_21' title="bbox 1983 764 3552 837">
     <span class='ocr_line' id='line_1_21' title="bbox 1983 764 3552 837; baseline 0.003 -23"><span class='ocrx_word' id='word_1_145' title='bbox 1983 771 2230 816; x_wconf 87' lang='lat' dir='ltr'><strong>naturam</strong></span> <span class='ocrx_word' id='word_1_146' title='bbox 2263 764 2497 834; x_wconf 91' lang='lat' dir='ltr'><strong>quisque</strong></span> <span class='ocrx_word' id='word_1_147' title='bbox 2542 766 2907 831; x_wconf 72' lang='lat' dir='ltr'><strong>convertitur,</strong></span> <span class='ocrx_word' id='word_1_148' title='bbox 2950 775 3112 837; x_wconf 84' lang='lat' dir='ltr'><strong>prout</strong></span> <span class='ocrx_word' id='word_1_149' title='bbox 3159 766 3346 836; x_wconf 88' lang='lat' dir='ltr'><strong>aliquo</strong></span> <span class='ocrx_word' id='word_1_150' title='bbox 3385 766 3552 820; x_wconf 86' lang='lat' dir='ltr'><strong>animi</strong></span> 
     </span>
    </p>
   </div>
   <div class='ocr_carea' id='block_1_22' title="bbox 1985 854 3556 928">
    <p class='ocr_par' dir='ltr' id='par_1_22' title="bbox 1985 854 3556 928">
     <span class='ocr_line' id='line_1_22' title="bbox 1985 854 3556 928; baseline 0.003 -22"><span class='ocrx_word' id='word_1_151' title='bbox 1985 854 2115 907; x_wconf 86' lang='lat' dir='ltr'><strong>vitio</strong></span> <span class='ocrx_word' id='word_1_152' title='bbox 2140 855 2653 926; x_wconf 89' lang='lat' dir='ltr'><strong>perturbationeque</strong></span> <span class='ocrx_word' id='word_1_153' title='bbox 2685 857 2942 912; x_wconf 85' lang='lat' dir='ltr'><strong>vincitur.</strong></span> <span class='ocrx_word' id='word_1_154' title='bbox 2977 856 3053 912; x_wconf 81' lang='lat' dir='ltr'><strong>Ex</strong></span> <span class='ocrx_word' id='word_1_155' title='bbox 3086 873 3197 928; x_wconf 89' lang='lat' dir='ltr'><strong>quo</strong></span> <span class='ocrx_word' id='word_1_156' title='bbox 3245 857 3324 922; x_wconf 84' lang='lat' dir='ltr'><strong>ﬁt,</strong></span> <span class='ocrx_word' id='word_1_157' title='bbox 3377 867 3437 911; x_wconf 88' lang='lat' dir='ltr'><strong>ut</strong></span> <span class='ocrx_word' id='word_1_158' title='bbox 3472 858 3556 911; x_wconf 89' lang='lat' dir='ltr'><strong>in—</strong></span> 
     </span>
    </p>
   </div>
   <div class='ocr_carea' id='block_1_23' title="bbox 1984 946 3556 1018">
    <p class='ocr_par' dir='ltr' id='par_1_23' title="bbox 1984 946 3556 1018">
     <span class='ocr_line' id='line_1_23' title="bbox 1984 946 3556 1018; baseline 0.002 -18"><span class='ocrx_word' id='word_1_159' title='bbox 1984 946 2353 1004; x_wconf 83' lang='lat' dir='ltr'><strong>numerabiles</strong></span> <span class='ocrx_word' id='word_1_160' title='bbox 2402 948 2459 1003; x_wconf 90' lang='lat' dir='ltr'><strong>in</strong></span> <span class='ocrx_word' id='word_1_161' title='bbox 2516 949 2677 1004; x_wconf 88' lang='lat' dir='ltr'><strong>nobis</strong></span> <span class='ocrx_word' id='word_1_162' title='bbox 2717 948 2829 1004; x_wconf 89' lang='lat' dir='ltr'><strong>sint</strong></span> <span class='ocrx_word' id='word_1_163' title='bbox 2873 950 3018 1004; x_wconf 70' lang='lat' dir='ltr'><strong>feras.</strong></span> <span class='ocrx_word' id='word_1_164' title='bbox 3055 950 3246 1005; x_wconf 86' lang='lat' dir='ltr'><strong>Credis</strong></span> <span class='ocrx_word' id='word_1_165' title='bbox 3300 949 3466 1018; x_wconf 77' lang='lat' dir='ltr'><strong>igitur</strong></span> <span class='ocrx_word' id='word_1_166' title='bbox 3506 958 3556 1003; x_wconf 92' lang='lat' dir='ltr'><strong>te</strong></span> 
     </span>
    </p>
   </div>
   <div class='ocr_carea' id='block_1_24' title="bbox 1985 1039 3557 1111">
    <p class='ocr_par' dir='ltr' id='par_1_24' title="bbox 1985 1039 3557 1111">
     <span class='ocr_line' id='line_1_24' title="bbox 1985 1039 3557 1111; baseline 0 -18"><span class='ocrx_word' id='word_1_167' title='bbox 1985 1040 2222 1094; x_wconf 79' lang='lat' dir='ltr'><strong>ferarum</strong></span> <span class='ocrx_word' id='word_1_168' title='bbox 2249 1055 2373 1095; x_wconf 90' lang='lat' dir='ltr'><strong>esse</strong></span> <span class='ocrx_word' id='word_1_169' title='bbox 2398 1039 2704 1105; x_wconf 88' lang='lat' dir='ltr'><strong>dominum,</strong></span> <span class='ocrx_word' id='word_1_170' title='bbox 2739 1056 2803 1095; x_wconf 91' lang='lat' dir='ltr'><strong>ac</strong></span> <span class='ocrx_word' id='word_1_171' title='bbox 2836 1042 3160 1111; x_wconf 82' lang='lat' dir='ltr'><strong>principem,</strong></span> <span class='ocrx_word' id='word_1_172' title='bbox 3209 1040 3254 1096; x_wconf 88' lang='lat' dir='ltr'><strong>si</strong></span> <span class='ocrx_word' id='word_1_173' title='bbox 3292 1041 3557 1109; x_wconf 78' lang='lat' dir='ltr'><strong>illis,qua:</strong></span> 
     </span>
    </p>
   </div>
   <div class='ocr_carea' id='block_1_25' title="bbox 1984 1131 3557 1203">
    <p class='ocr_par' dir='ltr' id='par_1_25' title="bbox 1984 1131 3557 1203">
     <span class='ocr_line' id='line_1_25' title="bbox 1984 1131 3557 1203; baseline 0 -18"><span class='ocrx_word' id='word_1_174' title='bbox 1984 1131 2119 1187; x_wconf 79' lang='lat' dir='ltr'><strong>foris</strong></span> <span class='ocrx_word' id='word_1_175' title='bbox 2147 1140 2296 1197; x_wconf 88' lang='lat' dir='ltr'><strong>sunt,</strong></span> <span class='ocrx_word' id='word_1_176' title='bbox 2328 1132 2583 1203; x_wconf 85' lang='lat' dir='ltr'><strong>imperes.</strong></span> <span class='ocrx_word' id='word_1_177' title='bbox 2624 1147 2718 1188; x_wconf 88' lang='lat' dir='ltr'><strong>eas</strong></span> <span class='ocrx_word' id='word_1_178' title='bbox 2752 1143 2933 1188; x_wconf 84' lang='lat' dir='ltr'><strong>autem</strong></span> <span class='ocrx_word' id='word_1_179' title='bbox 2970 1150 3091 1203; x_wconf 67' lang='lat' dir='ltr'><strong>quae</strong></span> <span class='ocrx_word' id='word_1_180' title='bbox 3135 1134 3285 1189; x_wconf 87' lang='lat' dir='ltr'><strong>intus</strong></span> <span class='ocrx_word' id='word_1_181' title='bbox 3329 1147 3557 1187; x_wconf 84' lang='lat' dir='ltr'><strong>versan—</strong></span> 
     </span>
    </p>
   </div>
   <div class='ocr_carea' id='block_1_26' title="bbox 1983 1219 3554 1291">
    <p class='ocr_par' dir='ltr' id='par_1_26' title="bbox 1983 1219 3554 1291">
     <span class='ocr_line' id='line_1_26' title="bbox 1983 1219 3554 1291; baseline 0.002 -20"><span class='ocrx_word' id='word_1_182' title='bbox 1983 1225 2094 1283; x_wconf 85' lang='lat' dir='ltr'><strong>tur,</strong></span> <span class='ocrx_word' id='word_1_183' title='bbox 2126 1234 2233 1274; x_wconf 90' lang='lat' dir='ltr'><strong>non</strong></span> <span class='ocrx_word' id='word_1_184' title='bbox 2264 1219 2456 1275; x_wconf 89' lang='lat' dir='ltr'><strong>domes</strong></span> <span class='ocrx_word' id='word_1_185' title='bbox 2486 1236 2549 1275; x_wconf 91' lang='lat' dir='ltr'><strong>ac</strong></span> <span class='ocrx_word' id='word_1_186' title='bbox 2584 1222 2785 1291; x_wconf 83' lang='lat' dir='ltr'><strong>regas?</strong></span> <span class='ocrx_word' id='word_1_187' title='bbox 2823 1221 3096 1287; x_wconf 88' lang='lat' dir='ltr'><strong>Quorsum</strong></span> <span class='ocrx_word' id='word_1_188' title='bbox 3126 1222 3223 1276; x_wconf 89' lang='lat' dir='ltr'><strong>tibi</strong></span> <span class='ocrx_word' id='word_1_189' title='bbox 3257 1222 3418 1285; x_wconf 86' lang='lat' dir='ltr'><strong>ratio,</strong></span> <span class='ocrx_word' id='word_1_190' title='bbox 3446 1238 3554 1289; x_wconf 85' lang='lat' dir='ltr'><strong>qua</strong></span> 
     </span>
    </p>
   </div>
   <div class='ocr_carea' id='block_1_27' title="bbox 1986 1308 3553 1382">
    <p class='ocr_par' dir='ltr' id='par_1_27' title="bbox 1986 1308 3553 1382">
     <span class='ocr_line' id='line_1_27' title="bbox 1986 1308 3553 1382; baseline 0.004 -20"><span class='ocrx_word' id='word_1_191' title='bbox 1986 1308 2168 1365; x_wconf 89' lang='lat' dir='ltr'><strong>leones</strong></span> <span class='ocrx_word' id='word_1_192' title='bbox 2189 1310 2376 1379; x_wconf 84' lang='lat' dir='ltr'><strong>vincis,</strong></span> <span class='ocrx_word' id='word_1_193' title='bbox 2414 1327 2710 1382; x_wconf 89' lang='lat' dir='ltr'><strong>eorumque</strong></span> <span class='ocrx_word' id='word_1_194' title='bbox 2751 1311 3026 1366; x_wconf 80' lang='lat' dir='ltr'><strong>fremitum</strong></span> <span class='ocrx_word' id='word_1_195' title='bbox 3066 1329 3174 1367; x_wconf 91' lang='lat' dir='ltr'><strong>non</strong></span> <span class='ocrx_word' id='word_1_196' title='bbox 3208 1312 3553 1374; x_wconf 79' lang='lat' dir='ltr'><strong>reformidas.</strong></span> 
     </span>
    </p>
   </div>
   <div class='ocr_carea' id='block_1_28' title="bbox 1987 1400 3554 1477">
    <p class='ocr_par' dir='ltr' id='par_1_28' title="bbox 1987 1400 3554 1477">
     <span class='ocr_line' id='line_1_28' title="bbox 1987 1400 3554 1477; baseline 0.004 -25"><span class='ocrx_word' id='word_1_197' title='bbox 1987 1416 2109 1453; x_wconf 93' lang='lat' dir='ltr'><strong>cum</strong></span> <span class='ocrx_word' id='word_1_198' title='bbox 2148 1403 2262 1470; x_wconf 90' lang='lat' dir='ltr'><strong>ipse</strong></span> <span class='ocrx_word' id='word_1_199' title='bbox 2289 1400 2547 1459; x_wconf 82' lang='lat' dir='ltr'><strong>dentibus</strong></span> <span class='ocrx_word' id='word_1_200' title='bbox 2576 1404 2795 1463; x_wconf 83' lang='lat' dir='ltr'><strong>frendas</strong></span> <span class='ocrx_word' id='word_1_201' title='bbox 2836 1415 2896 1460; x_wconf 91' lang='lat' dir='ltr'><strong>ut</strong></span> <span class='ocrx_word' id='word_1_202' title='bbox 2926 1408 3029 1471; x_wconf 90' lang='lat' dir='ltr'><strong>leo,</strong></span> <span class='ocrx_word' id='word_1_203' title='bbox 3062 1418 3115 1463; x_wconf 88' lang='lat' dir='ltr'><strong>et</strong></span> <span class='ocrx_word' id='word_1_204' title='bbox 3144 1422 3255 1477; x_wconf 64' lang='lat' dir='ltr'><strong>prae</strong></span> <span class='ocrx_word' id='word_1_205' title='bbox 3274 1405 3554 1461; x_wconf 85' lang='lat' dir='ltr'><strong>iracundia</strong></span> 
     </span>
    </p>
   </div>
   <div class='ocr_carea' id='block_1_29' title="bbox 1987 1492 3557 1568">
    <p class='ocr_par' dir='ltr' id='par_1_29' title="bbox 1987 1492 3557 1568">
     <span class='ocr_line' id='line_1_29' title="bbox 1987 1492 3557 1568; baseline 0.004 -23"><span class='ocrx_word' id='word_1_206' title='bbox 1987 1507 2175 1547; x_wconf 90' lang='lat' dir='ltr'><strong>vocem</strong></span> <span class='ocrx_word' id='word_1_207' title='bbox 2208 1492 2517 1561; x_wconf 78' lang='lat' dir='ltr'><strong>confusam,</strong></span> <span class='ocrx_word' id='word_1_208' title='bbox 2554 1505 2610 1551; x_wconf 93' lang='lat' dir='ltr'><strong>et</strong></span> <span class='ocrx_word' id='word_1_209' title='bbox 2651 1499 3023 1568; x_wconf 88' lang='lat' dir='ltr'><strong>perturbatum</strong></span> <span class='ocrx_word' id='word_1_210' title='bbox 3058 1500 3356 1554; x_wconf 85' lang='lat' dir='ltr'><strong>clamorem</strong></span> <span class='ocrx_word' id='word_1_211' title='bbox 3400 1499 3557 1553; x_wconf 83' lang='lat' dir='ltr'><strong>emit-</strong></span> 
     </span>
    </p>
   </div>
   <div class='ocr_carea' id='block_1_30' title="bbox 1990 1582 3553 1659">
    <p class='ocr_par' dir='ltr' id='par_1_30' title="bbox 1990 1582 3553 1659">
     <span class='ocr_line' id='line_1_30' title="bbox 1990 1582 3553 1659; baseline 0.004 -23"><span class='ocrx_word' id='word_1_212' title='bbox 1990 1583 2105 1637; x_wconf 87' lang='lat' dir='ltr'><strong>tas?</strong></span> <span class='ocrx_word' id='word_1_213' title='bbox 2150 1582 2291 1650; x_wconf 83' lang='lat' dir='ltr'><strong>Quid</strong></span> <span class='ocrx_word' id='word_1_214' title='bbox 2323 1588 2469 1642; x_wconf 90' lang='lat' dir='ltr'><strong>enim</strong></span> <span class='ocrx_word' id='word_1_215' title='bbox 2510 1589 2754 1655; x_wconf 83' lang='lat' dir='ltr'><strong>gravius,</strong></span> <span class='ocrx_word' id='word_1_216' title='bbox 2807 1597 2903 1644; x_wconf 90' lang='lat' dir='ltr'><strong>aut</strong></span> <span class='ocrx_word' id='word_1_217' title='bbox 2948 1590 3201 1646; x_wconf 91' lang='lat' dir='ltr'><strong>acerbius</strong></span> <span class='ocrx_word' id='word_1_218' title='bbox 3238 1600 3343 1652; x_wconf 86' lang='lat' dir='ltr'><strong>est.</strong></span> <span class='ocrx_word' id='word_1_219' title='bbox 3391 1606 3553 1659; x_wconf 87' lang='lat' dir='ltr'><strong>quam</strong></span> 
     </span>
    </p>
   </div>
   <div class='ocr_carea' id='block_1_31' title="bbox 1987 1675 3557 1751">
    <p class='ocr_par' dir='ltr' id='par_1_31' title="bbox 1987 1675 3557 1751">
     <span class='ocr_line' id='line_1_31' title="bbox 1987 1675 3557 1751; baseline 0.006 -25"><span class='ocrx_word' id='word_1_220' title='bbox 1987 1675 2433 1732; x_wconf 70' lang='lat' dir='ltr'><strong>eumiracundiae</strong></span> <span class='ocrx_word' id='word_1_221' title='bbox 2482 1676 2636 1731; x_wconf 81' lang='lat' dir='ltr'><strong>furor</strong></span> <span class='ocrx_word' id='word_1_222' title='bbox 2656 1687 2805 1734; x_wconf 90' lang='lat' dir='ltr'><strong>totus</strong></span> <span class='ocrx_word' id='word_1_223' title='bbox 2854 1695 3144 1751; x_wconf 86' lang='lat' dir='ltr'><strong>erumpere</strong></span> <span class='ocrx_word' id='word_1_224' title='bbox 3192 1682 3406 1745; x_wconf 88' lang='lat' dir='ltr'><strong>nititur,</strong></span> <span class='ocrx_word' id='word_1_225' title='bbox 3456 1696 3557 1735; x_wconf 89' lang='lat' dir='ltr'><strong>nec</strong></span> 
     </span>
    </p>
   </div>
   <div class='ocr_carea' id='block_1_32' title="bbox 313 1762 1886 1840">
    <p class='ocr_par' dir='ltr' id='par_1_32' title="bbox 313 1765 1886 1837">
     <span class='ocr_line' id='line_1_32' title="bbox 313 1765 1886 1837; baseline -0.001 -18"><span class='ocrx_word' id='word_1_226' title='bbox 313 1766 536 1826; x_wconf 81' lang='grc' dir='ltr'>ἀστατος</span> <span class='ocrx_word' id='word_1_227' title='bbox 569 1766 637 1834; x_wconf 81' lang='grc' dir='ltr'>τῇ</span> <span class='ocrx_word' id='word_1_228' title='bbox 672 1765 897 1836; x_wconf 82' lang='grc' dir='ltr'>διανοίᾳ.</span> <span class='ocrx_word' id='word_1_229' title='bbox 928 1765 1153 1835; x_wconf 89' lang='grc' dir='ltr'>ῐΙτηνῶν</span> <span class='ocrx_word' id='word_1_230' title='bbox 1187 1765 1374 1835; x_wconf 77' lang='grc' dir='ltr'>ἄρχειν</span> <span class='ocrx_word' id='word_1_231' title='bbox 1411 1766 1656 1837; x_wconf 73' lang='grc' dir='ltr'>ὲκρίθηςο</span> <span class='ocrx_word' id='word_1_232' title='bbox 1687 1766 1886 1828; x_wconf 83' lang='grc' dir='ltr'>ἄτοπος</span> 
     </span>
    </p>
   </div>
   <div class='ocr_carea' id='block_1_33' title="bbox 1989 1762 3554 1840">
    <p class='ocr_par' dir='ltr' id='par_1_33' title="bbox 1990 1762 3554 1840">
     <span class='ocr_line' id='line_1_33' title="bbox 1990 1762 3554 1840; baseline 0.004 -25"><span class='ocrx_word' id='word_1_233' title='bbox 1990 1762 2138 1818; x_wconf 83' lang='lat' dir='ltr'><strong>intus</strong></span> <span class='ocrx_word' id='word_1_234' title='bbox 2167 1764 2278 1819; x_wconf 91' lang='lat' dir='ltr'><strong>ullo</strong></span> <span class='ocrx_word' id='word_1_235' title='bbox 2318 1766 2478 1820; x_wconf 89' lang='lat' dir='ltr'><strong>modo</strong></span> <span class='ocrx_word' id='word_1_236' title='bbox 2502 1768 2771 1823; x_wconf 84' lang='lat' dir='ltr'><strong>contineri</strong></span> <span class='ocrx_word' id='word_1_237' title='bbox 2816 1770 3027 1838; x_wconf 81' lang='lat' dir='ltr'><strong>potest?</strong></span> <span class='ocrx_word' id='word_1_238' title='bbox 3083 1770 3219 1825; x_wconf 85' lang='lat' dir='ltr'><strong>Cum</strong></span> <span class='ocrx_word' id='word_1_239' title='bbox 3270 1771 3339 1825; x_wconf 89' lang='lat' dir='ltr'><strong>ab</strong></span> <span class='ocrx_word' id='word_1_240' title='bbox 3373 1772 3554 1840; x_wconf 86' lang='lat' dir='ltr'><strong>aliqua</strong></span> 
     </span>
    </p>
   </div>
   <div class='ocr_carea' id='block_1_34' title="bbox 314 1852 1886 1935">
    <p class='ocr_par' dir='ltr' id='par_1_34' title="bbox 314 1852 1884 1927">
     <span class='ocr_line' id='line_1_34' title="bbox 314 1852 1884 1927; baseline 0.001 -19"><span class='ocrx_word' id='word_1_241' title='bbox 314 1852 447 1909; x_wconf 84' lang='grc' dir='ltr'>εἶτά</span> <span class='ocrx_word' id='word_1_242' title='bbox 477 1856 579 1926; x_wconf 82' lang='grc' dir='ltr'>μὲν</span> <span class='ocrx_word' id='word_1_243' title='bbox 606 1856 875 1924; x_wconf 81' lang='grc' dir='ltr'>πετόμενα</span> <span class='ocrx_word' id='word_1_244' title='bbox 902 1856 996 1927; x_wconf 74' lang='grc' dir='ltr'>ἰξῷ</span> <span class='ocrx_word' id='word_1_245' title='bbox 1021 1856 1392 1920; x_wconf 78' lang='grc' dir='ltr'>καταδάλλων,</span> <span class='ocrx_word' id='word_1_246' title='bbox 1423 1857 1583 1921; x_wconf 71' lang='grc' dir='ltr'>αὐτὸς</span> <span class='ocrx_word' id='word_1_247' title='bbox 1608 1857 1665 1910; x_wconf 82' lang='grc' dir='ltr'>δὲ</span> <span class='ocrx_word' id='word_1_248' title='bbox 1686 1856 1884 1927; x_wconf 81' lang='grc' dir='ltr'>κοῦφος</span> 
     </span>
    </p>
   </div>
   <div class='ocr_carea' id='block_1_35' title="bbox 1989 1852 3555 1935">
    <p class='ocr_par' dir='ltr' id='par_1_35' title="bbox 1990 1856 3555 1935">
     <span class='ocr_line' id='line_1_35' title="bbox 1990 1856 3555 1935; baseline 0.004 -27"><span class='ocrx_word' id='word_1_249' title='bbox 1990 1856 2393 1923; x_wconf 87' lang='lat' dir='ltr'><strong>perturbatione</strong></span> <span class='ocrx_word' id='word_1_250' title='bbox 2432 1858 2612 1914; x_wconf 90' lang='lat' dir='ltr'><strong>victus</strong></span> <span class='ocrx_word' id='word_1_251' title='bbox 2653 1867 2737 1914; x_wconf 87' lang='lat' dir='ltr'><strong>est</strong></span> <span class='ocrx_word' id='word_1_252' title='bbox 2776 1860 2961 1923; x_wconf 85' lang='lat' dir='ltr'><strong>homo.</strong></span> <span class='ocrx_word' id='word_1_253' title='bbox 3018 1876 3128 1914; x_wconf 88' lang='lat' dir='ltr'><strong>non</strong></span> <span class='ocrx_word' id='word_1_254' title='bbox 3157 1860 3268 1930; x_wconf 89' lang='lat' dir='ltr'><strong>jam</strong></span> <span class='ocrx_word' id='word_1_255' title='bbox 3296 1862 3411 1935; x_wconf 74' lang='lat' dir='ltr'><strong>ipse</strong></span> <span class='ocrx_word' id='word_1_256' title='bbox 3452 1862 3555 1915; x_wconf 90' lang='lat' dir='ltr'><strong>im-</strong></span> 
     </span>
    </p>
   </div>
   <div class='ocr_carea' id='block_1_36' title="bbox 248 1946 1884 2021">
    <p class='ocr_par' dir='ltr' id='par_1_36' title="bbox 248 1946 1884 2021">
     <span class='ocr_line' id='line_1_36' title="bbox 248 1946 1884 2021; baseline 0.002 -22"><span class='ocrx_word' id='word_1_257' title='bbox 248 1958 255 1967; x_wconf 83' lang='lat'><strong><em>&#39;</em></strong></span> <span class='ocrx_word' id='word_1_258' title='bbox 312 1946 384 1999; x_wconf 80' lang='grc' dir='ltr'>ὢν</span> <span class='ocrx_word' id='word_1_259' title='bbox 418 1948 509 2001; x_wconf 81' lang='grc' dir='ltr'><strong>καὶ</strong></span> <span class='ocrx_word' id='word_1_260' title='bbox 548 1947 956 2019; x_wconf 79' lang='grc' dir='ltr'>μετέωρος.Μὴ</span> <span class='ocrx_word' id='word_1_261' title='bbox 996 1948 1272 2019; x_wconf 78' lang='grc' dir='ltr'>τυφωθῇς,</span> <span class='ocrx_word' id='word_1_262' title='bbox 1316 1948 1391 2019; x_wconf 83' lang='grc' dir='ltr'>μὴ</span> <span class='ocrx_word' id='word_1_263' title='bbox 1424 1949 1767 2021; x_wconf 79' lang='grc' dir='ltr'>ὑπεραρθῇς,</span> <span class='ocrx_word' id='word_1_264' title='bbox 1810 1949 1884 2020; x_wconf 85' lang='grc' dir='ltr'>μὴ</span> 
     </span>
    </p>
   </div>
   <div class='ocr_carea' id='block_1_37' title="bbox 316 2039 1883 2113">
    <p class='ocr_par' dir='ltr' id='par_1_37' title="bbox 316 2039 1883 2113">
     <span class='ocr_line' id='line_1_37' title="bbox 316 2039 1883 2113; baseline 0.003 -23"><span class='ocrx_word' id='word_1_265' title='bbox 316 2039 477 2108; x_wconf 77' lang='grc' dir='ltr'>μείζω</span> <span class='ocrx_word' id='word_1_266' title='bbox 506 2040 785 2110; x_wconf 78' lang='grc' dir='ltr'>φρονήσῃς</span> <span class='ocrx_word' id='word_1_267' title='bbox 812 2039 908 2108; x_wconf 83' lang='grc' dir='ltr'>τῆς</span> <span class='ocrx_word' id='word_1_268' title='bbox 946 2039 1289 2111; x_wconf 79' lang='grc' dir='ltr'>ἀνθρωπίνης</span> <span class='ocrx_word' id='word_1_269' title='bbox 1321 2040 1554 2109; x_wconf 76' lang='grc' dir='ltr'>φύσεως.</span> <span class='ocrx_word' id='word_1_270' title='bbox 1592 2041 1684 2113; x_wconf 82' lang='grc' dir='ltr'>Μή</span> <span class='ocrx_word' id='word_1_271' title='bbox 1717 2041 1883 2111; x_wconf 84' lang='grc' dir='ltr'>ὑπερ-</span> 
     </span>
    </p>
   </div>
   <div class='ocr_carea' id='block_1_38' title="bbox 313 2129 1885 2203">
    <p class='ocr_par' dir='ltr' id='par_1_38' title="bbox 313 2129 1885 2203">
     <span class='ocr_line' id='line_1_38' title="bbox 313 2129 1885 2203; baseline 0.002 -21"><span class='ocrx_word' id='word_1_272' title='bbox 313 2129 474 2199; x_wconf 71' lang='grc' dir='ltr'>φυσοῦ</span> <span class='ocrx_word' id='word_1_273' title='bbox 513 2130 925 2200; x_wconf 74' lang='grc' dir='ltr'>ἐπαινούμενος,</span> <span class='ocrx_word' id='word_1_274' title='bbox 958 2130 1033 2201; x_wconf 83' lang='grc' dir='ltr'>μὴ</span> <span class='ocrx_word' id='word_1_275' title='bbox 1065 2129 1251 2195; x_wconf 74' lang='grc' dir='ltr'>δόξαζε</span> <span class='ocrx_word' id='word_1_276' title='bbox 1289 2132 1533 2195; x_wconf 77' lang='grc' dir='ltr'>σεαυτὸν,</span> <span class='ocrx_word' id='word_1_277' title='bbox 1572 2132 1705 2203; x_wconf 82' lang='grc' dir='ltr'>μηδὲ</span> <span class='ocrx_word' id='word_1_278' title='bbox 1745 2132 1885 2202; x_wconf 89' lang='grc' dir='ltr'>μέγα</span> 
     </span>
    </p>
   </div>
   <div class='ocr_carea' id='block_1_39' title="bbox 314 2218 1887 2296">
    <p class='ocr_par' dir='ltr' id='par_1_39' title="bbox 314 2218 1887 2296">
     <span class='ocr_line' id='line_1_39' title="bbox 314 2218 1887 2296; baseline 0.003 -24"><span class='ocrx_word' id='word_1_279' title='bbox 314 2240 360 2273; x_wconf 84' lang='grc' dir='ltr'><strong>τι</strong></span> <span class='ocrx_word' id='word_1_280' title='bbox 387 2218 519 2273; x_wconf 74' lang='grc' dir='ltr'>εἶναι</span> <span class='ocrx_word' id='word_1_281' title='bbox 541 2220 733 2290; x_wconf 76' lang='grc' dir='ltr'>νόμιζε</span> <span class='ocrx_word' id='word_1_282' title='bbox 757 2223 996 2275; x_wconf 84' lang='grc' dir='ltr'>σεαυτόν.</span> <span class='ocrx_word' id='word_1_283' title='bbox 1022 2223 1161 2295; x_wconf 71' lang='grc' dir='ltr'><strong>Ἐσῃ</strong></span> <span class='ocrx_word' id='word_1_284' title='bbox 1180 2223 1288 2294; x_wconf 86' lang='grc' dir='ltr'><strong>γάρ</strong></span> <span class='ocrx_word' id='word_1_285' title='bbox 1309 2223 1480 2287; x_wconf 76' lang='grc' dir='ltr'>οὕτως</span> <span class='ocrx_word' id='word_1_286' title='bbox 1502 2224 1697 2296; x_wconf 84' lang='grc' dir='ltr'>πτηνὸν</span> <span class='ocrx_word' id='word_1_287' title='bbox 1721 2225 1887 2278; x_wconf 80' lang='grc' dir='ltr'>ἀστα-</span> 
     </span>
    </p>
   </div>
   <div class='ocr_carea' id='block_1_40' title="bbox 314 2305 1883 2386">
    <p class='ocr_par' dir='ltr' id='par_1_40' title="bbox 314 2305 1883 2386">
     <span class='ocr_line' id='line_1_40' title="bbox 314 2305 1883 2386; baseline 0.002 -22"><span class='ocrx_word' id='word_1_288' title='bbox 314 2330 418 2377; x_wconf 83' lang='grc' dir='ltr'>τον,</span> <span class='ocrx_word' id='word_1_289' title='bbox 442 2314 582 2381; x_wconf 84' lang='grc' dir='ltr'>ἀστη</span> <span class='ocrx_word' id='word_1_290' title='bbox 594 2313 758 2382; x_wconf 85' lang='grc' dir='ltr'>ρίκτῳ</span> <span class='ocrx_word' id='word_1_291' title='bbox 777 2315 840 2382; x_wconf 82' lang='grc' dir='ltr'>τῇ</span> <span class='ocrx_word' id='word_1_292' title='bbox 870 2312 1029 2380; x_wconf 77' lang='grc' dir='ltr'>φύσει</span> <span class='ocrx_word' id='word_1_293' title='bbox 1054 2305 1154 2365; x_wconf 82' lang='grc' dir='ltr'>ὧδε</span> <span class='ocrx_word' id='word_1_294' title='bbox 1190 2314 1282 2366; x_wconf 78' lang='grc' dir='ltr'><strong>καὶ</strong></span> <span class='ocrx_word' id='word_1_295' title='bbox 1307 2307 1407 2366; x_wconf 81' lang='grc' dir='ltr'>ὧδε</span> <span class='ocrx_word' id='word_1_296' title='bbox 1438 2312 1883 2386; x_wconf 79' lang='grc' dir='ltr'>περιφερόμενος.</span> 
     </span>
    </p>
   </div>
   <div class='ocr_carea' id='block_1_41' title="bbox 315 2404 1887 2476">
    <p class='ocr_par' dir='ltr' id='par_1_41' title="bbox 315 2404 1887 2476">
     <span class='ocr_line' id='line_1_41' title="bbox 315 2404 1887 2476; baseline 0 -19"><span class='ocrx_word' id='word_1_297' title='bbox 315 2408 476 2475; x_wconf 82' lang='grc' dir='ltr'>Ἀρχε</span> <span class='ocrx_word' id='word_1_298' title='bbox 518 2406 633 2457; x_wconf 84' lang='grc' dir='ltr'><strong>τῶν</strong></span> <span class='ocrx_word' id='word_1_299' title='bbox 675 2407 733 2457; x_wconf 77' lang='grc' dir='ltr'>ὲν</span> <span class='ocrx_word' id='word_1_300' title='bbox 778 2405 861 2458; x_wconf 73' lang='grc' dir='ltr'>σοὶ</span> <span class='ocrx_word' id='word_1_301' title='bbox 912 2404 1211 2474; x_wconf 80' lang='grc' dir='ltr'>λογισμῶν,</span> <span class='ocrx_word' id='word_1_302' title='bbox 1259 2404 1346 2458; x_wconf 81' lang='grc' dir='ltr'>ἶνα</span> <span class='ocrx_word' id='word_1_303' title='bbox 1385 2406 1519 2476; x_wconf 80' lang='grc' dir='ltr'>γένῃ</span> <span class='ocrx_word' id='word_1_304' title='bbox 1560 2406 1743 2475; x_wconf 79' lang='grc' dir='ltr'>ἄρχων</span> <span class='ocrx_word' id='word_1_305' title='bbox 1780 2405 1887 2458; x_wconf 80' lang='grc' dir='ltr'><strong>τῶν</strong></span> 
     </span>
    </p>
   </div>
   <div class='ocr_carea' id='block_1_42' title="bbox 309 2495 1886 2567">
    <p class='ocr_par' dir='ltr' id='par_1_42' title="bbox 309 2495 1886 2567">
     <span class='ocr_line' id='line_1_42' title="bbox 309 2495 1886 2567; baseline -0.002 -16"><span class='ocrx_word' id='word_1_306' title='bbox 309 2500 471 2552; x_wconf 75' lang='grc' dir='ltr'>ὄντων</span> <span class='ocrx_word' id='word_1_307' title='bbox 509 2498 751 2551; x_wconf 79' lang='grc' dir='ltr'>πάντων.</span> <span class='ocrx_word' id='word_1_308' title='bbox 800 2495 983 2559; x_wconf 74' lang='grc' dir='ltr'>οὕτως</span> <span class='ocrx_word' id='word_1_309' title='bbox 1024 2498 1058 2567; x_wconf 85' lang='grc' dir='ltr'><strong>ή</strong></span> <span class='ocrx_word' id='word_1_310' title='bbox 1106 2495 1249 2550; x_wconf 80' lang='grc' dir='ltr'>κατά</span> <span class='ocrx_word' id='word_1_311' title='bbox 1290 2497 1398 2550; x_wconf 84' lang='grc' dir='ltr'><strong>τῶν</strong></span> <span class='ocrx_word' id='word_1_312' title='bbox 1431 2495 1583 2561; x_wconf 78' lang='grc' dir='ltr'>ζώων</span> <span class='ocrx_word' id='word_1_313' title='bbox 1624 2496 1886 2567; x_wconf 80' lang='grc' dir='ltr'>δεδομένη</span> 
     </span>
    </p>
   </div>
   <div class='ocr_carea' id='block_1_43' title="bbox 310 2587 1882 2660">
    <p class='ocr_par' dir='ltr' id='par_1_43' title="bbox 310 2587 1882 2660">
     <span class='ocr_line' id='line_1_43' title="bbox 310 2587 1882 2660; baseline 0.001 -19"><span class='ocrx_word' id='word_1_314' title='bbox 310 2589 447 2659; x_wconf 81' lang='grc' dir='ltr'>ἀρχὴ</span> <span class='ocrx_word' id='word_1_315' title='bbox 478 2587 739 2659; x_wconf 75' lang='grc' dir='ltr'>ῥυθμίζει</span> <span class='ocrx_word' id='word_1_316' title='bbox 775 2588 919 2658; x_wconf 79' lang='grc' dir='ltr'>ἡμᾶς</span> <span class='ocrx_word' id='word_1_317' title='bbox 971 2588 1108 2658; x_wconf 84' lang='grc' dir='ltr'>πρὸς</span> <span class='ocrx_word' id='word_1_318' title='bbox 1144 2588 1205 2640; x_wconf 88' lang='grc' dir='ltr'>τὸ</span> <span class='ocrx_word' id='word_1_319' title='bbox 1246 2587 1404 2660; x_wconf 72' lang='grc' dir='ltr'>ήμῶν</span> <span class='ocrx_word' id='word_1_320' title='bbox 1449 2588 1629 2641; x_wconf 80' lang='grc' dir='ltr'>αὐτῶν</span> <span class='ocrx_word' id='word_1_321' title='bbox 1672 2587 1882 2659; x_wconf 81' lang='grc' dir='ltr'>ἄρχειν.</span> 
     </span>
    </p>
   </div>
   <div class='ocr_carea' id='block_1_44' title="bbox 317 2678 1881 2749">
    <p class='ocr_par' dir='ltr' id='par_1_44' title="bbox 317 2678 1881 2749">
     <span class='ocr_line' id='line_1_44' title="bbox 317 2678 1881 2749; baseline 0 -16"><span class='ocrx_word' id='word_1_322' title='bbox 317 2682 542 2733; x_wconf 80' lang='grc' dir='ltr'>Ἀτοπον</span> <span class='ocrx_word' id='word_1_323' title='bbox 592 2679 701 2746; x_wconf 82' lang='grc' dir='ltr'>γάρ</span> <span class='ocrx_word' id='word_1_324' title='bbox 742 2680 854 2731; x_wconf 75' lang='grc' dir='ltr'>ἐστι</span> <span class='ocrx_word' id='word_1_325' title='bbox 886 2678 1299 2749; x_wconf 86' lang='grc' dir='ltr'>βασιλευόμενον</span> <span class='ocrx_word' id='word_1_326' title='bbox 1327 2678 1499 2744; x_wconf 80' lang='grc' dir='ltr'>οἴκοι,</span> <span class='ocrx_word' id='word_1_327' title='bbox 1530 2678 1698 2732; x_wconf 81' lang='grc' dir='ltr'>ἐθνῶν</span> <span class='ocrx_word' id='word_1_328' title='bbox 1734 2679 1881 2749; x_wconf 87' lang='grc' dir='ltr'>βασι·</span> 
     </span>
    </p>
   </div>
   <div class='ocr_carea' id='block_1_45' title="bbox 312 2770 1888 2843">
    <p class='ocr_par' dir='ltr' id='par_1_45' title="bbox 312 2770 1888 2843">
     <span class='ocr_line' id='line_1_45' title="bbox 312 2770 1888 2843; baseline -0.001 -17"><span class='ocrx_word' id='word_1_329' title='bbox 312 2775 500 2827; x_wconf 69' lang='grc' dir='ltr'>λεύειν*</span> <span class='ocrx_word' id='word_1_330' title='bbox 519 2772 632 2826; x_wconf 84' lang='grc' dir='ltr'><strong>ὑπὸ</strong></span> <span class='ocrx_word' id='word_1_331' title='bbox 649 2772 871 2843; x_wconf 79' lang='grc' dir='ltr'>ἑταίρας</span> <span class='ocrx_word' id='word_1_332' title='bbox 890 2770 1255 2841; x_wconf 75' lang='grc' dir='ltr'>κρατούμενον</span> <span class='ocrx_word' id='word_1_333' title='bbox 1276 2770 1405 2834; x_wconf 79' lang='grc' dir='ltr'>ἔσω,</span> <span class='ocrx_word' id='word_1_334' title='bbox 1427 2770 1660 2842; x_wconf 77' lang='grc' dir='ltr'>δημοσίᾳ</span> <span class='ocrx_word' id='word_1_335' title='bbox 1682 2770 1888 2835; x_wconf 85' lang='grc' dir='ltr'>πόλεως</span> 
     </span>
    </p>
   </div>
   <div class='ocr_carea' id='block_1_46' title="bbox 312 2861 1889 2935">
    <p class='ocr_par' dir='ltr' id='par_1_46' title="bbox 312 2861 1889 2935">
     <span class='ocr_line' id='line_1_46' title="bbox 312 2861 1889 2935; baseline -0.003 -17"><span class='ocrx_word' id='word_1_336' title='bbox 312 2862 444 2921; x_wconf 74' lang='grc' dir='ltr'>εἶναι</span> <span class='ocrx_word' id='word_1_337' title='bbox 478 2865 815 2935; x_wconf 83' lang='grc' dir='ltr'>προστάτην.</span> <span class='ocrx_word' id='word_1_338' title='bbox 858 2862 938 2915; x_wconf 85' lang='grc' dir='ltr'><strong>Τά</strong></span> <span class='ocrx_word' id='word_1_339' title='bbox 975 2865 1112 2916; x_wconf 77' lang='grc' dir='ltr'>οἴκοι</span> <span class='ocrx_word' id='word_1_340' title='bbox 1148 2864 1403 2933; x_wconf 81' lang='grc' dir='ltr'>χρήματα</span> <span class='ocrx_word' id='word_1_341' title='bbox 1428 2862 1532 2933; x_wconf 80' lang='grc' dir='ltr'>χρὴ</span> <span class='ocrx_word' id='word_1_342' title='bbox 1567 2861 1745 2924; x_wconf 86' lang='grc' dir='ltr'>καλῶς</span> <span class='ocrx_word' id='word_1_343' title='bbox 1776 2861 1889 2915; x_wconf 90' lang='grc' dir='ltr'>δια-</span> 
     </span>
    </p>
   </div>
   <div class='ocr_carea' id='block_1_47' title="bbox 314 2952 1884 3026">
    <p class='ocr_par' dir='ltr' id='par_1_47' title="bbox 314 2952 1884 3026">
     <span class='ocr_line' id='line_1_47' title="bbox 314 2952 1884 3026; baseline -0.004 -15"><span class='ocrx_word' id='word_1_344' title='bbox 314 2958 612 3026; x_wconf 75' lang='grc' dir='ltr'>τιθέμενον,</span> <span class='ocrx_word' id='word_1_345' title='bbox 660 2955 754 3008; x_wconf 76' lang='grc' dir='ltr'><strong>καὶ</strong></span> <span class='ocrx_word' id='word_1_346' title='bbox 803 2954 870 3007; x_wconf 89' lang='grc' dir='ltr'><strong>τά</strong></span> <span class='ocrx_word' id='word_1_347' title='bbox 914 2953 1059 3007; x_wconf 76' lang='grc' dir='ltr'>ἔνδον</span> <span class='ocrx_word' id='word_1_348' title='bbox 1107 2952 1328 3023; x_wconf 75' lang='grc' dir='ltr'>εὐταξίᾳ</span> <span class='ocrx_word' id='word_1_349' title='bbox 1370 2954 1884 3023; x_wconf 84' lang='grc' dir='ltr'>κατακοσμήσαντα.</span> 
     </span>
    </p>
   </div>
   <div class='ocr_carea' id='block_1_48' title="bbox 309 3044 1887 3116">
    <p class='ocr_par' dir='ltr' id='par_1_48' title="bbox 309 3044 1887 3116">
     <span class='ocr_line' id='line_1_48' title="bbox 309 3044 1887 3116; baseline -0.004 -14"><span class='ocrx_word' id='word_1_350' title='bbox 309 3049 446 3103; x_wconf 69' lang='grc' dir='ltr'>οὕτω</span> <span class='ocrx_word' id='word_1_351' title='bbox 489 3049 605 3102; x_wconf 86' lang='grc' dir='ltr'><strong>τῶν</strong></span> <span class='ocrx_word' id='word_1_352' title='bbox 648 3048 822 3103; x_wconf 84' lang='grc' dir='ltr'>ἀλλων</span> <span class='ocrx_word' id='word_1_353' title='bbox 868 3046 1163 3116; x_wconf 80' lang='grc' dir='ltr'>λαμδάνειν</span> <span class='ocrx_word' id='word_1_354' title='bbox 1204 3045 1304 3116; x_wconf 83' lang='grc' dir='ltr'>τὴν</span> <span class='ocrx_word' id='word_1_355' title='bbox 1340 3044 1681 3098; x_wconf 73' lang='grc' dir='ltr'>ἐπιστασίαν.</span> <span class='ocrx_word' id='word_1_356' title='bbox 1736 3044 1887 3097; x_wconf 79' lang='grc' dir='ltr'>Ἐπεὶ</span> 
     </span>
    </p>
   </div>
   <div class='ocr_carea' id='block_1_49' title="bbox 1987 1946 3553 2020">
    <p class='ocr_par' dir='ltr' id='par_1_49' title="bbox 1987 1946 3553 2020">
     <span class='ocr_line' id='line_1_49' title="bbox 1987 1946 3553 2020; baseline 0.002 -20"><span class='ocrx_word' id='word_1_357' title='bbox 1987 1953 2160 2013; x_wconf 87' lang='lat' dir='ltr'><strong>perat.</strong></span> <span class='ocrx_word' id='word_1_358' title='bbox 2200 1946 2295 2000; x_wconf 90' lang='lat' dir='ltr'><strong>sed</strong></span> <span class='ocrx_word' id='word_1_359' title='bbox 2341 1947 2395 2001; x_wconf 91' lang='lat' dir='ltr'><strong>in</strong></span> <span class='ocrx_word' id='word_1_360' title='bbox 2448 1948 2568 2017; x_wconf 84' lang='lat' dir='ltr'><strong>ejus</strong></span> <span class='ocrx_word' id='word_1_361' title='bbox 2614 1949 2798 2004; x_wconf 90' lang='lat' dir='ltr'><strong>animo</strong></span> <span class='ocrx_word' id='word_1_362' title='bbox 2845 1950 3183 2020; x_wconf 83' lang='lat' dir='ltr'><strong>perturbatio</strong></span> <span class='ocrx_word' id='word_1_363' title='bbox 3221 1950 3553 2005; x_wconf 85' lang='lat' dir='ltr'><strong>dominatur.</strong></span> 
     </span>
    </p>
   </div>
   <div class='ocr_carea' id='block_1_50' title="bbox 1986 2037 3557 2115">
    <p class='ocr_par' dir='ltr' id='par_1_50' title="bbox 1986 2037 3557 2115">
     <span class='ocr_line' id='line_1_50' title="bbox 1986 2037 3557 2115; baseline 0.005 -25"><span class='ocrx_word' id='word_1_364' title='bbox 1986 2037 2369 2103; x_wconf 85' lang='lat' dir='ltr'><strong>Quamobrem,</strong></span> <span class='ocrx_word' id='word_1_365' title='bbox 2395 2056 2518 2095; x_wconf 88' lang='lat' dir='ltr'><strong>cum</strong></span> <span class='ocrx_word' id='word_1_366' title='bbox 2545 2041 2619 2095; x_wconf 89' lang='lat' dir='ltr'><strong>ita</strong></span> <span class='ocrx_word' id='word_1_367' title='bbox 2646 2050 2866 2099; x_wconf 86' lang='lat' dir='ltr'><strong>creatus</strong></span> <span class='ocrx_word' id='word_1_368' title='bbox 2893 2043 2992 2106; x_wconf 86' lang='lat' dir='ltr'><strong>sis,</strong></span> <span class='ocrx_word' id='word_1_369' title='bbox 3037 2052 3097 2097; x_wconf 90' lang='lat' dir='ltr'><strong>ut</strong></span> <span class='ocrx_word' id='word_1_370' title='bbox 3139 2044 3330 2099; x_wconf 84' lang='lat' dir='ltr'><strong>bestiis</strong></span> <span class='ocrx_word' id='word_1_371' title='bbox 3381 2045 3557 2115; x_wconf 86' lang='lat' dir='ltr'><strong>impe-</strong></span> 
     </span>
    </p>
   </div>
   <div class='ocr_carea' id='block_1_51' title="bbox 1987 2129 3558 2201">
    <p class='ocr_par' dir='ltr' id='par_1_51' title="bbox 1987 2129 3558 2201">
     <span class='ocr_line' id='line_1_51' title="bbox 1987 2129 3558 2201; baseline 0.004 -22"><span class='ocrx_word' id='word_1_372' title='bbox 1987 2142 2093 2188; x_wconf 88' lang='lat' dir='ltr'><strong>res,</strong></span> <span class='ocrx_word' id='word_1_373' title='bbox 2124 2136 2179 2181; x_wconf 91' lang='lat' dir='ltr'><strong>et</strong></span> <span class='ocrx_word' id='word_1_374' title='bbox 2211 2129 2558 2197; x_wconf 87' lang='lat' dir='ltr'><strong>serpentibus</strong></span> <span class='ocrx_word' id='word_1_375' title='bbox 2605 2139 2659 2184; x_wconf 89' lang='lat' dir='ltr'><strong>et</strong></span> <span class='ocrx_word' id='word_1_376' title='bbox 2685 2130 3018 2197; x_wconf 84' lang='lat' dir='ltr'><strong>volatilibus,</strong></span> <span class='ocrx_word' id='word_1_377' title='bbox 3054 2133 3558 2201; x_wconf 89' lang='lat' dir='ltr'><strong>perturbationibus</strong></span> 
     </span>
    </p>
   </div>
   <div class='ocr_carea' id='block_1_52' title="bbox 1986 2218 3556 2291">
    <p class='ocr_par' dir='ltr' id='par_1_52' title="bbox 1986 2218 3556 2291">
     <span class='ocr_line' id='line_1_52' title="bbox 1986 2218 3556 2291; baseline 0.003 -19"><span class='ocrx_word' id='word_1_378' title='bbox 1986 2220 2210 2289; x_wconf 90' lang='lat' dir='ltr'><strong>impera.</strong></span> <span class='ocrx_word' id='word_1_379' title='bbox 2248 2218 2326 2275; x_wconf 85' lang='lat' dir='ltr'><strong>Ne</strong></span> <span class='ocrx_word' id='word_1_380' title='bbox 2361 2221 2642 2290; x_wconf 87' lang='lat' dir='ltr'><strong>permittas</strong></span> <span class='ocrx_word' id='word_1_381' title='bbox 2671 2223 3052 2291; x_wconf 78' lang='lat' dir='ltr'><strong>cogitationem</strong></span> <span class='ocrx_word' id='word_1_382' title='bbox 3095 2231 3242 2277; x_wconf 89' lang='lat' dir='ltr'><strong>tuam</strong></span> <span class='ocrx_word' id='word_1_383' title='bbox 3271 2224 3556 2279; x_wconf 88' lang='lat' dir='ltr'><strong>sublimem</strong></span> 
     </span>
    </p>
   </div>
   <div class='ocr_carea' id='block_1_53' title="bbox 1986 2310 3555 2380">
    <p class='ocr_par' dir='ltr' id='par_1_53' title="bbox 1986 2310 3555 2380">
     <span class='ocr_line' id='line_1_53' title="bbox 1986 2310 3555 2380; baseline 0.003 -17"><span class='ocrx_word' id='word_1_384' title='bbox 1986 2311 2194 2380; x_wconf 87' lang='lat' dir='ltr'><strong>vagari.</strong></span> <span class='ocrx_word' id='word_1_385' title='bbox 2230 2310 2308 2366; x_wconf 85' lang='lat' dir='ltr'><strong>Ne</strong></span> <span class='ocrx_word' id='word_1_386' title='bbox 2342 2313 2490 2367; x_wconf 86' lang='lat' dir='ltr'><strong>sinas</strong></span> <span class='ocrx_word' id='word_1_387' title='bbox 2518 2313 2759 2368; x_wconf 89' lang='lat' dir='ltr'><strong>animum</strong></span> <span class='ocrx_word' id='word_1_388' title='bbox 2792 2323 2944 2368; x_wconf 91' lang='lat' dir='ltr'><strong>tuum</strong></span> <span class='ocrx_word' id='word_1_389' title='bbox 2975 2315 3191 2371; x_wconf 86' lang='lat' dir='ltr'><strong>levitate</strong></span> <span class='ocrx_word' id='word_1_390' title='bbox 3239 2315 3555 2370; x_wconf 79' lang='lat' dir='ltr'><strong>instabilem</strong></span> 
     </span>
    </p>
   </div>
   <div class='ocr_carea' id='block_1_54' title="bbox 1987 2402 3557 2475">
    <p class='ocr_par' dir='ltr' id='par_1_54' title="bbox 1987 2402 3557 2475">
     <span class='ocr_line' id='line_1_54' title="bbox 1987 2402 3557 2475; baseline 0 -18"><span class='ocrx_word' id='word_1_391' title='bbox 1987 2403 2138 2457; x_wconf 77' lang='lat' dir='ltr'><strong>ferri.</strong></span> <span class='ocrx_word' id='word_1_392' title='bbox 2172 2402 2363 2458; x_wconf 87' lang='lat' dir='ltr'><strong>Datum</strong></span> <span class='ocrx_word' id='word_1_393' title='bbox 2394 2414 2481 2460; x_wconf 80' lang='lat' dir='ltr'><strong>est</strong></span> <span class='ocrx_word' id='word_1_394' title='bbox 2510 2405 2630 2468; x_wconf 90' lang='lat' dir='ltr'><strong>tibi,</strong></span> <span class='ocrx_word' id='word_1_395' title='bbox 2677 2415 2735 2459; x_wconf 93' lang='lat' dir='ltr'><strong>ut</strong></span> <span class='ocrx_word' id='word_1_396' title='bbox 2766 2405 2959 2461; x_wconf 88' lang='lat' dir='ltr'><strong>avibus</strong></span> <span class='ocrx_word' id='word_1_397' title='bbox 2987 2406 3177 2475; x_wconf 70' lang='lat' dir='ltr'><strong>praasis</strong></span> <span class='ocrx_word' id='word_1_398' title='bbox 3214 2424 3228 2461; x_wconf 73' lang='grc' dir='ltr'>ε</span> <span class='ocrx_word' id='word_1_399' title='bbox 3261 2406 3557 2460; x_wconf 85' lang='lat' dir='ltr'><strong>absurdum</strong></span> 
     </span>
    </p>
   </div>
   <div class='ocr_carea' id='block_1_55' title="bbox 1987 2495 3560 2566">
    <p class='ocr_par' dir='ltr' id='par_1_55' title="bbox 1987 2495 3560 2566">
     <span class='ocr_line' id='line_1_55' title="bbox 1987 2495 3560 2566; baseline 0 -17"><span class='ocrx_word' id='word_1_400' title='bbox 1987 2495 2113 2560; x_wconf 85' lang='lat' dir='ltr'><strong>erit,</strong></span> <span class='ocrx_word' id='word_1_401' title='bbox 2161 2495 2209 2550; x_wconf 91' lang='lat' dir='ltr'><strong>si</strong></span> <span class='ocrx_word' id='word_1_402' title='bbox 2244 2496 2396 2550; x_wconf 86' lang='lat' dir='ltr'><strong>visco</strong></span> <span class='ocrx_word' id='word_1_403' title='bbox 2428 2497 2718 2552; x_wconf 86' lang='lat' dir='ltr'><strong>volitantes</strong></span> <span class='ocrx_word' id='word_1_404' title='bbox 2763 2497 2885 2551; x_wconf 85' lang='lat' dir='ltr'><strong>illas</strong></span> <span class='ocrx_word' id='word_1_405' title='bbox 2915 2496 2988 2551; x_wconf 88' lang='lat' dir='ltr'><strong>ita</strong></span> <span class='ocrx_word' id='word_1_406' title='bbox 3015 2500 3222 2566; x_wconf 90' lang='lat' dir='ltr'><strong>capias,</strong></span> <span class='ocrx_word' id='word_1_407' title='bbox 3255 2505 3313 2550; x_wconf 94' lang='lat' dir='ltr'><strong>ut</strong></span> <span class='ocrx_word' id='word_1_408' title='bbox 3342 2496 3457 2566; x_wconf 88' lang='lat' dir='ltr'><strong>ipse</strong></span> <span class='ocrx_word' id='word_1_409' title='bbox 3486 2499 3560 2550; x_wconf 75' lang='grc' dir='ltr'>ιε-</span> 
     </span>
    </p>
   </div>
   <div class='ocr_carea' id='block_1_56' title="bbox 1988 2585 3559 2658">
    <p class='ocr_par' dir='ltr' id='par_1_56' title="bbox 1988 2585 3559 2658">
     <span class='ocr_line' id='line_1_56' title="bbox 1988 2585 3559 2658; baseline 0.001 -21"><span class='ocrx_word' id='word_1_410' title='bbox 1988 2587 2070 2638; x_wconf 87' lang='lat' dir='ltr'><strong>vis</strong></span> <span class='ocrx_word' id='word_1_411' title='bbox 2097 2586 2194 2649; x_wconf 90' lang='lat' dir='ltr'><strong>sis,</strong></span> <span class='ocrx_word' id='word_1_412' title='bbox 2224 2585 2577 2657; x_wconf 75' lang='lat' dir='ltr'><strong>eilerarisque</strong></span> <span class='ocrx_word' id='word_1_413' title='bbox 2609 2588 2891 2658; x_wconf 88' lang='lat' dir='ltr'><strong>superbia.</strong></span> <span class='ocrx_word' id='word_1_414' title='bbox 2932 2588 3008 2643; x_wconf 86' lang='lat' dir='ltr'><strong>Ne</strong></span> <span class='ocrx_word' id='word_1_415' title='bbox 3037 2589 3299 2644; x_wconf 89' lang='lat' dir='ltr'><strong>sublimes</strong></span> <span class='ocrx_word' id='word_1_416' title='bbox 3329 2588 3559 2656; x_wconf 74' lang='lat' dir='ltr'><strong>Spiritus</strong></span> 
     </span>
    </p>
   </div>
   <div class='ocr_carea' id='block_1_57' title="bbox 1990 2675 3559 2748">
    <p class='ocr_par' dir='ltr' id='par_1_57' title="bbox 1990 2675 3559 2748">
     <span class='ocr_line' id='line_1_57' title="bbox 1990 2675 3559 2748; baseline 0 -20"><span class='ocrx_word' id='word_1_417' title='bbox 1990 2675 2172 2741; x_wconf 82' lang='lat' dir='ltr'><strong>tollas,</strong></span> <span class='ocrx_word' id='word_1_418' title='bbox 2208 2692 2275 2730; x_wconf 91' lang='lat' dir='ltr'><strong>ne</strong></span> <span class='ocrx_word' id='word_1_419' title='bbox 2304 2676 2659 2742; x_wconf 90' lang='lat' dir='ltr'><strong>intumescas,</strong></span> <span class='ocrx_word' id='word_1_420' title='bbox 2708 2693 2775 2732; x_wconf 91' lang='lat' dir='ltr'><strong>ne</strong></span> <span class='ocrx_word' id='word_1_421' title='bbox 2803 2678 2899 2734; x_wconf 90' lang='lat' dir='ltr'><strong>tibi</strong></span> <span class='ocrx_word' id='word_1_422' title='bbox 2934 2679 3163 2732; x_wconf 90' lang='lat' dir='ltr'><strong>nimium</strong></span> <span class='ocrx_word' id='word_1_423' title='bbox 3206 2678 3442 2748; x_wconf 81' lang='lat' dir='ltr'><strong>placeas,</strong></span> <span class='ocrx_word' id='word_1_424' title='bbox 3467 2685 3559 2729; x_wconf 87' lang='lat' dir='ltr'><strong>aut</strong></span> 
     </span>
    </p>
   </div>
   <div class='ocr_carea' id='block_1_58' title="bbox 1988 2765 3558 2839">
    <p class='ocr_par' dir='ltr' id='par_1_58' title="bbox 1988 2765 3558 2839">
     <span class='ocr_line' id='line_1_58' title="bbox 1988 2765 3558 2839; baseline 0.002 -22"><span class='ocrx_word' id='word_1_425' title='bbox 1988 2766 2111 2835; x_wconf 85' lang='lat' dir='ltr'><strong>plus</strong></span> <span class='ocrx_word' id='word_1_426' title='bbox 2142 2765 2210 2822; x_wconf 87' lang='lat' dir='ltr'><strong>de</strong></span> <span class='ocrx_word' id='word_1_427' title='bbox 2243 2778 2296 2822; x_wconf 86' lang='lat' dir='ltr'><strong>te</strong></span> <span class='ocrx_word' id='word_1_428' title='bbox 2347 2770 2568 2830; x_wconf 88' lang='lat' dir='ltr'><strong>sentias,</strong></span> <span class='ocrx_word' id='word_1_429' title='bbox 2626 2784 2787 2839; x_wconf 90' lang='lat' dir='ltr'><strong>quam</strong></span> <span class='ocrx_word' id='word_1_430' title='bbox 2820 2770 3059 2839; x_wconf 87' lang='lat' dir='ltr'><strong>patiatur</strong></span> <span class='ocrx_word' id='word_1_431' title='bbox 3096 2768 3334 2823; x_wconf 85' lang='lat' dir='ltr'><strong>humana</strong></span> <span class='ocrx_word' id='word_1_432' title='bbox 3367 2767 3558 2822; x_wconf 89' lang='lat' dir='ltr'><strong>condi-</strong></span> 
     </span>
    </p>
   </div>
   <div class='ocr_carea' id='block_1_59' title="bbox 1992 2858 3560 2930">
    <p class='ocr_par' dir='ltr' id='par_1_59' title="bbox 1992 2858 3560 2930">
     <span class='ocr_line' id='line_1_59' title="bbox 1992 2858 3560 2930; baseline 0.001 -18"><span class='ocrx_word' id='word_1_433' title='bbox 1992 2860 2086 2912; x_wconf 87' lang='lat' dir='ltr'><strong>tio.</strong></span> <span class='ocrx_word' id='word_1_434' title='bbox 2119 2858 2197 2913; x_wconf 84' lang='lat' dir='ltr'><strong>Ne</strong></span> <span class='ocrx_word' id='word_1_435' title='bbox 2227 2859 2480 2916; x_wconf 90' lang='lat' dir='ltr'><strong>laudibus</strong></span> <span class='ocrx_word' id='word_1_436' title='bbox 2510 2859 2727 2916; x_wconf 79' lang='lat' dir='ltr'><strong>inﬂatus</strong></span> <span class='ocrx_word' id='word_1_437' title='bbox 2757 2860 3062 2927; x_wconf 81' lang='lat' dir='ltr'><strong>extollaris,</strong></span> <span class='ocrx_word' id='word_1_438' title='bbox 3081 2875 3149 2917; x_wconf 91' lang='lat' dir='ltr'><strong>ne</strong></span> <span class='ocrx_word' id='word_1_439' title='bbox 3173 2868 3227 2914; x_wconf 86' lang='lat' dir='ltr'><strong>te</strong></span> <span class='ocrx_word' id='word_1_440' title='bbox 3259 2861 3374 2930; x_wconf 89' lang='lat' dir='ltr'><strong>ipse</strong></span> <span class='ocrx_word' id='word_1_441' title='bbox 3397 2859 3560 2929; x_wconf 89' lang='lat' dir='ltr'><strong>jacti-</strong></span> 
     </span>
    </p>
   </div>
   <div class='ocr_carea' id='block_1_60' title="bbox 1991 2950 3559 3021">
    <p class='ocr_par' dir='ltr' id='par_1_60' title="bbox 1991 2950 3559 3021">
     <span class='ocr_line' id='line_1_60' title="bbox 1991 2950 3559 3021; baseline 0.001 -18"><span class='ocrx_word' id='word_1_442' title='bbox 1991 2958 2093 3012; x_wconf 85' lang='lat' dir='ltr'><strong>tes,</strong></span> <span class='ocrx_word' id='word_1_443' title='bbox 2121 2957 2215 3003; x_wconf 90' lang='lat' dir='ltr'><strong>aut</strong></span> <span class='ocrx_word' id='word_1_444' title='bbox 2245 2966 2501 3020; x_wconf 84' lang='lat' dir='ltr'><strong>magnum</strong></span> <span class='ocrx_word' id='word_1_445' title='bbox 2532 2951 2735 3021; x_wconf 88' lang='lat' dir='ltr'><strong>aliquid</strong></span> <span class='ocrx_word' id='word_1_446' title='bbox 2776 2968 2898 3007; x_wconf 88' lang='lat' dir='ltr'><strong>esse</strong></span> <span class='ocrx_word' id='word_1_447' title='bbox 2927 2962 3102 3020; x_wconf 91' lang='lat' dir='ltr'><strong>putes.</strong></span> <span class='ocrx_word' id='word_1_448' title='bbox 3158 2950 3415 3021; x_wconf 85' lang='lat' dir='ltr'><strong>Alioquin</strong></span> <span class='ocrx_word' id='word_1_449' title='bbox 3449 2950 3559 3004; x_wconf 84' lang='lat' dir='ltr'><strong>eris</strong></span> 
     </span>
    </p>
   </div>
   <div class='ocr_carea' id='block_1_61' title="bbox 1990 3041 3561 3112">
    <p class='ocr_par' dir='ltr' id='par_1_61' title="bbox 1990 3041 3561 3112">
     <span class='ocr_line' id='line_1_61' title="bbox 1990 3041 3561 3112; baseline -0.001 -16"><span class='ocrx_word' id='word_1_450' title='bbox 1990 3045 2275 3097; x_wconf 88' lang='lat' dir='ltr'><strong>volucrum</strong></span> <span class='ocrx_word' id='word_1_451' title='bbox 2326 3045 2544 3106; x_wconf 86' lang='lat' dir='ltr'><strong>similis,</strong></span> <span class='ocrx_word' id='word_1_452' title='bbox 2578 3059 2698 3112; x_wconf 69' lang='lat' dir='ltr'><strong>quae</strong></span> <span class='ocrx_word' id='word_1_453' title='bbox 2732 3052 2928 3097; x_wconf 81' lang='lat' dir='ltr'><strong>natura</strong></span> <span class='ocrx_word' id='word_1_454' title='bbox 2990 3044 3136 3097; x_wconf 88' lang='lat' dir='ltr'><strong>leves</strong></span> <span class='ocrx_word' id='word_1_455' title='bbox 3164 3050 3217 3097; x_wconf 89' lang='lat' dir='ltr'><strong>et</strong></span> <span class='ocrx_word' id='word_1_456' title='bbox 3273 3041 3561 3096; x_wconf 88' lang='lat' dir='ltr'><strong>instabiles</strong></span> 
     </span>
    </p>
   </div>
   <div class='ocr_carea' id='block_1_62' title="bbox 317 3132 1886 3218">
    <p class='ocr_par' dir='ltr' id='par_1_62' title="bbox 317 3135 1886 3211">
     <span class='ocr_line' id='line_1_62' title="bbox 317 3135 1886 3211; baseline -0.003 -18"><span class='ocrx_word' id='word_1_457' title='bbox 317 3143 815 3211; x_wconf 83' lang='grc' dir='ltr'>περιστραφήσεται</span> <span class='ocrx_word' id='word_1_458' title='bbox 846 3139 995 3208; x_wconf 88' lang='grc' dir='ltr'>παρὰ</span> <span class='ocrx_word' id='word_1_459' title='bbox 1022 3137 1130 3190; x_wconf 88' lang='grc' dir='ltr'><strong>τῶν</strong></span> <span class='ocrx_word' id='word_1_460' title='bbox 1158 3135 1476 3208; x_wconf 73' lang='grc' dir='ltr'>ἀρχομένων</span> <span class='ocrx_word' id='word_1_461' title='bbox 1514 3136 1543 3187; x_wconf 85' lang='grc' dir='ltr'><strong>ὀ</strong></span> <span class='ocrx_word' id='word_1_462' title='bbox 1575 3135 1751 3205; x_wconf 85' lang='grc' dir='ltr'>λόγος,</span> <span class='ocrx_word' id='word_1_463' title='bbox 1790 3137 1886 3189; x_wconf 76' lang='grc' dir='ltr'><strong>ὲάν</strong></span> 
     </span>
    </p>
   </div>
   <div class='ocr_carea' id='block_1_63' title="bbox 1989 3132 3554 3218">
    <p class='ocr_par' dir='ltr' id='par_1_63' title="bbox 1994 3132 3554 3202">
     <span class='ocr_line' id='line_1_63' title="bbox 1994 3132 3554 3202; baseline -0.001 -16"><span class='ocrx_word' id='word_1_464' title='bbox 1994 3132 2099 3188; x_wconf 84' lang='lat' dir='ltr'><strong>huc</strong></span> <span class='ocrx_word' id='word_1_465' title='bbox 2129 3133 2256 3188; x_wconf 90' lang='lat' dir='ltr'><strong>illuc</strong></span> <span class='ocrx_word' id='word_1_466' title='bbox 2284 3133 2504 3190; x_wconf 87' lang='lat' dir='ltr'><strong>assidue</strong></span> <span class='ocrx_word' id='word_1_467' title='bbox 2535 3134 2806 3198; x_wconf 83' lang='lat' dir='ltr'><strong>feruntur,</strong></span> <span class='ocrx_word' id='word_1_468' title='bbox 2857 3145 2911 3189; x_wconf 91' lang='lat' dir='ltr'><strong>et</strong></span> <span class='ocrx_word' id='word_1_469' title='bbox 2943 3136 3191 3189; x_wconf 90' lang='lat' dir='ltr'><strong>volitant.</strong></span> <span class='ocrx_word' id='word_1_470' title='bbox 3244 3133 3421 3187; x_wconf 86' lang='lat' dir='ltr'><strong>&#39;l‘uutn</strong></span> <span class='ocrx_word' id='word_1_471' title='bbox 3453 3135 3554 3202; x_wconf 90' lang='lat' dir='ltr'><strong>igi-</strong></span> 
     </span>
    </p>
   </div>
   <div class='ocr_carea' id='block_1_64' title="bbox 296 3225 1889 3300">
    <p class='ocr_par' dir='ltr' id='par_1_64' title="bbox 296 3225 1889 3300">
     <span class='ocr_line' id='line_1_64' title="bbox 296 3225 1889 3300; baseline -0.003 -19"><span class='ocrx_word' id='word_1_472' title='bbox 296 3230 603 3300; x_wconf 83' lang='grc' dir='ltr'>,ἀκόσμητα</span> <span class='ocrx_word' id='word_1_473' title='bbox 627 3227 765 3281; x_wconf 77' lang='grc' dir='ltr'>οἴκοι</span> <span class='ocrx_word' id='word_1_474' title='bbox 795 3228 889 3280; x_wconf 76' lang='grc' dir='ltr'><strong>καὶ</strong></span> <span class='ocrx_word' id='word_1_475' title='bbox 917 3226 1216 3279; x_wconf 80' lang='grc' dir='ltr'>ἀδιάτακτα</span> <span class='ocrx_word' id='word_1_476' title='bbox 1247 3225 1344 3296; x_wconf 79' lang='grc' dir='ltr'><strong>ἔχῃ</strong></span> <span class='ocrx_word' id='word_1_477' title='bbox 1366 3264 1380 3286; x_wconf 87' lang='grc'><strong>.</strong></span> <span class='ocrx_word' id='word_1_478' title='bbox 1421 3225 1503 3277; x_wconf 82' lang='grc' dir='ltr'>ὅτι</span> <span class='ocrx_word' id='word_1_479' title='bbox 1546 3242 1566 3278; x_wconf 74' lang='grc' dir='ltr'><strong>ι</strong></span> <span class='ocrx_word' id='word_1_480' title='bbox 1608 3226 1778 3296; x_wconf 71' lang='grc' dir='ltr'>Ἰατρέ</span> <span class='ocrx_word' id='word_1_481' title='bbox 1802 3225 1889 3276; x_wconf 84' lang='grc' dir='ltr'>θε-</span> 
     </span>
    </p>
   </div>
   <div class='ocr_carea' id='block_1_65' title="bbox 315 3311 1909 3390">
    <p class='ocr_par' dir='ltr' id='par_1_65' title="bbox 315 3311 1909 3390">
     <span class='ocr_line' id='line_1_65' title="bbox 315 3311 1909 3390; baseline -0.004 -18"><span class='ocrx_word' id='word_1_482' title='bbox 315 3320 588 3390; x_wconf 83' lang='grc' dir='ltr'>ράπευσον</span> <span class='ocrx_word' id='word_1_483' title='bbox 615 3317 859 3370; x_wconf 80' lang='grc' dir='ltr'>σεαυτόν.</span> <span class='ocrx_word' id='word_1_484' title='bbox 892 3336 910 3368; x_wconf 74' lang='grc' dir='ltr'><strong>ι</strong></span> <span class='ocrx_word' id='word_1_485' title='bbox 969 3316 1227 3377; x_wconf 75' lang='grc' dir='ltr'>Ἑαυτοὺς</span> <span class='ocrx_word' id='word_1_486' title='bbox 1256 3311 1348 3367; x_wconf 84' lang='grc' dir='ltr'>οὖν</span> <span class='ocrx_word' id='word_1_487' title='bbox 1380 3316 1593 3385; x_wconf 85' lang='grc' dir='ltr'>πρῶτον</span> <span class='ocrx_word' id='word_1_488' title='bbox 1626 3314 1909 3386; x_wconf 73' lang='grc' dir='ltr'>θεραπεύο.</span> 
     </span>
    </p>
   </div>
   <div class='ocr_carea' id='block_1_66' title="bbox 319 3405 1892 3481">
    <p class='ocr_par' dir='ltr' id='par_1_66' title="bbox 319 3405 1892 3481">
     <span class='ocr_line' id='line_1_66' title="bbox 319 3405 1892 3481; baseline -0.002 -18"><span class='ocrx_word' id='word_1_489' title='bbox 319 3428 509 3481; x_wconf 83' lang='grc' dir='ltr'>σωμεν.</span> <span class='ocrx_word' id='word_1_490' title='bbox 546 3409 738 3472; x_wconf 78' lang='grc' dir='ltr'>Οὐδεὶς</span> <span class='ocrx_word' id='word_1_491' title='bbox 778 3410 853 3479; x_wconf 78' lang='grc' dir='ltr'>μὴ</span> <span class='ocrx_word' id='word_1_492' title='bbox 885 3408 1128 3479; x_wconf 83' lang='grc' dir='ltr'>θηράσας</span> <span class='ocrx_word' id='word_1_493' title='bbox 1174 3406 1365 3459; x_wconf 86' lang='grc' dir='ltr'>λέοντα</span> <span class='ocrx_word' id='word_1_494' title='bbox 1406 3405 1779 3477; x_wconf 77' lang='grc' dir='ltr'>κατεγνώσθηο</span> <span class='ocrx_word' id='word_1_495' title='bbox 1816 3406 1892 3478; x_wconf 81' lang='grc' dir='ltr'>μὴ</span> 
     </span>
    </p>
   </div>
   <div class='ocr_carea' id='block_1_67' title="bbox 315 3498 1892 3573">
    <p class='ocr_par' dir='ltr' id='par_1_67' title="bbox 315 3498 1892 3573">
     <span class='ocr_line' id='line_1_67' title="bbox 315 3498 1892 3573; baseline -0.004 -17"><span class='ocrx_word' id='word_1_496' title='bbox 315 3504 594 3573; x_wconf 69' lang='grc' dir='ltr'>νρατήσας</span> <span class='ocrx_word' id='word_1_497' title='bbox 636 3501 692 3553; x_wconf 86' lang='grc' dir='ltr'>δὲ</span> <span class='ocrx_word' id='word_1_498' title='bbox 735 3499 940 3571; x_wconf 79' lang='grc' dir='ltr'>θυμοῦ,</span> <span class='ocrx_word' id='word_1_499' title='bbox 984 3498 1387 3567; x_wconf 81' lang='grc' dir='ltr'>καταγέλαστος</span> <span class='ocrx_word' id='word_1_500' title='bbox 1424 3499 1608 3552; x_wconf 89' lang='grc' dir='ltr'>παντί.</span> <span class='ocrx_word' id='word_1_501' title='bbox 1663 3498 1825 3550; x_wconf 82' lang='grc' dir='ltr'>Ὥστε</span> <span class='ocrx_word' id='word_1_502' title='bbox 1864 3501 1892 3551; x_wconf 86' lang='grc' dir='ltr'>ὁ</span> 
     </span>
    </p>
   </div>
   <div class='ocr_carea' id='block_1_68' title="bbox 317 3590 1891 3665">
    <p class='ocr_par' dir='ltr' id='par_1_68' title="bbox 317 3590 1891 3665">
     <span class='ocr_line' id='line_1_68' title="bbox 317 3590 1891 3665; baseline -0.004 -18"><span class='ocrx_word' id='word_1_503' title='bbox 317 3595 413 3665; x_wconf 75' lang='grc' dir='ltr'>μὲν</span> <span class='ocrx_word' id='word_1_504' title='bbox 431 3593 525 3647; x_wconf 80' lang='grc' dir='ltr'>τοῦ</span> <span class='ocrx_word' id='word_1_505' title='bbox 547 3593 681 3647; x_wconf 78' lang='grc' dir='ltr'>ἰδίου</span> <span class='ocrx_word' id='word_1_506' title='bbox 696 3592 898 3654; x_wconf 83' lang='grc' dir='ltr'>πάθους</span> <span class='ocrx_word' id='word_1_507' title='bbox 918 3591 992 3661; x_wconf 79' lang='grc' dir='ltr'>μὴ</span> <span class='ocrx_word' id='word_1_508' title='bbox 1009 3591 1530 3662; x_wconf 85' lang='grc' dir='ltr'>περιγενόμενος,είς</span> <span class='ocrx_word' id='word_1_509' title='bbox 1550 3590 1891 3657; x_wconf 82' lang='grc' dir='ltr'>κατάγνωσιν</span> 
     </span>
    </p>
   </div>
   <div class='ocr_carea' id='block_1_69' title="bbox 316 3680 1889 3756">
    <p class='ocr_par' dir='ltr' id='par_1_69' title="bbox 316 3680 1889 3756">
     <span class='ocr_line' id='line_1_69' title="bbox 316 3680 1889 3756; baseline -0.006 -16"><span class='ocrx_word' id='word_1_510' title='bbox 316 3688 519 3754; x_wconf 71' lang='grc' dir='ltr'>ἄγεταν</span> <span class='ocrx_word' id='word_1_511' title='bbox 550 3686 582 3737; x_wconf 88' lang='grc' dir='ltr'><strong>ὀ</strong></span> <span class='ocrx_word' id='word_1_512' title='bbox 597 3685 654 3738; x_wconf 79' lang='grc' dir='ltr'>δὲ</span> <span class='ocrx_word' id='word_1_513' title='bbox 678 3683 752 3756; x_wconf 81' lang='grc' dir='ltr'>μὴ</span> <span class='ocrx_word' id='word_1_514' title='bbox 770 3683 1015 3753; x_wconf 75' lang='grc' dir='ltr'>δυνηθεὶς</span> <span class='ocrx_word' id='word_1_515' title='bbox 1035 3681 1240 3753; x_wconf 82' lang='grc' dir='ltr'>ἀγρίων</span> <span class='ocrx_word' id='word_1_516' title='bbox 1262 3680 1464 3753; x_wconf 87' lang='grc' dir='ltr'>θηρίων</span> <span class='ocrx_word' id='word_1_517' title='bbox 1488 3680 1889 3752; x_wconf 84' lang='grc' dir='ltr'>περιγενέσθαι,</span> 
     </span>
    </p>
   </div>
   <div class='ocr_carea' id='block_1_70' title="bbox 315 3771 1893 3848">
    <p class='ocr_par' dir='ltr' id='par_1_70' title="bbox 315 3771 1893 3848">
     <span class='ocr_line' id='line_1_70' title="bbox 315 3771 1893 3848; baseline -0.005 -16"><span class='ocrx_word' id='word_1_518' title='bbox 315 3779 463 3832; x_wconf 78' lang='grc' dir='ltr'>οὔπω</span> <span class='ocrx_word' id='word_1_519' title='bbox 515 3776 780 3848; x_wconf 79' lang='grc' dir='ltr'>μέμψεως</span> <span class='ocrx_word' id='word_1_520' title='bbox 810 3774 956 3839; x_wconf 79' lang='grc' dir='ltr'>ἀξιον</span> <span class='ocrx_word' id='word_1_521' title='bbox 998 3771 1313 3842; x_wconf 85' lang='grc' dir='ltr'>πεποιηκώς</span> <span class='ocrx_word' id='word_1_522' title='bbox 1342 3791 1395 3826; x_wconf 91' lang='grc' dir='ltr'><strong>τι</strong></span> <span class='ocrx_word' id='word_1_523' title='bbox 1433 3772 1702 3842; x_wconf 82' lang='grc' dir='ltr'>φαίνεται.</span> <span class='ocrx_word' id='word_1_524' title='bbox 1755 3772 1813 3825; x_wconf 83' lang='grc' dir='ltr'>ὐ</span> <span class='ocrx_word' id='word_1_525' title='bbox 1836 3771 1893 3825; x_wconf 80' lang='grc' dir='ltr'>δὲ</span> 
     </span>
    </p>
   </div>
   <div class='ocr_carea' id='block_1_71' title="bbox 314 3852 1891 3939">
    <p class='ocr_par' dir='ltr' id='par_1_71' title="bbox 314 3852 1891 3939">
     <span class='ocr_line' id='line_1_71' title="bbox 314 3852 1891 3939; baseline -0.004 -16"><span class='ocrx_word' id='word_1_526' title='bbox 314 3871 674 3939; x_wconf 75' lang='grc' dir='ltr'>οἰκονομήσας</span> <span class='ocrx_word' id='word_1_527' title='bbox 720 3867 993 3938; x_wconf 81' lang='grc' dir='ltr'>γραφῆναι</span> <span class='ocrx_word' id='word_1_528' title='bbox 1044 3865 1269 3936; x_wconf 80' lang='grc' dir='ltr'>Κύριος,</span> <span class='ocrx_word' id='word_1_529' title='bbox 1313 3866 1341 3919; x_wconf 86' lang='grc' dir='ltr'><strong>ὀ</strong></span> <span class='ocrx_word' id='word_1_530' title='bbox 1393 3867 1489 3919; x_wconf 77' lang='grc' dir='ltr'><strong>καὶ</strong></span> <span class='ocrx_word' id='word_1_531' title='bbox 1537 3866 1637 3936; x_wconf 81' lang='grc' dir='ltr'>τὴν</span> <span class='ocrx_word' id='word_1_532' title='bbox 1689 3852 1891 3936; x_wconf 71' lang='grc' dir='ltr'>μικρὰν</span> 
     </span>
    </p>
   </div>
   <div class='ocr_carea' id='block_1_72' title="bbox 316 3959 1895 4032">
    <p class='ocr_par' dir='ltr' id='par_1_72' title="bbox 316 3959 1895 4032">
     <span class='ocr_line' id='line_1_72' title="bbox 316 3959 1895 4032; baseline -0.002 -17"><span class='ocrx_word' id='word_1_533' title='bbox 316 3963 466 4032; x_wconf 84' lang='grc' dir='ltr'>ήμῶν</span> <span class='ocrx_word' id='word_1_534' title='bbox 493 3962 596 4014; x_wconf 78' lang='grc' dir='ltr'><strong>καὶ</strong></span> <span class='ocrx_word' id='word_1_535' title='bbox 624 3960 824 4029; x_wconf 79' lang='grc' dir='ltr'>ἀσθενῆ</span> <span class='ocrx_word' id='word_1_536' title='bbox 859 3959 1108 4028; x_wconf 88' lang='grc' dir='ltr'>γλῶσσαν</span> <span class='ocrx_word' id='word_1_537' title='bbox 1138 3960 1496 4029; x_wconf 84' lang='grc' dir='ltr'>συγχωρήσας</span> <span class='ocrx_word' id='word_1_538' title='bbox 1530 3960 1689 4030; x_wconf 86' lang='grc' dir='ltr'>μέχρι</span> <span class='ocrx_word' id='word_1_539' title='bbox 1714 3960 1895 4017; x_wconf 75' lang='grc' dir='ltr'>τοσού-</span> 
     </span>
    </p>
   </div>
   <div class='ocr_carea' id='block_1_73' title="bbox 316 4049 1892 4123">
    <p class='ocr_par' dir='ltr' id='par_1_73' title="bbox 316 4049 1892 4123">
     <span class='ocr_line' id='line_1_73' title="bbox 316 4049 1892 4123; baseline -0.003 -17"><span class='ocrx_word' id='word_1_540' title='bbox 316 4071 405 4106; x_wconf 75' lang='grc' dir='ltr'><strong>του</strong></span> <span class='ocrx_word' id='word_1_541' title='bbox 434 4055 563 4123; x_wconf 79' lang='grc' dir='ltr'>ὑμῖν</span> <span class='ocrx_word' id='word_1_542' title='bbox 594 4051 874 4122; x_wconf 77' lang='grc' dir='ltr'>ὁμιλῆσαι,</span> <span class='ocrx_word' id='word_1_543' title='bbox 897 4051 927 4102; x_wconf 86' lang='grc' dir='ltr'><strong>ὀ</strong></span> <span class='ocrx_word' id='word_1_544' title='bbox 951 4049 1039 4103; x_wconf 73' lang='grc' dir='ltr'><strong>διὰ</strong></span> <span class='ocrx_word' id='word_1_545' title='bbox 1055 4050 1154 4121; x_wconf 83' lang='grc' dir='ltr'>τῆς</span> <span class='ocrx_word' id='word_1_546' title='bbox 1180 4049 1438 4113; x_wconf 81' lang='grc' dir='ltr'>ἀσθενοῦς</span> <span class='ocrx_word' id='word_1_547' title='bbox 1471 4050 1627 4121; x_wconf 87' lang='grc' dir='ltr'>ήμῶν</span> <span class='ocrx_word' id='word_1_548' title='bbox 1655 4050 1892 4112; x_wconf 84' lang='grc' dir='ltr'>διανοίας</span> 
     </span>
    </p>
   </div>
   <div class='ocr_carea' id='block_1_74' title="bbox 320 4141 1895 4217">
    <p class='ocr_par' dir='ltr' id='par_1_74' title="bbox 320 4141 1895 4217">
     <span class='ocr_line' id='line_1_74' title="bbox 320 4141 1895 4217; baseline -0.002 -18"><span class='ocrx_word' id='word_1_549' title='bbox 320 4147 589 4217; x_wconf 80' lang='grc' dir='ltr'>μεγάλους</span> <span class='ocrx_word' id='word_1_550' title='bbox 624 4146 751 4214; x_wconf 76' lang='grc' dir='ltr'>ὑμῖν</span> <span class='ocrx_word' id='word_1_551' title='bbox 796 4143 1103 4214; x_wconf 81' lang='grc' dir='ltr'>θησαυροὺς</span> <span class='ocrx_word' id='word_1_552' title='bbox 1151 4145 1209 4195; x_wconf 80' lang='grc' dir='ltr'>ἐν</span> <span class='ocrx_word' id='word_1_553' title='bbox 1247 4144 1359 4205; x_wconf 86' lang='grc' dir='ltr'>τοῖς</span> <span class='ocrx_word' id='word_1_554' title='bbox 1402 4141 1601 4210; x_wconf 83' lang='grc' dir='ltr'>ὀλίγοις</span> <span class='ocrx_word' id='word_1_555' title='bbox 1631 4143 1895 4197; x_wconf 85' lang='grc' dir='ltr'>ἀποσκιά-</span> 
     </span>
    </p>
   </div>
   <div class='ocr_carea' id='block_1_75' title="bbox 316 4233 1894 4309">
    <p class='ocr_par' dir='ltr' id='par_1_75' title="bbox 316 4233 1894 4309">
     <span class='ocr_line' id='line_1_75' title="bbox 316 4233 1894 4309; baseline -0.002 -17"><span class='ocrx_word' id='word_1_556' title='bbox 316 4255 484 4309; x_wconf 88' lang='grc' dir='ltr'>σμασι</span> <span class='ocrx_word' id='word_1_557' title='bbox 508 4238 614 4308; x_wconf 81' lang='grc' dir='ltr'>τῆς</span> <span class='ocrx_word' id='word_1_558' title='bbox 643 4235 898 4306; x_wconf 86' lang='grc' dir='ltr'>ἀληθείας</span> <span class='ocrx_word' id='word_1_559' title='bbox 924 4234 1340 4306; x_wconf 64' lang='grc' dir='ltr'>παραδηλιὶωας,</span> <span class='ocrx_word' id='word_1_560' title='bbox 1366 4233 1475 4306; x_wconf 82' lang='grc' dir='ltr'>δῴη</span> <span class='ocrx_word' id='word_1_561' title='bbox 1507 4236 1634 4305; x_wconf 82' lang='grc' dir='ltr'>ὑμῖν</span> <span class='ocrx_word' id='word_1_562' title='bbox 1670 4235 1758 4289; x_wconf 85' lang='grc' dir='ltr'><strong>διὰ</strong></span> <span class='ocrx_word' id='word_1_563' title='bbox 1788 4235 1894 4291; x_wconf 88' lang='grc' dir='ltr'><strong>τῶν</strong></span> 
     </span>
    </p>
   </div>
   <div class='ocr_carea' id='block_1_76' title="bbox 321 4325 1895 4400">
    <p class='ocr_par' dir='ltr' id='par_1_76' title="bbox 321 4325 1895 4400">
     <span class='ocr_line' id='line_1_76' title="bbox 321 4325 1895 4400; baseline -0.002 -18"><span class='ocrx_word' id='word_1_564' title='bbox 321 4330 528 4400; x_wconf 86' lang='grc' dir='ltr'>μικρῶν</span> <span class='ocrx_word' id='word_1_565' title='bbox 560 4328 632 4382; x_wconf 87' lang='grc' dir='ltr'><strong>τά</strong></span> <span class='ocrx_word' id='word_1_566' title='bbox 679 4328 919 4399; x_wconf 82' lang='grc' dir='ltr'>μεγάλα,</span> <span class='ocrx_word' id='word_1_567' title='bbox 954 4326 1043 4379; x_wconf 83' lang='grc' dir='ltr'><strong>διά</strong></span> <span class='ocrx_word' id='word_1_568' title='bbox 1070 4327 1177 4379; x_wconf 82' lang='grc' dir='ltr'><strong>τῶν</strong></span> <span class='ocrx_word' id='word_1_569' title='bbox 1206 4325 1400 4393; x_wconf 85' lang='grc' dir='ltr'>ὀλίγων</span> <span class='ocrx_word' id='word_1_570' title='bbox 1447 4326 1802 4395; x_wconf 78' lang='grc' dir='ltr'>σπερμάτων,</span> <span class='ocrx_word' id='word_1_571' title='bbox 1835 4327 1895 4379; x_wconf 86' lang='grc' dir='ltr'>τὸ</span> 
     </span>
    </p>
   </div>
   <div class='ocr_carea' id='block_1_77' title="bbox 316 4416 1895 4490">
    <p class='ocr_par' dir='ltr' id='par_1_77' title="bbox 316 4416 1895 4490">
     <span class='ocr_line' id='line_1_77' title="bbox 316 4416 1895 4490; baseline -0.003 -16"><span class='ocrx_word' id='word_1_572' title='bbox 316 4421 517 4474; x_wconf 79' lang='grc' dir='ltr'>τέλειον</span> <span class='ocrx_word' id='word_1_573' title='bbox 541 4419 645 4490; x_wconf 84' lang='grc' dir='ltr'>τῆς</span> <span class='ocrx_word' id='word_1_574' title='bbox 672 4419 944 4487; x_wconf 84' lang='grc' dir='ltr'>γνώσεως,</span> <span class='ocrx_word' id='word_1_575' title='bbox 985 4418 1077 4471; x_wconf 79' lang='grc' dir='ltr'><strong>καὶ</strong></span> <span class='ocrx_word' id='word_1_576' title='bbox 1105 4419 1234 4487; x_wconf 79' lang='grc' dir='ltr'>ήμῑν</span> <span class='ocrx_word' id='word_1_577' title='bbox 1263 4417 1362 4487; x_wconf 84' lang='grc' dir='ltr'>τῆς</span> <span class='ocrx_word' id='word_1_578' title='bbox 1404 4416 1754 4479; x_wconf 82' lang='grc' dir='ltr'>ἀπολαύσεως</span> <span class='ocrx_word' id='word_1_579' title='bbox 1786 4418 1895 4470; x_wconf 81' lang='grc' dir='ltr'><strong>τῶν</strong></span> 
     </span>
    </p>
   </div>
   <div class='ocr_carea' id='block_1_78' title="bbox 1994 3225 3559 3298">
    <p class='ocr_par' dir='ltr' id='par_1_78' title="bbox 1994 3225 3559 3298">
     <span class='ocr_line' id='line_1_78' title="bbox 1994 3225 3559 3298; baseline 0 -19"><span class='ocrx_word' id='word_1_580' title='bbox 1994 3235 2080 3280; x_wconf 91' lang='lat' dir='ltr'><strong>tur</strong></span> <span class='ocrx_word' id='word_1_581' title='bbox 2116 3227 2359 3280; x_wconf 89' lang='lat' dir='ltr'><strong>animum</strong></span> <span class='ocrx_word' id='word_1_582' title='bbox 2387 3226 2689 3291; x_wconf 85' lang='lat' dir='ltr'><strong>moderare,</strong></span> <span class='ocrx_word' id='word_1_583' title='bbox 2720 3227 2882 3297; x_wconf 89' lang='lat' dir='ltr'><strong>eique</strong></span> <span class='ocrx_word' id='word_1_584' title='bbox 2925 3229 3150 3298; x_wconf 86' lang='lat' dir='ltr'><strong>impera,</strong></span> <span class='ocrx_word' id='word_1_585' title='bbox 3204 3226 3251 3281; x_wconf 87' lang='lat' dir='ltr'><strong>si</strong></span> <span class='ocrx_word' id='word_1_586' title='bbox 3287 3226 3368 3280; x_wconf 90' lang='lat' dir='ltr'><strong>vis</strong></span> <span class='ocrx_word' id='word_1_587' title='bbox 3397 3225 3559 3279; x_wconf 86' lang='lat' dir='ltr'><strong>rebus</strong></span> 
     </span>
    </p>
   </div>
   <div class='ocr_carea' id='block_1_79' title="bbox 1991 3317 3561 3387">
    <p class='ocr_par' dir='ltr' id='par_1_79' title="bbox 1991 3317 3561 3387">
     <span class='ocr_line' id='line_1_79' title="bbox 1991 3317 3561 3387; baseline -0.003 -15"><span class='ocrx_word' id='word_1_588' title='bbox 1991 3318 2249 3372; x_wconf 90' lang='lat' dir='ltr'><strong>omnibus</strong></span> <span class='ocrx_word' id='word_1_589' title='bbox 2280 3318 2564 3387; x_wconf 88' lang='lat' dir='ltr'><strong>imperare.</strong></span> <span class='ocrx_word' id='word_1_590' title='bbox 2598 3317 2710 3373; x_wconf 87' lang='lat' dir='ltr'><strong>llac</strong></span> <span class='ocrx_word' id='word_1_591' title='bbox 2744 3319 2956 3375; x_wconf 87' lang='lat' dir='ltr'><strong>ratione</strong></span> <span class='ocrx_word' id='word_1_592' title='bbox 2985 3318 3145 3374; x_wconf 86' lang='lat' dir='ltr'><strong>nobis</strong></span> <span class='ocrx_word' id='word_1_593' title='bbox 3173 3319 3228 3371; x_wconf 91' lang='lat' dir='ltr'><strong>in</strong></span> <span class='ocrx_word' id='word_1_594' title='bbox 3263 3318 3561 3371; x_wconf 83' lang='lat' dir='ltr'><strong>animantia</strong></span> 
     </span>
    </p>
   </div>
   <div class='ocr_carea' id='block_1_80' title="bbox 1992 3408 3560 3480">
    <p class='ocr_par' dir='ltr' id='par_1_80' title="bbox 1992 3408 3560 3480">
     <span class='ocr_line' id='line_1_80' title="bbox 1992 3408 3560 3480; baseline -0.001 -18"><span class='ocrx_word' id='word_1_595' title='bbox 1992 3409 2259 3464; x_wconf 90' lang='lat' dir='ltr'><strong>tributum</strong></span> <span class='ocrx_word' id='word_1_596' title='bbox 2291 3410 2577 3480; x_wconf 87' lang='lat' dir='ltr'><strong>imperium</strong></span> <span class='ocrx_word' id='word_1_597' title='bbox 2609 3426 2709 3465; x_wconf 90' lang='lat' dir='ltr'><strong>nos</strong></span> <span class='ocrx_word' id='word_1_598' title='bbox 2742 3419 2950 3476; x_wconf 87' lang='lat' dir='ltr'><strong>monet,</strong></span> <span class='ocrx_word' id='word_1_599' title='bbox 2974 3425 3039 3464; x_wconf 90' lang='lat' dir='ltr'><strong>ac</strong></span> <span class='ocrx_word' id='word_1_600' title='bbox 3069 3408 3332 3479; x_wconf 88' lang='lat' dir='ltr'><strong>disponit.</strong></span> <span class='ocrx_word' id='word_1_601' title='bbox 3369 3416 3428 3462; x_wconf 93' lang='lat' dir='ltr'><strong>ut</strong></span> <span class='ocrx_word' id='word_1_602' title='bbox 3456 3408 3560 3477; x_wconf 86' lang='lat' dir='ltr'><strong>ipsi</strong></span> 
     </span>
    </p>
   </div>
   <div class='ocr_carea' id='block_1_81' title="bbox 1993 3499 3555 3571">
    <p class='ocr_par' dir='ltr' id='par_1_81' title="bbox 1993 3499 3555 3571">
     <span class='ocr_line' id='line_1_81' title="bbox 1993 3499 3555 3571; baseline -0.001 -18"><span class='ocrx_word' id='word_1_603' title='bbox 1993 3501 2149 3554; x_wconf 90' lang='lat' dir='ltr'><strong>nobis</strong></span> <span class='ocrx_word' id='word_1_604' title='bbox 2178 3500 2527 3570; x_wconf 87' lang='lat' dir='ltr'><strong>imperemus.</strong></span> <span class='ocrx_word' id='word_1_605' title='bbox 2565 3501 2745 3571; x_wconf 83' lang='lat' dir='ltr'><strong>Turpe</strong></span> <span class='ocrx_word' id='word_1_606' title='bbox 2774 3504 2919 3557; x_wconf 89' lang='lat' dir='ltr'><strong>enim</strong></span> <span class='ocrx_word' id='word_1_607' title='bbox 2970 3509 3077 3565; x_wconf 88' lang='lat' dir='ltr'><strong>est,</strong></span> <span class='ocrx_word' id='word_1_608' title='bbox 3135 3510 3214 3563; x_wconf 92' lang='lat' dir='ltr'><strong>ut,</strong></span> <span class='ocrx_word' id='word_1_609' title='bbox 3267 3499 3360 3570; x_wconf 86' lang='lat' dir='ltr'><strong>qui</strong></span> <span class='ocrx_word' id='word_1_610' title='bbox 3407 3499 3555 3554; x_wconf 89' lang='lat' dir='ltr'><strong>domi</strong></span> 
     </span>
    </p>
   </div>
   <div class='ocr_carea' id='block_1_82' title="bbox 1993 3590 3564 3663">
    <p class='ocr_par' dir='ltr' id='par_1_82' title="bbox 1993 3590 3564 3663">
     <span class='ocr_line' id='line_1_82' title="bbox 1993 3590 3564 3663; baseline -0.003 -18"><span class='ocrx_word' id='word_1_611' title='bbox 1993 3606 2107 3645; x_wconf 68' lang='lat' dir='ltr'><strong>suae</strong></span> <span class='ocrx_word' id='word_1_612' title='bbox 2126 3607 2317 3647; x_wconf 87' lang='lat' dir='ltr'><strong>servus</strong></span> <span class='ocrx_word' id='word_1_613' title='bbox 2332 3601 2436 3657; x_wconf 89' lang='lat' dir='ltr'><strong>est,</strong></span> <span class='ocrx_word' id='word_1_614' title='bbox 2463 3594 2714 3663; x_wconf 80' lang='lat' dir='ltr'><strong>gentibus</strong></span> <span class='ocrx_word' id='word_1_615' title='bbox 2745 3592 3073 3656; x_wconf 87' lang='lat' dir='ltr'><strong>dominetur,</strong></span> <span class='ocrx_word' id='word_1_616' title='bbox 3096 3603 3150 3647; x_wconf 88' lang='lat' dir='ltr'><strong>et</strong></span> <span class='ocrx_word' id='word_1_617' title='bbox 3175 3592 3221 3646; x_wconf 91' lang='lat' dir='ltr'><strong>is</strong></span> <span class='ocrx_word' id='word_1_618' title='bbox 3251 3590 3564 3661; x_wconf 75' lang='lat' dir='ltr'><strong>reipublira:</strong></span> 
     </span>
    </p>
   </div>
   <div class='ocr_carea' id='block_1_83' title="bbox 1993 3680 3563 3754">
    <p class='ocr_par' dir='ltr' id='par_1_83' title="bbox 1993 3680 3563 3754">
     <span class='ocr_line' id='line_1_83' title="bbox 1993 3680 3563 3754; baseline -0.002 -19"><span class='ocrx_word' id='word_1_619' title='bbox 1993 3691 2190 3737; x_wconf 85' lang='lat' dir='ltr'><strong>tractet</strong></span> <span class='ocrx_word' id='word_1_620' title='bbox 2217 3683 2603 3754; x_wconf 86' lang='lat' dir='ltr'><strong>gubernacula,</strong></span> <span class='ocrx_word' id='word_1_621' title='bbox 2654 3685 2746 3753; x_wconf 92' lang='lat' dir='ltr'><strong>qui</strong></span> <span class='ocrx_word' id='word_1_622' title='bbox 2778 3685 2941 3738; x_wconf 89' lang='lat' dir='ltr'><strong>scorti</strong></span> <span class='ocrx_word' id='word_1_623' title='bbox 2978 3692 3144 3737; x_wconf 92' lang='lat' dir='ltr'><strong>nutus</strong></span> <span class='ocrx_word' id='word_1_624' title='bbox 3179 3680 3563 3749; x_wconf 87' lang='lat' dir='ltr'><strong>observat,qni</strong></span> 
     </span>
    </p>
   </div>
   <div class='ocr_carea' id='block_1_84' title="bbox 1994 3774 3561 3847">
    <p class='ocr_par' dir='ltr' id='par_1_84' title="bbox 1994 3774 3561 3847">
     <span class='ocr_line' id='line_1_84' title="bbox 1994 3774 3561 3847; baseline -0.002 -18"><span class='ocrx_word' id='word_1_625' title='bbox 1994 3775 2299 3831; x_wconf 88' lang='lat' dir='ltr'><strong>meretricis</strong></span> <span class='ocrx_word' id='word_1_626' title='bbox 2371 3775 2605 3830; x_wconf 88' lang='lat' dir='ltr'><strong>arbitrio</strong></span> <span class='ocrx_word' id='word_1_627' title='bbox 2671 3777 2895 3847; x_wconf 81' lang='lat' dir='ltr'><strong>regitur.</strong></span> <span class='ocrx_word' id='word_1_628' title='bbox 2951 3774 3236 3829; x_wconf 90' lang='lat' dir='ltr'><strong>Familiam</strong></span> <span class='ocrx_word' id='word_1_629' title='bbox 3281 3775 3561 3845; x_wconf 87' lang='lat' dir='ltr'><strong>propriam</strong></span> 
     </span>
    </p>
   </div>
   <div class='ocr_carea' id='block_1_85' title="bbox 1993 3864 3565 3937">
    <p class='ocr_par' dir='ltr' id='par_1_85' title="bbox 1993 3864 3565 3937">
     <span class='ocr_line' id='line_1_85' title="bbox 1993 3864 3565 3937; baseline -0.001 -18"><span class='ocrx_word' id='word_1_630' title='bbox 1993 3873 2208 3935; x_wconf 87' lang='lat' dir='ltr'><strong>oportet</strong></span> <span class='ocrx_word' id='word_1_631' title='bbox 2234 3874 2381 3921; x_wconf 90' lang='lat' dir='ltr'><strong>recte</strong></span> <span class='ocrx_word' id='word_1_632' title='bbox 2408 3867 2827 3937; x_wconf 82' lang='lat' dir='ltr'><strong>gubernare,et,</strong></span> <span class='ocrx_word' id='word_1_633' title='bbox 2851 3883 2972 3937; x_wconf 71' lang='lat' dir='ltr'><strong>quae</strong></span> <span class='ocrx_word' id='word_1_634' title='bbox 3005 3867 3153 3921; x_wconf 89' lang='lat' dir='ltr'><strong>intus</strong></span> <span class='ocrx_word' id='word_1_635' title='bbox 3185 3874 3333 3930; x_wconf 86' lang='lat' dir='ltr'><strong>sunt,</strong></span> <span class='ocrx_word' id='word_1_636' title='bbox 3351 3864 3565 3919; x_wconf 89' lang='lat' dir='ltr'><strong>ratione</strong></span> 
     </span>
    </p>
   </div>
   <div class='ocr_carea' id='block_1_86' title="bbox 1994 3956 3566 4028">
    <p class='ocr_par' dir='ltr' id='par_1_86' title="bbox 1994 3956 3566 4028">
     <span class='ocr_line' id='line_1_86' title="bbox 1994 3956 3566 4028; baseline -0.001 -17"><span class='ocrx_word' id='word_1_637' title='bbox 1994 3967 2158 4028; x_wconf 91' lang='lat' dir='ltr'><strong>atque</strong></span> <span class='ocrx_word' id='word_1_638' title='bbox 2190 3958 2381 4013; x_wconf 85' lang='lat' dir='ltr'><strong>ordine</strong></span> <span class='ocrx_word' id='word_1_639' title='bbox 2409 3960 2703 4028; x_wconf 88' lang='lat' dir='ltr'><strong>disponere</strong></span> <span class='ocrx_word' id='word_1_640' title='bbox 2730 3975 2794 4013; x_wconf 90' lang='lat' dir='ltr'><strong>ac</strong></span> <span class='ocrx_word' id='word_1_641' title='bbox 2835 3958 3129 4020; x_wconf 88' lang='lat' dir='ltr'><strong>moderari,</strong></span> <span class='ocrx_word' id='word_1_642' title='bbox 3180 3971 3283 4012; x_wconf 88' lang='lat' dir='ltr'><strong>nec</strong></span> <span class='ocrx_word' id='word_1_643' title='bbox 3316 3957 3371 4010; x_wconf 91' lang='lat' dir='ltr'><strong>in</strong></span> <span class='ocrx_word' id='word_1_644' title='bbox 3428 3956 3566 4010; x_wconf 86' lang='lat' dir='ltr'><strong>alios</strong></span> 
     </span>
    </p>
   </div>
   <div class='ocr_carea' id='block_1_87' title="bbox 1996 4048 3568 4121">
    <p class='ocr_par' dir='ltr' id='par_1_87' title="bbox 1996 4048 3568 4121">
     <span class='ocr_line' id='line_1_87' title="bbox 1996 4048 3568 4121; baseline -0.002 -19"><span class='ocrx_word' id='word_1_645' title='bbox 1996 4052 2133 4105; x_wconf 87' lang='lat' dir='ltr'><strong>velle</strong></span> <span class='ocrx_word' id='word_1_646' title='bbox 2185 4052 2475 4121; x_wconf 91' lang='lat' dir='ltr'><strong>imperium</strong></span> <span class='ocrx_word' id='word_1_647' title='bbox 2532 4066 2811 4112; x_wconf 78' lang='lat' dir='ltr'><strong>exercere.</strong></span> <span class='ocrx_word' id='word_1_648' title='bbox 2870 4065 2996 4105; x_wconf 91' lang='lat' dir='ltr'><strong>cum</strong></span> <span class='ocrx_word' id='word_1_649' title='bbox 3032 4050 3172 4104; x_wconf 88' lang='lat' dir='ltr'><strong>ratio</strong></span> <span class='ocrx_word' id='word_1_650' title='bbox 3225 4050 3314 4111; x_wconf 86' lang='lat' dir='ltr'><strong>iis,</strong></span> <span class='ocrx_word' id='word_1_651' title='bbox 3368 4048 3568 4117; x_wconf 75' lang='lat' dir='ltr'><strong>quibus</strong></span> 
     </span>
    </p>
   </div>
   <div class='ocr_carea' id='block_1_88' title="bbox 1996 4138 3565 4210">
    <p class='ocr_par' dir='ltr' id='par_1_88' title="bbox 1996 4138 3565 4210">
     <span class='ocr_line' id='line_1_88' title="bbox 1996 4138 3565 4210; baseline -0.002 -17"><span class='ocrx_word' id='word_1_652' title='bbox 1996 4140 2265 4209; x_wconf 77' lang='lat' dir='ltr'><strong>imperare</strong></span> <span class='ocrx_word' id='word_1_653' title='bbox 2293 4140 2475 4202; x_wconf 80' lang='lat' dir='ltr'><strong>debet,</strong></span> <span class='ocrx_word' id='word_1_654' title='bbox 2507 4157 2630 4195; x_wconf 87' lang='lat' dir='ltr'><strong>sese</strong></span> <span class='ocrx_word' id='word_1_655' title='bbox 2657 4141 2975 4210; x_wconf 88' lang='lat' dir='ltr'><strong>subjecerit.</strong></span> <span class='ocrx_word' id='word_1_656' title='bbox 3007 4138 3065 4193; x_wconf 91' lang='lat' dir='ltr'><strong>Si</strong></span> <span class='ocrx_word' id='word_1_657' title='bbox 3115 4155 3203 4193; x_wconf 90' lang='lat' dir='ltr'><strong>res</strong></span> <span class='ocrx_word' id='word_1_658' title='bbox 3231 4148 3341 4197; x_wconf 69' lang='lat' dir='ltr'><strong>tua:</strong></span> <span class='ocrx_word' id='word_1_659' title='bbox 3373 4139 3565 4192; x_wconf 85' lang='lat' dir='ltr'><strong>dome-</strong></span> 
     </span>
    </p>
   </div>
   <div class='ocr_carea' id='block_1_89' title="bbox 1997 4232 3568 4303">
    <p class='ocr_par' dir='ltr' id='par_1_89' title="bbox 1997 4232 3568 4303">
     <span class='ocr_line' id='line_1_89' title="bbox 1997 4232 3568 4303; baseline -0.004 -16"><span class='ocrx_word' id='word_1_660' title='bbox 1997 4235 2149 4288; x_wconf 79' lang='lat' dir='ltr'><strong>stica:</strong></span> <span class='ocrx_word' id='word_1_661' title='bbox 2170 4232 2416 4288; x_wconf 66' lang='lat' dir='ltr'><strong>confusa:</strong></span> <span class='ocrx_word' id='word_1_662' title='bbox 2444 4234 2880 4303; x_wconf 64' lang='lat' dir='ltr'><strong>perturbatatque</strong></span> <span class='ocrx_word' id='word_1_663' title='bbox 2925 4242 3080 4296; x_wconf 85' lang='lat' dir='ltr'><strong>sunt,</strong></span> <span class='ocrx_word' id='word_1_664' title='bbox 3124 4239 3183 4288; x_wconf 91' lang='lat' dir='ltr'><strong>ut</strong></span> <span class='ocrx_word' id='word_1_665' title='bbox 3211 4233 3389 4286; x_wconf 85' lang='lat' dir='ltr'><strong>bonus</strong></span> <span class='ocrx_word' id='word_1_666' title='bbox 3455 4242 3568 4282; x_wconf 89' lang='lat' dir='ltr'><strong>me-</strong></span> 
     </span>
    </p>
   </div>
   <div class='ocr_carea' id='block_1_90' title="bbox 1997 4325 3565 4396">
    <p class='ocr_par' dir='ltr' id='par_1_90' title="bbox 1997 4325 3565 4396">
     <span class='ocr_line' id='line_1_90' title="bbox 1997 4325 3565 4396; baseline -0.005 -16"><span class='ocrx_word' id='word_1_667' title='bbox 1997 4326 2154 4380; x_wconf 90' lang='lat' dir='ltr'><strong>dicus</strong></span> <span class='ocrx_word' id='word_1_668' title='bbox 2173 4334 2226 4380; x_wconf 89' lang='lat' dir='ltr'><strong>te</strong></span> <span class='ocrx_word' id='word_1_669' title='bbox 2258 4326 2435 4394; x_wconf 90' lang='lat' dir='ltr'><strong>ipsum</strong></span> <span class='ocrx_word' id='word_1_670' title='bbox 2455 4341 2609 4380; x_wconf 88' lang='lat' dir='ltr'><strong>cura.</strong></span> <span class='ocrx_word' id='word_1_671' title='bbox 2629 4325 3009 4395; x_wconf 84' lang='lat' dir='ltr'><strong>Nosmetipsos</strong></span> <span class='ocrx_word' id='word_1_672' title='bbox 3030 4327 3265 4396; x_wconf 91' lang='lat' dir='ltr'><strong>primum</strong></span> <span class='ocrx_word' id='word_1_673' title='bbox 3286 4337 3565 4377; x_wconf 88' lang='lat' dir='ltr'><strong>curemus.</strong></span> 
     </span>
    </p>
   </div>
   <div class='ocr_carea' id='block_1_91' title="bbox 1997 4415 3565 4490">
    <p class='ocr_par' dir='ltr' id='par_1_91' title="bbox 1997 4415 3565 4490">
     <span class='ocr_line' id='line_1_91' title="bbox 1997 4415 3565 4490; baseline -0.002 -18"><span class='ocrx_word' id='word_1_674' title='bbox 1997 4418 2189 4482; x_wconf 83' lang='lat' dir='ltr'><strong>Nemo.</strong></span> <span class='ocrx_word' id='word_1_675' title='bbox 2220 4421 2365 4490; x_wconf 91' lang='lat' dir='ltr'><strong>quod</strong></span> <span class='ocrx_word' id='word_1_676' title='bbox 2402 4421 2613 4474; x_wconf 91' lang='lat' dir='ltr'><strong>leonem</strong></span> <span class='ocrx_word' id='word_1_677' title='bbox 2636 4436 2749 4476; x_wconf 90' lang='lat' dir='ltr'><strong>non</strong></span> <span class='ocrx_word' id='word_1_678' title='bbox 2774 4420 2989 4482; x_wconf 83' lang='lat' dir='ltr'><strong>vicerit,</strong></span> <span class='ocrx_word' id='word_1_679' title='bbox 3017 4419 3445 4474; x_wconf 86' lang='lat' dir='ltr'><strong>condemnatur.</strong></span> <span class='ocrx_word' id='word_1_680' title='bbox 3476 4415 3565 4474; x_wconf 73' lang='lat' dir='ltr'><strong>At.</strong></span> 
     </span>
    </p>
   </div>
   <div class='ocr_carea' id='block_1_92' title="bbox 321 4496 1886 4583">
    <p class='ocr_par' dir='ltr' id='par_1_92' title="bbox 321 4511 1886 4583">
     <span class='ocr_line' id='line_1_92' title="bbox 321 4511 1886 4583; baseline 0 -18"><span class='ocrx_word' id='word_1_681' title='bbox 321 4514 475 4566; x_wconf 85' lang='grc' dir='ltr'>θείων</span> <span class='ocrx_word' id='word_1_682' title='bbox 497 4514 675 4582; x_wconf 83' lang='grc' dir='ltr'>λόγων</span> <span class='ocrx_word' id='word_1_683' title='bbox 703 4512 910 4583; x_wconf 84' lang='grc' dir='ltr'>καρπὸν</span> <span class='ocrx_word' id='word_1_684' title='bbox 938 4511 1388 4582; x_wconf 79' lang='grc' dir='ltr'>πεπληρωμένον,</span> <span class='ocrx_word' id='word_1_685' title='bbox 1416 4513 1496 4564; x_wconf 79' lang='grc' dir='ltr'>ὅτι</span> <span class='ocrx_word' id='word_1_686' title='bbox 1527 4513 1674 4583; x_wconf 75' lang='grc' dir='ltr'>αὐτῷ</span> <span class='ocrx_word' id='word_1_687' title='bbox 1704 4514 1737 4583; x_wconf 87' lang='grc' dir='ltr'><strong>ή</strong></span> <span class='ocrx_word' id='word_1_688' title='bbox 1766 4512 1886 4577; x_wconf 80' lang='grc' dir='ltr'>δόξα</span> 
     </span>
    </p>
   </div>
   <div class='ocr_carea' id='block_1_93' title="bbox 1989 4496 3564 4583">
    <p class='ocr_par' dir='ltr' id='par_1_93' title="bbox 1999 4506 3564 4581">
     <span class='ocr_line' id='line_1_93' title="bbox 1999 4506 3564 4581; baseline -0.006 -16"><span class='ocrx_word' id='word_1_689' title='bbox 1999 4512 2090 4581; x_wconf 89' lang='lat' dir='ltr'><strong>qui</strong></span> <span class='ocrx_word' id='word_1_690' title='bbox 2126 4527 2236 4567; x_wconf 91' lang='lat' dir='ltr'><strong>non</strong></span> <span class='ocrx_word' id='word_1_691' title='bbox 2296 4510 2575 4581; x_wconf 89' lang='lat' dir='ltr'><strong>superavit</strong></span> <span class='ocrx_word' id='word_1_692' title='bbox 2610 4510 2971 4573; x_wconf 88' lang='lat' dir='ltr'><strong>iracundiam,</strong></span> <span class='ocrx_word' id='word_1_693' title='bbox 3026 4509 3230 4580; x_wconf 89' lang='lat' dir='ltr'><strong>passim</strong></span> <span class='ocrx_word' id='word_1_694' title='bbox 3286 4506 3564 4561; x_wconf 83' lang='lat' dir='ltr'><strong>irridetur.</strong></span> 
     </span>
    </p>
   </div>
   <div class='ocr_carea' id='block_1_94' title="bbox 319 4602 1857 4677">
    <p class='ocr_par' dir='ltr' id='par_1_94' title="bbox 319 4602 1857 4677">
     <span class='ocr_line' id='line_1_94' title="bbox 319 4602 1857 4677; baseline -0.001 -17"><span class='ocrx_word' id='word_1_695' title='bbox 319 4607 411 4660; x_wconf 72' lang='grc' dir='ltr'><strong>καὶ</strong></span> <span class='ocrx_word' id='word_1_696' title='bbox 436 4606 498 4659; x_wconf 81' lang='grc' dir='ltr'><strong>τδ</strong></span> <span class='ocrx_word' id='word_1_697' title='bbox 528 4606 728 4677; x_wconf 79' lang='grc' dir='ltr'>κράτος</span> <span class='ocrx_word' id='word_1_698' title='bbox 755 4607 835 4669; x_wconf 84' lang='grc' dir='ltr'><strong>είς</strong></span> <span class='ocrx_word' id='word_1_699' title='bbox 862 4605 989 4669; x_wconf 83' lang='grc' dir='ltr'>τοὺς</span> <span class='ocrx_word' id='word_1_700' title='bbox 1017 4602 1219 4666; x_wconf 76' lang='grc' dir='ltr'>αἰῶνας</span> <span class='ocrx_word' id='word_1_701' title='bbox 1244 4602 1352 4658; x_wconf 88' lang='grc' dir='ltr'><strong>τῶν</strong></span> <span class='ocrx_word' id='word_1_702' title='bbox 1384 4602 1614 4660; x_wconf 83' lang='grc' dir='ltr'>αἰώνων.</span> <span class='ocrx_word' id='word_1_703' title='bbox 1662 4605 1857 4675; x_wconf 83' lang='grc' dir='ltr'>’Δμήν.</span> 
     </span>
    </p>
   </div>
   <div class='ocr_carea' id='block_1_95' title="bbox 2001 4594 3565 4673">
    <p class='ocr_par' dir='ltr' id='par_1_95' title="bbox 2001 4594 3565 4673">
     <span class='ocr_line' id='line_1_95' title="bbox 2001 4594 3565 4673; baseline -0.006 -16"><span class='ocrx_word' id='word_1_704' title='bbox 2001 4603 2106 4667; x_wconf 87' lang='lat' dir='ltr'><strong>Qui</strong></span> <span class='ocrx_word' id='word_1_705' title='bbox 2138 4602 2645 4673; x_wconf 89' lang='lat' dir='ltr'><strong>perturbationibus</strong></span> <span class='ocrx_word' id='word_1_706' title='bbox 2683 4616 2792 4655; x_wconf 89' lang='lat' dir='ltr'><strong>non</strong></span> <span class='ocrx_word' id='word_1_707' title='bbox 2826 4609 2908 4657; x_wconf 85' lang='lat' dir='ltr'><strong>est</strong></span> <span class='ocrx_word' id='word_1_708' title='bbox 2939 4600 3208 4670; x_wconf 86' lang='lat' dir='ltr'><strong>superior,</strong></span> <span class='ocrx_word' id='word_1_709' title='bbox 3256 4597 3451 4651; x_wconf 88' lang='lat' dir='ltr'><strong>merito</strong></span> <span class='ocrx_word' id='word_1_710' title='bbox 3483 4594 3565 4647; x_wconf 62' lang='grc' dir='ltr'>νίν</span> 
     </span>
    </p>
   </div>
   <div class='ocr_carea' id='block_1_96' title="bbox 314 4683 3567 4768">
    <p class='ocr_par' dir='ltr' id='par_1_96' title="bbox 314 4683 3567 4768">
     <span class='ocr_line' id='line_1_96' title="bbox 314 4683 3567 4768; baseline -0.004 -20"><span class='ocrx_word' id='word_1_711' title='bbox 314 4686 649 4763; x_wconf 66' lang='lat' dir='ltr'><strong>inperator;</strong></span> <span class='ocrx_word' id='word_1_712' title='bbox 691 4698 785 4766; x_wconf 87' lang='lat' dir='ltr'><strong>qui</strong></span> <span class='ocrx_word' id='word_1_713' title='bbox 845 4712 976 4751; x_wconf 89' lang='lat' dir='ltr'><strong>vero</strong></span> <span class='ocrx_word' id='word_1_714' title='bbox 1018 4695 1163 4752; x_wconf 77' lang='lat' dir='ltr'><strong>feras</strong></span> <span class='ocrx_word' id='word_1_715' title='bbox 1208 4695 1477 4750; x_wconf 86' lang='lat' dir='ltr'><strong>immanes</strong></span> <span class='ocrx_word' id='word_1_716' title='bbox 1535 4711 1795 4766; x_wconf 88' lang='lat' dir='ltr'><strong>superare</strong></span> <span class='ocrx_word' id='word_1_717' title='bbox 1846 4713 1953 4753; x_wconf 91' lang='lat' dir='ltr'><strong>non</strong></span> <span class='ocrx_word' id='word_1_718' title='bbox 2004 4707 2220 4768; x_wconf 88' lang='lat' dir='ltr'><strong>potest,</strong></span> <span class='ocrx_word' id='word_1_719' title='bbox 2264 4697 2414 4751; x_wconf 87' lang='lat' dir='ltr'><strong>nulla</strong></span> <span class='ocrx_word' id='word_1_720' title='bbox 2469 4693 2893 4764; x_wconf 84' lang='lat' dir='ltr'><strong>reprehensione</strong></span> <span class='ocrx_word' id='word_1_721' title='bbox 2952 4692 3166 4745; x_wconf 89' lang='lat' dir='ltr'><strong>videtur</strong></span> <span class='ocrx_word' id='word_1_722' title='bbox 3235 4687 3454 4756; x_wconf 84' lang='lat' dir='ltr'><strong>dignus.</strong></span> <span class='ocrx_word' id='word_1_723' title='bbox 3498 4683 3567 4736; x_wconf 81' lang='lat' dir='ltr'><strong>Et</strong></span> 
     </span>
    </p>
   </div>
   <div class='ocr_carea' id='block_1_97' title="bbox 322 4777 3563 4859">
    <p class='ocr_par' dir='ltr' id='par_1_97' title="bbox 322 4777 3563 4859">
     <span class='ocr_line' id='line_1_97' title="bbox 322 4777 3563 4859; baseline -0.005 -15"><span class='ocrx_word' id='word_1_724' title='bbox 322 4791 436 4845; x_wconf 71' lang='lat' dir='ltr'><strong>lucc</strong></span> <span class='ocrx_word' id='word_1_725' title='bbox 473 4790 699 4859; x_wconf 84' lang='lat' dir='ltr'><strong>quidem</strong></span> <span class='ocrx_word' id='word_1_726' title='bbox 758 4790 1022 4843; x_wconf 78' lang='lat' dir='ltr'><strong>hactenus</strong></span> <span class='ocrx_word' id='word_1_727' title='bbox 1060 4787 1323 4843; x_wconf 85' lang='lat' dir='ltr'><strong>Dominus</strong></span> <span class='ocrx_word' id='word_1_728' title='bbox 1364 4806 1379 4843; x_wconf 88' lang='lat'><strong>:</strong></span> <span class='ocrx_word' id='word_1_729' title='bbox 1432 4787 1591 4856; x_wconf 87' lang='lat' dir='ltr'><strong>cujus</strong></span> <span class='ocrx_word' id='word_1_730' title='bbox 1630 4791 1969 4858; x_wconf 87' lang='lat' dir='ltr'><strong>providentia</strong></span> <span class='ocrx_word' id='word_1_731' title='bbox 2024 4792 2231 4845; x_wconf 80' lang='lat' dir='ltr'><strong>factum</strong></span> <span class='ocrx_word' id='word_1_732' title='bbox 2262 4798 2382 4854; x_wconf 87' lang='lat' dir='ltr'><strong>est,</strong></span> <span class='ocrx_word' id='word_1_733' title='bbox 2417 4799 2476 4843; x_wconf 93' lang='lat' dir='ltr'><strong>ut</strong></span> <span class='ocrx_word' id='word_1_734' title='bbox 2512 4789 2627 4843; x_wconf 72' lang='lat' dir='ltr'><strong>haec</strong></span> <span class='ocrx_word' id='word_1_735' title='bbox 2661 4788 3053 4845; x_wconf 86' lang='lat' dir='ltr'><strong>scriberentur,</strong></span> <span class='ocrx_word' id='word_1_736' title='bbox 3086 4782 3289 4855; x_wconf 87' lang='lat' dir='ltr'><strong>quique</strong></span> <span class='ocrx_word' id='word_1_737' title='bbox 3335 4777 3563 4831; x_wconf 86' lang='lat' dir='ltr'><strong>debilem</strong></span> 
     </span>
    </p>
   </div>
   <div class='ocr_carea' id='block_1_98' title="bbox 321 4873 3567 4951">
    <p class='ocr_par' dir='ltr' id='par_1_98' title="bbox 321 4873 3567 4951">
     <span class='ocr_line' id='line_1_98' title="bbox 321 4873 3567 4951; baseline -0.003 -17"><span class='ocrx_word' id='word_1_738' title='bbox 321 4890 482 4951; x_wconf 76' lang='lat' dir='ltr'><strong>atque</strong></span> <span class='ocrx_word' id='word_1_739' title='bbox 511 4880 851 4935; x_wconf 64' lang='lat' dir='ltr'><strong>haesitantem</strong></span> <span class='ocrx_word' id='word_1_740' title='bbox 897 4879 1141 4949; x_wconf 81' lang='lat' dir='ltr'><strong>linguam</strong></span> <span class='ocrx_word' id='word_1_741' title='bbox 1176 4886 1426 4933; x_wconf 91' lang='lat' dir='ltr'><strong>nostram</strong></span> <span class='ocrx_word' id='word_1_742' title='bbox 1460 4878 1711 4948; x_wconf 87' lang='lat' dir='ltr'><strong>adjuvit,</strong></span> <span class='ocrx_word' id='word_1_743' title='bbox 1759 4890 1818 4934; x_wconf 91' lang='lat' dir='ltr'><strong>nt</strong></span> <span class='ocrx_word' id='word_1_744' title='bbox 1863 4897 1927 4936; x_wconf 89' lang='lat' dir='ltr'><strong>ea</strong></span> <span class='ocrx_word' id='word_1_745' title='bbox 1970 4882 2126 4936; x_wconf 86' lang='lat' dir='ltr'><strong>vobis</strong></span> <span class='ocrx_word' id='word_1_746' title='bbox 2170 4889 2450 4949; x_wconf 88' lang='lat' dir='ltr'><strong>utcunque</strong></span> <span class='ocrx_word' id='word_1_747' title='bbox 2482 4880 2881 4949; x_wconf 71' lang='lat' dir='ltr'><strong>explicaremus</strong></span> <span class='ocrx_word' id='word_1_748' title='bbox 2927 4892 2994 4932; x_wconf 81' lang='lat' dir='ltr'><strong>ex</strong></span> <span class='ocrx_word' id='word_1_749' title='bbox 3045 4884 3245 4930; x_wconf 76' lang='lat' dir='ltr'><strong>nostra:</strong></span> <span class='ocrx_word' id='word_1_750' title='bbox 3278 4873 3567 4940; x_wconf 76' lang='lat' dir='ltr'><strong>cegitatio—</strong></span> 
     </span>
    </p>
   </div>
   <div class='ocr_carea' id='block_1_99' title="bbox 322 4965 3566 5043">
    <p class='ocr_par' dir='ltr' id='par_1_99' title="bbox 322 4965 3566 5043">
     <span class='ocr_line' id='line_1_99' title="bbox 322 4965 3566 5043; baseline -0.003 -17"><span class='ocrx_word' id='word_1_751' title='bbox 322 4974 413 5035; x_wconf 17' lang='lat' dir='ltr'><strong>nis,</strong></span> <span class='ocrx_word' id='word_1_752' title='bbox 433 4972 822 5034; x_wconf 79' lang='lat' dir='ltr'><strong>imbecillitate,</strong></span> <span class='ocrx_word' id='word_1_753' title='bbox 850 4971 1155 5040; x_wconf 79' lang='lat' dir='ltr'><strong>exiguaque</strong></span> <span class='ocrx_word' id='word_1_754' title='bbox 1202 4970 1452 5025; x_wconf 88' lang='lat' dir='ltr'><strong>veritatis</strong></span> <span class='ocrx_word' id='word_1_755' title='bbox 1502 4971 1952 5039; x_wconf 85' lang='lat' dir='ltr'><strong>adnmbratioue;</strong></span> <span class='ocrx_word' id='word_1_756' title='bbox 1996 4973 2202 5043; x_wconf 87' lang='lat' dir='ltr'><strong>quique</strong></span> <span class='ocrx_word' id='word_1_757' title='bbox 2234 4985 2459 5042; x_wconf 89' lang='lat' dir='ltr'><strong>magnos</strong></span> <span class='ocrx_word' id='word_1_758' title='bbox 2501 4971 2654 5024; x_wconf 91' lang='lat' dir='ltr'><strong>vobis</strong></span> <span class='ocrx_word' id='word_1_759' title='bbox 2685 4970 2973 5024; x_wconf 88' lang='lat' dir='ltr'><strong>thesauros</strong></span> <span class='ocrx_word' id='word_1_760' title='bbox 3001 4968 3265 5041; x_wconf 67' lang='lat' dir='ltr'><strong>praebeat,</strong></span> <span class='ocrx_word' id='word_1_761' title='bbox 3288 4982 3359 5022; x_wconf 74' lang='lat' dir='ltr'><strong>ex</strong></span> <span class='ocrx_word' id='word_1_762' title='bbox 3384 4965 3566 5035; x_wconf 85' lang='lat' dir='ltr'><strong>parvis</strong></span> 
     </span>
    </p>
   </div>
   <div class='ocr_carea' id='block_1_100' title="bbox 324 5054 3564 5135">
    <p class='ocr_par' dir='ltr' id='par_1_100' title="bbox 324 5054 3564 5135">
     <span class='ocr_line' id='line_1_100' title="bbox 324 5054 3564 5135; baseline -0.004 -18"><span class='ocrx_word' id='word_1_763' title='bbox 324 5079 539 5135; x_wconf 86' lang='lat' dir='ltr'><strong>magna,</strong></span> <span class='ocrx_word' id='word_1_764' title='bbox 580 5070 636 5117; x_wconf 86' lang='lat' dir='ltr'><strong>et</strong></span> <span class='ocrx_word' id='word_1_765' title='bbox 682 5061 909 5117; x_wconf 89' lang='lat' dir='ltr'><strong>minutis</strong></span> <span class='ocrx_word' id='word_1_766' title='bbox 948 5061 1249 5115; x_wconf 87' lang='lat' dir='ltr'><strong>seminibus</strong></span> <span class='ocrx_word' id='word_1_767' title='bbox 1294 5058 1565 5129; x_wconf 82' lang='lat' dir='ltr'><strong>perfectos</strong></span> <span class='ocrx_word' id='word_1_768' title='bbox 1603 5060 1936 5129; x_wconf 84' lang='lat' dir='ltr'><strong>cognitionis</strong></span> <span class='ocrx_word' id='word_1_769' title='bbox 1990 5061 2202 5115; x_wconf 79' lang='lat' dir='ltr'><strong>fructus</strong></span> <span class='ocrx_word' id='word_1_770' title='bbox 2253 5060 2667 5124; x_wconf 83' lang='lat' dir='ltr'><strong>subministret,</strong></span> <span class='ocrx_word' id='word_1_771' title='bbox 2734 5066 2784 5111; x_wconf 88' lang='lat' dir='ltr'><strong>et</strong></span> <span class='ocrx_word' id='word_1_772' title='bbox 2834 5056 2999 5110; x_wconf 89' lang='lat' dir='ltr'><strong>nobis</strong></span> <span class='ocrx_word' id='word_1_773' title='bbox 3041 5055 3297 5113; x_wconf 87' lang='lat' dir='ltr'><strong>omnibus</strong></span> <span class='ocrx_word' id='word_1_774' title='bbox 3349 5054 3564 5107; x_wconf 89' lang='lat' dir='ltr'><strong>tandem</strong></span> 
     </span>
    </p>
   </div>
   <div class='ocr_carea' id='block_1_101' title="bbox 324 5142 3565 5227">
    <p class='ocr_par' dir='ltr' id='par_1_101' title="bbox 324 5142 3565 5227">
     <span class='ocr_line' id='line_1_101' title="bbox 324 5142 3565 5227; baseline -0.005 -17"><span class='ocrx_word' id='word_1_775' title='bbox 324 5157 610 5227; x_wconf 79' lang='lat' dir='ltr'><strong>largiatur,</strong></span> <span class='ocrx_word' id='word_1_776' title='bbox 644 5167 704 5210; x_wconf 93' lang='lat' dir='ltr'><strong>ut</strong></span> <span class='ocrx_word' id='word_1_777' title='bbox 745 5155 1057 5210; x_wconf 88' lang='lat' dir='ltr'><strong>absolutum</strong></span> <span class='ocrx_word' id='word_1_778' title='bbox 1092 5150 1399 5204; x_wconf 86' lang='lat' dir='ltr'><strong>divinorum</strong></span> <span class='ocrx_word' id='word_1_779' title='bbox 1442 5166 1755 5205; x_wconf 88' lang='lat' dir='ltr'><strong>sermonum</strong></span> <span class='ocrx_word' id='word_1_780' title='bbox 1796 5151 2032 5204; x_wconf 80' lang='lat' dir='ltr'><strong>fructum</strong></span> <span class='ocrx_word' id='word_1_781' title='bbox 2076 5149 2441 5220; x_wconf 77' lang='lat' dir='ltr'><strong>percipiamus</strong></span> <span class='ocrx_word' id='word_1_782' title='bbox 2475 5153 2528 5201; x_wconf 91' lang='lat' dir='ltr'><strong>in</strong></span> <span class='ocrx_word' id='word_1_783' title='bbox 2565 5148 2743 5210; x_wconf 75' lang='lat' dir='ltr'><strong>cmlis,</strong></span> <span class='ocrx_word' id='word_1_784' title='bbox 2786 5149 2874 5201; x_wconf 91' lang='lat' dir='ltr'><strong>cui</strong></span> <span class='ocrx_word' id='word_1_785' title='bbox 2900 5145 3072 5218; x_wconf 88' lang='lat' dir='ltr'><strong>gloria</strong></span> <span class='ocrx_word' id='word_1_786' title='bbox 3101 5153 3154 5201; x_wconf 91' lang='lat' dir='ltr'><strong>et</strong></span> <span class='ocrx_word' id='word_1_787' title='bbox 3193 5144 3479 5214; x_wconf 84' lang='lat' dir='ltr'><strong>imperium</strong></span> <span class='ocrx_word' id='word_1_788' title='bbox 3511 5142 3565 5195; x_wconf 91' lang='lat' dir='ltr'><strong>in</strong></span> 
     </span>
    </p>
   </div>
   <div class='ocr_carea' id='block_1_102' title="bbox 327 5246 1125 5305">
    <p class='ocr_par' dir='ltr' id='par_1_102' title="bbox 327 5246 1125 5305">
     <span class='ocr_line' id='line_1_102' title="bbox 327 5246 1125 5305; baseline -0.008 0"><span class='ocrx_word' id='word_1_789' title='bbox 327 5252 524 5305; x_wconf 62' lang='lat' dir='ltr'><strong>secula</strong></span> <span class='ocrx_word' id='word_1_790' title='bbox 552 5248 894 5302; x_wconf 66' lang='lat' dir='ltr'><strong>saeculorum.</strong></span> <span class='ocrx_word' id='word_1_791' title='bbox 925 5246 1125 5299; x_wconf 85' lang='lat' dir='ltr'><strong>Amen.</strong></span> 
     </span>
    </p>
   </div>
   <div class='ocr_carea' id='block_1_103' title="bbox 946 5322 2969 5403">
    <p class='ocr_par' dir='ltr' id='par_1_103' title="bbox 946 5322 2969 5403">
     <span class='ocr_line' id='line_1_103' title="bbox 946 5322 2969 5403; baseline -0.007 -8"><span class='ocrx_word' id='word_1_792' title='bbox 946 5339 1166 5403; x_wconf 65' lang='grc' dir='ltr'><strong>ΔυιῖΟΣ</strong></span> <span class='ocrx_word' id='word_1_793' title='bbox 1201 5338 1273 5392; x_wconf 88' lang='lat' dir='ltr'><strong>B&#39;.</strong></span> <span class='ocrx_word' id='word_1_794' title='bbox 2595 5322 2853 5381; x_wconf 78' lang='lat' dir='ltr'><strong>ORATIO</strong></span> <span class='ocrx_word' id='word_1_795' title='bbox 2906 5323 2969 5381; x_wconf 91' lang='lat' dir='ltr'><strong>ll.</strong></span> 
     </span>
    </p>
   </div>
   <div class='ocr_carea' id='block_1_104' title="bbox 408 5416 1886 5501">
    <p class='ocr_par' dir='ltr' id='par_1_104' title="bbox 408 5425 1886 5501">
     <span class='ocr_line' id='line_1_104' title="bbox 408 5425 1886 5501; baseline -0.007 -14"><span class='ocrx_word' id='word_1_796' title='bbox 408 5434 466 5487; x_wconf 82' lang='grc' dir='ltr'>ὐ</span> <span class='ocrx_word' id='word_1_797' title='bbox 510 5432 607 5501; x_wconf 80' lang='grc' dir='ltr'>μὲν</span> <span class='ocrx_word' id='word_1_798' title='bbox 638 5432 799 5501; x_wconf 80' lang='grc' dir='ltr'>σοφὸς</span> <span class='ocrx_word' id='word_1_799' title='bbox 829 5431 1084 5501; x_wconf 85' lang='grc' dir='ltr'>Σολομὼν</span> <span class='ocrx_word' id='word_1_800' title='bbox 1115 5432 1214 5483; x_wconf 80' lang='grc' dir='ltr'><strong>οὐκ</strong></span> <span class='ocrx_word' id='word_1_801' title='bbox 1247 5433 1305 5483; x_wconf 82' lang='grc' dir='ltr'>ἐν</span> <span class='ocrx_word' id='word_1_802' title='bbox 1343 5427 1545 5490; x_wconf 88' lang='grc' dir='ltr'>πειθοῖς</span> <span class='ocrx_word' id='word_1_803' title='bbox 1578 5426 1768 5496; x_wconf 83' lang='grc' dir='ltr'>σοφίας</span> <span class='ocrx_word' id='word_1_804' title='bbox 1803 5425 1886 5477; x_wconf 87' lang='grc' dir='ltr'>λό-</span> 
     </span>
    </p>
   </div>
   <div class='ocr_carea' id='block_1_105' title="bbox 1989 5416 3564 5501">
    <p class='ocr_par' dir='ltr' id='par_1_105' title="bbox 2068 5416 3564 5489">
     <span class='ocr_line' id='line_1_105' title="bbox 2068 5416 3564 5489; baseline 0 -16"><span class='ocrx_word' id='word_1_805' title='bbox 2068 5419 2295 5489; x_wconf 84' lang='lat' dir='ltr'><strong>Sapiens</strong></span> <span class='ocrx_word' id='word_1_806' title='bbox 2352 5418 2441 5471; x_wconf 88' lang='lat' dir='ltr'><strong>ille</strong></span> <span class='ocrx_word' id='word_1_807' title='bbox 2489 5416 2769 5479; x_wconf 88' lang='lat' dir='ltr'><strong>Salomon,</strong></span> <span class='ocrx_word' id='word_1_808' title='bbox 2815 5431 2921 5469; x_wconf 93' lang='lat' dir='ltr'><strong>non</strong></span> <span class='ocrx_word' id='word_1_809' title='bbox 2971 5416 3247 5485; x_wconf 72' lang='lat' dir='ltr'><strong>sapientiae</strong></span> <span class='ocrx_word' id='word_1_810' title='bbox 3275 5419 3456 5473; x_wconf 80' lang='lat' dir='ltr'><strong>verbis</strong></span> <span class='ocrx_word' id='word_1_811' title='bbox 3497 5420 3564 5473; x_wconf 76' lang='lat' dir='ltr'><strong>ad</strong></span> 
     </span>
    </p>
   </div>
   <div class='ocr_carea' id='block_1_106' title="bbox 327 5505 1886 5589">
    <p class='ocr_par' dir='ltr' id='par_1_106' title="bbox 327 5513 1886 5589">
     <span class='ocr_line' id='line_1_106' title="bbox 327 5513 1886 5589; baseline -0.006 -14"><span class='ocrx_word' id='word_1_812' title='bbox 327 5539 443 5589; x_wconf 85' lang='grc' dir='ltr'>γοις</span> <span class='ocrx_word' id='word_1_813' title='bbox 467 5563 482 5585; x_wconf 94' lang='grc'><strong>,</strong></span> <span class='ocrx_word' id='word_1_814' title='bbox 526 5521 637 5574; x_wconf 85' lang='grc' dir='ltr'>ἀλλ’</span> <span class='ocrx_word' id='word_1_815' title='bbox 684 5522 742 5574; x_wconf 78' lang='grc' dir='ltr'>ὲν</span> <span class='ocrx_word' id='word_1_816' title='bbox 775 5519 1038 5582; x_wconf 81' lang='grc' dir='ltr'>διδακτοῖς</span> <span class='ocrx_word' id='word_1_817' title='bbox 1074 5519 1385 5587; x_wconf 85' lang='grc' dir='ltr'>Πνεύματος</span> <span class='ocrx_word' id='word_1_818' title='bbox 1413 5516 1564 5584; x_wconf 85' lang='grc' dir='ltr'>ἁγίου</span> <span class='ocrx_word' id='word_1_819' title='bbox 1598 5513 1886 5583; x_wconf 72' lang='grc' dir='ltr'>σοφισθεὶς,</span> 
     </span>
    </p>
   </div>
   <div class='ocr_carea' id='block_1_107' title="bbox 1989 5505 3565 5589">
    <p class='ocr_par' dir='ltr' id='par_1_107' title="bbox 1996 5505 3565 5578">
     <span class='ocr_line' id='line_1_107' title="bbox 1996 5505 3565 5578; baseline 0 -15"><span class='ocrx_word' id='word_1_820' title='bbox 1996 5509 2335 5564; x_wconf 84' lang='lat' dir='ltr'><strong>suadendum</strong></span> <span class='ocrx_word' id='word_1_821' title='bbox 2371 5509 2533 5578; x_wconf 84' lang='lat' dir='ltr'><strong>aptis.</strong></span> <span class='ocrx_word' id='word_1_822' title='bbox 2575 5506 2672 5559; x_wconf 90' lang='lat' dir='ltr'><strong>sed</strong></span> <span class='ocrx_word' id='word_1_823' title='bbox 2699 5505 2945 5559; x_wconf 89' lang='lat' dir='ltr'><strong>doctrina</strong></span> <span class='ocrx_word' id='word_1_824' title='bbox 2970 5507 3144 5560; x_wconf 86' lang='lat' dir='ltr'><strong>sancti</strong></span> <span class='ocrx_word' id='word_1_825' title='bbox 3177 5505 3416 5577; x_wconf 89' lang='lat' dir='ltr'><strong>Spiritus</strong></span> <span class='ocrx_word' id='word_1_826' title='bbox 3441 5525 3565 5564; x_wconf 90' lang='lat' dir='ltr'><strong>eru-</strong></span> 
     </span>
    </p>
   </div>
   <div class='ocr_carea' id='block_1_108' title="bbox 333 5598 1886 5683">
    <p class='ocr_par' dir='ltr' id='par_1_108' title="bbox 333 5605 1886 5683">
     <span class='ocr_line' id='line_1_108' title="bbox 333 5605 1886 5683; baseline -0.005 -18"><span class='ocrx_word' id='word_1_827' title='bbox 333 5616 387 5665; x_wconf 82' lang='grc' dir='ltr'>ὲν</span> <span class='ocrx_word' id='word_1_828' title='bbox 410 5617 521 5677; x_wconf 88' lang='grc' dir='ltr'>τοῖς</span> <span class='ocrx_word' id='word_1_829' title='bbox 547 5612 745 5683; x_wconf 81' lang='grc' dir='ltr'>ἀρτίως</span> <span class='ocrx_word' id='word_1_830' title='bbox 778 5614 911 5682; x_wconf 76' lang='grc' dir='ltr'>ἡμῖν</span> <span class='ocrx_word' id='word_1_831' title='bbox 932 5611 1361 5679; x_wconf 80' lang='grc' dir='ltr'>ἀνεγνωσμένοις</span> <span class='ocrx_word' id='word_1_832' title='bbox 1388 5605 1776 5677; x_wconf 82' lang='grc' dir='ltr'>ἀποσεμνύνων</span> <span class='ocrx_word' id='word_1_833' title='bbox 1806 5607 1886 5658; x_wconf 66' lang='grc' dir='ltr'>τὸν</span> 
     </span>
    </p>
   </div>
   <div class='ocr_carea' id='block_1_109' title="bbox 1989 5598 3565 5683">
    <p class='ocr_par' dir='ltr' id='par_1_109' title="bbox 1995 5598 3565 5668">
     <span class='ocr_line' id='line_1_109' title="bbox 1995 5598 3565 5668; baseline 0.001 -13"><span class='ocrx_word' id='word_1_834' title='bbox 1995 5603 2166 5663; x_wconf 87' lang='lat' dir='ltr'><strong>ditus,</strong></span> <span class='ocrx_word' id='word_1_835' title='bbox 2215 5604 2267 5655; x_wconf 91' lang='lat' dir='ltr'><strong>in</strong></span> <span class='ocrx_word' id='word_1_836' title='bbox 2304 5601 2388 5654; x_wconf 88' lang='lat' dir='ltr'><strong>his</strong></span> <span class='ocrx_word' id='word_1_837' title='bbox 2444 5614 2562 5668; x_wconf 67' lang='lat' dir='ltr'><strong>quae</strong></span> <span class='ocrx_word' id='word_1_838' title='bbox 2612 5599 2775 5667; x_wconf 85' lang='lat' dir='ltr'><strong>paulo</strong></span> <span class='ocrx_word' id='word_1_839' title='bbox 2801 5605 2927 5651; x_wconf 82' lang='lat' dir='ltr'><strong>ante</strong></span> <span class='ocrx_word' id='word_1_840' title='bbox 2977 5613 3006 5649; x_wconf 90' lang='lat' dir='ltr'><strong>a</strong></span> <span class='ocrx_word' id='word_1_841' title='bbox 3038 5598 3198 5653; x_wconf 88' lang='lat' dir='ltr'><strong>nobis</strong></span> <span class='ocrx_word' id='word_1_842' title='bbox 3247 5599 3384 5653; x_wconf 77' lang='lat' dir='ltr'><strong>lecta</strong></span> <span class='ocrx_word' id='word_1_843' title='bbox 3415 5610 3565 5665; x_wconf 86' lang='lat' dir='ltr'><strong>sunt.</strong></span> 
     </span>
    </p>
   </div>
   <div class='ocr_carea' id='block_1_110' title="bbox 331 5685 1886 5773">
    <p class='ocr_par' dir='ltr' id='par_1_110' title="bbox 331 5698 1886 5773">
     <span class='ocr_line' id='line_1_110' title="bbox 331 5698 1886 5773; baseline -0.006 -16"><span class='ocrx_word' id='word_1_844' title='bbox 331 5704 611 5773; x_wconf 78' lang='grc' dir='ltr'>ἀνθρωπον</span> <span class='ocrx_word' id='word_1_845' title='bbox 634 5745 651 5765; x_wconf 89' lang='grc'><strong>,</strong></span> <span class='ocrx_word' id='word_1_846' title='bbox 682 5705 811 5758; x_wconf 75' lang='grc' dir='ltr'>ἐϐόα</span> <span class='ocrx_word' id='word_1_847' title='bbox 840 5704 1012 5771; x_wconf 86' lang='grc' dir='ltr'>λέγων</span> <span class='ocrx_word' id='word_1_848' title='bbox 1038 5719 1052 5732; x_wconf 76' lang='grc' dir='ltr'><strong>ο</strong></span> <span class='ocrx_word' id='word_1_849' title='bbox 1104 5721 1123 5754; x_wconf 75' lang='grc' dir='ltr'><strong>ι</strong></span> <span class='ocrx_word' id='word_1_850' title='bbox 1146 5700 1298 5768; x_wconf 82' lang='grc' dir='ltr'>Μέγα</span> <span class='ocrx_word' id='word_1_851' title='bbox 1326 5699 1607 5769; x_wconf 81' lang='grc' dir='ltr'>ἄνθρωπος</span> <span class='ocrx_word' id='word_1_852' title='bbox 1632 5739 1644 5759; x_wconf 87' lang='grc'><strong>,</strong></span> <span class='ocrx_word' id='word_1_853' title='bbox 1683 5699 1775 5750; x_wconf 74' lang='grc' dir='ltr'><strong>καὶ</strong></span> <span class='ocrx_word' id='word_1_854' title='bbox 1816 5698 1886 5749; x_wconf 88' lang='grc' dir='ltr'>τί-</span> 
     </span>
    </p>
   </div>
   <div class='ocr_carea' id='block_1_111' title="bbox 1989 5685 3562 5773">
    <p class='ocr_par' dir='ltr' id='par_1_111' title="bbox 2000 5685 3562 5759">
     <span class='ocr_line' id='line_1_111' title="bbox 2000 5685 3562 5759; baseline 0 -13"><span class='ocrx_word' id='word_1_855' title='bbox 2000 5694 2275 5746; x_wconf 87' lang='lat' dir='ltr'><strong>hominem</strong></span> <span class='ocrx_word' id='word_1_856' title='bbox 2294 5690 2558 5745; x_wconf 82' lang='lat' dir='ltr'><strong>extollens</strong></span> <span class='ocrx_word' id='word_1_857' title='bbox 2578 5688 2987 5754; x_wconf 41' lang='lat' dir='ltr'><strong>exclamabatur</strong></span> <span class='ocrx_word' id='word_1_858' title='bbox 3004 5685 3217 5757; x_wconf 82' lang='lat' dir='ltr'><strong>Magna,</strong></span> <span class='ocrx_word' id='word_1_859' title='bbox 3232 5706 3249 5739; x_wconf 76' lang='grc' dir='ltr'><strong>ι</strong></span> <span class='ocrx_word' id='word_1_860' title='bbox 3291 5689 3562 5759; x_wconf 87' lang='lat' dir='ltr'><strong>inquiens.</strong></span> 
     </span>
    </p>
   </div>
   <div class='ocr_carea' id='block_1_112' title="bbox 336 5781 1886 5869">
    <p class='ocr_par' dir='ltr' id='par_1_112' title="bbox 336 5790 1886 5869">
     <span class='ocr_line' id='line_1_112' title="bbox 336 5790 1886 5869; baseline -0.003 -24"><span class='ocrx_word' id='word_1_861' title='bbox 336 5797 608 5868; x_wconf 69' lang='grc' dir='ltr'>ιιιονάνὴρ</span> <span class='ocrx_word' id='word_1_862' title='bbox 638 5796 901 5869; x_wconf 75' lang='grc' dir='ltr'>ἐλεήμων.</span> <span class='ocrx_word' id='word_1_863' title='bbox 930 5816 945 5848; x_wconf 77' lang='grc' dir='ltr'><strong>ι</strong></span> <span class='ocrx_word' id='word_1_864' title='bbox 992 5792 1133 5864; x_wconf 81' lang='grc' dir='ltr'><strong>Ἐγὼ</strong></span> <span class='ocrx_word' id='word_1_865' title='bbox 1159 5793 1216 5847; x_wconf 76' lang='grc' dir='ltr'>δὲ</span> <span class='ocrx_word' id='word_1_866' title='bbox 1242 5791 1482 5867; x_wconf 84' lang='grc' dir='ltr'>ματαίως</span> <span class='ocrx_word' id='word_1_867' title='bbox 1510 5792 1626 5844; x_wconf 76' lang='grc' dir='ltr'>κατ’</span> <span class='ocrx_word' id='word_1_868' title='bbox 1661 5790 1886 5863; x_wconf 64' lang='grc' dir='ltr'>ἐμαυτὸν</span> 
     </span>
    </p>
   </div>
   <div class='ocr_carea' id='block_1_113' title="bbox 1989 5781 3565 5869">
    <p class='ocr_par' dir='ltr' id='par_1_113' title="bbox 2005 5781 3565 5857">
     <span class='ocr_line' id='line_1_113' title="bbox 2005 5781 3565 5857; baseline -0.001 -21"><span class='ocrx_word' id='word_1_869' title='bbox 2005 5804 2022 5836; x_wconf 73' lang='grc' dir='ltr'><strong>ι</strong></span> <span class='ocrx_word' id='word_1_870' title='bbox 2045 5801 2132 5840; x_wconf 83' lang='lat' dir='ltr'><strong>res</strong></span> <span class='ocrx_word' id='word_1_871' title='bbox 2164 5792 2247 5839; x_wconf 86' lang='lat' dir='ltr'><strong>cst</strong></span> <span class='ocrx_word' id='word_1_872' title='bbox 2279 5784 2463 5849; x_wconf 80' lang='lat' dir='ltr'><strong>homo,</strong></span> <span class='ocrx_word' id='word_1_873' title='bbox 2499 5792 2553 5837; x_wconf 89' lang='lat' dir='ltr'><strong>et</strong></span> <span class='ocrx_word' id='word_1_874' title='bbox 2596 5782 2875 5853; x_wconf 71' lang='lat' dir='ltr'><strong>praeclara,</strong></span> <span class='ocrx_word' id='word_1_875' title='bbox 2924 5781 3005 5836; x_wconf 92' lang='lat' dir='ltr'><strong>vir</strong></span> <span class='ocrx_word' id='word_1_876' title='bbox 3031 5781 3371 5839; x_wconf 83' lang='lat' dir='ltr'><strong>misericors.</strong></span> <span class='ocrx_word' id='word_1_877' title='bbox 3399 5802 3418 5835; x_wconf 78' lang='grc' dir='ltr'><strong>ι</strong></span> <span class='ocrx_word' id='word_1_878' title='bbox 3458 5782 3565 5857; x_wconf 72' lang='lat' dir='ltr'><strong>Ego</strong></span> 
     </span>
    </p>
   </div>
  </div>
