3988 6510
487 372 593 428 £79

488 496 670 543 autem
705 486 872 541 stulte
902 497 1114 541 mecum
1147 486 1267 556 ipse
1297 494 1579 559 reputans,
1619 494 1678 542 tu

488 502 670 543 autem
705 502 872 541 stulte
902 502 1114 541 mecum
1147 502 1267 556 ipse
1297 502 1579 559 reputans,
1619 502 1887 634 ut‘qua:
1928 502 2061 543 mnu

486 581 706 635 animus
732 578 1078 650 suggerebat,
1114 588 1227 633 tum
1261 595 1383 650 qum
1427 596 1494 635 ex
1523 579 1743 648 Scriptu
1779 597 1808 635 a
1854 582 2062 636 didice-

487 685 625 734 ram,
649 669 1092 731 considerabam,
1115 684 1353 740 quonam
1387 672 1549 727 modo
1572 688 1773 742 niagna
1800 687 1889 728 res
1915 685 2061 729 esset

489 760 673 823 homo,
721 775 847 815 cum
896 761 1128 815 mortale
1178 761 1251 815 sit
1292 762 1515 822 animal,
1570 762 2061 819 innumerabilibus

488 852 787 906 obnoxium
821 852 1328 922 perturbationibus
1363 871 1375 906 :
1411 854 1612 924 quippe
1648 854 1742 923 qui
1771 870 1837 909 ex
1867 869 1979 924 quo
2005 856 2062 908 in

491 947 665 999 lucem
708 954 795 1000 est
835 944 1036 1007 editus,
1072 944 1139 999 ad
1190 953 1525 1001 senectutem
1578 962 1749 1017 usque
1799 959 2062 1017 perpetuo

490 1035 971 1090 innumerabilium
1038 1037 1415 1091 molestiarum
1475 1045 1530 1092 et
1583 1038 2055 1093 incommodorum

485 1125 736 1178 examine
748 1124 1060 1179 conllictetu
1071 1141 1114 1186 r,
1133 1126 1200 1179 de
1216 1139 1329 1195 quo
1342 1123 1610 1195 scriptum
1627 1131 1711 1178 est
1731 1143 1742 1175 :
1767 1142 1787 1174 ι
1808 1123 2055 1188 Domine,

483 1217 612 1285 quid
662 1223 745 1271 est
792 1217 974 1278 homo,
1021 1219 1165 1288 quod
1210 1233 1420 1271 memor
1462 1233 1521 1272 es
1546 1217 1689 1285 ejus,
1788 1226 1881 1270 aut
1912 1216 2057 1271 filius

484 1309 744 1373 hominis,
786 1312 912 1380 quia
948 1319 1169 1380 reputas
1195 1310 1392 1364 eum?»
1426 1308 1591 1362 David
1629 1319 1684 1361 ut
1718 1308 1919 1361 animal
1951 1309 2056 1362 vile

481 1399 713 1471 despicit
762 1399 1062 1463 hominem,
1096 1413 1260 1469 quem
1316 1397 1574 1453 Salomon
1609 1406 1666 1451 ut
1696 1414 1950 1468 magnum
2003 1408 2057 1453 et

382 1496 402 1511 '
483 1496 803 1562 praeclarum
852 1493 981 1564 quid
1026 1492 1183 1548 eﬂ’ert
1223 1498 1279 1547 et
1316 1490 1686 1548 commendat.
1726 1493 1877 1545 Hanc
1921 1491 2052 1545 mihi

481 1585 880 1640 dubitationem
913 1583 1106 1639 adimit
1144 1584 1395 1650 historia,
1419 1600 1541 1655 quae
1564 1584 1634 1638 de
1668 1582 1910 1638 hominis
1930 1596 2051 1651 orm

484 1676 699 1746 legitur.
730 1674 886 1731 Nunc
915 1676 1060 1732 enim
1103 1675 1416 1731 audivimus
1478 1675 1646 1729 Deum
1682 1676 1960 1745 accepisse
1989 1675 2056 1729 de

484 1769 611 1821 limo
640 1778 822 1834 terrae,
860 1778 1025 1837 atque
1066 1766 1339 1825 hominem
1392 1766 1677 1821 formasse.
1730 1765 1940 1832 Quibus
1988 1779 2053 1817 ex

481 1860 661 1915 verbis
705 1872 755 1915 et
805 1836 1021 1913 nihile:
1049 1873 1302 1930 magnum
1336 1858 1598 1929 quiddam
1624 1871 1747 1912 esse
1777 1856 2050 1910 hominem
2088 1836 2126 1892 η

480 1951 735 2005 intellexi.
780 1950 837 2005 Si
874 1961 1124 2004 naturam
1164 1957 1380 2004 tantum
1435 1950 1558 2018 ejus
1607 1948 1866 2017 aspicias,
1918 1947 2054 2001 nihil

477 2048 560 2093 est
592 2040 775 2105 homo,
824 2049 878 2093 et
910 2038 1065 2093 nullo
1112 2038 1294 2109 pretio
1329 2037 1530 2109 dignus
1576 2055 1591 2092 :
1637 2036 1723 2090 sin
1768 2034 2051 2100 honorem,

475 2146 585 2200 quo
624 2129 852 2185 alfectus
909 2139 1017 2194 est,
1070 2130 1409 2192 consideres,
1471 2142 1669 2197 magna
1708 2141 1798 2183 res
1849 2136 1951 2189 est,
1989 2139 2054 2179 ac

476 2223 755 2289 praclara.
775 2221 1062 2289 Quomodo
1079 2222 1296 2277 locutus
1313 2228 1399 2276 est
1418 2219 1599 2275 Deus?
1621 2239 1639 2270 ι
1660 2216 1802 2285 Fiat,
1817 2237 1839 2270 ν
1854 2217 2050 2288 inquit,

481 2330 503 2363 ο
524 2314 639 2379 lux,
675 2321 731 2369 et
763 2313 904 2368 facta
938 2319 1025 2368 est
1048 2312 1160 2366 lux.
1194 2328 1213 2363 ι
1248 2310 1531 2381 Perpende
1558 2310 1797 2366 hominis
1828 2315 1884 2363 et
1917 2310 2055 2362 lucis

476 2405 930 2475 procreationem.
970 2404 1115 2462 Dixit
1139 2426 1155 2461 :
1182 2426 1200 2457 ε
1231 2404 1793 2471 Fiatlirmamentum,
1832 2414 2055 2460 ietma-

477 2510 642 2566 gnum
660 2513 821 2568 supra
839 2500 1154 2554 noscoelum
1175 2507 1464 2553 extensum
1486 2507 1588 2560 est.
1615 2499 1787 2555 verbo
1803 2497 1895 2553 Dei
1917 2513 2053 2552 con-

478 2584 700 2639 fectum.
734 2584 801 2640 Et
827 2587 1017 2651 stellae,
1043 2594 1100 2642 et
1124 2588 1228 2654 sol,
1256 2598 1310 2643 et
1339 2589 1488 2652 luna,
1519 2596 1572 2642 et
1592 2602 1955 2659 quascunque
1973 2589 2052 2641 vel

476 2678 657 2734 oculis
679 2678 977 2743 cernimus,
1024 2679 1107 2735 vel
1147 2681 1330 2734 animo
1375 2679 1896 2750 comprehendimus
1940 2696 2055 2733 Ina-

436 2776 441 2782 ‘
480 2767 815 2837 gnitudines,
847 2769 1035 2834 verbo,
1069 2777 1130 2824 ut
1166 2779 1377 2835 essent,
1407 2779 1676 2826 assecuta:
1705 2778 1858 2827 sunt.
1886 2770 2053 2835 Mare,

477 2870 529 2915 et
569 2869 736 2925 terra,
779 2869 835 2916 et
880 2869 1109 2917 ornatus
1139 2876 1351 2927 eorum,
1381 2871 1490 2917 tam
1517 2864 1668 2917 varia
1699 2874 1811 2919 tum
1839 2866 2052 2918 anima-

477 2956 608 3009 lium
632 2964 746 3011 tum
768 2955 1079 3026 plantarum
1103 2971 1302 3026 genere
1335 2959 1500 3010 verbo
1526 2956 1667 3011 facta
1695 2965 1825 3011 sunt
1848 2958 2051 3015 omnia.

478 3043 658 3103 Homo
697 3063 936 3119 quonam
985 3047 1165 3103 factus
1198 3057 1283 3104 est
1326 3048 1532 3103 modo?
1560 3047 1677 3103 Non
1711 3047 1847 3103 dixit
1890 3066 1904 3103 :
1939 3047 2057 3103 Fiat

1749 372 1808 428 8.
1851 372 2176 431 GREGORII
2219 376 2507 434 NYSSENI

3618 392 3711 449 280

1764 504 1887 570 quae
1928 488 2061 543 mihi
2090 502 2134 555 Α
2166 493 2430 549 ἐσκόπουν
2455 495 2569 549 ἆτε
2603 492 2749 567 εἶχον
2791 496 2849 550 έν
2892 497 2957 567 τῇ
3011 494 3250 562 ἐμαυτοῦ
3282 495 3485 570 διανοίᾳ
3512 540 3525 565 ,
3573 507 3655 557 καὶ
3680 507 3710 560 ἀ

2165 585 2315 653 παρὰ
2349 586 2449 657 τῆς
2492 588 2717 659 Γραφῆς
2747 587 3123 658 δεδιδαγμένος
3161 589 3308 659 ήμην
3355 592 3481 661 περὶ
3506 594 3595 645 τοῦ
3626 599 3712 648 ἁν-

2164 671 2403 743 θρώπου.
2434 677 2604 741 Αὐτὸς
2645 677 2743 747 μὲν
2792 678 2902 747 γὰρ
2931 677 3252 749 ἐλογιζόμην
3277 719 3291 743 ,
3320 680 3547 746 Sarni,-
3583 686 3709 753 μέγα

2161 762 2479 833 ἄνθρωπος,
2530 765 2592 817 τὸ
2627 767 2890 837 ἐπίκηρον
2925 764 3100 830 ζῶον,
3144 769 3207 820 τὸ
3257 768 3465 839 μυρίοις
3504 772 3712 828 πάθεσιν

2162 854 2550 925 ὑποκείμενον,
2577 855 2640 909 τὸ
2670 857 2737 909 ὲκ
2766 856 3033 927 γεωητῆς
3060 858 3141 921 εἰς
3172 858 3347 928 γῆρας
3392 862 3592 932 μυρίων
3622 881 3713 920 κα-

2160 945 2278 998 κῶν
2300 947 2469 1018 ἑσμὸν
2499 947 2787 1014 έξαντλοῦν
2805 962 2819 977 ·
2850 948 2979 1019 περὶ
3010 944 3075 1004 οὗ
3105 950 3353 1020 εἴρηταιο
3406 972 3425 1002 ι
3452 953 3633 1024 Κύριε,
3663 957 3713 1010 τι

2161 1038 2279 1091 ἐστι
2312 1038 2619 1111 ἄνθρωπος,
2649 1039 2732 1092 ὅτι
2762 1040 3037 1111 ἐμνήσθης
3070 1041 3269 1105 αὐτοῦς
3296 1041 3329 1112 ἢ
3372 1043 3484 1107 υἱὸς
3514 1047 3708 1119 ἀνθρώ.

2162 1147 2288 1192 που,
2315 1130 2397 1184 ὅτι
2421 1129 2697 1202 ὲγνώσθης
2731 1129 2916 1202 αὐτῷ;
2951 1150 2972 1185 ι
3002 1132 3155 1186 Καὶὸ
3181 1132 3278 1203 μὲν
3304 1134 3596 1206 Ψαλμῳδὸς
3624 1156 3712 1194 κα-

2158 1225 2419 1293 ταφρονεί
2466 1222 2541 1285 ὡς
2584 1221 2829 1287 εὐτελοῦς
2871 1222 2966 1279 τοῦ
3019 1224 3183 1289 ζώου.
3234 1226 3328 1279 καὶ
3375 1226 3408 1296 ή
3454 1227 3710 1299 Παροιμία

2161 1312 2526 1384 ἀποσεμνύνει
2557 1314 2633 1378 ὠς
2677 1314 2822 1385 μέγα
2861 1330 2915 1367 τι
2944 1314 3037 1368 τὸν
3078 1314 3379 1387 ἄνθρωπον.
3433 1317 3585 1372 Ἀλλά
3630 1338 3712 1391 μοι

2161 1406 2262 1478 τήν
2290 1406 2546 1477 τοιαύτην
2591 1405 2914 1478 διαπόρησιν
2945 1406 3134 1460 ἔλυσεν
3158 1410 3191 1479 ή
3218 1406 3427 1478 ἱστορία
3449 1409 3545 1480 τῆς
3568 1413 3709 1479 γενέ-

2165 1517 2303 1563 σεως
2330 1499 2424 1553 τοῦ
2464 1498 2752 1571 ἀνθρώπου
2785 1500 3213 1569 ἀναγνωσθεῖσα.
3276 1500 3570 1572 Ἦκούομεν
3614 1505 3716 1578 γὰρ

2162 1592 2258 1646 νῦν
2287 1594 2370 1647 ὅτι
2394 1592 2528 1657 Θεὸς
2551 1592 2708 1647 ἔλασε
2740 1592 2870 1665 χοῦν
2895 1592 3003 1647 ἀπὸ
3021 1591 3122 1663 τῆς
3147 1594 3270 1665 γῆς.
3304 1594 3399 1648 καὶ
3419 1593 3611 1650 ἔπλασε
3631 1597 3715 1651 τὸν

2162 1686 2470 1758 ἄνθρωπον.
2495 1682 2571 1739 Εὖ
2579 1702 2669 1757 ρον
2686 1685 2743 1740 δὲ
2758 1688 2822 1739 ἐκ
2836 1684 2931 1740 τοῦ
2951 1686 3196 1758 ῥήματος
3215 1687 3409 1741 τούτου
3431 1688 3715 1761 ἀμφότερα,

2161 1778 2244 1831 ὅτι
2273 1775 2425 1830 οὐδὲν
2458 1775 2745 1848 ἄνθρωπος
2786 1777 2881 1830 καὶ
2907 1778 3052 1847 μέγα
3085 1776 3394 1847 ἄνθρωπος.
3445 1775 3566 1833 Ἐὰν
3594 1781 3719 1850 πρὸς

2159 1868 2259 1940 τὴν
2292 1865 2453 1937 φύσιν
2483 1866 2641 1938 μόνον
2672 1867 3006 1941 ἀποϐλέψεις,
3036 1869 3098 1922 τὸ
3133 1867 3300 1938 μηδὲν
3324 1868 3423 1922 καὶ
3449 1868 3539 1923 τοῦ
3571 1873 3719 1940 μηδε-

2160 1961 2250 2025 νὺς
2290 1960 2470 2025 ἀξιοςο
2501 1960 2597 2014 ἐὰν
2629 1960 2687 2015 δὲ
2709 1960 2845 2033 πρὸς
2884 1961 2983 2033 τήν
3008 1961 3172 2033 τιμὴν
3203 1963 3271 2034 ήν
3298 1962 3557 2033 ἐτιμήθη,
3591 1964 3720 2033 μέγα

2161 2053 2467 2126 ἄνθρωπος.
2494 2053 2698 2118 Ποίανς
2735 2073 2755 2107 ι
2811 2050 2978 2109 Εἶπεν
3007 2058 3036 2108 6
3074 2055 3227 2119 Θεὸς,
3262 2054 3553 2126 Γενηθήτω
3595 2056 3718 2125 φῶς.

2163 2145 2260 2200 καὶ
2291 2147 2509 2215 ἐγένετο
2536 2146 2671 2215 φῶς.
2707 2165 2726 2200 ι
2764 2143 3062 2219 Σύγκρινον
3084 2146 3372 2217 ἀνθρώπου
3406 2148 3611 2216 γένεσιν
3636 2150 3720 2203 καὶ

2165 2236 2343 2305 φωτὸς
2375 2236 2609 2306 γένεσιν.
2654 2237 2802 2291 Ἐκεῖ
2832 2233 2974 2303 εἶπε,
3011 2257 3029 2290 r
3061 2238 3347 2308 Γενηθήτω
3375 2239 3671 2309 στερέωμα.
3698 2260 3720 2292 r

2185 2329 2243 2381 Ὀ
2280 2329 2450 2399 μέγας
2484 2328 2709 2400 οὐρανὸς
2739 2329 2948 2382 ἄνωθεν
2974 2331 3104 2399 ημῖν
3134 2328 3502 2400 ὐπερτέταται
3532 2331 3720 2400 ῥήματι

2160 2418 2298 2473 Θεοῦ
2337 2418 2626 2490 γενόμενος
2645 2436 2660 2451 ο
2687 2419 2933 2487 ἀστέρες,
2966 2419 3061 2473 καὶ
3081 2419 3250 2490 ἥλιος,
3287 2420 3381 2472 καὶ
3410 2418 3619 2490 σελήνη,
3636 2422 3721 2474 καὶ

2162 2511 2339 2564 πάντα
2375 2512 2476 2565 ὅσα
2506 2509 2819 2581 θεωροῦμεν
2844 2510 3127 2582 ὀφθαλμῷ,
3162 2512 3255 2565 καὶ
3278 2511 3381 2565 ὅσα
3432 2510 3542 2565 ἄνω
3564 2529 3720 2565 κατα-

2161 2601 2511 2673 λαμϐάνομεν
2546 2600 2772 2673 μεγέθη.
2807 2602 3013 2672 ῥήματι
3045 2602 3168 2670 ἔσχε
3197 2600 3259 2653 τὸ
3292 2596 3455 2655 εἶναι.
3482 2600 3725 2655 Θάλασσα

2163 2695 2256 2748 καὶ
2287 2693 2379 2763 γῆ,
2426 2694 2519 2746 καὶ
2564 2694 2598 2763 ή
2652 2694 2711 2744 ὲν
2754 2692 2937 2755 αὐτοῖς
2984 2692 3361 2764 διακόσμησις,
3414 2692 3567 2758 ζώων
3601 2693 3724 2763 γένη

2162 2784 2482 2837 παντοδαπά
2501 2800 2515 2813 °
2548 2783 2729 2853 φυτῶν
2759 2784 3007 2854 διάφοροι
3046 2783 3328 2849 ποικιλίαι,
3356 2785 3540 2839 πάντα
3564 2784 3727 2839 ταῦτα

2163 2879 2240 2948 τῷ
2302 2880 2503 2948 ῥήματι
2570 2876 2813 2945 γέγονεν.
2887 2875 3207 2947 ’Ἄνθρωπος
3261 2876 3353 2940 δὲ,
3411 2877 3565 2944 πῶς;
3615 2879 3723 2929 Οὐκ

2161 2970 2380 3041 ἐλέχθη,
2434 2970 2721 3041 Γενηθήτω
2761 2968 3044 3039 ἄνθρωπος
3070 3008 3087 3032 ,
3122 2968 3198 3032 ὡς
3221 3011 3236 3034 ,
3280 2969 3570 3041 Γενηθήτω
3613 2985 3723 3022 στε-

2163 3064 2371 3135 ρέωμα.
2415 3062 2575 3115 Ἀλλά
2606 3061 2789 3116 πλεῖόν
2837 3078 2891 3114 τι
2918 3062 3050 3132 ὁρᾷς
3083 3062 3140 3113 ὲν
3180 3062 3256 3131 τῷ
3284 3060 3556 3131 ἀνθρώπῳ
3593 3060 3727 3131 ὑπὲρ

478 3140 663 3206 homo,
697 3147 757 3194 ut
788 3141 950 3206 dixit,
972 3140 1532 3199 Fiatlirmamentum.
1565 3141 1814 3211 Amplius
1846 3140 2049 3211 aliquid

2163 3155 2299 3223 φῶς,
2347 3151 2489 3225 ὑπὲρ
2520 3153 2770 3222 οὐρανὸν,
2801 3153 2945 3224 ὑπὲρ
2996 3152 3319 3225 φωστῆρας·
3367 3154 3512 3225 ὑπὲρ
3558 3154 3723 3206 πάντα

474 3231 660 3287 cernis
707 3231 764 3287 in
817 3234 1036 3289 homine
1077 3248 1241 3304 quam
1290 3233 1347 3287 in
1392 3233 1534 3297 luce,
1586 3248 1750 3303 quam
1784 3234 1838 3286 in
1886 3234 2048 3294 cmlo,

478 3339 641 3394 quam
671 3324 725 3379 in
758 3324 1150 3381 iuminaribus.
1181 3324 1450 3382 Omnibus
1494 3326 1770 3382 antecellit
1812 3326 2051 3381 hominis

476 3417 806 3486 procreatio.
827 3437 845 3469 ι
872 3418 1095 3488 Accepit
1113 3418 1254 3474 Deus
1278 3437 1291 3473 :
1320 3438 1338 3472 ι
1373 3433 1534 3473 manu
1556 3420 1773 3489 propria
1793 3418 2051 3489 dignatur

474 3522 675 3577 corpus
706 3518 962 3564 nostrum
988 3507 1246 3564 formare.
1282 3507 1399 3564 Non
1426 3509 1596 3578 jussit
1652 3509 1862 3580 angelo.
1903 3509 2046 3575 Non,

476 3608 534 3652 at
564 3599 805 3665 cicadas,
837 3610 1029 3668 sponte
1056 3615 1153 3654 sua
1186 3601 1413 3670 protulit
1434 3600 1708 3655 hominem
1734 3608 1902 3655 terra.
1930 3599 2045 3654 Non

478 3692 745 3746 ministris
792 3690 1163 3747 Potestatibus
1191 3693 1293 3746 hoc
1323 3688 1457 3746 ιιυά
1493 3690 1800 3747 faciendum
1834 3692 2055 3746 manda-

481 3785 574 3849 rit,
604 3784 698 3841 sed
725 3800 887 3839 manu
912 3801 1011 3840 sua
1041 3785 1339 3842 benevolus
1359 3785 1786 3841 artifex-terram
1819 3787 2052 3856 accepit.

479 3876 535 3930 Si
578 3877 711 3932 illud
738 3878 881 3946 quod
924 3886 1203 3947 sumptum
1237 3886 1343 3942 est,
1392 3878 1611 3948 aspicis,
1662 3876 1796 3949 quid
1830 3877 2051 3933 homine

473 3964 567 4019 vili
579 3964 676 4020 us?
692 3965 788 4022 Sin
806 3967 1074 4024 artificem
1086 3969 1426 4033 consideras,
1449 3971 1583 4041 quid
1597 3972 1818 4028 homine
1834 3973 2051 4040 majus?

2160 3246 2515 3319 ήάνθρὼπου
2565 3244 2797 3313 γένεσις.
2848 3262 2866 3295 ι
2911 3243 3110 3296 Ἔλασε
3149 3242 3353 3314 Κύριος
3404 3245 3438 3296 6
3490 3243 3645 3306 Θεός’
3701 3260 3723 3294 ι

2161 3339 2407 3406 καταξιοί
2450 3339 2556 3408 ἰδίᾳ
2603 3336 2750 3408 χειρὶ
2799 3335 3097 3391 διαπλάσας.
3136 3334 3197 3387 τὸ
3236 3335 3508 3405 ἡμέτερον
3550 3332 3723 3405 σῶμα.

2160 3435 2234 3488 Οὐ
2270 3430 2602 3505 προσέταξεν
2634 3428 2881 3500 ἀγγέλῳο
2915 3428 3012 3498 οὐχ
3040 3429 3078 3497 ή
3107 3427 3180 3497 γῆ
3214 3427 3521 3495 αὑτομάτος
3543 3423 3721 3493 ὥσπερ

2158 3527 2284 3589 τοὺς
2330 3524 2587 3592 τέττιγας
2641 3523 2789 3593 ήμᾶς
2836 3520 3122 3590 ἐξέδρασε,
3163 3518 3266 3572 οὐκ
3310 3512 3439 3571 εἶπε
3470 3516 3603 3587 τῷδε
3634 3516 3721 3568 καὶ

2157 3615 2294 3685 τῷδε
2341 3613 2564 3684 ποιῆσαι
2604 3611 3005 3682 λειτοπδργικαῖς
3060 3608 3375 3680 δυνάμεσιν.
3432 3606 3572 3661 Ἀλλ’
3627 3605 3725 3674 ἰδίᾳ

2155 3708 2303 3784 χειρὶ
2349 3707 2671 3778 φιλοτεχνεῖ,
2723 3706 2827 3776 γῆν
2875 3702 3085 3757 ἔλαϐεν.
3134 3702 3305 3757 Ὅταν
3348 3702 3489 3772 πρὸς
3532 3700 3595 3753 τὸ
3637 3698 3730 3769 λη-

2157 3804 2290 3872 φθὲν
2336 3801 2552 3874 ἀπίδῃς,
2599 3799 2653 3851 τί
2707 3798 2857 3851 ἐστιν
2906 3794 3218 3865 ἀνθρωποςς
3272 3794 3403 3874 ὅταν
3459 3792 3595 3862 πρὸς
3640 3792 3724 3843 τὸν

2147 3871 2432 3942 πλάσαντι
2460 3871 2801 3959 κατανοήσῃς
2825 3925 2841 3950 ,
2873 3883 3015 3953 μέγα
3035 3876 3341 3949 ἅνθρωπος,
3366 3871 3513 3925 ὥστε
3543 3886 3636 3923 και
3662 3881 3719 3919 το

2151 3979 2318 4052 μηδὲν
2347 3977 2436 4033 διὰ
2461 3977 2560 4050 τὴν
2588 3976 2745 4046 ὓλην,
2782 3972 2878 4028 καὶ
2900 3972 3042 4044 μέγα
3063 3969 3152 4022 διὰ
3181 3966 3280 4038 τήν
3304 3966 3496 4035 τιμήν.

472 4059 942 4125 Quemadmodum
972 4072 1197 4134 pmpter
1219 4064 1509 4120 materiam
1532 4079 1599 4119 eo
1621 4065 1761 4119 nihil
1791 4063 2063 4134 abiectius
2083 4103 2100 4130 ,
2132 4080 2211 4118 Sic
2234 4072 2455 4134 propter
2481 4062 2757 4117 elfectoris
2785 4060 3105 4129 dignitatem
3133 4056 3455 4128 praeclarius
3486 4054 3640 4108 nihil.

546 4168 571 4202 ε
589 4149 653 4204 Et
668 4153 876 4221 accepit
890 4149 1051 4207 Deus.
1064 4170 1083 4205 ι
1096 4152 1211 4207 Cur
1223 4164 1428 4217 autem,
1448 4170 1573 4210 cum
1590 4164 1717 4210 ante
1727 4153 1938 4208 dictum
1951 4155 2042 4216 sit,

474 4261 497 4292 ε
529 4240 594 4295 Et
611 4240 737 4297 fecit
760 4241 902 4298 Deus
928 4243 1227 4307 hominem,
1259 4265 1278 4297 ι
1310 4246 1400 4301 hic
1423 4248 1476 4301 in
1499 4247 1618 4316 ejus
1640 4247 2041 4317 procreatione,

468 4346 729 4404 tanquam
760 4334 814 4388 id
842 4350 951 4389 non
976 4336 1427 4402 intellexerimus,
1458 4338 1513 4392 in
1537 4338 1770 4392 historia
1800 4337 2040 4392 dicitur:

471 4441 496 4475 ε
517 4422 582 4476 Et
602 4425 811 4494 accepit
840 4424 982 4481 Deus
1013 4427 1289 4496 pulverem
1322 4443 1353 4483 e
1380 4436 1523 4482 terra
1560 4437 1615 4482 et
1654 4428 1911 4483 formavit
1944 4427 2044 4481 hoc

2227 4171 2245 4204 ι
2274 4152 2385 4207 Kal.
2406 4151 2596 4207 ἐλαϐεν
2635 4155 2665 4206 6
2692 4152 2844 4216 Θεός.
2875 4171 2895 4205 ι
2945 4150 3106 4204 Ἀλλά
3134 4149 3287 4215 πῶς
3326 4149 3478 4202 Ἐκεῖ
3506 4148 3565 4199 ἐν
3613 4148 3727 4208 τοῖς

2152 4244 2405 4311 κατόπιν,
2440 4245 2583 4299 (Καὶ
2613 4244 2871 4315 ἐποίησεν
2906 4245 2937 4297 6
2961 4242 3095 4307 Θεὸς
3119 4242 3211 4295 τὸν
3236 4240 3526 4314 ἄνθρωπον
3547 4259 3563 4272 ·
3586 4257 3606 4291 ι
3641 4241 3723 4292 ὲν-

2149 4335 2324 4391 ταῦθα
2351 4335 2433 4400 δὲ,
2465 4335 2673 4390 ἀνωθεν
2697 4335 2986 4407 ἀνθρώπου
3013 4336 3225 4404 γένεσις
3249 4350 3262 4364 ·
3286 4333 3361 4397 ὡς
3394 4334 3567 4405 μηδὲν
3598 4332 3724 4402 περὶ

2148 4427 2437 4498 ἀνθρώπου
2465 4427 2862 4499 δεδιδαγμένων
2896 4426 3074 4498 ἡμῶν,
3102 4426 3310 4497 ἱστορία
3345 4425 3496 4492 λέγει
3521 4442 3534 4456 ·
3579 4444 3597 4475 ι
3620 4424 3725 4475 Καὶ

466 4515 668 4568 minem
690 4515 751 4570 τι
786 4514 1152 4572 Tradiderunt
1194 4518 1307 4585 jam
1351 4505 1581 4587 quidam
1615 4519 1839 4573 verbum
1884 4518 2038 4582 illud,

2157 4520 2340 4573 ἔλαϐεν
2361 4522 2392 4573 6
2418 4520 2548 4583 Θεὸς
2574 4519 2702 4590 χοῦν
2735 4519 2845 4573 ἀπὸ
2870 4520 2972 4589 τῆς
2993 4519 3115 4587 γῆς’
3157 4520 3249 4572 καὶ
3274 4517 3507 4571 ἔπλασεν
3537 4518 3566 4569 6
3592 4515 3720 4577 Θεὸς

471 4626 488 4654 ¢
522 4604 823 4671 Formavit,
853 4624 876 4658 ι
901 4609 967 4662 ad
996 4621 1198 4677 corpus
1228 4608 1424 4661 relern
1450 4623 1502 4659 τι
1532 4607 1681 4660 l'ecit
1700 4624 1719 4656 ι
1742 4614 1947 4674 autem,
1970 4610 2039 4664 ad

466 4698 874 4765 :uiimquua:
890 4699 1109 4769 quidem
1128 4698 1268 4754 ratio
1284 4697 1425 4753 forte
1439 4713 1546 4752 non
1562 4697 1821 4754 abhorret
1837 4713 1868 4753 ο
1883 4714 2035 4758 vero.

472 4788 537 4843 Ut
561 4806 686 4846 cum
714 4794 1096 4864 exponendum
1116 4802 1263 4849 esset
1291 4795 1564 4849 hominem
1590 4810 1715 4850 esse
1746 4796 1948 4849 factum
1976 4799 2043 4851 ad

468 4884 760 4956 inaginem
791 4884 907 4949 Dei,
943 4887 1209 4957 scriptum
1250 4886 1343 4954 sit,
1382 4906 1402 4940 ι
1442 4886 1590 4942 Fecit
1622 4906 1635 4942 :
1667 4905 1686 4939 ι
1709 4902 1834 4943 cum
1863 4898 2043 4944 autem

467 4986 614 5034 esset
653 4979 1008 5048 explicanda,
1053 4996 1175 5050 quae
1204 4980 1275 5036 ad
1306 4981 1559 5052 corporis
1594 4981 2041 5055 constitutionem

467 5071 820 5142 pertinerent,
854 5088 921 5128 ea
948 5088 1087 5141 vox,
1125 5092 1149 5125 ε
1185 5072 1481 5140 Formavit,
1522 5094 1542 5128 ι
1579 5073 1822 5131 adhibita
1853 5075 2040 5140 fuerit,

467 5163 773 5233 praesertim
792 5178 916 5217 cum
946 5163 1113 5217 David
1141 5163 1259 5233 ipse
1288 5164 1582 5219 discrimen
1616 5164 1811 5218 horum
1846 5167 2043 5220 verbo-

468 5269 590 5307 rum
622 5252 877 5310 docuisse
909 5254 1176 5319 videatur,
1209 5254 1339 5309 dum
1370 5256 1576 5311 diceret
1610 5275 1625 5311 :
1660 5274 1680 5308 ι
1717 5255 1909 5312 Manus
1936 5266 2045 5311 tua

469 5347 719 5402 fecerunt
749 5363 857 5412 me,
893 5356 949 5403 et
976 5346 1352 5403 formaverunt
1380 5364 1487 5403 me.
1529 5366 1550 5399 ι
1578 5346 1731 5403 Fecit
1767 5348 2041 5403 hominem

466 5436 825 5503 interiorem,
884 5436 1216 5492 exteriorem
1265 5436 1538 5492 formavit.
1591 5435 1848 5492 Formare
1895 5439 2043 5491 enim

466 5528 723 5599 congruit
768 5529 902 5595 luto,
959 5527 1141 5584 facere
1174 5538 1355 5585 autem
1409 5530 1631 5600 imagini
1676 5528 1791 5584 Dei.
1834 5527 2041 5596 Quam~

466 5621 657 5676 obrem
687 5622 919 5677 formata
943 5630 1028 5677 est
1055 5637 1208 5688 caro,
1242 5622 1458 5677 animus
1478 5639 1607 5677 vero
1640 5624 1835 5678 factus.
1867 5622 2042 5693 Expo-

471 5713 595 5769 si'is
629 5715 792 5786 igitur
837 5724 987 5781 ante,
1029 5733 1152 5788 qua:
1202 5716 1267 5770 ad
1314 5715 1756 5772 constituendum
1800 5720 2038 5770 animum

470 5813 741 5873 spectant,
770 5823 911 5862 nunc
938 5823 1005 5863 ea
1041 5816 1247 5872 narrat,
1299 5823 1418 5878 qua:
1464 5807 1533 5862 ad
1565 5822 1762 5877 corpus
1802 5805 2039 5861 conﬂau-

2146 4614 2237 4665 τὸν
2265 4598 2568 4685 ἄνθρωπον.
2596 4632 2614 4665 ι
2655 4612 2793 4683 Ἤδη
2821 4612 2963 4674 τινὲς
2993 4612 3225 4680 ἔφασαν,
3252 4609 3314 4662 τδ
3355 4611 3454 4680 μὲν
3506 4627 3524 4660 r
3562 4608 3719 4661 ἐπλα-

2146 4719 2238 4755 σεν
2262 4724 2278 4753 ι
2320 4704 2412 4757 ἐπὶ
2438 4702 2535 4755 τοῦ
2582 4702 2833 4772 σώματος
2866 4701 3117 4773 εἰρῆσθαι
3140 4717 3154 4731 ⁸
3187 4700 3248 4753 τὸ
3290 4699 3347 4753 δὲ
3374 4719 3394 4751 ι
3415 4701 3671 4770 ἐποίησεν
3695 4717 3718 4749 ι

2146 4795 2238 4847 ἐπὶ
2261 4794 2360 4865 τῆς
2380 4794 2576 4864 ψυχῆς.
2606 4794 2765 4858 Ἴσως
2792 4793 2913 4847 οὐδὲ
2944 4793 3050 4860 ἔξω
3072 4792 3173 4863 τῆς
3196 4791 3455 4863 ἀληθείας
3483 4793 3513 4845 6
3545 4792 3717 4857 λόγος.

2148 4888 2323 4940 Ὅπου
2355 4888 2454 4958 μὲν
2496 4888 2604 4958 γὰρ
2643 4886 2857 4959 εἴρηται
2878 4926 2894 4951 ,
2935 4903 2955 4937 ι
2982 4885 3094 4939 Kal.
3120 4884 3374 4955 εποίησεν
3416 4886 3447 4937 6
3474 4885 3607 4950 Θεὸς
3632 4884 3721 4936 τὸν

2144 4978 2454 5051 ἄνθρωπον,
2490 4998 2509 5032 ι
2562 4979 2683 5033 κατ’
2720 4978 2906 5032 εἰκόνα
2944 4976 3080 5030 Θεοῦ
3126 4976 3379 5048 ἐποίησεν
3423 4976 3615 5040 αὐτὸν,
3663 4974 3722 5027 τὸ

2151 5090 2167 5120 ι
2201 5071 2456 5141 ἐποίησεν
2486 5090 2505 5122 ι
2532 5069 2764 5141 εἴρηται·
2787 5070 2922 5123 ὅπου
2942 5068 2999 5122 δὲ
3021 5068 3206 5122 λοιπὸν
3223 5068 3350 5139 περὶ
3365 5066 3465 5138 τῆς
3480 5083 3723 5138 σωματι-

2144 5163 2247 5233 κῆς
2281 5164 2626 5225 ὑποστάσεως
2658 5163 2789 5232 ἡμῖν
2822 5160 3108 5231 διηγεῖται,
3129 5159 3193 5212 τὸ
3222 5177 3242 5211 ο
3276 5158 3479 5213 ἔπλασε
3504 5178 3524 5212 ι
3554 5158 3721 5226 λέγει.

2143 5255 2415 5326 Διαφοράν
2444 5254 2501 5307 δὲ
2531 5254 2800 5325 ποιήσεως
2824 5253 2920 5306 καὶ
2943 5250 3194 5314 πλάσεως
3230 5251 3325 5304 καὶ
3358 5251 3388 5303 6
3415 5248 3721 5321 Ψαλμῳδὸς

2120 5348 2381 5412 ’ἐδίδαξεν
2414 5346 2624 5400 εἰπών’
2663 5347 2770 5399 «Ai
2816 5345 2997 5417 χεῖρές
3043 5361 3139 5398 σου
3193 5345 3457 5415 ἐποίησάν
3508 5360 3579 5414 με
3628 5341 3720 5395 καὶ

2143 5436 2382 5491 ἔπλασαν
2407 5451 2495 5506 με.
2527 5453 2546 5487 ι
2590 5433 2845 5507 Ἐποίησε
2886 5434 2978 5487 τὸν
3008 5433 3118 5487 ἔσω
3148 5434 3434 5504 ἄνθρωπον
3454 5473 3471 5499 ,
3516 5431 3719 5486 ἔπλασε

2142 5530 2233 5584 τὸν
2265 5528 2388 5594 ἔξω.
2422 5529 2531 5581 Kal.
2562 5528 2671 5600 γὰρ
2716 5529 2915 5600 πρέπει
2948 5528 2986 5598 ἡ
3020 5525 3347 5597 μὲνπλάσις
3378 5523 3536 5594 πηλῷ
3559 5538 3571 5551 ·
3600 5524 3633 5591 ή
3662 5520 3719 5574 δὲ

2145 5621 2360 5689 ποίησις
2380 5619 2456 5690 τῷ
2489 5621 2609 5673 κατ’
2640 5618 2842 5673 εἰκόνα.
2882 5619 3047 5671 ’Ὥστε
3081 5616 3322 5687 ἐπλάσθη
3352 5616 3452 5685 μὲν
3476 5616 3510 5681 ὴ
3557 5613 3716 5683 σὰρξ,

2142 5713 2369 5783 ἐποιήθη
2403 5710 2460 5765 δὲ
2504 5713 2730 5783 ὴψυχή.
2768 5713 2914 5765 Ἀνω
2954 5706 3132 5763 τοίνυν
3164 5709 3333 5763 εἰπὼν
3370 5710 3501 5781 περὶ
3544 5708 3716 5778 ψυχῆς

2141 5805 2511 5870 ὑποστάσεως,
2535 5805 2626 5859 νῦν
2650 5805 2779 5877 περὶ
2807 5804 3073 5872 τῆςηκατά
3091 5803 3155 5859 τὸ
3186 5804 3343 5875 σῶμα
3377 5802 3718 5863 διαπλάσεως
