3996 6504
974 410 1040 464 IN
1077 412 1324 479 vanas,
1360 414 1739 471 FACIANUS
1778 412 2163 478 IIOMINEH,
2203 412 2382 478 me,
2421 386 2628 470 eam.
2669 413 2737 466 u.

3366 415 3475 469 28‘)

217 521 348 589 ημῖν
375 519 701 590 διαλέγεται.
729 525 856 594 Ἔχε
891 528 985 580 καὶ
1009 528 1199 582 τοῦτον
1225 530 1318 583 τὸν
1340 531 1495 599 λόγον
1524 550 1536 561 ·
1568 532 1652 594 τίς
1676 532 1733 584 δὲ
1766 535 1778 584 ε

1895 531 2024 587 dum
2058 533 2352 621 perun?
2381 527 2506 584 Hac
2533 532 2606 585 sit
2630 544 2735 583 una
2771 528 2955 621 ration
2985 528 3166 621 Altera
3184 536 3303 621 gest,
3327 531 3473 599 quod

218 613 400 680 ἔτερος
422 627 437 676 ;
458 613 581 666 Ὅτι
603 614 669 668 τά
697 616 796 685 μὲν
819 618 879 668 ὲν
901 618 1182 689 κεφαλαίῳ
1205 620 1448 689 λέγεται·
1484 622 1554 675 τὰ
1581 623 1637 676 δὲ
1663 624 1784 675 καθ’

216 701 274 753 ὃν
299 702 499 773 τρόπον
525 704 747 773 γέγονεν
773 707 902 776 ἡμῖν
925 710 1293 779 παραδίδοται.
1326 712 1566 765 Ἀνωθεν
1589 709 1683 767 οὖν
1704 715 1789 767 ὅτι

218 795 309 846 καὶ
340 794 615 865 ιποίησεν,
649 789 752 849 ὦδε
789 798 1028 862 καὶπῶς
1060 800 1335 871 εποίησεν.
1370 802 1432 854 Ei
1461 803 1569 874 γὰρ
1601 803 1788 867 ἁπλῶς

218 880 369 939 εἶπεν
405 886 489 940 δτι
520 886 795 957 ἐποίησεν,
823 889 1079 960 ἐνόμισας
1116 891 1183 944 ἂν
1208 891 1289 945 ὃτι
1330 892 1584 961 ἐποίησεν
1610 892 1684 957 ὠς
1717 894 1786 947 τά

219 981 410 1049 κτήνη,
431 977 508 1041 ὡς
534 977 603 1031 τά
631 978 815 1050 θηρία,
839 979 915 1045 ὡς
940 981 1011 1034 τὰ
1041 982 1208 1050 φυτὰ,
1229 984 1305 1046 ὡς
1328 984 1419 1036 τὸν
1443 984 1786 1055 χόρτον.⁶¹ινα

215 1064 309 1122 οὖν
339 1068 514 1141 φύγῃς
536 1070 641 1140 τὴν
681 1070 816 1140 πρὸς
840 1071 911 1124 τά
951 1071 1121 1141 ἀλογα
1163 1075 1478 1137 κοινωνίαν,
1523 1077 1623 1145 τὴν
1655 1076 1787 1129 ἰδιά-

215 1157 415 1223 ζουσαν
446 1160 575 1229 περὶ
612 1160 674 1213 σε
709 1160 803 1214 τοῦ
824 1162 960 1214 Θεοῦ
992 1163 1365 1234 φιλοτέχνησιν
1394 1167 1423 1218 6
1451 1165 1607 1234 λόγος
1638 1184 1783 1237 παρ-

214 1249 433 1305 έδωκεν.
482 1268 502 1303 t
524 1251 754 1305 Ἔλαϐεν
794 1255 822 1306 6
846 1253 978 1317 Θεὸς
1007 1254 1139 1325 χοῦν
1162 1256 1272 1309 ἀπὸ
1293 1256 1395 1325 τῆς
1426 1257 1549 1325 γῆς.
1578 1277 1597 1309 ι
1639 1259 1787 1311 Ἑκεὶ

214 1335 365 1392 εἶπεν
404 1340 487 1393 ὅτι
527 1340 811 1410 εποίησεν⁸
850 1342 1082 1396 ἐνταῦθα
1112 1342 1170 1396 δὲ
1208 1342 1323 1406 πῶς
1362 1345 1604 1415 ἐποίησε.
1641 1346 1784 1400 Χοῦν

211 1430 401 1483 ἔλαϐεν
429 1433 539 1484 ἀπὸ
566 1432 664 1502 τῆς
687 1432 823 1501 γῆς,
866 1433 960 1487 καὶ
999 1432 1202 1488 ἔπλασε
1233 1438 1353 1498 ταῖς
1385 1436 1543 1501 ίδίαις
1570 1438 1781 1507 χερσίν.

223 1519 585 1592 Ἐνθυμήθητι
614 1521 730 1586 πῶς
753 1522 1046 1593 ὲπλάσθης.
1081 1524 1152 1577 Τὸ
1172 1526 1532 1597 ἐργαστήριον
1555 1528 1653 1599 τῆς
1680 1528 1783 1597 φύ-

212 1630 348 1677 σεως
376 1614 609 1683 λόγισαι.
638 1615 775 1688 Χείρ
802 1616 918 1670 ἑστι
951 1616 1216 1691 δεξαμένη
1255 1635 1315 1672 σε
1345 1619 1509 1673 Θεοῦ·
1538 1620 1600 1674 τὸ
1631 1622 1783 1692 παρά

209 1702 344 1757 Θεοῦ
378 1703 631 1772 πλασθὶν,
658 1705 747 1758 διά
769 1708 1034 1779 πονηρίας
1056 1708 1133 1779 μὴ
1161 1709 1380 1781 μιανθῇ.
1412 1709 1477 1764 δι’
1505 1712 1782 1783 ἁμαρτίας

212 1797 285 1866 μὴ
333 1795 596 1868 ἀλλοιωθῇ
623 1836 637 1858 .
693 1798 769 1870 μὴ
819 1799 1060 1871 ἐκπέσῃς
1099 1802 1197 1870 τῆς
1247 1802 1430 1873 χειρὸς
1474 1804 1570 1857 τοῦ
1621 1803 1776 1860 Θεοῦ.

1892 624 2005 679 illic
2046 638 2160 676 rem
2202 606 2518 677 summatim
2560 620 2902 691 perstrinxit,
2942 618 3034 673 hic
3075 619 3318 681 modum,
3360 634 3477 690 quo

1892 715 2034 768 facta
2069 722 2178 779 est,
2223 712 2462 784 explicat
2492 720 2548 767 et
2587 717 2835 767 enarrat.
2870 710 3012 765 Ante
3049 708 3257 767 fecisse
3298 709 3467 764 Deum

1889 805 2151 861 audivisti
2170 824 2186 859 :
2205 820 2355 859 nunc
2381 818 2491 874 quo
2517 803 2680 858 modo
2711 801 2927 875 fecerit,
2953 800 3230 872 intelligis.
3257 799 3469 854 Etenim

1888 897 1936 953 si
1978 896 2305 967 simpliciter
2338 896 2605 965 scriptum
2632 902 2779 949 esset
2807 911 2820 946 :
2849 891 3025 957 Fecit,
3072 894 3343 962 cogitares
3370 891 3467 946 bo-

1888 989 2092 1042 minem
2130 987 2306 1043 fuisse
2336 987 2566 1049 factum,
2599 995 2660 1039 ut
2691 984 2856 1047 feras,
2884 993 2944 1036 ut
2978 992 3118 1047 cete,
3145 993 3205 1037 ut
3229 984 3468 1053 plantas,

1887 1084 1947 1131 ut
2000 1077 2219 1132 herbas.
2262 1074 2533 1142 Quocirca
2569 1081 2629 1128 ut
2663 1080 2717 1127 te
2763 1088 2889 1127 cum
2935 1072 3338 1142 agrestioribus
3384 1073 3466 1126 iu-

1888 1168 2175 1238 teiligeres
2204 1167 2341 1221 nihil
2370 1166 2574 1221 habere
2603 1178 2919 1229 commune,
2946 1163 3161 1234 Moyses
3184 1166 3463 1235 proprium

1884 1269 1940 1316 et
1961 1261 2238 1333 singulare
2258 1259 2353 1315 Dei
2384 1260 2439 1314 in
2473 1267 2527 1314 te
2550 1256 2791 1314 creando
2827 1257 3118 1311 artificium
3144 1257 3461 1327 explicavit.

1889 1370 1909 1404 ι
1941 1351 2187 1421 Sumpsit
2206 1350 2351 1407 Deus
2372 1350 2651 1420 pulverem
2670 1356 2891 1404 eterra.
2919 1367 2938 1400 ι
2970 1349 3144 1413 Tunc,
3170 1348 3298 1418 quid
3321 1346 3468 1401 Dens

1884 1442 2097 1505 fecerit,
2128 1440 2307 1496 dixit:
2347 1455 2519 1502 nunc,
2549 1452 2658 1508 qua
2708 1439 2922 1493 ratione
2951 1438 3162 1501 fecerit,
3215 1440 3461 1504 exponit.

1883 1534 2166 1590 Pulverem
2206 1533 2444 1604 sumpsit
2493 1546 2524 1586 e
2568 1540 2736 1595 terra,
2788 1530 3180 1599 hominemque
3226 1530 3465 1600 propriis

1882 1625 2139 1678 manibus
2166 1624 2445 1678 formavit.
2472 1623 2663 1693 Cogita
2696 1618 3158 1691 quemadmodum
3191 1622 3462 1675 formatus

1882 1716 1982 1781 sis,
2017 1716 2228 1770 homo:
2273 1722 2486 1768 natura
2533 1724 2641 1767 tua:
2686 1713 2980 1767 artificium
3015 1711 3323 1766 considera.
3367 1709 3462 1764 Dei

1884 1823 2081 1862 manus
2104 1815 2190 1863 est
2231 1807 2347 1872 illa,
2374 1822 2497 1876 qua:
2529 1813 2582 1860 te
2611 1803 2887 1860 formavit.
2922 1804 3066 1858 Cave
3096 1819 3163 1858 ne
3196 1802 3289 1857 Dei
3320 1817 3465 1872 Opus

208 1886 409 1950 Σκεῦος
439 1884 490 1941 εῐ
531 1888 860 1944 θεόπλαστον
888 1893 1039 1965 παρὰ
1069 1893 1204 1947 Θεοῦ
1236 1871 1557 1967 γενόμενον·
1591 1897 1778 1962 δόξαζε

1884 1899 2092 1969 ﬂagitio
2147 1871 2557 1967 coinquinetur,
2605 1911 2675 1950 ne
2720 1903 2945 1964 peccato
2992 1871 3371 1965 pervertatur,
3406 1903 3464 1948 et

207 1980 299 2032 τὸν
329 1984 647 2053 ποιήσαντα.
679 1982 813 2036 οὐδὲ
848 1985 958 2057 γὰρ
985 1986 1144 2040 ἄλλον
1169 1988 1317 2051 τινὸς
1349 1990 1533 2043 ἕνεκεν
1571 1990 1779 2058 ἐγένου,

207 2072 240 2141 ἢ
272 2072 361 2126 ἵνα
380 2072 610 2144 ὄργανον
630 2070 698 2148 ᾗς
721 2076 1027 2146 ἐπιτήδειον
1053 2079 1153 2148 τῆς
1182 2079 1341 2149 δόξης
1366 2081 1461 2134 τοῦ
1485 2081 1639 2135 Θεοῦ.
1673 2085 1781 2137 Καὶ

206 2165 316 2233 γὰρ
353 2166 384 2217 6
408 2166 611 2236 κόσμος
638 2161 787 2230 οὗτος
812 2167 932 2231 ὅλος
955 2168 1146 2242 ὥσπερ
1176 2188 1230 2224 τι
1262 2172 1465 2241 βιϐλίον
1508 2174 1781 2243 έγγραφόν

207 2253 355 2305 ἐστιν
378 2295 394 2319 ,
447 2254 919 2325 ὑπαγορευόμενον
967 2258 1064 2331 τὴν
1120 2259 1214 2313 τοῦ
1267 2260 1404 2314 Θεοῦ
1448 2261 1605 2325 δόξαν
1630 2280 1643 2293 ·
1682 2262 1781 2334 τὴν

205 2345 553 2415 ἀπόκρυφον,
590 2348 684 2400 καὶ
744 2349 974 2419 ἀόρατον
1039 2350 1134 2404 τοῦ
1202 2353 1339 2405 Θεοῦ
1391 2353 1779 2424 μεγαλωσύνην

201 2435 270 2488 δι’
298 2436 466 2490 αὑτοῦ
497 2437 826 2507 διαγγέλλων
852 2457 935 2494 σοι
971 2441 1049 2512 τῷ
1090 2441 1215 2497 νοῦν
1243 2444 1420 2515 ἔχοντι
1443 2485 1459 2510 ,
1495 2447 1574 2509 είς
1608 2462 1780 2498 κατα-

203 2529 389 2599 νόησιν
440 2529 717 2602 ἀληθείας.
758 2533 982 2597 Πάντως
1022 2531 1115 2589 οῦν
1154 2536 1430 2608 μέμνησαι
1462 2538 1573 2592 τῶν
1621 2543 1775 2611 εἰρη-

205 2621 405 2691 μένων.

1881 1990 2105 2045 excidas
2135 2005 2167 2046 e
2196 2005 2362 2044 manu
2390 1988 2509 2044 Dei.
2532 1987 2611 2041 'l‘u
2642 2002 2705 2043 es
2728 2002 2827 2042 vas
2854 2001 2883 2040 a
2915 1986 3025 2042 Deo
3054 1986 3262 2053 fictum,
3296 1995 3462 2058 atque

1881 2082 2204 2146 conflatum,
2247 2082 2409 2136 lauda
2463 2081 2777 2136 effectorem
2821 2086 2975 2133 tuum
3019 2097 3032 2131 :
3080 2093 3260 2147 neque
3312 2079 3462 2133 enim

1882 2175 2049 2229 aliam
2081 2175 2153 2230 ob
2182 2188 2408 2228 causam
2444 2173 2623 2228 factus
2651 2187 2736 2236 es,
2764 2170 2873 2226 nisi
2912 2178 2970 2224 ut
2995 2170 3062 2224 ad
3094 2169 3188 2224 Dei
3224 2172 3459 2241 gloriam

1880 2263 2270 2318 celebrandam
2304 2277 2457 2319 esses
2494 2263 2926 2317 instrumentum
2959 2263 3461 2315 accommodatum.

1877 2350 1958 2402 Ac
1985 2350 2187 2404 divinae
2209 2349 2430 2420 quidem
2452 2348 2639 2419 gloriz'e
2657 2348 3000 2404 celebrandae
3020 2350 3304 2405 materiam
3332 2350 3459 2413 tibi,

1878 2450 2142 2511 tanquam
2174 2442 2314 2496 liber
2352 2441 2620 2511 scriptus,
2655 2442 2898 2511 suggerit
2926 2441 3076 2496 orbis
3116 2441 3205 2495 hic
3237 2441 3459 2495 univer-

1878 2550 1994 2589 sus.
2026 2532 2149 2588 Tibi
2176 2533 2323 2587 enim
2347 2541 2535 2588 mente
2564 2533 2794 2604 praedita
2818 2533 2886 2587 ad
2917 2533 3165 2589 veritatis
3189 2534 3458 2604 cognitio-

1880 2642 2005 2681 nem
2035 2625 2253 2679 nuntiat
2282 2639 2347 2679 ex
2380 2640 2438 2679 se
2474 2624 2934 2696 magnificentiam
2970 2623 3084 2681 Dei.
3112 2624 3461 2696 Quapropter

1873 2731 2063 2772 eorum
2086 2730 2208 2786 quae
2237 2714 2387 2770 dicta
2423 2722 2575 2780 sunt,
2610 2716 2929 2770 recordare.

293 2800 435 2855 «Καὶ
462 2802 764 2874 ηὐλόγησεν
795 2805 994 2869 αὐτοὺς
1035 2806 1065 2859 6
1089 2805 1223 2871 Θεὸς
1252 2808 1346 2863 καὶ
1384 2800 1535 2862 εἶπεν
1558 2848 1574 2876 ,
1605 2809 1778 2875 Αίδξά-

1952 2826 1971 2860 ι
2010 2807 2076 2861 Ει
2108 2805 2385 2863 benedixit
2411 2808 2492 2863 eis
2515 2805 2680 2873 Deus,
2704 2816 2761 2862 et
2788 2808 2865 2861 ait
2891 2826 2906 2862 :
2939 2807 3206 2871 Crescite,
3232 2816 3287 2863 et
3318 2810 3457 2861 mul-

200 2893 380 2959 νεσθε,
413 2896 510 2949 καὶ
559 2895 914 2967 πληθύνεσθε,
946 2900 1039 2952 καὶ
1089 2899 1415 2971 πληρώσατε
1462 2901 1561 2973 τὴν
1591 2903 1715 2973 γῆν.
1752 2922 1774 2955 ι

1880 2899 2222 2969 tiplicamini,
2263 2911 2318 2954 et
2360 2899 2566 2968 replete
2599 2906 2824 2954 terram.
2856 2917 2875 2949 ι
2918 2898 3123 2968 Duplex
3157 2910 3240 2963 est
3275 2901 3457 2954 incre-

202 2985 379 3056 Διπλῆ
414 2986 665 3058 αὔξησις,
697 2989 730 3059 ή
766 2989 866 3058 μὲν
904 2987 1151 3058 σώματος
1175 3029 1191 3053 ,
1222 2991 1256 3060 ή
1289 2992 1345 3043 δὲ
1374 2992 1573 3062 ψυχῆς.
1620 2992 1778 3046 Ἀλλά

1880 2998 2143 3054 mentum,
2179 3002 2348 3042 unum
2380 2988 2654 3058 corporis,
2696 2988 2929 3043 alterum
2976 2989 3166 3043 animi.
3212 2991 3455 3061 Augetur

204 3081 239 3148 ἡ
265 3077 448 3148 ψυχῆς
468 3078 723 3150 αὔξησις,
765 3082 799 3150 ὴ
831 3081 920 3133 διά
946 3081 1053 3135 τῶν
1086 3082 1421 3153 μαθημάτων
1451 3085 1531 3147 είς
1565 3083 1778 3138 τελείω-

1880 3078 2117 3140 animus,
2145 3091 2271 3131 cum
2300 3077 2615 3145 disciplinis
2647 3077 2917 3132 excolitur
2954 3085 3118 3147 atque
3151 3079 3450 3148 perficitur.

206 3185 293 3223 σιν
316 3169 604 3240 προσθήκη
628 3186 642 3199 ·
672 3169 923 3240 σώματος
947 3173 1055 3244 γάρ
1081 3172 1337 3244 αὔξησις,
1373 3176 1406 3244 ή
1436 3174 1546 3227 ἀπὸ
1579 3175 1775 3247 μικροῦ

1880 3168 2092 3238 Corpus
2122 3176 2304 3223 autem
2321 3168 2546 3231 crescit,
2578 3170 2708 3223 dum
2738 3183 2806 3222 ex
2846 3183 3015 3238 parvo
3052 3170 3119 3223 ad
3143 3170 3353 3239 justum
3400 3179 3461 3224 et

202 3262 285 3324 εἰς
337 3261 399 3315 τὸ
433 3260 673 3332 καθῆκον
718 3263 915 3334 μέτρον
972 3265 1438 3328 ἀποκατάστασις..
1472 3265 1776 3332 Δὺξάνεσθε

200 3351 383 3404 τοίνυν
412 3355 528 3414 τοῖς
559 3352 658 3421 μὲν
679 3351 892 3422 ἀλόγοις
924 3352 1099 3417 ζώοις,
1122 3354 1262 3407 κατά
1292 3353 1389 3425 τὴν
1418 3352 1511 3407 τοῦ
1533 3354 1777 3425 σώματος

198 3444 503 3506 τελείωσιν,
519 3446 659 3499 κατά
683 3445 775 3499 τὸν
801 3446 1144 3516 ἀπαρτισμὸν
1176 3446 1276 3516 τῆς
1303 3446 1517 3516 φύσεως
1542 3447 1775 3519 εἴρηται,

200 3537 337 3605 ἡμῖν
361 3535 419 3588 δὲ
448 3535 741 3601 αὐξάνεσθε
776 3538 915 3591 κατά
933 3539 1025 3591 τὸν
1050 3538 1159 3591 ἔσω
1184 3539 1489 3609 ἄνθρωπον,
1514 3538 1655 3592 κατά
1684 3538 1779 3610 τὴν

201 3627 492 3698 προκοπὴν
531 3627 629 3699 τὴν
658 3630 737 3689 είς
767 3627 899 3681 Θεὸν
928 3625 1091 3682 οὖσαν
1109 3667 1125 3691 ,
1159 3625 1272 3693 οἷος
1298 3625 1366 3700 ἦν
1391 3629 1602 3694 Παῦλος
1623 3670 1636 3694 ,
1665 3632 1779 3694 τοῖς

204 3716 305 3787 μὲν
333 3715 642 3786 ἔμπροσθεν
694 3718 1168 3788 έπεκτεινόμενος,
1198 3717 1306 3773 τῶν
1330 3718 1376 3771 δ’
1406 3718 1630 3772 ὄπισθεν
1659 3720 1779 3773 ὲπιο

199 3808 619 3879 λανθανόμενος.
656 3808 803 3879 Αὕτη
839 3811 986 3862 ἐστὶν
1022 3812 1056 3880 η
1087 3808 1314 3881 αὔξησις
1359 3811 1467 3864 τῶν
1498 3811 1778 3883 θεωρημά-

199 3915 311 3951 των
334 3938 353 3962 ,
384 3897 665 3961 εὐσεϐείας
700 3898 1000 3969 ἀνάληψις,
1038 3901 1073 3970 ή
1116 3900 1211 3953 τοῦ
1248 3900 1493 3965 πλείονος
1535 3900 1775 3969 ἔκτασις,

197 3991 263 4044 τὸ
327 3990 689 4061 ἐπορέγεσθαι
715 3992 863 4062 ἡμᾶς
883 3992 971 4045 ἀεὶ
997 3992 1106 4047 τῶν
1137 3992 1325 4056 ὄντων,
1355 3994 1418 4047 τὸ
1443 3996 1777 4067 προγενόμε-

198 4095 291 4132 νον
326 4080 429 4150 μὲν
447 4080 535 4133 ἀεὶ
556 4081 786 4134 κατόπιν
815 4080 1009 4134 ἑαυτοῦ
1036 4080 1273 4151 ἀφιέναι,
1291 4082 1352 4135 τὸ
1377 4082 1434 4135 δὲ
1465 4086 1646 4138 λεῖπον
1679 4084 1779 4155 τῆς

197 4170 513 4235 εὐσεϐείας,
543 4170 698 4224 τοῦτο
750 4173 848 4244 ὅση
914 4171 1144 4243 δύναμις
1196 4171 1494 4244 ἐπιζητεῖν.
1536 4170 1660 4238 Οἷος
1708 4171 1777 4247 ἦν

210 4259 433 4325 Ἰσαὰκ,
467 4263 598 4333 περὶ
626 4255 688 4315 οὗ
737 4266 769 4334 η
814 4264 1088 4334 μαρτυρία
1127 4263 1308 4334 ὲκείνη
1339 4265 1774 4336 ἀναγέγραπται,

193 4354 279 4407 ὅτι
314 4354 626 4425 προϐαίνων
657 4353 882 4423 ὕψοῦτο,
916 4355 1110 4425 μέχρις
1135 4349 1196 4406 οῦ
1232 4356 1402 4424 μέγας
1431 4357 1665 4425 ἐγένετο.
1701 4358 1774 4410 Οὐ

193 4448 311 4517 γὰρ
342 4448 577 4519 ἀπέστη,
605 4448 725 4501 οὐδὲ
755 4450 949 4519 μικρὸν
972 4449 1231 4519 αὐξηθεὶς
1264 4448 1560 4519 ἀπέμεινεν
1588 4464 1604 4479 ο
1641 4448 1779 4501 ἀλλά

1877 3268 2266 3331 congruentem
2286 3259 2682 3331 magnitudinis
2701 3260 2923 3315 modum
2950 3260 3180 3316 accedit.
3207 3260 3458 3316 Crescite

1879 3351 2044 3421 igitur
2073 3350 2281 3404 dictum
2314 3359 2400 3405 est
2422 3350 2633 3406 ratione
2665 3348 2985 3406 carentibus
3010 3351 3363 3414 animalibus,
3398 3362 3456 3406 ut

1878 3440 1946 3494 ad
1993 3441 2299 3495 naturalem
2343 3441 2593 3511 corporis
2641 3439 3036 3510 perfectionem
3081 3441 3455 3510 pervenirent.

1876 3531 2047 3588 Nobis
2074 3543 2279 3595 autem,
2326 3540 2387 3586 ut
2421 3531 2703 3587 interioris
2748 3531 2986 3587 hominis
3034 3546 3331 3602 progressu
3365 3547 3456 3587 as-

1876 3622 2238 3679 cenderemus
2296 3621 2364 3675 ad
2426 3620 2638 3686 Deum,
2694 3622 3152 3693 quemadmodum
3212 3621 3455 3680 faciebat

1876 3714 2101 3782 Paulus,
2130 3730 2252 3784 qua:
2279 3714 2497 3784 quidem
2531 3721 2681 3768 retro
2718 3723 2870 3777 sunt,
2903 3714 3260 3781 obliviscens,
3292 3718 3360 3769 ad
3387 3730 3452 3769 ea

1876 3824 2007 3866 vero
2053 3825 2176 3879 qua:
2218 3816 2347 3864 sunt
2390 3808 2631 3878 prapria.
2684 3806 2988 3863 extendens
3033 3808 3298 3877 seipsum.
3338 3806 3455 3861 Au-

1877 3910 2158 3974 gmentum
2210 3902 2267 3958 fit
2311 3899 2794 3969 contemplatione,
2846 3899 3066 3969 pietatis
3114 3898 3289 3961 cultu,
3319 3898 3453 3954 dum

1878 3994 1948 4048 ad
1988 3993 2215 4048 meliora
2264 3989 2663 4062 progredimur,
2707 3989 2836 4043 dum
2887 4004 3098 4053 eorum,
3148 4005 3271 4059 quae
3323 4006 3455 4046 vera

1878 4092 2009 4142 sunt
2027 4085 2193 4147 bona,
2222 4082 2525 4152 cupiditate
2552 4081 2797 4150 quotidie
2815 4082 2990 4151 magis
3026 4080 3449 4145 inflammantur.

1878 4176 2008 4229 dum
2050 4173 2195 4243 quod
2228 4174 2530 4243 praecessit,
2568 4180 2692 4243 post
2724 4187 2823 4227 nos
2860 4172 3246 4242 relinquimus,
3281 4182 3336 4227 et
3382 4175 3450 4228 ad

1879 4267 1931 4320 id
1976 4265 2193 4336 pietatis
2222 4262 2371 4334 quod
2399 4263 2672 4333 reliquum
2705 4271 2810 4329 est,
2852 4279 2951 4335 pro
2981 4263 3193 4319 viribus
3225 4275 3453 4319 conten.

1879 4358 2082 4410 dimus.
2131 4354 2282 4409 Talis
2308 4361 2428 4409 erat
2464 4354 2639 4418 lsaac,
2671 4354 2739 4408 de
2772 4369 2883 4424 quo
2906 4356 3281 4409 testimonium
3315 4354 3449 4409 illud

1882 4446 2166 4516 Scriptura
2197 4445 2401 4516 prodit,
2439 4446 2586 4516 quod
2618 4447 2908 4515 proficiens
2942 4447 3241 4510 crescebat.
3276 4447 3451 4502 donec

193 4539 525 4611 προέϐαινεν
544 4540 635 4593 ἀεὶ
654 4539 949 4611 διαδήμασι
982 4541 1255 4611 μεγάλοις.
1284 4540 1561 4596 Διέϐαινεν
1588 4542 1681 4594 ὲπι
1707 4542 1774 4594 τὰ

1881 4553 2111 4608 magnus
2143 4537 2373 4593 effectus
2414 4544 2521 4592 est.
2553 4535 2741 4607 Neque
2776 4538 2924 4592 enim
2965 4537 3318 4604 consistebat,
3354 4553 3451 4594 ne-

192 4631 337 4699 ἓργα
363 4632 464 4701 τῆς
496 4631 695 4701 ἀρετῆς
715 4673 730 4694 ,
765 4631 917 4702 διέϐη
955 4632 1176 4702 μεγάλῳ
1212 4632 1414 4702 βήματι
1438 4631 1536 4703 τὴν
1566 4649 1779 4702 σωφροσ-

194 4724 371 4789 σύνην
391 4765 405 4787 ,
458 4721 631 4791 ὲπέϐη
665 4724 732 4793 τῇ
766 4721 1097 4794 δικαιοσύνῃ.
1145 4722 1384 4776 Ἐκεῖθεν
1415 4722 1506 4774 ἐπὶ
1554 4722 1653 4792 τὴν
1680 4723 1775 4774 ἀν-

189 4815 383 4885 δρςίαν
415 4814 608 4884 ἀνέϐη.
637 4813 793 4867 Οὕτω
841 4814 1165 4878 διαϐαίνων,
1215 4817 1308 4868 ἐπὶ
1350 4813 1412 4867 τὸ
1467 4813 1637 4886 ἀκρον
1680 4812 1777 4867 τοῦ

192 4906 373 4975 ὕψους
404 4904 499 4959 τοῦ
528 4903 735 4973 ἀγαθοῦ
766 4905 1097 4977 κορυφοῦται
1139 4907 1168 4958 6
1209 4904 1433 4969 δίκαιος.
1468 4902 1777 4968 Αὐξάνεσθε

189 4996 290 5052 οὖν
317 4998 573 5065 αῦξησιν,
607 4997 704 5069 τὴν
730 4998 871 5051 κατά
899 4998 1032 5051 Θεὸν
1058 4997 1335 5051 τελείωσιν
1357 5037 1373 5061 ,
1400 4996 1497 5068 τὴν
1523 4998 1662 5051 κατὰ
1685 4995 1777 5049 τὸν

188 5087 350 5140 ἔνδον
372 5087 687 5157 ἄνθρωπον·
718 5085 1051 5155 πληθύνεσθε
1090 5085 1414 5157 Ἐκκλησίας
1442 5089 1510 5157 τῇ
1532 5085 1773 5156 εὐλογίᾳ.

188 5178 289 5249 Μὴ
316 5180 376 5230 ὲν
407 5177 492 5230 ἑνὶ
530 5180 924 5249 περιγραφήτω
960 5180 994 5247 ή
1026 5178 1305 5245 θεολογία’
1338 5176 1453 5230 ἀλλ’
1485 5178 1564 5240 είς
1594 5178 1776 5230 πᾶσαν

189 5268 298 5339 τὴν
346 5268 455 5338 γῆν
496 5268 826 5340 κηρυχθήτω
872 5267 935 5321 τὸ
979 5267 1308 5337 Εὐαγγέλιον
1340 5267 1437 5339 τῆς
1478 5268 1771 5338 σωτηρίας.

197 5380 219 5410 a
237 5359 607 5431 Πληθύνεσθε.
624 5380 642 5410 ι
675 5361 719 5413 Τ
726 5360 865 5426 ίνες;
896 5360 962 5415 οι
990 5361 1130 5414 κατά
1154 5360 1555 5429 τὸΕὑαγγέλιον
1578 5359 1777 5429 γεννώ-

196 5468 381 5522 μενοι.
412 5470 432 5505 ι
458 5451 790 5524 Πληρώσατε
814 5451 913 5524 τὴν
938 5452 1060 5523 γῆν.
1086 5470 1105 5504 ι
1139 5452 1327 5523 Σάρκα
1357 5450 1457 5522 τὴν
1487 5450 1776 5522 δεδομένην

190 5544 337 5609 ὑμῖν
383 5544 467 5606 είς
520 5542 826 5614 ὑπηρεσίαν
916 5541 1244 5613 πληρώσατε
1301 5540 1519 5608 ἀγαθῶν
1576 5540 1771 5611 ἔργων.

204 5631 528 5705 Ὀφθαλμὸς
570 5634 786 5707 πλήρης
818 5632 960 5688 ἔστω
985 5633 1078 5687 τοῦ
1118 5635 1250 5705 όρᾷν
1293 5634 1362 5687 τὰ
1392 5632 1600 5686 δέοντα.
1639 5634 1776 5703 Χεὶρ

186 5726 421 5798 πλήρης
446 5725 585 5779 ἔστω
605 5725 715 5778 τῶν
744 5724 964 5795 ἀγαθῶν
989 5725 1185 5797 ἔργων.
1222 5726 1387 5788 Πόδες
1427 5724 1666 5778 ἔστωσαν
1697 5728 1776 5790 εἰς

184 5817 491 5888 ἀπίσκεψιν
521 5817 907 5885 ἀσθενούντων,
927 5818 1237 5893 πορευτικοὶ
1253 5818 1402 5881 ὄντες
1431 5817 1514 5886 ἐφ’
1542 5817 1579 5873 ἀ
1610 5836 1772 5893 προσ-

1877 4646 1984 4700 que
2012 4629 2290 4699 paululum
2314 4638 2511 4683 auctus
2530 4628 2907 4690 decrescebat,
2935 4627 3030 4682 sed
3064 4628 3276 4698 magnis
3306 4643 3452 4684 sem-

1876 4737 1975 4791 per
2033 4721 2227 4790 spatiis
2286 4719 2758 4790 progrediebatur.
2821 4718 3117 4774 Crescebat
3185 4719 3448 4773 virtutnm
3542 4758 3548 4778 ε
3620 4772 3622 4776 ,

1878 4812 2102 4877 studiis,
2152 4818 2207 4867 et
2246 4811 2440 4867 oﬂiciis
2476 4829 2491 4866 :
2527 4812 2815 4867 crescebat
2848 4825 3047 4881 magna
3084 4810 3366 4867 modestiae
3395 4822 3452 4867 et

1877 4904 2252 4973 temperantia:
2302 4902 2736 4973 progressione;
2796 4903 3081 4957 crescebat
3130 4901 3345 4972 justitia
3396 4911 3452 4956 et

1875 4996 2155 5065 equitate.
2187 4992 2286 5049 llis
2311 4993 2573 5063 gradibus
2596 4993 2663 5047 ad
2693 4994 2904 5048 virilem
2936 5002 3148 5049 aetatem
3181 4995 3452 5062 pervenit.

1878 5090 1969 5145 Sic
1996 5089 2349 5160 progrediens
2374 5098 2431 5145 et
2463 5104 2724 5145 crescens
2746 5089 2831 5143 vir
2845 5090 3034 5159 justus
3079 5088 3146 5142 ad
3173 5104 3455 5143 summum

1877 5184 2002 5238 boni
2027 5183 2302 5254 fastigium
2327 5182 2625 5239 extollitur.
2652 5182 2896 5237 Crescite
2922 5182 3089 5253 igitur
3110 5181 3453 5250 perfectione

1877 5275 1990 5339 illa,
2020 5290 2141 5344 qua:
2186 5273 2296 5329 Deo
2328 5275 2527 5345 placet.
2568 5289 2690 5344 quae
2732 5273 2796 5328 ﬁt
2825 5274 2879 5327 in
2912 5273 3134 5328 homine
3175 5272 3445 5328 interiori.

1876 5362 2311 5431 Multiplicamini
2364 5361 2624 5417 Ecclesia:
2675 5360 3051 5417 facunditate.
3104 5359 3186 5417 Ne
3222 5361 3278 5416 in
3335 5373 3451 5414 uno

1876 5454 2234 5509 contcludatur
2273 5454 2516 5524 cognitio
2564 5453 2682 5518 Dei,
2728 5454 2824 5509 sed
2869 5454 2923 5507 in
2980 5468 3197 5508 omnem
3245 5460 3453 5507 terram

1876 5546 2245 5617 promulgetur
2299 5546 2495 5601 salutis
2535 5544 2898 5615 Evangelium.
2934 5536 3448 5613 rtfultiplicamini.»

1876 5636 2012 5701 Qui?
2045 5637 2177 5697 Vos.
2225 5638 2320 5707 qui
2364 5638 2419 5692 in
2468 5635 2757 5708 Evangelio
2798 5636 2965 5708 geniti
3012 5634 3205 5691 estis.c
3232 5636 3450 5703 Replet"

1877 5734 2108 5783 terram:
2137 5743 2397 5784 icarnem
2452 5729 2609 5783 vobis
2668 5727 2736 5781 ad
2792 5724 3211 5780 ministrandum
3264 5721 3449 5779 datam

1877 5819 2034 5875 bonis
2078 5820 2387 5879 actionibus
2431 5822 2653 5888 replete.
2702 5817 2992 5878 Beulcatur
3033 5816 3225 5873 oculus
3255 5828 3451 5873 earum
