3996 6508
504 417 511 423 ·
535 394 646 452 3³33

541 527 724 567 rerum
756 521 1000 583 aspectu,
1049 530 1169 584 quze
1211 523 1375 569 rectae
1411 526 1561 571 sunt.
1601 516 1643 570 ll

542 605 801 673 operibus
838 606 1013 659 bonis.
1051 604 1383 675 Repleantur
1414 607 1599 661 itidem
1632 604 1794 679 pedes
1824 613 1889 663 ad
1938 612 2118 665 visen-

544 697 645 750 dos
688 710 974 765 pauperes,
1020 703 1075 749 el.
1106 696 1171 749 ad
1200 712 1284 759 ea,
1326 714 1447 766 qua:
1486 708 1723 768 Oportet,
1768 702 2116 770 exsequenda

545 785 981 857 proﬁciscentes.
1018 787 1211 841 Omnia
1256 788 1493 857 denique
1533 794 1775 844 membra
1810 802 1997 845 nostra
2032 809 2118 846 re-

548 882 799 948 pleantur
836 878 1217 935 observatione
1244 880 1624 936 mandatorum
1660 882 1773 936 Dei.
1807 882 1919 937 Hoc
1944 885 2116 954 signi-

546 969 673 1023 ticat
699 982 761 1020 ea
795 983 919 1033 vos,
963 987 981 1019 ι
1021 967 1244 1037 Replete
1276 979 1498 1024 terram.
1539 991 1557 1023 ι
1590 972 1765 1039 Atque
1796 973 1885 1025 illa
1919 974 2114 1037 oratio,

546 1073 668 1128 qua:
706 1061 1023 1114 communis
1064 1071 1149 1114 est
1188 1062 1347 1116 nobis
1391 1077 1514 1116 cum
1561 1063 1787 1132 reliquis
1828 1065 2119 1119 animanti-

547 1152 671 1215 bus,
717 1152 933 1222 proprie
976 1152 1213 1208 refertur
1264 1154 1330 1207 ad
1383 1170 1504 1213 nos,
1540 1170 1663 1207 cum
1702 1156 2023 1227 intelligitur
2051 1174 2118 1212 ex

546 1260 610 1297 ea
645 1246 876 1307 ratione,
904 1261 1012 1315 qua
1056 1246 1307 1300 honorati
1340 1261 1551 1309 sumus,
1587 1256 1641 1301 et
1672 1247 1798 1299 lacti
1830 1248 1896 1300 ad
1930 1249 2121 1317 imagi-

1804 404 1866 460 S.
1893 404 2221 461 GREGORH
2260 403 2557 459 NYSSENI

1804 529 1891 572 tur
1920 535 2115 575 manus
2146 531 2187 581 Α
2216 521 2337 591 ἧκε.
2372 521 2524 572 Πᾶσα
2571 521 2605 591 ἡ
2644 518 2751 571 τῶν
2786 517 2960 588 μελῶν
3009 516 3165 587 ὴμῶν
3196 514 3543 576 κατάστασις
3576 515 3764 587 πλήρης

3671 404 3762 457 εει

2217 610 2358 664 ἔστω
2397 611 2506 663 τῶν
2542 610 2683 662 κατά
2731 610 2830 671 τὰς
2857 607 3075 670 ἐντολὰς
3101 607 3374 678 ἐργασιῶν
3396 622 3412 639 ο
3452 606 3607 661 τοὸτό
3641 610 3760 673 ἐστι,

2224 720 2243 751 ι
2269 700 2597 771 Πληρώσατε
2629 702 2726 772 τὴν
2756 700 2911 769 γῆν.»
2946 700 3138 753 Κοιναὶ
3165 699 3262 769 μὲν
3280 700 3338 751 αἱ
3361 700 3537 767 φωναὶ
3556 700 3645 751 καὶ
3668 704 3764 766 τοῖς

2218 793 2434 859 ἀλόγοις
2454 808 2467 821 ·
2499 790 2794 855 ἰδιάζουσαι
2819 791 2875 844 δὲ
2897 790 3156 858 γίνονται,
3187 791 3317 842 ὅταν
3351 788 3429 859 τῷ
3457 791 3576 843 κατ’
3603 790 3764 846 είκόνα

2220 886 2315 936 καὶ
2351 877 2396 950 ᾧ
2443 883 2798 952 ἐτιμήθημεν,
2818 882 2988 953 τούτῳ
3016 881 3368 953 χρησώμεθα.
3403 880 3484 933 Τά
3530 880 3624 951 μὲν
3677 886 3769 953 γὰρ

2222 973 2547 1044 σωματικῶς
2573 972 2725 1037 αὑξει
2748 1013 2764 1035 ,
2806 976 2969 1044 ἡμεῖς
2999 974 3052 1025 δὲ
3104 969 3490 1042 πνευματικῶς
3514 987 3533 1003 ο
3579 971 3669 1024 καὶ
3706 973 3766 1025 τὰ

2222 1066 2318 1137 μὲν
2358 1064 2554 1135 πληροῖ
2581 1064 2679 1136 τὴν
2730 1065 2827 1135 γῆν
2854 1064 2931 1134 τῷ
2958 1064 3172 1134 πλήθει,
3205 1065 3365 1132 ἡμεῖς
3392 1062 3450 1115 δε
3477 1060 3772 1132 πληροῦμεν

2218 1160 2339 1220 ταῖς
2363 1157 2591 1226 ἀγαθαῖς
2614 1158 2895 1228 ἐργασίαις
2921 1157 3018 1228 τὴν
3048 1154 3480 1225 συνεζευγμένην
3500 1156 3631 1223 ἡμῖν
3657 1154 3769 1222 γῆν,

2220 1248 2468 1300 τουτέστι
2497 1247 2594 1317 τὴν
2626 1246 2939 1317 σωματικὴν
2962 1245 3285 1316 ὑπηρεσίαν.
3530 1282 3533 1283 ν

548 1353 672 1391 nem
706 1337 817 1393 Dei.
860 1339 1128 1394 Crescunt
1159 1342 1303 1395 enim
1338 1350 1532 1394 caetera
1580 1342 1835 1396 animalia
1862 1343 2139 1411 corporeis
2177 1342 2551 1406 incrementis,
2589 1357 2690 1396 nos
2734 1351 2912 1396 autem
2967 1340 3322 1410 incorporeis,
3347 1346 3402 1391 et
3440 1337 3506 1390 ad
3540 1336 3768 1404 spiritum

552 1432 965 1500 pertinentibus.
1009 1434 1185 1502 Atque
1242 1434 1330 1486 illa
1374 1434 1593 1502 quidem
1635 1444 1835 1488 terram
1891 1435 2102 1504 replent
2144 1434 2510 1497 multitudine,
2546 1448 2647 1487 nos
2680 1442 2861 1487 autem
2902 1442 3103 1487 terrain
3148 1430 3396 1500 corporis
3431 1428 3606 1481 nostri
3637 1427 3776 1481 bonis

548 1527 917 1595 conjunctam,
964 1527 1122 1581 bonis
1165 1528 1422 1597 operibus
1449 1528 1742 1598 replemus.

627 1636 646 1667 ι
675 1616 809 1670 Ecce
837 1617 957 1671 dedi
981 1617 1135 1670 vobis
1159 1632 1320 1671 omne
1351 1618 1553 1688 lignum
1583 1620 1789 1673 habens
1811 1618 2045 1672 fructum
2066 1620 2120 1670 in

552 1709 866 1777 semetipso,
907 1717 966 1761 ut
1005 1707 1077 1761 sit
1121 1709 1275 1762 vobis
1314 1710 1367 1763 in
1399 1724 1604 1764 escam.
1642 1729 1660 1761 ι
1690 1709 1768 1764 Ne
1796 1720 2119 1781 prmtercur-

2298 1634 2315 1664 ι
2343 1614 2470 1667 Ἰδοὺ
2494 1613 2701 1667 δέδωκα
2729 1614 2857 1681 ὑμῖν
2891 1612 3043 1677 ξύλον
3066 1612 3094 1664 ὃ
3131 1612 3243 1681 ἔχει
3276 1613 3486 1683 καρπὸν
3510 1614 3571 1664 ἐν
3596 1614 3772 1681 ἐαυτῷ·

2228 1708 2353 1777 ὑμῖν
2436 1704 2586 1758 ἔσται
2635 1707 2715 1767 είς
2769 1703 2988 1775 βρῶσιν.
3024 1723 3042 1757 ι
3099 1704 3280 1774 Μηδὲν
3316 1704 3701 1775 παρατρεχέτω
3740 1707 3767 1773 ἠ

554 1808 638 1853 rat
701 1798 962 1854 Ecclesia.
1015 1798 1208 1853 Omnia
1264 1801 1498 1870 legitima
1543 1809 1691 1856 sunt.
1755 1800 1870 1853 Non
1919 1799 2053 1853 dixit
2103 1818 2116 1853 :

2236 1798 2562 1869 Ἐκκλησία·
2602 1798 2782 1851 πάντα
2831 1797 3037 1868 νόμιμά
3066 1798 3231 1849 ἐστιν.
3261 1797 3377 1850 Οὐκ
3402 1792 3544 1861 εἷπε,
3581 1797 3777 1850 Δέδωκα

558 1889 686 1943 lledi
762 1890 915 1944 vobis
976 1891 1155 1959 pisces
1205 1890 1270 1945 ad
1333 1893 1682 1946 vescendum.
1766 1890 1902 1954 Dedi,
1970 1891 2125 1945 vobis

553 1989 707 2043 cete,
762 1987 817 2034 et
862 1980 1105 2049 reptilia,
1154 1989 1208 2033 et
1260 1980 1637 2049 quadrupeda.
1679 1979 1797 2033 Non
1863 1981 2008 2034 enim
2056 1980 2135 2034 ob

555 2073 607 2126 id
637 2089 699 2126 ea
734 2072 964 2126 creavit.
1013 2072 1117 2126 Sed
1163 2074 1335 2141 prima
1380 2073 1468 2126 lex
1511 2075 1814 2133 concessit,
1843 2082 1901 2125 ut
1934 2072 2128 2126 fructi-

554 2167 657 2219 bus
694 2180 1063 2218 vesceremur.
1108 2166 1299 2219 Adhuc
1342 2167 1485 2219 enim
1527 2165 1783 2235 paradiso
1829 2166 1977 2234 digni
2023 2181 2127 2235 pu-

555 2256 825 2308 tabamur.
877 2253 1096 2323 Ecquod
1144 2255 1233 2308 hic
1278 2255 1409 2308 latet
1459 2255 1823 2325 mysterium?
1861 2254 2032 2309 Nobis
2077 2265 2131 2309 et

556 2346 771 2407 bestiis,
807 2353 863 2399 et
909 2345 1223 2400 volucribus
1276 2346 1391 2399 dati
1426 2355 1555 2400 sunt
1590 2345 1824 2409 fructus,
1858 2353 1913 2399 et
1939 2345 2127 2407 herba,

557 2436 624 2488 ad
653 2434 1005 2496 vescendum,
1037 2443 1091 2489 et
1123 2435 1442 2489 volucribus
1460 2436 1611 2498 caeli,
1638 2445 1691 2490 et
1719 2436 1981 2491 omnibus
2011 2437 2132 2490 aui-

559 2524 840 2579 inantibus
884 2533 1063 2579 terrm.
1114 2525 1281 2595 Atqui
1325 2526 1493 2578 multa
1545 2526 1827 2579 cernimus
1871 2526 2130 2579 animalia

560 2614 835 2669 fructibus
875 2631 985 2669 non
1037 2616 1209 2672 vesci.
1264 2615 1397 2682 Quo
1447 2618 1597 2671 enim
1650 2617 1831 2673 fructu
1887 2618 2133 2673 vescitur

562 2705 768 2772 pardus
823 2714 918 2759 aut
975 2706 1098 2761 leo?
1148 2704 1214 2761 Hi
1247 2715 1426 2762 tamen
1478 2708 1588 2777 legi
1626 2718 1843 2764 natura:
1896 2709 2131 2779 subjecti

563 2796 835 2852 fructibus
875 2798 1187 2852 alebantur.
1239 2798 1347 2852 Sed
1393 2814 1517 2853 cum
1554 2800 1719 2855 homo
1748 2802 2073 2857 recessisset
2101 2818 2131 2855 a

562 2888 853 2951 mandato,
905 2899 959 2943 et
995 2899 1151 2944 extra
1202 2890 1525 2965 paradisum
1559 2892 1723 2946 vitam
1769 2904 1973 2963 ageret,
2010 2905 2134 2965 post

560 2977 827 3031 diluvium
880 2978 1075 3034 videns
1130 2977 1398 3037 Dominus
1458 2981 1712 3038 homines
1754 2996 2129 3051 contumaces,

560 3070 839 3124 concessit
872 3070 976 3130 eis,
1009 3079 1070 3123 ut
1098 3072 1357 3127 omnibus
1382 3082 1739 3129 vescerentur
1759 3092 1773 3129 :
1797 3075 1971 3131 Omne
1985 3078 2130 3146 quod

2226 1890 2353 1959 ὑμῖν
2382 1892 2507 1953 τοὺς
2549 1889 2735 1961 ἰχθύας
2768 1890 2848 1952 είς
2882 1888 3080 1958 βρῶσιν
3101 1928 3115 1951 ,
3164 1887 3369 1940 δέδωκα
3401 1889 3531 1958 ὑμῖν
3567 1888 3635 1941 τά
3661 1892 3777 1958 xvi)-

2226 1999 2312 2051 νη,
2378 1981 2447 2033 τὰ
2503 1981 2746 2051 ἑρπετά,
2797 1981 2866 2033 τά
2919 1980 3221 2050 τετράποδα
3253 1994 3269 2009 °
3321 1980 3383 2032 οὑ
3426 1980 3541 2050 γὰρ
3588 1979 3774 2033 τούτων

2226 2073 2410 2125 ἕνεκεν
2461 2072 2682 2136 ἔκτισε,
2735 2071 2923 2141 φησίν.
2962 2071 3101 2124 Ἀλλ’
3156 2073 3190 2142 ἡ
3245 2070 3435 2143 πρώτη
3507 2073 3775 2145 νομοθεσία

2227 2165 2455 2236 καρπῶν
2493 2164 2788 2217 ἀπόλαυσιν
2839 2163 3246 2234 συνεχώρησεν·
3287 2164 3366 2217 ἔτι
3403 2165 3510 2235 γὰρ
3558 2163 3781 2233 ἐνομιζό-

2232 2257 2369 2325 μεθα
2402 2255 2540 2321 ἄξιοι
2569 2251 2706 2309 εἶναι
2748 2255 2844 2308 τοῦ
2874 2257 3221 2326 παραδείσου.
3263 2255 3497 2308 Ἔστιδέ
3548 2273 3599 2308 τι
3638 2258 3692 2308 ἐν
3712 2254 3781 2323 τῷ

2228 2347 2540 2401 λανθάνοντι
2597 2349 2933 2417 μυστήριον;
2972 2349 3104 2417 ἡμῖν
3151 2347 3260 2417 γάρ
3288 2348 3382 2401 καὶ
3426 2350 3541 2409 τοῖς
3592 2346 3782 2417 θηρίοις

2229 2440 2323 2492 καὶ
2354 2442 2464 2502 τοῖς
2498 2442 2757 2503 πετεινοῖς
2779 2439 2871 2491 τοῦ
2895 2438 3145 2509 οὐρανοῦ,
3175 2440 3270 2493 καὶ
3300 2441 3433 2492 πᾶσι
3458 2441 3576 2502 τοῖς
3597 2438 3783 2509 Θηρίοις

2229 2529 2327 2597 τῆς
2356 2529 2457 2598 γῆς
2495 2531 2543 2580 οἱ
2595 2529 2795 2598 καρποὶ
2846 2526 3126 2596 ἐδόθησαν,
3167 2529 3260 2581 καὶ
3298 2530 3332 2598 ἡ
3381 2527 3533 2598 χλόη.
3572 2528 3678 2579 Καὶ
3721 2526 3785 2597 μὴ

2232 2619 2326 2671 νῦν
2359 2617 2575 2690 ὁρῶμεν
2621 2618 2792 2670 πολλὰ
2835 2618 2945 2670 τῶν
2990 2618 3192 2689 θηρίων
3226 2621 3455 2690 καρποῖς
3488 2618 3568 2688 μὴ
3614 2620 3787 2687 τρεφόο

2235 2728 2401 2782 μενα;
2435 2710 2571 2780 ποίῳ
2612 2710 2721 2781 γὰρ
2747 2711 2944 2781 καρπῷ
2988 2711 3344 2781 καταδέχεται
3373 2710 3636 2780 πάρδαλις
3674 2727 3787 2781 τρα·

2233 2804 2425 2873 φῆναι;
2456 2803 2537 2866 τίς
2578 2802 2635 2855 δέ
2661 2803 2872 2873 καρπὸς
2909 2800 3130 2856 δύναται
3171 2802 3359 2857 λέοντα
3384 2802 3624 2873 θρέψαις
3666 2802 3786 2855 Ἀλλ.

2232 2893 2378 2961 ὅμως
2424 2892 2598 2945 ταῦτα
2643 2891 2722 2961 τῷ
2771 2893 2919 2963 νόμῳ
2960 2892 3058 2963 τῆς
3106 2891 3319 2960 φύσεως
3369 2891 3787 2961 ὑποτεταγμένα,

2234 2988 2462 3055 καρποῖς
2492 2985 2819 3055 διετρέφετο.
2873 2986 3092 3056 Ἐπειδὴ
3131 2985 3188 3039 δδ
3229 2987 3258 3037 ὁ
3309 2985 3600 3056 ἄνθρωπος
3639 2986 3789 3049 ἐξεδι-

2233 3075 2405 3144 ῃτήθη
2436 3075 2528 3127 καὶ
2561 3073 2719 3143 ἐξέϐη
2748 3074 2842 3128 τοῦ
2868 3076 2995 3146 ὅρου
3016 3075 3108 3127 τοῦ
3138 3073 3419 3144 δεδομένου
3452 3073 3625 3144 αὐτῷ,
3670 3072 3793 3144 μεςά

563 3173 836 3229 movetur,
870 3166 1069 3235 inquit,
1094 3176 1150 3219 et
1176 3166 1331 3231 vivit,
1355 3168 1462 3222 erit
1483 3168 1641 3224 vobis
1666 3169 1721 3223 in
1744 3170 1948 3237 cibum,
1973 3173 2131 3241 quasi

2236 3168 2323 3219 τὸν
2355 3166 2731 3236 κατακλυσμὸν
2757 3165 2911 3229 εἰδὼς
2937 3169 2965 3219 ό
2989 3166 3187 3236 Κύριος
3207 3166 3445 3245 ἀφειδεῖς
3460 3168 3591 3230 τοὺς
3605 3166 3792 3236 ἀνθρώ-

562 3257 712 3309 olcra
755 3256 997 3310 virentia
1036 3257 1237 3311 tradidi
1285 3260 1439 3315 vobis
1483 3263 1686 3315 omnia.
1737 3262 1858 3328 Quo
1910 3264 2131 3333 quidem

562 3363 846 3408 concesso,
881 3349 1090 3419 reliqua
1128 3350 1253 3405 item
1288 3352 1543 3407 animalia
1591 3354 1911 3409 comedendi
1959 3357 2130 3411 licen-

564 3439 694 3491 tiam
726 3447 883 3493 nacta
918 3448 1068 3495 sunt.

637 3529 714 3583 Ex
752 3545 820 3584 eo
864 3540 1110 3601 tempore
1155 3542 1210 3585 et
1254 3530 1342 3587 leo
1387 3532 1738 3598 crudivorus,
1790 3543 1845 3589 et
1891 3536 2133 3592 vultures

564 3620 893 3675 cadaverum
926 3624 1092 3677 avidi.
1124 3622 1311 3692 Neque
1341 3623 1487 3677 enim
1520 3623 1682 3678 simul
1727 3640 1792 3679 ac
1812 3626 1979 3695 geniti
2005 3634 2135 3681 sunt

567 3721 768 3767 terram
808 3715 1343 3770 circumlustrabant.
1372 3714 1623 3770 Nondum
1649 3718 1943 3787 quidquam
1970 3722 2135 3774 inter-

567 3806 705 3859 ierat
726 3821 920 3861 eorum
957 3824 1080 3878 qua:
1114 3810 1196 3863 vel
1233 3825 1262 3863 a
1294 3809 1403 3866 Deo
1437 3810 1603 3873 facta,
1637 3812 1718 3866 vel
1747 3815 1927 3883 genita
1958 3823 2132 3880 erant,

567 3916 679 3967 quo
710 3901 955 3954 vultures
989 3901 1353 3955 nutrirentur.
1396 3901 1583 3969 Neque
1615 3912 1808 3957 natura
1848 3906 2138 3975 separabat

566 3996 620 4043 et
652 3989 1018 4055 dissolvebat;
1050 3990 1265 4060 vigebat
1300 3991 1466 4045 enim.
1505 3989 1691 4061 Neque
1728 4000 2016 4048 venatores
2046 4009 2138 4049 oc-

565 4081 849 4141 cidebant;
879 4081 1117 4135 nondum
1142 4086 1285 4137 enim
1310 4085 1577 4137 vacabant
1595 4084 1846 4141 homines
1864 4086 2135 4155 ejusmodi

568 4174 769 4229 studio.
804 4172 991 4243 Neque
1023 4174 1153 4229 fera:
1184 4175 1554 4240 dilaniabant;
1590 4191 1767 4247 neque
1798 4179 1944 4231 enim
1978 4186 2137 4232 erant

570 4264 890 4319 crudivorre.
938 4265 1181 4336 Necjpsi
1206 4267 1451 4323 vultures
1487 4269 1631 4324 vesci
1668 4269 2029 4325 cadaveribus
2058 4286 2139 4326 as-

571 4365 864 4411 sueverant
889 4375 902 4415 :
937 4357 1195 4426 quoniam
1221 4357 1462 4412 nondum
1488 4366 1647 4414 erant
1678 4359 1967 4424 cadavera,
2002 4376 2139 4415 non-

570 4451 699 4507 dum
732 4451 893 4511 fetor,
916 4451 1157 4505 nondum
1179 4452 1304 4505 talis
1326 4454 1600 4505 vulturum
1617 4454 1806 4517 cibus;
1838 4453 1932 4509 sed
1956 4456 2138 4509 omnia

2240 3276 2394 3321 πους,
2428 3259 2521 3311 ἐπὶ
2556 3258 2772 3311 πάντων
2793 3257 2890 3328 τὴν
2910 3258 3206 3311 ἀπόλαυσιν
3225 3257 3596 3329 συνεχώρησε.
3627 3258 3792 3312 Πάντα

2238 3347 2410 3401 ταῦτα
2446 3346 2684 3416 φάγεσθε
2710 3346 2784 3408 ὼς
2812 3346 3018 3415 λάχανα
3047 3346 3260 3416 χόρτου.
3290 3344 3473 3416 Ταύτῃ
3493 3347 3566 3414 τῇ
3600 3360 3791 3413 συγχω-

2242 3438 2396 3507 ρήσει
2420 3438 2511 3489 κα¹ι
2541 3436 2610 3489 τά
2633 3434 2798 3488 λοιπά
2824 3430 2939 3497 ζῶα
2966 3432 3121 3486 ἔλαϐε
3142 3433 3240 3500 τὴν
3265 3430 3358 3484 τοῦ
3381 3430 3587 3484 ἐσθίειν
3605 3430 3791 3484 ἄδειαν.

2323 3526 2413 3589 Ἐξ
2459 3528 2666 3579 ἐκείνου
2716 3524 2900 3579 λοιπὸν
2939 3522 3216 3594 ὠμοϐόρος
3247 3525 3275 3576 ό
3313 3522 3470 3586 λέων,
3499 3522 3566 3588 ἐξ
3604 3522 3797 3574 ἐκείνου

2243 3618 2337 3669 καὶ
2388 3616 2559 3684 γῦπες
2612 3615 2934 3683 ἀναμένουσι
2990 3613 3305 3684 θνησιμαῖα.
3355 3611 3655 3683 οὑιδήπου
3698 3610 3794 3677 γὰρ

2244 3708 2336 3759 καὶ
2367 3705 2538 3774 γῦπες
2565 3703 2700 3775 ὁμοῦ
2725 3703 2799 3776 τῷ
2819 3703 3135 3775 γεννηθῆναι
3158 3704 3270 3768 ζῶα
3294 3702 3693 3772 περιεσκόπουν
3710 3700 3795 3769 τὴν

2242 3796 2365 3865 γῆν.
2401 3794 2571 3851 Οὔπω
2601 3796 2708 3866 γάρ
2738 3812 2791 3847 τι
2819 3795 3056 3849 ἀπέθανε
3079 3798 3187 3848 τῶν
3220 3794 3370 3865 παρά
3388 3793 3527 3848 Θεοῦ
3560 3808 3797 3863 σημαινοι

2246 3889 2425 3957 μένων
2454 3888 2485 3957 ἢ
2518 3887 2841 3956 γενομένων,
2869 3887 2956 3939 ἵνα
2974 3886 3145 3953 γῦπες
3167 3884 3442 3957 τραφῶσιν
3465 3900 3479 3915 ⁸
3504 3884 3632 3938 οὕτε
3656 3883 3797 3954 φύσιν

2242 3979 2555 4050 διεχώρισεν
2578 3995 2591 4007 ·
2629 3979 2840 4049 ἀκμαία
2871 3978 2976 4049 γάρ
3001 3995 3013 4007 ·
3055 3978 3179 4031 οὔτε
3222 3977 3456 4048 θηραταὶ
3483 3977 3799 4031 ἀνάλωσαν

2245 4072 2397 4127 οὔπω
2424 4074 2531 4142 γὰρ
2577 4071 2916 4139 ἐπιτήδευσις
2968 4069 3304 4140 ἀνθρώπων·
3343 4070 3464 4123 οὔτε
3524 4069 3695 4143 θηρία
3732 4068 3801 4120 διο

2246 4164 2385 4216 ἐσπα
2403 4178 2418 4193 ο
2446 4162 2571 4214 οὒτε
2612 4163 2719 4232 γὰρ
2746 4158 2813 4232 ἦν
2846 4160 3121 4232 ώμοϐόρα.
3150 4160 3285 4230 Γυψὶ
3324 4162 3382 4214 δὲ
3405 4160 3682 4232 ἀσύνηθες
3706 4159 3802 4212 ἀπὺ

2244 4254 2451 4324 νεκρῶν
2485 4253 2786 4307 διαιτᾶσθαι
2805 4271 2818 4283 '
2847 4253 2987 4305 ὥστε
3021 4252 3172 4307 οὑπω
3197 4249 3263 4325 ἦν
3292 4254 3481 4323 νεκρὰ,
3513 4252 3800 4306 οὖπωδυσ-

2245 4348 2399 4410 ωδία,
2437 4345 2589 4399 οὔπω
2628 4345 2849 4414 τοιαύτη
2886 4344 3061 4415 τροφὴ
3100 4345 3311 4412 γυπῶν,
3341 4345 3475 4398 ἀλλὰ
3504 4346 3708 4407 πάντες
3741 4343 3801 4396 τά

2246 4440 2459 4491 κύκνων
2504 4439 2779 4511 διῃτῶντο,
2812 4438 2904 4491 καὶ
2944 4438 3120 4490 πάντα
3158 4439 3283 4500 τοὺς
3326 4437 3605 4507 λειμῶνας
3630 4436 3800 4489 ἐπενέ·

575 4556 727 4597 rnore
772 4557 1069 4612 cycnorum
1116 4544 1462 4607 victitabant,
1510 4545 1691 4599 omnia
1733 4548 1788 4599 in
1834 4547 2008 4614 pratis
2045 4562 2133 4614 pa-

2251 4548 2399 4602 μετο.
2427 4532 2534 4584 Καὶ
2561 4526 2650 4585 οἷα
2691 4530 2903 4600 ὁρῶμεν
2932 4528 3097 4592 κύνας
3138 4528 3435 4600 θεραπείας
3467 4528 3661 4583 ἓνεκεν
3688 4528 3799 4580 πολ⁶

571 4633 891 4686 scebantur.
918 4632 984 4687 Et
1006 4634 1463 4703 quemadmodum
1489 4637 1732 4690 videmus
1758 4653 1922 4692 canes
1946 4637 2142 4693 herbas

576 4725 880 4779 curationis
942 4739 1108 4780 causa
1150 4741 1295 4795 saepe
1350 4725 1657 4789 comedere,
1705 4744 1811 4782 non
1862 4729 2006 4797 quod
2053 4730 2143 4783 ille

573 4816 730 4869 cibus
780 4816 860 4870 eis
906 4818 979 4871 sit
1024 4818 1318 4881 naturalis,
1374 4819 1469 4873 sed
1524 4827 1731 4874 natura:
1782 4820 2015 4888 quodam
2061 4822 2144 4873 in-

572 4907 776 4959 stiuctu
806 4908 1121 4962 commoniti
1152 4908 1401 4963 feruntur
1445 4910 1510 4963 ad
1544 4910 1598 4963 id
1626 4911 1769 4979 quod
1799 4911 2140 4966 salutiferum

575 4992 684 5046 illis
710 4994 961 5048 initurum
976 5006 1077 5059 est,
1109 4998 1195 5052 sic
1211 4999 1498 5053 crudivura
1526 5008 1655 5053 tunc
1678 5002 1938 5055 animalia
1963 5011 2139 5061 erant,

574 5099 684 5138 non
735 5095 792 5139 ut
853 5087 955 5140 sibi
1015 5090 1257 5143 vicissim
1302 5091 1531 5145 insidias
1583 5100 1877 5155 struerent,
1931 5092 2026 5147 sed
2085 5100 2144 5146 ut

572 5190 697 5229 mox
717 5176 784 5229 ad
813 5177 1096 5246 pristinam
1118 5179 1361 5235 redirent
1381 5182 1854 5237 consuetudinem.
1876 5183 2142 5237 Caeterum

575 5266 742 5321 homo
768 5270 1063 5323 revertitur
1114 5270 1177 5324 ad
1212 5272 1501 5340 pristinum
1545 5282 1768 5336 statum,
1819 5275 2144 5343 improbam,

574 5374 964 5420 aerumnosam,
1017 5362 1380 5431 servilemque
1434 5363 1486 5416 in
1531 5364 1681 5416 victu
1727 5363 2144 5417 sollicitudinem

576 5451 861 5506 omittens.
909 5449 1003 5507 Sic
1051 5454 1196 5507 enim
1231 5453 1298 5506 ad
1342 5455 1513 5507 vitam
1558 5454 1699 5508 redit
1729 5454 1850 5522 ejus
1889 5453 2145 5515 similem,

575 5556 739 5609 quam
774 5543 1002 5611 degebat
1033 5544 1096 5597 in
1134 5545 1407 5611 paradiso,
1441 5560 1472 5599 a
1506 5545 1693 5598 carnis
1721 5543 2147 5613 perturbationi-

582 5633 686 5687 bus
740 5643 1021 5697 remotam,
1064 5651 1337 5701 sccuram,
1385 5645 1439 5691 et
1476 5637 1724 5697 liberam,
1764 5644 1821 5689 et
1863 5650 1987 5689 cum
2036 5633 2146 5688 Deo

584 5736 748 5794 atque
775 5728 981 5797 angelis
1010 5728 1383 5795 coujunctam.
1425 5726 1548 5780 Haec
1578 5739 1609 5779 a
1640 5726 1800 5781 nobis
1828 5726 1971 5778 dicta
1995 5735 2142 5792 sunt,

582 5834 690 5871 non
722 5818 867 5887 quod
903 5819 1149 5875 homines
1183 5820 1252 5875 ab
1276 5835 1378 5875 usu
1410 5820 1654 5875 ciborum
1686 5835 1715 5871 a
1752 5816 1858 5873 Deo
1884 5830 2148 5871 concessu

2244 4625 2399 4686 λάκις
2432 4625 2704 4694 ἄγρωστιν
2743 4620 3186 4690 ἐπινεμομένους,
3218 4623 3318 4675 οὑκ
3348 4620 3535 4693 ἐπειδὴ
3560 4620 3797 4690 συμφυὴς

2244 4715 2424 4777 αὐτοῖς
2444 4715 2591 4765 ἐστιν
2611 4714 2643 4782 ἡ
2659 4712 2853 4783 τροφὴ,
2869 4711 2983 4764 ἀλλ’
2995 4712 3181 4783 ἐπειδὴ
3198 4712 3465 4781 ἀδιδάκτῳ
3479 4711 3591 4764 τινὶ
3604 4710 3800 4779 φύσεως

2243 4804 2557 4874 διδασκαλίᾳ
2578 4806 2669 4856 ἐπὶ
2696 4802 2756 4855 τὸ
2773 4802 3048 4874 συμφέρον
3064 4804 3281 4874 ἔρχεται
3298 4802 3573 4868 τάἀλογαο
3592 4798 3798 4853 τοιαῦτα

2245 4897 2455 4963 λόγισαι
2478 4892 2616 4949 εἶναι
2645 4898 2737 4950 καὶ
2764 4898 2882 4950 τότε
2907 4897 2975 4951 τὰ
3009 4896 3265 4966 ώμοϐόρα
3286 4894 3395 4948 τῶν
3418 4892 3601 4958 ζώων,
3626 4892 3797 4961 χόρτον

2244 4988 2454 5049 ἑαυτοῖς
2483 4987 2686 5056 τροφὴν
2710 4988 2960 5049 ἐπινοεῖν,
2984 4987 3084 5038 οὑκ
3104 4984 3351 5054 ἀλλήλοις
3372 4982 3794 5036 ἐπιϐουλεύοντα·

2245 5078 2359 5130 ἀλλ’
2385 5078 2472 5131 οἷα
2518 5077 2699 5147 μέλλει
2728 5073 2866 5131 εἶναι
2901 5078 3040 5147 μετά
3069 5075 3241 5129 ταῦτα
3280 5077 3314 5144 ἡ
3345 5074 3795 5132 ἀποκατάστασις,

2244 5171 2466 5240 τοιαύτη
2496 5166 2564 5239 ἦν
2592 5173 2625 5239 ἡ
2659 5168 2847 5240 πρώτη
2877 5170 3105 5237 γένεσις.
3152 5166 3542 5237 Ἐπανέρχεται
3570 5165 3629 5218 δέ
3663 5166 3693 5216 6
3718 5162 3797 5216 6v-

2248 5263 2463 5333 θρωπος
2500 5263 2593 5314 ἐπὶ
2620 5262 2718 5331 τὴν
2750 5261 2918 5314 πάλαι
2946 5259 3109 5312 αὑτοῦ
3136 5260 3489 5319 κατάστασιν,
3528 5260 3629 5329 τὴν
3654 5272 3799 5323 πονη-

2251 5353 2370 5423 ρίαν
2397 5354 2667 5422 ἀφέμενος
2689 5368 2704 5381 ·
2740 5351 2836 5422 τὴν
2870 5350 3268 5419 πολυμέριμνον
3295 5348 3498 5418 ταύτην
3529 5348 3694 5417 ζωὴν,
3715 5346 3797 5413 τὴν

2243 5445 2377 5514 περὶ
2400 5443 2469 5497 τά
2507 5443 2735 5513 βιωτικά
2768 5443 2868 5513 τῆς
2914 5442 3089 5514 ψυχῆς
3134 5441 3408 5506 δουλείαν,
3435 5439 3613 5494 ταῦτα
3641 5439 3801 5491 πάντα

2249 5536 2602 5606 ἀποθέμενος,
2650 5536 2742 5589 ἐπὶ
2765 5535 2857 5589 τὸν
2895 5537 2953 5588 ἐν
2986 5534 3295 5605 παραδείσῳ
3337 5534 3671 5602 ὑποστρέφει
3705 5530 3802 5599 βίον

2248 5630 2453 5681 ἐκεῖνον
2496 5628 2587 5680 τὸν
2625 5627 2920 5680 ἀδούλωτον
2943 5628 3056 5689 τοῖς
3097 5624 3292 5678 πάθεσι
3332 5625 3434 5693 τῆς
3468 5624 3693 5692 σαρκὸς,
3726 5620 3803 5673 τὸν

2248 5719 2549 5787 ἐλεύθερον,
2574 5719 2665 5771 τὸν
2685 5718 2804 5789 Θεῷ
2832 5718 3134 5787 συνόμιλον.
3172 5717 3262 5769 τὸν
3298 5716 3554 5783 ἀγγέλοις
3581 5713 3800 5783 epotis:-

2247 5830 2359 5867 τον.
2410 5811 2589 5871 Ταῦτα
2622 5812 2798 5866 τοίνυν
2848 5812 3065 5879 εἴρηται
3114 5811 3265 5877 ἡμῖν,
3306 5810 3407 5863 οὐκ
3460 5808 3655 5863 ἐπειδὴ
3684 5807 3803 5860 duo.

3926 2234 3932 2459 ι
