3996 6504
192 421 281 476 εεε
902 413 966 469 IN
1011 414 1256 481 VERBA,
1299 412 1679 471 FACIAML’S
1722 446 1729 470 ι

1833 415 2108 484 ιηΝιξιι,
2147 414 2328 482 me,
2358 413 2568 470 ORAT.
2607 412 2674 468 n.
3303 405 3412 463 236

209 532 376 587 κλείειν
400 528 621 597 θέλομεν
650 526 748 595 τῆς
776 525 1067 597 δεδομένης
1093 528 1125 599 ἡ
1135 530 1227 598 μίν
1263 527 1412 598 παρὰ
1440 529 1575 581 Θεοῦ
1610 530 1729 598 χρή-

1842 530 2072 585 velimus
2109 528 2400 585 excludere
2437 546 2455 581 :4
2488 527 2583 581 sed
2616 534 2677 579 ut
2713 523 2970 595 prateriti
2999 530 3124 588 tem;
3146 524 3262 580 oris
3291 522 3415 581 feli-

209 642 325 686 σεως
349 619 445 672 τῶν
474 619 789 689 βρωμάτων,
820 619 937 671 ἀλλ’
968 620 1054 673 ἵνα
1078 621 1167 673 τὸν
1198 620 1531 692 παρελθόντα
1562 638 1729 691 μακαε

1838 618 2057 674 citatem
2104 620 2478 675 ostendamus.
2526 617 2717 683 Qualis
2742 629 2810 669 ea
2850 614 2960 668 vita
3012 611 3204 680 fuerit,
3244 628 3412 685 quam

209 719 415 787 ρίσωμεν
452 709 631 780 χρόνον
658 726 673 742 ο
701 710 786 761 οἶα
831 705 898 779 ἦν
940 713 971 781 ή
1018 710 1163 781 ζωή·
1197 712 1347 775 ὅπως
1399 712 1698 783 ἀπροσδεής
1720 727 1732 740 .

204 804 300 867 πῶς
328 802 506 868 ὀλίγων
547 798 750 851 ἐδέοντο
785 798 920 864 πρὸς
956 800 1053 870 τὴν
1083 799 1178 853 τοῦ
1217 800 1333 870 βίου
1380 800 1649 872 διαγωγὴν
1686 803 1737 853 oi

202 895 445 965 ἅνθρωποι
469 907 483 921 ο
514 889 629 952 πῶς
656 889 717 942 τὸ
747 892 989 944 ποικίλον
1022 893 1121 961 τῆς
1156 894 1365 964 διαίτης
1394 898 1525 965 ἡμῖν
1565 898 1598 966 ἡ
1643 897 1737 966 τῆς

202 981 445 1051 ἁμαρτίας
476 980 885 1049 συνεισήνεγκεν
907 982 1078 1035 αἰτία.
1125 982 1339 1053 Ἐπειδὴ
1364 984 1472 1053 γὰρ
1495 987 1593 1054 τῆς
1614 985 1739 1055 ἁλη-

202 1073 334 1141 θινῆς
360 1069 560 1141 τρυφῆς
595 1070 696 1139 τῆς
727 1072 785 1123 ὲν
821 1070 899 1141 τῷ
938 1072 1250 1143 παραδείσῳ
1274 1074 1630 1143 ὲξεπέσαμεν,
1656 1092 1739 1128 νε-

1842 710 2161 780 tranquilla,
2190 724 2355 779 quam
2380 708 2555 771 dives,
2580 722 2745 778 quam
2775 706 2966 776 paucis
2995 706 3050 760 in
3073 707 3217 759 victu
3246 707 3412 762 rebus

1838 798 2091 852 homines
2134 798 2493 867 indiguerint,
2532 796 2810 868 quomodo
2856 810 2982 850 cum
3032 796 3199 849 variis
3247 811 3412 865 gene-

1839 890 1994 945 ribus
2039 890 2328 959 epularum
2386 888 2650 959 peccandi
2701 902 2886 942 causae
2930 886 3097 941 simul
3150 887 3414 956 ingressas

1842 979 2067 1033 fuerim.
2111 977 2409 1047 Postquam
2456 979 2603 1033 enim
2639 993 2670 1031 a
2706 978 2847 1031 veris
2878 975 2990 1030 illis
3032 975 3273 1046 paradisi
3314 976 3412 1029 de-

1840 1072 1980 1126 liciis
1999 1072 2326 1133 excidimus,
2348 1086 2446 1126 nec
2465 1071 2704 1139 amplius
2720 1070 2848 1123 vita:
2869 1069 3076 1140 lignum
3106 1050 3406 1130 intuemur,

1839 1180 1941 1219 nec
1985 1163 2232 1218 honestis
2270 1163 2401 1229 illis,
2448 1162 2839 1233 praclarisque
2886 1160 3261 1231 voluptatibus
3302 1159 3410 1213 frui

1838 1256 2128 1326 gloriarive
2155 1270 2472 1324 possumus,
2504 1253 2844 1308 adulterinas
2872 1251 3032 1307 nobis
3060 1251 3287 1305 delicias
3316 1265 3411 1304 ex-

1840 1330 2228 1417 cogitavimus,
2260 1360 2469 1416 coquos
2503 1352 2560 1400 et
2596 1345 2834 1415 pistores
2876 1343 3208 1415 invenimus,
3258 1343 3408 1395 varia

1837 1438 2186 1493 bellariorum
2230 1438 2777 1506 sullimentorumque
2836 1450 3056 1505 genera,
3109 1445 3169 1489 ut
3220 1435 3407 1504 lapsus

1838 1531 1983 1584 illius
2004 1531 2221 1589 solatia,
2248 1528 2720 1599 comparavimus.
2747 1526 2819 1582 Ut
2852 1528 3098 1597 aegrotis,
3137 1528 3230 1596 qui
3255 1529 3406 1594 gravi

1836 1622 2022 1689 aliquo
2066 1620 2258 1675 morbo
2298 1617 2719 1681 conﬂictantur,
2757 1633 2883 1674 cum
2935 1619 3117 1673 solitis
3153 1620 3407 1689 volupta-

194 1717 288 1753 στοι
308 1702 425 1752 ὅταν
448 1701 868 1772 καταδληθῶσιν
900 1706 1005 1759 ὑπὸ
1038 1707 1277 1779 σφοδρᾶς
1312 1710 1642 1780 ἀρρωστίας,
1672 1712 1729 1765 οὐ

1836 1714 1984 1767 tibus
2014 1711 2122 1767 frui
2144 1725 2254 1765 non
2275 1710 2509 1782 possint,
2538 1710 2803 1781 quasdam
2827 1709 3059 1765 odorum
3082 1711 3406 1772 suavitates,

191 1789 441 1858 δυνάμενοι
465 1791 713 1862 μετέχειν
724 1796 823 1863 τῆς
838 1794 1098 1867 συνήθους
1117 1798 1487 1864 ἀπολαύσεως,
1506 1801 1729 1872 όσφραν·

1836 1814 1891 1859 et
1923 1805 2029 1858 alia
2057 1803 2327 1871 ejusmodi
2376 1802 2736 1872 congruentia
2775 1801 3168 1857 oblectamenta
3212 1800 3409 1855 medici

191 1884 283 1941 τοῖς
316 1882 402 1933 καὶ
427 1881 689 1946 τοιούτοις
714 1886 826 1937 τισί
853 1886 1004 1958 παρὰ
1028 1888 1138 1941 τῶν
1161 1889 1360 1960 ἰατρῶν
1399 1891 1729 1961 λαμϐάνουσι

1834 1896 2276 1959 subministrant,
2298 1902 2353 1950 et
2369 1894 2600 1949 infirmis
2629 1909 2819 1949 eorum
2838 1892 3096 1949 sensibus
3112 1892 3407 1948 blandiun-

189 1972 445 2036 δεξιώσεις.
497 1975 715 2046 Ἐπειδὴ
754 1977 864 2049 γάρ
907 1978 1018 2033 τῶν
1062 1982 1427 2053 ἰσχυροτέρων
1474 1985 1553 2045 εἰς
1596 1984 1729 2036 am-

1833 1995 1943 2041 tur.
1980 1985 2183 2040 Verum
2232 1984 2278 2039 si
2337 1997 2488 2038 nunc
2526 1982 2695 2038 etiam
2728 1983 2984 2036 volumus
3026 1981 3192 2035 vitam
3233 1982 3407 2045 illam.

190 2065 348 2118 λαυσιν
365 2066 774 2131 ἐκπεπτώκασι,
806 2073 916 2133 τοῖς
943 2071 1192 2125 ἀσθενέσι
1228 2072 1515 2143 σύμμετρα
1544 2074 1593 2125 οἱ
1632 2090 1727 2125 κο-

188 2157 472 2220 λακεύοντες
518 2159 703 2211 αὐτῶν
755 2161 851 2221 τὰς
892 2161 1172 2233 αἰσθήσεις
1210 2164 1535 2235 περινοοῦσι.
1587 2164 1731 2236 Πλὴν

187 2248 408 2301 ἀλλὰκαὶ
452 2249 545 2301 νῦν
592 2249 732 2303 κατὰ
786 2252 1024 2322 μίμησιν
1065 2256 1163 2324 τῆς
1195 2256 1253 2306 ὲν
1295 2253 1373 2324 τῷ
1421 2254 1731 2324 παραδείσῳ

188 2340 306 2408 ζωῆς
346 2340 564 2403 ἑαυτοὺς
617 2343 768 2408 ἄγειν
810 2341 1139 2413 βουλόμενοι,
1188 2343 1478 2411 φεύγοντες
1525 2344 1729 2414 ταύτην

185 2432 263 2501 τὴν
292 2430 537 2484 πολύυλον
566 2431 680 2484 τῶν
708 2431 1015 2504 βρωμάτων
1042 2436 1363 2497 ἀπόλαυσιν.
1401 2436 1491 2490 ἕλκ’
1522 2437 1727 2488 έκεῖνον

183 2522 257 2574 τὸν
294 2522 395 2590 βίον
442 2522 630 2587 καθώς
651 2526 775 2577 ἐστι
816 2526 1043 2580 δυνατὸν
1085 2527 1307 2591 ἑαυτοὺς
1328 2525 1565 2598 ἄγωμεν,
1595 2544 1726 2596 καρ-

186 2617 282 2676 ποῖς
311 2614 397 2666 καὶ
431 2614 715 2685 σπέρμασι
750 2617 843 2670 καὶ
888 2620 1001 2680 τοῖς
1044 2619 1109 2670 ἐκ
1138 2617 1244 2671 τῶν
1287 2618 1601 2689 ἀκροδρύων
1650 2620 1728 2680 είς

181 2706 421 2777 διαγωγὴν
450 2706 751 2778 χρώμενοι,
776 2708 838 2761 τὸ
873 2708 931 2761 δὲ
967 2708 1228 2778 περισσὸν
1268 2709 1491 2775 τούτων,
1521 2711 1598 2772 ὡς
1629 2711 1730 2763 οὐκ

180 2800 439 2864 ἀναγκαῖον
471 2800 952 2872 ἁποπεμπὼμεθα.
1007 2803 1080 2855 Οὐ
1100 2802 1205 2873 γὰρ
1236 2801 1502 2872 βδελυκτὰ
1524 2802 1611 2856 διὰ
1637 2802 1730 2856 τὸν

180 2890 431 2942 κτίσαντα·
470 2890 530 2942 ού
592 2889 699 2961 μὴν
742 2891 862 2943 οὐδὲ
905 2892 1098 2962 αἱρετὰ
1133 2892 1224 2945 διὰ
1251 2892 1352 2963 τὴν
1398 2894 1499 2963 τῆς
1529 2892 1729 2963 σαρκὸς

178 2980 619 3034 εὐπάθειανΛΚαὶ
647 2982 990 3035 κατέπαυσεν
1016 2985 1045 3035 ό
1071 2983 1205 3047 Θεὸς
1227 2985 1335 3038 άπὸ
1374 2983 1588 3037 πάντων
1619 2982 1727 3037 τῶν

1833 2995 1961 3057 diis,
1997 2993 2203 3064 quique
2237 2991 2569 3063 sapientiam
2598 2990 2877 3060 ejusmodi
2910 2990 3122 3046 faciunt
3160 2992 3403 3061 plurimi,

176 3073 325 3142 ἔργων
364 3073 521 3125 αὑτοῦ
574 3076 645 3145 τῇ
689 3074 869 3145 ἡμέρᾳ
898 3078 964 3145 τῇ
1011 3075 1591 3147 έδδόμῃοολεγέτωσαν
1637 3072 1729 3129 οὖν

1833 3085 2108 3142 senarium
2155 3098 2444 3138 numerum
2473 3097 2598 3137 cum
2633 3082 2839 3136 mundo
2885 3082 3049 3137 simul
3085 3097 3209 3138 esse
3254 3084 3397 3153 geni-

176 3164 510 3235 ἀριθμητικοὶ,
541 3167 646 3217 καὶ
667 3167 717 3217 οί
745 3167 872 3237 περὶ
896 3167 961 3219 τὰ
986 3167 1211 3220 τοιαῦτα
1234 3168 1608 3238 ὲσχολακότες,
1634 3170 1727 3221 καὶ

1834 3184 1973 3239 tum,
2030 3189 2153 3230 esse
2199 3188 2487 3228 numerum
2533 3171 2851 3235 fecundum,
2907 3172 3189 3243 multaque
3235 3189 3303 3227 ex
3347 3188 3401 3228 se

176 3253 257 3325 τὴν
276 3255 389 3325 περὶ
411 3255 611 3309 τούτου
640 3258 829 3326 σοφίαν
856 3259 979 3311 ἀντὶ
1006 3258 1243 3328 μεγάλου
1274 3258 1725 3330 προϐεϐλημένοι,

1833 3280 2185 3321 numerorum
2234 3277 2433 3336 genera
2472 3263 2799 3333 parientem,
2842 3270 2898 3318 et
2943 3263 3061 3318 suis
3104 3260 3403 3333 perfectum

174 3348 236 3410 ὠς
267 3348 357 3417 μὲν
405 3349 678 3421 συγγενὴς
725 3354 792 3422 τῇ
829 3351 925 3404 τοῦ
972 3352 1177 3422 κόσμου
1230 3353 1405 3405 κτίσει
1449 3354 1480 3405 ό
1523 3352 1631 3405 τῶν
1670 3352 1729 3418 ἒξ

1834 3358 2108 3428 partibus,
2160 3362 2217 3408 et
2248 3368 2593 3423 quaecunque
2615 3353 2684 3407 de
2711 3352 2831 3423 ipso
2856 3352 2912 3406 in
2941 3352 3401 3422 disputationibus

175 3439 397 3509 ἀριθμὸς,
436 3443 517 3494 ὅτι
563 3440 863 3509 πολύγονός
896 3444 1033 3505 ἐστι,
1093 3442 1261 3495 πολλὰ
1315 3443 1568 3513 σχήματα
1607 3444 1729 3512 ἀρι-

1833 3448 1949 3503 suis
1971 3447 2159 3501 dicere
2170 3453 2592 3500 consueverunt.
2609 3444 2859 3513 Cumque
2873 3443 2942 3499 de
2960 3446 3179 3499 senario
3191 3445 3401 3502 abunde

178 3528 306 3597 θμὼν
336 3532 421 3600 ἀφ’
471 3531 672 3585 ἑαυτοῦ
723 3532 947 3600 γεννῶν,
1001 3534 1096 3586 καὶ
1123 3533 1324 3598 τέλειος
1371 3535 1483 3595 τοῖς
1529 3533 1724 3588 ἑαυτοῦ

1833 3556 1926 3610 per
1957 3540 2128 3594 otium
2160 3537 2423 3602 dixerint,
2468 3537 2635 3594 etiam
2665 3536 2734 3593 de
2761 3536 3076 3607 septenario
3107 3536 3400 3593 disserant.

200 1162 494 1231 νοθευμένας
524 1161 727 1232 τρυφὰς
751 1162 963 1225 ἑαυτοῖς
989 1163 1255 1234 έπενοήσα
1265 1183 1381 1235 μεν.
1415 1167 1524 1220 Καὶ
1552 1167 1736 1238 ἐπειδὴ

197 1253 354 1305 οὐκέτι
391 1251 648 1321 βλέπομεν
688 1251 747 1305 τὸ
771 1252 925 1318 ξύλον
952 1254 1052 1324 τῆς
1092 1255 1257 1325 ζωῆς,
1293 1257 1413 1310 οὐδὲ
1443 1256 1521 1327 τῷ
1551 1259 1735 1311 κάλλει

198 1344 363 1413 ἐκείνῳ
388 1343 805 1413 ἐναϐρυνόμεθα,
845 1345 1107 1416 ἐδόθησαν
1152 1349 1283 1418 ἡμῖν
1315 1351 1391 1412 είς
1442 1350 1735 1403 ἀπόλαυσιν

200 1434 417 1505 μάγειροι
442 1430 622 1484 λοιπὸν
643 1433 738 1485 καὶ
762 1434 1061 1504 ἀρτοποιοὶ,
1092 1437 1185 1488 καὶ
1221 1439 1527 1508 πεμμάτων
1558 1457 1737 1493 ποικι-

196 1523 284 1574 λίαι
309 1522 395 1574 καὶ
425 1520 803 1593 θυμιαμάτων,
846 1524 941 1577 καὶ
970 1526 1198 1579 τοιαῦτά
1229 1545 1352 1582 τινα
1382 1530 1736 1601 παραμυθού-

197 1630 310 1682 μενα
334 1611 481 1681 ήμῶν
506 1612 610 1683 τὴν
647 1615 856 1668 ἐκεῖθεν
885 1614 1157 1669 ἔκπτωσιν
1183 1635 1196 1647 ·
1238 1618 1424 1689 ὥσπερ
1457 1624 1504 1674 οἱ
1553 1622 1735 1693 appul-

1833 2091 1957 2146 ηοω
1998 2077 2054 2130 in
2079 2074 2342 2145 paradiso
2387 2074 2673 2144 agebatur,
2704 2073 2930 2135 imitari,
2970 2072 3039 2128 ad
3071 2088 3214 2139 eam,
3246 2076 3402 2128 varia

1832 2172 1936 2225 ista
1961 2169 2210 2223 ciborum
2240 2183 2443 2238 genera
2473 2167 2765 2237 fugientes,
2800 2182 2901 2237 pro
2931 2166 3144 2221 viribus
3178 2168 3406 2222 acceda-

1833 2275 1977 2326 mus,
2005 2259 2299 2321 fructibus,
2332 2266 2388 2313 et
2416 2257 2742 2321 seminibus,
2765 2266 2820 2311 et
2844 2257 3210 2326 leguminibus
3236 2258 3402 2311 vitam

1832 2358 2233 2415 sustentemus,
2296 2350 2507 2419 reliqua
2548 2360 2751 2413 autem,
2790 2358 2849 2402 ut
2891 2365 3249 2420 supervacua,
3297 2351 3404 2404 mi-

1834 2444 2088 2514 nimeqne
2145 2440 2458 2498 necessaria
2484 2479 2501 2503 ,
2546 2440 2876 2509 abjiciamus
2920 2448 2974 2495 et
3022 2456 3402 2511 aspernemur.

1832 2533 2094 2600 Quamvis
2131 2533 2279 2588 enim
2324 2529 2648 2586 detestanda
2690 2545 2803 2584 non
2846 2532 2980 2594 sint,
3024 2540 3212 2601 utpote
3244 2534 3405 2589 nobis

1831 2630 1901 2681 ab
1930 2627 2047 2696 ipso
2076 2633 2431 2695 procreatore
2468 2636 2754 2687 concessa,
2779 2624 3045 2679 sumenda
3082 2636 3262 2680 tamen
3294 2642 3402 2681 non

1828 2725 1963 2773 sunt
2007 2725 2236 2787 propter
2272 2714 2459 2770 carnis
2509 2715 2963 2771 oblectationem.
3003 2736 3023 2769 ι
3047 2719 3108 2773 Et
3140 2718 3405 2787 requievit

1830 2808 2098 2864 Dominus
2139 2807 2211 2862 ab
2242 2806 2503 2863 omnibus
2554 2807 2813 2877 operibus
2858 2808 2977 2863 suis
2997 2809 3224 2879 septimo
3246 2811 3352 2867 die.
3381 2828 3402 2863 ι

1832 2900 2029 2956 Dicant
2076 2899 2432 2959 aritbmetici.
2456 2908 2514 2955 et
2560 2899 2656 2970 qui
2687 2900 2892 2956 talibus
2932 2900 3256 2956 incumbunt
3283 2909 3403 2957 stu-

179 3621 363 3691 μέρεσι,
397 3622 490 3675 καὶ
516 3624 625 3676 ὅσα
672 3624 804 3693 περὶ
846 3624 944 3703 τῆς
979 3623 1164 3688 ἑξάδος
1201 3626 1258 3676 ὲν
1290 3627 1411 3699 ταῖς
1450 3625 1728 3693 σχολικαίς

1833 3631 2083 3686 Sterilem
2118 3645 2243 3685 esse
2279 3628 2683 3691 demonstrent,
2719 3629 2922 3698 quippe
2955 3627 3051 3698 qui
3098 3643 3199 3683 nec
3235 3629 3403 3682 alium
3507 3624 3511 3628 ’

174 3708 438 3775 διαλέξεσιν
465 3710 826 3783 ἀριθμητικοὶ
843 3713 1173 3782 διηγοῦνται,
1200 3714 1254 3766 εί
1270 3730 1387 3777 πως
1411 3714 1574 3784 σχολὴ
1602 3714 1725 3767 καθ’

1833 3738 1893 3775 ex
1916 3737 1977 3777 se
1998 3734 2285 3775 numerum
2309 3728 2551 3789 generet,
2589 3734 2689 3772 nec
2717 3720 2785 3773 ab
2805 3719 2915 3773 alio
2945 3718 3065 3789 ipse
3085 3728 3400 3790 generetur.

177 3808 337 3861 ἑαυτὸν
360 3809 641 3878 λεγέσθωον
663 3809 970 3878 λεγέτωσαν
999 3810 1056 3864 δὲ
1086 3812 1182 3864 καὶ
1214 3812 1343 3883 περὶ
1375 3812 1474 3883 τῆς
1494 3810 1725 3880 ἑϐδομά-

1833 3811 1961 3882 Ego,
2020 3826 2087 3866 ne
2141 3824 2449 3866 sermonem
2495 3824 2663 3864 causa
2704 3819 2886 3865 vestra
2926 3811 3040 3879 jam
3089 3810 3400 3866 institutum

174 3899 264 3962 δος,
287 3900 361 3953 ὃτι
391 3899 683 3971 στείρωσίς
710 3901 795 3965 τίς
820 3904 968 3954 ἐστιν
1000 3904 1058 3956 ὲν
1089 3902 1167 3973 τῷ
1193 3902 1425 3972 ἑϐδόμῳ.
1452 3901 1590 3956 Οῠτε
1629 3903 1726 3972 μὲν

1833 3904 2100 3966 omittam,
2164 3901 2232 3957 ad
2293 3915 2358 3956 ea
2404 3916 2527 3972 qua:
2571 3910 2700 3955 sunt
2746 3901 2970 3971 cognitu
3014 3902 3262 3957 faciliora
3320 3917 3404 3957 me

176 3993 264 4062 γὰρ
288 3995 443 4064 γεννᾷ
482 3993 580 4062 ἀφ’
610 3995 826 4058 ἑαυτοῦ,
870 3993 994 4047 οὔτε
1040 3996 1173 4066 παρ’
1200 3996 1387 4064 ἐτέρου
1423 3995 1664 4048 τίκτεται
1699 3997 1727 4047 ὁ

1833 4004 2172 4049 convertam.
2231 3992 2287 4046 Si
2324 3992 2455 4061 quis
2497 4000 2676 4046 autem
2714 3992 2923 4062 peritus
2967 3999 3052 4061 est
3094 3992 3403 4049 istiusmodi

175 4084 264 4134 τῶν
295 4086 426 4139 ἑπτά
465 4085 723 4157 ἀριθμός.
766 4086 874 4140 Καὶ
904 4086 992 4139 ἴνα
1040 4087 1114 4159 μὴ
1165 4088 1244 4150 είς
1288 4086 1552 4140 πολύυλον
1592 4103 1755 4163 κατ-η

176 4177 340 4243 αγάγω
364 4178 451 4230 τὸν
479 4178 663 4247 λόγον,
692 4178 791 4249 τὴν
824 4178 1059 4244 διάλεξιν
1088 4178 1188 4251 τὴν
1219 4178 1353 4250 πρὸς
1374 4180 1517 4249 ὑμᾶς
1550 4196 1729 4250 παρα-

1835 4086 2134 4147 facultatis,
2177 4085 2224 4140 is
2256 4090 2554 4154 cognoscat
2600 4083 2791 4137 talium
2837 4085 3002 4139 etiam
3047 4099 3231 4141 rerum
3276 4088 3403 4141 the.

1835 4194 2059 4234 saurnm
2098 4177 2241 4247 apud
2282 4191 2383 4231 nos
2432 4190 2557 4231 esse
2591 4176 2953 4231 reconditum.

172 4267 384 4336 δραμὼν,
417 4270 509 4321 ἐπὶ
547 4270 621 4322 τὰ
653 4270 1131 4343 εύγνωμονέστερα
1170 4273 1426 4343 χωρήσω.
1459 4271 1522 4325 Ei
1548 4271 1605 4324 δέ
1633 4289 1717 4337 τις
1752 4273 1845 4326 καὶ
1872 4272 2001 4344 περὶ
2022 4271 2195 4325 ταῦτα
2218 4269 2336 4341 ἔχει
2360 4269 2481 4322 τινὰ
2518 4269 2829 4340 ἐμπειρίαν,
2852 4270 3168 4339 γινωσκέτω
3196 4272 3278 4326 ὅτι
3309 4269 3403 4326 καὶ

173 4362 348 4415 τούτων
375 4367 401 4418 ό
430 4365 705 4438 θησαυρὸς
727 4366 1073 4419 ὲναπόκειται
1096 4365 1222 4436 παρ’
1252 4366 1403 4435 ἡμῖν.

234 4458 381 4511 Ὥστε
407 4462 454 4512 εί
494 4461 642 4531 μέγα
674 4460 1029 4531 ἀριθμητικὴ,
1054 4458 1286 4514 ἐνταῦθά
1313 4461 1427 4512 ἐστι
1450 4460 1547 4532 τῆς
1572 4457 1729 4530 ἀριθ-

1902 4457 2083 4524 Quare
2107 4471 2155 4511 Si
2206 4454 2387 4527 magni
2458 4455 2702 4510 facienda
2768 4466 2852 4511 est
2889 4456 3255 4519 arithmetica,
3311 4456 3401 4512 liic

176 4550 383 4619 μητικῆς
402 4550 468 4603 τὰ
495 4552 809 4622 σπέρματα.
834 4551 1025 4620 Ἡμεῖς
1046 4548 1100 4602 δὲ
1119 4549 1178 4602 οὐ
1201 4548 1504 4621 φρονοῦμεν
1520 4549 1728 4612 τούτοις

1833 4549 1951 4619 ejus
1991 4555 2120 4603 sunt
2154 4548 2381 4602 semina.
2423 4546 2586 4601 Nobis
2640 4555 2821 4602 autem
2869 4562 2976 4602 non
3009 4555 3092 4602 est
3123 4563 3287 4611 curae,
3345 4557 3401 4603 ut

172 4639 237 4707 τῷ
262 4642 319 4693 ὲκ
347 4641 442 4710 τῆς
467 4641 563 4694 τοῦ
598 4642 802 4711 κόσμου
827 4636 965 4693 εἶναι
1005 4640 1216 4709 σοφίας,
1250 4640 1283 4708 ἦ
1309 4638 1520 4710 διὰ⁶τὴν
1548 4642 1611 4692 ἐκ
1632 4639 1726 4691 τοῦ

174 4732 354 4799 κόσμου
384 4733 600 4800 σοφία-θ’
631 4733 679 4785 οί
710 4732 817 4803 γὰρ
841 4732 1011 4784 ταῦτα
1041 4732 1414 4802 περιέποντες,
1449 4734 1619 4803 μικρὰ
1642 4734 1727 4784 ἐν·

170 4826 319 4880 ταῦθα
332 4825 648 4893 κλέψαντες,
661 4824 781 4883 ταῖς
798 4819 1201 4892 πραγματείαις
1212 4818 1364 4872 αὐτοὶ
1377 4819 1449 4881 ὡς
1468 4819 1726 4889 μεγάλαις

174 4920 620 4988 ὲπισεμνύνονται.
653 4916 772 4967 Ἵνα
796 4915 973 4966 τοίνυν
1008 4912 1269 4982 δείξωμεν
1314 4911 1514 4976 αὐτοῖς,
1543 4912 1625 4964 ὅτι
1656 4913 1726 4965 τὰ

173 5014 282 5080 παρ’
303 5011 531 5072 ἐκείνοις
568 5004 1004 5078 περισπούδαστα
1027 5006 1158 5073 ἡμῖν
1198 5004 1344 5054 ἐστιν
1386 5002 1725 5072 εύκαταφρόυ

166 5115 306 5166 νητα,
347 5103 523 5171 σιωπῇ
558 5098 1004 5169 παραδράμωμεν
1029 5095 1123 5148 τὸν
1150 5095 1279 5164 περὶ
1301 5094 1504 5148 τούτων
1532 5094 1689 5162 λόγον
1707 5110 1722 5125 ’

172 5189 284 5255 ὁμοῦ
318 5191 372 5244 δὲ
411 5193 505 5244 καὶ
538 5192 639 5243 οὐκ
664 5188 932 5250 εῦληπτος
963 5188 1077 5258 λαῷ
1110 5188 1273 5241 παντὶ
1304 5189 1337 5259 ἠ
1370 5189 1724 5259 περὶτούτων

174 5278 368 5349 θεωρία.
408 5282 649 5351 Πάρεστι
698 5280 755 5333 δὲ
789 5278 1056 5349 ἐκκλησία
1098 5279 1158 5331 οὑ
1203 5278 1516 5351 παραδόξων
1552 5280 1723 5347 λόγων

170 5370 412 5437 ἀκρόασιν
448 5370 797 5443 ἐκδεχομένη.
847 5370 983 5423 ἀλλὰ
1032 5369 1141 5423 τῶν
1173 5370 1260 5423 ἐπ’
1301 5371 1555 5441 οἰκοδομῇ
1590 5371 1724 5423 θεωο

177 5463 412 5529 ρημάτων
460 5461 792 5534 ἐπιζητοῦσα
828 5463 929 5526 τὰς
970 5462 1173 5524 λύσεις.
1202 5462 1504 5532 Τετίμηται
1548 5462 1722 5514 τοίνυν

175 5549 202 5617 ἡ
224 5550 409 5624 ἑϐδόμη
442 5554 625 5624 ἡμέρα
652 5553 713 5606 τδ
742 5551 1028 5606 σάὃὸατον.
1066 5552 1123 5605 '0
1145 5551 1371 5620 ἕϐδομος
1403 5553 1552 5623 παρὰ
1592 5552 1721 5606 Ἰου-

174 5640 321 5706 δαίοις
347 5645 597 5716 ἀριθμὸς.
627 5644 827 5716 τίμιος,
868 5645 925 5697 ὲν
947 5638 991 5712 ᾧ
1018 5646 1073 5697 αἱ
1099 5644 1483 5715 σκηνοπηγίαι,
1516 5645 1572 5699 ai
1602 5645 1720 5698 σάλο

175 5746 370 5801 πιγγες,
423 5740 456 5806 ἡ
500 5738 679 5807 ἡμέρα
729 5736 823 5790 τοῦ
878 5736 1126 5806 ἱλασμοῦ.
1164 5736 1432 5806 Ἕϐδομος
1477 5737 1721 5799 ἐνιαυτὸς

179 5824 288 5893 παρ’
322 5826 549 5890 ἐκείνοις
573 5830 747 5897 τίμιος
778 5829 804 5879 ὁ
833 5828 927 5897 τῆς
954 5828 1197 5897 ἀφέσεως
1219 5828 1525 5898 λεγόμενος.
1567 5829 1719 5898 Ἐξῆν

1830 4653 1995 4711 parva
2040 4638 2153 4693 hac
2185 4652 2251 4692 ex
2299 4636 2487 4691 mundi
2546 4637 2810 4706 sapientia
2845 4637 3400 4707 surripientes,quasi

1828 4746 2082 4801 magnum
2123 4728 2330 4799 aliquid
2366 4729 2571 4783 nostris
2599 4728 2940 4783 orationibus
2970 4728 3294 4783 inseramus.
3335 4727 3400 4782 Ut

1830 4825 1992 4894 igitur
2040 4830 2254 4876 constet
2306 4836 2409 4875 nos
2433 4828 2803 4882 contemnere,
2830 4834 2951 4890 quae
2990 4819 3094 4889 ipsi
3124 4819 3399 4873 admiran-

1827 4923 1938 4979 tur,
1968 4914 2189 4970 silentio
2238 4913 2357 4982 ipsa
2393 4919 2757 4973 transeamus,
2793 4911 3093 4980 praesertim
3137 4925 3262 4964 cum
3301 4927 3397 4964 en-

1828 5024 1946 5062 rum
1974 5005 2214 5076 cognitio
2235 5019 2344 5058 non
2374 5004 2446 5056 ita
2492 5002 2646 5056 facile
2675 5016 2704 5054 a
2728 5003 2921 5071 quovis
2960 5016 2991 5055 e
3030 5002 3231 5071 populo
3272 5016 3396 5070 per-

1825 5100 1931 5170 cipi
1972 5098 2166 5167 possit,
2194 5103 2249 5150 et
2285 5094 2379 5165 qui
2415 5110 2502 5148 me
2538 5094 2788 5157 audiunt,
2834 5108 2945 5147 non
2979 5101 3090 5147 tam
3146 5108 3236 5147 res
3279 5108 3397 5161 qua:

1823 5197 2080 5245 moveant
2107 5188 2556 5251 admirationem,
2584 5200 2749 5253 quam
2781 5200 2903 5255 qua:
2937 5198 3116 5239 mores
3146 5194 3199 5239 et
3232 5185 3395 5237 vitam

1818 5281 2125 5345 instruant,
2159 5278 2435 5348 postulent
2475 5284 2531 5331 et
2575 5283 2911 5345 exspectent.
2966 5273 3271 5329 Praeclarus
3312 5282 3394 5329 est

1823 5372 1945 5428 dies
1974 5372 2258 5441 septimus.
2300 5367 2432 5423 Nam
2464 5377 2518 5422 et
2543 5369 2837 5424 sabbatum
2872 5370 3013 5439 apud
3047 5367 3263 5424 Juilaos
3306 5384 3396 5423 se-

1824 5462 1995 5531 ptimo
2022 5467 2275 5515 censetur
2295 5459 2386 5514 die
2427 5457 2506 5530 [in
2522 5474 2633 5529 quo
2651 5457 3151 5513 Tabernaculorum
3173 5458 3393 5521 festum.

1822 5553 2009 5618 Tubaz,
2049 5551 2168 5607 dies
2202 5551 2606 5621 Propitiationis
2621 5549 2744 5624 ].Et
2793 5551 3057 5622 septimus
3110 5566 3288 5606 annus
3323 5552 3395 5605 ab

1815 5645 2022 5699 eisdem
2058 5644 2401 5705 observatur,
2457 5658 2522 5698 ac
2556 5642 2901 5698 remissionis
2946 5657 3125 5697 annus
3166 5642 3392 5697 dicitur.

1823 5734 2042 5790 Licebat
2073 5735 2218 5789 enim
2256 5734 2363 5788 illis
2388 5743 2585 5789 terrain
2618 5749 2714 5789 ses
2738 5734 2897 5786 annis
2927 5733 3127 5794 colere,
3159 5733 3396 5803 septima

1824 5844 1967 5884 anno
2003 5829 2270 5883 inaratae:
2318 5842 2381 5882 ac
2420 5826 2644 5881 liberam
2698 5825 3097 5895 relinquebant,
3148 5841 3275 5881 cum
3331 5830 3393 5880 in
