3988 6508
581 402 677 459 ε87

1830 403 1888 458 S.
1927 396 2254 458 GREGORII
2285 396 2577 453 NYSSENI
3708 406 3794 461 εδδ

578 516 958 587 promissionis
988 524 1132 570 terra
1166 524 1537 570 versarentur.
1576 515 1684 571 Sex
1739 518 1900 571 annis
1953 517 2157 571 servie-

2272 512 2364 583 μὲν
2393 510 2502 582 γάρ
2545 510 2726 573 αὑτοῖς
2758 508 2817 573 ἓξ
2863 507 2958 579 ἐτη
3003 507 3339 576 ἐργάσασθαι
3374 508 3472 579 τὴν
3499 512 3618 583 γῆν,
3660 516 3727 586 τῷ
3751 521 3796 572 δὲ

576 616 669 662 liat
706 606 985 668 Πρω-ειη,
1022 619 1168 659 anno
1196 605 1431 675 septimo
1451 606 1788 662 liberabatur
1819 622 1848 659 a
1874 608 2155 661 servitute.

567 695 823 764 .Septimo
870 693 1012 764 apud
1071 694 1220 763 ipsos
1286 710 1432 749 anno
1479 695 1772 765 captivitas
1820 697 2155 757 solvebatur.

577 786 687 840 Sed
738 794 929 841 nostra
959 800 1181 854 quoque
1217 785 1528 841 videamus.
1568 804 1587 837 ι
1628 784 1862 856 Septies,
1904 805 1922 838 ι
1959 787 2156 855 inquit,

579 895 600 925 s
646 876 700 928 in
726 874 817 929 die
841 872 1001 929 cadet
1028 874 1237 943 justus,
1268 882 1325 929 et
1356 881 1613 946 resurget
1633 879 1695 932 ’³.
1717 896 1737 929 ι
1764 875 1857 932 Sic
1882 891 1983 928 nos
2014 876 2160 931 lteb-

574 966 866 1019 domadam
929 966 1339 1021 constituimus.
1397 964 1678 1037 Septimus
1716 981 1746 1021 a
1801 967 1987 1021 mundi
2028 983 2157 1038 pro-

577 1057 855 1113 rreatione
888 1056 1076 1112 Euocb
1118 1068 1349 1113 mortem
1385 1072 1495 1112 non
1525 1058 1696 1124 vidit;
1743 1057 2002 1114 Ecclesiae
2041 1075 2160 1130 my-

576 1152 826 1221 sterium.
857 1147 1135 1220 Septimus
1163 1149 1233 1203 ab
1256 1149 1528 1203 Abraham
1553 1148 1766 1219 Moyses
1801 1151 1971 1220 legem
2008 1166 2162 1204 act-e-

578 1241 678 1309 pit,
703 1241 759 1295 in
781 1256 889 1310 qua
920 1240 1044 1295 vita:
1069 1240 1323 1303 mutatio,
1365 1240 1568 1295 solutio
1596 1241 1918 1309 iniquitatis,
1950 1240 2163 1308 ingres-

578 1346 675 1386 sus
700 1332 952 1399 iustitiae,
979 1330 1071 1386 Dei
1110 1332 1500 1401 peregrinatio,
1564 1332 1894 1388 constitutio
1946 1331 2159 1393 mundi.

580 1436 761 1476 rerum
801 1422 1138 1492 agendarum
1170 1422 1513 1492 praescriptio
1543 1423 1935 1477 continebatur
1954 1421 2025 1477 “.
2060 1418 2161 1476 Se-

580 1514 751 1583 ptima
802 1522 856 1568 et
887 1516 1292 1584 septuagesima
1330 1522 1489 1570 aetate
1536 1521 1660 1584 post
1696 1513 1871 1568 Adam
1905 1512 2162 1569 Christus

579 1606 851 1675 apparuit.
876 1604 1183 1675 Septenarii
1211 1605 1533 1675 mysterium
1558 1603 1939 1661 novitPetrus.
1972 1623 1991 1656 ι
2016 1602 2155 1671 Quo.

582 1697 710 1760 ties,
745 1714 764 1748 ι
785 1699 986 1765 inquit,
1012 1718 1029 1749 ι
1056 1698 1305 1767 peccabit
1324 1700 1377 1751 in
1408 1698 1681 1753 uie-frater
1714 1706 1960 1761 meus,et
1979 1697 2164 1751 dimit-

583 1799 691 1843 tam
722 1790 820 1844 ei?
867 1806 1041 1858 usque
1086 1790 1286 1859 septies
1303 1791 1395 1843 "2
1432 1811 1450 1842 ι
1492 1790 1689 1845 Parum
1722 1791 1882 1850 dixit.
1916 1791 2159 1845 nondum

580 1880 900 1951 mysterium
938 1858 1163 1936 didicit.
1183 1882 1377 1936 Adhuc
1407 1883 1553 1937 enim
1584 1882 1889 1951 discipulus
1926 1888 2027 1937 est.
2060 1879 2160 1934 Us-
2196 1858 2234 1913 Β

578 1988 684 2040 que
714 1974 966 2043 septies?
1010 1990 1040 2027 a
1074 1975 1388 2043 septenario
1418 1990 1527 2029 non
1579 1976 1806 2029 recessit
1833 1974 2161 2043 discipulus.

581 2063 728 2118 Dixit
773 2065 1083 2134 discipulus
1130 2065 1278 2136 quod
1336 2066 1569 2121 sciebat.
1619 2065 1836 2121 Divitiis
1897 2063 2162 2119 Dominus

581 2156 898 2211 abundavit.
930 2156 1157 2222 Quoties
1182 2159 1454 2228 peccabit,
1491 2158 1888 2213 et‘dimittam?
1926 2172 2027 2211 cur
2051 2172 2162 2212 non

579 2246 740 2309 dixit.
791 2249 991 2311 sexies,
1024 2250 1121 2303 sed
1149 2249 1352 2321 septies
1376 2250 1400 2303 ’ί
1424 2249 1537 2303 Cur
1561 2263 1670 2304 non
1718 2249 2000 2318 respondit
2054 2247 2161 2302 Do-

581 2337 766 2394 minus
790 2379 806 2403 ,
839 2337 1059 2394 Centies
1102 2339 1338 2401 centies,
1395 2339 1493 2394 sed
1529 2340 1828 2410 septenarii
1878 2354 2164 2395 numerum

582 2429 1022 2499 multiplicavit?
1058 2446 1161 2485 nec
1197 2428 1393 2485 Petrus
1427 2431 1574 2485 aliud
1627 2430 2005 2498 interrogavit,
2067 2445 2169 2484 nec

584 2518 850 2574 Dominus
882 2520 1137 2577 discessit
1168 2536 1200 2575 a
1238 2523 1537 2591 septenarii
1585 2524 1790 2589 regula.
1829 2521 2169 2579 Observave-

582 2617 672 2664 rat
697 2608 895 2666 Petrus
925 2627 991 2666 ex
1013 2612 1237 2681 antiqua
1266 2612 1580 2668 traditionis
1613 2628 1825 2675 norma.
1856 2616 2168 2683 septenario

582 2716 816 2755 numero
836 2703 1105 2758 contineri
1131 2702 1429 2771 quamdam
1456 2704 1565 2758 vim
1596 2706 1941 2761 remissionis
1973 2721 2165 2775 pecea-

583 2800 787 2853 torum,
820 2793 1022 2862 quietis
1058 2794 1329 2864 perfectae,
1360 2795 1524 2863 cujus
1570 2795 1837 2851 indicium
1874 2797 2163 2852 sabbatum

581 2894 687 2945 est,
719 2886 838 2941 dies
871 2887 1141 2954 septimus
1194 2899 1223 2940 a
1279 2888 1468 2942 mundi
1501 2888 1905 2957 procreatione.
1966 2888 2164 2945 Petrus

583 2975 809 3045 septies.
850 2973 1110 3029 Dominus
1140 2978 1458 3046 septuagies
1474 2978 1702 3046 septies.

2261 602 2475 672 ἑϐδόμῳ
2524 600 2636 653 ἔτει
2687 601 2800 663 τοῖς
2852 599 3178 669 αὐτομάτοις
3223 598 3527 670 ἀρκεῖσθαι,
3556 604 3637 657 ὅτε
3678 604 3797 680 εἶχον

2261 691 2363 763 τὴν
2423 692 2528 761 γῆν
2583 690 2682 761 τῆς
2745 688 3097 757 ἐπαγγελίας.
3151 687 3249 754 Ἐξ
3308 689 3405 761 ἔτη
3458 692 3800 754 ἑδούλευσενὸ

2273 783 2543 853 Ἐϐραῖος,
2562 782 2657 834 καὶ
2683 779 2763 850 τῷ
2788 780 2999 850 ἑϐδόμῳ
3019 780 3207 850 ἀφίετο
3225 781 3323 850 τῆς
3349 780 3602 847 δουλείας.
3645 788 3798 842 Ἑϐδο-

2265 872 2521 945 μηκοστῷ
2536 872 2645 925 ἑτει
2666 872 2827 942 ἑλύθη
2854 870 2983 941 παρ’
3000 871 3183 934 αὐτοῖς
3203 872 3237 941 ἡ
3253 872 3607 941 αἱχμαλωσία.
3629 877 3800 931 Λοιπὸν

2260 964 2318 1018 δὲ
2345 964 2438 1018 καὶ
2463 964 2532 1017 τά
2557 963 2822 1035 ήμὲτερα.
2858 982 2876 1013 ι
2899 962 3190 1027 Ἐπτάκις,
3228 987 3247 1019 ι
3327 965 3461 1032 φησὶ
3481 1005 3498 1033 ,
3539 986 3558 1019 ι
3588 971 3802 1023 πεσεῖται

2260 1056 2289 1108 ό
2313 1056 2518 1118 δίκαιος
2549 1055 2641 1109 καὶ
2668 1053 3083 1125 ἀναστήσεται.»
3105 1052 3291 1117 Οὕτως
3308 1054 3642 1125 οἰκειούμεθα
3670 1060 3804 1128 ἡμεῖς

2253 1147 2365 1219 ’τὴν
2397 1146 2687 1217 ἑϐδομάδα.
2720 1145 2990 1217 Ἕϐδομος
3029 1145 3138 1200 ἀπὸ
3164 1145 3431 1215 γενέσεως
3459 1146 3555 1200 οὐκ
3585 1144 3685 1202 εῑδε
3721 1148 3803 1204 Θά-

2263 1257 2420 1293 νατον
2478 1237 2666 1308 Ἑνὼχ,
2720 1239 3020 1311 μυστήριον
3072 1237 3419 1307 Ἐκκλησίας.
3448 1238 3695 1309 Ἕϐδομος
3716 1242 3806 1294 ἀπὸ

2276 1330 2526 1401 Ἀϐραὰμ
2554 1330 2817 1398 Μωῦσῆς,
2846 1330 3008 1401 νόμον
3036 1329 3219 1385 ἔλαϐε⁸
3252 1329 3521 1401 μεταϐολὴ
3552 1330 3679 1400 βίου,
3703 1333 3807 1385 ἀνο-

2267 1420 2395 1491 μίας
2439 1420 2719 1483 ἀνάλυσις,
2750 1419 3094 1492 δικαιοσύνης
3141 1420 3365 1483 εἴσοδος,
3397 1420 3528 1473 Θεοῦ
3558 1422 3806 1493 ἑπιδημία,

2262 1511 2491 1579 εὐταξία
2542 1514 2623 1576 είς
2671 1513 2895 1583 κόσμον,
2954 1512 3311 1583 νομοθέτησις
3368 1511 3475 1564 τῶν
3529 1515 3806 1583 πρακτέων.

2276 1604 2682 1675 Ἑϐδομηκοστῇ
2722 1606 2815 1657 καὶ
2860 1604 3059 1675 ἑϐδόμῃ
3094 1605 3258 1675 γενεᾷ
3298 1603 3408 1656 ἀπὸ
3445 1603 3610 1673 ’ᾼδὰμ
3634 1606 3661 1656 6
3700 1604 3811 1675 Χρι-

2266 1696 2388 1760 στὸς
2425 1696 2621 1765 ἑφάνη.
2666 1692 2789 1749 υἷδε
2836 1696 2897 1749 τὸ
2932 1697 3230 1768 μυστήριον
3277 1695 3380 1766 τῆς
3412 1694 3688 1765 ἑϐδομάδος
3727 1696 3811 1748 Πέ·

2264 1806 2410 1860 τρος.
2449 1787 2721 1851 ιΠοσάκις
2748 1788 3058 1859 ἁμαρτήσει
3093 1789 3174 1851 είς
3194 1786 3293 1857 ἑμι
3320 1787 3354 1838 6
3383 1785 3603 1855 ἁδελφός
3628 1804 3715 1858 μου
3735 1787 3814 1839 καὶ

2264 1883 2462 1953 ἀφήσω
2476 1880 2623 1951 αὑτῷ
2646 1899 2662 1948 ;
2693 1881 2798 1944 ἑως
2812 1880 3077 1947 ἑπτάκις;
3114 1877 3171 1950 ›[
3211 1879 3269 1931 '0
3296 1876 3360 1930 δὲ
3394 1877 3594 1947 Κύριος
3613 1876 3725 1947 ἔφη,
3751 1878 3812 1929 οὐ

2267 1971 2410 2040 λέγω
2469 1989 2551 2024 σοι
2606 1972 2713 2035 ἑως
2760 1971 2989 2034 ἑπτάκις
3006 2009 3023 2035 ,
3066 1968 3182 2023 ἀλλ’
3230 1968 3334 2032 ἑως
3392 1966 3813 2038 ἑϐδομηκοντάκις

2268 2062 2456 2135 ἑπτά.]
2495 2048 2683 2131 Ὄλίγα
2724 2059 2831 2116 οἶδε
2871 2063 2931 2116 τὸ
2960 2064 3275 2133 μυστήριον.
3308 2058 3481 2113 υῠπω
3511 2057 3703 2129 ἔμαθε·
3731 2075 3816 2128 μα-

2268 2155 2438 2225 θητὴς
2464 2156 2572 2227 γάρ
2598 2156 2679 2208 ἔτι
2711 2156 2880 2209 ἐστίν.
2905 2156 3052 2218 Ἕως
3084 2154 3345 2216 ἑπτάκις;
3376 2152 3491 2203 Οὑκ
3521 2149 3716 2218 ἀπέστη
3734 2148 3816 2200 τοῦ

2269 2248 2410 2300 ἑπτά
2434 2250 2462 2301 ό
2498 2248 2795 2301 διδάσκων·
2831 2243 2985 2300 εἷπεν
3008 2244 3085 2309 ὡς
3116 2245 3233 2317 ᾔδει
3259 2244 3288 2295 6
3323 2243 3592 2314 μαθητής.
3637 2241 3812 2311 ’Υπερ-

2263 2339 2426 2392 έϐαλε
2452 2338 2532 2410 τῷ
2557 2338 2774 2410 πλούτῳ
2796 2337 3134 2407 ὁΔεσπότης.
3158 2336 3402 2398 Ποσάκις
3426 2335 3719 2407 ἁμαρτήσει
3739 2334 3816 2385 καὶ

2263 2434 2496 2503 ἀφήσω;
2525 2434 2624 2485 Διά
2654 2433 2707 2485 τί
2741 2432 2839 2485 οὐκ
2868 2428 3038 2504 εἶπεν,
3061 2432 3207 2494 Ἕως
3238 2428 3453 2495 ἑξάκις,
3480 2425 3819 2500 ήἝωςὲκτά-

2266 2541 2376 2587 κις,
2405 2524 2519 2577 ἀλλ’
2547 2524 2693 2587 "Em;
2733 2523 3000 2588 ἑπτάκις;
3044 2523 3142 2575 Διὰ
3170 2523 3221 2575 τί
3253 2526 3281 2575 6
3313 2522 3522 2595 Κύριος
3564 2522 3659 2575 οὐκ
3692 2516 3820 2574 εἶπεν

2269 2615 2417 2679 Ἕως
2468 2615 2821 2678 ἑκατοντάκις
2874 2614 3089 2678 ἑκατὸν,
3129 2614 3267 2667 άλλά
3312 2615 3409 2668 τὸν
3453 2613 3593 2668 ἑπτὰ
3618 2613 3823 2684 ἀριθμὸν

2267 2706 2773 2770 ἑπολυπλασίασενς
2827 2706 2965 2759 Οὔτε
3011 2709 3040 2760 6
3087 2708 3294 2780 Πέτρος
3336 2707 3501 2761 ἄλλον
3549 2706 3821 2777 ἠρώτησεν,

2268 2797 2393 2851 οὔτε
2421 2799 2451 2850 6
2490 2797 2693 2869 Κύριος
2729 2796 2890 2868 ἑξὲϐη
2932 2796 3028 2850 τοῦ
3064 2797 3288 2861 κανόνος
3333 2796 3428 2851 τοῦ
3477 2794 3822 2869 ἑϐδοματικοῦ.

2270 2860 2735 2961 Παρετήρησενῗό
2772 2860 2978 2960 Πέτρος
3026 2891 3108 2943 δτι
3146 2889 3325 2943 κανὼν
3371 2860 3710 2961 παραδόσεως
3745 2860 3826 2955 ἆρ-

2269 2982 2420 3052 χατός
2452 2984 2592 3043 ἑστι,
2642 2982 2741 3051 τὴν
2769 2980 3040 3051 ἑϐδομάδα
3071 2980 3307 3052 ἔμφασιν
3352 2981 3501 3053 ἔχειν
3561 2980 3699 3042 τινὸς
3740 2979 3828 3045 ἀφ·

583 3074 754 3135 ἑσεως
786 3073 1220 3143 ἁμαρτημάτων,
1247 3074 1609 3138 ἀναπαύσεως
1634 3074 1863 3139 τελείας,
1893 3067 1956 3128 οὗ
1980 3079 2206 3147 σημεῖον
2236 3077 2297 3132 τὸ
2319 3077 2589 3133 σάϐϐατόν
2614 3077 2827 3146 ἑστιν,ή
2885 3076 3087 3149 ἑϐδόμη
3135 3078 3315 3148 ήμὲρα
3342 3077 3457 3131 ἀπὸ
3482 3078 3752 3143 γενέσεως.
3780 3072 3829 3122 ὐ

584 3162 811 3237 Πέτρος,
835 3165 1084 3228 ἑπτάκις,
1112 3168 1139 3218 6
1161 3166 1365 3236 Κύριος
1391 3167 1495 3229 ἕως
1527 3165 1987 3237 ἑϐδομηκοντάκις
2010 3168 2173 3222 ἑπτά.

654 3257 922 3311 Caeterum
954 3257 1119 3310 etiam
1154 3269 1374 3324 peccata
1414 3256 1619 3326 septies
1653 3256 1975 3324 puniuntur.
2010 3255 2159 3310 Non—

584 3362 655 3401 ne
686 3345 768 3398 sic
815 3348 921 3398 ait:
950 3364 969 3396 ι
1024 3343 1126 3411 Qui
1154 3344 1419 3400 occiderit
1446 3345 1609 3408 Cain,
1633 3345 1942 3415 septuplum
1972 3347 2167 3415 punie-

585 3447 677 3491 tur
698 3436 791 3489 ⁸⁸2
819 3454 840 3488 ι
874 3435 1058 3505 Neque
1083 3436 1195 3490 illic
1217 3439 1501 3506 octuplum
1525 3436 1687 3497 dixit,
1712 3434 1809 3491 sed
1835 3438 2162 3505 septuplum.

587 3527 727 3593 Quid
760 3528 833 3579 ita
859 3526 884 3580 ἲ
912 3542 1210 3597 parumper
1240 3535 1522 3596 exspecta,
1563 3534 1616 3581 et
1656 3527 1974 3596 mysterium
2018 3526 2167 3581 inve-

585 3617 729 3671 uies.
762 3614 1007 3671 Primum
1052 3622 1339 3686 peccatum
1370 3615 1509 3669 Cain
1548 3615 1804 3684 septuplo
1833 3614 2166 3679 vindicatur,

588 3708 832 3762 secunda
880 3707 1059 3762 caedes
1109 3705 1344 3761 Lameeli
1408 3708 1833 3776 septuagecuplo
1892 3708 2166 3778 septuplo.

593 3816 613 3848 ι
648 3795 783 3850 Nam
869 3800 1152 3871 septuplo,
1217 3814 1235 3847 ι
1280 3796 1478 3865 inquit,
1536 3813 1557 3847 ι
1636 3796 1771 3850 ultio
1824 3797 2046 3853 dabitur
2101 3798 2170 3852 de

586 3888 749 3951 Cain,
779 3888 848 3944 de
880 3887 1116 3943 Lamer
1154 3902 1283 3943 vero
1310 3890 1622 3958 septuagies
1646 3888 1920 3959 septies”.
1946 3908 1965 3943 ι
1984 3890 2171 3960 Itaque

589 3982 638 4035 si
691 3981 920 4051 septima
984 3980 1131 4035 Petri
1196 3980 1449 4036 dimissio
1494 3982 1561 4035 ad
1594 3981 1732 4037 Cain
1775 3982 2034 4038 ultionem
2087 3998 2170 4038 re-

591 4074 782 4135 fertur,
856 4074 1528 4144 septuagesima-septima
1555 4075 1943 4129 condemnatio
1971 4076 2038 4129 ad
2071 4073 2174 4128 La-

592 4166 748 4219 mecb
781 4167 1044 4221 ultionem
1068 4165 1351 4225 referetur,
1379 4172 1437 4218 ut
1471 4175 1740 4235 quantum
1771 4167 2030 4221 delictum
2064 4175 2171 4232 est,

591 4264 746 4312 tanta
779 4257 853 4312 sit
904 4258 1069 4312 etiam
1128 4258 1326 4327 gratia.
1365 4265 1424 4313 et
1477 4258 1568 4311 ubi
1604 4274 1831 4328 parvum
1887 4259 2173 4323 delictum,

593 4364 761 4419 parva
792 4349 987 4402 venia:
1047 4366 1065 4399 ι
1119 4350 1211 4405 eui
1240 4348 1388 4402 enim
1440 4362 1633 4417 parum
1694 4349 1925 4413 dimisit,
1981 4365 2172 4421 parum

588 4438 760 4494 etiam
800 4446 946 4493 amat
976 4441 1016 4493 ί.
1059 4438 1157 4494 Ubi
1193 4438 1495 4493 abundavit
1517 4439 1797 4503 delictum,
1836 4442 2179 4509 superabun-

590 4528 743 4583 davit
773 4536 827 4583 et
861 4529 1033 4597 gratia
1058 4529 1100 4581 ’.
1150 4549 1170 4579 ι
1224 4526 1451 4597 Ecquod
1508 4543 1642 4597 ergo
1694 4530 2011 4599 mysterium
2036 4531 2169 4593 est?

593 4619 825 4687 septima
859 4617 981 4673 dies
1014 4617 1218 4672 dicitur
1254 4626 1470 4688 tempus
1496 4618 1711 4686 iudicii,
1740 4619 1796 4674 in
1827 4636 1937 4690 quo
1961 4631 2016 4676 et
2052 4638 2169 4692 pec-
2212 4602 2254 4656 θ

592 4718 749 4764 cator
780 4711 983 4779 septies
1028 4711 1275 4779 punitur,
1325 4717 1381 4764 et
1419 4709 1622 4765 eximie
1660 4722 1919 4781 peccator
1952 4723 2174 4784 septua-

595 4803 712 4870 gies
741 4802 990 4871 septies;
1039 4803 1227 4869 justus
1258 4803 1495 4872 septies,
1538 4812 1593 4858 et
1635 4803 1835 4859 eximie
1868 4804 2055 4873 justus
2088 4822 2176 4860 se-

596 4894 846 4963 ptuagies
910 4895 1117 4964 septies
1148 4905 1550 4950 remuneratur.
1581 4894 1677 4951 Dei
1734 4896 2046 4967 benignitas
2079 4914 2173 4968 per

596 4982 886 5054 aenigmata
922 5000 1070 5040 uunc
1093 4989 1317 5055 quidem
1346 4986 1526 5041 futura
1562 4986 1721 5042 nobis
1752 4988 1988 5043 ostendit
2007 5005 2023 5043 :
2045 4999 2175 5044 tunc

598 5086 780 5130 autem
816 5078 938 5146 ipso
990 5087 1264 5147 prazsente
1324 5081 1614 5150 perspicua
1644 5090 1698 5134 et
1750 5079 2039 5135 manifesta
2072 5082 2177 5135 erit

597 5167 823 5223 veritas.
850 5167 1006 5225 Tunc
1025 5172 1173 5225 enim
1207 5173 1434 5241 patebit,
1454 5173 1655 5242 quibus
1676 5173 1912 5244 quisque
1938 5174 2175 5242 praemiis

598 5263 672 5317 sit
700 5262 922 5333 dignus.
957 5263 1275 5334 Septuplam
1310 5265 1476 5335 igitur
1503 5265 1764 5320 ultionem
1794 5265 1954 5320 nobis
1985 5279 2173 5333 pecca-

598 5354 814 5411 toribus
843 5354 1079 5410 debitam
1107 5353 1376 5410 Dominus
1416 5354 1769 5415 condonabit,
1801 5355 1847 5409 si
1904 5370 2001 5423 per
2041 5368 2177 5407 eon-

601 5447 899 5503 fessionem
937 5458 993 5502 et
1026 5448 1404 5517 pamitentiam
1446 5448 1534 5502 bic
1580 5462 1706 5502 eum
1757 5445 2175 5516 plaeaverimus.

600 5537 989 5605 Quamobrem,
1023 5554 1149 5594 cum
1194 5537 1601 5594 formidandum
1660 5538 1813 5593 illum
1870 5538 2015 5592 diem
2069 5554 2178 5592 non

603 5630 939 5698 ignoremus,
975 5632 1347 5701 ultionemque
1395 5630 1781 5702 peccatoribus
1840 5638 2176 5687 reservatam

675 5746 721 5821 θ’
755 5746 916 5801 Prov.
940 5765 1070 5821 μιν,
1111 5751 1193 5807 l6.
1271 5752 1317 5784 "
1354 5748 1517 5807 Hebr.
1542 5766 1618 5818 xu,
1652 5749 1673 5804 l
1713 5764 1833 5821 sqq.

609 5814 633 5847 ⁸
664 5819 819 5874 ltom.
852 5835 902 5886 v,
928 5819 1020 5874 20.

2326 3277 2391 3331 Δί
2428 3274 2687 3344 ἁμαρτίαι
2713 3262 3052 3324 ἐκδικοῦνται
3069 3265 3315 3327 ἑπτάκις.
3334 3265 3454 3335 Οὐχ
3483 3264 3671 3329 οὕτως,
3693 3283 3708 3314 ι
3729 3265 3827 3326 Πᾶς

2257 3374 2290 3426 6
2317 3368 2642 3431 ἀποκτείνας
2679 3365 2841 3426 Κάῖν,
2883 3364 3024 3417 ἑπτὰ
3058 3359 3419 3431 ἑκδικούμενα
3449 3357 3773 3431 παραλύσει;
3808 3376 3825 3408 ι

2262 3463 2399 3519 Οὐδὲ
2444 3462 2562 3514 ἑκεί
2594 3456 2758 3521 ὀκτὼ,
2791 3456 2929 3511 ἀλλά
2967 3454 3126 3508 ἑπτά.
3162 3452 3376 3523 Μικρὸν
3416 3453 3719 3522 ἀνάμεινον,
3750 3452 3830 3503 καί

2263 3553 2518 3625 εὑρήσεις
2536 3548 2596 3602 τὸ
2619 3549 2934 3619 μυστήριον.
2955 3544 3153 3617 Πρώτη
3176 3543 3425 3614 ἁμαρτία
3455 3544 3681 3606 ἑπτάκις
3704 3541 3832 3594 ὲκδι-

2270 3646 2485 3697 κεῖται·
2519 3641 2768 3711 δεύτερος
2817 3639 2973 3708 φόνος
3010 3638 3102 3691 τοῦ
3136 3639 3329 3708 Λάμεχ
3383 3633 3826 3708 ἑϐδομηκοντάκις

2271 3727 2433 3780 ἑπτά.
2469 3724 2630 3793 Λέγει
2650 3723 2790 3793 γὰρ,
2818 3723 2900 3776 ὅτι
2938 3740 2957 3773 ι
3006 3722 3101 3774 Ἐκ
3124 3721 3265 3774 Κάῖν
3297 3719 3641 3790 ἑκδεδίκηται
3681 3716 3828 3769 ἑτι-τάο

2271 3827 2379 3873 κις,
2432 3812 2496 3863 ἑκ
2543 3808 2601 3862 δὲ
2649 3807 2839 3877 Λάμεχ
2890 3804 3349 3876 ἑϐδομηκοντάκις
3410 3803 3575 3859 ἑπτά.
3622 3820 3641 3853 ι
3685 3802 3743 3853 Ἦ
3780 3799 3829 3849 δὲ

2271 3898 2391 3950 ἑκεί
2416 3894 2610 3962 ἄφεσις
2640 3890 2790 3962 παρά
2826 3891 3018 3960 Πέτρῳ
3063 3889 3287 3958 ἑϐδόμη,
3330 3887 3616 3955 άνάγουσα
3644 3886 3708 3954 τῇ
3750 3883 3830 3933 ὲκ-

2277 3980 2490 4043 δικήσει
2517 3975 2611 4029 τοῦ
2653 3976 2817 4041 Κάῖν,
2868 3973 3214 4045 συγχώρησις
3255 3972 3413 4043 παρὰ
3449 3969 3657 4040 Κυρίου
3695 3964 3833 4017 ἑϐδο-

2280 4064 2613 4139 μηκοντάκις
2649 4060 2811 4122 ἑπτὰ,
2835 4060 2912 4123 ὡς
2941 4060 3264 4129 κατάκρισις
3294 4056 3372 4128 τῷ
3395 4058 3591 4129 Λάμεχ
3626 4052 3835 4139 issam.

2275 4137 2531 4215 κοντὰκις
2555 4150 2714 4203 ἑπτά.
2735 4149 2899 4202 Ὅσον
2921 4147 2982 4201 τὸ
2999 4147 3373 4218 παράπτωμα,
3394 4142 3650 4198 τοσοῦτον
3677 4139 3764 4195 καὶ
3786 4137 3840 4189 τὸ

2275 4243 2520 4314 χάρισμα
2540 4256 2556 4270 ·
2580 4241 2712 4293 ὅπου
2740 4236 2898 4306 ὀλίγη
2925 4238 2959 4307 ὴ
2991 4233 3257 4306 ἁμαρτία,
3273 4232 3433 4301 ὀλίγη
3462 4233 3562 4286 καὶ
3586 4232 3620 4300 ἡ
3638 4230 3836 4314 ἄφεσις.

2282 4312 2381 4400 ινφ
2394 4329 2504 4399 γάρ
2520 4327 2729 4396 ἀφῆκεν
2745 4325 2945 4393 ὀλίγον,
2962 4323 3140 4391 ὀλίγον
3160 4321 3255 4375 καὶ
3271 4320 3465 4391 ἀγαπᾷ
3486 4320 3652 4372 ’ὅπου
3670 4312 3840 4403 ἐπλεό-

2277 4433 2440 4471 νασεν
2469 4418 2503 4487 ή
2530 4414 2793 4485 ἁμαρτία,
2821 4408 3348 4481 ὑπερεπερίσσευσεν
3368 4410 3402 4477 ή
3436 4406 3652 4478 χάρις.»
3679 4401 3740 4455 Τί
3759 4401 3842 4451 οὶν

2277 4506 2394 4557 ἑστι
2423 4503 2486 4556 τὸ
2520 4504 2851 4574 μυστήριον;
2893 4498 3081 4570 Ὀγδόη
3130 4497 3346 4565 λέγεται
3383 4495 3572 4567 ήμὲρα
3601 4494 3630 4545 ὁ
3664 4488 3790 4545 αίὼν
3817 4489 3842 4537 6

2277 4591 2378 4661 τῆς
2427 4573 2681 4662 κρίσεως.
2722 4590 2780 4641 ἑν
2828 4581 2872 4655 ᾧ
2920 4589 2948 4640 6
2995 4583 3317 4656 ἁμαρτωλὸς
3362 4582 3622 4644 ἑπτάκις,
3665 4580 3693 4632 6
3733 4573 3843 4629 καθ’

2280 4679 2585 4751 ὑπερϐολὴν
2629 4676 3088 4748 ἑϐδομηκοντάκις
3117 4672 3279 4735 ἑπτὰ,
3314 4670 3751 4741 ἑκδικηθήσεται.

2281 4749 2486 4830 δίκαιος
2516 4749 2743 4828 ἑπτάκις
2776 4764 3138 4834 τιμηθήσεται
3162 4778 3174 4789 ·
3225 4761 3254 4812 6
3294 4758 3417 4812 καθ’
3450 4752 3758 4825 ὑπερϐολὴν
3782 4749 3848 4801 δί-

2282 4872 2456 4918 καιος,
2490 4851 2948 4923 ἑϐδομηκοντάκις
2979 4850 3136 4904 ἑπτά.
3176 4848 3239 4900 Ἦ
3262 4844 3357 4899 τοῦ
3379 4844 3520 4898 Θεοῦ
3552 4839 3846 4911 φιλανθρω-

2279 4940 2379 4991 πία
2403 4938 2499 4992 νῦν
2532 4937 2629 5008 μὲν
2661 4936 2728 4988 δι’
2774 4934 3110 5005 αἰνιγμάτων
3140 4933 3274 5003 ἡμῖν
3313 4929 3381 4983 τὰ
3414 4928 3687 4999 μέλλοντα
3724 4924 3848 4975 ὑπο-

2280 5022 2493 5092 φαίνει·
2523 5020 2642 5073 τότε
2668 5018 2725 5071 δὲ
2770 5017 2863 5071 ἑπὶ
2891 5016 2990 5086 τῆς
3019 5014 3321 5087 παρουσίας
3350 5011 3598 5082 ἐναργὴς
3642 5010 3751 5092 καἱῂ
3774 5020 3850 5055 τε·

2276 5088 2597 5178 τρανωμένη
2652 5101 2799 5155 ἐστὶν
2841 5101 2874 5171 ἡ
2909 5098 3158 5168 ἀλήθεια.
3199 5094 3376 5160 Δείξει
3412 5096 3528 5165 γὰρ
3580 5092 3667 5156 τίς
3702 5088 3851 5178 τίνων

2282 5175 2433 5243 ἐστὶν
2461 5188 2629 5255 ἄξιος.
2670 5183 3071 5239 Ἐπταπλάσιον
3099 5181 3277 5235 τοίνυν
3306 5182 3443 5250 ήμῖν
3468 5178 3574 5249 τὴν
3594 5175 3854 5255 ἀντίδοσιν

2281 5254 2731 5346 χρεωστουμὲνην
2757 5271 2870 5331 τοῖς
2906 5266 3247 5337 ἁμαρτωλοῖς
3279 5263 3639 5334 συγχωρήσει
3676 5261 3706 5312 6
3744 5254 3851 5346 Ko-

2289 5344 2423 5431 ptoc,
2457 5357 2688 5412 ἐνταῦθα
2718 5354 2809 5409 διὰ
2835 5356 2935 5425 τῆς
2963 5350 3399 5423 ἑξομολογήσεως
3426 5348 3529 5403 καὶ
3570 5344 3854 5431 μεταυοίας

2282 5425 2584 5509 ἑξιλεωθεὶς
2614 5439 2742 5512 παρ’
2794 5438 2986 5509 ήμῶν·
3029 5436 3171 5489 ὥστε
3218 5433 3418 5496 ειδότες
3466 5430 3574 5503 τὴν
3625 5425 3853 5512 φοϐεράν

2280 5528 2494 5596 ἐκείνην
2539 5510 2752 5596 ἡμέραν
2816 5520 2914 5593 τήν
2960 5518 3360 5590 ταμιευομένην
3403 5514 3688 5569 ἀντίδοσιν
3741 5510 3855 5596 ,τοῖς

2279 5594 2779 5681 ἡμαρτηκόσιξτὴν
2810 5606 2945 5677 πρὸς
2968 5603 3123 5671 ἀξίαν
3148 5603 3259 5655 τῶν
3294 5594 3855 5669 πεπλημμελημὲνων

1901 5749 1945 5781 ’⁷
1972 5746 2163 5804 Matth.

2272 5761 2370 5812 tut,
2400 5744 2492 5800 22.
2551 5744 2597 5776 ’⁸
2618 5743 2751 5799 Gen.
2779 5758 2829 5796 tv
2862 5779 2878 5805 ,
2911 5740 2997 5797 i5.
3031 5741 3074 5774 ”
3108 5741 3239 5799 ibid.
3269 5739 3359 5795 26.
3417 5741 3433 5769 '
3475 5737 3617 5793 Luc.
3652 5754 3745 5803 ru,
3782 5736 3863 5789 67.
