3996 6504
129 509 227 564 ἓ89

837 505 902 561 IN
939 503 1182 566 VERBA,
1211 501 1586 559 FACIAMUS
1628 499 2020 566 ιΙΟΜΙΝΕΜ,
2057 499 2234 564 ETC.,
2270 496 2476 553 ORAT.
2507 496 2575 551 ll.

3257 492 3364 546 290

130 621 530 693 ὰντιμέτρησιν,
573 619 934 690 προλαϐόντες
958 619 1046 672 διά
1083 620 1181 688 τῆς
1217 618 1524 688 μετανοίας,
1565 619 1697 670 ἀναν

1811 615 2100 670 scelcribus
2131 628 2318 666 eorum
2346 616 2755 680 congruentem,
2789 613 3214 667 antevertamus,
3241 621 3368 675 pec-

129 714 373 783 λύσωμεν
407 712 478 765 τά
513 714 906 784 ἁμαρτήματα,
943 712 1028 765 ἵνα
1059 713 1174 763 ἐκεῖ
1209 710 1298 763 τὸν
1332 710 1698 763 πολυπλασια·

131 805 260 872 σμὸν
287 805 386 873 τῆς
417 802 736 864 ἀντιδόσεως
764 801 854 854 τὸν
899 801 1156 854 ἐπίπονον
1185 799 1532 868 ἐκφύγωμεν.
1572 797 1695 850 Ἐϐ-

127 896 291 965 δόμην
322 895 498 947 τοίνυν
540 894 710 964 αὐτὴν
740 893 952 963 ἡμέραν
987 891 1201 961 ἐκείνης
1238 891 1340 960 τῆς
1375 890 1567 959 ὀγδόης
1599 890 1699 959 τῆς

129 984 436 1048 συντελείας
479 985 574 1036 τοῦ
608 983 804 1046 αἰῶνος
840 983 1102 1053 εἴπωμεν.
1125 1001 1144 1034 ι
1175 983 1279 1034 Καὶ
1299 983 1646 1036 κατέπαυσεν
1670 984 1699 1035 6

123 1078 253 1139 Θεὸς
286 1075 393 1130 ἀπὸ
425 1069 531 1125 τῶν
551 1070 740 1140 ἔργων.
768 1086 788 1120 ι
831 1073 1028 1126 Οὐκέτι
1071 1073 1209 1144 εργα
1252 1072 1343 1125 τοῦ
1394 1074 1598 1142 κόσμου
1640 1074 1698 1124 ἐν
1742 1094 1750 1104 ·

122 1168 311 1240 ἐκείνῃ
343 1169 410 1237 τῇ
450 1166 656 1238 ἡμέρᾳ..
689 1163 870 1216 οὐκέτι
896 1163 1086 1234 γάμοι,
1117 1163 1299 1216 ούκέτι
1331 1163 1701 1232 συναλλαγμά-

120 1275 230 1310 των
273 1259 584 1327 ἐμπορεῖαι,
637 1255 899 1325 γεωργίαι
940 1253 1144 1317 ούκέτι,
1194 1253 1331 1306 ἀλλὰ
1369 1255 1518 1306 πᾶσα
1554 1255 1587 1323 ὴ
1627 1252 1698 1322 γῆ

123 1346 460 1415 ἐπτοημένη,
499 1347 644 1398 πᾶσα
671 1346 703 1413 ἡ
737 1344 912 1407 κτίσις
945 1343 1255 1412 ἐναγώνιος,
1291 1342 1450 1414 ἱδρὼς
1485 1344 1701 1414 ἀπαρα-

126 1437 389 1506 μύθητος,
421 1437 512 1489 καὶ
541 1437 591 1488 ot
620 1435 819 1488 δίκαιοι
847 1434 1150 1501 ἐναγώνιοι.
1175 1434 1259 1497 τίς
1285 1451 1414 1487 ποτε
1443 1434 1550 1506 ἄρα
1575 1435 1702 1506 περὶ

123 1528 306 1581 αὐτῶν
335 1530 368 1597 ή
399 1527 577 1596 ψῆφος
627 1527 1056 1597 ἐξενεχθήσεται.
1097 1529 1206 1580 Καὶ
1260 1527 1510 1598 ’Δϐραάμ
1557 1528 1703 1594 ἀγωο

124 1620 306 1672 νιάσει
361 1620 513 1682 τότε,
564 1617 663 1687 οὐχ
725 1619 814 1671 ἵνα
886 1619 1253 1689 καταδικασθῇ
1316 1621 1395 1682 είς
1446 1619 1700 1686 γέενναν,

120 1710 235 1761 ἀλλ’
265 1712 325 1762 ἐν
358 1710 486 1781 ποία
516 1709 666 1775 τάξει
703 1709 810 1760 τῶν
841 1708 1061 1762 δικαίων
1090 1711 1418 1779 ταχθήσεται
1438 1727 1452 1740 ·
1489 1709 1702 1780 πρώτῃ,

116 1801 150 1867 ἢ
181 1800 436 1870 δευτέρᾳ,
469 1798 503 1869 ἢ
533 1797 711 1870 τρίτῃ.
755 1797 958 1868 Κύριος
998 1797 1056 1862 ἐξ
1099 1796 1364 1867 οὐρανῶν,
1401 1797 1496 1850 καὶ
1537 1798 1584 1849 οί
1616 1796 1706 1849 οὐ·

121 1892 276 1960 ρανοὶ
330 1892 650 1961 ῥήγνυνται,
706 1886 932 1957 δύναμις
968 1887 1428 1949 ἀποκαλύπτεται,
1480 1889 1628 1940 πᾶσα
1668 1889 1702 1959 ἡ

121 1981 300 2042 κτίσις
333 1960 622 2049 ἔντρομος.
669 1978 763 2040 Τίς
818 1977 1050 2045 άφοϐος;
1101 1978 1219 2030 οὐδὲ
1270 1978 1508 2046 ἄγγελοι.
1558 1981 1705 2049 Παρ-
1735 1960 1777 2015 Β

123 2075 372 2125 ίστανται
426 2071 518 2124 καὶ
553 2071 706 2122 αὐτοὶ
737 2069 797 2122 οὐ
838 2068 996 2136 λόγον
1037 2068 1113 2138 τῷ
1159 2068 1278 2138 Θεῷ
1326 2069 1538 2123 δοῦναι’
1593 2069 1706 2122 ἀλλ’

122 2163 274 2230 ὅμως
313 2161 347 2228 ἡ
391 2158 597 2222 ἔνδοξος
641 2158 928 2224 ἐπιφάνεια
992 2158 1156 2209 πᾶσιν
1201 2156 1458 2225 ἐμϐάλλει
1485 2156 1704 2228 τρόμον.

123 2253 240 2304 υὺκ
289 2250 504 2312 ἀκούεις
555 2248 647 2301 τοῦ
700 2249 922 2301 Ἠσαίου
990 2248 1266 2316 λέγοντος·
1325 2248 1449 2302 Ἐὰν
1491 2248 1709 2322 ἀνοίξῃς

120 2342 214 2391 τὸν
250 2339 500 2411 οὐρανὸν,
550 2339 749 2408 τρόμος
786 2337 1011 2407 λήψεται
1055 2338 1162 2391 ἀπὸ
1212 2338 1305 2391 σοῦ
1349 2339 1486 2410 δρης
1533 2339 1622 2392 Ἐν

124 2431 374 2483 θάλασσα
416 2429 682 2498 πέπηγεν,
715 2430 772 2480 ἐν
884 2431 916 2498 ἢ
947 2429 1119 2492 κτίσις
1151 2429 1419 2498 σχολάσει,
1465 2430 1500 2501 ή
1548 2428 1709 2498 φύσις

123 2522 477 2591 νενέκρωται,
514 2519 634 2572 τότε
675 2519 1006 2589 άρπάζονται
1039 2520 1087 2570 oi
1118 2519 1337 2584 δίκαιοι,
1377 2521 1497 2574 τότε
1525 2520 1711 2591 ὄχημα

125 2612 232 2662 τῶν
261 2611 486 2663 δικαίων
518 2611 753 2679 νεφέλαι,
781 2611 899 2663 τότε
922 2611 1128 2680 πομποὶ
1162 2611 1270 2665 τῶν
1293 2612 1512 2665 δικαίων
1540 2612 1708 2680 ἄγγεα

125 2705 226 2765 λοι,
253 2703 377 2754 τότε
405 2701 598 2754 δίκαιοι
633 2700 730 2771 μέν
753 2700 828 2761 ὡς
854 2702 1076 2772 ἀστέρες
1110 2701 1219 2754 ἀπὸ
1248 2703 1349 2773 γῆς
1378 2704 1457 2765 είς
1483 2703 1710 2773 οὐρανὸν

125 2792 630 2864 ἀναλαμϐανόμενοι
649 2808 662 2820 ⁸
704 2793 752 2844 οἱ
792 2792 848 2844 δὲ
877 2793 1190 2864 ἁμαρτωλοὶ
1226 2793 1456 2864 δέσμιοι,
1488 2793 1565 2863 τῷ
1594 2793 1708 2864 ίδίῳ

129 2887 287 2955 βάρει
318 2884 426 2936 τῶν
457 2883 866 2953 ἁμαρτημάτων
896 2884 1276 2954 πεπεδημένοι,
1308 2885 1458 2939 κάτω
1483 2884 1707 2938 πεσοῦν-

128 2992 217 3026 ται
247 2971 668 3041 δυσσυνείδητοι.

1797 712 2037 774 cataqne
2083 712 2270 758 nostra
2309 701 2685 772 resipiscendo
2739 701 3034 761 diluamus,
3067 707 3126 750 ut
3175 712 3368 766 poenas

1801 796 1925 850 illas
1947 794 2304 864 gravissimas
2329 796 2616 847 evitemus.
2644 792 2920 861 Septimus
2949 791 3038 843 hic
3067 790 3232 859 igitur
3252 790 3370 844 dies

1797 888 2015 957 septimi
2045 887 2194 941 illius
2221 887 2350 949 diei,
2379 901 2490 954 quo
2511 898 2684 938 a:vum
2720 898 2881 935 omne
2915 881 3215 950 perfectum
3242 882 3367 944 erit,

1797 989 1882 1032 est
1917 979 2178 1032 indicium
2209 987 2264 1031 et
2296 985 2446 1030 nota.
2500 991 2519 1023 ι
2551 974 2616 1027 Ει
2639 974 2896 1044 requievit
2919 972 3142 1026 Deusab
3190 973 3372 1042 operi-

1800 1071 1962 1126 bus.»
1991 1071 2139 1127 Nulla
2156 1073 2386 1142 amplius
2414 1066 2598 1121 mundi
2629 1081 2792 1134 opera
2856 1073 3013 1118 ertmt
3044 1065 3099 1118 in
3127 1065 3220 1118 illo
3249 1065 3370 1126 die,

1799 1163 1963 1216 nullze
1991 1160 2225 1229 amplius
2257 1160 2479 1228 nuptiaa.
2515 1174 2620 1211 non
2648 1164 2988 1217 contractus,
3024 1171 3131 1209 non
3159 1171 3373 1210 merca-

1800 1262 1957 1316 turaa,
1988 1268 2097 1307 non
2128 1251 2241 1321 agri
2281 1253 2485 1309 cultus.
2521 1249 2614 1303 sed
2677 1248 2858 1302 omnis
2893 1256 3041 1301 terra
3095 1246 3150 1300 in
3184 1245 3373 1300 formis

1801 1348 1927 1401 dine
1955 1353 2010 1400 et
2037 1353 2204 1407 metu,
2250 1360 2440 1398 muues
2487 1359 2574 1397 res
2603 1348 2904 1410 procreatae
2956 1340 3012 1392 in
3062 1338 3272 1407 judicio
3321 1345 3375 1390 et

1801 1436 2106 1490 certamine
2137 1437 2519 1488 versabuntur.
2547 1431 2746 1494 Sudor,
2787 1440 2842 1485 et
2879 1430 3032 1484 labor
3080 1428 3375 1483 incredibi-

1802 1529 1890 1583 lis.
1924 1525 2028 1597 Ipsi
2061 1528 2227 1581 etiam
2261 1527 2392 1594 justi
2433 1541 2558 1578 cum
2583 1524 2779 1577 timore
2817 1521 3143 1577 sententiam
3177 1535 3374 1588 exspe-

1802 1620 2048 1673 ctabunt.
2081 1617 2191 1672 Nec
2223 1619 2335 1688 ipse
2358 1617 2630 1670 Abraham
2654 1631 2684 1669 a
2710 1615 3010 1670 certamine
3032 1613 3231 1674 aberit,
3265 1627 3376 1665 non

1804 1712 1954 1764 utin
1983 1710 2285 1779 gehennam
2333 1709 2646 1776 abjiciatur,
2698 1707 2794 1761 sed
2854 1707 2908 1760 in
2939 1719 3048 1774 quo
3103 1704 3376 1774 iustorum

1803 1797 1995 1852 ordine
2027 1797 2346 1859 collocetur,
2381 1798 2648 1867 primone,
2685 1811 2752 1850 an
2785 1796 3048 1859 secundo,
3082 1811 3148 1848 an
3195 1793 3375 1848 tertio.

1807 1886 2068 1943 Dominus
2105 1904 2135 1942 e
2167 1889 2345 1951 caelis,
2399 1889 2820 1957 disrumpuntur
2867 1888 3015 1942 cteli.
3071 1885 3378 1940 Potestates

1805 1992 2088 2051 apparent.
2142 1982 2424 2038 Universae
2481 1999 2567 2037 res
2623 1989 2920 2051 procreatae
2971 1977 3374 2048 perterrefacta:

1803 2074 2258 2129 contremiscunt.
2291 2074 2428 2140 Quis
2458 2089 2565 2127 non
2597 2072 2829 2127 timeat?
2872 2073 2996 2139 quis
3035 2084 3144 2123 non
3190 2067 3378 2121 formi-

1806 2162 1917 2225 det,
1951 2177 2073 2217 cum
2101 2179 2170 2217 ne
2197 2165 2370 2234 angeli
2397 2164 2616 2233 quidem
2649 2178 2678 2214 a
2735 2169 2879 2215 metu
2929 2160 3040 2215 sint
3064 2159 3244 2220 vacui,
3282 2157 3378 2211 sed

1806 2255 1910 2324 ipsi
1940 2269 2157 2325 quoque
2183 2262 2350 2313 stent.
2383 2253 2633 2324 quamvis
2668 2252 2934 2306 rationem
2970 2249 3080 2303 Deo
3115 2263 3220 2302 nou
3254 2247 3382 2301 red-

1807 2341 1977 2395 dituri
2007 2343 2030 2396 ?
2057 2343 2293 2411 gloriosa
2349 2351 2530 2396 tamen
2573 2341 2776 2410 judicis
2826 2339 3110 2409 pmsentia
3176 2346 3379 2391 metum

1809 2433 2064 2488 omnibus
2095 2432 2289 2501 injicit.
2325 2431 2518 2487 Nonne
2572 2433 2732 2487 audis
2783 2432 2978 2486 Isaiam
3019 2429 3286 2483 dicentem
3308 2427 3329 2458 ³
3361 2441 3376 2477 :

1810 2523 1866 2577 Si
1891 2525 2198 2594 tlisruperis
2230 2514 2480 2584 cmlosfa
2512 2525 2652 2580 facie
2679 2533 2771 2578 tua
2797 2540 2908 2595 pra:
2935 2527 3134 2577 timore
3163 2527 3382 2574 montes

1809 2616 2045 2671 deflueut
2067 2619 2088 2670 ἳ
2123 2616 2270 2672 Mare
2291 2619 2620 2689 conglaciat,
2641 2633 2729 2673 res
2751 2631 2942 2671 omnes
2963 2617 3380 2684 obstupescunt,

1809 2718 2004 2761 natura
2041 2716 2124 2763 est
2159 2717 2392 2774 mortua,
2426 2709 2491 2761 ad
2577 2709 2732 2762 illum
2788 2723 2820 2761 e
2872 2707 3032 2761 coslis
3088 2704 3381 2758 adventum

1812 2797 1993 2852 omnis
2033 2798 2249 2852 dicendi
2307 2799 2449 2853 ratio
2498 2806 2677 2869 torpet
2708 2807 2764 2853 et
2827 2797 3173 2851 conticescit.
3228 2795 3384 2848 Tunc

1807 2887 1942 2956 justi
1985 2890 2203 2958 quidem
2240 2901 2298 2945 ut
2322 2892 2494 2946 stellae
2524 2892 2578 2945 in
2608 2892 2810 2946 malum
2867 2889 3129 2944 tollentur
3153 2903 3181 2941 a
3213 2897 3380 2942 terra.

1811 2977 2135 3036 Peccatores
2167 2992 2347 3037 autem
2383 2983 2606 3053 proprio
2636 2989 2987 3052 peccatorum
3019 2979 3260 3050 pondere
3294 2979 3385 3033 de-

125 3064 308 3136 pressi
341 3062 834 3132 circumvolutique
862 3062 1119 3117 deorsum
1146 3062 1415 3130 ferentur,
1448 3066 1754 3135 turpissimi
1791 3086 1854 3124 ac
1882 3073 2309 3143 despectissimi.

212 3180 429 3250 Ἐκείνη
471 3182 504 3250 ή
547 3179 745 3249 ἑϐδόμη
789 3178 968 3232 τοίνυν
1010 3180 1116 3233 ὑπὸ
1157 3181 1362 3250 ταύτης
1416 3182 1516 3252 τῆς
1563 3183 1712 3236 ἐϐδό-

127 3286 243 3339 μης
295 3267 794 3338 διασχηματίζεται.
851 3286 869 3317 ι
933 3265 1038 3320 Καὶ
1089 3268 1432 3323 κατέπαυσεν
1491 3271 1522 3324 6
1583 3269 1715 3334 Θεὸς

130 3357 242 3408 ἀπὸ
301 3354 520 3408 πάντων
562 3354 670 3406 τῶν
724 3353 919 3424 ἔργων.
977 3371 998 3404 ο
1062 3354 1258 3408 Οὐκέτι
1313 3355 1382 3409 τά
1443 3354 1537 3408 τοῦ
1600 3355 1714 3426 βίου

128 3444 324 3496 τούτου
357 3444 415 3494 ἐν
440 3441 625 3514 ἐκείνῃ
645 3443 711 3512 τῇ
746 3441 946 3512 ἡμέρᾳ.
988 3443 1388 3514 Ἐκοιμήθησαν
1432 3443 1716 3515 ἐπιθυμίαι

129 3529 487 3602 νεωτερικαίο
527 3528 707 3581 οὐκέτι
744 3531 874 3598 περὶ
911 3529 1089 3598 γάμου
1120 3529 1374 3601 πρόθεσις
1397 3546 1411 3560 ⁸
1455 3530 1718 3601 ἐπιθυμία

132 3619 481 3680 παιδοποιίας
519 3615 733 3670 οὐκέτι·
789 3618 915 3689 περὶ
956 3617 1154 3688 χρυσοῦ
1206 3618 1424 3690 φροντὶς
1467 3620 1712 3690 οὐδεμία.

143 3705 445 3759 Ἐπελάθου
497 3707 526 3756 6
573 3703 904 3774 φιλάργυρος
955 3702 1048 3756 τοῦ
1110 3704 1417 3774 βαλαντίου,
1456 3705 1716 3761 ἐπελάθου

132 3795 228 3860 τῆς
257 3794 365 3862 γῆς
396 3795 424 3845 6
452 3791 833 3862 πολυκτήμων,
862 3790 1124 3844 ἐπελάθου
1160 3791 1317 3862 δόξης
1344 3793 1374 3845 6
1399 3792 1715 3864 δοξομανής.

135 3882 318 3934 Πάντα
349 3881 530 3932 ἐκεῖνα
558 3876 756 3948 ἐξέπτη
791 3877 891 3948 τῆς
917 3877 1172 3940 διανοίας.
1219 3879 1284 3931 Ἥ
1316 3879 1373 3932 δέ
1413 3879 1556 3950 ψυχὴ
1583 3881 1718 3952 πρὸς

130 3965 211 4035 τῷ
243 3965 507 4034 φοϐούντί
556 3967 702 4017 ἐστι·
738 3964 876 4035 πρὸς
904 3966 970 4034 τῇ
1007 3963 1303 4035 προσδοκίᾳ
1332 3963 1440 4018 τῶν
1467 3965 1713 4036 ἐπηρτη-

133 4048 318 4117 μένων
371 4048 580 4102 δεινῶν.
634 4047 800 4111 Φόϐος
847 4047 957 4117 γὰρ
1001 4047 1194 4112 ἐξωθεῖ
1242 4048 1422 4100 πᾶσαν
1472 4048 1571 4118 τὴν
1608 4049 1712 4118 ἐμ-

131 4134 567 4204 πολιτευομένην
597 4136 716 4197 ταῖς
758 4135 955 4204 ψυχαῖς
999 4134 1156 4204 ἡμῶν
1203 4134 1421 4204 ἐμπαθῆ
1455 4135 1710 4188 διάνοιαν.

129 4220 316 4272 Ὀπου
356 4218 521 4286 φόϐος
547 4217 704 4281 Θεοῦ,
741 4219 917 4271 πάντα
946 4217 1264 4287 ἐξελήλαται
1292 4218 1361 4270 τὰ
1386 4217 1480 4270 τοῦ
1508 4219 1713 4282 πάθους

132 4299 477 4370 σπιλὼματα
521 4301 584 4352 ἐκ
606 4301 705 4368 τῆς
733 4299 970 4362 διανοίας
1009 4299 1190 4369 ἡμῶν.
1244 4299 1391 4369 Αὕτη
1425 4303 1457 4367 ή
1510 4300 1714 4370 ἑϐδόμη

126 4384 353 4452 ἐκείνης
380 4383 481 4452 τῆς
509 4383 740 4454 ἑϐδόμης
768 4385 954 4445 τύπος.
995 4383 1227 4438 Ἔλαϐεν
1255 4380 1346 4437 οὖν
1374 4387 1402 4437 6
1433 4384 1564 4447 Θεὸς
1587 4384 1715 4454 χοῦν

123 4469 239 4520 ἀπὸ
296 4466 404 4534 τῆς
449 4467 574 4536 γῆς,
623 4467 718 4518 καὶ
751 4466 986 4519 ἔπλασεν
1032 4468 1062 4519 6
1099 4466 1232 4530 Θεὸς
1272 4468 1365 4520 τὸν
1407 4467 1710 4538 ἄνθρωπον.

1889 3165 2167 3237 Septimus
2202 3170 2367 3237 igitur
2399 3170 2489 3224 ille
2514 3169 2632 3224 dies
2668 3170 2737 3224 ab
2781 3169 2885 3225 hoc
2919 3171 3152 3241 septimo
3200 3169 3383 3224 decla-

1817 3270 1990 3315 ratur.
2023 3279 2042 3312 ι
2089 3261 2152 3315 Et
2181 3261 2446 3332 requievit
2487 3262 2627 3316 Deus
2656 3261 2745 3317 die
2769 3262 3002 3332 septimo
3028 3262 3096 3316 ab
3126 3260 3383 3314 omnibus

1817 3355 2078 3422 operibus
2105 3356 2242 3410 suis.
2284 3375 2302 3406 ι
2342 3354 2472 3421 Qua:
2501 3355 2566 3408 ad
2604 3356 2772 3410 vitam
2811 3355 2952 3410 hanc
2993 3354 3284 3424 pertinent,
3317 3368 3384 3407 eo

1814 3445 1903 3499 die
1930 3459 2036 3500 non
2063 3457 2245 3500 erunt.
2304 3445 2600 3511 Quiescent
2653 3445 2917 3514 juvenum
2966 3445 3169 3499 studia.
3225 3442 3382 3496 Nulla

1815 3536 1919 3591 erit
1951 3536 2018 3590 de
2056 3537 2264 3607 nuptiis
2298 3537 2632 3590 consultatio
2660 3554 2676 3602 ;
2709 3537 2856 3591 nulla
2906 3533 3382 3604 suscipiendorum

1818 3626 2113 3680 liberorum
2168 3625 2519 3692 sollicitudo;
2561 3625 2707 3679 nulla
2763 3623 2988 3694 parandi
3035 3622 3152 3676 auri
3205 3635 3381 3685 cura;

1817 3716 2043 3778 sacculi,
2075 3723 2129 3769 et
2163 3730 2305 3769 arcte
2330 3730 2528 3769 avarus
2560 3713 2934 3769 obliviscetur.
2985 3711 3103 3766 Non
3153 3709 3384 3781 praedio-

1819 3821 1939 3860 rum
1975 3807 2238 3876 locuples,
2275 3821 2384 3861 non
2415 3807 2644 3862 honoris
2673 3817 2728 3861 et
2749 3805 2907 3860 fama
2935 3804 3285 3865 ambitiosus,
3328 3810 3384 3856 et

1815 3897 2005 3966 gloriae
2059 3896 2290 3967 cupidus
2342 3895 2740 3951 .recordabitur.
2792 3893 2916 3948 Hac
2977 3893 3157 3946 omnia
3192 3891 3383 3962 procul

1818 3989 2052 4044 aberunt
2082 4003 2112 4041 a
2138 3989 2344 4042 nostris
2377 3987 2824 4058 cogitationibus.
2849 3986 3080 4039 Animus
3106 3985 3159 4038 in
3187 3985 3384 4037 timore

1819 4078 2149 4133 constitutus
2181 4077 2249 4131 ad
2284 4092 2466 4132 rerum
2492 4076 2895 4131 imminentium
2920 4076 3380 4146 exspectationem

1817 4169 2130 4224 excubabit.
2163 4168 2351 4223 Timor
2379 4170 2524 4224 enim
2549 4183 2765 4224 omnem
2793 4169 2953 4222 aliam
2999 4166 3381 4237 cogitationem

1818 4264 1886 4316 ab
1910 4261 2109 4316 animis
2144 4260 2351 4316 nostris
2383 4262 2637 4330 expellet.
2670 4259 2804 4314 Nam
2843 4260 2932 4314 ubi
2972 4259 3064 4313 Dei
3095 4260 3258 4312 timor
3285 4259 3383 4312 ad-

1817 4360 1924 4416 est,
1945 4353 2108 4408 nullat
2130 4352 2598 4422 perturbationum
2615 4352 2842 4407 maculae
2871 4360 3111 4407 mentem
3137 4362 3382 4407 nostram

1818 4445 2214 4500 contaminant.
2253 4442 2352 4499 Hic
2383 4445 2652 4514 septimus
2677 4445 2794 4501 dies
2838 4446 2984 4501 illius
3013 4453 3099 4501 est
3131 4446 3237 4501 diei
3296 4461 3384 4500 se-

124 4551 244 4602 Οὐκ
281 4547 546 4618 ἐτελέσθη
593 4550 627 4618 ἡ
670 4548 1051 4618 κοσμογένεια,
1081 4549 1143 4601 οὐ
1169 4549 1395 4620 διεκόπη
1423 4551 1456 4620 ἡ
1490 4536 1711 4603 ἀκολου-

1819 4536 1977 4607 ptimi
2025 4537 2244 4606 signum
2273 4545 2328 4591 et
2360 4545 2509 4590 nota.
2544 4537 2792 4610 Sumpsit
2821 4537 2964 4594 Deus
3025 4538 3302 4608 pulverem
3353 4555 3386 4591 e

125 4635 219 4687 θία
283 4633 378 4684 ἵνα
438 4633 499 4684 τὸ
541 4631 810 4703 ἡμέτερον
861 4632 1200 4704 παρεισαχθῇ
1260 4632 1539 4704 διήγημα,
1599 4635 1713 4687 ἀλλ’

121 4717 329 4788 ἐλέχθη
355 4733 372 4748 ο
423 4717 704 4786 Ἐποίησεν
743 4719 772 4770 6
803 4716 933 4780 Θεὸς
972 4717 1060 4770 τὸν
1097 4718 1401 4789 ἄνθρωπον,
1437 4719 1530 4772 καί
1580 4737 1714 4773 κατ-

121 4802 378 4853 έπαυσεν
426 4799 533 4852 ἀπὸ
571 4800 791 4853 πάντων
832 4799 941 4852 τῶν
996 4799 1191 4871 ἔργων.
1232 4802 1341 4854 Καὶ
1365 4802 1551 4872 ἐπειδὴ
1589 4820 1715 4873 σχο-

121 4881 218 4952 λὴν
253 4883 462 4952 ἧγαγε,
493 4881 727 4936 διδάσκει
752 4882 1031 4958 ἡμᾶςπῶς
1060 4884 1335 4953 ἐποίησεν.
1371 4903 1389 4935 ι
1431 4884 1660 4939 Ἔλαϐεν
1687 4885 1717 4938 6

121 4967 261 5028 Θεὸς
300 4964 434 5036 χοῦν
461 4965 570 5018 ἀπὸ
597 4967 694 5036 τῆς
724 4969 848 5036 γῆς.
888 4986 906 5018 ι
948 4967 1116 5020 Ὅταν
1141 4967 1381 5039 ἀκούσῃς
1413 4967 1561 5038 χοῦν,
1587 4987 1714 5023 παι-

121 5051 288 5102 δεύου
341 5049 580 5116 ἀφοϐίαν
602 5067 615 5080 ·
662 5048 964 5122 ἀνθρώπων
1005 5050 1080 5121 μὴ
1105 5051 1275 5122 λάϐῃς
1301 5053 1613 5124 πρόσωπον.
1650 5056 1716 5108 Τί

119 5133 352 5201 φρονεῖς
387 5132 486 5183 ἐπὶ
517 5132 726 5202 σεαυτῷ
747 5133 922 5203 μέγα;
948 5133 1118 5190 Ὅταν
1143 5134 1335 5188 ἐλθωσί
1366 5153 1447 5188 σοι
1469 5136 1717 5208 λογισμοὶ

118 5218 235 5285 οἶδη
247 5232 334 5283 μα
348 5209 454 5284 τῆς
470 5215 696 5285 καρδίας
713 5217 806 5269 καὶ
822 5217 1132 5287 φλεγμονὴν
1150 5217 1504 5288 ἐμποιοῦντες
1520 5237 1533 5250 ο
1551 5221 1717 5273 εἰσελ-

117 5299 266 5351 θέτω
285 5314 349 5350 σε
363 5300 398 5367 ή
417 5297 718 5368 ὑπόμνησις
733 5299 833 5369 τῆς
847 5301 1096 5364 κτίσεως,
1111 5301 1227 5364 πῶς
1241 5301 1512 5372 ἐκτίσθης.
1525 5322 1541 5353 ι
1558 5303 1718 5356 Ἐλαο

118 5386 214 5438 ὅεν
239 5388 274 5437 6
311 5384 450 5446 Θεὸς
476 5384 604 5454 χοῦν
627 5385 736 5438 ἀπὸ
758 5385 859 5455 τῆς
880 5386 1004 5456 γῆς,
1032 5389 1126 5440 καὶ⁵
1147 5387 1378 5442 ἔπλασεν
1411 5391 1439 5441 ὁ
1463 5388 1594 5451 Θεὸς
1625 5389 1717 5442 τὸν

116 5473 450 5542 ἄνθρωπον.
482 5490 500 5523 ι
533 5473 671 5526 Πότε
695 5472 924 5526 δύνασαι
943 5473 1294 5528 ἐπιλαθέσθαι
1313 5476 1569 5542 σεαυτοῦς
1594 5477 1716 5530 τότε

121 5556 416 5610 ἐπελάθου
451 5554 703 5619 σεαυτοῦ,
733 5557 864 5612 ὅταν
900 5557 1261 5630 ἀναχωρήσῃς
1285 5559 1386 5630 τῆς
1407 5559 1532 5630 γῆς.
1565 5562 1629 5614 Εἰ
1659 5562 1716 5615 δὲ

116 5642 400 5694 οὐδέποτε
427 5637 638 5713 χωρίζῃ
657 5636 756 5710 τῆς
773 5642 897 5712 γῆς,
917 5641 1054 5694 ἀλλά
1073 5642 1446 5713 συμπεφυκὼς
1465 5639 1514 5697 εί
1536 5648 1604 5716 τῇ
1621 5649 1713 5716 γῇ,

119 5731 328 5801 βαδίζῃ
365 5731 466 5782 ἐπὶ
491 5732 590 5801 τῆς
626 5730 751 5800 γῆς,
777 5731 1107 5804 ἐπαναπαύῃ
1130 5732 1224 5786 ἐπὶ
1245 5735 1344 5804 τῆς
1371 5734 1491 5803 γῆς,
1519 5731 1714 5807 δικάζῃ

118 5818 206 5868 ἐπὶ
238 5815 354 5882 τῆς
387 5814 491 5883 γῆς
514 5832 527 5844 υ
565 5815 672 5866 πᾶν
696 5814 831 5886 ὅπερ
870 5813 938 5868 ἂν
966 5817 1123 5884 ποιῇς
1166 5817 1274 5868 εἴτε
1300 5817 1446 5886 μέγα
1485 5818 1590 5872 εῐτε
1621 5837 1713 5888 μι-

181 5933 204 5962 ³
244 5931 360 5983 lsa.
391 5943 504 5992 stv,
541 5927 624 5982 10.
701 5928 722 5958 δ
751 5925 884 5981 Gen.
919 5941 976 5990 ιι,
1005 5924 1058 5979 2.
1136 5926 1155 5956 '
1189 5925 1317 5978 ibid.
1351 5927 1402 5978 7.

1819 4640 1986 4691 terra,
2043 4636 2097 4684 et
2151 4628 2408 4683 formavit
2465 4630 2760 4686 hominem.
2825 4630 2943 4685 Non
2994 4639 3080 4686 est
3135 4632 3385 4686 absoluta

1819 4725 2008 4779 mundi
2039 4724 2379 4794 procreatio,
2409 4737 2511 4777 nec
2540 4738 2721 4779 rerum
2759 4726 2928 4779 series
2959 4726 3285 4794 interrupta,
3329 4735 3388 4779 ut

1817 4818 2058 4872 narratio
2091 4817 2160 4871 de
2189 4817 2348 4872 nobis
2367 4817 2824 4872 introduceretur.
2855 4818 2963 4873 Sed
3019 4817 3228 4873 dictum
3259 4828 3343 4874 est
3373 4838 3386 4872 :

1819 4907 1968 4962 Fecit
2005 4906 2148 4963 Deus
2180 4908 2478 4970 hominem,
2506 4916 2562 4964 et
2590 4909 2854 4978 requievit
2879 4909 2946 4963 ab
2972 4910 3224 4964 omnibus
3257 4926 3386 4979 ope-

1820 4999 1991 5055 ribus.
2010 5001 2185 5068 Atque
2208 5000 2292 5056 his
2313 5001 2598 5070 explicatis
2619 5003 2903 5056 commode
2925 5017 3024 5059 nos
3046 5002 3225 5064 docet.
3248 5020 3384 5073 quu-

1819 5093 1978 5146 modo
2007 5091 2278 5147 hominem
2310 5092 2516 5149 fecerit.
2538 5111 2556 5144 ι
2590 5092 2836 5162 Sumpsit
2861 5093 3004 5150 Deus
3026 5095 3324 5164 pulverem.
3358 5115 3375 5145 ι

1818 5183 2014 5252 inquit,
2051 5202 2068 5234 ι
2110 5199 2140 5237 e
2169 5191 2312 5238 terra
2334 5183 2376 5236 '.
2422 5202 2440 5233 ι
2481 5182 2618 5236 Cum
2671 5185 2944 5252 pulverem
2991 5186 3168 5245 audis,
3230 5184 3380 5239 disce

1819 5275 2066 5328 timorem
2114 5274 2408 5328 humanum
2447 5273 2735 5343 deponere.
2787 5271 2864 5328 Ne
2906 5276 3174 5344 suspicias
3205 5275 3378 5330 homi-

1818 5379 1946 5417 num
1969 5378 2251 5434 personas.
2289 5363 2401 5418 Cur
2431 5365 2654 5434 spiritus
2699 5365 2890 5420 tollis?
2927 5365 3038 5420 Cur
3061 5367 3127 5421 de
3164 5375 3215 5420 te
3261 5381 3378 5419 ma»

1819 5454 2014 5525 gnifice
2040 5456 2254 5511 sentis?
2290 5454 2518 5522 Quando
2541 5458 2638 5511 tibi
2667 5457 3028 5527 cogitationes
3069 5457 3375 5514 inciderint.

1817 5547 2016 5616 quibus
2050 5547 2403 5613 intumescas,
2436 5547 2637 5618 quibus
2680 5548 3053 5613 inﬂammeris,
3097 5549 3225 5602 illud
3281 5550 3380 5604 tihi

1818 5638 1872 5692 in
1905 5639 2218 5694 memoriam
2249 5653 2463 5703 revoca,
2499 5639 2774 5708 quomodo
2805 5648 3021 5695 creatus
3049 5640 3144 5694 sis.
3175 5658 3193 5690 ι
3221 5637 3380 5693 Sum-

1817 5729 1924 5798 psit
1963 5727 2105 5785 Deus
2129 5730 2405 5800 pulverem
2431 5746 2462 5785 e
2490 5741 2653 5796 terra,
2683 5740 2737 5784 et
2760 5732 3030 5787 hominem
3055 5731 3320 5785 fumavit.
3354 5751 3376 5784 ι

1819 5820 1874 5874 Si
1892 5837 1920 5874 a
1939 5828 2081 5876 terra
2101 5822 2430 5888 discederes,
2451 5823 2590 5878 forte
2605 5824 2932 5880 conditionis
2953 5832 3057 5879 tuae
3079 5839 3268 5894 posses
3281 5824 3376 5879 ob-
