3988 6474
611 481 710 537 291

1847 472 1911 529 S.
1954 465 2284 526 GREGOKII
2323 461 2613 519 NYSSENI

3764 448 3868 500 29?.

615 594 813 649 livisci.
830 591 986 647 Nunc
999 597 1182 647 autem
1200 588 1342 645 abea
1362 601 1637 657 nunquam
1664 584 1923 646 discedis.
1945 583 2039 639 sed
2059 598 2183 637 cum

2305 578 2419 649 ιρὸν
2440 577 2530 630 ἐπὶ
2554 574 2650 643 τῆς
2671 572 2794 641 γῆς,
2817 571 2981 639 ἐγγὺς
3001 568 3141 639 ἔχεις
3164 567 3223 620 τὸ
3249 568 3547 637 ὑπόμνημα
3563 563 3661 633 τῆς
3679 560 3867 615 ἑαυτοῦ

614 686 707 740 illa
725 683 1048 738 naturaliter
1062 682 1392 751 conjunctus
1416 696 1497 734 es.
1526 678 1731 734 lucedis
1753 678 1806 731 in
1824 684 1990 738 terra.
2005 675 2060 729 in
2078 682 2191 728 ter-

613 793 677 832 ra
693 775 1060 846 conquiescis.
1076 775 1132 829 in
1148 783 1290 829 terra
1306 772 1507 842 litigas,
1522 781 1576 825 et
1591 769 1907 840 negotiaris.
1921 765 2192 833 Quamob-

614 882 731 922 rem
762 864 1024 936 quidquid
1059 866 1177 935 agis
1209 863 1264 917 in
1286 871 1451 923 terra.
1471 862 1586 917 sive
1602 874 1855 930 magnum
1880 858 1933 912 id
1955 858 2046 919 sit,
2076 857 2191 911 sive

617 971 882 1026 parvum,
942 955 1173 1024 abiectae
1224 952 1558 1008 conditionis
1614 958 1722 1005 tum
1776 954 2190 1003 monumentum

617 1047 808 1103 habes.
845 1047 1288 1102 Contumeliosus
1316 1059 1399 1108 es,
1425 1053 1479 1099 et
1508 1041 1846 1097 iracundus:
1881 1039 2029 1094 unde
2087 1036 2189 1092 tibi

620 1155 683 1194 vx
713 1150 822 1193 tam
852 1138 1043 1193 humili
1072 1145 1219 1192 statu
1254 1135 1581 1206 indignatio.
1603 1142 1657 1189 et
1679 1132 1958 1188 iracundia
1981 1132 2005 1185 ’ἒ
2028 1128 2192 1185 Ferre

618 1245 727 1284 von
765 1236 943 1299 potes.
996 1226 1143 1298 quod
1177 1226 1454 1296 ignobilis,
1506 1232 1562 1278 et
1592 1225 1827 1278 obscuro
1864 1222 1987 1275 loco
2028 1230 2192 1275 natus

615 1336 741 1376 esse
764 1319 989 1383 dicaris,
1015 1318 1413 1388 couteudisque
1446 1326 1507 1371 ut
1533 1317 1600 1377 is,
1622 1318 1716 1385 qui
1743 1314 1840 1369 tibi
1868 1312 2008 1367 male
2031 1310 2189 1376 dixit,

614 1427 684 1467 ex
713 1420 767 1467 te
800 1412 956 1484 pejus
993 1412 1223 1466 audiat?
1246 1408 1450 1465 Oculos
1479 1407 1704 1463 demitte
1724 1445 1739 1467 .
1776 1421 1840 1459 ac
1875 1416 2077 1459 terram
2108 1404 2193 1458 in-

618 1514 793 1566 tuere.
824 1515 882 1558 et
908 1503 1194 1558 confestim
1236 1502 1314 1555 ira
1350 1509 1442 1555 tua
1470 1500 1772 1555 sedabitur.
1795 1497 2020 1553 Terram
2045 1495 2194 1565 aspi-

617 1614 705 1659 ce.
735 1606 790 1653 et
815 1606 994 1651 tecum
1030 1595 1146 1665 ipse
1178 1595 1261 1649 sic
1283 1594 1459 1664 cogita
1486 1611 1499 1646 :
1541 1592 1837 1663 lgnobiiem
1871 1589 1963 1644 hic
2000 1604 2107 1651 me,
2139 1596 2193 1642 et

615 1702 650 1741 e
680 1702 840 1741 servo
871 1694 1059 1740 natum
1116 1684 1429 1754 appellavit.
1460 1681 1639 1737 Minus
1692 1681 1852 1744 dixit.
1905 1694 2066 1749 quam
2107 1678 2192 1743 id.

617 1778 765 1845 quod
798 1791 887 1831 res
912 1783 1018 1831 est.
1052 1773 1239 1845 Neque
1264 1779 1409 1829 enim
1452 1789 1542 1829 me
1576 1788 1611 1829 e
1652 1781 1799 1828 terra
1827 1771 2069 1842 genitum
2098 1785 2196 1824 vo-

609 1868 784 1927 cavit.
826 1866 923 1921 sed
954 1880 1023 1921 ex
1058 1865 1299 1920 homine.
1360 1862 1579 1930 Quanto
1636 1871 1819 1918 autem
1858 1872 2036 1925 terra.
2070 1874 2194 1931 quae

2289 666 2689 727 ταπεινώσεως.
2726 660 3015 732 Ὑϐριστὴς
3054 660 3147 713 καὶ
3176 657 3427 729 θυμώδης
3456 653 3543 718 είς
3577 654 3742 707 πόθεν
3788 670 3869 707 σοι

2288 764 2319 815 ὁ
2342 759 2509 830 θυμός
2531 776 2545 821 ;
2572 760 2635 810 ὲκ
2662 757 2761 825 τῆς
2784 754 2999 819 ἀδοξίας
3022 771 3036 816 ;
3081 751 3140 805 οὐ
3185 748 3454 812 κατεδέξω
3489 745 3722 801 ἀκοῦσαι
3745 746 3873 798 δνσ-

2287 853 2451 923 γενής
2477 867 2492 913 ;
2519 849 2678 912 εὐθὺς
2705 844 2929 909 ὲπέζεσέ
2968 843 3101 898 σοιὸ
3123 841 3324 911 θυμός;
3358 839 3680 909 φιλονεικεῐς
3701 838 3873 890 εἰπεῖν

2289 943 2459 1015 χείρω
2485 934 2560 994 ὧν
2594 941 2867 1010 ἢκουσαςς
2897 935 3063 989 Κάτω
3111 934 3173 987 τὸ
3215 931 3453 1002 βλέμμα,
3477 930 3575 984 καὶ
3600 929 3873 983 πέπαυταί

2290 1052 2375 1089 σοι
2396 1035 2427 1087 ὁ
2459 1032 2650 1104 θυμός.
2684 1030 2793 1084 Ἴδε
2821 1028 2920 1100 τὴν
2944 1027 3067 1097 γῆν,
3113 1025 3211 1078 καὶ
3248 1023 3600 1093 ἐνθυμήθητι.
3629 1020 3875 1089 Δυσγενῆ

2295 1142 2362 1197 με
2402 1119 2522 1178 εἶπε
2567 1123 2658 1176 τὸν
2709 1119 2818 1175 ἀπὸ
2863 1119 2967 1189 γῆς
3007 1116 3295 1187 γενόμενον
3315 1131 3328 1144 ·
3373 1114 3592 1166 ἔλαττον
3622 1108 3775 1165 εἶπεν
3817 1106 3878 1163 οὗ

2291 1220 2407 1288 εἰμι
2437 1215 2545 1284 ἐγώ
2567 1230 2581 1244 ’
2609 1215 2671 1267 οὐ
2697 1212 2805 1283 γὰρ
2834 1207 2989 1265 εἶπεν
3014 1210 3079 1262 ὲκ
3101 1209 3200 1278 τῆς
3221 1208 3344 1277 γῆς,
3381 1204 3515 1258 ἀλλὰ
3543 1204 3651 1258 ἀπὸ
3676 1201 3881 1273 ἀνθρὼ-

2293 1328 2395 1364 που
2418 1328 2433 1342 ο
2493 1307 2643 1376 πόσῳ
2684 1306 2741 1358 δὲ
2786 1301 3108 1373 τιμιώτερος
3160 1298 3402 1370 ἔμψυχος
3446 1296 3730 1367 ἄνθρωπος
3774 1296 3879 1362 γῆς

2293 1400 2677 1469 πατουμένηςς
2721 1394 2861 1465 Ἐγὼ
2906 1395 2963 1448 δὲ
3001 1393 3100 1464 τὴν
3140 1388 3595 1464 ἀρχαίανβλέπω
3645 1386 3879 1458 μητέρα,

2288 1495 2391 1565 τὴν
2440 1493 2565 1561 γῆν,
2596 1490 2737 1543 ὥστε
2780 1489 2879 1559 οὺχ
2917 1486 3073 1555 ῦϐρις
3119 1484 3182 1537 τὸ
3224 1481 3337 1537 ἀπὸ
3379 1481 3567 1535 δούλου
3599 1477 3879 1547 γενέσθαι.

2292 1585 2427 1639 ἀλλὰ
2454 1583 2605 1654 τιμὴ.
2630 1582 2690 1635 τὸ
2714 1580 2954 1651 ἔμψυχον
2974 1576 3321 1646 γεννηθῆναι.
3356 1574 3418 1626 '0
3457 1573 3514 1626 δὲ
3542 1570 3781 1641 νομίζων
3814 1585 3884 1639 με

2293 1675 2533 1748 ὑϐρίζειν
2567 1674 2728 1746 μέγα,
2753 1671 2941 1725 ἔλαθεν
2966 1665 3011 1738 ᾧ
3033 1669 3223 1739 ῦϐρισε
3258 1665 3419 1719 πλέον
3443 1664 3703 1736 τιμήσας.
3739 1659 3889 1729 Ἐγὼ

2291 1768 2401 1839 γὰρ
2431 1771 2531 1838 τῆς
2554 1764 2790 1837 ἐμαυτοῦ
2819 1762 3034 1833 φύσεως
3057 1762 3158 1831 τὴν
3188 1758 3400 1813 σύνεσιν
3442 1755 3603 1827 ἔχων,
3644 1749 3762 1807 οἴδα
3798 1753 3890 1814 τίς

2292 1864 2430 1931 είμι,
2444 1862 2537 1913 καὶ
2556 1858 2716 1911 πόθεν
2738 1856 2872 1927 εἰμί.
2891 1854 3047 1907 Οὕτω
3067 1853 3129 1907 τὸ
3154 1850 3261 1905 ἀπὸ
3279 1851 3383 1919 γῆς
3403 1846 3714 1920 μεμνῆσθαι
3732 1848 3888 1916 ἡμᾶς

619 1958 999 2021 conculcatur.
1031 1957 1273 2012 nobilior
1301 1964 1387 2011 est
1421 1957 1608 2011 animo
1667 1952 1954 2025 praeditus.
2005 1967 2072 2007 ac
2090 1923 2195 2007 -vi-

2305 1923 2648 2020 γέγενῆσθαι,
2688 1923 2942 2000 οὐδέποτε
2983 1943 3253 2012 συγχωρεῖ
3306 1940 3396 1993 τὸν
3433 1938 3604 2009 θυμὸν
3641 1940 3894 2006 ἐπαγρυ-

616 2058 773 2106 vens.
800 2043 967 2097 homo
986 2042 1011 2096 ἳ
1041 2040 1155 2113 Ego
1174 2048 1416 2096 veterem
1439 2048 1669 2094 matrem
1698 2037 1906 2107 aspicio
1928 2050 2195 2108 agnosco-

618 2150 727 2204 que
766 2149 986 2189 serram.
1039 2131 1221 2199 Quare
1266 2146 1374 2185 non
1412 2138 1499 2186 est
1554 2129 1976 2201 ignominiosum
2033 2137 2197 2198 atque

619 2240 800 2298 turpe,
830 2243 860 2282 e
901 2240 1064 2281 servo
1090 2233 1271 2280 ortum
1296 2239 1441 2287 esse.
1471 2223 1564 2278 sed
1598 2222 1917 2292 praeclarum
1946 2227 1999 2274 et
2025 2219 2197 2274 hono-

620 2315 857 2377 rillcum.
896 2312 1170 2369 hominem
1191 2326 1315 2368 esse
1334 2320 1701 2382 procreatum.
1728 2310 1827 2365 Hic
1850 2317 2032 2365 autem
2064 2309 2193 2364 dum

621 2414 777 2479 putat
806 2406 939 2461 mihi
967 2405 1355 2460 contumeliam
1383 2403 1589 2465 dicere,
1616 2402 1938 2472 imprudens
1970 2417 2057 2456 me
2105 2417 2198 2471 po.

622 2500 736 2556 tius
767 2497 1075 2553 honoravit.
1113 2494 1227 2566 Ego
1258 2496 1405 2550 enim
1453 2494 1665 2549 natura:
1705 2508 1838 2548 mea:
1886 2508 1997 2546 non
2046 2492 2198 2563 igna-

622 2606 742 2653 rus.
769 2590 930 2661 plane
963 2589 1101 2652 scio,
1134 2587 1225 2658 qui
1258 2585 1386 2653 sim,
1417 2596 1471 2641 et
1500 2585 1644 2641 unde
1675 2586 1802 2640 sim.
1854 2583 1979 2639 Haec
2032 2584 2200 2655 igitur

623 2683 803 2737 nostri
830 2688 989 2737 ortus
1016 2695 1049 2735 e
1095 2690 1239 2734 terra
1283 2677 1591 2734 recordatio
1642 2691 1924 2747 nunquam
1971 2675 2197 2732 excitari

625 2774 927 2843 smvireque
960 2772 1106 2827 sinat
1131 2770 1495 2826 iracundiam.
1550 2768 1765 2824 Rationi
1806 2779 1952 2823 terra
1985 2782 2203 2838 semper

627 2865 912 2934 suppetias
959 2861 1117 2925 ferat.
1169 2876 1401 2931 eamque
1453 2874 1668 2929 semper
1722 2855 2198 2913 commonefaciat.

625 2950 857 3018 Quando
887 2950 1191 3022 cupiditate
1216 2948 1437 3019 ﬂagras,
1466 2956 1522 3004 et
1557 2964 1621 3003 ea
1648 2948 1962 3004 concitatus
1998 2948 2199 3014 curris,

627 3057 726 3112 per
759 3051 963 3096 terram
999 3040 1201 3096 curris.
1227 3038 1419 3109 Cogita
1449 3054 1689 3109 quonam
1719 3038 1796 3093 sis
1817 3046 2199 3107 perventurus.

626 3134 674 3188 si
709 3143 761 3188 te
794 3132 849 3191 in
876 3139 1083 3187 terrain
1107 3131 1435 3187 dissolutum
1483 3130 1553 3197 iri
1586 3128 2063 3185 consideraveris:
2110 3145 2200 3184 re-

630 3225 897 3294 primetur
922 3221 1240 3293 cupiditatis
1272 3220 1425 3276 furor
1473 3240 1493 3273 ι
1521 3218 1691 3275 Terra
1727 3236 1808 3281 es.
1842 3228 1897 3275 et
1921 3221 1976 3275 in
2000 3228 2199 3275 terram

2296 2046 2469 2097 πνεῖν.
2496 2042 2789 2110 Σύμμαχος
2818 2036 2957 2090 έστω
2988 2034 3065 2105 τῷ
3092 2030 3337 2103 λογισμῷ
3358 2031 3392 2101 ἡ
3416 2030 3487 2100 γῆ
3514 2028 3601 2082 ἀεὶ
3632 2028 3895 2098 παροῦσα

2296 2136 2389 2188 καὶ
2407 2130 2915 2202 ὑπομιμνήσκουσα.
2932 2128 3098 2179 Ὅταν
3115 2124 3252 2196 πρὸς
3288 2121 3581 2191 ἐπιθυμίαν
3607 2118 3731 2174 τινὰ
3762 2118 3900 2190 τρέ-

2296 2242 2417 2299 χῃς,
2440 2221 2771 2295 ἐνθυμήθητι
2792 2219 2913 2283 πῶς
2933 2218 3146 2290 ἀπέρχῃ
3161 2234 3177 2248 ·
3208 2216 3304 2270 ἐὰν
3336 2211 3663 2283 ἔνθυμηθῇς,
3684 2212 3767 2264 δτι
3790 2209 3893 2299 λιξ-

2457 2317 2535 2379 είς
2550 2314 2675 2385 γῆν,
2694 2311 2969 2365 πέπαυται
2988 2312 3024 2378 ἡ
3047 2308 3308 2379 ἐπιθυμία
3325 2305 3426 2376 τῆς
3449 2304 3690 2375 μανίας.ι
3712 2302 3789 2371 Γῆ
3816 2296 3898 2367 εἷ,

2297 2411 2394 2465 καὶ
2413 2410 2492 2472 είς
2511 2408 2614 2478 γῆν
2630 2403 2921 2476 ὰπελεὺσῃ.
2937 2422 2957 2456 ι
2974 2400 3259 2473 Μνήσθητι
3274 2400 3355 2453 δτι
3381 2399 3496 2469 μετ’
3518 2396 3693 2464 ὀλίγον
3710 2393 3903 2447 ταῦτα

2294 2499 2367 2553 τὰ
2402 2498 2496 2552 νῦν
2538 2497 2811 2568 σφύζοντα
2838 2493 2997 2567 μέλη,
3041 2492 3076 2563 ἢ
3114 2494 3149 2563 ἠ
3180 2491 3275 2544 νῦν
3305 2490 3407 2559 τῆς
3458 2488 3658 2560 σαρκὸς
3696 2485 3905 2538 ἐπιθυ-

2300 2592 2421 2661 μία,
2460 2590 2575 2661 μετ’
2606 2588 2788 2657 ὀλίγον
2820 2588 2921 2641 οὐκ
2956 2585 3131 2647 ἔσται,
3166 2584 3277 2637 τῶν
3311 2581 3489 2654 μελῶν
3532 2578 3909 2633 διαλυθέντων

2299 2684 2394 2736 καὶ
2445 2684 2526 2746 είς
2576 2682 2681 2751 γῆν
2723 2679 3113 2735 ἁναλυθέντων.
3173 2675 3456 2747 Μνήσθητι
3504 2672 3605 2743 τῆς
3652 2671 3907 2741 φύσεως,

2298 2772 2396 2825 καὶ
2448 2770 2665 2825 λέλυται
2711 2772 2862 2824 πᾶσα
2897 2769 3044 2840 ὁρμὴ
3093 2769 3128 2839 ἡ
3179 2768 3271 2821 ἐπὶ
3313 2767 3372 2819 τὸ
3431 2763 3689 2834 πονηρόν.
3724 2762 3917 2815 Τοῦτο

2302 2866 2397 2919 ἐπὶ
2424 2864 2604 2935 πάσης
2628 2862 2899 2934 ἁμαρτίας
2932 2860 3297 2931 φυλακτήριον
3327 2860 3459 2931 ⁴ἡμῖν
3506 2857 3645 2911 ἔστω
3669 2856 3735 2909 τὸ
3767 2856 3918 2908 ὑπό-

2305 2974 2514 3029 μνημα.
2538 2975 2555 3007 ι
2572 2953 2844 3009 Ἔπλασεν
2876 2956 2904 3007 ὁ
2920 2953 3052 3017 Θεὸς
3067 2953 3158 3005 τὸν
3180 2951 3479 3021 ἄνθρωπον,
3504 2948 3631 3021 χοῦν
3662 2948 3772 3001 ἀπὸ
3806 2950 3921 3018 τῆς

2300 3050 2405 3119 γῆς
2443 3046 2639 3101 λαϐὼν.
2682 3045 2940 3115 »Καλὴή
2982 3043 3327 3107 ταπείνωσις,
3370 3040 3612 3112 συμφυὲς
3655 3040 3718 3095 τὸ
3766 3040 3924 3093 ὑπό-

2308 3155 2521 3211 μνημα.
2563 3138 2626 3193 Εί
2668 3133 2840 3200 εἶπεν,
2877 3135 3155 3190 Ἔπλασεν
3203 3136 3233 3188 ὁ
3280 3134 3411 3197 Θεὸς
3454 3132 3547 3185 τὸν
3590 3130 3925 3202 ἄνθρωπον⁹

2233 3269 2276 3327 c
2308 3230 2404 3283 ἀπ’
2461 3226 2691 3299 οὐρανοῦ
2740 3226 2943 3291 λαϐὼν,
2999 3226 3130 3280 πότε
3183 3223 3483 3296 ἐϐλέπομεν
3535 3224 3768 3285 ὲκείνον,
3822 3223 3927 3275 ἵνα

629 3315 923 3372 reverteris
946 3316 986 3369 '.
1009 3334 1029 3367 ι
1066 3314 1257 3383 Cogita
1289 3313 1530 3368 membra
1581 3314 1683 3368 ista
1741 3323 1857 3379 tua,
1909 3328 2031 3383 qua:
2057 3329 2204 3368 nunc

2314 3318 2749 3391 ὑπομνησθιῖηιεν
2798 3319 2899 3387 τῆς
2948 3318 3204 3388 φύσεως;
3257 3318 3354 3373 Ἐκ
3417 3316 3526 3370 τῶν
3594 3314 3931 3387 προχείρων

630 3410 706 3463 ita
733 3409 939 3479 vigent,
980 3406 1143 3477 paulo
1172 3414 1295 3475 post
1339 3406 1491 3460 nulla
1546 3405 1687 3461 fore.
1730 3404 1987 3463 Membris
2017 3413 2202 3460 autem

2313 3413 2577 3484 πάρεστιν
2601 3414 2733 3483 ἡμῖν
2760 3410 2821 3464 τὸ
2851 3411 3151 3481 ὑπόμνημα
3178 3409 3279 3480 τῆς
3302 3406 3577 3478 ἡμετέρας
3600 3405 3933 3471 οὗδινείας,

630 3500 927 3568 corruptis.
962 3498 1018 3551 iu
1046 3498 1432 3567 pulveremque
1463 3497 1733 3561 redactis.
1765 3497 2045 3568 cupiditas
2073 3500 2201 3563 ista.

2308 3501 2368 3568 ἐξ
2403 3494 2478 3554 ὧν
2506 3500 2677 3555 πατοῦ
2685 3518 2803 3571 μεν.

629 3604 741 3661 qua
778 3602 925 3643 nunc
955 3585 1328 3647 iuﬂammaris.
1369 3602 1478 3641 non
1530 3589 1638 3642 erit
1674 3588 1933 3658 amplius.
1968 3586 2192 3645 Naturae
2240 3597 2346 3645 tuae
2395 3594 2774 3656 reminiscere,
2827 3601 2883 3647 et
2929 3592 3113 3647 omnis
3164 3590 3229 3644 ad
3289 3588 3621 3660 peccandum
3667 3586 3939 3657 impetus

634 3682 1019 3754 perfringetur.
1064 3676 1190 3732 Haec
1234 3677 1502 3747 cogitatio
1539 3679 1609 3735 ab
1644 3680 1794 3735 omni
1842 3686 2071 3750 peccato
2111 3694 2215 3736 nos
2266 3689 2477 3746 avocet,
2524 3690 2689 3753 atque
2736 3682 3029 3737 deterreat.
3072 3697 3091 3731 ι
3126 3676 3588 3733 Ρητιηκνὶιςῡθυδ
3624 3676 3947 3731 hominem

634 3776 703 3830 de
731 3774 860 3829 limo
907 3780 1083 3828 terra.
1130 3788 1151 3822 ι
1206 3768 1448 3825 Honesta
1491 3770 1814 3835 submissio,
1847 3771 2211 3825 commonitio
2256 3772 2549 3837 naturalis,
2598 3772 2647 3828 si
2689 3772 2954 3838 dixisset,
3004 3770 3285 3826 Formavit
3326 3767 3469 3823 Deus
3509 3768 3814 3826 hominem.
3856 3786 3949 3823 ex

632 3865 777 3922 calo
816 3862 1096 3918 materiam
1134 3877 1382 3925 sumens.
1423 3861 1708 3930 ecquando
1742 3860 1945 3916 castum
1981 3861 2115 3916 illud
2152 3862 2508 3930 vidissemus,
2542 3874 2603 3917 ut
2650 3873 2867 3919 natura
2902 3862 3346 3931 conditionisque
3387 3869 3587 3915 nostra:
3618 3871 3955 3929 possemus

634 3954 959 4013 admoneri?
988 3953 1226 4024 Abjectae
1252 3951 1422 4008 sortis
1447 3958 1651 4007 nostra:
1675 3960 2089 4007 monumentum
2122 3951 2179 4006 in
2208 3961 2465 4023 promptu
2493 3961 2667 4010 estex
2704 3954 2773 4009 iis
2795 3968 2918 4023 quae
2946 3953 3246 4008 calcamus.

708 4049 931 4105 Terram
973 4048 1156 4118 aspice
1204 4055 1367 4117 teque
1402 4062 1470 4102 ex
1510 4046 1702 4101 humili
1786 4053 2204 4117 contemptaque

2308 4048 2311 4051 ’
2387 4050 2734 4105 Κατάνευσον
2787 4051 2880 4102 ἐπὶ
2932 4048 3031 4119 τὴν
3094 4048 3197 4116 γῆν
3224 4087 3239 4111 ,
3308 4046 3638 4116 κατανόησον
3697 4050 3783 4104 ὅτι
3868 4050 3965 4102 ἐκ

638 4142 786 4197 illius
810 4138 1038 4195 materia
1073 4154 1248 4209 genus
1279 4137 1502 4192 duxisse
1533 4137 1847 4191 recordare.
1877 4136 2020 4202 Quid
2049 4136 2204 4206 igitur

2318 4138 2412 4192 τοῦ
2468 4140 2760 4209 συγγενοῦς
2807 4140 2906 4210 τῆς
2956 4140 3058 4208 γῆς
3117 4138 3210 4191 τοῦ
3271 4138 3576 4207 ἀποϐλήτου
3646 4137 3711 4191 σὺ
3766 4138 3963 4193 ἁπε-

638 4233 799 4288 uobis
822 4230 1030 4285 vilius?
1064 4228 1195 4299 quid
1226 4227 1537 4297 abiectius?
1571 4226 1715 4293 Quid
1752 4228 1926 4297 magis
1960 4228 2204 4283 conveni!

2322 4231 2613 4305 μορφώθης
2722 4234 2787 4287 Τί
2872 4231 3030 4303 ἡμῶν
3122 4231 3758 4302 εὐκαταφρονητότερον;
3866 4232 3972 4287 ΤΞ

638 4323 830 4387 nobis,
863 4335 1029 4391 quam
1062 4329 1121 4374 ut
1151 4334 1254 4375 nos
1284 4319 1559 4375 submisse
1591 4334 1849 4390 geramus
1872 4358 1888 4384 .
1917 4327 1973 4375 et
2002 4334 2101 4390 pro
2132 4320 2204 4373 ni-

2320 4324 2476 4394 ἡμῶν
2522 4324 2720 4395 μᾶλλον
2763 4324 2911 4389 ἄξιον
2960 4324 3056 4378 τοῦ
3112 4323 3402 4388 ὲξουδενείν
3456 4320 3715 4383 ἑαυτούςς
3753 4318 3967 4388 mea;

641 4416 755 4471 hilo
787 4412 1086 4485 putemus?
1118 4410 1313 4466 Vidisti
1343 4411 1640 4482 superbum
1670 4410 1909 4481 aliquem
1928 4454 1944 4478 ,
1979 4424 2035 4466 et
2062 4427 2204 4466 arro-

2321 4435 2443 4471 τινα
2475 4418 2617 4489 μέγα
2648 4417 2982 4487 φρονοῦντας
3017 4415 3219 4485 ἐσθῆτα
3260 4414 3482 4484 ἀνθινὴν
3518 4412 3824 4485 περιϐεϐλη
3838 4420 3977 4485 μὲ-

638 4516 858 4578 gantem
876 4545 892 4569 .
922 4505 1086 4560 variis
1114 4502 1363 4558 indutum
1395 4501 1760 4566 vestimentis.
1783 4510 1842 4558 et
1869 4502 2204 4573 splendidum

2323 4526 2450 4575 vov;
2495 4508 2764 4579 δακτυλίῳ
2808 4508 2907 4579 τὴν
2940 4510 3098 4579 χεῖρα
3145 4506 3651 4578 περιλαμπόμενον;
3682 4508 3978 4573 σφενδό-

640 4600 902 4656 annulum
934 4613 1060 4654 cum
1110 4596 1344 4667 pretiosa
1394 4594 1517 4665 pala
1565 4600 1871 4664 gestantem
1919 4594 1973 4647 in
2007 4594 2215 4665 digito,

640 4702 805 4763 atque
827 4696 1188 4747 ostentantem
1207 4728 1226 4755 ,
1246 4700 1541 4756 serumque
1563 4684 1670 4741 illis
1693 4685 1955 4741 amictum
1974 4725 1991 4750 ,
2017 4702 2082 4742 ac
2103 4702 2220 4741 ser-

643 4788 726 4841 vis
769 4784 1063 4854 stipatum.
1105 4795 1266 4834 coma
1307 4779 1587 4841 demissa.
1625 4776 1805 4845 ﬂava,
1862 4776 2220 4848 studioseque

642 4885 890 4946 c-ompta,
927 4874 1218 4944 torquibus
1245 4874 1430 4928 aureis
1458 4881 1817 4935 exornatum.
1844 4880 1899 4926 et
1934 4872 2086 4927 sellis
2130 4888 2222 4925 ar-

642 4968 855 5040 genteis
889 4967 1215 5022 insidentem
1250 4966 1556 5035 superbeve
1585 4963 1929 5019 incedentem
1954 5004 1969 5026 .
2002 4965 2219 5034 magni-

644 5064 748 5118 tice
779 5061 847 5115 de
884 5075 943 5115 se
976 5060 1301 5114 sentientem
1323 5096 1341 5122 .
1372 5059 1661 5130 magnifice
1687 5073 1749 5114 se
1774 5059 2121 5128 jactitautem
2152 5058 2222 5113 ob

645 5170 926 5213 servorum
954 5152 1409 5222 adulatorumque
1438 5151 1880 5216 multitudinem,
1906 5166 2046 5222 quos
2075 5166 2225 5205 sum-

646 5248 862 5320 ptuosis
888 5244 1095 5299 mensis
1141 5244 1312 5298 allicit
1339 5285 1354 5307 .
1390 5246 1460 5299 ob
1504 5243 1899 5308 salutationes.
1952 5258 2094 5315 quas
2145 5243 2224 5297 illi

654 5354 848 5395 omnes
885 5338 941 5391 in
978 5336 1155 5391 lorum
1187 5334 1462 5397 aﬂ‘erunt.
1513 5336 1644 5391 dum
1682 5335 1734 5390 ei
1777 5350 1903 5390 cum
1938 5335 2225 5392 lictoribus

650 5428 959 5487 advenienti
1002 5436 1098 5481 aut
1126 5442 1158 5483 e
1190 5426 1471 5483 subselliis
1510 5436 1843 5498 assurgunt,
1877 5435 1973 5483 aut
2004 5428 2223 5483 obviam

648 5521 977 5593 procedunt.
1001 5528 1095 5574 aut
1115 5536 1240 5574 eum
1262 5520 1576 5587 deducunt,
1599 5519 1977 5576 reducuntve?
1997 5519 2227 5588 Quando

651 5618 931 5688 principes
956 5618 1092 5671 istos
1116 5615 1397 5684 aspexeris
1423 5630 1546 5670 cum
1577 5629 1774 5683 magna
1802 5615 2070 5685 pra-conis
2096 5630 2229 5671 voce

654 5710 1008 5780 prodeuntes.
1047 5706 1268 5776 quando
1297 5706 1499 5762 videris
1527 5720 1623 5762 eos
1653 5706 1782 5761 huic
1812 5714 2076 5764 terrorem
2104 5707 2231 5778 inji—

653 5804 863 5858 cientes
882 5839 898 5861 .
928 5801 1080 5853 illum
1111 5800 1380 5855 caedentes
1412 5800 1721 5872 indignatos
1744 5839 1759 5867 .
1786 5800 1951 5855 alium
1986 5800 2225 5872 proscri-

726 5914 747 5945 '
774 5911 909 5965 Gen.
950 5926 1029 5977 ιιι,
1066 5912 1154 5965 19.

2326 4618 2423 4671 νην
2454 4600 2553 4671 τὴν
2589 4601 2697 4655 τῶν
2722 4600 3033 4671 πολυτίμων
3079 4598 3344 4671 φέροντα,
3389 4597 3483 4651 καὶ
3537 4594 3711 4669 ταύτῃ
3765 4600 3981 4668 μέγα

2326 4687 2659 4765 φρονοῦντα;
2695 4692 2936 4764 σηρικῶν
2970 4693 3207 4762 νήμασιν
3245 4688 3654 4759 ἡμφιεσμένονς
3687 4689 3982 4757 οἰκέτας

2327 4786 2549 4855 ἔχοντας
2572 4786 2746 4856 κόμας
2768 4783 3058 4856 ἀνειμένας
3088 4785 3181 4837 καὶ
3201 4783 3401 4846 ταύτας
3422 4779 3636 4846 ξανθὰς.
3664 4781 3764 4833 καὶ
3794 4784 3982 4839 ἐπε.-

2322 4876 2624 4947 τηδεύμασι
2644 4874 2937 4939 σοϐοῦντας
2961 4874 3229 4945 μανιάκας
3250 4872 3483 4944 χρυσοῦς
3509 4873 3931 4943 περιφέροντα
3970 4898 3982 4943 ;

2330 4970 2415 5024 ἐπ’
2437 4971 2683 5041 ἀργυρᾶς
2707 4968 2974 5038 καθέδρας
3003 4966 3363 5036 καθεζόμενον
3390 4982 3403 5029 ;
3436 4965 3576 5036 μέγα
3594 4964 3939 5035 βαδίζοντα
3970 4992 3982 5037 ;

2334 5062 2475 5132 μέγα
2510 5062 2905 5134 φθεγγόμενον;
2929 5061 3087 5129 ,μέγα
3120 5059 3417 5131 φρονοῦντα
3463 5060 3553 5111 ἐπὶ
3593 5057 3668 5127 τῷ
3716 5059 3981 5131 πλήθει

2329 5156 2436 5209 τῶν
2466 5153 2713 5217 οίκετῶν,
2742 5153 2851 5208 τῶν
2896 5153 3141 5207 κολάκων
3182 5144 3293 5214 οὖς’
3320 5151 3687 5221 ὲπισύρονται,
3727 5151 3838 5203 ἐπὶ
3872 5160 3982 5224 τῇ

2330 5247 2575 5319 τραπέζῃ
2606 5249 2671 5318 τῇ
2712 5246 3014 5308 πολυτελεῖ,
3044 5244 3138 5297 ἐπὶ
3169 5245 3279 5304 τοῖς
3309 5244 3616 5313 ἀσπασμοῖς
3664 5234 3748 5303 οἷς
3784 5245 3981 5299 πᾶν,

2330 5356 2422 5402 τες
2446 5336 2595 5407 αὐτῷ
2618 5336 2952 5408 προσάγουσι
2984 5333 3113 5404 περὶ
3148 5332 3247 5401 τὴν
3275 5330 3484 5402 ἀγορὰν
3542 5330 3594 5383 οἱ
3631 5328 3975 5393 ἐξανιστά

2336 5449 2486 5502 μενοι
2513 5430 2621 5484 τῶν
2654 5428 2887 5500 βάθρων,
2924 5427 2975 5481 oi
3018 5422 3498 5497 προαπαντῶντες,
3530 5425 3583 5475 οἰ
3616 5425 3871 5492 παραπὲ
3894 5446 3979 5497 μ

2334 5542 2527 5588 ποντες
2549 5563 2565 5589 ,
2615 5525 2665 5577 oi
2724 5518 3049 5593 ραϐδοῦχοις
3086 5520 3254 5572 Ὅταν
3304 5516 3417 5588 ἴδῃς
3475 5516 3601 5575 τοὺς
3646 5512 3979 5584 ἄρχοντα

2334 5618 2557 5679 τούτους
2586 5615 2714 5677 τοὺς
2748 5612 2844 5666 ἐπὶ
2890 5612 3095 5682 κήρυκι
3124 5610 3302 5679 ὑψηλῇ
3330 5610 3398 5678 τῇ
3427 5608 3573 5677 φωνῇ
3609 5614 3980 5676 προαγομέ

2335 5724 2489 5771 νους·
2517 5708 2645 5759 ὅταν
2672 5703 2787 5778 ἴδῃς
2811 5702 3006 5765 αὐτοὺς
3029 5700 3327 5769 φοϐοῦντας
3358 5698 3448 5752 τὸν
3487 5696 3652 5759 δεῖνα.
3695 5696 3801 5749 καὶ
3842 5706 3980 5757 τὸ

2336 5800 2483 5853 δεῖνα
2514 5795 2764 5863 ξέοντας,
2808 5792 2965 5846 ἄλλον
3008 5790 3362 5863 δημεύοντας.
3409 5789 3657 5843 κάκεῖνον
3701 5786 3980 5847 θανά-ε.
