3996 6472
188 485 276 546 293
884 438 967 539 [IN
1004 483 1255 551 VERBA,
1298 482 1680 538 FACIAMUS
1720 483 1741 537 f

1846 480 2117 546 ΙΙΙΝΕΜ,
2154 481 2330 545 ETC.,
2372 481 2578 539 ORAT.
2622 480 2686 535 ll.

3316 481 3423 538 295

188 601 583 675 παραδιδόνταςθ
615 602 691 673 μὴ
712 600 955 673 φοϐηθῇς
991 602 1061 656 τά
1101 600 1376 672 ὁρώμενα,
1404 601 1477 670 μὴ
1510 601 1741 672 πτοηθῇς

1855 601 2045 656 Dentes
2066 639 2081 664 ,
2116 600 2282 653 alium
2315 600 2491 669 capite
2522 600 2845 663 multantes,
2883 606 2939 653 tu
2971 615 3033 654 ea
3068 616 3132 655 ne
3165 601 3423 658 formida-

185 698 263 749 ἐπὶ
304 698 415 759 τοῖς
458 695 784 765 γινομένοις.
834 693 922 747 τὸν
966 694 1145 757 αὐτοῖς
1198 695 1626 764 προστάσσοντα,
1667 694 1742 764 μὴ

185 784 348 856 ξενίσῃ
389 801 450 837 σε
494 787 528 855 ή
577 784 867 852 φαντασία.
914 783 1279 855 Ἐνθυμήθητι
1324 784 1404 835 ὃτι
1446 782 1677 835 ἔπλασεν
1717 786 1745 837 6

182 875 299 939 Θεὸς
320 874 412 928 τὸν
441 873 727 945 ἄνθρωπον
750 874 880 945 χοῦν
906 875 1014 927 ἀπὸ
1032 874 1133 942 τῆς
1160 874 1283 943 γῆς.
1316 874 1376 927 Εἰ
1413 876 1511 943 μὲν
1541 873 1668 928 άλλο
1693 873 1745 927 τί

181 968 306 1029 ἐστι,
337 965 602 1037 φοϐήθητι
626 982 641 996 ο
675 967 726 1019 εί
752 964 807 1019 δὲ
840 963 969 1035 χοῦς
1014 964 1123 1018 ἀπὸ
1157 964 1258 1034 τῆς
1297 964 1420 1035 γῆς,
1467 964 1742 1035 καταφρό-

177 1072 349 1125 νησον.
375 1074 394 1107 ι
417 1055 528 1108 Καὶ
550 1054 781 1108 ἔπλασεν
805 1055 834 1107 6
853 1054 987 1117 Θεὸς
998 1054 1401 1125 τὸνάνθρωπον.
1418 1072 1436 1105 ι
1458 1055 1571 1107 Οὐκ
1586 1053 1746 1117 εὐθὺς

174 1144 378 1215 ήφωνὴ
407 1144 523 1205 τοῦ.
557 1146 808 1206 ἔπλασε.
837 1148 1089 1217 τεχνικήν
1135 1162 1257 1199 τινα
1302 1145 1395 1199 τοῦ
1439 1145 1574 1199 Θεοῦ
1618 1146 1746 1219 περὶ

170 1238 257 1289 τὸν
286 1237 570 1307 ἄνθρωπον
600 1236 880 1310 ἐνέργειαν
907 1237 1035 1307 ἡμῖν
1050 1235 1356 1309 ὑποφαίνει.
1382 1237 1683 1291 «Ἐπλασεν
1716 1239 1744 1290 6

169 1329 312 1393 Θεός.
332 1354 353 1388 ι
377 1320 516 1396 Ἀρα
534 1325 703 1391 οὕτως
726 1327 959 1386 ἔπλασεν
972 1333 1051 1395 ὡς
1066 1333 1140 1386 οἱ.
1158 1330 1228 1384 τὰ
1254 1329 1453 1400 πήλινα
1473 1329 1743 1385 πλάσσον-

167 1438 251 1485 τες
277 1438 293 1486 ;
324 1421 400 1485 ὡς
422 1423 473 1475 ot
497 1422 586 1475 τὸν
612 1419 811 1493 χαλκὸν
834 1421 1162 1491 χωνεύοντες
1190 1438 1208 1491 ;
1248 1421 1409 1476 Ἀλλά
1434 1422 1745 1494 ἀνδριάντος

170 1511 266 1580 μὲν
298 1513 512 1577 πλάσις,
543 1514 639 1567 καὶ
680 1514 854 1583 γύψου
894 1514 1200 1578 διάπλασις,
1236 1513 1400 1585 μέχρι
1428 1513 1744 1583 ἐπιφανείας

164 1604 260 1673 τὴν
289 1606 520 1676 μίμησιν
558 1604 691 1675 ἔχει.
726 1602 882 1669 Εῐδες
937 1604 1029 1658 τδν
1069 1604 1361 1675 ἀνδριάντα
1398 1605 1515 1666 πῶς
1547 1602 1743 1671 ἕστηκε

166 1697 304 1765 μετά
328 1713 472 1760 τινος
496 1697 679 1767 ήθους.
704 1698 773 1749 Ἦ
797 1696 969 1767 θυμὸν
990 1696 1240 1766 ἐμφαίνει
1280 1697 1309 1747 6
1342 1693 1437 1747 τοῦ
1482 1692 1743 1765 στρατιώ-

158 1788 255 1839 του
292 1787 531 1858 ἀνδριάς,
573 1788 607 1859 ἥ
657 1789 974 1857 γυναικείαν
1023 1786 1261 1845 διάθεσιν
1304 1788 1333 1839 6
1369 1786 1585 1855 χαλκὸς,
1616 1786 1745 1838 ὅταν

157 1882 240 1942 εἰς
268 1884 503 1949 γυναῖκα
535 1881 899 1951 σχηματισθῇ,
950 1881 1047 1934 εἶτ’
1095 1880 1240 1943 ἄλλο,
1294 1880 1417 1932 ὅσον
1456 1878 1675 1931 δύναται
1710 1879 1742 1947 ή

1853 693 2032 752 veris.
2066 708 2206 746 neve
2252 692 2375 746 illus
2409 692 2502 760 qui
2546 708 2633 746 res
2673 691 2941 756 ejusmodi
2986 693 3211 761 jubeant
3254 693 3425 751 fueris

1849 782 2170 838 admiratus.
2204 782 2280 838 Ne
2312 792 2366 836 te
2394 783 2578 852 opinio
2606 783 2775 836 fallat.
2802 782 3069 838 Memento
3093 784 3263 842 Dvum
3292 802 3426 840 cou-

1847 873 2010 927 flasse
2057 874 2331 928 hominem
2373 889 2405 929 e
2451 874 2581 927 limo
2629 881 2805 927 terras.
2858 872 2914 927 Si
2959 874 3087 943 quid
3122 877 3271 931 aliud
3304 888 3421 938 est.

1846 967 2181 1032 extimesce,
2234 969 2319 1020 sin
2355 974 2516 1020 terra:
2549 965 2726 1033 pulvis
2752 1003 2767 1027 ,
2799 980 3113 1035 aspernare.
3146 985 3163 1017 ι
3196 966 3262 1020 Ει
3308 968 3423 1021 for-

1846 1056 2016 1109 mavit
2068 1056 2207 1111 Deus
2255 1056 2556 1109 hominem.
2591 1072 2609 1103 ι
2640 1054 2713 1107 Ea
2764 1068 2902 1115 vox,
2945 1053 3253 1120 Formavit,
3312 1073 3421 1111 non

1844 1148 2096 1218 protinus
2148 1148 2201 1202 in
2255 1148 2476 1203 homine
2527 1148 2776 1203 faciendo
2827 1151 3068 1204 declarat
3131 1149 3423 1204 artificium

1846 1238 1962 1294 Dei.
2009 1239 2261 1310 Nunquid
2308 1241 2558 1295 formavit
2592 1242 2865 1297 hominem
2901 1241 3359 1312 quemadmodum
3392 1257 3424 1296 e

1844 1329 1959 1383 luto
1990 1330 2135 1399 figuli
2167 1331 2371 1398 aliquid
2403 1331 2667 1401 efﬁngunt
2689 1373 2703 1395 ,
2745 1342 2837 1386 aut
2870 1333 3324 1402 quemadmodum
3355 1348 3423 1387 ex

1844 1435 1951 1474 acre
1976 1422 2217 1476 conflant
2257 1423 2463 1493 aliquid
2486 1425 2809 1479 'statuarii?
2846 1423 3064 1479 Minime
3093 1440 3243 1479 vero.
3284 1423 3421 1477 Nam

1846 1519 2026 1564 statua
2063 1513 2281 1580 quidem
2324 1513 2670 1568 extrinsecus
2715 1522 2927 1567 tantum
2962 1516 3198 1584 speciem
3235 1529 3300 1568 ac
3343 1518 3420 1569 si-

1846 1602 2207 1657 militudinem
2240 1604 2475 1674 pra-fert.
2516 1603 2742 1669 Vidisti,
2802 1611 3072 1675 quomodo
3103 1615 3283 1661 statua
3312 1622 3426 1660 ιιιοο

1847 1708 1938 1747 res
1970 1694 2186 1763 aliquos
2215 1696 2521 1765 exprimat,
2553 1700 2783 1769 exempli
2816 1704 2984 1769 gratia
3020 1701 3102 1754 vel
3132 1701 3269 1755 iram
3291 1742 3306 1762 ,
3335 1702 3422 1755 in-

1845 1786 2324 1855 dignationemque
2348 1831 2361 1853 ,
2394 1788 2439 1842 si
2491 1788 2690 1846 referat
2723 1792 3140 1862 imperatorem,
3177 1795 3259 1847 vel
3301 1809 3425 1848 mu-

1850 1877 2072 1933 liebrem
2107 1880 2418 1941 levitatem.
2456 1884 2500 1937 si
2540 1882 2796 1938 feminam
2834 1886 3096 1955 aliquam,
3150 1887 3231 1940 vel
3276 1887 3422 1941 aliud

155 1970 342 2041 τέχνη,
368 1970 456 2025 διά
485 1971 585 2041 τῆς
620 1975 901 2043 μιμήσεως
926 1972 1234 2040 συνεισάγει
1256 1972 1321 2024 τά
1355 1970 1449 2023 τοῦ
1479 1970 1642 2040 ήθους
1666 1969 1741 2040 τῷ

1846 1970 2123 2041 quidpiam
2160 1988 2473 2044 congruens
2512 1976 2602 2039 ei,
2637 1974 2782 2046 quod
2824 1977 3117 2047 efﬁngitur,
3152 1987 3423 2048 quatenus

155 2064 485 2135 χαρακτῆρι.
517 2062 651 2117 Θεοῦ
678 2064 735 2117 δὲ
762 2065 957 2127 πλάσις
1012 2065 1073 2117 οὐ
1112 2063 1334 2133 τοιαύτη
1355 2103 1369 2126 ,
1399 2062 1513 2116 ἀλλ’
1540 2060 1741 2115 ἔπλασε

152 2155 250 2207 τὸν
291 2154 599 2226 ἄνθρωπον,
651 2158 743 2210 καὶ
781 2159 813 2227 ή
869 2157 1236 2226 δημιουργικὴ
1285 2154 1451 2207 αὑτοῦ
1496 2154 1742 2225 ἐνέργεια

152 2247 337 2299 πάντα
359 2247 737 2317 διωργάνωσεν
776 2248 868 2301 ἐπὶ
892 2248 955 2301 τὺ
996 2247 1156 2316 βάθος
1185 2248 1480 2317 χωρήσασα
1508 2244 1738 2300 ἔνδοθεν.

153 2340 218 2392 Et
268 2340 393 2410 ἐμοὶ
434 2340 686 2393 τοσοῦτον
722 2341 918 2412 περιῆν
965 2340 1178 2411 σχολῆς,
1222 2339 1308 2391 ἵνα
1351 2355 1431 2391 σοι
1465 2337 1624 2401 δείξω
1647 2337 1741 2390 τοῦ

151 2431 444 2503 ἀνθρώπου
466 2431 565 2502 τὴν
600 2432 959 2503 κατασκευὴν,
985 2433 1077 2486 καὶ
1120 2430 1319 2502 ἔμαθες
1342 2429 1401 2494 ἐξ
1422 2428 1615 2482 ἑαυτοῦ
1643 2429 1741 2498 τὴν

149 2522 285 2593 περὶ
315 2522 374 2575 σὲ
401 2523 593 2591 σοφίαν
628 2522 723 2575 τοῦ
754 2522 911 2585 Θεοῦ,
954 2523 1034 2575 ὅτι
1078 2520 1217 2575 κατά
1260 2519 1516 2589 ἀλήθειαν
1548 2517 1743 2588 μικρὸς

150 2614 360 2683 κόσμος
380 2613 685 2685 ἄνθρωπος,
713 2614 806 2667 καὶ
858 2612 1038 2676 καλῶς
1076 2610 1339 2679 ἐποίησαν
1384 2610 1433 2661 οἱ
1462 2607 1636 2678 τούτῳ
1662 2606 1741 2677 τῷ

146 2706 378 2776 ὀνόματι
405 2706 564 2759 αὑτὸν
595 2706 1075 2778 ἀποσεμνύνοντες.
1111 2704 1281 2757 Πόσαι
1336 2702 1463 2772 περὶ
1502 2701 1564 2753 τὸ
1602 2701 1742 2771 πρᾶ-

148 2815 269 2867 γμα
294 2797 454 2851 τοῦτο
496 2802 870 2870 πραγματεῖαι
913 2796 1412 2867 καταναλώθησαν;
1443 2793 1508 2845 Αἱ
1555 2809 1742 2860 φυσιο-

147 2889 334 2959 λογίαι
366 2891 475 2943 τῶν
499 2893 715 2964 ίατρῶν,
738 2892 845 2946 τῶν
867 2890 1191 2961 γυμναστῶν
1220 2890 1277 2942 αἱ
1306 2887 1738 2958 παρατηρήσεις,

146 2981 181 3050 ἦ
214 2983 347 3051 περὶ
387 2982 695 3052 ἀναλογίας.
741 2985 773 3055 ἢ
827 2986 954 3053 περὶ
992 2983 1100 3037 τῶν
1149 2981 1323 3053 μελῶν
1361 2979 1498 3050 πρὸς
1537 2976 1743 3047 άλληλα

146 3075 518 3144 συμμετρίας,
544 3075 670 3147 περὶ
694 3074 931 3147 πλήθους
962 3074 1351 3145 πολυσαρκίας,
1369 3070 1544 3126 ταῦτα
1566 3069 1742 3121 πάντα

145 3167 232 3229 εἰς
263 3166 369 3237 τὴν
417 3167 544 3238 περὶ
581 3166 869 3239 ἀνθρώπου
912 3167 1198 3222 διάπλασιν
1251 3164 1578 3235 είσέρχεται.
1633 3160 1741 3212 Καὶ

141 3254 322 3309 πόθεν
349 3258 472 3328 ἐμοὶ
498 3260 528 3312 6
549 3259 706 3328 λόγος
740 3260 1020 3323 τοσοῦτος,
1063 3258 1205 3312 ὥστε
1248 3254 1536 3327 δυνηθῆναί
1571 3267 1637 3322 με
1665 3251 1741 3302 εἰ-

143 3351 275 3402 πεῖν
301 3350 444 3419 μετά
458 3350 738 3425 ἀκριϐείας
760 3353 859 3405 ὅσα
877 3354 932 3405 ὲν
953 3353 1051 3423 μιᾷ
1068 3352 1217 3420 φωνῇ
1235 3347 1330 3401 τοῦ
1346 3347 1578 3400 ἔπλασε
1593 3357 1742 3413 περι-

136 3440 336 3509 έχεται
364 3458 377 3507 ;
406 3439 487 3494 Τά
512 3442 569 3494 δὲ
591 3442 854 3513 πρόχειρα
874 3441 977 3496 κᾶν
999 3441 1109 3510 ἐγὼ
1134 3440 1209 3511 μὴ
1234 3440 1390 3501 είπω,
1417 3436 1481 3490 σὺ
1510 3429 1677 3495 οἶδας.

1844 2062 1949 2115 arti
1983 2076 2313 2119 concessum
2348 2076 2452 2121 est.
2484 2068 2554 2120 At
2587 2082 2727 2137 opus
2769 2069 3059 2123 formatum
3096 2085 3125 2123 a
3166 2071 3276 2125 Deo
3312 2086 3421 2125 non

1842 2161 1927 2208 est
1954 2154 2247 2223 ejusmodi.
2284 2155 2377 2211 Sic
2406 2159 2550 2213 enim
2586 2158 2861 2214 hominem
2894 2160 3182 2225 conflavit,
3213 2172 3271 2215 ut
3300 2178 3422 2217 om-

1841 2260 1943 2300 nes
1978 2246 2127 2300 illius
2157 2255 2343 2317 partes
2372 2249 2523 2304 intus
2554 2250 2717 2303 etiam
2752 2250 3107 2314 informaret,
3146 2262 3309 2319 atque
3339 2252 3423 2306 di-

1843 2338 2169 2407 stingueret.
2199 2338 2254 2393 Si
2285 2347 2498 2395 tantum
2530 2350 2846 2412 suppeteret
2870 2343 3040 2397 otium
3061 2386 3074 2408 ,
3107 2351 3165 2397 ut
3205 2359 3420 2413 possem

1842 2430 1940 2482 tibi
1990 2430 2214 2484 humani
2251 2431 2500 2501 corporis
2542 2432 2803 2487 fabricam
2848 2435 3158 2503 explicare,
3198 2449 3420 2504 operam

1841 2521 2027 2575 darem
2051 2564 2067 2587 ,
2099 2530 2159 2576 ιιι
2185 2538 2249 2577 ex
2287 2532 2341 2578 te
2369 2524 2486 2593 ipso
2514 2524 2603 2577 Dei
2635 2524 2955 2594 sapientiam
2982 2526 3034 2578 in
3064 2526 3280 2579 homine
3309 2524 3427 2579 for-

1841 2613 2044 2667 mando
2077 2628 2441 2684 cognosceres
2461 2654 2476 2679 ,
2502 2602 2666 2685 teque
2689 2630 2819 2669 vere
2857 2631 3083 2685 parvum
3112 2632 3234 2671 esse
3260 2632 3421 2671 mun-

1842 2702 1970 2756 dum
1995 2703 2349 2773 intelligeres.
2372 2701 2482 2758 Nec
2503 2706 2645 2759 male
2668 2703 2911 2759 fecerunt
2933 2745 2946 2767 ,
2965 2706 3056 2775 qui
3081 2705 3182 2760 hoc
3203 2705 3425 2760 nomine

1844 2792 2119 2846 hominem
2152 2793 2695 2848 commendaverunt.
2738 2792 2925 2848 Multae
2959 2794 3012 2848 in
3054 2794 3156 2848 hoc
3193 2794 3416 2863 negotio

1843 2888 1972 2936 tota:
2008 2880 2121 2937 fere
2150 2890 2445 2937 versantur
2474 2891 2653 2948 artes,
2686 2894 2746 2938 ut
2773 2885 3055 2938 naturales
3085 2884 3423 2944 medicorum

1845 2971 2169 3038 facultates,
2202 2982 2263 3027 ut
2290 2983 2705 3044 gymnastarum
2730 2974 3144 3030 observationes
3163 3015 3178 3037 ,
3206 2990 3326 3045 quae
3357 2976 3426 3029 de

1845 3064 2203 3134 proportione
2225 3106 2241 3128 ,
2279 3081 2636 3136 congruaque
2665 3067 3035 3125 membrorum
3070 3067 3214 3121 inter
3244 3081 3306 3121 se
3337 3066 3425 3119 di-

1843 3156 2163 3220 mensione,
2190 3165 2284 3210 aut
2305 3159 2501 3227 aequali
2536 3159 2827 3213 humorum
2859 3162 3017 3229 copia
3040 3198 3055 3222 ,
3090 3168 3143 3213 et
3171 3160 3424 3229 corporis

1846 3247 2115 3303 obesitate
2157 3247 2464 3319 disputant.
2516 3248 2610 3303 Hae
2660 3261 2897 3320 namque
2938 3265 3130 3305 omnes
3172 3252 3424 3321 corporis

1846 3338 2023 3392 nostri
2070 3338 2424 3393 considerant
2473 3339 2791 3394 artificium.
2851 3339 3005 3394 Unde
3057 3351 3238 3395 autem
3290 3342 3421 3394 mihi

1847 3435 2000 3482 tanta
2041 3429 2259 3485 dicendi
2310 3431 2393 3485 vis
2434 3438 2489 3484 et
2537 3430 2758 3485 ubertas
2805 3432 3104 3496 orationis,
3158 3439 3218 3485 ut
3266 3432 3428 3502 plane

141 3536 365 3606 νοεςίηι
400 3537 711 3605 "plicare,
745 3552 908 3605 quam
942 3536 1108 3589 ,ιιυιω
1139 3534 1303 3587 unico
1332 3531 1425 3585 illo
1456 3527 1623 3582 verbo
1646 3562 1663 3587 ,
1700 3518 1999 3586 Formavit,
2036 3520 2623 3591 comprehendantur?
2665 3520 2802 3575 Nam
2834 3539 2955 3592 qua!
2990 3523 3236 3578 faciliora
3259 3533 3386 3578 sunt
3406 3563 3424 3589 ,

138 3640 197 3683 et
224 3631 279 3681 in
312 3639 605 3700 promptu,
630 3632 794 3684 etiam
825 3646 909 3684 me
938 3639 1152 3684 tacente
1182 3625 1537 3697 cognoscitis.
1606 3646 1609 3657 ι

221 3722 506 3776 Ἐπλασεν
553 3722 583 3773 6
637 3722 769 3787 Θεὸς
823 3722 1006 3794 ὀρθόν⁹
1066 3721 1340 3792 ἐξαίρετον
1399 3717 1606 3787 ταύτην
1659 3733 1741 3767 σοι

138 3815 244 3885 τὴν
284 3814 578 3868 διάπλασιν
614 3815 766 3887 παρὰ
806 3815 876 3869 τὰ
917 3814 1080 3868 λοιπά
1126 3813 1240 3877 ζῶα
1286 3812 1474 3865 ἔδωκε.
1512 3810 1609 3863 Διά
1646 3808 1741 3873 τίς

137 3906 341 3977 ἐπειδὴ
374 3906 651 3977 ἐξαίρετόν
695 3923 777 3959 σοι
834 3907 927 3960 καὶ
978 3905 1075 3978 τὴν
1118 3905 1393 3976 ἐνέργειαν
1436 3900 1742 3956 ἀποδιδόναι

1920 3703 2196 3760 Formavit
2252 3704 2398 3761 Deus
2446 3706 2725 3761 hominem
2782 3715 3032 3772 rectum;
3091 3708 3423 3779 singularem

1843 3797 1982 3851 hanc
2028 3799 2169 3862 tibi,
2219 3799 2419 3863 homo,
2474 3799 2704 3853 formam
2749 3801 3061 3864 concessit,
3113 3817 3275 3871 quam
3333 3803 3425 3857 alii

1842 3890 1991 3945 dedit
2023 3890 2340 3943 animalium
2386 3890 2547 3944 nulli.
2595 3889 2961 3956 Quamobrem
2994 3892 3019 3945 2
3057 3894 3185 3961 quia
3232 3893 3424 3963 singu-

1845 3983 2011 4036 larem
2045 3984 2210 4035 etiam
2244 3970 2515 4037 actionem
2549 3992 2669 4037 erat
2693 3983 3017 4037 traditurus.
3050 3982 3278 4054 Reliqua
3308 3987 3427 4039 ani-

1843 4076 2003 4128 malia
2035 4082 2164 4130 sunt
2198 4074 2391 4141 bruta,
2432 4084 2488 4129 et
2530 4075 2622 4128 illa
2669 4084 2953 4145 spectant.
3010 4078 3075 4131 ad
3125 4093 3247 4147 quae
3296 4090 3423 4131 nata

134 3996 368 4067 531.2112.
403 3997 485 4050 Τά
517 3997 615 4067 μὲν
644 3997 752 4069 γάρ
778 3996 935 4061 ἀλλα,
967 3994 1291 4067 βοσκήματά
1318 3996 1454 4055 ἐστι,
1490 3993 1582 4047 καὶ
1607 3991 1743 4062 πρὸς

127 4091 171 4145 ἃ
214 4089 460 4160 πέφυκε,
496 4090 634 4162 πρὸς
663 4088 836 4143 ταῦτα
881 4089 992 4160 ἔχει
1037 4088 1139 4159 τὴν
1183 4088 1547 4156 κατασκευήν.
1592 4084 1745 4152 Ἐγε-

126 4183 288 4255 νήθη
312 4183 378 4235 τὸ
411 4181 682 4252 πρόϐατον
710 4181 988 4253 νέμεσθαι,
1023 4181 1173 4233 κάτω
1212 4178 1323 4250 ἔχει
1372 4178 1471 4243 τὴν
1504 4177 1741 4246 κεφαλὴν

1846 4175 1998 4220 sunt.
2032 4165 2111 4219 Ad
2143 4174 2361 4236 pastum
2395 4168 2578 4237 genita
2612 4174 2741 4221 sunt
2786 4182 3005 4237 pecora.
3064 4167 3250 4238 Itaque
3298 4184 3427 4239 pro-

129 4278 543 4338 συννεύουσαν,
592 4279 658 4347 τῇ
704 4275 901 4344 γαστρὶ⁵
944 4274 1155 4343 ὲνορᾷν,
1204 4274 1300 4325 καὶ
1344 4272 1456 4333 τοῖς
1498 4269 1603 4322 ὑπὸ
1644 4285 1741 4337 γα-

1846 4275 1967 4314 nam
1999 4259 2371 4330 deorsumque
2416 4268 2729 4330 vergentem
2784 4258 3014 4314 formam
3066 4260 3308 4325 habent,
3362 4270 3423 4313 ut

125 4372 341 4443 στέρα,
376 4368 561 4439 ἐπειδὴ
594 4346 745 4430 τέλος
786 4366 1017 4428 ἐκείνοις
1052 4363 1473 4435 εὐδαιμονίας,ή
1508 4360 1741 4431 γαστρὸς

1846 4361 2084 4405 ventrem
2108 4390 2123 4415 ,
2154 4359 2209 4405 et
2240 4364 2363 4419 qua:
2388 4350 2563 4405 ventri
2593 4350 2838 4419 subjecta
2869 4359 3033 4413 sunt,
3067 4348 3309 4404 videant.
3345 4346 3426 4403 St-

122 4442 438 4533 πλήρωσις
485 4458 578 4511 καὶ
619 4456 937 4519 ἀπόλαυσις.
991 4453 1310 4524 Ἀνθρωπος
1349 4452 1406 4505 δὲ
1452 4452 1633 4504 οὐκετι
1663 4452 1741 4513 είς

1846 4442 2063 4512 quidem
2093 4456 2287 4497 eorum
2320 4442 2555 4497 felicitas
2582 4449 2667 4496 est
2696 4442 2938 4512 expletio
2967 4442 3175 4495 ventris
3195 4482 3208 4504 ,
3238 4456 3302 4494 ac
3333 4456 3427 4493 vo-

121 4530 425 4622 γαστέρα
466 4548 674 4620 βλέπει,
729 4545 843 4600 ἀλλ’
899 4548 981 4609 είς
1034 4545 1105 4598 τὰ
1165 4545 1277 4599 ἀνω
1328 4542 1539 4613 κεφαλὴ
1592 4540 1738 4611 αὐτῷ

1846 4533 2049 4604 luptas.
2089 4531 2267 4587 Homo
2306 4548 2436 4587 vero
2476 4547 2584 4586 non
2618 4540 2862 4585 ventrem
2896 4530 3159 4600 despicit,
3192 4531 3287 4584 sed
3324 4546 3425 4584 su-

123 4603 384 4713 ὁᾷἧλήζ
414 4603 505 4694 ἵνα
545 4603 672 4710 τὴν,
693 4636 805 4691 ἀνω
856 4603 1028 4710 βλέπῃ
1076 4603 1427 4703 συγγένειανί
1475 4603 1741 4703 ὀιρθαλμοὶ

1847 4603 2063 4698 periura
2090 4634 2384 4682 contuetur
2410 4644 2425 4692 ;
2455 4636 2618 4697 caput
2645 4626 2721 4680 illi
2755 4626 2988 4680 sublime
3014 4634 3096 4681 est
3118 4665 3130 4688 ,
3163 4633 3223 4679 ιιι
3254 4642 3427 4693 genus

118 4735 243 4787 οὐκ
282 4734 366 4795 είς
408 4730 508 4801 τὴν
544 4729 650 4800 γῆν
683 4728 955 4792 νεύοντες.
1005 4727 1095 4799 Μὴ
1121 4728 1300 4780 τοίνυν
1339 4725 1481 4779 ποίει
1517 4725 1740 4778 σεαυτὸν

1846 4722 2069 4776 caeleste
2116 4719 2417 4789 suspiciat;
2464 4719 2609 4773 oculi
2660 4734 2767 4773 non
2822 4718 3054 4772 tendunt
3098 4716 3152 4770 in
3201 4727 3425 4771 terram.

120 4824 308 4895 παρὰ
336 4822 501 4892 φύσιν
522 4839 537 4852 ·
583 4821 657 4893 μὴ
687 4821 757 4874 τὰ
794 4821 959 4891 γήινα
1000 4820 1343 4890 περισκόπει.
1378 4816 1513 4871 ἀλλά
1553 4817 1622 4871 τὰ
1655 4817 1741 4869 οὑ-

1846 4810 2116 4876 Quocirca
2155 4824 2224 4865 ne
2258 4810 2365 4863 vim
2406 4807 2612 4863 inferas
2648 4816 2859 4861 naturae
2898 4816 3022 4862 tuae.
3074 4805 3315 4861 Terrena
3358 4822 3429 4860 ne

122 4918 337 4988 ράνια,
365 4908 429 4967 οὗ
455 4915 485 4967 6
514 4913 747 4985 Χριστός
774 4914 940 4973 ἐστιν.
992 4930 1009 4962 ι
1047 4912 1108 4964 Et
1144 4908 1512 4981 συνηγέρθητε
1551 4927 1570 4959 ι
1607 4907 1738 4977 γάρ,

1847 4914 2092 4973 spectes,
2130 4902 2227 4957 sed
2257 4901 2503 4957 caelestia
2526 4939 2541 4964 ,
2577 4900 2668 4953 ubi
2719 4897 2976 4955 Christus
3012 4908 3114 4954 est.
3147 4917 3166 4950 ι
3198 4898 3253 4952 Si
3288 4915 3424 4953 con—

120 5012 307 5081 φησὶ,
344 5028 362 5060 ι
391 5008 469 5077 τῷ
515 5005 765 5076 Χριστῷ,
810 5005 879 5059 τά
911 5004 1023 5058 ἀνω
1057 5003 1287 5072 ζητεῖτε,
1330 4996 1390 5055 οὗ
1430 5001 1459 5053 6
1509 4998 1741 5071 Χριστός

1846 4995 2157 5059 surrexisti,
2191 5013 2209 5046 ι
2231 4994 2429 5064 inquit,
2453 5011 2472 5043 ι
2497 5008 2621 5047 cum
2641 4993 2879 5053 Christo.
2903 5008 3023 5062 qua:
3039 5007 3256 5047 sursum
3277 5002 3425 5053 sunt.

118 5107 322 5157 ἐστιν.
352 5121 372 5151 ι
402 5099 587 5161 Οὕτως
613 5096 905 5167 ἐπλάσθης.
924 5095 1065 5148 Αὐτὸ
1079 5096 1140 5148 τὸ
1153 5094 1471 5163 διάπλασμα
1486 5093 1739 5147 διδασκα-

1846 5088 2103 5158 quaerite,
2131 5087 2221 5141 ubi
2248 5086 2501 5139 Christus
2523 5092 2607 5138 est
2631 5084 2673 5137 ⁷.
2701 5103 2718 5135 ι
2738 5083 2830 5138 Sic
2852 5084 3018 5153 igitur
3042 5084 3305 5136 formatus
3329 5096 3389 5136 es
3408 5121 3424 5144 ,

117 5198 295 5250 λεῖόν
326 5197 448 5247 ἐστι
480 5191 576 5245 τοῦ
621 5190 806 5254 τέλους
854 5190 990 5261 πρὸς
1037 5189 1065 5241 ὃ
1110 5187 1359 5256 γέγονας.
1399 5185 1619 5254 Ἐγένου
1655 5183 1741 5237 ἵνα

1846 5188 1901 5235 et
1938 5179 2113 5233 forma
2152 5185 2243 5232 tua
2283 5186 2337 5232 te
2374 5185 2591 5241 monet,
2626 5175 2691 5230 ad
2733 5190 2896 5247 quem
2931 5183 3093 5230 natus
3127 5176 3205 5230 sis
3240 5173 3424 5227 finem.

117 5288 285 5340 Θεὸν
324 5284 549 5356 βλέπῃς,
579 5283 678 5353 οὑχ
725 5282 811 5333 ἵνα
850 5282 941 5333 ἐπὶ
986 5280 1089 5349 γῆν
1131 5276 1359 5348 σύρηταί
1406 5293 1500 5328 σου
1537 5276 1570 5345 ἡ
1608 5272 1741 5343 ζωὴ,

1846 5272 2072 5328 Genitus
2102 5285 2162 5326 es
2184 5309 2200 5333 ,
2231 5276 2294 5325 ut
2330 5267 2499 5325 Deum
2534 5269 2720 5323 videas
2754 5279 2806 5322 et
2848 5266 3235 5336 contempleris
3256 5306 3271 5329 ,
3316 5280 3427 5318 non

116 5381 241 5449 οὒχ
272 5354 367 5431 ἵνα
535 5372 784 5443 κτηνώδη
822 5371 955 5444 ἔχῃς
1002 5368 1319 5431 ἀπόλαυσιν,
1363 5366 1475 5420 ἀλλ’
1515 5366 1602 5419 ἵνα
1645 5365 1741 5437 τὴν

1846 5376 1908 5420 ιιι
1939 5365 2091 5418 humi
2120 5362 2335 5433 dejecta
2368 5370 2555 5432 serpat
2586 5362 2698 5414 vita
2736 5369 2858 5420 tua.
2898 5374 3007 5413 non
3050 5368 3108 5411 ut
3154 5354 3424 5426 pecudum

114 5448 411 5542 οὐράνιον
451 5467 705 5538 ὲπιτελῇς
764 5463 1056 5517 πολιτείαν.
1111 5460 1210 5514 Διά
1262 5460 1420 5514 τοῦτο
1480 5457 1645 5528 συφοῦ
1696 5458 1741 5510 oi

1847 5458 2155 5526 voluptates
2181 5451 2541 5516 consecteris,
2569 5450 2664 5505 sed
2693 5456 2753 5503 ιιι
2774 5449 2943 5503 vitam
2966 5448 3244 5502 caelestem
3270 5461 3420 5515 agas.

114 5560 430 5634 ὀφθαλμοὶ
467 5561 527 5613 ἐν
568 5558 774 5627 κεφαλῇ
819 5554 1008 5616 αὑτοῦ,
1049 5556 1077 5607 6
1120 5552 1281 5622 σοφός
1312 5568 1475 5622 φησιν
1518 5549 1747 5620 Ἐκκλη-

118 5656 409 5725 σιαστής.
443 5652 599 5714 Τίνος
635 5650 690 5703 δὲ
722 5650 823 5702 οὐκ
853 5650 910 5702 ὲν
939 5647 1149 5718 κεφαλῇ
1190 5647 1240 5700 οἱ
1266 5643 1569 5715 ὀφθαλμοί;
1607 5642 1745 5695 Ἀλλ’

115 5751 183 5801 ὲν
255 5745 528 5814 κεφαλῇ,
575 5742 883 5804 τουτέστιν,
949 5740 1036 5794 ἴνα
1088 5739 1158 5793 τὰ
1205 5737 1387 5809 ὑψηλά
1446 5735 1745 5791 σκοπῶσιν.

122 5842 197 5897 Ὀ
238 5838 312 5893 δὲ
351 5839 437 5899 είς
466 5836 535 5888 τὰ
567 5834 746 5905 ὕψηλά
783 5833 857 5906 μὴ
889 5831 1125 5903 βλέπων,
1156 5830 1270 5887 ἀλλ’
1319 5831 1401 5896 είς
1450 5828 1519 5885 τὰ
1556 5828 1742 5901 γήινα,

198 5959 225 5992 ¹
259 5958 492 6014 Coloss.
528 5966 611 6023 ιιι,
645 5954 694 6008 1.
730 5958 751 5991 ⁸
783 5954 956 6013 Eccle.
992 5970 1048 6021 ιι,
1078 5953 1170 6012 Η.

1848 5549 2059 5603 Idcirco
2104 5544 2363 5616 sapientis
2409 5543 2553 5597 oculi
2604 5542 2703 5612 (ut
2742 5541 2964 5610 sapiens
3012 5542 3188 5610 inquit
3234 5538 3425 5593 Eccle-

1848 5639 2090 5708 siastes)
2119 5637 2174 5691 in
2195 5637 2407 5705 capite,
2441 5642 2570 5688 sunt
2598 5633 2773 5703 ipsius
2793 5631 2832 5681 ⁸,
2868 5629 2981 5685 Cur
3007 5640 3187 5684 autem
3216 5644 3324 5684 non
3357 5630 3427 5683 ad

1847 5740 2010 5802 caput
2031 5728 2126 5786 sed
2154 5730 2210 5783 in
2240 5724 2457 5797 capite?
2478 5740 2673 5793 nempe
2710 5730 2766 5776 ut
2795 5736 2918 5791 qua:
2949 5721 3164 5775 excelsa
3197 5737 3261 5775 ac.
3293 5722 3424 5775 sub-

1846 5826 1998 5881 limia
2044 5828 2205 5889 sunt,
2247 5820 2564 5875 intueantur
2596 5825 2649 5872 et
2685 5811 2971 5887 spectent.'
3012 5813 3116 5882 Qui
3148 5822 3327 5871 autem
3358 5827 3429 5872 ea
