3988 6466
564 457 673 515 295

1819 454 1880 511 S.
1919 452 2248 511 GREGORII
2280 451 2580 508 NYSSEM

3712 446 3818 503 29$

568 595 677 635 nnn
706 574 902 645 aspicit
919 612 934 635 ,
960 571 1058 628 sed
1084 578 1301 626 terrena
1321 612 1337 636 ,
1365 569 1411 627 is
1434 570 1624 625 oculos
1651 570 1801 625 humi
1836 571 2046 627 deﬁxos
2073 585 2137 625 ac
2170 618 2173 631 λ

2275 569 2547 639 φθαλμοὺς
2591 567 2702 639 ἔχει
2736 568 2815 630 εἰς
2846 566 2948 637 γῆν
2985 564 3333 638 συρομένους.
3380 563 3676 633 ὐφθαλμοὶ
3710 564 3809 617 τοί·

564 668 812 737 sepultos
861 665 1043 717 habet.
1095 659 1255 717 Oculi
1299 676 1431 731 ergo
1476 660 1719 715 rotundi.
1773 660 1950 730 Caput
1981 675 2145 729 super

566 761 829 814 humeros
851 754 1094 825 positum
1116 793 1132 819 ,
1162 769 1272 807 non
1308 765 1683 822 compressum
1707 791 1722 813 ,
1751 768 1818 806 ne
1844 753 1916 807 sit
1944 752 2146 805 humile

566 863 733 920 atque
771 846 1078 916 abiectum,
1116 843 1211 899 sed
1245 845 1446 899 decoro
1482 844 1715 899 cervicis
1755 843 1996 897 culmine
2039 843 2146 895 ful-

568 953 685 995 tum
718 939 926 994 tollitur
950 938 1005 992 in
1030 938 1286 993 sublime.
1314 934 1557 991 Gemina!
1591 936 1876 992 oculorum
1913 935 2144 1005 pupula.

568 1033 762 1088 Nonne
795 1031 932 1086 satis
964 1046 1106 1085 unus
1143 1038 1262 1083 erat
1302 1030 1543 1084 oculus?
1571 1044 1672 1083 cur
1702 1029 1867 1099 igitur
1899 1028 2009 1082 duo
2035 1026 2149 1082 dati

568 1132 702 1179 sunt
722 1123 746 1175 2
769 1130 828 1175 ut
851 1120 955 1174 sibi
981 1119 1223 1175 vicissim
1245 1128 1432 1173 essent
1454 1119 1660 1173 auxilio
1678 1158 1693 1180 ,
1721 1126 1781 1172 ut
1814 1118 2149 1174 deficientem

574 1229 741 1266 omnm
786 1212 930 1267 alter
965 1212 1367 1265 consolaretur.
1404 1207 1706 1271 Praeterea,
1759 1210 1887 1276 quia
1934 1206 2151 1262 videndi

571 1305 656 1357 vis
686 1303 732 1357 si
764 1302 837 1357 ab
860 1316 976 1355 uno
1004 1308 1216 1354 tanaim
1250 1298 1542 1367 proﬂuerct
1562 1337 1577 1360 ,
1609 1306 1757 1352 esset
1787 1295 2150 1361 imbecillior;

574 1412 605 1447 a
637 1394 854 1448 duobus
878 1401 1062 1446 autem
1094 1388 1344 1445 fontibus
1366 1404 1660 1452 emanans,
1699 1387 1908 1442 firmior
1930 1395 2035 1442 est.
2068 1386 2155 1441 Si-

576 1486 689 1539 mul
717 1485 863 1539 enim
899 1482 1156 1551 utrinque
1178 1480 1538 1551 progrediens
1560 1517 1576 1542 ,
1602 1487 1659 1534 et
1685 1493 2042 1540 concurrens,
2074 1485 2145 1530 at-

574 1591 683 1645 que
705 1575 758 1628 in
787 1588 952 1627 unum
977 1570 1259 1628 conllueus
1282 1570 1651 1641 conjungitur.
1676 1570 1889 1625 Etenim
1915 1570 1984 1624 ab
2008 1579 2155 1623 utro-

576 1682 686 1736 que
718 1666 878 1720 oculo
912 1674 1165 1733 tanquam
1194 1677 1224 1716 a
1244 1662 1453 1733 duplici
1488 1661 1691 1732 Euripo
1718 1663 1875 1732 longe
1903 1662 2158 1731 prodiens

575 1757 788 1811 canalis
827 1756 937 1808 coit
977 1763 1033 1809 et
1075 1754 1386 1824 copulatur.
1434 1751 1629 1807 Nonne
1651 1752 1931 1822 conspicis
1957 1766 2156 1810 senes.

578 1848 671 1913 qui
710 1860 796 1899 res
843 1846 895 1897 in
942 1844 1250 1915 propinquo
1296 1842 1433 1898 sitas
1478 1842 1681 1897 intueri
1728 1858 1838 1897 non
1884 1842 2161 1912 possunt?

585 1937 685 1992 Ubi
734 1944 913 1991 autem
946 1914 1185 1991 iobtutus
1213 1944 1479 2005 tanquam
1509 1935 1968 1992 concurrentibus
1998 1936 2157 1990 undis
2192 1914 2231 1967 θ

584 2032 639 2082 in
669 2043 840 2083 unum
872 2026 1233 2089 conﬂuxerit,
1269 2040 1359 2080 res
1393 2026 1526 2095 ipsa:
1561 2025 2160 2097 ﬁrmiuscomprelten-

582 2115 809 2169 duntur.
840 2110 959 2168 Jam
987 2116 1272 2169 oculorum
1302 2114 1567 2168 custodia
1594 2132 1755 2184 quam
1784 2118 1969 2171 multa:
1998 2123 2155 2171 sunt!

582 2204 795 2260 Tunica
830 2205 980 2261 intus
1015 2222 1158 2271 una,
1195 2204 1288 2261 sed
1322 2206 1438 2259 haec
1473 2222 1583 2260 non
1615 2218 1733 2261 erat
1767 2208 1906 2263 satis
1935 2226 1951 2274 ;
1988 2224 2163 2277 neque

581 2298 728 2352 cnim
775 2298 974 2351 molem
1017 2312 1124 2350 una
1164 2298 1481 2355 conficeret.
1537 2298 1680 2362 Aut,
1731 2299 1777 2353 si
1822 2303 2160 2364 conﬁceret,

584 2386 954 2441 crassitudine
1007 2403 1106 2442 sua
1161 2388 1424 2442 cernendi
1480 2387 1587 2442 vim
1634 2389 1947 2460 obtegeret,
2001 2398 2165 2458 atque

587 2480 895 2549 impediret.
920 2479 1287 2545 Quamobrem
1314 2494 1542 2535 necesse
1570 2478 1675 2534 fuit
1695 2517 1712 2544 ,
1742 2489 1802 2535 ut
1828 2488 1975 2538 esset
1999 2483 2165 2535 etiam

587 2573 910 2642 perspicua,
952 2579 1008 2627 et
1043 2572 1202 2628 levis.
1237 2570 1356 2627 Una
1402 2572 1569 2641 igitur
1615 2573 1944 2642 perspicua,
1996 2574 2166 2629 altera

588 2664 770 2717 tenuis
796 2678 810 2727 ;
837 2663 925 2715 illa
947 2662 1169 2733 quidem
1197 2662 1514 2733 crystallina
1534 2701 1550 2725 ,
1577 2662 1693 2718 haec
1717 2672 1898 2717 autem
1931 2677 2167 2733 cornea;

586 2761 642 2807 et
671 2768 791 2822 qua:
821 2752 1088 2823 protegit,
1113 2754 1344 2819 ﬁrmior,
1370 2768 1492 2824 quae
1520 2754 1667 2808 intus
1691 2762 1807 2817 est,
1836 2755 2076 2820 tenuior,
2103 2772 2172 2810 ne

588 2845 794 2900 aditum
846 2844 1278 2910 intercluderet,
1318 2844 1481 2900 tertia
1528 2846 1884 2916 crystallina,
1934 2855 1994 2901 ιιι
2028 2848 2080 2902 in
2111 2863 2173 2903 se

590 2937 939 3008 splendorem
975 2939 1337 3008 conspicuum
1374 2937 1706 2992 contineret.
1742 2938 2025 2995 Accedunt
2057 2941 2172 3010 pal-

592 3028 807 3097 pebrae,
841 3041 964 3098 qua:
999 3035 1129 3082 sunt
1155 3027 1443 3082 oculorum
1477 3028 1853 3099 integumenta
1874 3070 1891 3094 ,
1943 3039 1999 3084 et
2050 3044 2175 3100 pro—

591 3119 896 3191 pugnacula
949 3130 1004 3173 et
1057 3119 1369 3181 domicilia,
1430 3128 1594 3191 atque
1645 3120 1948 3176 custodes:
2001 3137 2177 3191 neque

2243 678 2339 712 νυν
2397 656 2661 727 κάθηνται
2725 656 3068 726 κυκλοτερεῖς
3089 697 3108 718 ,
3171 654 3411 723 κεφαλῆς
3468 652 3820 722 ἐπικειμένης

2243 752 2355 814 τοῖς
2393 749 2584 820 ὤμοις.
2625 748 2760 801 Οὐδὲ
2795 747 2933 815 αὑτὴ
2984 746 3318 809 ἐνδεδυκυῖα,
3349 745 3436 797 ἴνα
3480 742 3556 814 μὴ
3590 743 3826 813 ταπεινὴ

2244 834 2312 912 ᾖ-
2380 838 2495 891 ἀλλ’
2556 836 2838 908 ἐρείσματι
2910 834 3171 905 ἀξιολόγῳ
3230 834 3309 904 τῷ
3367 834 3555 903 αὐχένι
3609 834 3823 887 irritet.

2246 948 2358 984 ται.
2388 932 2533 983 ’Δνω
2564 931 2600 999 ἠ
2642 928 2848 998 κεφαλὴ
2872 970 2888 993 ,
2943 925 3038 980 καὶ
3077 926 3345 995 ὀφθαλμοὶ
3384 924 3594 994 δίδυμοι
3648 923 3825 994 βολαί.

2245 1022 2363 1075 οὐκ
2386 1021 2568 1092 ἢρκει,
2598 1019 2718 1072 εἰπέ
2750 1033 2862 1088 μοι,
2893 1014 3008 1082 sic;
3052 1016 3210 1071 Ἀλλά
3246 1015 3341 1070 δύο
3366 1014 3634 1087 ὀφθαλμοὶ
3661 1014 3833 1084 ἀλλήο

2248 1113 2358 1166 λων
2383 1112 2647 1181 διάδοχοι,
2681 1111 2767 1163 ἴνα
2791 1112 2825 1180 ἡ
2855 1108 2949 1163 τοῦ
2981 1110 3099 1173 ἐνὸς
3127 1107 3369 1170 διάλυσις
3388 1108 3488 1178 τὴν
3516 1106 3611 1161 τοῦ
3636 1106 3830 1178 ἑτέρου

2251 1202 2602 1274 παραμυθίαν
2633 1200 2752 1272 ἔχῃ.
2793 1201 3023 1255 Ἔπειτα
3062 1202 3156 1254 x0).
3188 1200 3295 1254 άπὸ
3339 1200 3457 1263 ἑνὸς
3495 1200 3835 1271 προερχόμεο

2252 1314 2344 1349 νον
2391 1295 2453 1349 τὸ
2503 1294 2758 1367 ὁρατικὸν
2784 1331 2800 1355 ,
2831 1294 3221 1363 ἀσθενέστερον
3256 1306 3271 1322 ·
3301 1294 3366 1346 ὲκ
3396 1292 3455 1345 δι
3493 1291 3587 1345 δύο
3634 1290 3835 1359 πηγῶν

2255 1385 2693 1456 συμϐαλλόμενος
2727 1386 2755 1438 ό
2786 1384 2946 1447 όλκδς
2965 1423 2982 1447 ,
3013 1383 3371 1456 εύτονώτερος
3422 1383 3647 1452 γίνεται.
3685 1383 3835 1452 Προ·

2253 1477 2417 1532 ἰοῦσα
2450 1476 2558 1549 γὰρ
2588 1479 2621 1546 ἡ
2644 1476 2790 1546 ϐψις,
2820 1474 2957 1545 ὁμοῦ
2994 1477 3090 1545 μὲν
3124 1475 3599 1546 προσαναπαύεται
3622 1473 3698 1543 τῷ
3719 1473 3838 1527 δια·-

2253 1570 2569 1640 τιιχίσματι
2600 1568 2703 1638 τῆς
2730 1567 2893 1639 ῥινὸς,
2926 1568 3062 1636 ὁμοῦ
3086 1566 3142 1619 δὲ
3176 1566 3562 1638 προκύπτουσα
3594 1563 3836 1619 ἑνοῦται·

2254 1654 2367 1712 οἷον
2384 1659 2493 1729 γάρ
2521 1675 2605 1721 τις
2625 1657 2811 1728 όχετὸς
2831 1657 2926 1726 ἀφ’
2955 1656 3217 1727 ἑκατέρας
3242 1656 3341 1724 τῆς
3364 1655 3539 1724 ὅψεως
3565 1656 3835 1726 πρόεισιν,

2257 1737 2507 1803 ἐντεῦθεν
2528 1749 2686 1802 τοῦτο
2710 1748 2770 1803 τὸ
2797 1747 3074 1818 ὁρατικὸν,
3104 1745 3354 1801 κάκεῖθεν
3386 1747 3579 1800 έκεῖνο.
3608 1745 3839 1819 Πόρρω-

2258 1839 2349 1891 θεν
2379 1838 2436 1892 δὲ
2459 1840 2527 1908 τῇ
2565 1836 2806 1907 συμϐολῇ
2835 1835 3045 1890 ἑνοῦται
3064 1851 3078 1864 ο
3102 1836 3387 1904 ἑνούμενον
3406 1833 3463 1887 δὲ
3487 1834 3841 1905 ἰσχυρότερον

2258 1926 2487 1996 γίνεται.
2514 1924 2610 1988 Τίς
2636 1927 2669 1995 ἡ
2711 1923 2985 1987 ἀπόδειξις
3023 1924 3107 1976 ὅτι
3136 1921 3350 1976 ἑνοῦται
3374 1940 3389 1984 ς
3420 1922 3518 1992 οὸχ
3547 1923 3682 1992 δρᾷς
3708 1922 3842 1985 τοὺς

2258 2024 2520 2092 γέροντας
2539 2061 2554 2088 ,
2572 2018 2650 2073 ὅτι
2667 2016 2796 2088 πρὸς
2810 2016 2874 2068 τά
2892 2014 2986 2086 μὲν
3002 2011 3162 2078 ἐγγὺς
3174 2012 3232 2066 ού
3251 2011 3529 2083 βλέπουσιν
3544 2031 3561 2080 ;
3616 2015 3843 2084 Ἐπειδὴ

2260 2112 2370 2183 γάρ
2401 2111 2626 2173 ἀσθενές
2669 2111 2782 2162 ἔστι
2820 2108 2881 2161 τὸ
2932 2108 3183 2179 ὁρατικὸν
3230 2106 3563 2176 σχιζόμενον,
3589 2105 3649 2157 τὸ
3671 2107 3846 2173 ἐγγὺς

2260 2205 2359 2274 οὑχ
2404 2204 2541 2275 όρᾷ’
2593 2202 2724 2257 ὅπου
2771 2200 2829 2254 δὲ
2872 2202 2905 2269 ἡ
2942 2199 3185 2270 συμϐολὴ
3238 2199 3329 2269 τῆς
3372 2197 3546 2266 ὂψεως
3578 2191 3689 2249 οἷον
3742 2198 3848 2250 ἐπὶ

2262 2294 2601 2367 πλημμύρας
2625 2292 2767 2355 τινος
2811 2291 2954 2345 κατὰ
2986 2291 3083 2361 τὴν
3119 2290 3241 2360 ὄψιν
3269 2289 3580 2359 γινομένης,
3612 2290 3852 2342 εὐτονωο

2264 2386 2398 2457 τέρα
2429 2386 2636 2454 γίνεται
2686 2382 2793 2436 τῶν
2857 2379 3131 2452 αἰσθητῶν
3158 2382 3192 2449 ἠ
3226 2378 3511 2447 ἀνάληψις.
3543 2379 3652 2433 Καὶ
3677 2378 3855 2431 πόσαι

2266 2477 2395 2550 περὶ
2420 2475 2510 2529 τὸν
2537 2474 2813 2545 ὀφθαλμὸν
2844 2472 3081 2542 φυλακαί
3108 2488 3123 2536 ;
3158 2470 3335 2524 Χιτὼν
3357 2472 3565 2523 ἔνδοθεν
3582 2488 3595 2502 ο
3622 2470 3716 2524 καὶ
3739 2472 3855 2523 οὐκ

2268 2570 2433 2640 ἀρκεῖ
2467 2562 2621 2629 οὗτος
2646 2583 2659 2595 ο
2693 2566 2753 2619 οὐ
2804 2565 2915 2635 γάρ
2943 2562 3174 2634 ἠδύνατο
3223 2559 3303 2625 εἷς
3354 2563 3531 2632 παχὺς
3570 2558 3732 2615 εἶναι.
3785 2560 3856 2613 Εἰ

2269 2660 2447 2731 παχὺς
2486 2655 2586 2730 ἦν..
2628 2657 3001 2728 προκάλυμμα
3049 2655 3115 2709 ἂν
3140 2650 3208 2725 ἦν
3246 2657 3345 2725 τῆς
3378 2652 3575 2724 ὅψεως.
3609 2656 3761 2709 Ἔδει
3794 2656 3859 2709 δὲ

2269 2753 2525 2822 διαφανὲς
2553 2747 2691 2804 εἶναι
2728 2749 2824 2803 καὶ
2866 2748 3120 2819 ἐλαφρόν.
3152 2748 3358 2801 Οὐκοῦν
3384 2742 3463 2811 εἷς
3488 2748 3735 2818 διαυγὴς,
3772 2742 3862 2810 εἷς

2272 2845 2494 2917 ἁραιός·
2527 2847 2555 2897 ὁ
2598 2843 2697 2914 μὲν
2728 2840 3212 2914 κρυσταλλοειδὴς,
3247 2843 3277 2894 ὁ
3319 2841 3376 2894 δὲ
3412 2841 3803 2913 κερατοειδήςο
3833 2845 3864 2896 ὸ

2275 2936 2797 3010 προκεκαλυμμένος
2829 2932 3235 3005 ἰσχυρότερος,ό
3262 2932 3475 3005 ἔνδοθεν
3506 2934 3863 3005 ἀραιότερος,

2276 3032 2361 3083 ἵνα
2398 3030 2473 3101 μὴ
2498 3028 2681 3099 κωλύῃ
2709 3028 2807 3098 τὴν
2853 3026 3105 3096 πάροδον.
3148 3026 3209 3079 '0
3237 3025 3416 3097 τρίτος
3465 3026 3870 3097 κρυσταλλοειο

2275 3122 2395 3199 δὴς1
2427 3122 2516 3175 ἵνα
2546 3121 2605 3173 ὲν
2638 3117 2818 3189 ἑαυτῷ
2861 3117 2961 3189 τὴν
2997 3116 3235 3189 ἔμφασιν
3284 3119 3379 3171 καὶ
3430 3117 3529 3188 τὴν
3572 3116 3871 3187 διαύγειαν

592 3212 736 3265 enim
769 3226 967 3267 manus
998 3226 1095 3266 eos
1130 3212 1271 3266 tueri
1308 3211 1634 3282 potuissent.
1669 3210 1807 3272 Nam
1842 3212 1973 3266 dum
2002 3214 2173 3267 oculis

2281 3213 2520 3283 ἑκάτερα
2555 3211 2674 3285 ἔχῃ.
2725 3210 2971 3282 Προϐολὴ
3018 3209 3079 3263 τὸ
3123 3209 3429 3281 βλέφαρον,
3479 3208 3874 3281 προκάλυμμα

591 3302 726 3371 ipsa:
767 3300 974 3356 ferrent
1016 3302 1318 3364 auxilium,
1363 3302 1584 3357 interim
1632 3302 1981 3358 laederentur.
2030 3304 2178 3370 Quo-

601 3393 752 3446 circa
785 3400 987 3463 praesto
1020 3401 1151 3447 sunt
1180 3393 1486 3463 palpebra,
1516 3408 1637 3463 qua
1668 3409 1836 3464 supra
1868 3395 2178 3457 excubant,

593 3490 651 3537 et
690 3482 855 3538 simul
885 3488 1051 3552 atque
1091 3483 1482 3538 detrimentum
1525 3489 1951 3554 praesenserant,
1997 3487 2181 3542 statim

597 3572 791 3627 oculos
821 3573 1088 3644 obtegunt
1110 3582 1166 3627 et
1193 3571 1515 3628 defendunt.
1544 3573 1726 3640 Quare
1749 3584 1804 3631 et
1832 3577 2054 3647 pupillae
2081 3578 2186 3632 sub

598 3665 692 3719 tali
723 3666 844 3721 velo
873 3666 1157 3721 collocata:
1184 3681 1294 3720 non
1324 3665 1484 3722 facile
1512 3666 1632 3721 laedi
1667 3675 1919 3737 possunt.

2202 3256 2248 3315 C

2279 3306 2438 3359 τοῦτο
2468 3304 2764 3374 σκέπασμα
2784 3341 2800 3365 .
2826 3304 2920 3357 καὶ
2951 3297 3064 3357 οἷον
3109 3303 3424 3373 οἰκητήριον
3450 3304 3543 3355 καὶ
3576 3304 3875 3374 φυλακτή-

2280 3395 2399 3466 ριόν
2435 3396 2602 3448 ἐστιν.
2651 3392 2902 3447 Ἐδύνατο
2935 3393 3228 3457 σκεπάζειν
3256 3395 3291 3463 ἡ
3315 3392 3454 3462 χείρ.
3483 3394 3623 3457 Ἕως
3655 3394 3878 3465 ἤρχετο

2278 3489 2319 3558 ἡ
2362 3487 2503 3557 χεὶρ,
2531 3484 2761 3555 ἔφθανεν
2795 3488 2825 3540 ὁ
2862 3485 3139 3557 ὀφθαλμὸς
3184 3484 3601 3557 ἀμαυρωθῆναι.
3634 3485 3755 3539 Νῦν
3815 3488 3880 3543 δὲ

2285 3577 2516 3646 δγγύθεν
2549 3575 2869 3648 παράκειται
2888 3574 2948 3628 τὸ
2968 3574 3249 3647 βλέφαρον,
3268 3578 3295 3631 δ
3329 3577 3535 3632 ἄνωθεν
3565 3577 3878 3632 ἐπίκειται·

2282 3669 2418 3741 ὁμοῦ
2445 3686 2506 3722 τε
2538 3669 2733 3740 ᾔσθετο
2756 3670 2854 3739 τῆς
2890 3666 3095 3739 βλάϐης
3121 3669 3217 3722 καὶ
3258 3668 3523 3739 προέϐαλε
3554 3668 3617 3722 τδ
3649 3672 3885 3740 προκά-

597 3760 807 3831 λυμμα.
836 3759 936 3812 Διὰ
965 3756 1122 3812 τοῦτο
1158 3759 1254 3813 καὶ
1283 3758 1421 3830 κόρη
1452 3759 1557 3814 ὑπὸ
1585 3760 2047 3832 παραπετάσματι
2078 3760 2440 3833 καθεζομένη,
2461 3762 2560 3814 οὐκ
2580 3761 2667 3814 ἀεὶ
2693 3760 3119 3833 εὐεπιχείρητος.

673 3852 785 3906 Soli
830 3866 899 3907 ex
929 3852 1187 3908 omnibus
1214 3852 1474 3908 membris
1499 3852 1643 3907 oculi
1690 3853 2073 3924 palpebrarum
2099 3863 2185 3909 te-

599 3942 874 4014 gumentis
894 3942 1096 4012 operti,
1127 3942 1371 4013 contingi
1397 3942 1613 3998 nolunt.
1647 3940 1825 3998 Densa
1861 3943 2014 3998 adest
2040 3943 2182 4014 pilo-

602 4051 727 4090 rum
761 4050 941 4105 seges.
970 4033 1121 4089 Cur?
1148 4042 1208 4090 ut
1236 4035 1540 4106 superioris
1567 4043 1732 4106 atque
1755 4036 2031 4094 inferioris
2063 4039 2181 4108 pal-

601 4127 781 4196 pebra:
821 4125 1140 4195 complexus
1172 4126 1351 4182 acrior
1375 4128 1469 4182 sit.
1504 4126 1604 4182 Pili
1644 4129 1789 4185 enim
1830 4129 1907 4184 illi
1955 4129 2096 4184 inter
2124 4145 2185 4184 se

602 4216 834 4273 connexi
853 4228 1017 4287 atque
1046 4217 1294 4288 impliciti
1314 4226 1443 4274 sunt
1469 4218 1718 4290 quaedam
1747 4221 1913 4275 veluti
1943 4221 2181 4277 vincula.

602 4309 685 4364 Ad
718 4309 833 4363 haec
865 4310 1108 4366 minutas
1139 4310 1332 4380 procul
1373 4319 1563 4367 arcent
1588 4312 1873 4378 bestiolas,
1902 4313 2188 4382 lanugino-

605 4417 806 4472 sasque
843 4402 1035 4459 sordes
1083 4404 1304 4474 pupillis
1354 4405 1791 4475 appmpiuquare
1814 4420 1923 4463 non
1974 4407 2183 4471 sinunt,

2361 3853 2663 3922 ’Δνέπαφον
2680 3852 2838 3905 τοῦτο
2864 3852 3021 3923 μόνον
3049 3853 3157 3906 τῶν
3177 3853 3235 3905 ὲν
3256 3854 3385 3925 ἡμῖν
3416 3853 3592 3925 μελῶν
3613 3853 3891 3925 βούλεται

2288 3938 2428 3997 εἰναι
2459 3944 2488 3996 ό
2527 3941 2834 4012 ὀφθαλμὸς,
2865 3941 2970 3995 ὑπὸ
3006 3943 3463 4013 παραπετάσματι
3500 3944 3578 4015 τῷ
3609 3943 3891 4017 βλεφάρῳ

2288 4034 2714 4105 καλυπτόμενος.
2757 4033 2964 4095 ’Λκίδες
3002 4034 3112 4087 τῶν
3142 4035 3346 4107 τριχῶν
3382 4036 3889 4109 περιϐεϐλημένας.

2287 4126 2390 4181 Διὰ
2429 4126 2503 4189 τί,
2534 4126 2622 4180 ἵνα
2662 4124 3026 4195 ἀκριϐεστέρα
3058 4125 3281 4197 γένηται
3333 4127 3368 4196 ὴ
3410 4126 3711 4199 περιπλοκὴ
3762 4132 3895 4185 τῶν

2293 4218 2575 4291 βλεφάρων
2590 4214 2686 4270 τοῦ
2714 4215 2828 4270 ἄνω
2853 4215 2989 4287 πρὸς
3009 4214 3069 4268 τὸ
3099 4216 3265 4271 κάτω.
3291 4212 3416 4270 Οἴον
3442 4217 3549 4289 γάρ
3580 4218 3897 4291 σύνδεσμος

2291 4314 2427 4366 εἰσιν
2458 4310 2712 4380 ἀλλήλαις
2734 4310 3197 4381 περιπλεκόμεναι
3228 4310 3286 4363 αἰ
3310 4310 3511 4382 τρίχεςο
3543 4306 3660 4365 εἷτα
3685 4316 3797 4368 καὶ
3815 4316 3899 4369 τά

2290 4403 2461 4458 λεπτὰ
2492 4402 2601 4456 τῶν
2632 4400 2784 4466 ζώων
2822 4401 3103 4473 πόρρωθεν
3126 4402 3413 4467 ian-alia,
3449 4404 3543 4458 καὶ
3568 4404 3635 4459 τά
3660 4408 3896 4481 χνοώδη

606 4509 776 4563 seque
807 4494 917 4550 illis
959 4495 1255 4551 imbecillis
1285 4506 1449 4566 atque
1496 4498 1646 4552 omni
1686 4497 1903 4566 injuriae
1932 4498 2173 4554 obnoxiis

2291 4498 2391 4550 ούκ
2440 4498 2505 4567 te
2552 4494 2849 4565 πλησιάσαι
2893 4496 2958 4565 τῇ
3012 4495 3149 4566 κόρῃ
3212 4494 3485 4568 δυναμένῃ
3533 4499 3901 4568 πανταχόθεν

606 4592 1044 4655 pr0pugnatores
1077 4585 1338 4656 praebent.
1374 4586 1553 4656 Atque
1609 4587 1684 4641 ita
1712 4602 1908 4643 eorum
1938 4590 2173 4644 custodia

2292 4586 2690 4659 ἀμαυροῦσθαι.
2718 4585 2907 4639 Οἰκεία
2933 4585 3017 4649 τίς
3042 4587 3158 4640 ἐστι
3191 4585 3406 4658 φυλακὴ
3436 4588 3564 4659 περί
3599 4589 3754 4657 ἡμᾶς
3790 4609 3906 4645 πε-

606 4672 767 4726 nobis
796 4687 919 4728 cum
948 4673 1167 4739 decora,
1193 4684 1307 4730 tum
1337 4676 1501 4730 etiam
1528 4677 1679 4733 utilis
1704 4685 1806 4733 est.
1834 4679 1972 4745 Quid
1996 4695 2190 4749 super-

606 4762 794 4816 cilium
821 4763 844 4816 ἲ
868 4779 1050 4819 nonne
1070 4765 1169 4819 tibi
1192 4766 1509 4836 adjumento
1527 4780 1607 4824 est
1632 4784 1740 4839 quo
1766 4772 1968 4826 rectius
1988 4771 2193 4842 dirigas

607 4853 780 4907 aciem
804 4855 1086 4911 oculumm
1108 4856 1132 4910 ’ἰ
1155 4855 1210 4911 id
1230 4857 1374 4928 quod
1404 4859 1507 4913 hoc
1522 4871 1848 4931 argumento
1876 4864 2192 4919 conﬁrmari

607 4952 790 5013 potest
814 4943 1080 5011 :Quando
1107 4950 1329 5006 conaris
1377 4951 1584 5023 aliquid
1617 4955 1808 5023 procul
1837 4955 2074 5025 positum
2108 4956 2194 5010 in-

608 5037 774 5099 tueri,
829 5052 931 5091 cur
996 5053 1218 5094 manum
1269 5052 1550 5099 estensam
1582 5045 1892 5115 superciliis
1933 5047 2190 5117 imponis,

609 5126 718 5181 nisi
750 5136 810 5180 ut
830 5127 1047 5184 videndi
1072 5131 1157 5186 vis
1186 5148 1351 5203 supra
1376 5135 1606 5204 disjecta
1652 5151 1765 5193 non
1794 5146 2000 5195 temere
2024 5140 2193 5196 dissi-

611 5228 795 5291 petur,
820 5221 916 5276 sed
948 5238 1145 5277 manus
1172 5224 1391 5293 objectu
1423 5225 1774 5297 coniunctior
1806 5228 2037 5286 ulterius
2057 5230 2196 5285 fera—

611 5322 703 5366 tur
726 5320 779 5367 et
802 5312 1040 5376 acutius,
1073 5329 1138 5369 ac
1168 5318 1375 5371 rectius
1396 5332 1622 5375 munere
1649 5318 1912 5391 fungatur
1943 5321 2090 5377 suo?
2114 5324 2195 5376 sic

612 5402 834 5457 obtenta
865 5419 1029 5461 manu
1061 5404 1284 5461 luminis
1319 5410 1587 5467 transitus
1616 5404 1891 5482 dirigitur.
1917 5413 2061 5483 Ergo
2102 5430 2197 5468 su-

613 5494 835 5562 percilia
862 5502 977 5548 tum
1011 5498 1209 5553 oculos
1242 5507 1461 5569 regunt,
1498 5509 1615 5557 tum
1641 5503 1861 5560 sudoris
1884 5505 2193 5559 multitudi»

614 5602 759 5651 ncm,
786 5603 857 5642 ne
883 5588 950 5641 ab
975 5604 1037 5640 ea
1074 5596 1461 5661 contegantur,
1488 5594 1819 5665 propellunt,
1840 5609 2008 5666 seque
2029 5596 2107 5650 illi
2140 5606 2199 5651 ut

615 5692 831 5733 tnui-um
877 5678 1164 5749 objiciunt.
1198 5678 1334 5745 Quis
1369 5683 1611 5754 agricola
1642 5692 1752 5739 tam
1805 5692 1952 5741 recte
1980 5685 2195 5741 vineam

620 5768 933 5837 disponere,
1010 5769 1473 5845 circumjectaque
1546 5775 1780 5834 macerie
1856 5778 2198 5834 communire

2297 4677 2575 4747 ρικειμένη
2601 4675 2688 4729 διὰ
2724 4675 2833 4728 τῶν
2877 4675 3099 4746 τριχῶνο
3134 4674 3269 4745 ὁμοῦ
3317 4678 3415 4746 μὲν
3451 4679 3517 4747 τῇ
3557 4687 3903 4752 περιγραφῇ

2294 4769 2629 4839 εὐπρέπειαν
2652 4766 3009 4839 χαριζομένη,
3042 4766 3176 4838 ὁμοῦ
3203 4768 3260 4820 δὲ
3297 4769 3395 4840 τὴν
3426 4769 3693 4838 ὠφέλειαν
3735 4790 3909 4845 ’πῖαρ⁴

2294 4862 2552 4932 εχομένη.
2597 4859 2798 4930 Ὀφρὺς
2842 4860 2955 4913 άνω
3000 4859 3421 4931 προϐεϐλημένη
3450 4864 3645 4915 οἰκεῖον
3678 4868 3909 4934 προδό-

2292 4952 2462 5014 λαιον,
2495 4952 2584 5004 ἴνα
2629 4947 2937 5020 κατευθύνῃ
2965 4949 3027 5003 τὸ
3068 4950 3342 5021 ὁρατικόν.
3366 4951 3463 5016 Τίς
3493 4955 3526 5023 η
3564 4951 3862 5018 ἀπόδειξις
3888 4974 3908 5021 ;

2296 5044 2466 5098 Ὅταν
2506 5041 2777 5114 βουληθῇς
2824 5041 3109 5113 πόρρωθεν
3140 5041 3459 5108 σκοπεῦσαι,
3492 5044 3585 5097 καὶ
3620 5044 3909 5108 κοιλάνας

2294 5136 2391 5208 τὴν
2420 5137 2578 5205 χεῖρα
2618 5132 2944 5205 ύπερτείνῃς
2970 5131 3081 5185 τῶν
3124 5132 3367 5203 ὀφρύων,
3395 5132 3484 5188 διὰ
3524 5133 3576 5188 τί
3609 5134 3779 5190 τοῦτο
3820 5139 3911 5207 γί-

2294 5244 2477 5290 νεται;
2512 5226 2628 5281 Ἵνα
2652 5226 2714 5278 τὸ
2742 5225 2837 5277 ἐπὶ
2865 5224 2926 5277 τὸ
2955 5224 3069 5277 ἄνω
3106 5224 3529 5298 διαφορούμενον
3558 5226 3658 5297 τῆς
3679 5226 3909 5298 ὂψεως,

2299 5320 2373 5390 μὴ
2409 5318 2530 5385 εἰκῆ
2560 5316 2916 5387 σκεδάννηται
2961 5316 3413 5387 κατευθυνόμενον
3442 5319 3507 5371 ἐκ
3543 5317 3639 5386 τῆς
3676 5322 3909 5391 προδο-

2296 5410 2393 5480 λῆς
2436 5409 2531 5480 τῆς
2557 5407 2769 5487 χειρὸς,
2802 5407 2896 5459 καὶ
2924 5408 3018 5460 ἐπὶ
3070 5406 3131 5460 τὸ
3176 5406 3483 5479 ἔμπροσθεν
3530 5406 3911 5479 ὠθούμενον,

2296 5495 2692 5568 ἀκριϐεστέραν
2724 5497 2871 5548 ποιεῖ
2899 5493 2996 5548 τοῦ
3032 5494 3287 5565 ὁρατικοῦ
3311 5495 3409 5567 τὴν
3443 5496 3684 5551 διάθεσιν
3703 5514 3718 5527 ·
3747 5500 3793 5570 ἦ
3841 5519 3912 5554 τε

2298 5588 2528 5658 πάροδος
2571 5585 2663 5640 τοῦ
2700 5586 2997 5657 βλεπτικοῦ
3056 5586 3440 5643 κατευθύνεται
3472 5588 3575 5641 ὑπὸ
3601 5591 3702 5658 τῆς
3739 5596 3917 5645 κατὰ

2297 5682 2395 5759 τὴν
2417 5683 2573 5752 χεῖρα
2603 5679 2892 5752 προϐολῆς.
2926 5678 3026 5731 Διὰ
3052 5677 3210 5733 τοῦτο
3238 5679 3437 5751 ὀφρύες
3474 5679 3610 5751 ὁμοῦ
3653 5682 3757 5752 μὲν
3802 5684 3917 5737 τὸν

2298 5772 2576 5828 ὀφθαλμὸν
2621 5770 3087 5837 κατευθύνουσαι,
3114 5771 3249 5843 ὁμοῦ
3280 5772 3339 5826 δὲ
3386 5774 3479 5826 καὶ
3522 5773 3612 5828 τὸν
3668 5774 3732 5825 ὲκ
3781 5776 3920 5830 τῶν
