3996 6506
205 347 304 405 291

1560 351 1647 405 DE
1685 352 1840 406 VITA
1868 345 2090 404 MUSIS.

3340 348 3446 406 ωε

209 486 385 540 πόνων
410 485 608 556 ἱδρῶτα
633 485 732 538 οὐκ
754 485 920 538 ἐῶσαι
946 485 1222 557 έπιρῤέειν
1253 486 1346 538 καὶ
1375 487 1601 557 κώλυμα
1629 490 1772 556 γίνε-
1803 483 1819 530 λ

1880 487 2073 558 possit,
2111 494 2168 539 ut
2208 485 2356 539 nullo
2387 484 2710 538 torrentium
2764 486 2964 554 impetu
3013 485 3129 539 lardi
3161 496 3344 556 queat.
3377 497 3486 543 ut\

206 578 329 630 σθαι
362 580 482 639 ταῖς
531 575 706 644 ὄψεσι.
757 576 856 629 Διά
885 575 1043 628 τοῦτο
1090 577 1412 647 τειχίζουσιν
1464 580 1517 630 αἱ
1549 580 1766 650 ὀφρύες.

203 670 360 731 Ποῖος
392 667 772 737 ἀμπελουργὸς
819 666 960 719 οὕτω
985 667 1207 720 δύναται
1246 668 1422 732 καλῶς
1474 671 1769 740 ἀπαρτίσαι

200 758 298 828 τὴν
328 757 590 827 ἄμπελον,
613 756 777 826 ὀφρύϊ
828 755 1138 827 περιϐαλεῖν
1163 797 1176 820 ,
1206 757 1280 820 ὡς
1325 759 1769 831 δυσεπιχείρητον

198 849 371 920 αὐτὴν
407 845 564 914 εἶναι,
614 848 688 911 ὡς
727 849 800 918 μὴ
849 848 1197 919 εὐεπίδρομον
1247 846 1383 903 εἶναι
1434 855 1556 915 ταῖς
1589 871 1770 923 παρα-

198 938 482 1010 κειμέναις
519 939 815 1009 χαράδραις
836 939 946 990 τῶν
975 939 1187 1008 χώρων,
1217 940 1292 1003 ὡς
1323 942 1576 1012 ἐποίησεν
1609 945 1636 996 6
1669 934 1773 996 Κύο

197 1047 316 1102 ριος
343 1030 440 1101 τὴν
466 1030 575 1083 τῶν
616 1031 831 1100 ὀφρύων
865 1031 1188 1102 περιϐολήν;
1219 1033 1603 1102 Ἀσμενοειδῶς
1642 1037 1769 1104 ἡμῖν

197 1122 568 1193 περιέγραψεν
597 1123 704 1174 ἀπὸ
737 1124 864 1191 μιᾶς
911 1123 1186 1192 συμϐολῆς
1223 1124 1321 1192 τὴν
1350 1126 1490 1178 κατά
1529 1125 1651 1194 ρίνα
1684 1127 1768 1194 ἐφ’

193 1212 439 1282 ἑκάτερα
485 1213 889 1284 μεριζομένην,
925 1213 1012 1264 ἵνα
1062 1215 1091 1265 6
1141 1201 1310 1284 ἱδρὼς
1358 1216 1482 1286 τῇδε
1546 1219 1768 1270 κάκεῖσε

194 1304 510 1374 περιρρέων
553 1304 821 1374 μηδεμίαν
874 1302 1132 1372 ἀσχολίαν
1166 1306 1378 1377 παρέχῃ
1406 1306 1482 1376 τῷ
1515 1307 1768 1378 γεωργῷ,

197 1393 338 1463 μηδὲ
373 1393 822 1463 ἀπομασσόμενος
843 1393 932 1446 τὸν
962 1394 1159 1464 ἱδρῶτα
1191 1396 1286 1466 τὴν
1312 1400 1469 1466 χεῖρα
1506 1399 1765 1470 ἀπαγάγῃ

191 1486 296 1555 τῆς
350 1485 768 1556 ἀμπέλου,ἀλλ’
815 1485 949 1553 ὁμοῦ
1002 1503 1060 1540 τε
1113 1488 1208 1558 ῥέῃ
1241 1491 1269 1540 6
1323 1489 1481 1556 ἱδρὼς
1529 1490 1616 1543 διὰ
1660 1490 1768 1542 τῶν

197 1575 352 1627 ἰδίων
375 1575 596 1644 ὀχετῶν,
625 1575 790 1628 πάλαι
820 1574 912 1626 τοῦ
940 1575 1270 1646 δημιουργοῦ
1307 1576 1468 1628 αὐτὸν
1495 1577 1771 1647 ἐξοχετεύ-

195 1682 395 1729 σαντος
439 1667 528 1718 ἐπὶ
581 1667 648 1718 τὰ
703 1665 970 1735 ἄχρηστα,
1005 1665 1140 1734 ὁμοῦ
1190 1684 1248 1719 τε
1293 1669 1320 1719 ὁ
1363 1667 1637 1737 ὀφθαλμὸς
1671 1669 1771 1739 τὴν

192 1758 341 1812 ἰδίαν
379 1758 658 1829 ἐνέργειαν
691 1756 1007 1810 ἐπιτελοῖεν.
1035 1757 1158 1810 Ἐἀν
1196 1757 1542 1829 βουληθῶμεν
1574 1761 1768 1824 εἰπεῖν,

195 1850 334 1920 περὶ
380 1850 556 1918 μόνων
586 1849 692 1900 τῶν
735 1849 815 1911 εἰς
844 1849 990 1918 ἡμᾶς
1039 1848 1190 1918 παρὰ
1239 1848 1372 1901 Θεοῦ
1426 1851 1730 1919 γενομένων
1757 1890 1773 1914 ,

192 1941 469 2009 ἐπιλείψει
503 1941 698 2010 ἡμᾶςὴ
728 1939 910 2010 ἡμέρα
950 1937 1153 1993 ἅπασα.
1189 1939 1325 1992 Ἀλλ’
1353 1940 1412 2004 ἐξ
1429 1940 1547 2002 ἑνὸς
1575 1941 1777 1994 τούτων

1878 581 2020 634 Deus
2072 579 2258 634 oculos
2286 585 2504 632 nostros
2553 576 2862 646 superciliis
2885 578 3261 640 communivit,
3295 580 3374 632 sic
3415 595 3446 634 a

1876 672 2101 725 naribus
2131 670 2388 737 utrinque
2420 669 2826 729 circumductis,
2863 677 2921 720 ut
2955 668 3056 722 bac
3097 669 3220 722 illae
3276 669 3446 724 sudor

1876 764 2098 817 alllueus
2128 763 2328 815 nullam
2359 762 2604 831 agricola:
2633 761 2933 814 molestiam
2965 760 3218 828 przebeat,
3249 778 3444 830 quam-

1871 854 2057 906 obrem
2099 868 2132 905 a
2169 853 2275 905 vite
2304 866 2524 904 manum
2563 852 2852 914 dimoveat,
2897 850 3023 903 dum
3051 851 3261 919 cegitur
3291 852 3444 906 illum

1872 944 2220 1013 abstergere?
2256 942 2358 997 Per
2381 958 2512 997 suos
2550 942 2691 995 enim
2722 941 2920 996 ductus
2953 942 3020 995 ab
3043 941 3235 1009 opiﬁce
3271 942 3446 996 factos

1871 1036 1988 1089 sine
2012 1035 2210 1103 injuria
2234 1033 2440 1095 deﬂuit,
2466 1041 2519 1087 et
2556 1033 2700 1085 oculi
2738 1047 2875 1102 Opus
2906 1048 3064 1085 suum
3101 1032 3266 1086 libere
3303 1047 3438 1086 cou-

1875 1127 2082 1179 liciunt.
2117 1124 2228 1179 Nos
2250 1124 2366 1178 dies
2398 1125 2512 1193 ipse
2539 1122 2774 1186 deﬁciat,
2805 1122 2849 1175 si
2895 1137 3062 1174 unum
3093 1138 3158 1176 ex
3204 1123 3292 1188 iis,
3326 1138 3447 1192 qua:

1873 1229 2088 1268 summo
2115 1215 2346 1267 artilicio
2375 1215 2429 1267 in
2461 1214 2621 1268 nobis
2644 1229 2673 1267 a
2727 1209 2838 1266 Deo
2874 1213 3116 1282 perfecta
3140 1223 3288 1277 sunt,
3328 1229 3449 1283 per-

1867 1306 2020 1375 sequi
2083 1306 2332 1367 velimus,
2379 1314 2438 1358 ut
2481 1320 2544 1360 ex
2582 1305 2686 1358 hoc
2737 1303 2883 1373 quod
2922 1304 3220 1373 attigimus,
3278 1305 3436 1358 facile

1867 1397 2098 1466 potestis
2164 1396 2484 1466 intelligere.
2547 1394 2746 1449 Verum
2796 1395 2848 1447 in
2901 1395 3187 1464 praesentia
3240 1395 3444 1464 negotii

1874 1488 2153 1556 cujusdam
2203 1503 2370 1542 causa
2427 1503 2526 1541 nos
2578 1487 2681 1542 iter
2733 1486 2972 1540 facturos
3035 1486 3325 1552 dimittite,
3387 1495 3448 1540 ut

1878 1579 2126 1632 celeriter
2147 1579 2301 1632 vobis
2326 1579 2625 1632 incolumes
2648 1577 2863 1644 redditi,
2889 1577 3034 1647 quod
3060 1576 3328 1647 reliquum
3361 1587 3447 1632 est

1875 1669 2001 1721 teris
2026 1667 2184 1722 alieni
2226 1667 2618 1737 persolvamus,
2672 1668 2817 1722 illius
2844 1668 3046 1722 auxilio
3097 1666 3310 1728 conﬁsi.
3353 1668 3448 1736 qui

1879 1779 1981 1818 nos
2003 1763 2333 1832 procreavit.
2360 1764 2562 1832 quique
2593 1762 2835 1831 singulas
2868 1762 2920 1815 in
2952 1761 3111 1815 nobis
3138 1768 3320 1831 partes
3335 1769 3445 1813 tam

1880 1853 2092 1922 egregie
2126 1853 2354 1922 perfecit
2402 1859 2457 1907 et
2493 1852 2727 1907 absolvit
2760 1870 2775 1906 :
2811 1853 2900 1907 cui
2940 1854 3110 1924 gloria
3145 1852 3198 1906 in
3243 1851 3444 1906 secula

1884 1945 2230 2007 saeculorum.
2257 1943 2452 2000 Amen.

193 2033 423 2087 πάντων
447 2033 602 2102 ὑμεῖς
625 2032 820 2085 λαϐέ-ιε
853 2033 950 2102 τὴν
978 2031 1204 2086 ἔννοιαν.
1245 2033 1420 2104 Ἦμᾶς
1456 2033 1510 2086 δὲ
1547 2034 1933 2105 ἐπειγομένους
1965 2035 2055 2087 ἐπί
2083 2052 2207 2088 τινα
2236 2035 2351 2087 ὁδὸν
2383 2035 2684 2102 ἀναγκαίαν
2717 2034 2832 2102 μετ’
2854 2033 3026 2105 εὐχῶν
3065 2033 3444 2104 προπέμψατε,

194 2128 286 2180 ἵνα
333 2129 391 2180 ἐν
430 2127 582 2198 τάχει
617 2128 743 2197 ὑμῖν
779 2126 1169 2191 ἀποσωθέντες,
1208 2128 1301 2180 καὶ
1335 2127 1442 2180 τῶν
1475 2129 1807 2200 λειπομένων
1835 2131 2122 2200 ἀποδῶμεν
2150 2131 2209 2183 τὸ
2232 2131 2408 2200 χρέος,
2443 2130 2622 2201 χάριτι
2653 2131 2745 2184 τοῦ
2773 2131 2950 2184 πάντα
2997 2131 3447 2200 οἰκονομήσαντος

191 2223 338 2307 περὶ.
358 2224 505 2293 ἡμᾶς
532 2223 757 2293 Κυρίου,
781 2223 873 2276 τοῦ
917 2223 1199 2288 κτίσαντος
1231 2226 1376 2294 ἡμᾶς
1413 2228 1476 2296 τῇ
1507 2226 1699 2279 ἑαυτοῦ
1730 2226 1935 2297 χάριτι,
1968 2229 2048 2279 ὅτι
2095 2227 2296 2298 αὐτῷή
2330 2228 2456 2294 δόξα
2483 2230 2576 2281 καὶ
2611 2228 2673 2281 τὸ
2703 2228 2924 2301 κράτος,
2971 2228 3051 2290 εἰς
3097 2228 3221 2290 τοὺς
3249 2225 3448 2290 αἰῶνας

189 2314 306 2370 τῶν
343 2315 572 2370 αἰώνων.
606 2316 796 2388 Ἀμήν.
890 2368 896 2377 ,

212 2505 3410 2540 mm

986 2645 1213 2731 ΤΟΥ
1253 2646 1397 2730 EN
1448 2645 1811 2731 ΑΓΙΟΙΣ
1865 2645 2297 2730 ΠΑΤΡΟΣ
2363 2643 2688 2732 ΗΜΩΝ

1267 2776 2382 2969 ΓΡΗΓΟΡΙΟΥ

1465 3047 1862 3102 ΕΠῘΣΚΟΙΙΟΥ
1895 3046 2162 3103 ΝΥΣΣΗΣ
2175 3086 2190 3114 ,

903 3165 1304 3317 ΠΕΡΙ’
1341 3199 1641 3316 ΤΟΥ
1691 3203 1819 3313 Β]

1874 3203 2048 3319 DY
2115 3202 2718 3318 ΜΩΣΕΩΣ
2740 3280 2780 3337 ,

1045 3422 1102 3474 H
1161 3421 1348 3475 ΠΕΡΙ
1389 3423 1529 3476 ΤΗΣ
1561 3419 1727 3474 ΚΑΤ⁹
1755 3419 2050 3474 ΑΡΕΤΗΝ
2088 3419 2613 3475 ΤΕΛΕΙΟΤΗΤΟΣ.

805 3733 964 3888 s.
1109 3621 1316 3887 P.‘
1407 3738 1592 3890 N.
1715 3733 2860 3927 GREGORII,

1490 4002 1802 4061 EPISCOPI
1835 4001 2132 4058 NYSSENI
2151 4041 2166 4066 ,

1163 4166 1346 4277 DE
1439 4165 1784 4280 VlTA
1863 4159 2399 4274 MOYSIS
2445 4237 2484 4300 ,

1770 4353 1890 4394 SIVE

595 4459 682 4515 DE
740 4457 1211 4517 PERFECTIONE
1280 4455 1465 4512 VITE
1542 4455 1636 4511 EX
1703 4452 2162 4510 PRAESCRIPTO
2236 4452 2566 4508 VIRTUTIS
2648 4447 3064 4505 INSTITUTIE.

651 4619 724 4668 Ex
744 4619 1158 4680 interpretatione
1185 4617 1411 4679 Gregorii
1435 4615 1773 4678 Trapezuntii,
1796 4627 1901 4663 rec.
1930 4615 1985 4660 et
2006 4619 2149 4660 aucta
2174 4626 2199 4659 a
2219 4611 2468 4660 Frontone
2497 4610 2676 4658 Ducao
2701 4609 2750 4657 S.
2778 4609 2820 4656 J.
2859 4605 3030 4655 Theol.

268 4917 410 4980 Οἷόν
464 4939 518 4974 τι
563 4920 855 4989 πάσχουσιν
895 4918 942 4970 οἱ
988 4917 1094 4970 τῶν
1147 4916 1386 4969 ἱππικῶν
1428 4914 1651 4983 ἀγώνων
1699 4932 1787 4982 φι-

1959 4909 2424 4978 Quemadmudum
2457 4906 2550 4974 qui
2593 4911 2864 4955 certamen
2893 4911 3154 4966 equorum
3179 4909 3285 4947 non
3337 4893 3455 4949 sine

196 5017 558 5084 λοθεὰμονες,
596 5012 643 5064 οἳ
687 5014 798 5073 τοῖς
841 5011 970 5082 παρ’
1011 5008 1188 5061 αὐτῶν
1233 5007 1686 5076 σπουδαζομένοις
1723 5008 1779 5056 ἐν

1887 5018 2082 5074 magna
2129 4999 2487 5055 delectatione
2538 4993 2704 5048 animi
2765 4998 3034 5059 spectant,
3081 4990 3184 5042 etsi
3221 4984 3355 5038 nihil
3387 4983 3456 5036 ad

196 5111 326 5170 ταῖς
360 5077 614 5177 ἀμίλλαις
639 5103 744 5155 τῶν
775 5077 1010 5173 δρόμων,
1041 5100 1144 5153 κᾶν
1178 5099 1340 5170 μηδὲν
1372 5097 1679 5168 προθυμίας
1704 5099 1782 5158 εἰς

1887 5109 2108 5150 cursum
2156 5091 2443 5160 diligentiae
2469 5087 2545 5139 illi
2596 5085 3029 5154 praetermittam,
3068 5093 3208 5148 quos
3237 5077 3457 5129 vincere

199 5201 458 5268 τὸν-τάχος
510 5195 845 5254 ἐλλείπωσιν,
881 5195 1029 5262 ὅμως
1077 5191 1179 5244 ὑπὸ
1206 5191 1304 5258 τῆς
1337 5189 1463 5259 περὶ
1500 5188 1597 5257 τὴν
1625 5187 1782 5256 νίκην

1888 5191 2098 5254 optant,
2127 5180 2302 5236 oculis
2324 5189 2504 5232 tamen
2544 5190 2764 5229 cursum
2799 5173 3044 5240 ipsorum
3081 5169 3300 5222 solliciti
3334 5178 3458 5233 pro-

203 5289 456 5358 σπουδῆς
493 5287 779 5340 έπιὸοῶσιν
809 5285 1032 5347 ἄνωθεν,
1060 5282 1148 5335 τὸν
1177 5281 1452 5350 ὀφθαλμὸν
1479 5279 1558 5349 τῷ
1598 5279 1782 5350 δρόμῳ

1888 5276 2200 5344 spicientes,
2232 5272 2468 5325 clamant
2497 5269 2728 5336 desuper
2781 5274 2943 5332 atque
2973 5261 3281 5317 hortantur,
3320 5261 3458 5308 inci-

206 5381 702 5455 συμπεριάγοντες,
725 5379 816 5431 καὶ
844 5375 1233 5447 παρακινοῦσιν
1260 5373 1352 5435 (ὥς
1371 5389 1436 5440 γε
1454 5369 1782 5439 νομίζουσιν)

1888 5375 2111 5432 tareque
2139 5379 2204 5418 ac
2255 5361 2466 5417 eﬂicere
2516 5373 2576 5414 se
2634 5362 2844 5426 putant,
2877 5367 2936 5406 ut
2966 5349 3204 5405 velocius
3251 5346 3458 5398 feratur

203 5476 289 5536 εἰς
331 5472 595 5542 ὀξυτέραν
626 5468 799 5540 ὁρμὴν
837 5468 928 5520 τὸν
962 5466 1204 5536 ἡνίοχον,
1257 5462 1638 5526 ἐπικλάζοντες
1672 5461 1785 5527 ἅμα

1885 5459 2092 5526 auriga,
2123 5470 2247 5510 cum
2297 5469 2405 5508 una
2445 5468 2568 5506 cum
2620 5449 2774 5520 equis
2830 5449 3138 5515 clangorem
3175 5440 3358 5501 edant,
3395 5453 3462 5490 ac

204 5573 326 5632 τοῖς
354 5551 565 5632 ἵπποις,
590 5568 684 5620 καὶ
717 5566 837 5620 ἀντὶ
867 5564 1129 5632 μάστιγος
1150 5559 1247 5630 τὴν
1277 5561 1432 5629 χεῖρα
1458 5557 1577 5607 κατ’
1606 5553 1786 5606 αὐτῶν

1889 5564 2108 5602 manum
2140 5547 2295 5616 quasi
2356 5545 2622 5616 ﬂagellum
2672 5544 2726 5595 in
2779 5541 2928 5608 ipsos
2969 5534 3261 5592 extendant
3296 5539 3461 5598 atque

207 5661 595 5723 προτείνοντές
639 5678 697 5712 τε
744 5658 836 5712 καὶ
882 5656 1238 5715 ἐπισείοντες·
1267 5654 1396 5720 οὐχ,
1427 5651 1508 5702 ὅτι
1551 5648 1696 5699 τελεῖ
1719 5646 1787 5698 τὰ

1889 5641 2177 5703 incutiant,
2208 5655 2313 5691 non
2345 5637 2470 5707 quia
2506 5636 2768 5694 nesciant,
2805 5628 3066 5684 hrrcnibil
3091 5626 3156 5678 ad
3179 5624 3462 5676 victoriam

209 5755 479 5824 γινόμενα
513 5754 646 5822 πρὸς
674 5751 770 5820 τὴν
800 5751 974 5819 νίκην,
1010 5746 1181 5798 ταῦτα
1225 5744 1518 5806 ποιοῦντες,
1553 5738 1666 5794 ἀλλ’
1707 5740 1788 5790 εὖ·

1887 5735 2154 5800 conferre,
2207 5733 2298 5788 sed
2343 5733 2468 5800 quia
2498 5724 2924 5784 benevolentiam
2975 5736 3036 5773 ac
3074 5717 3311 5772 studium
3337 5727 3460 5781 erga

547 5811 815 5904 bene,“
851 5811 964 5900 ait.
1004 5839 1221 5899 xuv.
3066 5811 3146 5869 ιο
