3988 6510
590 329 697 384 2-39

1845 330 1904 384 S.
1946 327 2272 386 GREGORII
2309 329 2600 385 NYSSENI

3711 337 3799 396 500

595 443 867 494 certantes
939 453 1068 493 voce
1095 437 1450 509 corporisque
1497 441 1755 508 metibus,
1804 451 1998 497 natura
2027 443 2162 497 duce

2266 443 2382 514 νοίᾳ
2413 447 2477 515 τῇ
2514 445 2648 516 πρὸς
2687 444 2812 506 τοὺς
2842 441 3291 512 ἀγωνιζομένους,
3325 449 3478 516 φωνῇ
3503 463 3560 500 τε
3585 449 3673 504 καὶ
3689 456 3802 526 σχή-

593 529 898 598 significare
949 530 1338 599 impelluntur:
1369 531 1450 584 sic
1506 531 1636 585 mihi
1673 534 1774 602 ipsi
1807 536 1873 588 de
1906 542 1958 587 te
1989 533 2164 588 facere

594 621 801 682 videor,
843 619 1014 674 amice
1047 635 1109 673 ac
1138 621 1306 678 frater
1335 621 1674 678 charissime.
1709 623 1843 676 Nam
1880 639 2001 678 cum
2027 634 2080 676 tn
2108 625 2162 677 in

591 711 809 764 virtutis
866 709 1061 773 stadio,
1093 725 1260 780 prope
1319 711 1504 766 divino
1545 728 1712 768 cursu
1747 729 1812 767 ac
1869 717 2165 769 certamine

591 814 926 868 perseveres,
961 807 1015 853 et
1053 799 1119 852 ad
1163 816 1413 868 superna:
1441 804 1744 858 vocationis
1802 806 2019 873 praemia
2051 819 2165 859 cre-

591 890 705 945 bris
734 891 1130 959 levissimisque
1183 892 1412 946 saltibus
1436 893 1679 956 festines,
1720 891 1959 950 acclamo
2001 904 2164 966 atque

590 990 826 1059 impelle,
858 1001 911 1044 et
961 991 1236 1062 diligentia
1271 992 1564 1062 studioque
1592 994 1869 1050 intendere
1907 995 2165 1050 velocita-

590 1091 696 1136 tem
723 1081 906 1150 jubeo.
938 1080 1070 1146 Quae
1114 1083 1294 1136 omnia
1350 1098 1459 1137 non
1493 1085 1613 1138 ideo
1652 1085 1812 1146 facio.
1842 1086 1968 1154 quia
2000 1095 2166 1142 teme-

589 1173 732 1224 rario
758 1171 990 1240 quodam
1024 1171 1208 1226 studio
1251 1172 1327 1226 tui
1374 1172 1641 1234 detinear.
1677 1175 1770 1229 sed
1800 1175 1925 1244 quia
1956 1183 2014 1228 ut
2035 1175 2165 1228 cha—

589 1263 806 1317 rissimo
835 1262 944 1316 tilio
972 1277 1176 1317 morem
1206 1264 1302 1318 tibi
1329 1279 1517 1334 gerere
1547 1268 1818 1320 studeam.
1844 1259 1980 1320 Cum
2013 1267 2162 1320 enim

585 1354 784 1410 litteris
815 1355 925 1410 tuis
968 1357 1207 1425 petieris,
1267 1367 1326 1411 ut
1359 1358 1452 1412 tibi
1506 1373 1536 1412 a
1562 1359 1721 1414 nobis
1751 1357 1820 1412 ad
1867 1358 2163 1428 perfectam

583 1448 761 1500 .vitam
788 1447 1086 1502 admonitio
1124 1448 1368 1517 quaedam
1397 1449 1796 1514 conscribatur,
1833 1465 2047 1518 aequum
2071 1463 2164 1504 ar-

589 1539 772 1595 b.trati
807 1557 1017 1607 sumus,
1055 1548 1112 1595 ut
1143 1541 1244 1597 hoc
1275 1543 1416 1598 libro
1443 1553 1652 1608 nostro,
1699 1521 1802 1600 etsi
1844 1545 1978 1600 nihil
2014 1543 2164 1599 aliud

589 1631 728 1685 forte
757 1631 1027 1696 utilitatis,
1070 1641 1305 1688 attamen
1339 1634 1470 1688 illud
1502 1634 1747 1706 profecto
1775 1650 1886 1690 non
1917 1645 2162 1690 contem-

580 1719 824 1776 nendum
868 1721 989 1784 tibi,
1023 1737 1122 1776 nos
1155 1721 1304 1792 ipsos
1352 1736 1523 1777 sacrae
1551 1723 1871 1778 obedientize
1895 1735 2164 1794 propona-

2247 541 2400 604 ’ματι
2434 535 2529 604 τὴν
2570 535 2802 604 σπουδὴν
2835 535 2939 588 ὑπὸ
2987 533 3292 604 προθυμίας
3343 537 3797 606 ἐπισημαίνοντες·

2267 625 2504 678 τοιοῦτόν
2535 627 2586 678 τί
2623 644 2712 696 μοι
2755 627 2897 680 δοκῶ
2933 625 3026 680 καὶ
3059 625 3216 689 αὐτὸς
3244 629 3420 678 ποιεῖν
3467 629 3557 680 ἐπὶ
3591 630 3697 692 σοῦ,
3721 633 3802 700 φί-

2269 718 2374 770 λων
2417 719 2628 787 μοικαὶ
2677 719 2920 788 ἀδελφῶν
2953 717 3283 789 τιμιώτατε,
3316 717 3396 770 δτι
3447 735 3538 772 σου
3581 722 3710 774 κατὰ
3751 725 3803 777 τὸ

2265 811 2367 880 τῆς
2392 811 2592 882 ἀρετῆς
2624 811 2837 863 στάδιον
2875 810 3053 872 καλῶς
3097 807 3554 879 ἐναγωνιζομένου
3593 811 3664 882 τῷ
3691 813 3803 884 θείῳ

2267 901 2469 971 δρόμῳ,
2500 901 2594 954 καὶ
2635 901 2770 970 πρὸς
2807 900 2868 952 τὸ
2898 899 3145 971 βραϐεῖον
3173 899 3273 969 τῆς
3314 899 3424 952 ἄνω
3454 901 3690 970 κλήσεως
3717 921 3804 956 πυ-

2269 993 2416 1053 κνοῖς
2459 1007 2517 1043 τε
2566 991 2660 1044 καὶ
2705 991 2930 1060 κούφοις
2973 990 3374 1058 συντεινομένου
3424 993 3536 1054 τοῖς
3573 991 3800 1060 ἅλμασιν,

2271 1081 2538 1150 ὑποφωνῶ
2564 1097 2624 1133 τε
2651 1082 2745 1134 καὶ
2763 1080 3092 1143 ἐπισπεύδω,
3113 1079 3206 1132 καὶ
3227 1079 3516 1132 ἐπιτείνειν
3536 1082 3600 1148 τῇ
3627 1080 3802 1152 σπουδῇ

2267 1171 2328 1224 τὸ
2357 1171 2521 1241 τάχος
2566 1171 2966 1242 διακελεύομαι.
3015 1169 3159 1223 Ποιῶ
3193 1169 3248 1221 δὲ
3286 1169 3491 1235 ταῦτα,
3527 1171 3622 1222 οὐκ
3648 1171 3806 1242 ἀλόγῳ

2267 1263 2374 1316 τινὶ
2403 1261 2682 1334 προθυμίᾳ
2728 1263 2866 1333 πρὸς
2907 1261 3060 1314 τοῦτο
3097 1260 3416 1331 φερόμενος,
3448 1258 3563 1312 ἀλλ’
3589 1260 3659 1324 ὡς
3689 1262 3807 1330 ἀγα-

2269 1353 2424 1423 πητῷ
2451 1355 2626 1424 τέκνῳ
2658 1353 2777 1407 καθ’
2805 1353 2997 1424 ἡδονήν
3027 1351 3406 1424 χαριζόμενος.
3433 1351 3546 1422 Τῆς
3567 1351 3669 1422 γὰρ
3703 1353 3808 1406 ἐπι-

2269 1443 2480 1513 στολῆς,
2511 1444 2578 1515 ήν
2607 1443 2796 1515 πρώην
2826 1443 3105 1514 διεπέμψω
3123 1485 3137 1509 ,
3161 1442 3363 1514 ταύτην
3391 1441 3806 1514 ἀπαγγελλούσης

2265 1537 2364 1607 τὴν
2394 1537 2625 1606 αἴτησιν.
2660 1536 2720 1590 τὸ
2767 1537 3017 1606 γενέσθαι
3051 1535 3132 1589 σοί
3168 1552 3287 1588 τινα
3334 1535 3462 1606 παρ’
3505 1533 3654 1604 ήμῶν
3693 1537 3808 1588 ὐπο-

2268 1627 2442 1700 θήκην
2472 1629 2551 1692 εἰς
2583 1628 2673 1681 τὸν
2724 1627 2925 1682 τέλειον
2976 1627 3118 1697 βίον·
3162 1625 3393 1696 πρέπειν
3443 1624 3624 1695 ᾠήθην
3653 1641 3808 1696 παρα-

2271 1722 2414 1791 σχεῖν
2435 1736 2449 1750 ·
2474 1719 2602 1773 ἄλλο
2632 1721 2730 1791 μὲν
2765 1719 2847 1774 σοί
2893 1737 2942 1772 τι
2981 1721 3247 1790 χρήσιμον
3276 1720 3339 1771 ἐκ
3377 1717 3490 1769 τῶν
3531 1717 3806 1788 λεγομένων

589 1823 710 1862 inus
737 1811 1060 1877 exemplum.
1084 1809 1218 1864 Nam
1251 1811 1294 1866 si
1319 1825 1420 1865 nos
1453 1811 1546 1882 qui
1575 1821 1686 1865 tam
1725 1811 2018 1866 multarum
2047 1811 2162 1865 ani-

2265 1786 2394 1874 ἴσως
2415 1811 2589 1874 οὐδὲν,
2612 1786 2744 1864 αὐτὸ
2773 1810 2830 1864 δὲ
2867 1786 3034 1864 τοῦτο.
3067 1786 3286 1871 πάντως
3315 1807 3420 1861 οὐκ
3451 1786 3730 1878 ἄχρηστον,
3756 1807 3807 1860 τὺ

588 1913 796 1951 marum
830 1913 1016 1952 curam
1065 1907 1125 1953 ut
1161 1909 1343 1970 patres
1387 1904 1648 1971 gerimus,
1681 1901 1974 1958 convenire
2005 1901 2164 1956 duxi-

588 2003 711 2044 mus
735 1989 859 2043 huic
899 1991 1188 2054 senectuti,
1227 2001 1286 2045 ut
1310 1993 1889 2062 modestaejuventutis
1912 1993 2166 2048 mandata

579 2081 908 2151 susciperet,
961 2085 1198 2152 majores
1231 2085 1536 2139 obedientia
1568 2086 1622 2140 in
1669 2093 1720 2139 te
1753 2085 1998 2156 profecto
2021 2085 2167 2141 vires

583 2175 830 2238 habebit,
857 2191 982 2228 cum
1011 2177 1078 2231 ad
1107 2175 1402 2245 parendum
1427 2185 1614 2231 nostro
1639 2177 1883 2246 exemplo
1905 2177 2166 2246 juventus

587 2271 680 2314 tua
721 2261 885 2316 fuerit
914 2265 1148 2318 erudita.
1192 2263 1296 2317 Sed
1333 2265 1448 2319 haec
1503 2265 1788 2320 hactenus.
1832 2264 1967 2320 Nam
2008 2267 2166 2320 nobis

591 2349 697 2406 Deo
755 2353 893 2406 duce
951 2363 1004 2406 et
1054 2355 1272 2420 auspice
1324 2354 1500 2408 nostri
1559 2356 1827 2409 sermonis
1887 2357 2167 2425 proposito

587 2440 952 2510 incipiendum
993 2449 1096 2495 est.
1133 2440 1341 2496 Petiisti
1394 2458 1422 2494 a
1459 2457 1564 2506 me,
1606 2444 1928 2498 charissime
1970 2445 2067 2506 fili,
2109 2454 2168 2498 ut

586 2533 686 2586 tibi
740 2549 988 2603 quaenam
1047 2533 1120 2586 sit
1164 2534 1400 2602 perfecta
1441 2535 1588 2597 vita,
1631 2535 1922 2605 diligenter
1959 2535 2167 2590 descri-

590 2625 710 2677 bam
755 2643 768 2678 :
819 2625 963 2694 quod
1016 2634 1068 2679 te
1131 2626 1254 2679 ideo
1313 2627 1449 2680 velle
1500 2642 1611 2681 non
1661 2628 1890 2690 dubito,
1943 2637 2000 2681 ut
2041 2643 2166 2682 cum

589 2720 863 2774 inveneris
895 2719 1043 2790 quod
1090 2721 1314 2789 quimris,
1357 2721 1422 2774 ad
1463 2722 1628 2774 vitam
1685 2727 1830 2774 tuam
1876 2720 2019 2790 quod
2078 2722 2166 2774 in-

583 2812 805 2875 venisti,
845 2811 1244 2867 accommodes.
1288 2811 1398 2882 Ego
1429 2827 1556 2866 vero
1592 2812 1701 2866 duo
1748 2813 1804 2866 in
1848 2813 1946 2867 hac
1997 2827 2084 2879 re,
2114 2822 2167 2867 et

593 2903 758 2956 ambo
783 2902 917 2956 mihi
959 2903 1165 2972 pariter
1191 2903 1573 2972 impossibilia,
1611 2903 1909 2972 conspicio.
1941 2903 2167 2958 Utrum-

581 3011 693 3063 que
756 2996 922 3058 enim,
962 3003 1016 3050 et
1080 2994 1468 3064 perfectionem
1501 2995 1754 3050 videlicet
1795 2997 1917 3050 vitae
1956 2996 2168 3051 ratione

2265 1903 2514 1972 γενέσθαι
2538 1904 2619 1956 σοὶ¹
2643 1903 2742 1973 τῆς
2772 1901 3075 1968 εὐπειθείας
3097 1901 3422 1971 ὑπόδειγμα.
3445 1900 3506 1952 Εἰ
3526 1900 3630 1970 γὰρ
3645 1901 3803 1970 ἡμεῖς,

2265 1999 2313 2050 ot
2357 1995 2627 2050 τοσούτων
2659 1996 2845 2066 ψυχῶν
2877 1996 2934 2048 ἐν
2969 1995 3219 2065 πατέρων
3265 1992 3421 2057 τάξει
3466 1991 3807 2062 προτεταγμέ-

2267 2105 2365 2154 νοι,
2394 2087 2623 2159 πρέπειν
2657 2087 2882 2158 οἰόμεθα
2919 2089 2985 2157 τῇ
3033 2085 3192 2164 πολιᾷ
3219 2085 3416 2154 ταύτῃ,
3451 2083 3687 2153 νεότητος
3719 2099 3808 2134 σω-

2269 2180 2568 2252 φρονούσης
2596 2179 2874 2250 ἐπίταγμα
2919 2177 3205 2248 δέχεσθαι,
3237 2174 3421 2245 πολλῷ
3463 2173 3654 2244 μᾶλλον
3684 2171 3808 2236 εἰκός

2269 2275 2415 2326 ἐστιν
2447 2275 2503 2326 ἐν
2529 2273 2610 2325 σοι
2645 2271 3012 2343 κρατυνθῆναι
3054 2269 3113 2322 τὸ
3157 2269 3254 2336 τῆς
3297 2265 3610 2329 εὐπειθείας
3643 2265 3808 2335 κατόρ-

2271 2364 2426 2434 θωμα
2453 2363 2587 2433 πρὸς
2625 2362 2871 2432 ὑπακοὴν
2908 2360 3152 2414 ἑκούσιον
3179 2359 3245 2412 δι’
3285 2360 3446 2429 ἡμῶν
3487 2355 3808 2426 παιδοτριϐη-

2269 2455 2453 2523 θείσης
2485 2471 2566 2506 σοι
2594 2453 2691 2523 τῆς
2715 2453 2984 2521 νεότητος.
3004 2453 3114 2504 Καὶ
3141 2449 3312 2503 ταῦτα
3338 2451 3440 2520 μὲν
3465 2451 3543 2512 εἰς
3563 2447 3805 2504 τοσοῦτον.

2280 2545 2652 2616 Ἐγχειρητέον
2682 2545 2739 2596 δὲ
2773 2545 2871 2615 ἢδη
2911 2543 2988 2614 τῷ
3017 2541 3357 2612 προκειμένῳ
3377 2583 3393 2604 ,
3429 2541 3559 2592 Θεὸν
3597 2539 3808 2607 καθηγε-

2271 2639 2407 2709 μόνα
2433 2638 2817 2708 ποιησαμένοις
2855 2635 2947 2688 τοῦ
2982 2633 3158 2702 λόγου.
3205 2631 3600 2704 Ἐπεζήτησας,
3624 2627 3665 2684 ὦ
3699 2628 3808 2698 φίλη

2267 2730 2500 2799 κεφαλὴ,
2532 2726 2916 2798 ὑπογραφῆναί
2961 2741 3044 2778 σοι
3077 2727 3205 2796 παρ’
3253 2724 3436 2794 ήμῶν,
3464 2723 3547 2786 τίς
3577 2724 3604 2775 ὁ
3633 2719 3810 2781 τέλειός

2265 2821 2381 2872 ἐστι
2413 2819 2543 2888 βίος·
2576 2817 2775 2888 δηλαδὴ
2807 2815 2940 2887 πρὸς
2963 2814 3117 2868 τοῦτο
3147 2813 3377 2882 βλέπων,
3399 2811 3477 2875 ὡς
3502 2813 3652 2882 εῐπερ
3677 2811 3810 2880 εὐρε-

2267 2911 2386 2980 θείη
2417 2909 2497 2979 τῷ
2525 2909 2667 2979 λόγῳ
2696 2908 2756 2961 τὸ
2781 2907 3232 2978 σπουδαζόμενον,
3254 2906 3601 2974 μετενεγκεῖν
3629 2903 3701 2964 είς
3731 2900 3807 2952 τόν

2269 3001 2398 3055 ἴδιον
2435 3001 2547 3070 βίον
2569 3001 2666 3071 τὴν
2695 2999 2798 3052 ὑπὸ
2825 2998 2918 3051 τοῦ
2938 2999 3097 3066 λόγου
3133 2995 3466 3068 μηνυθεῖσαν
3487 2993 3658 3064 χάριν.
3688 2987 3811 3060 Ἐγὼ

579 3092 918 3157 describere,
955 3100 1008 3147 et
1039 3093 1180 3162 quod
1207 3094 1417 3148 ratione
1451 3091 1936 3162 comprehendisti,
1969 3093 2023 3146 in
2051 3093 2158 3148 vita

2265 3091 2321 3144 δὲ
2354 3092 2412 3143 ἐν
2441 3089 2768 3160 ἀμφοτέροις
2805 3089 2999 3158 ἐπίσης
3029 3086 3321 3158 ἀμηχανῶ·
3349 3086 3412 3139 τό
3455 3103 3514 3138 τε
3541 3085 3645 3155 γὰρ
3679 3099 3811 3190 περι-

587 3185 705 3254 ipsa
725 3193 1051 3246 monstrare,
1081 3200 1244 3254 supra
1274 3185 1417 3239 vires
1443 3199 1591 3239 meas
1610 3200 1732 3239 esse
1755 3185 1910 3238 facile
1937 3184 2114 3239 fateor
2140 3203 2154 3240 :

585 3276 786 3345 quippe
815 3277 904 3343 qui
934 3286 1114 3344 putem
1151 3275 1337 3329 multis
1382 3276 1546 3330 etiam
1583 3276 1636 3330 in
1665 3277 1866 3330 virtute
1897 3285 2161 3346 praestan-

587 3365 817 3419 tioribus
841 3372 895 3418 et
933 3367 1145 3434 magnis
1185 3366 1406 3418 omnino
1457 3365 1588 3419 viris
1617 3364 1856 3419 dillicilia
1892 3365 2004 3422 haec
2037 3383 2160 3423 esse

586 3457 760 3521 dictu,
794 3457 904 3510 imo
966 3471 1094 3511 vero
1147 3456 1523 3524 impossibilia.
1609 3453 1809 3510 Verum
1848 3472 1916 3510 ne
1973 3458 2160 3512 videar

579 3548 660 3601 ibi
685 3547 893 3610 timere,
955 3557 1017 3600 ut
1050 3547 1336 3602 Psalmista
1383 3547 1457 3599 ait
1483 3547 1528 3614 ³,
1570 3546 1660 3600 ubi
1693 3547 1860 3600 timur
1908 3563 2015 3602 non
2053 3555 2158 3614 est,

589 3641 809 3708 planum
845 3639 897 3693 id
943 3639 1014 3692 ita
1058 3637 1274 3691 faciam.
1327 3636 1592 3691 Perfectio
1643 3637 1697 3690 in
1745 3637 1998 3692 omnibus
2038 3640 2160 3694 aliis

587 3747 708 3800 quae
746 3747 908 3785 sensu
941 3729 1334 3799 percipiuntur,
1375 3729 1621 3782 terminis
1661 3729 1986 3798 quibusdam
2013 3745 2162 3784 com-

581 3821 963 3893 prehenditur,
994 3829 1052 3873 ut
1090 3819 1243 3873 verbi
1300 3833 1487 3882 causa,
1521 3818 1575 3872 in
1605 3825 1810 3887 quanto
1844 3825 1954 3872 tam
1985 3819 2162 3873 conti-

588 3929 700 3970 nuo
739 3928 899 3982 quam
929 3911 1186 3966 discreto.
1217 3908 1405 3965 Omnis
1431 3910 1574 3964 enim
1605 3923 1858 3963 mensura
1884 3911 2162 3978 quantita-

583 4007 659 4062 tis
687 4001 1263 4076 propriisquibusdam
1313 4000 1560 4056 terminis
1613 4001 1977 4057 concluditur.
2025 3999 2159 4054 Nam

581 4099 680 4168 qui
705 4097 771 4150 ad
823 4095 1064 4150 cubitum
1116 4095 1200 4148 vel
1243 4091 1524 4148 denarium
1569 4093 1794 4162 respicit
1851 4108 2159 4154 numerum,

587 4202 693 4242 non
729 4196 812 4240 est
836 4187 1075 4247 nescius,
1099 4183 1242 4238 unde
1262 4191 1556 4253 utrumque
1579 4185 1812 4238 istorum
1848 4185 2074 4254 incepit,
2109 4191 2162 4237 et

586 4293 696 4346 quo
725 4276 912 4336 exivit,
943 4275 1142 4343 quibus
1167 4273 1383 4325 illorum
1413 4273 1537 4326 finis
1554 4273 1818 4327 habeatur
1847 4282 2008 4343 atque
2041 4290 2164 4343 per-

583 4367 771 4422 fectio.
799 4365 853 4417 In
877 4368 1074 4418 virtute
1106 4378 1230 4416 vero
1261 4362 1406 4416 hunc
1435 4363 1503 4416 ab
1525 4365 1788 4432 Apostolo
1812 4364 2163 4434 perfectionis

2261 3183 2441 3237 λαϐεῖν
2473 3181 2613 3251 λόγῳ
2637 3180 2732 3250 τήν
2761 3179 3094 3250 τελειότητα,
3131 3177 3305 3230 καὶτὸ
3337 3177 3431 3229 ἐπὶ
3465 3175 3558 3229 τοῦ
3591 3173 3698 3244 βίου
3718 3171 3810 3224 Bel-

2262 3275 2348 3341 ξαι
2369 3275 2505 3344 ὅπερ
2537 3273 2602 3327 ἂν
2632 3275 2660 3325 ό
2689 3271 2843 3340 λόγος
2864 3271 3193 3341 κατανοήσῃ,
3223 3270 3362 3340 ὑπὲρ
3391 3267 3492 3340 τὴν
3519 3267 3649 3338 ἐμήν
3676 3263 3808 3318 δύνα-
3827 3321 3842 3338 _

2265 3385 2356 3438 μιν
2397 3367 2655 3438 ἑκάτερον
2701 3365 2903 3418 τούτων
2953 3359 3089 3418 εἷναί
3122 3379 3283 3434 φημι.
3319 3361 3476 3432 Τάχα
3503 3361 3558 3414 δὲ
3603 3360 3695 3412 οὐκ
3717 3356 3810 3424 ἐγὼ

2266 3461 2443 3530 μόνος,
2478 3459 2612 3512 ἀλλὰ
2655 3459 2746 3510 καὶ
2797 3457 2981 3511 πολλοὶ
3016 3458 3123 3509 τῶν
3183 3455 3436 3526 μεγάλων
3467 3471 3525 3506 τε
3571 3453 3662 3506 καὶ
3708 3449 3810 3502 κατ’

2263 3550 2462 3622 ἀρετὴν
2495 3550 2871 3622 προεχόντωνη
2889 3547 3377 3618 ἀνέφικτον.αὑτοῖς
3411 3542 3551 3598 εἶναι
3578 3544 3633 3596 τὸ
3661 3537 3814 3594 τοιοῦ-

2262 3617 2351 3692 τον
2407 3617 2972 3736 όμολογήσουσιν.[Ὠς
2999 3617 3042 3690 δ’
3074 3636 3138 3689 ἂν
3185 3635 3258 3706 μή
3306 3635 3539 3702 δοκοίην,
3567 3629 3698 3684 κατὰ
3734 3628 3812 3736 τόν

2254 3730 2547 3801 aut;in
2583 3733 2757 3782 είπεῖν
2781 3771 2796 3794 ,
2830 3719 2944 3782 ὲῖιιεῖ
2984 3726 3262 3796 φοϐεῖσθαι
3319 3725 3484 3794 φόϐον
3509 3766 3522 3788 ,
3554 3724 3678 3776 ὅπου
3725 3719 3812 3772 οὐκ

2265 3823 2378 3876 ἔστι
2410 3821 2570 3892 φόϐος
2591 3839 2606 3852 ·
2639 3821 2987 3890 σαφέστερον,
3013 3819 3040 3872 ὃ
3063 3818 3342 3889 βούλομαι,
3367 3816 3696 3888 παραστήσω
3716 3827 3808 3864 σοι.

2276 3915 2338 3967 Ἢ
2364 3914 2634 3984 τελειότης
2665 3913 2758 3966 ἐπὶ
2807 3913 2903 3982 μὲν
2940 3911 3047 3964 τῶν
3090 3910 3264 3964 ἄλλων
3298 3909 3552 3963 ἁπάντων
3572 3947 3586 3970 ,
3618 3907 3709 3958 ὅσα
3751 3901 3808 3972 τῇ

2262 4007 2506 4078 αἰσθήσει
2535 4007 2830 4076 μετρεῖται,
2861 4001 3056 4072 πέρασί
3089 4019 3229 4054 τισιν
3261 4000 3586 4072 ὡρισμένοις
3611 3995 3812 4063 διαλαμ-

2264 4099 2502 4160 ϐάνεται,
2531 4091 2640 4149 οἷον
2661 4095 2752 4148 ἐπὶ
2779 4093 2871 4146 τοῦ
2894 4092 3081 4150 ποσοῦ,
3110 4091 3206 4143 τοῦ
3241 4107 3299 4142 τε
3341 4088 3594 4158 συνεχοῦς
3620 4086 3706 4139 καὶ
3729 4081 3810 4134 τοῦ

2263 4189 2637 4260 διωρισμένου.
2678 4186 2790 4240 Πᾶν
2823 4185 2931 4254 γὰρ
2960 4183 3020 4237 τὸ
3049 4187 3104 4237 ἐν
3150 4181 3404 4250 ποσότητι
3447 4181 3655 4250 μέτρον,
3682 4175 3811 4235 ἰδίοις

2263 4281 2403 4333 τισὶν
2432 4280 2578 4349 ὅροις
2626 4277 3010 4348 ἐμπεριέχεται
3036 4292 3050 4306 ·
3082 4274 3177 4326 καὶ
3203 4272 3232 4324 ὁ
3277 4271 3411 4340 πρὸς
3441 4271 3531 4322 τὸν
3566 4271 3749 4337 πῆχυν,
3781 4263 3810 4332 ἢ

2265 4373 2360 4442 τὴν
2411 4370 2501 4424 τοῦ
2531 4369 2762 4440 ἀριθμοῦ
2805 4367 3002 4420 δεκάδα
3042 4365 3274 4434 βλέπων,
3308 4358 3413 4414 οἶδε
3447 4361 3508 4412 τὸ
3555 4359 3658 4412 ἀπό
3685 4370 3810 4415 τινος

583 4457 877 4511 terminum
931 4471 1052 4510 esse
1083 4453 1408 4514 didicimus,
1441 4455 1584 4522 quod
1616 4455 1796 4509 nullus
1837 4457 1890 4509 in
1935 4457 2048 4526 ipsa
2092 4458 2162 4512 sit

2266 4463 2587 4536 ἀρξάμενον,
2619 4463 2711 4515 καὶ
2763 4461 2842 4522 είς
2871 4459 2925 4512 τὶ
2978 4454 3302 4525 καταλῆξαν,
3335 4455 3393 4505 ἐν
3429 4445 3474 4520 ᾧ
3503 4455 3614 4504 ἐστι
3653 4447 3707 4500 τὸ
3734 4445 3808 4536 τέ-

583 4548 852 4603 terminns
883 4565 895 4600 :
927 4548 1124 4616 quippe
1147 4560 1270 4598 cum
1291 4545 1380 4600 ille
1406 4545 1521 4614 ipse
1539 4544 1740 4600 Paulus
1759 4545 1820 4612 ‘°,
1846 4548 1929 4599 vir
1946 4548 2162 4603 divinus

579 4654 640 4699 et.
669 4650 844 4696 meme
869 4641 1192 4700 altissimus.
1225 4655 1439 4708 semper
1471 4655 1534 4692 ac
1555 4639 1759 4709 jugiter
1789 4655 1885 4709 per
1909 4642 2159 4694 virtutem

583 4749 745 4787 suum
799 4747 1022 4785 cursum
1071 4729 1399 4794 intenderet,
1441 4745 1540 4783 nec
1585 4745 1822 4798 unquam
1859 4731 1924 4784 ad
1955 4731 2164 4798 majora

579 4821 950 4877 conscendere
981 4823 1272 4890 negligeret
1308 4839 1322 4874 :
1360 4835 1466 4873 non
1499 4820 1642 4874 enim
1679 4828 1850 4873 tutum
1883 4820 1956 4872 illi
1985 4829 2100 4872 erat
2130 4837 2160 4873 a

585 4930 750 4969 cursu
779 4913 1042 4968 desistere
1075 4931 1086 4966 :
1133 4929 1230 4965 cur
1273 4913 1348 4965 ita
1379 4913 1404 4965 ?
1450 4911 1718 4977 Quoniam
1765 4927 1925 4966 omne
1955 4913 2158 4966 bonum

585 5005 702 5074 ipsa
734 5013 949 5067 natura,
982 5020 1086 5072 qua
1107 5004 1307 5056 bonum
1343 5013 1446 5066 est,
1473 5019 1590 5056 non
1645 5003 1809 5057 habet
1843 5006 2157 5064 terminum,

586 5097 678 5150 sed
737 5095 1001 5149 contrarii
1057 5097 1466 5164 comparatione
1521 5095 1871 5159 terminatur,
1937 5107 1995 5150 ut
2049 5097 2158 5151 vita

583 5196 780 5249 morte,
821 5193 908 5240 lux
937 5188 1194 5250 tenebris,
1225 5195 1278 5242 et
1307 5187 1528 5241 omnino
1573 5188 1772 5240 bonum
1805 5203 1964 5243 omne
2003 5191 2056 5242 in
2094 5205 2159 5243 eo

585 5279 806 5340 desinit,
863 5279 1007 5348 quod
1073 5279 1171 5347 ipsi
1243 5279 1583 5332 contrarimn
1635 5294 1758 5334 esse
1815 5280 2150 5349 intelligitur.

587 5367 768 5432 Quare
797 5367 1255 5437 quemadmodum
1287 5369 1410 5421 vitae
1438 5369 1564 5422 linis
1593 5369 1785 5422 mortis
1816 5369 2032 5424 initium
2049 5379 2152 5433 est,

575 5461 666 5514 sic
694 5475 890 5513 cursus
939 5459 1110 5528 ipsius
1142 5459 1263 5514 linis
1288 5461 1381 5527 qui
1429 5458 1726 5512 secundum
1765 5461 2018 5514 virtutem
2049 5471 2153 5526 est,

579 5551 768 5606 vitiosi
795 5565 993 5604 cursus
1029 5541 1244 5603 initium
1297 5549 1600 5605 invenitur.
1661 5548 1776 5604 Non
1817 5551 1981 5622 igitur
2017 5551 2156 5609 falso

652 5773 850 5832 “Psal.
884 5789 1004 5842 ιιιι,
1035 5775 1120 5830 15.
1199 5775 1242 5806 ’θ
1275 5773 1508 5846 Philipp.
1543 5790 1622 5830 In.

2265 4533 2596 4624 λειονέχειν.
2643 4552 2765 4603 Ἐπὶ
2795 4549 2852 4602 δέ
2896 4548 2995 4618 τῆς
3029 4547 3226 4618 ἀρετῆς
3253 4543 3403 4616 παρὰ
3434 4541 3527 4595 τοῦ
3578 4533 3810 4592 Ἀποστό-

2264 4646 2358 4699 λου
2406 4645 2502 4697 ἕνα
2531 4641 2861 4712 τελειότητος
2891 4641 3014 4710 ὅρον
3049 4635 3341 4707 ἐμάθομεν,
3369 4633 3429 4685 τδ
3465 4632 3537 4702 μὴ
3565 4629 3700 4700 ἔχειν
3726 4625 3808 4677 αὑ-

2265 4739 2364 4805 τὴν
2392 4737 2538 4806 ὅρον.
2581 4735 2639 4786 ’0
2665 4732 2772 4802 γὰρ
2810 4730 2974 4791 πολὺς
3001 4729 3206 4788 ἐκεῖνος
3242 4726 3334 4778 καὶ
3361 4723 3562 4794 ὑψηλὸς
3584 4721 3674 4789 τὴν
3707 4713 3808 4768 διά·

2237 4803 2436 4888 ξνοιειιν,
2451 4829 2478 4878 ό
2495 4827 2632 4887 θεῖος
2657 4823 2993 4904 ’ᾼπόστολος,
3010 4821 3094 4900 διὰ
3116 4820 3211 4888 τῆς
3226 4818 3422 4886 ἀρετῆς
3445 4805 3808 4904 τρέχωνβῷς

2264 4937 2396 4987 ποτε
2446 4921 2558 4982 τοῖς
2611 4897 2914 4987 ἔμπροσθεν
2975 4895 3417 4977 ἐπεκτεινόμενος
3470 4896 3810 4987 ἔληξεν-ςέξέ

2409 4985 2653 5078 ἀσφαλὴς
2689 5003 2835 5074 αὐτῷ
2862 4999 2929 5074 ἦν
2964 5005 2997 5070 ή
3017 5001 3115 5082 τοῦ
3139 4991 3337 5070 δρόμου
3367 4998 3571 5058 στάσις.
3609 4989 3700 5045 Διὰ
3731 4986 3806 5082 si}

2266 5075 2384 5154 ’ίυτι
2418 5075 2524 5151 πᾶν
2549 5075 2750 5165 ἀγαθὸν
2777 5097 2842 5164 τῇ
2871 5081 3064 5146 ἐαυτοῦ
3097 5089 3254 5159 φύσει
3287 5089 3410 5158 ὅρον
3445 5087 3546 5138 οὐκ
3597 5083 3719 5172 ἔχει,
3751 5075 3807 5172 τῇ

2261 5193 2318 5246 δὲ
2350 5191 2440 5244 τοῦ
2472 5188 2714 5242 ἐναντίου
2771 5183 3069 5256 παραθέσει
3109 5179 3344 5251 ὁρίζεται
3367 5194 3380 5207 ·
3411 5175 3484 5238 ὡς
3513 5176 3546 5244 ή
3589 5169 3710 5240 ζωή,
3741 5169 3809 5232 τῷ

2263 5283 2504 5351 θανάτῳ·
2535 5279 2631 5333 καὶ
2667 5279 2726 5330 τὺ
2761 5276 2896 5346 φῶς,
2927 5275 3004 5344 τῷ
3032 5273 3242 5326 σκότει·
3271 5269 3365 5322 καὶ
3389 5269 3494 5320 πᾶν
3523 5266 3654 5324 ὅλως
3689 5262 3810 5358 ἀγαι-

2264 5375 2354 5427 θὸν
2385 5375 2462 5434 είς
2491 5371 2668 5423 πάντα
2694 5367 2762 5421 τὰ
2795 5369 2907 5429 τοῖς
2947 5363 3168 5432 ἀγαθοῖς
3199 5363 3260 5414 ἐκ
3299 5357 3392 5420 τοῦ
3420 5355 3654 5409 ἐναντίου
3669 5355 3810 5450 Δνοου-

2269 5481 2425 5536 μεναν
2445 5463 2619 5534 λήγει,
2661 5461 2750 5523 Ὠς
2781 5459 2888 5529 γὰρ
2910 5457 2970 5509 τὺ
3000 5455 3101 5523 τῆς
3133 5453 3276 5522 ζωῆς
3307 5451 3458 5510 τέλος
3493 5445 3634 5517 ἁρχὴ
3667 5441 3810 5536 θανά·

2263 5529 2358 5611 του
2384 5529 2562 5608 ἐστίν·
2586 5553 2727 5607 οὕτω
2761 5551 2854 5606 καὶ
2879 5549 2972 5604 τοῦ
2995 5549 3115 5603 κατ’
3135 5545 3333 5618 ἀρετήν
3361 5541 3558 5614 δρόμου
3591 5529 3808 5608 ﬂes-16%;
