3996 6466
217 384 302 442 501
1475 365 1564 418 DE
1600 364 1763 419 VlTA
1803 362 2074 418 MOYSIS.
3333 354 3434 410 τ,οε

216 496 336 572 ἀρχὴ
362 487 446 544 τοῦ
475 483 612 539 κατά
631 483 826 537 κακίαν
861 481 1068 552 γίνεται
1111 483 1328 555 δρόμου.
1356 483 1563 538 Οὐκοῦν
1594 485 1653 537 οὑ
1685 485 1762 537 δι·
1793 538 1794 545 η

1867 499 1894 534 a
1928 482 2084 534 nobis
2137 479 2342 531 dinlum
2377 487 2460 533 est
2517 476 2854 546 impossibile
2875 489 2998 530 esse
3044 473 3432 544 perfectionem

214 565 418 660 εῷεὑσθη
445 580 472 632 6
496 576 649 643 λόγος
673 577 825 645 ἡμῖν,
843 575 1120 646 ἀμήχανον
1146 576 1238 628 ἐπὶ
1256 576 1354 646 τῆς
1379 576 1580 648 ἀρετῆς
1616 574 1753 630 εἶναι

1861 587 1924 625 ac
1955 572 2114 624 finem
2163 569 2381 622 virtutis
2436 567 2948 637 comprehendere:
3001 565 3432 619 demonstratum

213 658 296 751 τὴν
307 675 396 744 τῆς
414 667 744 738 τελειότητος
766 666 1056 744 περίληψιν
1071 667 1244 735 λέγων
1265 684 1278 696 ⁸
1302 668 1512 740 ἐδείχθη
1531 668 1659 736 γοῦν
1675 671 1755 723 ὅτι

1857 663 2000 715 ειιὶιιι
2034 660 2144 730 jam
2177 668 2278 723 est,
2326 659 2470 729 quod
2517 658 2684 713 nullis
2708 659 2879 712 virtus
2906 658 3154 712 terminis
3188 658 3435 712 contine-

212 741 269 825 τὸ.
288 741 775 832 διαλαμϐανόμενον
808 759 1060 829 πέρασιν,
1093 759 1263 830 ἀρετὴ
1284 761 1384 813 οὑκ
1411 760 1579 814 ἐστιν.
1863 760 1974 805 tur.

281 855 418 910 Ἐπεὶ
447 851 500 904 δὲ
532 852 626 904 καὶ
663 853 775 912 τοῖς
811 849 1055 919 μετιοῦσι
1100 850 1192 902 τὸν
1191 851 1582 928 μκίεις-ἀρετὴν
1607 851 1755 928 βίον,

1928 840 2083 894 Νιιηε
2133 853 2311 895 autem
2379 842 2608 896 alterum
2648 841 2834 904 etiam,
2886 840 3030 910 quod
3071 840 3282 894 scilicet
3321 841 3435 893 im-

209 949 437 1007 ἀδύνατον
455 939 590 995 εἶναι
617 937 767 994 εἷπον
796 940 856 993 τὺ
881 940 1133 1011 ἐπιϐῆναι
1164 929 1639 1016 τῆςῗτελειόὲητος·
1667 941 1756 994 οὑ-

1860 933 2121 1004 possibile
2168 934 2238 988 sit
2275 933 2377 997 eis,
2433 935 2526 1004 qui
2556 948 2683 986 cum
2716 933 2919 988 virtute
2960 934 3170 997 vivunt,
3211 933 3276 985 ad
3314 949 3437 1002 per-

208 1005 301 1104 ςως
321 1040 347 1092 6
365 1037 512 1103 λόγος
530 1033 623 1087 καὶ
639 1050 706 1085 πε
715 1033 766 1104 pl.
785 1031 975 1085 τούτου
1006 1005 1488 1103 σάφηνιὲςόἧέἕὲξέιίἶ
1509 1005 1582 1084 'i‘b
1611 1032 1760 1102 πρώ-

1860 1025 2150 1080 fectionem
2201 1027 2473 1095 finemque
2520 1026 2741 1081 virtutis
2793 1025 3098 1095 pervenire,
3143 1026 3300 1079 nobis
3341 1041 3437 1078 ει-

208 1151 300 1194 τως
320 1130 407 1182 καὶ
430 1126 634 1192 κυρίως
669 1125 889 1193 ἀγαθὸν,
931 1118 991 1178 οὑ
1019 1125 1052 1194 ἡ
1095 1123 1256 1192 φύσις
1287 1123 1557 1194 ἀγαθότης
1589 1126 1755 1186 ἐστὶν,

1861 1118 2193 1188 planandum
2226 1117 2462 1172 videtur.
2505 1117 2746 1171 Primum
2784 1117 2952 1185 igitur
2981 1129 3044 1169 ac
3085 1117 3305 1185 proprie
3335 1117 3434 1170 bo-

207 1222 320 1280 αὑτὸ
335 1219 389 1272 τὸ
400 1197 919 1284 θεΐσνζΐσὶίέἲόῖῖτῇ
942 1213 1098 1283 φύσει
1117 1213 1335 1276 νοεῖται,
1356 1213 1512 1266 τοῦτο
1530 1213 1621 1268 καὶ
1645 1211 1756 1265 ἔστι

1862 1226 2014 1273 num,
2070 1209 2230 1278 cujus
2261 1217 2457 1262 natura
2508 1209 2721 1263 bonitas
2753 1215 2859 1272 est,
2894 1206 3056 1272 Deus,
3112 1207 3256 1270 dico,
3296 1208 3434 1279 ipse,

207 1315 288 1368 καὶ
311 1305 641 1378 ὀνομάζεται.
690 1304 840 1358 Ἐπεί
865 1301 958 1358 οὖν
983 1305 1158 1367 οὐδεὶς
1203 1305 1404 1374 ἀρετῆς
1433 1305 1577 1372 ὄρος,
1621 1303 1785 1376 πλὴν.

1862 1302 2229 1370 ψιοίίειιιιιμιε
2282 1311 2478 1354 natura
2525 1315 2644 1354 esse
2694 1299 3037 1368 intelligitur,
3095 1298 3331 1367 idipsum
3384 1310 3440 1353 et

205 1405 399 1466 κακίας,
413 1398 646 1470 ἐδείχθη,
659 1397 1033 1468 ἀπαράδεκτον
1051 1395 1106 1448 δὲ
1123 1394 1216 1448 τοῦ
1241 1394 1480 1448 ἐναντίου
1505 1395 1567 1446 τὸ
1583 1393 1755 1446 Θεῖονο

1861 1402 1964 1454 est,
2019 1402 2074 1447 ct
2126 1401 2512 1463 nuncupatur:
2571 1407 2691 1461 qum
2737 1392 2956 1460 quidem
3007 1391 3189 1444 divina
3244 1399 3439 1445 natura

204 1500 428 1570 ἀόριστος
448 1492 554 1562 ἄρα
578 1491 671 1544 καὶ
697 1490 1050 1559 ἀπεράτωτος
1080 1491 1113 1559 ἡ
1143 1487 1262 1540 θεία
1288 1487 1448 1556 φύσιες
1481 1485 1760 1557 καταλαμ-

1863 1486 2150 1551 (quoniam
2188 1485 2373 1539 nullus
2429 1484 2648 1538 virtutis
2689 1483 2956 1537 terminus
3002 1492 3198 1552 praeter
3247 1484 3437 1536 vitium

200 1589 417 1642 ὃάνεται.
459 1579 620 1633 Ἀλλά
639 1579 758 1649 ,μὴν
794 1581 822 1631 6
853 1577 952 1648 τὴν
984 1577 1158 1646 ἀληθῆ
1189 1574 1389 1646 μετιὼν
1419 1574 1640 1645 ἀρετὴν,
1669 1576 1761 1627 οὑ-

1861 1585 1964 1639 est,
2003 1585 2063 1630 ut
2105 1576 2216 1644 jam
2271 1576 2577 1630 rationibus
2622 1573 3118 1643 comprobavimus,
3171 1573 3439 1628 Divinilas

202 1681 277 1732 δὲν
298 1677 471 1746 ἕτερον
500 1671 536 1740 ἢ
563 1670 698 1723 Θεοῦ
733 1669 947 1740 μετέχει
973 1686 986 1698 ο
1012 1667 1143 1720 διότι
1176 1666 1339 1728 αὑτός
1377 1669 1522 1719 ἐστιν
1559 1668 1593 1736 ὴ
1624 1683 1760 1720 παν-

1860 1667 2003 1722 enim
2034 1669 2365 1722 contrarium
2403 1667 2680 1737 suscipere
2711 1682 2816 1720 non
2852 1671 3048 1736 potest)
3088 1667 3438 1720 interminata

197 1767 337 1838 τελὴς
363 1763 554 1835 ἀρετή.
599 1761 752 1815 Ἐπεὶ
781 1756 874 1813 οὖν
900 1760 958 1812 τὸ
991 1761 1056 1830 τῇ
1084 1758 1243 1828 φύσει
1276 1758 1461 1819 καλὸν,
1490 1757 1761 1828 ἐπιθυμη-

1862 1765 2036 1815 est'ac
2065 1761 2298 1814 infinita.
2339 1761 2407 1814 At
2439 1776 2568 1814 vero
2591 1761 2682 1830 qui
2713 1776 2823 1841 n‘on
2865 1759 3141 1824 simulate,
3184 1759 3278 1813 sed
3315 1776 3440 1812 vere

202 1861 280 1914 τὸν
301 1861 371 1921 είς
398 1855 689 1928 μετουσίαν
707 1854 924 1916 πάντως
951 1852 1069 1904 ἐστὶ
1097 1854 1205 1914 τοῖς
1227 1849 1574 1918 γινώσκουσι,
1605 1851 1762 1904 τοῦτο

1862 1853 2122 1906 virtutem
2171 1853 2444 1921 sequitur,
2500 1851 2631 1916 Deo,
2667 1853 2760 1921 qui
2815 1849 3054 1921 perfecta
3104 1851 3280 1906 virtus
3333 1860 3437 1912 est.

198 1908 524 2020 ⁷ὁμίοὺκ
572 1946 685 2016 ἔχει
708 1961 722 1975 ⁶
773 1908 1084 2012 ἀναγκαίως
1114 1908 1209 1996 καί.
1240 1908 1283 2014 ’ἡ
1309 1942 1405 1996 τοῦ
1447 1908 1763 2014 μετέχοντος

1869 1943 2284 2014 participatione
2332 1942 2705 2013 conjungilur.
2755 1941 2899 1996 Deus
2931 1951 3110 1996 autem
3142 1942 3438 1996 terminum

202 2039 444 2111 ἐπιθυμία
467 2038 550 2108 τῷ
577 2037 812 2108 ἀορίστῳ
854 2033 1403 2106 συμπαρατείνουσα,
1440 2034 1626 2089 στάσιν
1667 2035 1766 2088 οὐκ

1867 2051 1976 2089 non
2028 2035 2210 2088 habet.
2245 2032 2428 2100 Quare
2473 2049 2598 2088 cum
2639 2033 2759 2103 ejus
2811 2033 2954 2103 quod
2997 2040 3192 2086 natura
3234 2033 3436 2086 bonum

200 2137 314 2206 ἔχει.
371 2130 582 2186 Οὐκοῦν
623 2129 825 2201 ἄπορόν
882 2130 998 2181 ἐστι
1051 2128 1364 2181 παντάπασι
1421 2127 1514 2180 τοῦ
1557 2126 1765 2180 τελείου

1865 2141 1969 2190 est,
2017 2127 2242 2181 omnino
2289 2127 2583 2197 participes
2610 2141 2733 2181 esse
2780 2125 3112 2190 desiderent,
3163 2126 3254 2194 qui
3298 2126 3433 2179 illud

195 2225 392 2293 τυχεῖν
441 2221 578 2275 διότι
624 2222 658 2291 ὴ
694 2220 986 2290 τελειότης,
1015 2218 1199 2282 καθὼς
1242 2221 1476 2290 εἴρηται,
1517 2221 1663 2290 ὅροις
1703 2219 1765 2271 οὑ

1867 2226 2168 2278 noverunt.
2216 2233 2444 2273 necesse
2473 2226 2578 2281 est,
2628 2217 3008 2288 participantis
3039 2232 3258 2287 quoque
3291 2217 3440 2271 desi-

197 2312 606 2383 διαλαμὸάνεται
640 2328 654 2341 ’
710 2310 811 2396 τῆς
855 2310 914 2362 δὲ
959 2311 1158 2380 ἀρετῆς
1208 2303 1288 2372 εἷς
1338 2310 1462 2379 ὅρος
1508 2309 1646 2370 ἐστὶ,
1707 2307 1766 2360 τὸ

1865 2310 2100 2372 derium,
2125 2325 2247 2363 cum
2267 2309 2335 2363 ad
2359 2310 2770 2364 inter-minatum
2794 2309 3176 2380 infinitumque
3199 2311 3439 2380 seipsum

197 2407 444 2488 ἀόριστον.
498 2402 629 2466 Πῶς
675 2391 880 2454 οὗνάν
916 2417 999 2464 τις
1041 2401 1133 2453 ἐπὶ
1169 2400 1230 2452 τὸ
1255 2399 1597 2470 ’ζητούμενον
1632 2397 1766 2466 φθά-

1863 2399 2140 2463 extendat,
2162 2401 2372 2453 nullum
2389 2400 2583 2452 habeat
2616 2400 2844 2464 exitum,
2895 2415 3002 2469 quo
3017 2415 3232 2454 cessare
3247 2399 3439 2468 possit.

197 2513 295 2549 σειε
334 2494 544 2566 πέρας,
593 2495 693 2564 οὑχ
727 2494 997 2566 εὑρίσκων
1026 2491 1086 2544 τὸ
1123 2491 1329 2562 πέρας;
1364 2491 1437 2543 Οὑ
1474 2492 1579 2561 μὴν
1612 2492 1764 2543 ἐπει-

1864 2489 2011 2556 Quas
2041 2491 2112 2544 ob
2151 2507 2239 2544 res
2266 2491 2310 2545 si
2357 2491 2523 2544 nullis
2565 2491 2688 2544 vitae
2721 2491 2989 2560 perfectio
3021 2491 3272 2544 terminis
3305 2507 3441 2544 con~

194 2587 251 2654 δὴ
293 2585 514 2640 καθόλου
559 2585 620 2637 τὸ
666 2584 994 2654 ζητούμενον
1031 2583 1267 2653 ἄληπτον
1297 2584 1325 2634 ὁ
1354 2581 1511 2649 λόγος
1554 2580 1766 2633 ὑπέδει-

1865 2583 2088 2645 tinet'ur,
2123 2582 2168 2636 si
2200 2581 2419 2635 virtutis
2449 2581 2501 2635 id
2535 2582 2712 2649 ipsum
2740 2582 3009 2636 terminus
3030 2591 3134 2644 est,
3175 2581 3321 2650 quod
3357 2581 3440 2634 in-

196 2678 304 2744 ξεν,
333 2675 638 2747 ἀμελητέον
667 2675 734 2728 ἀν
769 2675 855 2745 εἴη
895 2675 994 2744 τῆς
1036 2674 1255 2743 ἐντολῆς
1295 2673 1386 2727 τοῦ
1435 2673 1672 2744 Κυρίου,
1729 2673 1764 2742 ἦ

1865 2676 2152 2728 terminata
2180 2675 2269 2734 sit,
2298 2673 2634 2743 impossibile
2659 2674 2881 2727 omnino
2911 2683 3017 2737 est,
3051 2673 3125 2726 ita
3151 2673 3441 2742 perfectio-

195 2787 314 2838 φησι
336 2787 348 2799 ·
403 2789 420 2820 ι
443 2768 672 2822 Γίνεσθε
711 2767 927 2830 τέλειοι,
962 2768 1037 2830 ὡς
1087 2769 1115 2820 6
1151 2767 1336 2837 Πατὴρ
1362 2765 1514 2835 ὑμῶν
1543 2767 1570 2818 6
1605 2765 1764 2834 οὐρά-

1866 2783 1988 2821 ιιεηι
2029 2768 2170 2820 hanc
2199 2777 2293 2819 aut
2340 2782 2395 2820 re
2425 2767 2714 2834 consequi,
2763 2776 2856 2820 aut
2886 2767 3066 2820 verbis
3103 2765 3345 2835 assequi,
3385 2774 3442 2818 ut

195 2879 292 2924 νιος
313 2861 516 2923 τέλειός
549 2863 717 2913 ἐστιν.
745 2879 763 2911 ι
813 2858 938 2912 Ἐπὶ
968 2859 1075 2931 γὰρ
1107 2859 1214 2931 τῷν
1241 2859 1400 2927 φύσει
1428 2856 1628 2920 καλῶν,
1663 2857 1764 2909 κάν

1865 2858 1930 2910 ad
1965 2859 2158 2911 altiora
2221 2858 2363 2911 ullus
2419 2871 2684 2911 ascensus
2749 2858 3109 2926 relinquatur.
3158 2855 3443 2922 Quomodo

196 2952 264 3020 μὴ
294 2951 384 3005 τοῦ
419 2951 630 3014 παντὸς
659 2953 838 3019 τυχεῖν
868 2930 1090 3002 δυνατὸν
1309 2934 1412 3001 ’καὶ
1444 2933 1518 3018 μὴ
1547 2945 1638 2999 τοῦ
1671 2946 1766 3014 μέ-

1867 2949 2032 3018 igitur
2064 2950 2130 3001 ad
2193 2949 2680 3017 ﬁnemqumsitum
2747 2949 3018 3017 quispiam
3079 2957 3443 3018 perventurus

196 3059 311 3112 ρους
359 3044 676 3112 ἀποτυχεῖν,
725 3041 917 3112 κέρδος
961 3040 1026 3094 ἂν
1080 3040 1164 3110 είη
1211 3039 1352 3108 μέγα
1397 3041 1506 3100 τοῖς
1541 3054 1603 3105 γε
1643 3035 1764 3088 νοῦν

1865 3049 1964 3102 est,
1999 3056 2121 3093 cum
2153 3040 2276 3094 finis
2304 3041 2486 3092 nullus
2515 3039 2874 3094 inveniatur?
2912 3039 3027 3092 Non
3062 3051 3266 3101 tamen,
3299 3056 3443 3109 qun—

192 3134 379 3202 ἔχουσι.
405 3135 602 3188 Ιιᾶσαν
621 3135 798 3185 τοίνυν
812 3130 1142 3185 έπιδεικτέον
1170 3127 1424 3199 σπουδὴν,
1463 3127 1535 3198 μὴ
1567 3144 1765 3179 παντε-

1867 3132 2011 3184 niam
2077 3131 2221 3199 quod
2262 3133 2526 3201 qumritur
2576 3132 2780 3185 exitum
2832 3146 2941 3184 non
3000 3132 3180 3194 habet,
3238 3133 3445 3186 idcirco

191 3223 287 3286 λῶς
314 3227 570 3278 ἐκπεσεῖν
599 3224 700 3294 τῆς
737 3222 1088 3292 ἐνδεχομένης
1117 3219 1450 3290 τελειότητος
1470 3237 1482 3250 ·
1509 3218 1646 3272 ἀλλὰ
1673 3235 1763 3271 τοο

1870 3235 2193 3296 pr:eceptum
2227 3225 2358 3278 illud
2382 3225 2600 3277 Domini
2631 3226 3038 3294 negligendum,
3072 3241 3182 3293 quo
3205 3225 3441 3278 dicitur:

117 3327 125 3344 ‘
192 3317 365 3370 σοῦτον
395 3319 490 3370 ἀπ’
513 3317 694 3387 αὐτῆς
719 3314 1046 3386 κτήσασθαι,
1079 3315 1202 3366 ὅσον
1220 3313 1286 3366 ἂν
1311 3312 1436 3364 ίδεῖν
1461 3311 1554 3364 τοῦ
1577 3310 1695 3381 ζητι

1878 3334 1894 3364 ε
1914 3313 2143 3368 Perfecti
2166 3323 2360 3379 estote,
2413 3316 2554 3370 sicut
2577 3322 2631 3370 et
2671 3315 2830 3370 Pater
2855 3330 3035 3371 vester
3056 3317 3298 3371 cmlestis
3326 3333 3446 3385 per-

193 3407 338 3475 μένου
365 3408 732 3478 χωρήσωμεν.
768 3405 921 3474 Τάχα
957 3403 1064 3474 γὰρ
1091 3403 1152 3454 τὸ
1178 3401 1350 3464 οὕτως
1381 3401 1544 3470 ἔχειν,
1574 3401 1647 3462 ὼς
1681 3399 1768 3451 ἀεὶ

1873 3405 2046 3460 fectus
2077 3409 2281 3460 εειίι.»
2321 3404 2456 3460 Nam
2501 3407 2606 3460 etsi
2641 3415 2814 3460 totum
2863 3407 3126 3476 consequi
3181 3423 3443 3477 nequeas,

190 3495 352 3548 θέλειν
375 3500 434 3549 ἐν
461 3497 545 3567 τῷ
577 3496 728 3566 καλῴ
756 3495 818 3548 τὸ
849 3496 1009 3550 πλέον
1039 3495 1204 3565 ἔχειν,
1235 3496 1268 3565 ἡ
1297 3494 1397 3563 τῆς
1425 3494 1768 3566 ἀνθρωπίνης

1872 3507 2054 3552 tamen
2105 3498 2157 3550 in
2195 3499 2356 3553 rebus
2391 3499 2671 3561 omnilms,
2723 3513 2842 3566 qua:
2893 3510 3087 3551 natura
3112 3497 3269 3552 bona:
3295 3506 3444 3560 sunt,

191 3588 390 3656 φύσεως
421 3589 705 3656 τελειότης
737 3589 872 3642 ἐστί.
927 3589 1084 3640 Δοκεῖ
1115 3588 1171 3640 δέ
1206 3605 1294 3657 μοι
1323 3586 1502 3650 καλῶς
1529 3587 1673 3657 ἔχειν
1701 3589 1768 3658 τῇ

1872 3604 1980 3641 non
2013 3603 2239 3658 parvum
2283 3596 2369 3642 est
2396 3588 2608 3642 lucrum
2654 3587 2782 3657 (nisi
2819 3587 3078 3657 desipias)
3117 3589 3201 3642 vel
3233 3595 3447 3658 partem

192 3678 369 3749 Γραφῇ
400 3681 536 3749 περὶ
585 3678 777 3730 τούτου
815 3677 1100 3747 συμϐούλῳ
1134 3676 1458 3747 χρήσασθαι.
1502 3678 1638 3746 Φησὶ
1662 3678 1770 3748 γάρ

1871 3693 2056 3732 earum
2113 3678 2352 3748 aliquam
2403 3679 2690 3749 consequi.
2742 3677 2914 3734 Omne
2967 3681 3133 3749 igitur
3177 3681 3445 3743 studium,

191 3785 286 3819 που
309 3767 396 3820 διὰ
423 3770 526 3838 τῆς
564 3768 792 3830 Ἡσαΐου
820 3768 1154 3838 προφητείας
1182 3769 1214 3837 ὴ
1248 3766 1368 3819 θεία
1391 3767 1570 3838 φωνείγ
1591 3788 1608 3820 ι
1642 3769 1769 3838 Ἐμ-

1871 3783 2085 3822 onmem
2121 3784 2332 3835 curam,
2385 3769 2727 3838 diligentiam
2777 3769 3011 3838 denique
3039 3785 3258 3825 omnem
3287 3770 3447 3824 adhi-

190 3858 410 3928 ὗλέψατε
449 3862 532 3922 είς
566 3859 820 3930 Ἀϐραὰμ
841 3859 931 3911 τὸν
962 3858 1175 3927 πατέρα
1198 3858 1373 3927 ὑμῶν,
1409 3860 1502 3911 καὶ
1534 3861 1612 3921 εἰς
1628 3859 1768 3930 Σάρ-

1871 3860 2119 3923 beamus,
2153 3874 2222 3914 ne
2263 3861 2331 3913 ab
2353 3875 2413 3913 ea
2444 3859 2778 3929 perfectione
2801 3861 3141 3921 decidamus,
3179 3861 3247 3914 ad
3280 3877 3445 3930 quam

192 3953 281 4020 ραν
299 3951 392 4022 τὴν
416 3951 725 4004 ὠδίνουσαν
751 3951 913 4020 ὑμᾶς.
929 3971 946 4002 ι
971 3949 1156 4002 Ταῦτα
1186 3950 1295 4019 γὰρ
1323 3950 1540 4012 πάντως
1569 3951 1596 4001 6
1617 3949 1770 4016 λόγος

1873 3952 2157 4022 pervenire
2183 3952 2447 4020 possibile
2470 3951 2542 4006 sit
2567 3969 2580 4004 :
2617 3959 2940 4021 tantumque
2969 3953 3140 4020 ipsius
3166 3954 3450 4022 possidea—

188 4046 292 4106 τοῖς
326 4043 434 4109 ἔξω
461 4043 569 4112 τῆς
602 4043 801 4113 ἀρετῆς
831 4041 1200 4111 πλανωμένοις
1235 4041 1629 4102 διακελεύεται,
1661 4041 1766 4104 ἵνα,

1875 4059 2018 4106 nms,
2067 4052 2328 4112 quantum
2363 4059 2558 4112 capere
2593 4059 2909 4113 possumus.
2951 4045 3030 4097 lta
3075 4045 3222 4098 enim
3258 4059 3318 4100 se
3352 4045 3449 4098 ha-

191 4134 435 4206 καθάπερ
461 4137 514 4187 οἱ
548 4119 610 4186 ἐῦ
631 4127 854 4202 πελάγει
885 4134 983 4204 τῆς
1012 4134 1226 4198 εὐθείας
1255 4133 1350 4186 τοῦ
1383 4133 1599 4202 λιμένος
1629 4149 1769 4202 παρ-

1876 4136 2024 4198 bcre,
2061 4143 2118 4187 ut
2143 4134 2208 4186 ad
2241 4134 2499 4188 ulteriora
2534 4150 2750 4204 semper
2782 4135 2835 4187 in
2869 4135 3069 4190 virtute
3097 4151 3160 4188 ac
3185 4135 3330 4189 bono
3359 4152 3451 4189 ven

187 4225 518 4294 ενεχθέντες,
553 4225 699 4278 κατά
734 4225 794 4278 τὸ
827 4225 993 4293 φανὲν
1019 4229 1254 4294 σημεῖον
1282 4225 1382 4293 τῆς
1407 4224 1615 4294 πλάνης
1649 4225 1765 4276 ἐαυ-

1875 4226 1942 4278 lis
1988 4227 2302 4287 ascemlere,
2366 4225 2417 4278 id
2470 4226 2648 4294 ipsum
2703 4225 2887 4279 forsan
2931 4226 3186 4280 humanae
3241 4234 3452 4280 natura:

187 4319 304 4380 τοὺς
328 4318 726 4386 ἐπανάγουσιν,
755 4317 787 4386 ἢ
825 4316 1030 4386 πυρσὸν
1073 4307 1404 4378 ίδόντεςῖπδ
1433 4309 1595 4383 ὕψους
1623 4316 1765 4386 αἰρό-

1877 4315 2137 4385 perfectio
2163 4323 2266 4370 est.
2302 4314 2410 4369 Sed
2443 4326 2591 4370 recte
2619 4315 2702 4386 (ut
2728 4317 2860 4370 mihi
2885 4318 3124 4384 videtur)
3155 4316 3450 4381 faciemus,

192 4423 382 4476 μενον,
425 4408 460 4479 ἢ
513 4408 764 4478 κορυφήν
809 4423 953 4468 τινος
1013 4406 1323 4477 ἀκρωρείας
1374 4408 1770 4474 ἀναφανεῖσαν,

1877 4409 1922 4463 si
1957 4408 2058 4461 hac
2096 4417 2284 4461 nostra
2313 4408 2365 4460 in
2393 4408 2696 4476 quaestione
2718 4423 2887 4461 sacrae
2912 4407 3207 4476 Scriptura:
3232 4416 3454 4462 utamur

187 4496 273 4548 τὸν
309 4499 474 4550 αὑτὸν
523 4499 728 4570 τρόπον
765 4498 892 4560 τοὺς
918 4497 1274 4567 ἀκυῦερνήτῳ
1307 4499 1372 4567 τῇ
1396 4497 1606 4568 διανοίᾳ
1633 4497 1765 4549 κατὰ

1877 4498 2129 4553 consilio.
2152 4497 2254 4553 Per
2282 4500 2600 4568 prophetam
2621 4500 2789 4569 igitur
2810 4499 3003 4554 Isaiam
3031 4499 3214 4554 divina
3230 4515 3335 4555 vox
3350 4501 3455 4554 cla-

189 4587 280 4657 τὴν
310 4587 405 4641 τοῦ
443 4589 566 4659 βίου
615 4588 889 4642 θάλασσαν
935 4588 1336 4658 πλανωμένους.
1369 4587 1447 4657 τῷ
1495 4587 1636 4640 κατὰ
1677 4591 1767 4657 τὴν

1882 4598 2027 4641 mat:
2077 4610 2093 4639 ι
2117 4587 2386 4658 Respicite
2411 4590 2464 4642 in
2495 4590 2766 4644 Abraham
2791 4599 2996 4660 patrem
3021 4599 3284 4656 vestrum,
3311 4601 3365 4645 et
3398 4592 3454 4650 in

189 4679 400 4750 Σάρραν
432 4683 534 4733 καὶ
578 4680 829 4750 Ἀϐραάμ
871 4679 1228 4748 ὑποδείγματι
1274 4679 1434 4732 πάλιν
1471 4679 1767 4748 κατευθὺνῃ

1879 4678 2070 4733 Saram
2089 4697 2208 4750 qua:
2230 4695 2322 4735 vos
2342 4685 2550 4750 peperit
2576 4685 2636 4738 ¹².
2653 4704 2670 4732 ›
2704 4683 2832 4738 Haec
2849 4684 2994 4738 enim
3011 4683 3228 4738 divinus
3251 4699 3453 4748 sermo,

189 4773 320 4842 πρὸς
343 4774 438 4824 τὸν
486 4773 690 4843 λιμένα
731 4772 824 4825 τοῦ
855 4772 1002 4825 θείου
1037 4771 1360 4842 θελήματος.
1420 4771 1638 4840 Ἐπειδὴ
1669 4770 1767 4840 γὰρ

1879 4787 1987 4824 non
2007 4771 2074 4825 iis
2093 4772 2186 4842 qui
2210 4773 2263 4825 in
2285 4773 2482 4829 virtute
2502 4785 2844 4843 permanent,
2864 4775 2958 4828 sed
2993 4775 3060 4830 iis
3081 4777 3175 4844 qui
3205 4790 3235 4828 a
3257 4777 3457 4831 virtute

189 4865 320 4934 πρὸς
359 4867 424 4918 τὸ
459 4864 604 4935 θῆλύ
634 4881 693 4917 τε
727 4865 820 4918 καὶ
844 4864 1014 4936 ἄρρεν
1044 4866 1076 4934 ἡ
1103 4863 1420 4934 ἀνθρωπίνη
1455 4864 1767 4934 μεμέρισται

1881 4861 2157 4922 aberrant,
2181 4862 2442 4931 praecipit.
2461 4861 2530 4916 Ut
2545 4864 3000 4932 quemadmodum
3019 4865 3111 4934 qui
3133 4872 3457 4935 tempestate

191 4957 365 5023 φύσις,
415 4959 519 5010 καὶ
554 4957 884 5028 ἀμφοτέροις
919 4957 1112 5026 ἐπίσης
1142 4957 1261 5008 κατ’
1307 4955 1554 5022 ἐξουσίαν
1587 4955 1769 5025 ήπρὸς

1882 4967 1946 5005 ac
1967 4951 2018 5004 vi
2040 4963 2326 5006 ventorum
2351 4956 2507 5024 longe
2527 4970 2555 5006 a
2579 4963 2725 5009 recta
2757 4957 3120 5026 navigationis
3139 4973 3250 5011 sua:
3279 4959 3366 5011 via
3402 4959 3459 5012 in

191 5049 389 5121 ἀρετὴν
423 5050 526 5101 καὶ
559 5049 756 5102 κακίαν
773 5049 980 5120 αἵρεσις
1003 5049 1323 5118 πρόκειται·
1356 5048 1444 5100 διά
1476 5047 1631 5100 τοῦτο
1657 5050 1769 5100 ἑκα-

1884 5045 2106 5114 pelagus
2123 5047 2298 5100 exacti
2320 5055 2468 5109 sunt,
2483 5047 2528 5101 si
2543 5049 2624 5102 vel
2642 5049 2842 5118 ignem,
2864 5050 2946 5102 vel
2967 5064 3230 5104 cacumen
3255 5047 3460 5106 montis

191 5140 329 5212 τέρῳ
366 5142 634 5213 τμήματι
669 5141 731 5194 τὸ
763 5140 1096 5210 κατάλληλον
1128 5141 1229 5210 τῆς
1254 5141 1453 5212 ἀρετῆς
1482 5141 1769 5209 ὑπόδειγμα

1886 5139 2292 5207 prospexerint,
2348 5139 2508 5194 facile
2553 5155 2612 5195 se
2663 5142 2732 5194 ab
2761 5157 2950 5196 errore
2992 5142 3047 5195 in
3079 5149 3252 5196 tutum
3295 5141 3459 5196 redu-

192 5233 338 5304 παρᾶ
358 5236 464 5305 τῆς
499 5233 654 5296 θείας
683 5231 998 5303 προεδείχθη
1035 5233 1236 5302 φωνῆς,
1277 5233 1363 5286 ἴνα
1392 5233 1524 5304 πρὸς
1553 5235 1613 5284 τὸ
1658 5250 1770 5299 συγ·

1887 5237 2017 5282 ευηι
2041 5248 2053 5283 :
2079 5230 2489 5300 sicquicunque
2531 5231 2699 5300 hujus
2725 5233 2847 5286 vita:
2881 5232 3137 5288 fluctibus
3188 5233 3457 5302 oppressi.

193 5325 343 5388 γενὲς
379 5327 642 5395 ἑκάτεροι
683 5324 990 5395 βλέποντες,
1033 5323 1168 5394 πρὸς
1215 5325 1312 5394 μὲν
1335 5325 1425 5376 τὸν
1466 5324 1712 5394 Ἀϐραάμ
1735 5327 1771 5376 οἱ

1891 5337 1920 5374 a
1945 5321 2146 5376 virtute
2174 5323 2451 5388 aberrant,
2479 5326 2729 5393 exemplo
2753 5327 2981 5380 Abraha:
3005 5341 3070 5380 nc
3098 5325 3268 5390 Sam,
3300 5324 3458 5395 quasi

194 5413 404 5486 ἄνδρες,
441 5418 591 5488 πρὸς
621 5417 679 5470 δὲ
707 5417 803 5485 τὴν
835 5417 1049 5487 Σάρραν
1077 5417 1138 5468 τὸ
1165 5416 1351 5487 ἓτερον
1388 5416 1570 5488 μέρος,
1602 5417 1772 5486 ἀμφό-

1892 5415 2126 5485 quodam
2158 5415 2550 5486 gubernaculo,
2577 5419 2645 5472 ad
2683 5418 2881 5474 divina:
2909 5418 3207 5474 voluntatis
3245 5425 3461 5487 portum

193 5523 336 5576 τεροι
365 5508 460 5560 διὰ
511 5507 626 5561 τῶν
668 5509 883 5561 οἰκείων
926 5507 1334 5578 ὑποδειγμάτων
1374 5509 1504 5578 πρὸς
1537 5508 1627 5561 τὸν
1662 5509 1771 5560 κατ

1891 5514 2238 5561 revocantur.
2291 5507 2367 5562 Ac
2419 5508 2544 5563 ideo
2574 5500 2832 5577 quoniam
2871 5510 2925 5563 in
2965 5508 3269 5562 masculum
3299 5517 3354 5561 et
3381 5509 3461 5560 fe-

194 5597 396 5669 ἀρετὴν
421 5597 546 5667 βίον
579 5597 946 5651 διευοὺ-δοιντο.
999 5598 1156 5662 Ἴσως
1184 5598 1229 5650 δ’
1271 5599 1336 5652 ἀν
1356 5599 1533 5652 τοίνυν
1560 5599 1772 5670 ἐξαρκέ-

1892 5601 2092 5652 minam
2132 5609 2324 5652 natura
2363 5600 2596 5654 humana
2633 5603 2810 5656 divisa
2841 5610 2945 5666 est,
2989 5609 3042 5654 et
3072 5600 3289 5672 utrique
3318 5600 3467 5671 pari-

268 5793 311 5830 ²²
350 5795 558 5853 Matth.
598 5814 650 5861 ν,
681 5798 768 5852 68.
851 5799 892 5828 "
922 5797 1027 5854 Isa.
1063 5813 1134 5861 LI,
1165 5798 1221 5852 2.
