3996 6508
571 349 678 404 305
1811 345 1868 400 S.
1907 345 2234 402 CREGOBII
2273 345 2561 402 NYSSENI
3641 359 3644 362 ·
3699 347 3786 406 δέῃ

569 471 654 516 ter
689 461 858 514 libera
917 467 1026 512 tam
1070 460 1134 512 ad
1170 463 1447 525 virtutem,
1498 477 1657 532 quam
1697 461 1762 516 ad
1795 462 1986 516 vitium
2019 477 2148 532 pro-

2255 480 2362 516 σειε
2397 463 2490 516 καὶ
2515 465 2642 532 ἡμῖν
2667 460 2782 522 ἑνός
2806 477 2947 522 τινος
2969 457 3076 511 τῶν
3099 457 3236 512 κατὰ
3265 458 3354 510 τὸν
3381 455 3494 527 βίον
3523 457 3788 530 εὐδοκίμων

569 555 750 626 posita
775 561 858 607 est
892 552 1117 606 electio:
1157 551 1364 606 idcirco
1394 552 1726 608 conveniens
1759 553 1978 622 utrique
2003 553 2146 622 parti

2248 557 2280 626 ἡ
2307 557 2490 626 μνήμη
2526 555 2623 626 τὴν
2653 553 2745 608 τοῦ
2781 551 2984 622 πυρσοῦ
3009 549 3195 620 χρείαν
3225 547 3532 619 πληρῶσαι,
3565 550 3655 602 καὶ
3681 552 3791 608 ὑπο-

570 661 600 700 a
635 645 818 698 divina
849 657 984 696 voce
1023 642 1363 711 propositum
1401 651 1487 696 est
1511 643 1841 713 exemplum,
1867 643 1934 696 ad
1967 643 2146 696 Abra-

2248 644 2434 710 δείξαι,
2467 643 2584 706 πῶς
2615 643 2730 695 ἐστι
2762 640 2982 694 δυνατὸν
3011 640 3088 708 τῴ
3115 638 3366 708 άκλύστῳ
3389 638 3488 708 τῆς
3513 637 3701 708 ἀρετῆς
3725 641 3791 696 λι.

571 739 696 790 ham
726 743 780 790 et
813 733 1003 787 Saram
1035 733 1332 802 reSpicere.
1366 743 1424 786 ut
1453 733 1556 786 viri
1583 749 1612 785 a
1643 735 1782 796 viro,
1817 742 1870 788 et
1891 734 2146 788 mulieres

2251 735 2370 804 μένι
2398 733 2495 802 τὴν
2537 731 2712 802 ψυχὴν
2759 729 3108 801 καθορμίσαι,
3151 727 3397 798 μηδαμοῦ
3435 730 3552 790 ταῖς
3581 727 3668 780 τοῦ
3695 729 3790 796 βίου

577 843 606 882 a
645 827 872 882 muliere
912 825 1132 892 propria
1179 823 1482 892 idoneaque
1533 833 1743 878 natum
1785 825 2147 894 suscipientes

2248 825 2435 890 ζάλαις
2473 821 2926 896 ὲγχειμασθεῖσαν
2947 861 2960 880 ,
3009 819 3142 888 μηδὲ
3173 819 3312 872 κατὰ
3348 819 3446 880 τὰς
3493 819 3792 890 ἐπαλλήλους

577 918 844 986 exempla,
873 913 1089 968 iscilius
1119 929 1248 968 suos
1271 915 1336 968 ad
1364 916 1616 968 virtutem
1641 915 1876 985 dirigant
1897 931 2137 984 gressus.

2249 917 2360 970 τῶν
2394 915 2580 970 παθῶν
2603 913 2896 985 τρικυμίας
2915 911 2994 980 τῷ
3018 909 3162 979 βυθῷ
3189 909 3284 980 τὴς
3301 911 3492 972 κακίας
3523 911 3794 981 ὲνναυαγή-

575 1009 754 1074 Quare
784 1007 828 1062 si
861 1022 964 1061 nos
996 1021 1214 1076 quoque
1247 1007 1408 1059 unius
1433 1007 1642 1076 probati
1673 1007 1838 1060 vitam
1871 1007 1924 1059 in
1955 1022 2141 1060 exem-
2251 1023 2442 1060 σασαν.

571 1107 718 1174 plum
745 1101 1160 1171 sumpserimus,
1202 1100 1448 1160 sullicict,
1495 1110 1553 1154 ut
1597 1103 1666 1155 sit
1693 1109 1950 1170 tanquam
1987 1117 2016 1155 e
2045 1101 2261 1170 specula
2305 1101 2388 1154 fax
2425 1098 2722 1168 aﬂulgens,
2773 1108 2826 1152 et
2864 1097 3114 1151 ostendat
3149 1095 3418 1166 quomodo
3467 1093 3582 1149 ﬁeri
3625 1095 3793 1164 possit,

571 1205 628 1248 ut.
660 1197 758 1248 hos
791 1195 913 1246 vitae
937 1191 1134 1245 ﬂuctus
1183 1192 1388 1260 absque
1427 1190 1710 1262 naufragio
1759 1208 2100 1262 superemus,
2135 1193 2482 1262 animamque
2525 1199 2770 1244 nostram
2811 1189 3276 1258 perturbationum
3321 1185 3480 1242 undis
3519 1186 3794 1242 obsessam.

571 1287 620 1335 in
653 1282 768 1335 vitii
798 1281 1033 1350 detnergi
1069 1279 1338 1349 profundo
1365 1280 1588 1334 minime
1616 1283 1878 1344 sinamus,
1915 1281 2010 1336 sed
2049 1282 2102 1336 in
2143 1283 2474 1336 tutissimum
2509 1281 2725 1342 virtutis
2765 1289 2976 1348 portum
3011 1278 3364 1332 deducamus.

640 1369 847 1424 Idcirco
877 1372 1022 1423 enim
1072 1368 1402 1422 credendum
1439 1379 1518 1425 est
1557 1372 2134 1440 prmstantissimorum

566 1460 809 1514 virorum
857 1458 999 1511 vitas
1050 1458 1480 1527 exquisitissime
1526 1461 1879 1528 perscriptas,
1917 1469 1975 1513 ut
2027 1461 2139 1514 vita

570 1561 756 1605 nostra
787 1550 1089 1604 imitatione
1114 1553 1182 1603 ad
1213 1550 1466 1604 virtutem
1500 1565 1563 1604 ac
1589 1551 1789 1604 bonum
1824 1553 2028 1606 rectius
2048 1551 2140 1606 de-

568 1645 817 1698 ducatur.
838 1642 940 1698 Sed
971 1642 1114 1696 dicet
1141 1643 1410 1712 quispiam
1444 1661 1454 1693 :
1479 1641 1760 1708 Quomodo
1783 1646 1827 1700 si
1855 1662 1953 1700 nec
1979 1645 2142 1700 Chal—

571 1735 722 1789 decus
755 1751 873 1788 sum
907 1749 1028 1804 ego,
1057 1741 1116 1786 ut
1143 1733 1210 1788 de
1236 1735 1504 1788 Abraham
1531 1737 1808 1800 scribitur,
1841 1752 1941 1792 nec
1971 1737 2143 1790 alum-

569 1845 674 1882 nus
717 1829 858 1898 regis
885 1825 1132 1896 Algyptii
1179 1827 1325 1892 lilia‘,
1355 1836 1412 1880 ut
1442 1829 1508 1882 de
1543 1827 1652 1898 Μο)
1666 1843 1724 1882 se
1756 1829 2036 1898 Scriptura
2055 1835 2138 1882 te-

571 1929 770 1984 statur,
827 1935 928 1974 nec
963 1921 1197 1990 denique
1245 1935 1370 1974 cum
1426 1920 1728 1990 priscorum
1775 1921 1958 1990 aliquo
2007 1920 2141 1974 mihi

571 2009 868 2082 quidquam
922 2025 1213 2064 commune
1238 2011 1328 2071 sit,
1361 2009 1591 2080 alicujus
1620 2025 1806 2064 eorum
1838 2017 2026 2078 potero
2063 2009 2144 2063 vi-

569 2113 678 2156 tam
711 2101 1014 2170 consequi:
1047 2116 1172 2156 cum
1201 2101 1336 2154 nihil
1359 2101 1606 2164 habeam,
1635 2115 1742 2171 quo
1775 2103 1976 2171 possim
2009 2099 2144 2154 adeo

581 2193 810 2246 diversa:
836 2193 955 2244 vitze
978 2206 1040 2244 ac
1061 2207 1272 2244 morum
1291 2191 1554 2261 longeque
1569 2193 1796 2246 aliorum
1821 2193 2144 2246 saeculorum

571 2283 846 2338 hominem
885 2284 1130 2338 imitari?
1162 2285 1275 2338 Nos
1304 2299 1432 2338 vero
1461 2283 1934 2354 respondebimus,
1968 2299 2146 2355 neque

571 2377 638 2428 ad
684 2375 900 2434 vitium.
937 2391 1112 2444 neque
1161 2375 1226 2428 ad
1274 2377 1530 2430 virtutem
1567 2377 1860 2444 pertinere,
1906 2378 1950 2432 si
1983 2377 2146 2430 Chal-

572 2469 722 2518 da‘us
753 2467 877 2534 quis
904 2467 1012 2520 sit:
1057 2483 1156 2519 nec
1187 2469 1230 2520 si
1286 2467 1339 2520 in
1375 2467 1608 2538 {Egypto
1638 2469 1801 2528 vivat.
1839 2476 1932 2522 aut
1963 2469 2016 2522 in
2045 2468 2148 2521 Ba-

573 2559 768 2628 bylone
817 2567 1086 2617 versetur,
1130 2555 1254 2609 ideo
1283 2571 1312 2608 a
1345 2565 1490 2609 recta
1523 2557 1742 2612 virtutis
1783 2558 1892 2610 vita
1925 2557 2149 2626 expelli-

575 2659 699 2714 tur;
729 2663 830 2702 nec
859 2649 1004 2703 enim
1053 2649 1107 2701 in
1133 2645 1318 2701 Judata
1351 2647 1553 2712 solum,
1590 2657 1646 2700 ut
1675 2649 1972 2716 quondam,
2009 2650 2147 2702 Deus

573 2739 926 2808 cognoscitur
957 2737 1030 2789 "z
1069 2753 1247 2806 neque
1272 2739 1424 2798 Sion,
1462 2745 1520 2790 ut
1559 2737 1738 2790 littera
1770 2751 1968 2791 sonare
2006 2737 2147 2789 vide-

571 2839 682 2894 tur,
710 2839 792 2884 est
815 2827 906 2884 Dei
937 2829 1298 2892 domicilium,
1331 2831 1424 2884 sed
1455 2829 1714 2884 subtilius
1742 2837 1906 2898 atque
1933 2830 2147 2882 acutius

571 2921 734 2976 nobis
785 2919 1188 2990 inspiciendum
1221 2929 1326 2982 est,
1387 2928 1446 2972 ut
1475 2919 1762 2973 videamus
1815 2933 1954 2988 quos
1985 2919 2148 2974 Chal-

573 3012 742 3074 daeos,
775 3019 868 3063 aut
915 3025 1053 3078 quos
1080 3007 1370 3078 Aigyptios
1421 3007 1708 3074 fugiendos
1738 3005 2016 3075 Scriptura
2049 3019 2147 3073 per

573 3103 859 3156 historiam
915 3101 1190 3160 admonet,
1246 3107 1298 3152 et
1329 3115 1435 3169 qua
1487 3097 1782 3167 Babylonis
1828 3095 2146 3164 captivitate

573 3193 786 3247 liberati
838 3191 904 3244 ad
962 3190 1352 3246 beatitudinem
1410 3187 1628 3242 tandem
1685 3187 2139 3240 conscendamus.

575 3285 724 3349 Quas
758 3283 828 3336 ob
862 3298 949 3336 res
981 3281 1191 3350 Moyses
1229 3281 1318 3334 ille
1347 3281 1399 3332 in
1427 3279 1730 3348 exemplum
1761 3279 1918 3332 nobis
1949 3293 2146 3346 propo-

575 3381 762 3434 natur,
794 3372 952 3440 cujus
999 3374 1163 3424 vitam
1215 3370 1262 3424 si
1295 3370 1448 3440 prius
1485 3371 1646 3439 (sicut
1687 3387 1716 3422 a
1752 3371 1952 3423 divinis
1995 3369 2146 3424 libris

580 3463 898 3532 didicimus)
933 3465 1167 3517 breviter
1197 3475 1604 3532 percurramus,
1639 3459 1717 3512 sic
1751 3461 1966 3513 demum
2016 3475 2148 3514 con-

577 3569 900 3614 sentaneum
951 3557 1193 3610 historiae
1231 3537 1460 3608 sensum
1519 3551 1991 3622 investigabimus,
2039 3565 2148 3620 quo

579 3647 872 3720 perfectam
909 3648 1188 3700 hominum
1249 3645 1415 3697 vitam
1461 3641 1677 3695 facilius
1730 3657 2146 3712 cognoscemus.

581 3740 855 3794 Scr-ibitur
909 3739 1072 3809 igitur
1099 3737 1142 3768 ⁸⁵
1193 3735 1434 3806 Moysen,
1489 3735 1706 3804 quando
1755 3733 1993 3804 Egyptii
2033 3733 2150 3804 lege

581 3829 818 3901 tyranni,
851 3827 1078 3880 masculi
1109 3825 1457 3878 Hebraeorum
1495 3822 1748 3876 inl‘autuli
1787 3823 1968 3876 vivere
1997 3831 2148 3876 veta-

577 3921 796 3982 bantur,
839 3927 968 3972 tunc
1007 3918 1060 3970 in
1091 3919 1268 3970 lucem
1309 3915 1512 3969 editum
1551 3913 1741 3976 fuisse,
1782 3928 1942 3982 quem
1973 3913 2149 3982 gratia

578 4011 809 4078 quadam
841 4008 1020 4062 statim
1053 4007 1121 4059 ab
1149 4004 1495 4058 incunabulis
1527 4005 1726 4058 scitum
1755 4019 1818 4057 ac
1848 4003 2149 4072 elegantem

580 4117 704 4154 enm
761 4101 1024 4153 vidissent
1075 4105 1350 4165 parentes,
1411 4095 1602 4162 majori
1653 4095 1834 4148 studio
1883 4095 2054 4150 fuisse
2091 4103 2152 4148 ut

579 4195 745 4245 vitam
791 4193 836 4244 ei
875 4197 1288 4251 conservarent,
1332 4197 1579 4240 conatos.
1625 4185 1828 4240 Deinde
1885 4201 2010 4239 cum
2071 4197 2154 4258 ty-

579 4283 734 4336 ranni
779 4281 934 4334 mina-
975 4280 1402 4348 praivaluissent,
1433 4293 1540 4330 non
1593 4287 1794 4332 temere
1849 4279 1904 4332 in
1949 4279 2150 4334 ﬂuenta

579 4374 684 4428 Nili
719 4373 1035 4442 projectum.
1089 4369 1181 4424 sed
1223 4371 1276 4422 in
1310 4368 1494 4421 arcula
1527 4368 1763 4436 quadam
1795 4371 2147 4432 collocatum,

2311 1371 2463 1440 Τάχα
2504 1371 2612 1440 γὰρ
2664 1371 2758 1424 καὶ
2797 1369 2984 1422 τούτου
3023 1369 3178 1440 χάριν
3223 1371 3257 1440 ἡ
3291 1367 3396 1420 τῶν
3435 1367 3650 1438 ὑψηλῶν
3677 1369 3797 1421 ὲκεί-

2239 1479 2345 1518 νων
2376 1463 2618 1516 πολιτεία
2642 1461 2708 1516 δι’
2740 1461 3022 1531 ἀκριϐείας
3052 1462 3364 1531 ἱστόρηται,
3401 1459 3475 1524 ὡς
3510 1459 3576 1512 ἂν
3605 1459 3689 1514 διὰ
3715 1461 3797 1530 τῆς

2238 1555 2348 1608 τῶν
2379 1553 2925 1627 προκατωρθωκότων
2949 1554 3230 1622 μιμήσεως
3259 1553 3287 1604 ὁ
3320 1551 3516 1622 ἐφεξῆς
3551 1550 3660 1620 βίος
3687 1551 3797 1620 πρὸς

2243 1647 2303 1699 τὸ
2357 1646 2559 1714 ἀγαθὸν
2607 1644 2982 1698 ἁπευθύνοιτο.
3032 1644 3098 1696 Τί
3137 1639 3251 1708 οὗν,
3291 1643 3404 1714 ἐρεῖ
3444 1659 3552 1704 τις,
3601 1643 3646 1694 εί
3683 1645 3796 1712 μήτε

2245 1739 2510 1802 Χαλδαῖος
2548 1739 2678 1808 ἐγὼ,
2699 1737 2887 1806 ὥσπερ
2908 1739 2936 1789 ὁ
2965 1737 3214 1808 Ἀϐραάμ
3251 1736 3662 1808 μνημονεύεται,
3685 1740 3796 1806 μήτε

2243 1830 2340 1900 τῆς
2371 1829 2640 1900 θυγατρὸς
2677 1827 2770 1881 τοῦ
2817 1827 3111 1896 Αἰγυπτίου
3162 1827 3442 1896 τρόφιμος,
3479 1827 3556 1890 ὡς
3581 1827 3797 1898 περὶτοῦ

2243 1921 2520 1984 Μωῦσέως
2545 1921 2574 1973 ὁ
2603 1921 2760 1988 λόγος
2793 1921 3032 1990 κατέχει,
3070 1919 3312 1990 μηδὸλως
3343 1921 3402 1972 ἐν
3433 1923 3546 1982 τοῖς
3569 1921 3800 1984 τοιούτοις

2244 2015 2380 2084 πρὸς
2409 2015 2528 2067 τινὰ
2549 2014 2654 2066 τῶν
2685 2013 2926 2084 ἀρχαίων
2949 2014 3085 2082 ἔχων
3114 2030 3167 2066 τι
3197 2012 3338 2066 κατὰ
3359 2013 3449 2064 τὸν
3479 2011 3595 2081 βίον
3628 2015 3800 2068 κατάλ·

2243 2107 2403 2180 ληλον
2429 2126 2442 2138 ·
2485 2107 2602 2172 πῶς
2639 2109 2720 2171 είς
2750 2108 2847 2177 τὴν
2875 2108 3044 2176 αὐτὴν
3067 2106 3218 2172 τάξιν
3243 2107 3324 2160 ἐνὶ
3351 2105 3560 2159 τούτων
3593 2106 3798 2176 ὲμαυτδν

2245 2205 2594 2272 καταστήσω,
2641 2201 2716 2271 μὴ
2761 2200 2898 2270 ἔχων
2937 2201 3083 2260 ὅπως
3121 2200 3212 2252 τὸν
3251 2197 3502 2250 τοσοῦτον
3537 2198 3800 2264 ἀφεστῶτα

2245 2293 2334 2346 διὰ
2367 2293 2472 2345 τῶν
2507 2292 2950 2360 ἐπιτηδευμάτων
2990 2291 3346 2360 μιμήσωμαις
3403 2289 3550 2360 Πρὸς
3579 2289 3636 2342 ὃν
3667 2289 3798 2358 ἐροῦ-

2249 2400 2371 2453 μεν,
2395 2383 2474 2435 ὅτι
2507 2381 2632 2434 οὔτε
2655 2381 2732 2452 τῷ
2751 2380 3012 2432 Χαλδαῖον
3031 2373 3170 2432 εἶναι
3195 2379 3394 2432 κακίαν
3421 2379 3454 2449 ἦ
3485 2380 3684 2448 ἀρετὴν
3710 2380 3802 2448 κρίο

2247 2491 2410 2544 νομεν
2430 2492 2442 2504 ·
2477 2473 2598 2526 οὔτε
2621 2476 2687 2543 τῇ
2719 2474 2776 2526 ὲν
2799 2471 3058 2541 Αἰγύπτῳ
3075 2469 3209 2542 ζωῇ,
3233 2469 3354 2524 οὔτε
3380 2473 3443 2540 τῇ
3473 2472 3536 2522 ὲν
3553 2469 3800 2522 Βαϐυλῶνι

2247 2564 2516 2636 διατριϐῇ,
2563 2564 2654 2618 τοῦ
2697 2564 2811 2634 βίου
2836 2579 2920 2626 τις
2951 2561 3045 2616 τοῦ
3085 2561 3206 2616 κατ’
3239 2561 3438 2632 ἀρετὴν
3461 2560 3800 2626 ἐξοικίξεται·

2247 2657 2358 2710 οὐδ’
2389 2652 2452 2710 αὖ
2493 2655 2652 2710 πάλιν
2681 2657 2740 2706 ὲν
2767 2657 2832 2725 τῇ
2869 2654 3100 2724 Ἰουδαίᾳ
3127 2651 3334 2724 [μόνον]
3365 2652 3608 2720 γνωστὸς
3647 2654 3672 2704 ὁ
3693 2651 3802 2714 Θεὸς

2247 2751 2358 2810 τοῖς
2381 2745 2553 2812 ἀξίοις
2581 2747 2790 2814 γίνεται
2817 2762 2830 2775 ·
2865 2746 2985 2798 οὐδὲ
3031 2743 3192 2806 Σιὼν,
3233 2743 3372 2796 κατὰ
3397 2743 3496 2814 τὴν
3539 2742 3803 2812 πρόχειρον

2247 2839 2476 2904 ἔννοιαν,
2495 2838 2556 2892 τὸ
2586 2837 2727 2890 θεῖόν
2758 2838 2903 2890 ἐστιν
2927 2838 3267 2906 οἰκητήριονο
3295 2834 3432 2888 ἀλλά
3463 2851 3612 2897 τινος
3642 2834 3804 2886 λεπτο-

2247 2929 2410 2998 τέρας
2427 2931 2554 2998 ἡμῖν
2577 2927 2732 2998 χρεία
2747 2928 2845 2996 τῆς
2857 2927 3110 2992 διανοίας,
3125 2926 3216 2980 καὶ
3235 2925 3496 2997 ὀξυτέρας
3513 2927 3618 2996 τῆς
3632 2925 3802 2995 ὅψεως,

2248 3021 2323 3082 ὡς
2346 3020 2525 3072 διϊδεῖν
2556 3021 2620 3072 ἐκ
2663 3020 2758 3088 τῆς
2785 3017 3046 3088 ἱστορίας,
3082 3018 3250 3070 ποίων
3279 3017 3568 3071 Χαλδαίων
3600 3019 3634 3086 ἢ
3657 3019 3802 3084 Λίγυ-

2175 3137 2216 3193 c
2251 3111 2420 3165 πτίων
2487 3113 2675 3182 πόρρω
2738 3111 3049 3179 γενόμενοι,
3097 3115 3193 3164 καὶ
3263 3109 3422 3172 ποίας
3473 3110 3804 3163 Βαϐυλωνίων

2250 3201 2620 3272 αἰχμαλωσίας
2651 3202 3032 3263 ἀπολυθέντες,
3063 3201 3153 3254 τοῦ
3187 3202 3536 3273 μακαριστοῦ
3568 3201 3680 3270 βίου
3706 3203 3804 3252 ἐπι-

2249 3291 2544 3362 ϐησόμεθα.
2594 3291 2834 3360 Metisci};
2878 3291 3056 3344 τοίνυν
3087 3293 3218 3361 ἡμῖν
3259 3293 3338 3354 είς
3371 3291 3674 3360 ὑπόδειγμα
3709 3289 3804 3358 βίου

2247 3384 2564 3454 προτεθήτω
2593 3383 2668 3452 τῷ
2689 3385 2831 3454 λόγῳ
2853 3401 2866 3412 ο
2893 3377 2955 3435 οὗ
2987 3383 3075 3436 τὸν
3101 3383 3212 3453 βίον
3235 3383 3448 3452 πρῶτον
3477 3383 3540 3434 ἐν
3563 3383 3804 3452 ἐπιδρομῇ

2248 3475 2564 3536 διελθόντες,
2597 3473 2775 3536 καθὼς
2815 3473 2962 3545 παρὰ
2995 3475 3094 3542 τῆς
3126 3473 3274 3535 θείας
3296 3474 3474 3542 φωνῆς
3512 3475 3808 3544 μεμαθήκα-

2253 3585 2372 3636 μεν,
2397 3565 2537 3618 οὕτω
2559 3565 2656 3636 τὴν
2687 3567 2991 3636 πρόσφορον
3011 3569 3078 3635 τῇ
3105 3566 3312 3636 ἱστορία
3337 3564 3580 3618 διάνοιαν
3603 3567 3679 3626 είς
3697 3566 3806 3634 ἀρε-

2251 3658 2348 3726 τῆς
2383 3655 2661 3726 ὑποθήκην
2697 3655 3140 3725 ἀναζητήσομεν,
3183 3655 3248 3706 δι’
3283 3649 3350 3725 ἧς
3383 3656 3472 3706 τὸν
3507 3655 3706 3708 τέλειον
3745 3654 3806 3714 ὡς

2251 3747 2306 3798 ὲν
2334 3746 2635 3816 ἀνθρώποις
2687 3747 2798 3816 βίον
2829 3745 3260 3815 ἐπιγνωσόμεθα.
3291 3746 3528 3814 Λέγεται
3581 3745 3748 3798 τοίνυν
3783 3746 3806 3794 ὀ

2251 3839 2489 3908 Μωῠσῆς
2537 3839 2792 3908 τεχθῆναι
2847 3838 2968 3906 μὲν,
3022 3839 3112 3890 ὅτε
3151 3837 3538 3904 ζωογονεῖσθαι
3561 3837 3624 3889 τὸ
3663 3836 3806 3907 ἄρρεν

2251 3931 2308 3980 ὲν
2353 3931 2461 3990 τοῖς
2499 3931 2834 3999 τικτομὲνοις
2871 3932 2898 3982 ὀ
2927 3928 3020 3982 τοῦ
3053 3929 3314 4000 τυράννου
3355 3929 3520 3998 νόμος
3549 3928 3802 3982 διεκώλυε.

2252 4021 2541 4092 προλαϐεῖν
2571 4021 2624 4074 δὲ
2660 4025 2726 4092 τῇ
2777 4023 2958 4091 χάριτι
3004 4021 3182 4072 πᾶσαν
3225 4021 3322 4090 τὴν
3353 4021 3452 4072 ἀπὶ
3509 4020 3604 4073 τοῦ
3637 4019 3806 4089 χρόνον

2253 4112 2542 4182 γινομένην
2580 4114 2962 4182 συνεισφοράν·
3005 4112 3099 4164 καὶ
3142 4111 3301 4174 εὐθὺς
3347 4111 3454 4164 ἀπὸ
3499 4111 3808 4180 σπαργάνων

2254 4203 2468 4264 ἀστεῖος
2494 4201 2698 4270 ὀφθεὶς,
2739 4203 2894 4254 ϐκνον
2923 4203 3216 4272 ἐμποιῆσαι
3241 4203 3352 4264 τοῖς
3381 4201 3805 4270 γεννησαμένοις,

2255 4290 2468 4359 Θανάτῳ
2500 4292 2588 4342 τὸν
2619 4291 2853 4342 τοιοῦτον
2885 4291 3223 4360 ἐξαφανίσαι.
3257 4285 3371 4342 Εἴθ’
3397 4289 3472 4352 ὡς
3501 4291 3808 4360 ὑπερίσχυεν

2254 4384 2287 4452 ἡ
2317 4381 2509 4452 ἀπειλὴ
2567 4381 2655 4433 τοῦ
2689 4384 2988 4452 τυράννου,
3048 4381 3122 4452 μὴ
3169 4380 3354 4444 ἁπλῶς
3403 4383 3696 4452 ὲῤῥιφῆναι
3743 4380 3808 4446 τῷ

580 4467 738 4532 cujus
769 4480 922 4516 rima:
957 4463 1221 4515 bitumine
1250 4477 1312 4514 ac
1355 4463 1472 4531 pice
1499 4461 1644 4514 illita:
1677 4461 1913 4525 fuerant,
1945 4463 2018 4516 ita
2053 4463 2148 4515 llu-

2257 4473 2456 4544 ῥείθρῳ
2510 4473 2600 4526 τοῦ
2647 4473 2867 4536 Νείλου,
2931 4473 3046 4525 ἀλλ’
3103 4473 3382 4526 ἐντεθέντα
3435 4473 3656 4542 κιϐωτῷ
3699 4489 3808 4532 τινι,

581 4557 714 4610 mini
745 4555 1074 4625 expositum,
1111 4553 1402 4623 divinaque
1449 4553 1728 4606 voluntate
1755 4567 1874 4606 eam
1909 4553 2150 4606 arculam

581 4655 802 4718 regente
845 4645 910 4700 ad
941 4661 1058 4699 eam
1109 4646 1277 4714 ripam
1334 4645 1510 4698 amnis
1539 4645 1842 4698 vorticihus
1887 4659 2152 4714 aquarum

581 4743 832 4810 ejectam,
875 4753 979 4807 qua
1019 4738 1160 4806 regis
1205 4745 1334 4790 tunc
1367 4737 1470 4790 lilia
1501 4735 1640 4789 forte
1681 4737 2042 4804 spatiabatur.
2077 4735 2152 4790 Ita

583 4849 706 4886 cum
753 4831 990 4885 infantiii
1031 4831 1211 4898 vagitu
1249 4845 1306 4882 ει·
1337 4829 1572 4898 prodens
1615 4837 1862 4897 repertus
1887 4837 2051 4892 esset,
2085 4829 2155 4882 ob

581 4923 831 4993 gratiam,
873 4937 992 4989 qute
1025 4920 1077 4972 in
1120 4935 1186 4972 eo
1226 4919 1542 4987 apparebat,
1583 4929 1636 4972 et
1669 4919 1902 4987 speciem
1937 4933 1965 4972 a
2015 4920 2156 4988 regis

587 5015 698 5069 ﬁlia
720 5013 974 5075 dilectus,
999 5012 1053 5064 in
1079 5011 1246 5064 lilium
1273 5011 1372 5062 fuit
1398 5010 1710 5078 adoptatus.
1739 5007 1937 5064 Verum
1961 5018 2156 5064 natura

586 5107 821 5175 quadam
879 5104 1042 5156 insita
1089 5102 1440 5154 mammillam
1488 5101 1804 5172 alienigenae
1846 5103 2156 5168 fastidiens,

587 5197 819 5251 consilio
850 5193 1137 5262 cujusdam
1177 5207 1242 5246 ex
1291 5191 1631 5260 propinquis,
1687 5208 1715 5245 a
1758 5195 1978 5262 pr0pria
2016 5211 2155 5249 enu-

583 5289 752 5341 tritur
781 5295 1024 5354 parente.
1075 5283 1208 5336 Cum
1237 5297 1363 5335 vero
1399 5281 1454 5334 in
1503 5281 1650 5350 regia
1675 5281 2020 5347 educatione,
2057 5285 2156 5338 doc

583 5379 868 5446 clrinaque
907 5373 1154 5430 saeculari
1187 5389 1252 5427 ex
1297 5371 1521 5440 ephebis
1545 5372 1655 5440 jam
1695 5381 1840 5426 esset
1879 5389 2155 5444 egressus,

585 5471 855 5541 inglorius
886 5469 1082 5538 degere
1122 5465 1264 5535 apud
1301 5479 1432 5518 suos
1462 5465 1742 5530 maluisse,
1777 5481 1941 5534 quam
1973 5467 2154 5521 ﬁctam

587 5561 756 5626 illam,
789 5559 948 5630 cujus
979 5558 1270 5628 adoptatus
1297 5555 1350 5610 in
1385 5553 1550 5609 ﬁlium
1579 5563 1716 5619 erat,
1771 5565 1998 5614 matrem
2025 5575 2152 5629 pro-

656 5737 702 5772 "
733 5737 874 5794 l‘sal.
907 5751 1068 5800 Lxxv,
1109 5735 1152 5790 Ι.
1235 5737 1276 5766 ⁸³
1311 5732 1478 5789 Exod.
1513 5733 1630 5792 11,9.
1655 5751 1776 5804 sqq.

2261 4566 2516 4634 ἀσφάλτῳ
2541 4565 2633 4618 καὶ
2661 4567 2826 4638 πίσσῃ
2854 4565 2994 4618 κατὰ
3019 4565 3114 4627 τὰς
3144 4565 3406 4634 ἁρμονίας
3431 4565 3802 4636 διαχρισθείσῃ,

2251 4657 2392 4708 οὕτω
2413 4657 2628 4726 δοθῆναι
2653 4657 2728 4727 τῷ
2761 4657 2988 4727 ῥεύματι
3007 4657 3183 4722 (τοῦτο
3207 4657 3314 4725 γάρ
3339 4659 3386 4708 οἱ
3417 4657 3484 4708 δι’
3514 4656 3806 4725 ἐπιμελείας

2254 4749 2321 4800 τὰ
2347 4749 2464 4800 κατ’
2511 4748 2668 4800 αὑτὸν
2723 4751 3100 4818 ἱστορήσαντες
3151 4747 3502 4818 διηγήσαντο)
3531 4764 3546 4776 ⁶
3595 4745 3806 4808 θείαςδέ

2254 4857 2398 4902 τινος
2425 4841 2704 4908 δυνάμεως
2749 4840 2846 4910 τὴν
2889 4839 3115 4892 κιϐωτὸν
3165 4837 3538 4908 κυϐερνὼσης,
3589 4837 3678 4889 ἐπί
3707 4851 3806 4888 τινα

2257 4931 2396 4984 κατὰ
2425 4931 2485 4982 τὸ
2512 4931 2734 5000 πλάγιον
2757 4931 2921 5001 ὄχθην
2947 4931 3355 5001 έξορμισθῆναι,
3387 4929 3706 4998 αὐτομάτως
3727 4929 3806 4994 τῆς

2257 5021 2488 5075 κιϐωτοῦ
2521 5023 2636 5076 κατ’
2659 5023 2834 5074 ἐκεῖνο
2861 5023 2920 5074 τὸ
2951 5022 3112 5092 μέρος
3147 5019 3249 5074 ὑπὸ
3276 5023 3374 5092 τῆς
3401 5022 3574 5090 φορᾶς
3609 5019 3708 5071 τῶν
3727 5035 3806 5070 κυ-

2262 5115 2446 5182 μάτων
2481 5113 2938 5184 ὲκκυμανθείσης.
2987 5113 3099 5184 Τῆς
3139 5113 3193 5166 δὲ
3234 5111 3502 5182 θυγατρὸς
3538 5111 3634 5163 τοῦ
3680 5110 3806 5178 βασι-

2259 5203 2394 5264 λέως
2439 5203 2698 5272 ἐπιούσης
2733 5202 2875 5255 κατὰ
2905 5202 3027 5263 τοὺς
3056 5200 3324 5271 λειμῶνας
3369 5203 3466 5270 τῆς
3491 5199 3659 5268 ὄχθης
3684 5197 3804 5250 ἑκεί-

2260 5311 2377 5364 νης,
2479 5293 2668 5362 ἔτυχεν
2697 5297 2730 5365 ἡ
2773 5293 3000 5356 κιϐωτὸς
3035 5292 3398 5356 ὲπωκείλασα,
3435 5291 3646 5362 εὕρεμα
3673 5287 3804 5356 γενέ.

2264 5384 2384 5437 σθαι
2420 5387 2484 5454 τῇ
2531 5385 2780 5454 βασιλίδι,
2823 5385 3096 5456 βρεφικῶς
3143 5383 3416 5454 ἐμϐοήσας
3455 5385 3518 5454 τῇ
3563 5383 3802 5452 λάρνακγ

2261 5475 2442 5542 ὀφθεὶς
2487 5477 2542 5528 δὲ
2595 5477 2731 5545 μετὰ
2779 5477 2874 5547 τῆς
2925 5476 3342 5546 έπιφαινομένης
3393 5474 3542 5542 αύτῷ
3589 5474 3802 5542 χάριτος.

2261 5567 2420 5630 εὐθὺς
2447 5567 2826 5621 οἰκειώσασθαι
2857 5567 2920 5620 δι’
2953 5569 3164 5630 εὐνοίας
3197 5568 3294 5637 τὴν
3329 5565 3594 5636 βασιλίδα,
3629 5564 3715 5616 καὶ
3741 5561 3803 5618 εἰς
