  <div class='ocr_page' id='page_1' title='image "/cluster/home/n/w/nwhite01/storage/ocr_20150623/44/hvd.32044012542270/163.png"; bbox 0 0 3988 6462; ppageno 0'>
   <div class='ocr_carea' id='block_1_1' title="bbox 571 441 684 496">
    <p class='ocr_par' dir='ltr' id='par_1_1' title="bbox 571 441 684 496">
     <span class='ocr_line' id='line_1_1' title="bbox 571 441 684 496; baseline -0.018 0"><span class='ocrx_word' id='word_1_1' title='bbox 571 441 684 496; x_wconf 66' lang='lat'><strong>$07</strong></span> 
     </span>
    </p>
   </div>
   <div class='ocr_carea' id='block_1_2' title="bbox 1817 427 2565 494">
    <p class='ocr_par' dir='ltr' id='par_1_2' title="bbox 1817 427 2565 494">
     <span class='ocr_line' id='line_1_2' title="bbox 1817 427 2565 494; baseline -0.012 -2"><span class='ocrx_word' id='word_1_2' title='bbox 1817 437 1874 494; x_wconf 90' lang='lat' dir='ltr'><strong>S.</strong></span> <span class='ocrx_word' id='word_1_3' title='bbox 1909 431 2236 494; x_wconf 55' lang='lat' dir='ltr'><strong>GB&#39;EGORII</strong></span> <span class='ocrx_word' id='word_1_4' title='bbox 2273 427 2565 488; x_wconf 73' lang='lat' dir='ltr'><strong>NYSSENI</strong></span> 
     </span>
    </p>
   </div>
   <div class='ocr_carea' id='block_1_3' title="bbox 3688 429 3782 490">
    <p class='ocr_par' dir='ltr' id='par_1_3' title="bbox 3688 429 3782 490">
     <span class='ocr_line' id='line_1_3' title="bbox 3688 429 3782 490; baseline 0 0"><span class='ocrx_word' id='word_1_5' title='bbox 3688 429 3782 490; x_wconf 62' lang='grc' dir='ltr'><strong>ωε</strong></span> 
     </span>
    </p>
   </div>
   <div class='ocr_carea' id='block_1_4' title="bbox 573 535 2139 629">
    <p class='ocr_par' dir='ltr' id='par_1_4' title="bbox 573 554 2139 629">
     <span class='ocr_line' id='line_1_4' title="bbox 573 554 2139 629; baseline -0.001 -19"><span class='ocrx_word' id='word_1_6' title='bbox 573 571 790 629; x_wconf 85' lang='lat' dir='ltr'><strong>quoque</strong></span> <span class='ocrx_word' id='word_1_7' title='bbox 816 556 870 610; x_wconf 91' lang='lat' dir='ltr'><strong>in</strong></span> <span class='ocrx_word' id='word_1_8' title='bbox 893 556 1013 611; x_wconf 83' lang='lat' dir='ltr'><strong>sinu</strong></span> <span class='ocrx_word' id='word_1_9' title='bbox 1035 557 1335 619; x_wconf 81' lang='lat' dir='ltr'><strong>recondita,</strong></span> <span class='ocrx_word' id='word_1_10' title='bbox 1373 555 1428 609; x_wconf 90' lang='lat' dir='ltr'><strong>in</strong></span> <span class='ocrx_word' id='word_1_11' title='bbox 1459 556 1600 609; x_wconf 80' lang='lat' dir='ltr'><strong>nivis</strong></span> <span class='ocrx_word' id='word_1_12' title='bbox 1629 554 1920 609; x_wconf 80' lang='lat' dir='ltr'><strong>candorem</strong></span> <span class='ocrx_word' id='word_1_13' title='bbox 1953 555 2139 608; x_wconf 90' lang='lat' dir='ltr'><strong>immu-</strong></span> 
     </span>
    </p>
   </div>
   <div class='ocr_carea' id='block_1_5' title="bbox 2241 535 3780 629">
    <p class='ocr_par' dir='ltr' id='par_1_5' title="bbox 2251 535 3780 622">
     <span class='ocr_line' id='line_1_5' title="bbox 2251 535 3780 622; baseline -0.003 -17"><span class='ocrx_word' id='word_1_14' title='bbox 2251 549 2652 622; x_wconf 85' lang='grc' dir='ltr'>προστάγματι.</span> <span class='ocrx_word' id='word_1_15' title='bbox 2689 543 2752 598; x_wconf 82' lang='lat' dir='ltr'><strong>&#39;ll</strong></span> <span class='ocrx_word' id='word_1_16' title='bbox 2781 543 2838 598; x_wconf 71' lang='grc' dir='ltr'><strong>δέ</strong></span> <span class='ocrx_word' id='word_1_17' title='bbox 2879 543 3042 613; x_wconf 79' lang='grc' dir='ltr'>πεῖρα</span> <span class='ocrx_word' id='word_1_18' title='bbox 3063 537 3133 614; x_wconf 80' lang='grc' dir='ltr'>ἦν</span> <span class='ocrx_word' id='word_1_19' title='bbox 3181 542 3319 614; x_wconf 71' lang='grc' dir='ltr'>αὕτη</span> <span class='ocrx_word' id='word_1_20' title='bbox 3340 559 3354 575; x_wconf 88' lang='grc'><strong>·</strong></span> <span class='ocrx_word' id='word_1_21' title='bbox 3381 535 3601 606; x_wconf 82' lang='grc' dir='ltr'>Ῥάϐὃος</span> <span class='ocrx_word' id='word_1_22' title='bbox 3637 547 3780 602; x_wconf 67' lang='lat' dir='ltr'><strong>ixm-</strong></span> 
     </span>
    </p>
   </div>
   <div class='ocr_carea' id='block_1_6' title="bbox 574 645 2146 715">
    <p class='ocr_par' dir='ltr' id='par_1_6' title="bbox 574 645 2146 715">
     <span class='ocr_line' id='line_1_6' title="bbox 574 645 2146 715; baseline -0.003 -13"><span class='ocrx_word' id='word_1_23' title='bbox 574 657 738 710; x_wconf 86' lang='lat' dir='ltr'><strong>tatur,</strong></span> <span class='ocrx_word' id='word_1_24' title='bbox 771 655 825 703; x_wconf 88' lang='lat' dir='ltr'><strong>et</strong></span> <span class='ocrx_word' id='word_1_25' title='bbox 859 648 1054 702; x_wconf 91' lang='lat' dir='ltr'><strong>iterum</strong></span> <span class='ocrx_word' id='word_1_26' title='bbox 1086 647 1140 700; x_wconf 90' lang='lat' dir='ltr'><strong>in</strong></span> <span class='ocrx_word' id='word_1_27' title='bbox 1173 647 1422 701; x_wconf 90' lang='lat' dir='ltr'><strong>eumdem</strong></span> <span class='ocrx_word' id='word_1_28' title='bbox 1457 648 1636 701; x_wconf 90' lang='lat' dir='ltr'><strong>sinum</strong></span> <span class='ocrx_word' id='word_1_29' title='bbox 1665 646 1909 701; x_wconf 89' lang='lat' dir='ltr'><strong>immissa</strong></span> <span class='ocrx_word' id='word_1_30' title='bbox 1939 645 1993 699; x_wconf 93' lang='lat' dir='ltr'><strong>in</strong></span> <span class='ocrx_word' id='word_1_31' title='bbox 2032 646 2146 715; x_wconf 89' lang='lat' dir='ltr'><strong>pri-</strong></span> 
     </span>
    </p>
   </div>
   <div class='ocr_carea' id='block_1_7' title="bbox 572 736 2144 806">
    <p class='ocr_par' dir='ltr' id='par_1_7' title="bbox 572 736 2144 806">
     <span class='ocr_line' id='line_1_7' title="bbox 572 736 2144 806; baseline -0.003 -11"><span class='ocrx_word' id='word_1_32' title='bbox 572 739 773 795; x_wconf 78' lang='lat' dir='ltr'><strong>stinam</strong></span> <span class='ocrx_word' id='word_1_33' title='bbox 811 737 969 792; x_wconf 90' lang='lat' dir='ltr'><strong>rediit</strong></span> <span class='ocrx_word' id='word_1_34' title='bbox 1005 744 1276 790; x_wconf 89' lang='lat' dir='ltr'><strong>naturam.</strong></span> <span class='ocrx_word' id='word_1_35' title='bbox 1319 736 1686 792; x_wconf 84' lang='lat' dir='ltr'><strong>Descendente</strong></span> <span class='ocrx_word' id='word_1_36' title='bbox 1723 745 1901 792; x_wconf 87' lang='lat' dir='ltr'><strong>autem</strong></span> <span class='ocrx_word' id='word_1_37' title='bbox 1936 737 2054 806; x_wconf 87' lang='lat' dir='ltr'><strong>ipso</strong></span> <span class='ocrx_word' id='word_1_38' title='bbox 2091 737 2144 790; x_wconf 88' lang='lat' dir='ltr'><strong>in</strong></span> 
     </span>
    </p>
   </div>
   <div class='ocr_carea' id='block_1_8' title="bbox 572 827 2144 902">
    <p class='ocr_par' dir='ltr' id='par_1_8' title="bbox 572 827 2144 902">
     <span class='ocr_line' id='line_1_8' title="bbox 572 827 2144 902; baseline -0.001 -18"><span class='ocrx_word' id='word_1_39' title='bbox 572 829 890 902; x_wconf 66' lang='lat' dir='ltr'><strong>Egyplum,</strong></span> <span class='ocrx_word' id='word_1_40' title='bbox 926 827 1336 899; x_wconf 89' lang='lat' dir='ltr'><strong>adducenteque</strong></span> <span class='ocrx_word' id='word_1_41' title='bbox 1384 843 1567 883; x_wconf 88' lang='lat' dir='ltr'><strong>secum</strong></span> <span class='ocrx_word' id='word_1_42' title='bbox 1615 843 1839 882; x_wconf 82' lang='lat' dir='ltr'><strong>uxorem</strong></span> <span class='ocrx_word' id='word_1_43' title='bbox 1885 828 2144 896; x_wconf 85' lang='lat' dir='ltr'><strong>alienige-</strong></span> 
     </span>
    </p>
   </div>
   <div class='ocr_carea' id='block_1_9' title="bbox 570 919 2142 989">
    <p class='ocr_par' dir='ltr' id='par_1_9' title="bbox 570 919 2142 989">
     <span class='ocr_line' id='line_1_9' title="bbox 570 919 2142 989; baseline -0.002 -14"><span class='ocrx_word' id='word_1_44' title='bbox 570 938 718 984; x_wconf 89' lang='lat' dir='ltr'><strong>nam,</strong></span> <span class='ocrx_word' id='word_1_45' title='bbox 753 927 805 974; x_wconf 90' lang='lat' dir='ltr'><strong>et</strong></span> <span class='ocrx_word' id='word_1_46' title='bbox 846 919 1046 974; x_wconf 87' lang='lat' dir='ltr'><strong>liberos</strong></span> <span class='ocrx_word' id='word_1_47' title='bbox 1084 920 1185 974; x_wconf 83' lang='lat' dir='ltr'><strong>sibi</strong></span> <span class='ocrx_word' id='word_1_48' title='bbox 1229 921 1298 974; x_wconf 88' lang='lat' dir='ltr'><strong>ab</strong></span> <span class='ocrx_word' id='word_1_49' title='bbox 1331 935 1393 974; x_wconf 90' lang='lat' dir='ltr'><strong>ea</strong></span> <span class='ocrx_word' id='word_1_50' title='bbox 1437 928 1622 979; x_wconf 86' lang='lat' dir='ltr'><strong>natos,</strong></span> <span class='ocrx_word' id='word_1_51' title='bbox 1668 920 1892 989; x_wconf 81' lang='lat' dir='ltr'><strong>angelus</strong></span> <span class='ocrx_word' id='word_1_52' title='bbox 1929 919 2142 972; x_wconf 79' lang='lat' dir='ltr'><strong>obviam</strong></span> 
     </span>
    </p>
   </div>
   <div class='ocr_carea' id='block_1_10' title="bbox 570 1010 2144 1079">
    <p class='ocr_par' dir='ltr' id='par_1_10' title="bbox 570 1010 2144 1079">
     <span class='ocr_line' id='line_1_10' title="bbox 570 1010 2144 1079; baseline -0.003 -13"><span class='ocrx_word' id='word_1_53' title='bbox 570 1013 747 1066; x_wconf 86' lang='lat' dir='ltr'><strong>factus</strong></span> <span class='ocrx_word' id='word_1_54' title='bbox 781 1012 1029 1067; x_wconf 77' lang='lat' dir='ltr'><strong>timorem</strong></span> <span class='ocrx_word' id='word_1_55' title='bbox 1065 1012 1257 1066; x_wconf 84' lang='lat' dir='ltr'><strong>mortis</strong></span> <span class='ocrx_word' id='word_1_56' title='bbox 1292 1012 1539 1066; x_wconf 82' lang='lat' dir='ltr'><strong>intulisse</strong></span> <span class='ocrx_word' id='word_1_57' title='bbox 1574 1010 1782 1064; x_wconf 83' lang='lat' dir='ltr'><strong>fertur:</strong></span> <span class='ocrx_word' id='word_1_58' title='bbox 1819 1025 1978 1079; x_wconf 89' lang='lat' dir='ltr'><strong>quem</strong></span> <span class='ocrx_word' id='word_1_59' title='bbox 2019 1025 2144 1063; x_wconf 86' lang='lat' dir='ltr'><strong>mu-</strong></span> 
     </span>
    </p>
   </div>
   <div class='ocr_carea' id='block_1_11' title="bbox 568 1099 2140 1171">
    <p class='ocr_par' dir='ltr' id='par_1_11' title="bbox 568 1099 2140 1171">
     <span class='ocr_line' id='line_1_11' title="bbox 568 1099 2140 1171; baseline -0.003 -13"><span class='ocrx_word' id='word_1_60' title='bbox 568 1100 670 1158; x_wconf 74' lang='lat' dir='ltr'><strong>lier</strong></span> <span class='ocrx_word' id='word_1_61' title='bbox 719 1101 1156 1158; x_wconf 86' lang='lat' dir='ltr'><strong>circumcisionis</strong></span> <span class='ocrx_word' id='word_1_62' title='bbox 1207 1101 1302 1154; x_wconf 87' lang='lat' dir='ltr'><strong>ﬁlii</strong></span> <span class='ocrx_word' id='word_1_63' title='bbox 1359 1101 1623 1171; x_wconf 82' lang='lat' dir='ltr'><strong>sanguine</strong></span> <span class='ocrx_word' id='word_1_64' title='bbox 1675 1099 1833 1156; x_wconf 88' lang='lat' dir='ltr'><strong>facile</strong></span> <span class='ocrx_word' id='word_1_65' title='bbox 1890 1100 2140 1169; x_wconf 79' lang='lat' dir='ltr'><strong>placavit.</strong></span> 
     </span>
    </p>
   </div>
   <div class='ocr_carea' id='block_1_12' title="bbox 569 1189 2143 1262">
    <p class='ocr_par' dir='ltr' id='par_1_12' title="bbox 569 1189 2143 1262">
     <span class='ocr_line' id='line_1_12' title="bbox 569 1189 2143 1262; baseline -0.001 -17"><span class='ocrx_word' id='word_1_66' title='bbox 569 1189 724 1247; x_wconf 82' lang='lat' dir='ltr'><strong>Tunc</strong></span> <span class='ocrx_word' id='word_1_67' title='bbox 760 1194 939 1246; x_wconf 76' lang='lat' dir='ltr'><strong>Aaron</strong></span> <span class='ocrx_word' id='word_1_68' title='bbox 980 1207 1197 1262; x_wconf 89' lang='lat' dir='ltr'><strong>quoque</strong></span> <span class='ocrx_word' id='word_1_69' title='bbox 1237 1191 1406 1246; x_wconf 81' lang='lat' dir='ltr'><strong>frater</strong></span> <span class='ocrx_word' id='word_1_70' title='bbox 1441 1191 1561 1259; x_wconf 88' lang='lat' dir='ltr'><strong>ejus</strong></span> <span class='ocrx_word' id='word_1_71' title='bbox 1606 1190 1865 1245; x_wconf 91' lang='lat' dir='ltr'><strong>divinitus</strong></span> <span class='ocrx_word' id='word_1_72' title='bbox 1905 1191 2143 1244; x_wconf 89' lang='lat' dir='ltr'><strong>monitus</strong></span> 
     </span>
    </p>
   </div>
   <div class='ocr_carea' id='block_1_13' title="bbox 567 1282 2144 1356">
    <p class='ocr_par' dir='ltr' id='par_1_13' title="bbox 567 1282 2144 1356">
     <span class='ocr_line' id='line_1_13' title="bbox 567 1282 2144 1356; baseline -0.001 -17"><span class='ocrx_word' id='word_1_73' title='bbox 567 1285 783 1339; x_wconf 83' lang='lat' dir='ltr'><strong>obviam</strong></span> <span class='ocrx_word' id='word_1_74' title='bbox 815 1285 1034 1356; x_wconf 90' lang='lat' dir='ltr'><strong>prodiit,</strong></span> <span class='ocrx_word' id='word_1_75' title='bbox 1056 1294 1110 1338; x_wconf 89' lang='lat' dir='ltr'><strong>et</strong></span> <span class='ocrx_word' id='word_1_76' title='bbox 1127 1285 1283 1353; x_wconf 89' lang='lat' dir='ltr'><strong>paulo</strong></span> <span class='ocrx_word' id='word_1_77' title='bbox 1313 1291 1434 1353; x_wconf 89' lang='lat' dir='ltr'><strong>post</strong></span> <span class='ocrx_word' id='word_1_78' title='bbox 1457 1283 1509 1336; x_wconf 90' lang='lat' dir='ltr'><strong>in</strong></span> <span class='ocrx_word' id='word_1_79' title='bbox 1533 1283 1850 1336; x_wconf 90' lang='lat' dir='ltr'><strong>concionem</strong></span> <span class='ocrx_word' id='word_1_80' title='bbox 1884 1283 1952 1336; x_wconf 89' lang='lat' dir='ltr'><strong>ab</strong></span> <span class='ocrx_word' id='word_1_81' title='bbox 1980 1282 2144 1338; x_wconf 88' lang='lat' dir='ltr'><strong>utris-</strong></span> 
     </span>
    </p>
   </div>
   <div class='ocr_carea' id='block_1_14' title="bbox 569 1374 2140 1446">
    <p class='ocr_par' dir='ltr' id='par_1_14' title="bbox 569 1374 2140 1446">
     <span class='ocr_line' id='line_1_14' title="bbox 569 1374 2140 1446; baseline -0.002 -17"><span class='ocrx_word' id='word_1_82' title='bbox 569 1391 677 1446; x_wconf 84' lang='lat' dir='ltr'><strong>que</strong></span> <span class='ocrx_word' id='word_1_83' title='bbox 718 1377 952 1445; x_wconf 88' lang='lat' dir='ltr'><strong>populus</strong></span> <span class='ocrx_word' id='word_1_84' title='bbox 1011 1374 1298 1446; x_wconf 67' lang='lat' dir='ltr'><strong>Egyptius</strong></span> <span class='ocrx_word' id='word_1_85' title='bbox 1345 1381 1704 1438; x_wconf 84' lang='lat' dir='ltr'><strong>convocatur,</strong></span> <span class='ocrx_word' id='word_1_86' title='bbox 1758 1374 1982 1428; x_wconf 87' lang='lat' dir='ltr'><strong>libertas</strong></span> <span class='ocrx_word' id='word_1_87' title='bbox 2029 1381 2140 1426; x_wconf 89' lang='lat' dir='ltr'><strong>tam</strong></span> 
     </span>
    </p>
   </div>
   <div class='ocr_carea' id='block_1_15' title="bbox 568 1464 2143 1535">
    <p class='ocr_par' dir='ltr' id='par_1_15' title="bbox 568 1464 2143 1535">
     <span class='ocr_line' id='line_1_15' title="bbox 568 1464 2143 1535; baseline 0.001 -17"><span class='ocrx_word' id='word_1_88' title='bbox 568 1464 840 1520; x_wconf 89' lang='lat' dir='ltr'><strong>laboriosa</strong></span> <span class='ocrx_word' id='word_1_89' title='bbox 874 1466 1134 1521; x_wconf 89' lang='lat' dir='ltr'><strong>servitute</strong></span> <span class='ocrx_word' id='word_1_90' title='bbox 1166 1467 1443 1535; x_wconf 85' lang='lat' dir='ltr'><strong>oppressis</strong></span> <span class='ocrx_word' id='word_1_91' title='bbox 1472 1465 1811 1535; x_wconf 86' lang='lat' dir='ltr'><strong>proponitur.</strong></span> <span class='ocrx_word' id='word_1_92' title='bbox 1852 1464 1984 1518; x_wconf 90' lang='lat' dir='ltr'><strong>Cum</strong></span> <span class='ocrx_word' id='word_1_93' title='bbox 2024 1466 2143 1534; x_wconf 91' lang='lat' dir='ltr'><strong>ipso</strong></span> 
     </span>
    </p>
   </div>
   <div class='ocr_carea' id='block_1_16' title="bbox 567 1557 2141 1628">
    <p class='ocr_par' dir='ltr' id='par_1_16' title="bbox 567 1557 2141 1628">
     <span class='ocr_line' id='line_1_16' title="bbox 567 1557 2141 1628; baseline 0.001 -18"><span class='ocrx_word' id='word_1_94' title='bbox 567 1571 785 1627; x_wconf 84' lang='lat' dir='ltr'><strong>quoque</strong></span> <span class='ocrx_word' id='word_1_95' title='bbox 803 1565 1036 1628; x_wconf 90' lang='lat' dir='ltr'><strong>tyranno</strong></span> <span class='ocrx_word' id='word_1_96' title='bbox 1051 1559 1150 1611; x_wconf 90' lang='lat' dir='ltr'><strong>hac</strong></span> <span class='ocrx_word' id='word_1_97' title='bbox 1163 1557 1230 1612; x_wconf 89' lang='lat' dir='ltr'><strong>de</strong></span> <span class='ocrx_word' id='word_1_98' title='bbox 1245 1573 1302 1612; x_wconf 92' lang='lat' dir='ltr'><strong>re</strong></span> <span class='ocrx_word' id='word_1_99' title='bbox 1324 1558 1639 1627; x_wconf 91' lang='lat' dir='ltr'><strong>loquuntur.</strong></span> <span class='ocrx_word' id='word_1_100' title='bbox 1652 1557 1901 1614; x_wconf 86' lang='lat' dir='ltr'><strong>lrritatus</strong></span> <span class='ocrx_word' id='word_1_101' title='bbox 1919 1559 2006 1613; x_wconf 92' lang='lat' dir='ltr'><strong>ille</strong></span> <span class='ocrx_word' id='word_1_102' title='bbox 2024 1574 2141 1612; x_wconf 87' lang='lat' dir='ltr'><strong>ma-</strong></span> 
     </span>
    </p>
   </div>
   <div class='ocr_carea' id='block_1_17' title="bbox 567 1648 2138 1720">
    <p class='ocr_par' dir='ltr' id='par_1_17' title="bbox 567 1648 2138 1720">
     <span class='ocr_line' id='line_1_17' title="bbox 567 1648 2138 1720; baseline 0.007 -20"><span class='ocrx_word' id='word_1_103' title='bbox 567 1648 652 1717; x_wconf 86' lang='lat' dir='ltr'><strong>gis</strong></span> <span class='ocrx_word' id='word_1_104' title='bbox 683 1663 844 1718; x_wconf 89' lang='lat' dir='ltr'><strong>quam</strong></span> <span class='ocrx_word' id='word_1_105' title='bbox 880 1657 1024 1713; x_wconf 91' lang='lat' dir='ltr'><strong>ante,</strong></span> <span class='ocrx_word' id='word_1_106' title='bbox 1060 1664 1183 1703; x_wconf 91' lang='lat' dir='ltr'><strong>cum</strong></span> <span class='ocrx_word' id='word_1_107' title='bbox 1223 1649 1276 1706; x_wconf 89' lang='lat' dir='ltr'><strong>in</strong></span> <span class='ocrx_word' id='word_1_108' title='bbox 1311 1665 1406 1704; x_wconf 91' lang='lat' dir='ltr'><strong>eos</strong></span> <span class='ocrx_word' id='word_1_109' title='bbox 1441 1650 1532 1720; x_wconf 87' lang='lat' dir='ltr'><strong>qui</strong></span> <span class='ocrx_word' id='word_1_110' title='bbox 1568 1660 1834 1720; x_wconf 57' lang='lat' dir='ltr'><strong>praeerant</strong></span> <span class='ocrx_word' id='word_1_111' title='bbox 1863 1652 2138 1720; x_wconf 84' lang='lat' dir='ltr'><strong>operibus.</strong></span> 
     </span>
    </p>
   </div>
   <div class='ocr_carea' id='block_1_18' title="bbox 569 1738 2141 1812">
    <p class='ocr_par' dir='ltr' id='par_1_18' title="bbox 569 1738 2141 1812">
     <span class='ocr_line' id='line_1_18' title="bbox 569 1738 2141 1812; baseline 0.005 -21"><span class='ocrx_word' id='word_1_112' title='bbox 569 1747 684 1792; x_wconf 91' lang='lat' dir='ltr'><strong>tum</strong></span> <span class='ocrx_word' id='word_1_113' title='bbox 709 1740 761 1792; x_wconf 91' lang='lat' dir='ltr'><strong>in</strong></span> <span class='ocrx_word' id='word_1_114' title='bbox 786 1740 934 1809; x_wconf 88' lang='lat' dir='ltr'><strong>ipsos</strong></span> <span class='ocrx_word' id='word_1_115' title='bbox 954 1738 1245 1806; x_wconf 89' lang='lat' dir='ltr'><strong>lsraelitas,</strong></span> <span class='ocrx_word' id='word_1_116' title='bbox 1264 1749 1424 1812; x_wconf 86' lang='lat' dir='ltr'><strong>auget</strong></span> <span class='ocrx_word' id='word_1_117' title='bbox 1447 1741 1500 1794; x_wconf 91' lang='lat' dir='ltr'><strong>in</strong></span> <span class='ocrx_word' id='word_1_118' title='bbox 1521 1741 1803 1812; x_wconf 86' lang='lat' dir='ltr'><strong>portandis</strong></span> <span class='ocrx_word' id='word_1_119' title='bbox 1824 1742 2141 1799; x_wconf 76' lang='lat' dir='ltr'><strong>imbricibus</strong></span> 
     </span>
    </p>
   </div>
   <div class='ocr_carea' id='block_1_19' title="bbox 568 1831 2142 1903">
    <p class='ocr_par' dir='ltr' id='par_1_19' title="bbox 568 1831 2142 1903">
     <span class='ocr_line' id='line_1_19' title="bbox 568 1831 2142 1903; baseline 0.003 -19"><span class='ocrx_word' id='word_1_120' title='bbox 568 1831 1374 1901; x_wconf 85' lang='lat' dir='ltr'><strong>pensum,imperatduriora,ut</strong></span> <span class='ocrx_word' id='word_1_121' title='bbox 1393 1847 1497 1886; x_wconf 88' lang='lat' dir='ltr'><strong>non</strong></span> <span class='ocrx_word' id='word_1_122' title='bbox 1518 1833 1691 1886; x_wconf 90' lang='lat' dir='ltr'><strong>solum</strong></span> <span class='ocrx_word' id='word_1_123' title='bbox 1711 1833 1842 1894; x_wconf 90' lang='lat' dir='ltr'><strong>luto,</strong></span> <span class='ocrx_word' id='word_1_124' title='bbox 1859 1833 1951 1888; x_wconf 91' lang='lat' dir='ltr'><strong>sed</strong></span> <span class='ocrx_word' id='word_1_125' title='bbox 1972 1833 2142 1903; x_wconf 90' lang='lat' dir='ltr'><strong>paleis</strong></span> 
     </span>
    </p>
   </div>
   <div class='ocr_carea' id='block_1_20' title="bbox 567 1921 2142 1992">
    <p class='ocr_par' dir='ltr' id='par_1_20' title="bbox 567 1921 2142 1992">
     <span class='ocr_line' id='line_1_20' title="bbox 567 1921 2142 1992; baseline 0.004 -18"><span class='ocrx_word' id='word_1_126' title='bbox 567 1921 894 1992; x_wconf 80' lang='lat' dir='ltr'><strong>stipulisque</strong></span> <span class='ocrx_word' id='word_1_127' title='bbox 914 1923 1232 1992; x_wconf 81' lang='lat' dir='ltr'><strong>colligendis</strong></span> <span class='ocrx_word' id='word_1_128' title='bbox 1254 1923 1434 1978; x_wconf 82' lang='lat' dir='ltr'><strong>alllicti</strong></span> <span class='ocrx_word' id='word_1_129' title='bbox 1456 1923 1625 1979; x_wconf 65' lang='lat' dir='ltr'><strong>Judaei</strong></span> <span class='ocrx_word' id='word_1_130' title='bbox 1647 1927 2054 1982; x_wconf 85' lang='lat' dir='ltr'><strong>eontabescant.</strong></span> <span class='ocrx_word' id='word_1_131' title='bbox 2072 1929 2142 1980; x_wconf 89' lang='lat' dir='ltr'><strong>At</strong></span> 
     </span>
    </p>
   </div>
   <div class='ocr_carea' id='block_1_21' title="bbox 567 2012 2141 2087">
    <p class='ocr_par' dir='ltr' id='par_1_21' title="bbox 567 2012 2141 2087">
     <span class='ocr_line' id='line_1_21' title="bbox 567 2012 2141 2087; baseline 0.006 -23"><span class='ocrx_word' id='word_1_132' title='bbox 567 2027 696 2067; x_wconf 76' lang='lat' dir='ltr'><strong>vero</strong></span> <span class='ocrx_word' id='word_1_133' title='bbox 710 2012 922 2068; x_wconf 90' lang='lat' dir='ltr'><strong>Pharao</strong></span> <span class='ocrx_word' id='word_1_134' title='bbox 946 2013 1019 2085; x_wconf 90' lang='lat' dir='ltr'><strong>(id</strong></span> <span class='ocrx_word' id='word_1_135' title='bbox 1042 2015 1186 2070; x_wconf 87' lang='lat' dir='ltr'><strong>enim</strong></span> <span class='ocrx_word' id='word_1_136' title='bbox 1215 2030 1414 2070; x_wconf 86' lang='lat' dir='ltr'><strong>nomen</strong></span> <span class='ocrx_word' id='word_1_137' title='bbox 1446 2023 1563 2070; x_wconf 89' lang='lat' dir='ltr'><strong>erat</strong></span> <span class='ocrx_word' id='word_1_138' title='bbox 1583 2017 1836 2087; x_wconf 85' lang='lat' dir='ltr'><strong>tyranno)</strong></span> <span class='ocrx_word' id='word_1_139' title='bbox 1879 2019 2141 2074; x_wconf 89' lang='lat' dir='ltr'><strong>divinitus</strong></span> 
     </span>
    </p>
   </div>
   <div class='ocr_carea' id='block_1_22' title="bbox 567 2105 2140 2174">
    <p class='ocr_par' dir='ltr' id='par_1_22' title="bbox 567 2105 2140 2174">
     <span class='ocr_line' id='line_1_22' title="bbox 567 2105 2140 2174; baseline 0.004 -16"><span class='ocrx_word' id='word_1_140' title='bbox 567 2105 728 2160; x_wconf 84' lang='lat' dir='ltr'><strong>factis</strong></span> <span class='ocrx_word' id='word_1_141' title='bbox 748 2105 1025 2160; x_wconf 86' lang='lat' dir='ltr'><strong>miraculis</strong></span> <span class='ocrx_word' id='word_1_142' title='bbox 1045 2120 1110 2160; x_wconf 92' lang='lat' dir='ltr'><strong>ac</strong></span> <span class='ocrx_word' id='word_1_143' title='bbox 1137 2106 1308 2174; x_wconf 81' lang='lat' dir='ltr'><strong>signis</strong></span> <span class='ocrx_word' id='word_1_144' title='bbox 1326 2107 1579 2162; x_wconf 87' lang='lat' dir='ltr'><strong>resistere</strong></span> <span class='ocrx_word' id='word_1_145' title='bbox 1599 2109 1918 2172; x_wconf 89' lang='lat' dir='ltr'><strong>conabatur,</strong></span> <span class='ocrx_word' id='word_1_146' title='bbox 1947 2111 2014 2165; x_wconf 92' lang='lat' dir='ltr'><strong>ad</strong></span> <span class='ocrx_word' id='word_1_147' title='bbox 2039 2111 2140 2166; x_wconf 89' lang='lat' dir='ltr'><strong>hoc</strong></span> 
     </span>
    </p>
   </div>
   <div class='ocr_carea' id='block_1_23' title="bbox 567 2197 2141 2270">
    <p class='ocr_par' dir='ltr' id='par_1_23' title="bbox 567 2197 2141 2270">
     <span class='ocr_line' id='line_1_23' title="bbox 567 2197 2141 2270; baseline 0.003 -21"><span class='ocrx_word' id='word_1_148' title='bbox 567 2210 848 2266; x_wconf 77' lang='lat' dir='ltr'><strong>magorum</strong></span> <span class='ocrx_word' id='word_1_149' title='bbox 881 2212 1015 2252; x_wconf 90' lang='lat' dir='ltr'><strong>usus</strong></span> <span class='ocrx_word' id='word_1_150' title='bbox 1043 2197 1353 2268; x_wconf 72' lang='lat' dir='ltr'><strong>praestigiis.</strong></span> <span class='ocrx_word' id='word_1_151' title='bbox 1385 2197 1678 2268; x_wconf 84' lang='lat' dir='ltr'><strong>Postquam</strong></span> <span class='ocrx_word' id='word_1_152' title='bbox 1708 2207 1889 2254; x_wconf 91' lang='lat' dir='ltr'><strong>autem</strong></span> <span class='ocrx_word' id='word_1_153' title='bbox 1919 2200 1970 2253; x_wconf 89' lang='lat' dir='ltr'><strong>in</strong></span> <span class='ocrx_word' id='word_1_154' title='bbox 2006 2215 2141 2270; x_wconf 86' lang='lat' dir='ltr'><strong>prae-</strong></span> 
     </span>
    </p>
   </div>
   <div class='ocr_carea' id='block_1_24' title="bbox 567 2283 2140 2360">
    <p class='ocr_par' dir='ltr' id='par_1_24' title="bbox 567 2283 2140 2360">
     <span class='ocr_line' id='line_1_24' title="bbox 567 2283 2140 2360; baseline 0.001 -18"><span class='ocrx_word' id='word_1_155' title='bbox 567 2287 743 2342; x_wconf 81' lang='lat' dir='ltr'><strong>sentia</strong></span> <span class='ocrx_word' id='word_1_156' title='bbox 773 2283 1150 2357; x_wconf 65' lang='lat' dir='ltr'><strong>Egyptiorum</strong></span> <span class='ocrx_word' id='word_1_157' title='bbox 1177 2288 1386 2358; x_wconf 77' lang='lat' dir='ltr'><strong>virgam</strong></span> <span class='ocrx_word' id='word_1_158' title='bbox 1409 2303 1563 2342; x_wconf 90' lang='lat' dir='ltr'><strong>suam</strong></span> <span class='ocrx_word' id='word_1_159' title='bbox 1595 2289 1648 2342; x_wconf 91' lang='lat' dir='ltr'><strong>in</strong></span> <span class='ocrx_word' id='word_1_160' title='bbox 1681 2300 1984 2360; x_wconf 89' lang='lat' dir='ltr'><strong>serpentem</strong></span> <span class='ocrx_word' id='word_1_161' title='bbox 2019 2293 2140 2344; x_wconf 84' lang='lat' dir='ltr'><strong>ani-</strong></span> 
     </span>
    </p>
   </div>
   <div class='ocr_carea' id='block_1_25' title="bbox 568 2375 2142 2448">
    <p class='ocr_par' dir='ltr' id='par_1_25' title="bbox 568 2375 2142 2448">
     <span class='ocr_line' id='line_1_25' title="bbox 568 2375 2142 2448; baseline 0.004 -20"><span class='ocrx_word' id='word_1_162' title='bbox 568 2383 775 2430; x_wconf 88' lang='lat' dir='ltr'><strong>masset</strong></span> <span class='ocrx_word' id='word_1_163' title='bbox 799 2375 1032 2446; x_wconf 85' lang='lat' dir='ltr'><strong>Moyses,</strong></span> <span class='ocrx_word' id='word_1_164' title='bbox 1065 2375 1205 2429; x_wconf 93' lang='lat' dir='ltr'><strong>idem</strong></span> <span class='ocrx_word' id='word_1_165' title='bbox 1233 2391 1451 2446; x_wconf 89' lang='lat' dir='ltr'><strong>quoque</strong></span> <span class='ocrx_word' id='word_1_166' title='bbox 1485 2378 1600 2431; x_wconf 90' lang='lat' dir='ltr'><strong>suis</strong></span> <span class='ocrx_word' id='word_1_167' title='bbox 1620 2379 1674 2432; x_wconf 90' lang='lat' dir='ltr'><strong>in</strong></span> <span class='ocrx_word' id='word_1_168' title='bbox 1701 2378 1867 2448; x_wconf 78' lang='lat' dir='ltr'><strong>virgis</strong></span> <span class='ocrx_word' id='word_1_169' title='bbox 1891 2395 1949 2435; x_wconf 89' lang='lat' dir='ltr'><strong>se</strong></span> <span class='ocrx_word' id='word_1_170' title='bbox 1976 2379 2142 2434; x_wconf 83' lang='lat' dir='ltr'><strong>factu-</strong></span> 
     </span>
    </p>
   </div>
   <div class='ocr_carea' id='block_1_26' title="bbox 566 2465 2138 2537">
    <p class='ocr_par' dir='ltr' id='par_1_26' title="bbox 566 2465 2138 2537">
     <span class='ocr_line' id='line_1_26' title="bbox 566 2465 2138 2537; baseline 0.004 -15"><span class='ocrx_word' id='word_1_171' title='bbox 566 2482 662 2522; x_wconf 87' lang='lat' dir='ltr'><strong>ros</strong></span> <span class='ocrx_word' id='word_1_172' title='bbox 689 2467 1071 2522; x_wconf 81' lang='lat' dir='ltr'><strong>existimabant</strong></span> <span class='ocrx_word' id='word_1_173' title='bbox 1101 2465 1260 2537; x_wconf 86' lang='lat' dir='ltr'><strong>Magi.</strong></span> <span class='ocrx_word' id='word_1_174' title='bbox 1292 2465 1396 2521; x_wconf 89' lang='lat' dir='ltr'><strong>Sed</strong></span> <span class='ocrx_word' id='word_1_175' title='bbox 1429 2467 1696 2522; x_wconf 83' lang='lat' dir='ltr'><strong>fallaciam</strong></span> <span class='ocrx_word' id='word_1_176' title='bbox 1726 2468 2015 2526; x_wconf 87' lang='lat' dir='ltr'><strong>ellicacitas</strong></span> <span class='ocrx_word' id='word_1_177' title='bbox 2050 2488 2138 2528; x_wconf 83' lang='lat' dir='ltr'><strong>re-</strong></span> 
     </span>
    </p>
   </div>
   <div class='ocr_carea' id='block_1_27' title="bbox 565 2557 2140 2629">
    <p class='ocr_par' dir='ltr' id='par_1_27' title="bbox 565 2557 2140 2629">
     <span class='ocr_line' id='line_1_27' title="bbox 565 2557 2140 2629; baseline 0.001 -15"><span class='ocrx_word' id='word_1_178' title='bbox 565 2559 800 2629; x_wconf 83' lang='lat' dir='ltr'><strong>darguit,</strong></span> <span class='ocrx_word' id='word_1_179' title='bbox 817 2559 944 2613; x_wconf 93' lang='lat' dir='ltr'><strong>dum</strong></span> <span class='ocrx_word' id='word_1_180' title='bbox 972 2573 1194 2628; x_wconf 89' lang='lat' dir='ltr'><strong>serpens</strong></span> <span class='ocrx_word' id='word_1_181' title='bbox 1213 2573 1279 2611; x_wconf 79' lang='lat' dir='ltr'><strong>ex</strong></span> <span class='ocrx_word' id='word_1_182' title='bbox 1299 2557 1498 2628; x_wconf 86' lang='lat' dir='ltr'><strong>Moysis</strong></span> <span class='ocrx_word' id='word_1_183' title='bbox 1518 2558 1668 2628; x_wconf 91' lang='lat' dir='ltr'><strong>virga</strong></span> <span class='ocrx_word' id='word_1_184' title='bbox 1689 2573 2006 2622; x_wconf 86' lang='lat' dir='ltr'><strong>conversus.</strong></span> <span class='ocrx_word' id='word_1_185' title='bbox 2024 2577 2140 2615; x_wconf 89' lang='lat' dir='ltr'><strong>ma-</strong></span> 
     </span>
    </p>
   </div>
   <div class='ocr_carea' id='block_1_28' title="bbox 565 2649 2136 2723">
    <p class='ocr_par' dir='ltr' id='par_1_28' title="bbox 565 2649 2136 2723">
     <span class='ocr_line' id='line_1_28' title="bbox 565 2649 2136 2723; baseline 0 -17"><span class='ocrx_word' id='word_1_186' title='bbox 565 2651 685 2723; x_wconf 81' lang='lat' dir='ltr'><strong>gica</strong></span> <span class='ocrx_word' id='word_1_187' title='bbox 719 2652 883 2721; x_wconf 88' lang='lat' dir='ltr'><strong>ligna,</strong></span> <span class='ocrx_word' id='word_1_188' title='bbox 917 2658 1194 2718; x_wconf 87' lang='lat' dir='ltr'><strong>serpentes</strong></span> <span class='ocrx_word' id='word_1_189' title='bbox 1231 2649 1439 2703; x_wconf 88' lang='lat' dir='ltr'><strong>scilicet</strong></span> <span class='ocrx_word' id='word_1_190' title='bbox 1473 2650 1826 2714; x_wconf 89' lang='lat' dir='ltr'><strong>comedendo,</strong></span> <span class='ocrx_word' id='word_1_191' title='bbox 1858 2652 2059 2705; x_wconf 90' lang='lat' dir='ltr'><strong>nullam</strong></span> <span class='ocrx_word' id='word_1_192' title='bbox 2083 2654 2136 2706; x_wconf 92' lang='lat' dir='ltr'><strong>in</strong></span> 
     </span>
    </p>
   </div>
   <div class='ocr_carea' id='block_1_29' title="bbox 564 2739 2133 2810">
    <p class='ocr_par' dir='ltr' id='par_1_29' title="bbox 564 2739 2133 2810">
     <span class='ocr_line' id='line_1_29' title="bbox 564 2739 2133 2810; baseline 0.001 -14"><span class='ocrx_word' id='word_1_193' title='bbox 564 2743 687 2799; x_wconf 90' lang='lat' dir='ltr'><strong>aliis</strong></span> <span class='ocrx_word' id='word_1_194' title='bbox 707 2759 828 2798; x_wconf 88' lang='lat' dir='ltr'><strong>esse</strong></span> <span class='ocrx_word' id='word_1_195' title='bbox 850 2743 956 2795; x_wconf 87' lang='lat' dir='ltr'><strong>vim</strong></span> <span class='ocrx_word' id='word_1_196' title='bbox 975 2741 1042 2794; x_wconf 89' lang='lat' dir='ltr'><strong>ad</strong></span> <span class='ocrx_word' id='word_1_197' title='bbox 1078 2739 1494 2810; x_wconf 87' lang='lat' dir='ltr'><strong>propulsandam</strong></span> <span class='ocrx_word' id='word_1_198' title='bbox 1537 2739 1813 2808; x_wconf 88' lang='lat' dir='ltr'><strong>injuriam,</strong></span> <span class='ocrx_word' id='word_1_199' title='bbox 1844 2749 1938 2795; x_wconf 90' lang='lat' dir='ltr'><strong>aut</strong></span> <span class='ocrx_word' id='word_1_200' title='bbox 1969 2743 2133 2797; x_wconf 88' lang='lat' dir='ltr'><strong>vitam</strong></span> 
     </span>
    </p>
   </div>
   <div class='ocr_carea' id='block_1_30' title="bbox 561 2830 2131 2900">
    <p class='ocr_par' dir='ltr' id='par_1_30' title="bbox 561 2830 2131 2900">
     <span class='ocr_line' id='line_1_30' title="bbox 561 2830 2131 2900; baseline -0.001 -12"><span class='ocrx_word' id='word_1_201' title='bbox 561 2833 794 2888; x_wconf 88' lang='lat' dir='ltr'><strong>dandam</strong></span> <span class='ocrx_word' id='word_1_202' title='bbox 815 2831 1072 2893; x_wconf 89' lang='lat' dir='ltr'><strong>ostendit,</strong></span> <span class='ocrx_word' id='word_1_203' title='bbox 1093 2836 1288 2899; x_wconf 70' lang='lat' dir='ltr'><strong>prmter</strong></span> <span class='ocrx_word' id='word_1_204' title='bbox 1303 2830 1535 2900; x_wconf 89' lang='lat' dir='ltr'><strong>speciem</strong></span> <span class='ocrx_word' id='word_1_205' title='bbox 1556 2845 1716 2898; x_wconf 89' lang='lat' dir='ltr'><strong>quam</strong></span> <span class='ocrx_word' id='word_1_206' title='bbox 1736 2832 1908 2886; x_wconf 89' lang='lat' dir='ltr'><strong>oculis</strong></span> <span class='ocrx_word' id='word_1_207' title='bbox 1923 2847 2131 2887; x_wconf 91' lang='lat' dir='ltr'><strong>eorum.</strong></span> 
     </span>
    </p>
   </div>
   <div class='ocr_carea' id='block_1_31' title="bbox 560 2921 2137 2995">
    <p class='ocr_par' dir='ltr' id='par_1_31' title="bbox 560 2921 2137 2995">
     <span class='ocr_line' id='line_1_31' title="bbox 560 2921 2137 2995; baseline 0 -17"><span class='ocrx_word' id='word_1_208' title='bbox 560 2925 655 2995; x_wconf 89' lang='lat' dir='ltr'><strong>qui</strong></span> <span class='ocrx_word' id='word_1_209' title='bbox 685 2924 843 2978; x_wconf 87' lang='lat' dir='ltr'><strong>facile</strong></span> <span class='ocrx_word' id='word_1_210' title='bbox 869 2923 1042 2992; x_wconf 88' lang='lat' dir='ltr'><strong>decipi</strong></span> <span class='ocrx_word' id='word_1_211' title='bbox 1067 2929 1336 2992; x_wconf 88' lang='lat' dir='ltr'><strong>poterant,</strong></span> <span class='ocrx_word' id='word_1_212' title='bbox 1369 2921 1652 2992; x_wconf 64' lang='lat' dir='ltr'><strong>prmstigize</strong></span> <span class='ocrx_word' id='word_1_213' title='bbox 1679 2921 1954 2990; x_wconf 81' lang='lat' dir='ltr'><strong>Magorum</strong></span> <span class='ocrx_word' id='word_1_214' title='bbox 1980 2925 2137 2978; x_wconf 75' lang='lat' dir='ltr'><strong>exhi-</strong></span> 
     </span>
    </p>
   </div>
   <div class='ocr_carea' id='block_1_32' title="bbox 562 3013 2137 3084">
    <p class='ocr_par' dir='ltr' id='par_1_32' title="bbox 562 3013 2137 3084">
     <span class='ocr_line' id='line_1_32' title="bbox 562 3013 2137 3084; baseline -0.002 -12"><span class='ocrx_word' id='word_1_215' title='bbox 562 3019 808 3072; x_wconf 89' lang='lat' dir='ltr'><strong>buerant.</strong></span> <span class='ocrx_word' id='word_1_216' title='bbox 837 3014 989 3070; x_wconf 88' lang='lat' dir='ltr'><strong>Tunc</strong></span> <span class='ocrx_word' id='word_1_217' title='bbox 1013 3015 1412 3068; x_wconf 82' lang='lat' dir='ltr'><strong>consentientes</strong></span> <span class='ocrx_word' id='word_1_218' title='bbox 1442 3021 1673 3084; x_wconf 86' lang='lat' dir='ltr'><strong>tyranno</strong></span> <span class='ocrx_word' id='word_1_219' title='bbox 1702 3013 1987 3084; x_wconf 61' lang='lat' dir='ltr'><strong>Egyptios</strong></span> <span class='ocrx_word' id='word_1_220' title='bbox 2020 3031 2137 3070; x_wconf 85' lang='lat' dir='ltr'><strong>om-</strong></span> 
     </span>
    </p>
   </div>
   <div class='ocr_carea' id='block_1_33' title="bbox 559 3101 2135 3176">
    <p class='ocr_par' dir='ltr' id='par_1_33' title="bbox 559 3101 2135 3176">
     <span class='ocr_line' id='line_1_33' title="bbox 559 3101 2135 3176; baseline 0.001 -17"><span class='ocrx_word' id='word_1_221' title='bbox 559 3120 659 3160; x_wconf 87' lang='lat' dir='ltr'><strong>nes</strong></span> <span class='ocrx_word' id='word_1_222' title='bbox 682 3120 805 3157; x_wconf 92' lang='lat' dir='ltr'><strong>cum</strong></span> <span class='ocrx_word' id='word_1_223' title='bbox 837 3102 1064 3158; x_wconf 85' lang='lat' dir='ltr'><strong>vidisset</strong></span> <span class='ocrx_word' id='word_1_224' title='bbox 1094 3101 1326 3172; x_wconf 86' lang='lat' dir='ltr'><strong>Moyses,</strong></span> <span class='ocrx_word' id='word_1_225' title='bbox 1358 3103 1412 3156; x_wconf 92' lang='lat' dir='ltr'><strong>in</strong></span> <span class='ocrx_word' id='word_1_226' title='bbox 1445 3105 1752 3158; x_wconf 88' lang='lat' dir='ltr'><strong>universam</strong></span> <span class='ocrx_word' id='word_1_227' title='bbox 1786 3120 1972 3158; x_wconf 92' lang='lat' dir='ltr'><strong>eorum</strong></span> <span class='ocrx_word' id='word_1_228' title='bbox 2003 3121 2135 3176; x_wconf 86' lang='lat' dir='ltr'><strong>gen-</strong></span> 
     </span>
    </p>
   </div>
   <div class='ocr_carea' id='block_1_34' title="bbox 559 3195 2136 3264">
    <p class='ocr_par' dir='ltr' id='par_1_34' title="bbox 559 3195 2136 3264">
     <span class='ocr_line' id='line_1_34' title="bbox 559 3195 2136 3264; baseline -0.001 -13"><span class='ocrx_word' id='word_1_229' title='bbox 559 3204 700 3259; x_wconf 88' lang='lat' dir='ltr'><strong>tem,</strong></span> <span class='ocrx_word' id='word_1_230' title='bbox 743 3195 958 3250; x_wconf 91' lang='lat' dir='ltr'><strong>nemine</strong></span> <span class='ocrx_word' id='word_1_231' title='bbox 1005 3195 1228 3248; x_wconf 91' lang='lat' dir='ltr'><strong>omnino</strong></span> <span class='ocrx_word' id='word_1_232' title='bbox 1261 3205 1521 3264; x_wconf 82' lang='lat' dir='ltr'><strong>exeepto,</strong></span> <span class='ocrx_word' id='word_1_233' title='bbox 1570 3195 1928 3250; x_wconf 87' lang='lat' dir='ltr'><strong>intolerabilia</strong></span> <span class='ocrx_word' id='word_1_234' title='bbox 1973 3197 2136 3252; x_wconf 89' lang='lat' dir='ltr'><strong>infert</strong></span> 
     </span>
    </p>
   </div>
   <div class='ocr_carea' id='block_1_35' title="bbox 560 3285 2136 3356">
    <p class='ocr_par' dir='ltr' id='par_1_35' title="bbox 560 3285 2136 3356">
     <span class='ocr_line' id='line_1_35' title="bbox 560 3285 2136 3356; baseline 0.001 -14"><span class='ocrx_word' id='word_1_235' title='bbox 560 3289 806 3343; x_wconf 85' lang='lat' dir='ltr'><strong>vulnera.</strong></span> <span class='ocrx_word' id='word_1_236' title='bbox 839 3285 1336 3342; x_wconf 86' lang='lat' dir='ltr'><strong>Commovebantur</strong></span> <span class='ocrx_word' id='word_1_237' title='bbox 1357 3286 1710 3355; x_wconf 82' lang='lat' dir='ltr'><strong>autemjussu</strong></span> <span class='ocrx_word' id='word_1_238' title='bbox 1731 3287 1852 3356; x_wconf 88' lang='lat' dir='ltr'><strong>ejus</strong></span> <span class='ocrx_word' id='word_1_239' title='bbox 1881 3288 1946 3342; x_wconf 87' lang='lat' dir='ltr'><strong>ad</strong></span> <span class='ocrx_word' id='word_1_240' title='bbox 1993 3289 2136 3344; x_wconf 88' lang='lat' dir='ltr'><strong>hunc</strong></span> 
     </span>
    </p>
   </div>
   <div class='ocr_carea' id='block_1_36' title="bbox 560 3377 2135 3450">
    <p class='ocr_par' dir='ltr' id='par_1_36' title="bbox 560 3377 2135 3450">
     <span class='ocr_line' id='line_1_36' title="bbox 560 3377 2135 3450; baseline 0 -15"><span class='ocrx_word' id='word_1_241' title='bbox 560 3381 615 3436; x_wconf 90' lang='lat' dir='ltr'><strong>in</strong></span> <span class='ocrx_word' id='word_1_242' title='bbox 647 3377 933 3450; x_wconf 63' lang='lat' dir='ltr'><strong>Egyptios</strong></span> <span class='ocrx_word' id='word_1_243' title='bbox 955 3377 1237 3446; x_wconf 86' lang='lat' dir='ltr'><strong>impetum,</strong></span> <span class='ocrx_word' id='word_1_244' title='bbox 1263 3384 1519 3446; x_wconf 86' lang='lat' dir='ltr'><strong>tanquam</strong></span> <span class='ocrx_word' id='word_1_245' title='bbox 1553 3379 1827 3434; x_wconf 83' lang='lat' dir='ltr'><strong>exercitus</strong></span> <span class='ocrx_word' id='word_1_246' title='bbox 1855 3380 2135 3445; x_wconf 88' lang='lat' dir='ltr'><strong>obediens,</strong></span> 
     </span>
    </p>
   </div>
   <div class='ocr_carea' id='block_1_37' title="bbox 560 3466 2134 3537">
    <p class='ocr_par' dir='ltr' id='par_1_37' title="bbox 560 3466 2134 3537">
     <span class='ocr_line' id='line_1_37' title="bbox 560 3466 2134 3537; baseline -0.001 -10"><span class='ocrx_word' id='word_1_247' title='bbox 560 3471 824 3527; x_wconf 91' lang='lat' dir='ltr'><strong>elementa</strong></span> <span class='ocrx_word' id='word_1_248' title='bbox 855 3468 992 3537; x_wconf 89' lang='lat' dir='ltr'><strong>ipsa,</strong></span> <span class='ocrx_word' id='word_1_249' title='bbox 1018 3481 1138 3536; x_wconf 64' lang='lat' dir='ltr'><strong>quae</strong></span> <span class='ocrx_word' id='word_1_250' title='bbox 1171 3467 1222 3520; x_wconf 91' lang='lat' dir='ltr'><strong>in</strong></span> <span class='ocrx_word' id='word_1_251' title='bbox 1255 3466 1356 3520; x_wconf 84' lang='lat' dir='ltr'><strong>hoc</strong></span> <span class='ocrx_word' id='word_1_252' title='bbox 1382 3468 1636 3521; x_wconf 84' lang='lat' dir='ltr'><strong>universo</strong></span> <span class='ocrx_word' id='word_1_253' title='bbox 1651 3477 1970 3533; x_wconf 90' lang='lat' dir='ltr'><strong>cernuntur,</strong></span> <span class='ocrx_word' id='word_1_254' title='bbox 1991 3480 2134 3525; x_wconf 88' lang='lat' dir='ltr'><strong>terra</strong></span> 
     </span>
    </p>
   </div>
   <div class='ocr_carea' id='block_1_38' title="bbox 559 3557 2132 3630">
    <p class='ocr_par' dir='ltr' id='par_1_38' title="bbox 559 3557 2132 3630">
     <span class='ocr_line' id='line_1_38' title="bbox 559 3557 2132 3630; baseline 0.003 -16"><span class='ocrx_word' id='word_1_255' title='bbox 559 3560 791 3618; x_wconf 87' lang='lat' dir='ltr'><strong>scilicet,</strong></span> <span class='ocrx_word' id='word_1_256' title='bbox 823 3557 985 3627; x_wconf 83' lang='lat' dir='ltr'><strong>ignis,</strong></span> <span class='ocrx_word' id='word_1_257' title='bbox 1017 3572 1131 3618; x_wconf 88' lang='lat' dir='ltr'><strong>aer,</strong></span> <span class='ocrx_word' id='word_1_258' title='bbox 1163 3572 1324 3626; x_wconf 89' lang='lat' dir='ltr'><strong>aqua,</strong></span> <span class='ocrx_word' id='word_1_259' title='bbox 1370 3557 1436 3611; x_wconf 91' lang='lat' dir='ltr'><strong>ad</strong></span> <span class='ocrx_word' id='word_1_260' title='bbox 1475 3558 1754 3613; x_wconf 85' lang='lat' dir='ltr'><strong>hominum</strong></span> <span class='ocrx_word' id='word_1_261' title='bbox 1798 3563 2132 3630; x_wconf 85' lang='lat' dir='ltr'><strong>propositum</strong></span> 
     </span>
    </p>
   </div>
   <div class='ocr_carea' id='block_1_39' title="bbox 560 3647 1426 3706">
    <p class='ocr_par' dir='ltr' id='par_1_39' title="bbox 560 3647 1426 3706">
     <span class='ocr_line' id='line_1_39' title="bbox 560 3647 1426 3706; baseline -0.006 0"><span class='ocrx_word' id='word_1_262' title='bbox 560 3650 804 3706; x_wconf 89' lang='lat' dir='ltr'><strong>actiones</strong></span> <span class='ocrx_word' id='word_1_263' title='bbox 835 3661 965 3704; x_wconf 90' lang='lat' dir='ltr'><strong>suas</strong></span> <span class='ocrx_word' id='word_1_264' title='bbox 999 3647 1426 3701; x_wconf 87' lang='lat' dir='ltr'><strong>commutabant.</strong></span> 
     </span>
    </p>
   </div>
   <div class='ocr_carea' id='block_1_40' title="bbox 2248 632 3783 708">
    <p class='ocr_par' dir='ltr' id='par_1_40' title="bbox 2248 632 3783 708">
     <span class='ocr_line' id='line_1_40' title="bbox 2248 632 3783 708; baseline -0.002 -15"><span class='ocrx_word' id='word_1_265' title='bbox 2248 639 2414 693; x_wconf 92' lang='grc' dir='ltr'>σοῦσα</span> <span class='ocrx_word' id='word_1_266' title='bbox 2440 638 2541 708; x_wconf 81' lang='grc' dir='ltr'><strong>τῆς</strong></span> <span class='ocrx_word' id='word_1_267' title='bbox 2565 635 2763 707; x_wconf 73' lang='grc' dir='ltr'>χειρὸς.</span> <span class='ocrx_word' id='word_1_268' title='bbox 2805 633 3078 705; x_wconf 85' lang='grc' dir='ltr'>ἐψυχὼθη.</span> <span class='ocrx_word' id='word_1_269' title='bbox 3116 635 3208 686; x_wconf 71' lang='grc' dir='ltr'><strong>καὶ</strong></span> <span class='ocrx_word' id='word_1_270' title='bbox 3237 632 3373 697; x_wconf 82' lang='grc' dir='ltr'>ζῶον</span> <span class='ocrx_word' id='word_1_271' title='bbox 3413 633 3615 702; x_wconf 81' lang='grc' dir='ltr'>ἐγένετο</span> <span class='ocrx_word' id='word_1_272' title='bbox 3654 637 3783 705; x_wconf 72' lang='grc' dir='ltr'>(δράρ</span> 
     </span>
    </p>
   </div>
   <div class='ocr_carea' id='block_1_41' title="bbox 2245 725 3784 800">
    <p class='ocr_par' dir='ltr' id='par_1_41' title="bbox 2245 725 3784 800">
     <span class='ocr_line' id='line_1_41' title="bbox 2245 725 3784 800; baseline -0.003 -15"><span class='ocrx_word' id='word_1_273' title='bbox 2245 748 2356 785; x_wconf 89' lang='grc' dir='ltr'><strong>κων</strong></span> <span class='ocrx_word' id='word_1_274' title='bbox 2393 733 2450 784; x_wconf 88' lang='grc' dir='ltr'><strong>δέ</strong></span> <span class='ocrx_word' id='word_1_275' title='bbox 2477 731 2538 784; x_wconf 81' lang='grc' dir='ltr'>τὸ</span> <span class='ocrx_word' id='word_1_276' title='bbox 2566 729 2704 793; x_wconf 80' lang='grc' dir='ltr'>ζῶον</span> <span class='ocrx_word' id='word_1_277' title='bbox 2739 725 2830 800; x_wconf 80' lang='grc' dir='ltr'><strong>ἦν)</strong></span> <span class='ocrx_word' id='word_1_278' title='bbox 2851 746 2868 762; x_wconf 76' lang='grc' dir='ltr'><strong>ο</strong></span> <span class='ocrx_word' id='word_1_279' title='bbox 2903 729 2996 782; x_wconf 68' lang='grc' dir='ltr'>καὶ</span> <span class='ocrx_word' id='word_1_280' title='bbox 3034 726 3192 782; x_wconf 88' lang='grc' dir='ltr'>πάλιν</span> <span class='ocrx_word' id='word_1_281' title='bbox 3219 725 3324 778; x_wconf 80' lang='grc' dir='ltr'>ὑπὸ</span> <span class='ocrx_word' id='word_1_282' title='bbox 3358 725 3456 795; x_wconf 81' lang='grc' dir='ltr'>τῆς</span> <span class='ocrx_word' id='word_1_283' title='bbox 3482 725 3648 796; x_wconf 74' lang='grc' dir='ltr'>χειρὸς</span> <span class='ocrx_word' id='word_1_284' title='bbox 3672 729 3784 782; x_wconf 83' lang='grc' dir='ltr'>ἀνα-</span> 
     </span>
    </p>
   </div>
   <div class='ocr_carea' id='block_1_42' title="bbox 2244 817 3782 895">
    <p class='ocr_par' dir='ltr' id='par_1_42' title="bbox 2244 817 3782 895">
     <span class='ocr_line' id='line_1_42' title="bbox 2244 817 3782 895; baseline -0.003 -19"><span class='ocrx_word' id='word_1_285' title='bbox 2244 823 2525 895; x_wconf 82' lang='grc' dir='ltr'>ληφθεῖσα,</span> <span class='ocrx_word' id='word_1_286' title='bbox 2551 824 2687 893; x_wconf 82' lang='grc' dir='ltr'>ὅπερ</span> <span class='ocrx_word' id='word_1_287' title='bbox 2711 817 2778 893; x_wconf 76' lang='grc' dir='ltr'>ἦν</span> <span class='ocrx_word' id='word_1_288' title='bbox 2816 821 2923 892; x_wconf 83' lang='grc' dir='ltr'><strong>πρὸ</strong></span> <span class='ocrx_word' id='word_1_289' title='bbox 2981 821 3078 890; x_wconf 82' lang='grc' dir='ltr'>τῆς</span> <span class='ocrx_word' id='word_1_290' title='bbox 3122 817 3454 888; x_wconf 82' lang='grc' dir='ltr'>θηριώσεως.</span> <span class='ocrx_word' id='word_1_291' title='bbox 3487 819 3649 872; x_wconf 82' lang='grc' dir='ltr'>ἐκεῖνο</span> <span class='ocrx_word' id='word_1_292' title='bbox 3680 819 3782 888; x_wconf 75' lang='grc' dir='ltr'>ἐγέ-</span> 
     </span>
    </p>
   </div>
   <div class='ocr_carea' id='block_1_43' title="bbox 2244 907 3783 983">
    <p class='ocr_par' dir='ltr' id='par_1_43' title="bbox 2244 907 3783 983">
     <span class='ocr_line' id='line_1_43' title="bbox 2244 907 3783 983; baseline -0.004 -15"><span class='ocrx_word' id='word_1_293' title='bbox 2244 931 2385 968; x_wconf 91' lang='grc' dir='ltr'>νετο.</span> <span class='ocrx_word' id='word_1_294' title='bbox 2419 914 2527 968; x_wconf 74' lang='grc' dir='ltr'><strong>Καὶ</strong></span> <span class='ocrx_word' id='word_1_295' title='bbox 2580 917 2611 983; x_wconf 79' lang='grc' dir='ltr'>ἡ</span> <span class='ocrx_word' id='word_1_296' title='bbox 2644 914 2741 983; x_wconf 80' lang='grc' dir='ltr'><strong>τῆς</strong></span> <span class='ocrx_word' id='word_1_297' title='bbox 2771 913 2950 983; x_wconf 81' lang='grc' dir='ltr'>χειρὸς</span> <span class='ocrx_word' id='word_1_298' title='bbox 2986 911 3296 979; x_wconf 88' lang='grc' dir='ltr'>ἐπιφάνεια,</span> <span class='ocrx_word' id='word_1_299' title='bbox 3330 907 3424 961; x_wconf 89' lang='grc' dir='ltr'><strong>νῦν</strong></span> <span class='ocrx_word' id='word_1_300' title='bbox 3449 909 3542 978; x_wconf 81' lang='grc' dir='ltr'><strong>μὲν</strong></span> <span class='ocrx_word' id='word_1_301' title='bbox 3573 910 3783 981; x_wconf 81' lang='grc' dir='ltr'>προϐλη-</span> 
     </span>
    </p>
   </div>
   <div class='ocr_carea' id='block_1_44' title="bbox 2245 1005 3781 1080">
    <p class='ocr_par' dir='ltr' id='par_1_44' title="bbox 2245 1005 3781 1080">
     <span class='ocr_line' id='line_1_44' title="bbox 2245 1005 3781 1080; baseline -0.005 -12"><span class='ocrx_word' id='word_1_302' title='bbox 2245 1015 2398 1068; x_wconf 82' lang='grc' dir='ltr'>θεῖσα</span> <span class='ocrx_word' id='word_1_303' title='bbox 2426 1015 2519 1066; x_wconf 78' lang='grc' dir='ltr'><strong>τοῦ</strong></span> <span class='ocrx_word' id='word_1_304' title='bbox 2551 1013 2772 1072; x_wconf 89' lang='grc' dir='ltr'>κόλπου,</span> <span class='ocrx_word' id='word_1_305' title='bbox 2805 1012 2884 1073; x_wconf 86' lang='grc' dir='ltr'><strong>είς</strong></span> <span class='ocrx_word' id='word_1_306' title='bbox 2906 1010 3082 1080; x_wconf 87' lang='grc' dir='ltr'>χιόνος</span> <span class='ocrx_word' id='word_1_307' title='bbox 3122 1006 3448 1078; x_wconf 78' lang='grc' dir='ltr'>μετεποιήθη</span> <span class='ocrx_word' id='word_1_308' title='bbox 3479 1005 3781 1078; x_wconf 78' lang='grc' dir='ltr'>λευκότητα,</span> 
     </span>
    </p>
   </div>
   <div class='ocr_carea' id='block_1_45' title="bbox 2245 1095 3788 1166">
    <p class='ocr_par' dir='ltr' id='par_1_45' title="bbox 2245 1095 3788 1166">
     <span class='ocr_line' id='line_1_45' title="bbox 2245 1095 3788 1166; baseline -0.005 -9"><span class='ocrx_word' id='word_1_309' title='bbox 2245 1103 2406 1157; x_wconf 85' lang='grc' dir='ltr'>πάλιν</span> <span class='ocrx_word' id='word_1_310' title='bbox 2423 1103 2480 1156; x_wconf 80' lang='grc' dir='ltr'>δὲ</span> <span class='ocrx_word' id='word_1_311' title='bbox 2501 1102 2631 1154; x_wconf 74' lang='grc' dir='ltr'>εἵσω</span> <span class='ocrx_word' id='word_1_312' title='bbox 2655 1099 2747 1152; x_wconf 86' lang='grc' dir='ltr'><strong>τοῦ</strong></span> <span class='ocrx_word' id='word_1_313' title='bbox 2771 1099 2934 1152; x_wconf 78' lang='grc' dir='ltr'>αὑτοῦ</span> <span class='ocrx_word' id='word_1_314' title='bbox 2955 1097 3238 1166; x_wconf 85' lang='grc' dir='ltr'>γενομένη,</span> <span class='ocrx_word' id='word_1_315' title='bbox 3265 1097 3356 1147; x_wconf 66' lang='grc' dir='ltr'><strong>ἐπὶ</strong></span> <span class='ocrx_word' id='word_1_316' title='bbox 3380 1095 3474 1165; x_wconf 77' lang='grc' dir='ltr'><strong>τὴν</strong></span> <span class='ocrx_word' id='word_1_317' title='bbox 3500 1095 3624 1148; x_wconf 88' lang='grc' dir='ltr'>ίδίαν</span> <span class='ocrx_word' id='word_1_318' title='bbox 3644 1099 3788 1150; x_wconf 85' lang='grc' dir='ltr'>ἐπαν-</span> 
     </span>
    </p>
   </div>
   <div class='ocr_carea' id='block_1_46' title="bbox 2244 1183 3786 1267">
    <p class='ocr_par' dir='ltr' id='par_1_46' title="bbox 2244 1183 3786 1267">
     <span class='ocr_line' id='line_1_46' title="bbox 2244 1183 3786 1267; baseline -0.008 -19"><span class='ocrx_word' id='word_1_319' title='bbox 2244 1196 2460 1267; x_wconf 80' lang='grc' dir='ltr'>έρχεται</span> <span class='ocrx_word' id='word_1_320' title='bbox 2485 1192 2664 1262; x_wconf 87' lang='grc' dir='ltr'>φύσιν.</span> <span class='ocrx_word' id='word_1_321' title='bbox 2689 1190 2981 1252; x_wconf 87' lang='grc' dir='ltr'>Κατιόντος</span> <span class='ocrx_word' id='word_1_322' title='bbox 3003 1187 3058 1240; x_wconf 82' lang='grc' dir='ltr'>δὲ</span> <span class='ocrx_word' id='word_1_323' title='bbox 3077 1185 3166 1240; x_wconf 89' lang='grc' dir='ltr'><strong>τοῦ</strong></span> <span class='ocrx_word' id='word_1_324' title='bbox 3187 1185 3427 1248; x_wconf 79' lang='grc' dir='ltr'><strong>Μωσέως</strong></span> <span class='ocrx_word' id='word_1_325' title='bbox 3442 1185 3528 1237; x_wconf 68' lang='grc' dir='ltr'><strong>ἐπὶ</strong></span> <span class='ocrx_word' id='word_1_326' title='bbox 3541 1183 3634 1254; x_wconf 82' lang='grc' dir='ltr'>τὴν</span> <span class='ocrx_word' id='word_1_327' title='bbox 3644 1186 3786 1252; x_wconf 78' lang='grc' dir='ltr'>Δίγυ-</span> 
     </span>
    </p>
   </div>
   <div class='ocr_carea' id='block_1_47' title="bbox 2243 1274 3788 1352">
    <p class='ocr_par' dir='ltr' id='par_1_47' title="bbox 2243 1274 3788 1352">
     <span class='ocr_line' id='line_1_47' title="bbox 2243 1274 3788 1352; baseline -0.008 -13"><span class='ocrx_word' id='word_1_328' title='bbox 2243 1303 2396 1348; x_wconf 83' lang='grc' dir='ltr'>πτον,</span> <span class='ocrx_word' id='word_1_329' title='bbox 2427 1284 2522 1338; x_wconf 76' lang='grc' dir='ltr'><strong>καὶ</strong></span> <span class='ocrx_word' id='word_1_330' title='bbox 2548 1281 2984 1352; x_wconf 85' lang='grc' dir='ltr'>συνεπαγομένου</span> <span class='ocrx_word' id='word_1_331' title='bbox 2997 1278 3091 1350; x_wconf 78' lang='grc' dir='ltr'>τὴν</span> <span class='ocrx_word' id='word_1_332' title='bbox 3113 1277 3355 1348; x_wconf 85' lang='grc' dir='ltr'>γαμετὴν</span> <span class='ocrx_word' id='word_1_333' title='bbox 3380 1276 3476 1345; x_wconf 81' lang='grc' dir='ltr'><strong>τὴν</strong></span> <span class='ocrx_word' id='word_1_334' title='bbox 3498 1274 3788 1342; x_wconf 74' lang='grc' dir='ltr'>ἀλλόφυλον,</span> 
     </span>
    </p>
   </div>
   <div class='ocr_carea' id='block_1_48' title="bbox 2243 1367 3787 1445">
    <p class='ocr_par' dir='ltr' id='par_1_48' title="bbox 2243 1367 3787 1445">
     <span class='ocr_line' id='line_1_48' title="bbox 2243 1367 3787 1445; baseline -0.006 -15"><span class='ocrx_word' id='word_1_335' title='bbox 2243 1379 2335 1430; x_wconf 74' lang='grc' dir='ltr'><strong>καὶ</strong></span> <span class='ocrx_word' id='word_1_336' title='bbox 2361 1378 2485 1439; x_wconf 78' lang='grc' dir='ltr'>τοὺς</span> <span class='ocrx_word' id='word_1_337' title='bbox 2512 1377 2606 1428; x_wconf 83' lang='grc' dir='ltr'>ἀπ’</span> <span class='ocrx_word' id='word_1_338' title='bbox 2639 1373 2854 1445; x_wconf 87' lang='grc' dir='ltr'>ἐκείνης</span> <span class='ocrx_word' id='word_1_339' title='bbox 2888 1371 3036 1441; x_wconf 83' lang='grc' dir='ltr'>αὐτῷ</span> <span class='ocrx_word' id='word_1_340' title='bbox 3063 1368 3353 1439; x_wconf 71' lang='grc' dir='ltr'><strong>γεγονότας</strong></span> <span class='ocrx_word' id='word_1_341' title='bbox 3384 1367 3590 1430; x_wconf 80' lang='grc' dir='ltr'>παῖδας,</span> <span class='ocrx_word' id='word_1_342' title='bbox 3609 1369 3690 1420; x_wconf 81' lang='grc' dir='ltr'>ὅτε</span> <span class='ocrx_word' id='word_1_343' title='bbox 3714 1385 3787 1426; x_wconf 83' lang='grc' dir='ltr'><strong>τις</strong></span> 
     </span>
    </p>
   </div>
   <div class='ocr_carea' id='block_1_49' title="bbox 2243 1456 3790 1535">
    <p class='ocr_par' dir='ltr' id='par_1_49' title="bbox 2243 1456 3790 1535">
     <span class='ocr_line' id='line_1_49' title="bbox 2243 1456 3790 1535; baseline -0.008 -14"><span class='ocrx_word' id='word_1_344' title='bbox 2243 1469 2339 1521; x_wconf 73' lang='grc' dir='ltr'><strong>καὶ</strong></span> <span class='ocrx_word' id='word_1_345' title='bbox 2367 1467 2596 1535; x_wconf 79' lang='grc' dir='ltr'>ἄγγελος</span> <span class='ocrx_word' id='word_1_346' title='bbox 2623 1464 2770 1534; x_wconf 80' lang='grc' dir='ltr'>αὐτῷ</span> <span class='ocrx_word' id='word_1_347' title='bbox 2798 1460 3126 1530; x_wconf 80' lang='grc' dir='ltr'><strong>συναντῆσαι</strong></span> <span class='ocrx_word' id='word_1_348' title='bbox 3170 1458 3406 1527; x_wconf 85' lang='grc' dir='ltr'>λέγεται,</span> <span class='ocrx_word' id='word_1_349' title='bbox 3445 1457 3533 1509; x_wconf 77' lang='grc' dir='ltr'><strong>τὸν</strong></span> <span class='ocrx_word' id='word_1_350' title='bbox 3555 1456 3675 1526; x_wconf 59' lang='grc' dir='ltr'><strong>περ)⁵</strong></span> <span class='ocrx_word' id='word_1_351' title='bbox 3707 1457 3790 1509; x_wconf 88' lang='grc' dir='ltr'><strong>τοῦ</strong></span> 
     </span>
    </p>
   </div>
   <div class='ocr_carea' id='block_1_50' title="bbox 2243 1545 3790 1625">
    <p class='ocr_par' dir='ltr' id='par_1_50' title="bbox 2243 1545 3790 1625">
     <span class='ocr_line' id='line_1_50' title="bbox 2243 1545 3790 1625; baseline -0.006 -15"><span class='ocrx_word' id='word_1_352' title='bbox 2243 1558 2472 1612; x_wconf 86' lang='grc' dir='ltr'>θανάτου</span> <span class='ocrx_word' id='word_1_353' title='bbox 2520 1555 2682 1625; x_wconf 84' lang='grc' dir='ltr'>φόϐον</span> <span class='ocrx_word' id='word_1_354' title='bbox 2743 1554 2984 1621; x_wconf 80' lang='grc' dir='ltr'>ἐπάγων,</span> <span class='ocrx_word' id='word_1_355' title='bbox 3039 1551 3100 1604; x_wconf 81' lang='grc' dir='ltr'>ὃν</span> <span class='ocrx_word' id='word_1_356' title='bbox 3138 1551 3172 1620; x_wconf 83' lang='grc' dir='ltr'><strong>ἡ</strong></span> <span class='ocrx_word' id='word_1_357' title='bbox 3229 1547 3366 1618; x_wconf 85' lang='grc' dir='ltr'>γυνὴ</span> <span class='ocrx_word' id='word_1_358' title='bbox 3395 1545 3474 1616; x_wconf 80' lang='grc' dir='ltr'><strong>τῷ</strong></span> <span class='ocrx_word' id='word_1_359' title='bbox 3497 1546 3678 1616; x_wconf 81' lang='grc' dir='ltr'>αἵματι</span> <span class='ocrx_word' id='word_1_360' title='bbox 3705 1547 3790 1616; x_wconf 86' lang='grc' dir='ltr'><strong>τῆς</strong></span> 
     </span>
    </p>
   </div>
   <div class='ocr_carea' id='block_1_51' title="bbox 2242 1636 3794 1719">
    <p class='ocr_par' dir='ltr' id='par_1_51' title="bbox 2242 1636 3794 1719">
     <span class='ocr_line' id='line_1_51' title="bbox 2242 1636 3794 1719; baseline -0.01 -16"><span class='ocrx_word' id='word_1_361' title='bbox 2242 1649 2540 1719; x_wconf 81' lang='grc' dir='ltr'><strong>περιτομῆς</strong></span> <span class='ocrx_word' id='word_1_362' title='bbox 2569 1645 2663 1700; x_wconf 88' lang='grc' dir='ltr'><strong>τοῦ</strong></span> <span class='ocrx_word' id='word_1_363' title='bbox 2693 1645 2881 1706; x_wconf 79' lang='grc' dir='ltr'>παιδὸς</span> <span class='ocrx_word' id='word_1_364' title='bbox 2905 1643 3162 1695; x_wconf 79' lang='grc' dir='ltr'>ἱλεώσατο</span> <span class='ocrx_word' id='word_1_365' title='bbox 3185 1656 3198 1670; x_wconf 89' lang='grc'><strong>·</strong></span> <span class='ocrx_word' id='word_1_366' title='bbox 3228 1640 3351 1692; x_wconf 85' lang='grc' dir='ltr'>τότε</span> <span class='ocrx_word' id='word_1_367' title='bbox 3385 1637 3639 1706; x_wconf 78' lang='grc' dir='ltr'>συντυχία</span> <span class='ocrx_word' id='word_1_368' title='bbox 3662 1636 3794 1706; x_wconf 83' lang='grc' dir='ltr'>γίνε-</span> 
     </span>
    </p>
   </div>
   <div class='ocr_carea' id='block_1_52' title="bbox 2240 1727 3790 1806">
    <p class='ocr_par' dir='ltr' id='par_1_52' title="bbox 2240 1727 3790 1806">
     <span class='ocr_line' id='line_1_52' title="bbox 2240 1727 3790 1806; baseline -0.01 -13"><span class='ocrx_word' id='word_1_369' title='bbox 2240 1759 2328 1794; x_wconf 86' lang='grc' dir='ltr'><strong>ται</strong></span> <span class='ocrx_word' id='word_1_370' title='bbox 2346 1738 2437 1793; x_wconf 85' lang='grc' dir='ltr'><strong>τοῦ</strong></span> <span class='ocrx_word' id='word_1_371' title='bbox 2453 1736 2784 1806; x_wconf 71' lang='grc' dir='ltr'>’Δαρὼν,καὶ</span> <span class='ocrx_word' id='word_1_372' title='bbox 2795 1733 2958 1787; x_wconf 82' lang='grc' dir='ltr'>αὐτοῦ</span> <span class='ocrx_word' id='word_1_373' title='bbox 2986 1731 3168 1786; x_wconf 78' lang='grc' dir='ltr'>θεόθεν</span> <span class='ocrx_word' id='word_1_374' title='bbox 3197 1728 3637 1800; x_wconf 82' lang='grc' dir='ltr'>παρορμηθέντος</span> <span class='ocrx_word' id='word_1_375' title='bbox 3673 1727 3790 1796; x_wconf 76' lang='grc' dir='ltr'>πρὸς</span> 
     </span>
    </p>
   </div>
   <div class='ocr_carea' id='block_1_53' title="bbox 2241 1819 3796 1902">
    <p class='ocr_par' dir='ltr' id='par_1_53' title="bbox 2241 1819 3796 1902">
     <span class='ocr_line' id='line_1_53' title="bbox 2241 1819 3796 1902; baseline -0.01 -18"><span class='ocrx_word' id='word_1_376' title='bbox 2241 1831 2338 1902; x_wconf 83' lang='grc' dir='ltr'><strong>τὴν</strong></span> <span class='ocrx_word' id='word_1_377' title='bbox 2367 1829 2708 1898; x_wconf 80' lang='grc' dir='ltr'>συνάντησιν.</span> <span class='ocrx_word' id='word_1_378' title='bbox 2754 1822 2888 1881; x_wconf 77' lang='grc' dir='ltr'>Εἶτα</span> <span class='ocrx_word' id='word_1_379' title='bbox 2921 1824 3050 1896; x_wconf 84' lang='grc' dir='ltr'>παρ’</span> <span class='ocrx_word' id='word_1_380' title='bbox 3081 1822 3411 1892; x_wconf 81' lang='grc' dir='ltr'><strong>ἀμφοτέρων</strong></span> <span class='ocrx_word' id='word_1_381' title='bbox 3433 1822 3532 1873; x_wconf 77' lang='grc' dir='ltr'><strong>ὁὲν</strong></span> <span class='ocrx_word' id='word_1_382' title='bbox 3561 1819 3796 1888; x_wconf 78' lang='grc' dir='ltr'>Αἰγύπτῳ</span> 
     </span>
    </p>
   </div>
   <div class='ocr_carea' id='block_1_54' title="bbox 2241 1910 3794 1987">
    <p class='ocr_par' dir='ltr' id='par_1_54' title="bbox 2241 1910 3794 1987">
     <span class='ocr_line' id='line_1_54' title="bbox 2241 1910 3794 1987; baseline -0.008 -12"><span class='ocrx_word' id='word_1_383' title='bbox 2241 1923 2368 1985; x_wconf 78' lang='grc' dir='ltr'>λαὸς</span> <span class='ocrx_word' id='word_1_384' title='bbox 2433 1923 2512 1983; x_wconf 88' lang='grc' dir='ltr'>εἰς</span> <span class='ocrx_word' id='word_1_385' title='bbox 2545 1918 2838 1987; x_wconf 75' lang='grc' dir='ltr'>ἐκκλησίαν</span> <span class='ocrx_word' id='word_1_386' title='bbox 2871 1916 3055 1986; x_wconf 86' lang='grc' dir='ltr'>κοινὴν</span> <span class='ocrx_word' id='word_1_387' title='bbox 3093 1913 3497 1983; x_wconf 79' lang='grc' dir='ltr'>συναγείρεται,</span> <span class='ocrx_word' id='word_1_388' title='bbox 3545 1911 3632 1964; x_wconf 78' lang='grc' dir='ltr'>καὶ</span> <span class='ocrx_word' id='word_1_389' title='bbox 3655 1911 3686 1979; x_wconf 80' lang='grc' dir='ltr'>ἡ</span> <span class='ocrx_word' id='word_1_390' title='bbox 3710 1910 3794 1979; x_wconf 82' lang='grc' dir='ltr'>τῆς</span> 
     </span>
    </p>
   </div>
   <div class='ocr_carea' id='block_1_55' title="bbox 2241 2002 3798 2079">
    <p class='ocr_par' dir='ltr' id='par_1_55' title="bbox 2241 2002 3798 2079">
     <span class='ocr_line' id='line_1_55' title="bbox 2241 2002 3798 2079; baseline -0.01 -12"><span class='ocrx_word' id='word_1_391' title='bbox 2241 2013 2482 2072; x_wconf 78' lang='grc' dir='ltr'><strong>δουλείας</strong></span> <span class='ocrx_word' id='word_1_392' title='bbox 2511 2008 2800 2079; x_wconf 80' lang='grc' dir='ltr'>ἀπαλλαγὴ</span> <span class='ocrx_word' id='word_1_393' title='bbox 2851 2011 2966 2070; x_wconf 89' lang='grc' dir='ltr'>τοῖς</span> <span class='ocrx_word' id='word_1_394' title='bbox 3007 2005 3375 2076; x_wconf 87' lang='grc' dir='ltr'>πεπονηκόσιν</span> <span class='ocrx_word' id='word_1_395' title='bbox 3428 2002 3528 2072; x_wconf 69' lang='grc' dir='ltr'>ἠδη</span> <span class='ocrx_word' id='word_1_396' title='bbox 3560 2003 3624 2071; x_wconf 74' lang='grc' dir='ltr'>τῇ</span> <span class='ocrx_word' id='word_1_397' title='bbox 3659 2017 3798 2053; x_wconf 83' lang='grc' dir='ltr'>κακο-</span> 
     </span>
    </p>
   </div>
   <div class='ocr_carea' id='block_1_56' title="bbox 2241 2093 3798 2176">
    <p class='ocr_par' dir='ltr' id='par_1_56' title="bbox 2241 2093 3798 2176">
     <span class='ocr_line' id='line_1_56' title="bbox 2241 2093 3798 2176; baseline -0.009 -17"><span class='ocrx_word' id='word_1_398' title='bbox 2241 2105 2441 2176; x_wconf 79' lang='grc' dir='ltr'>παθείᾳ</span> <span class='ocrx_word' id='word_1_399' title='bbox 2451 2104 2558 2157; x_wconf 85' lang='grc' dir='ltr'><strong>τῶν</strong></span> <span class='ocrx_word' id='word_1_400' title='bbox 2573 2103 2747 2175; x_wconf 74' lang='grc' dir='ltr'>ἔργων</span> <span class='ocrx_word' id='word_1_401' title='bbox 2775 2098 3244 2172; x_wconf 85' lang='grc' dir='ltr'>περιαγγέλλεται,</span> <span class='ocrx_word' id='word_1_402' title='bbox 3268 2096 3363 2150; x_wconf 76' lang='grc' dir='ltr'><strong>καὶ</strong></span> <span class='ocrx_word' id='word_1_403' title='bbox 3386 2093 3526 2165; x_wconf 82' lang='grc' dir='ltr'>πρὸς</span> <span class='ocrx_word' id='word_1_404' title='bbox 3543 2093 3695 2148; x_wconf 80' lang='grc' dir='ltr'>αὑτὸν</span> <span class='ocrx_word' id='word_1_405' title='bbox 3719 2093 3798 2146; x_wconf 82' lang='grc' dir='ltr'><strong>τὸν</strong></span> 
     </span>
    </p>
   </div>
   <div class='ocr_carea' id='block_1_57' title="bbox 2239 2186 3798 2265">
    <p class='ocr_par' dir='ltr' id='par_1_57' title="bbox 2239 2186 3798 2265">
     <span class='ocr_line' id='line_1_57' title="bbox 2239 2186 3798 2265; baseline -0.008 -15"><span class='ocrx_word' id='word_1_406' title='bbox 2239 2198 2496 2265; x_wconf 85' lang='grc' dir='ltr'>τύραννον</span> <span class='ocrx_word' id='word_1_407' title='bbox 2519 2198 2546 2250; x_wconf 91' lang='grc' dir='ltr'><strong>ό</strong></span> <span class='ocrx_word' id='word_1_408' title='bbox 2569 2195 2719 2264; x_wconf 80' lang='grc' dir='ltr'>παρὰ</span> <span class='ocrx_word' id='word_1_409' title='bbox 2747 2191 2937 2246; x_wconf 90' lang='grc' dir='ltr'>τούτου</span> <span class='ocrx_word' id='word_1_410' title='bbox 2976 2191 3187 2259; x_wconf 91' lang='grc' dir='ltr'>γίνεται</span> <span class='ocrx_word' id='word_1_411' title='bbox 3214 2189 3390 2257; x_wconf 88' lang='grc' dir='ltr'>λόγος.</span> <span class='ocrx_word' id='word_1_412' title='bbox 3429 2186 3798 2256; x_wconf 78' lang='grc' dir='ltr'>Ἀγανόικτησις</span> 
     </span>
    </p>
   </div>
   <div class='ocr_carea' id='block_1_58' title="bbox 2240 2279 3800 2357">
    <p class='ocr_par' dir='ltr' id='par_1_58' title="bbox 2240 2279 3800 2357">
     <span class='ocr_line' id='line_1_58' title="bbox 2240 2279 3800 2357; baseline -0.007 -15"><span class='ocrx_word' id='word_1_413' title='bbox 2240 2291 2333 2342; x_wconf 73' lang='grc' dir='ltr'>ἐπὶ</span> <span class='ocrx_word' id='word_1_414' title='bbox 2365 2285 2678 2352; x_wconf 84' lang='grc' dir='ltr'>τούτοιςτοῦ</span> <span class='ocrx_word' id='word_1_415' title='bbox 2693 2285 2980 2357; x_wconf 78' lang='grc' dir='ltr'>τυράννου,</span> <span class='ocrx_word' id='word_1_416' title='bbox 2997 2284 3139 2338; x_wconf 86' lang='grc' dir='ltr'>κατά</span> <span class='ocrx_word' id='word_1_417' title='bbox 3169 2300 3229 2336; x_wconf 90' lang='grc' dir='ltr'><strong>τε</strong></span> <span class='ocrx_word' id='word_1_418' title='bbox 3261 2282 3371 2335; x_wconf 84' lang='grc' dir='ltr'><strong>τῶν</strong></span> <span class='ocrx_word' id='word_1_419' title='bbox 3387 2279 3800 2334; x_wconf 78' lang='grc' dir='ltr'><strong>ἐπιστατούντων</strong></span> 
     </span>
    </p>
   </div>
   <div class='ocr_carea' id='block_1_59' title="bbox 2239 2369 3804 2450">
    <p class='ocr_par' dir='ltr' id='par_1_59' title="bbox 2239 2369 3804 2450">
     <span class='ocr_line' id='line_1_59' title="bbox 2239 2369 3804 2450; baseline -0.007 -19"><span class='ocrx_word' id='word_1_420' title='bbox 2239 2383 2350 2440; x_wconf 86' lang='grc' dir='ltr'>τοῖς</span> <span class='ocrx_word' id='word_1_421' title='bbox 2381 2378 2582 2450; x_wconf 76' lang='grc' dir='ltr'>ἔργοις,</span> <span class='ocrx_word' id='word_1_422' title='bbox 2614 2375 2867 2431; x_wconf 77' lang='grc' dir='ltr'>καὶκατὰ</span> <span class='ocrx_word' id='word_1_423' title='bbox 2889 2375 3000 2429; x_wconf 83' lang='grc' dir='ltr'><strong>τῶν</strong></span> <span class='ocrx_word' id='word_1_424' title='bbox 3045 2372 3396 2445; x_wconf 80' lang='grc' dir='ltr'>Ἰσραηλιτῶν</span> <span class='ocrx_word' id='word_1_425' title='bbox 3417 2371 3592 2424; x_wconf 76' lang='grc' dir='ltr'>αὐτῶν</span> <span class='ocrx_word' id='word_1_426' title='bbox 3623 2369 3804 2439; x_wconf 73' lang='grc' dir='ltr'>μείζων</span> 
     </span>
    </p>
   </div>
   <div class='ocr_carea' id='block_1_60' title="bbox 2240 2460 3803 2538">
    <p class='ocr_par' dir='ltr' id='par_1_60' title="bbox 2240 2460 3803 2538">
     <span class='ocr_line' id='line_1_60' title="bbox 2240 2460 3803 2538; baseline -0.005 -20"><span class='ocrx_word' id='word_1_427' title='bbox 2240 2467 2274 2536; x_wconf 81' lang='grc' dir='ltr'>ἢ</span> <span class='ocrx_word' id='word_1_428' title='bbox 2301 2466 2561 2538; x_wconf 86' lang='grc' dir='ltr'>πρότερον</span> <span class='ocrx_word' id='word_1_429' title='bbox 2586 2479 2599 2494; x_wconf 82' lang='lat'><strong>&#39;</strong></span> <span class='ocrx_word' id='word_1_430' title='bbox 2624 2466 2717 2520; x_wconf 78' lang='grc' dir='ltr'>καὶ</span> <span class='ocrx_word' id='word_1_431' title='bbox 2741 2468 2769 2518; x_wconf 91' lang='grc' dir='ltr'><strong>ό</strong></span> <span class='ocrx_word' id='word_1_432' title='bbox 2785 2467 2884 2537; x_wconf 85' lang='grc' dir='ltr'><strong>τῆς</strong></span> <span class='ocrx_word' id='word_1_433' title='bbox 2901 2463 3183 2527; x_wconf 86' lang='grc' dir='ltr'>πλινθείας</span> <span class='ocrx_word' id='word_1_434' title='bbox 3217 2462 3380 2533; x_wconf 86' lang='grc' dir='ltr'>φόρος</span> <span class='ocrx_word' id='word_1_435' title='bbox 3407 2460 3803 2526; x_wconf 79' lang='grc' dir='ltr'>ἐπαύξεται,κα“ι</span> 
     </span>
    </p>
   </div>
   <div class='ocr_carea' id='block_1_61' title="bbox 2239 2549 3808 2629">
    <p class='ocr_par' dir='ltr' id='par_1_61' title="bbox 2239 2549 3808 2629">
     <span class='ocr_line' id='line_1_61' title="bbox 2239 2549 3808 2629; baseline -0.005 -18"><span class='ocrx_word' id='word_1_436' title='bbox 2239 2558 2638 2629; x_wconf 76' lang='grc' dir='ltr'>ἐπιπονώτερον</span> <span class='ocrx_word' id='word_1_437' title='bbox 2656 2558 2716 2610; x_wconf 82' lang='grc' dir='ltr'><strong>τὸ</strong></span> <span class='ocrx_word' id='word_1_438' title='bbox 2737 2557 3017 2627; x_wconf 86' lang='grc' dir='ltr'>ἐπίταγμα</span> <span class='ocrx_word' id='word_1_439' title='bbox 3031 2554 3243 2610; x_wconf 85' lang='grc' dir='ltr'>καταπέ</span> <span class='ocrx_word' id='word_1_440' title='bbox 3251 2571 3480 2625; x_wconf 87' lang='grc' dir='ltr'>μπεται,</span> <span class='ocrx_word' id='word_1_441' title='bbox 3499 2553 3557 2605; x_wconf 75' lang='grc' dir='ltr'><strong>οὐ</strong></span> <span class='ocrx_word' id='word_1_442' title='bbox 3574 2552 3648 2622; x_wconf 83' lang='grc' dir='ltr'><strong>τῷ</strong></span> <span class='ocrx_word' id='word_1_443' title='bbox 3666 2549 3808 2621; x_wconf 76' lang='grc' dir='ltr'>πηλῷ</span> 
     </span>
    </p>
   </div>
   <div class='ocr_carea' id='block_1_62' title="bbox 2242 2643 3805 2720">
    <p class='ocr_par' dir='ltr' id='par_1_62' title="bbox 2242 2643 3805 2720">
     <span class='ocr_line' id='line_1_62' title="bbox 2242 2643 3805 2720; baseline -0.005 -18"><span class='ocrx_word' id='word_1_444' title='bbox 2242 2650 2388 2720; x_wconf 84' lang='grc' dir='ltr'>μόνῳ</span> <span class='ocrx_word' id='word_1_445' title='bbox 2415 2648 2885 2712; x_wconf 78' lang='grc' dir='ltr'>κακοπαθούντων,</span> <span class='ocrx_word' id='word_1_446' title='bbox 2913 2648 3050 2702; x_wconf 86' lang='grc' dir='ltr'>ἀλλὰ</span> <span class='ocrx_word' id='word_1_447' title='bbox 3074 2648 3166 2701; x_wconf 79' lang='grc' dir='ltr'>καὶ</span> <span class='ocrx_word' id='word_1_448' title='bbox 3195 2647 3324 2718; x_wconf 78' lang='grc' dir='ltr'>περὶ</span> <span class='ocrx_word' id='word_1_449' title='bbox 3343 2647 3405 2699; x_wconf 78' lang='grc' dir='ltr'>τὸ</span> <span class='ocrx_word' id='word_1_450' title='bbox 3424 2646 3620 2716; x_wconf 81' lang='grc' dir='ltr'>ἀχυρόν</span> <span class='ocrx_word' id='word_1_451' title='bbox 3640 2661 3694 2696; x_wconf 88' lang='grc' dir='ltr'><strong>τε</strong></span> <span class='ocrx_word' id='word_1_452' title='bbox 3724 2643 3805 2696; x_wconf 78' lang='grc' dir='ltr'>καὶ</span> 
     </span>
    </p>
   </div>
   <div class='ocr_carea' id='block_1_63' title="bbox 2239 2736 3807 2813">
    <p class='ocr_par' dir='ltr' id='par_1_63' title="bbox 2239 2736 3807 2813">
     <span class='ocr_line' id='line_1_63' title="bbox 2239 2736 3807 2813; baseline -0.004 -19"><span class='ocrx_word' id='word_1_453' title='bbox 2239 2742 2337 2810; x_wconf 77' lang='grc' dir='ltr'><strong>τὴν</strong></span> <span class='ocrx_word' id='word_1_454' title='bbox 2371 2741 2622 2812; x_wconf 83' lang='grc' dir='ltr'>καλάμην</span> <span class='ocrx_word' id='word_1_455' title='bbox 2639 2740 3146 2813; x_wconf 83' lang='grc' dir='ltr'>ταλαιπωρούντων.</span> <span class='ocrx_word' id='word_1_456' title='bbox 3183 2739 3289 2792; x_wconf 91' lang='grc' dir='ltr'>Τοῦ</span> <span class='ocrx_word' id='word_1_457' title='bbox 3323 2740 3378 2793; x_wconf 81' lang='grc' dir='ltr'>δὲ</span> <span class='ocrx_word' id='word_1_458' title='bbox 3415 2738 3612 2810; x_wconf 74' lang='grc' dir='ltr'>Φαραὼ</span> <span class='ocrx_word' id='word_1_459' title='bbox 3647 2736 3807 2806; x_wconf 86' lang='grc' dir='ltr'>(τοῦτο</span> 
     </span>
    </p>
   </div>
   <div class='ocr_carea' id='block_1_64' title="bbox 2239 2829 3806 2906">
    <p class='ocr_par' dir='ltr' id='par_1_64' title="bbox 2239 2829 3806 2906">
     <span class='ocr_line' id='line_1_64' title="bbox 2239 2829 3806 2906; baseline -0.005 -19"><span class='ocrx_word' id='word_1_460' title='bbox 2239 2834 2348 2905; x_wconf 83' lang='grc' dir='ltr'><strong>γὰρ</strong></span> <span class='ocrx_word' id='word_1_461' title='bbox 2371 2831 2437 2906; x_wconf 78' lang='grc' dir='ltr'>ἦν</span> <span class='ocrx_word' id='word_1_462' title='bbox 2453 2835 2619 2905; x_wconf 79' lang='grc' dir='ltr'>ὄνομα</span> <span class='ocrx_word' id='word_1_463' title='bbox 2638 2833 2716 2903; x_wconf 82' lang='grc' dir='ltr'>τῷ</span> <span class='ocrx_word' id='word_1_464' title='bbox 2735 2834 2979 2904; x_wconf 80' lang='grc' dir='ltr'>τυράννῳ</span> <span class='ocrx_word' id='word_1_465' title='bbox 2997 2833 3104 2885; x_wconf 80' lang='grc' dir='ltr'>τῶν</span> <span class='ocrx_word' id='word_1_466' title='bbox 3134 2831 3475 2901; x_wconf 79' lang='grc' dir='ltr'>Αἰγυπτίων)</span> <span class='ocrx_word' id='word_1_467' title='bbox 3506 2834 3617 2893; x_wconf 87' lang='grc' dir='ltr'>τοῖς</span> <span class='ocrx_word' id='word_1_468' title='bbox 3643 2829 3806 2882; x_wconf 89' lang='grc' dir='ltr'>θεόθεν</span> 
     </span>
    </p>
   </div>
   <div class='ocr_carea' id='block_1_65' title="bbox 2238 2909 3805 2996">
    <p class='ocr_par' dir='ltr' id='par_1_65' title="bbox 2238 2909 3805 2996">
     <span class='ocr_line' id='line_1_65' title="bbox 2238 2909 3805 2996; baseline -0.006 -16"><span class='ocrx_word' id='word_1_469' title='bbox 2238 2909 2367 2996; x_wconf 77' lang='grc' dir='ltr'>παρ’</span> <span class='ocrx_word' id='word_1_470' title='bbox 2387 2924 2551 2978; x_wconf 79' lang='grc' dir='ltr'>αὑτοῦ</span> <span class='ocrx_word' id='word_1_471' title='bbox 2569 2923 2874 2993; x_wconf 83' lang='grc' dir='ltr'>γενομένοις</span> <span class='ocrx_word' id='word_1_472' title='bbox 2894 2923 3137 2993; x_wconf 74' lang='grc' dir='ltr'>σημείοις</span> <span class='ocrx_word' id='word_1_473' title='bbox 3153 2921 3612 2990; x_wconf 81' lang='grc' dir='ltr'>ἀντισοφιστεύειν</span> <span class='ocrx_word' id='word_1_474' title='bbox 3625 2919 3704 2972; x_wconf 76' lang='grc' dir='ltr'><strong>διὰ</strong></span> <span class='ocrx_word' id='word_1_475' title='bbox 3719 2920 3805 2988; x_wconf 77' lang='grc' dir='ltr'>τῆς</span> 
     </span>
    </p>
   </div>
   <div class='ocr_carea' id='block_1_66' title="bbox 2238 3010 3808 3087">
    <p class='ocr_par' dir='ltr' id='par_1_66' title="bbox 2238 3010 3808 3087">
     <span class='ocr_line' id='line_1_66' title="bbox 2238 3010 3808 3087; baseline -0.006 -17"><span class='ocrx_word' id='word_1_476' title='bbox 2238 3017 2347 3070; x_wconf 86' lang='grc' dir='ltr'><strong>τῶν</strong></span> <span class='ocrx_word' id='word_1_477' title='bbox 2369 3018 2578 3086; x_wconf 86' lang='grc' dir='ltr'>γοήτων</span> <span class='ocrx_word' id='word_1_478' title='bbox 2612 3015 2949 3087; x_wconf 81' lang='grc' dir='ltr'>μαγγανείας</span> <span class='ocrx_word' id='word_1_479' title='bbox 2973 3013 3398 3086; x_wconf 86' lang='grc' dir='ltr'>ἐπιχειροῦντος,</span> <span class='ocrx_word' id='word_1_480' title='bbox 3441 3014 3529 3067; x_wconf 84' lang='grc' dir='ltr'>ὅτε</span> <span class='ocrx_word' id='word_1_481' title='bbox 3551 3012 3705 3066; x_wconf 86' lang='grc' dir='ltr'>πάλιν</span> <span class='ocrx_word' id='word_1_482' title='bbox 3724 3010 3808 3063; x_wconf 87' lang='grc' dir='ltr'><strong>τοῦ</strong></span> 
     </span>
    </p>
   </div>
   <div class='ocr_carea' id='block_1_67' title="bbox 2236 3101 3808 3177">
    <p class='ocr_par' dir='ltr' id='par_1_67' title="bbox 2236 3101 3808 3177">
     <span class='ocr_line' id='line_1_67' title="bbox 2236 3101 3808 3177; baseline -0.007 -13"><span class='ocrx_word' id='word_1_483' title='bbox 2236 3109 2514 3173; x_wconf 81' lang='grc' dir='ltr'>Μωῦσέως</span> <span class='ocrx_word' id='word_1_484' title='bbox 2540 3111 2598 3162; x_wconf 86' lang='grc' dir='ltr'><strong>ἐν</strong></span> <span class='ocrx_word' id='word_1_485' title='bbox 2643 3108 2944 3177; x_wconf 80' lang='grc' dir='ltr'>ὀφθαλμοῖς</span> <span class='ocrx_word' id='word_1_486' title='bbox 2993 3108 3100 3160; x_wconf 83' lang='grc' dir='ltr'><strong>τῶν</strong></span> <span class='ocrx_word' id='word_1_487' title='bbox 3133 3105 3452 3174; x_wconf 81' lang='grc' dir='ltr'>Αἰγυπτίων</span> <span class='ocrx_word' id='word_1_488' title='bbox 3495 3103 3593 3174; x_wconf 78' lang='grc' dir='ltr'><strong>την</strong></span> <span class='ocrx_word' id='word_1_489' title='bbox 3633 3101 3808 3173; x_wconf 80' lang='grc' dir='ltr'>ῥάϐδον</span> 
     </span>
    </p>
   </div>
   <div class='ocr_carea' id='block_1_68' title="bbox 2164 3196 3810 3280">
    <p class='ocr_par' dir='ltr' id='par_1_68' title="bbox 2164 3196 3810 3280">
     <span class='ocr_line' id='line_1_68' title="bbox 2164 3196 3810 3280; baseline -0.007 -24"><span class='ocrx_word' id='word_1_490' title='bbox 2164 3223 2206 3280; x_wconf 77' lang='lat' dir='ltr'>C</span> <span class='ocrx_word' id='word_1_491' title='bbox 2241 3203 2434 3257; x_wconf 85' lang='grc' dir='ltr'>ἐαυτοῦ</span> <span class='ocrx_word' id='word_1_492' title='bbox 2464 3204 2528 3274; x_wconf 87' lang='grc' dir='ltr'><strong>θη</strong></span> <span class='ocrx_word' id='word_1_493' title='bbox 2540 3202 2852 3274; x_wconf 82' lang='grc' dir='ltr'>ριώσαντος,</span> <span class='ocrx_word' id='word_1_494' title='bbox 2880 3201 2939 3253; x_wconf 79' lang='grc' dir='ltr'>τὸ</span> <span class='ocrx_word' id='word_1_495' title='bbox 2965 3201 3078 3253; x_wconf 73' lang='grc' dir='ltr'>ἴσον</span> <span class='ocrx_word' id='word_1_496' title='bbox 3099 3199 3356 3270; x_wconf 83' lang='grc' dir='ltr'>ἐνομίσθη</span> <span class='ocrx_word' id='word_1_497' title='bbox 3398 3196 3810 3267; x_wconf 87' lang='grc' dir='ltr'>θαυματοποιεῖν</span> 
     </span>
    </p>
   </div>
   <div class='ocr_carea' id='block_1_69' title="bbox 2245 3284 3806 3364">
    <p class='ocr_par' dir='ltr' id='par_1_69' title="bbox 2245 3284 3806 3364">
     <span class='ocr_line' id='line_1_69' title="bbox 2245 3284 3806 3364; baseline -0.003 -18"><span class='ocrx_word' id='word_1_498' title='bbox 2245 3296 2278 3364; x_wconf 78' lang='grc' dir='ltr'>ἡ</span> <span class='ocrx_word' id='word_1_499' title='bbox 2313 3295 2535 3364; x_wconf 87' lang='grc' dir='ltr'>γοητεία</span> <span class='ocrx_word' id='word_1_500' title='bbox 2565 3296 2622 3347; x_wconf 82' lang='grc' dir='ltr'><strong>ἐν</strong></span> <span class='ocrx_word' id='word_1_501' title='bbox 2657 3296 2778 3356; x_wconf 87' lang='grc' dir='ltr'>ταῖς</span> <span class='ocrx_word' id='word_1_502' title='bbox 2809 3293 2917 3345; x_wconf 84' lang='grc' dir='ltr'>τῶν</span> <span class='ocrx_word' id='word_1_503' title='bbox 2950 3291 3140 3362; x_wconf 80' lang='grc' dir='ltr'>μάγων</span> <span class='ocrx_word' id='word_1_504' title='bbox 3172 3289 3414 3361; x_wconf 71' lang='grc' dir='ltr'>ῥάϐδοις.</span> <span class='ocrx_word' id='word_1_505' title='bbox 3448 3289 3558 3342; x_wconf 77' lang='grc' dir='ltr'>Καὶ</span> <span class='ocrx_word' id='word_1_506' title='bbox 3583 3284 3806 3356; x_wconf 77' lang='grc' dir='ltr'>ἠλέγχθη</span> 
     </span>
    </p>
   </div>
   <div class='ocr_carea' id='block_1_70' title="bbox 2241 3377 3811 3456">
    <p class='ocr_par' dir='ltr' id='par_1_70' title="bbox 2241 3377 3811 3456">
     <span class='ocr_line' id='line_1_70' title="bbox 2241 3377 3811 3456; baseline -0.007 -18"><span class='ocrx_word' id='word_1_507' title='bbox 2241 3385 2328 3438; x_wconf 72' lang='grc' dir='ltr'>διὰ</span> <span class='ocrx_word' id='word_1_508' title='bbox 2352 3386 2449 3456; x_wconf 77' lang='grc' dir='ltr'><strong>τῆς</strong></span> <span class='ocrx_word' id='word_1_509' title='bbox 2467 3385 2746 3455; x_wconf 79' lang='grc' dir='ltr'>ἐνεργείας</span> <span class='ocrx_word' id='word_1_510' title='bbox 2774 3384 2835 3436; x_wconf 89' lang='grc' dir='ltr'>τὸ</span> <span class='ocrx_word' id='word_1_511' title='bbox 2857 3383 3096 3452; x_wconf 86' lang='grc' dir='ltr'>σόφισμα</span> <span class='ocrx_word' id='word_1_512' title='bbox 3116 3397 3130 3411; x_wconf 70' lang='grc'><strong>⁸</strong></span> <span class='ocrx_word' id='word_1_513' title='bbox 3171 3381 3449 3446; x_wconf 76' lang='grc' dir='ltr'>δείξαντος</span> <span class='ocrx_word' id='word_1_514' title='bbox 3481 3377 3576 3431; x_wconf 91' lang='grc' dir='ltr'><strong>τοῦ</strong></span> <span class='ocrx_word' id='word_1_515' title='bbox 3600 3377 3811 3448; x_wconf 81' lang='grc' dir='ltr'>δράκον-</span> 
     </span>
    </p>
   </div>
   <div class='ocr_carea' id='block_1_71' title="bbox 2239 3467 3814 3545">
    <p class='ocr_par' dir='ltr' id='par_1_71' title="bbox 2239 3467 3814 3545">
     <span class='ocr_line' id='line_1_71' title="bbox 2239 3467 3814 3545; baseline -0.007 -16"><span class='ocrx_word' id='word_1_516' title='bbox 2239 3492 2331 3540; x_wconf 89' lang='grc' dir='ltr'><strong>τος</strong></span> <span class='ocrx_word' id='word_1_517' title='bbox 2354 3475 2448 3529; x_wconf 87' lang='grc' dir='ltr'><strong>τοῦ</strong></span> <span class='ocrx_word' id='word_1_518' title='bbox 2493 3477 2557 3529; x_wconf 87' lang='grc' dir='ltr'><strong>ἐκ</strong></span> <span class='ocrx_word' id='word_1_519' title='bbox 2595 3475 2697 3545; x_wconf 85' lang='grc' dir='ltr'>τῆς</span> <span class='ocrx_word' id='word_1_520' title='bbox 2739 3473 3016 3536; x_wconf 83' lang='grc' dir='ltr'>Μωῡσέως</span> <span class='ocrx_word' id='word_1_521' title='bbox 3059 3471 3254 3543; x_wconf 84' lang='grc' dir='ltr'>ῥάϐδου</span> <span class='ocrx_word' id='word_1_522' title='bbox 3306 3469 3732 3541; x_wconf 82' lang='grc' dir='ltr'>μεταϐληθέντος</span> <span class='ocrx_word' id='word_1_523' title='bbox 3756 3467 3814 3517; x_wconf 80' lang='grc' dir='ltr'><strong>ἐκ</strong></span> 
     </span>
    </p>
   </div>
   <div class='ocr_carea' id='block_1_72' title="bbox 2241 3559 3817 3637">
    <p class='ocr_par' dir='ltr' id='par_1_72' title="bbox 2241 3559 3817 3637">
     <span class='ocr_line' id='line_1_72' title="bbox 2241 3559 3817 3637; baseline -0.007 -17"><span class='ocrx_word' id='word_1_524' title='bbox 2241 3566 2335 3621; x_wconf 88' lang='grc' dir='ltr'><strong>τοῦ</strong></span> <span class='ocrx_word' id='word_1_525' title='bbox 2357 3568 2641 3637; x_wconf 77' lang='grc' dir='ltr'>διαφαγεῖν</span> <span class='ocrx_word' id='word_1_526' title='bbox 2665 3566 2733 3619; x_wconf 79' lang='grc' dir='ltr'><strong>τά</strong></span> <span class='ocrx_word' id='word_1_527' title='bbox 2765 3566 2997 3636; x_wconf 83' lang='grc' dir='ltr'>γοητικά</span> <span class='ocrx_word' id='word_1_528' title='bbox 3020 3563 3175 3631; x_wconf 81' lang='grc' dir='ltr'>ξύλα.</span> <span class='ocrx_word' id='word_1_529' title='bbox 3201 3563 3326 3627; x_wconf 75' lang='grc' dir='ltr'>τοὺς</span> <span class='ocrx_word' id='word_1_530' title='bbox 3351 3562 3510 3631; x_wconf 83' lang='grc' dir='ltr'>δφεις</span> <span class='ocrx_word' id='word_1_531' title='bbox 3530 3561 3708 3631; x_wconf 81' lang='grc' dir='ltr'>δῆθεν,</span> <span class='ocrx_word' id='word_1_532' title='bbox 3739 3559 3817 3611; x_wconf 83' lang='grc' dir='ltr'>ὅτι</span> 
     </span>
    </p>
   </div>
   <div class='ocr_carea' id='block_1_73' title="bbox 2243 3643 3812 3728">
    <p class='ocr_par' dir='ltr' id='par_1_73' title="bbox 2243 3643 3812 3728">
     <span class='ocr_line' id='line_1_73' title="bbox 2243 3643 3812 3728; baseline -0.006 -18"><span class='ocrx_word' id='word_1_533' title='bbox 2243 3657 2496 3728; x_wconf 78' lang='grc' dir='ltr'>οὐδεμίαν</span> <span class='ocrx_word' id='word_1_534' title='bbox 2529 3655 2832 3728; x_wconf 84' lang='grc' dir='ltr'>ἀμυντικὴν</span> <span class='ocrx_word' id='word_1_535' title='bbox 2870 3656 2992 3709; x_wconf 79' lang='grc' dir='ltr'>οὐδὲ</span> <span class='ocrx_word' id='word_1_536' title='bbox 3033 3653 3270 3726; x_wconf 78' lang='grc' dir='ltr'>ζωτικὴν</span> <span class='ocrx_word' id='word_1_537' title='bbox 3307 3670 3435 3707; x_wconf 82' lang='grc' dir='ltr'>τινα</span> <span class='ocrx_word' id='word_1_538' title='bbox 3483 3652 3708 3722; x_wconf 90' lang='grc' dir='ltr'>δύναμιν</span> <span class='ocrx_word' id='word_1_539' title='bbox 3743 3643 3812 3700; x_wconf 85' lang='grc' dir='ltr'><strong>εἷ·</strong></span> 
     </span>
    </p>
   </div>
   <div class='ocr_carea' id='block_1_74' title="bbox 557 3737 3816 3819">
    <p class='ocr_par' dir='ltr' id='par_1_74' title="bbox 557 3737 3816 3819">
     <span class='ocr_line' id='line_1_74' title="bbox 557 3737 3816 3819; baseline -0.001 -23"><span class='ocrx_word' id='word_1_540' title='bbox 557 3760 653 3812; x_wconf 87' lang='grc' dir='ltr'><strong>χον</strong></span> <span class='ocrx_word' id='word_1_541' title='bbox 677 3743 734 3795; x_wconf 89' lang='grc' dir='ltr'><strong>αί</strong></span> <span class='ocrx_word' id='word_1_542' title='bbox 775 3741 883 3796; x_wconf 81' lang='grc' dir='ltr'>τῶν</span> <span class='ocrx_word' id='word_1_543' title='bbox 919 3741 1130 3811; x_wconf 83' lang='grc' dir='ltr'>γοήτων</span> <span class='ocrx_word' id='word_1_544' title='bbox 1170 3737 1375 3810; x_wconf 79' lang='grc' dir='ltr'>ῥάϐδοι,</span> <span class='ocrx_word' id='word_1_545' title='bbox 1409 3738 1547 3811; x_wconf 85' lang='grc' dir='ltr'>πλὴν</span> <span class='ocrx_word' id='word_1_546' title='bbox 1575 3739 1669 3794; x_wconf 86' lang='grc' dir='ltr'><strong>τοῦ</strong></span> <span class='ocrx_word' id='word_1_547' title='bbox 1715 3741 2008 3812; x_wconf 82' lang='grc' dir='ltr'>σχήματος,</span> <span class='ocrx_word' id='word_1_548' title='bbox 2037 3744 2067 3798; x_wconf 83' lang='grc' dir='ltr'><strong>δ</strong></span> <span class='ocrx_word' id='word_1_549' title='bbox 2099 3748 2211 3810; x_wconf 85' lang='grc' dir='ltr'>τοῖς</span> <span class='ocrx_word' id='word_1_550' title='bbox 2254 3747 2550 3819; x_wconf 81' lang='grc' dir='ltr'>ὀφθαλμοῖς</span> <span class='ocrx_word' id='word_1_551' title='bbox 2583 3753 2692 3802; x_wconf 87' lang='grc' dir='ltr'>τῶν</span> <span class='ocrx_word' id='word_1_552' title='bbox 2731 3747 3144 3817; x_wconf 74' lang='grc' dir='ltr'>εὐεξαπατήτων</span> <span class='ocrx_word' id='word_1_553' title='bbox 3171 3745 3205 3815; x_wconf 73' lang='grc' dir='ltr'><strong>ἡ</strong></span> <span class='ocrx_word' id='word_1_554' title='bbox 3229 3743 3456 3816; x_wconf 84' lang='grc' dir='ltr'>γοητεία</span> <span class='ocrx_word' id='word_1_555' title='bbox 3493 3739 3816 3812; x_wconf 80' lang='grc' dir='ltr'>σοφισαμένη</span> 
     </span>
    </p>
   </div>
   <div class='ocr_carea' id='block_1_75' title="bbox 563 3828 3816 3910">
    <p class='ocr_par' dir='ltr' id='par_1_75' title="bbox 563 3828 3816 3910">
     <span class='ocr_line' id='line_1_75' title="bbox 563 3828 3816 3910; baseline -0.002 -22"><span class='ocrx_word' id='word_1_556' title='bbox 563 3835 862 3908; x_wconf 80' lang='grc' dir='ltr'>παρέδειξε.</span> <span class='ocrx_word' id='word_1_557' title='bbox 905 3833 1038 3887; x_wconf 89' lang='grc' dir='ltr'>Τότε</span> <span class='ocrx_word' id='word_1_558' title='bbox 1091 3830 1530 3904; x_wconf 80' lang='grc' dir='ltr'>συμφρονοῦντας</span> <span class='ocrx_word' id='word_1_559' title='bbox 1571 3830 1694 3886; x_wconf 74' lang='grc' dir='ltr'>ἰδὼν</span> <span class='ocrx_word' id='word_1_560' title='bbox 1727 3835 1756 3886; x_wconf 87' lang='grc' dir='ltr'><strong>ό</strong></span> <span class='ocrx_word' id='word_1_561' title='bbox 1795 3835 2033 3904; x_wconf 83' lang='grc' dir='ltr'>Μωῦσῆς</span> <span class='ocrx_word' id='word_1_562' title='bbox 2070 3836 2146 3907; x_wconf 81' lang='grc' dir='ltr'><strong>τῷ</strong></span> <span class='ocrx_word' id='word_1_563' title='bbox 2185 3828 2580 3910; x_wconf 77' lang='grc' dir='ltr'>καθηγουμένῳ</span> <span class='ocrx_word' id='word_1_564' title='bbox 2616 3840 2714 3910; x_wconf 81' lang='grc' dir='ltr'>τῆς</span> <span class='ocrx_word' id='word_1_565' title='bbox 2755 3837 2951 3900; x_wconf 79' lang='grc' dir='ltr'>κακίας</span> <span class='ocrx_word' id='word_1_566' title='bbox 2990 3838 3098 3890; x_wconf 78' lang='grc' dir='ltr'>πᾶν</span> <span class='ocrx_word' id='word_1_567' title='bbox 3140 3836 3202 3889; x_wconf 74' lang='grc' dir='ltr'><strong>τὸ</strong></span> <span class='ocrx_word' id='word_1_568' title='bbox 3245 3834 3601 3905; x_wconf 85' lang='grc' dir='ltr'>ὑποχείριον,</span> <span class='ocrx_word' id='word_1_569' title='bbox 3644 3829 3816 3898; x_wconf 76' lang='grc' dir='ltr'>κοινὴν</span> 
     </span>
    </p>
   </div>
   <div class='ocr_carea' id='block_1_76' title="bbox 559 3926 3821 4005">
    <p class='ocr_par' dir='ltr' id='par_1_76' title="bbox 559 3926 3821 4005">
     <span class='ocr_line' id='line_1_76' title="bbox 559 3926 3821 4005; baseline -0.003 -20"><span class='ocrx_word' id='word_1_570' title='bbox 559 3931 752 3999; x_wconf 75' lang='grc' dir='ltr'>ἐπάγει</span> <span class='ocrx_word' id='word_1_571' title='bbox 789 3931 950 3984; x_wconf 77' lang='grc' dir='ltr'>παντὶ</span> <span class='ocrx_word' id='word_1_572' title='bbox 977 3929 1055 4001; x_wconf 86' lang='grc' dir='ltr'>τῷ</span> <span class='ocrx_word' id='word_1_573' title='bbox 1093 3928 1233 3982; x_wconf 75' lang='grc' dir='ltr'>ἔθνει</span> <span class='ocrx_word' id='word_1_574' title='bbox 1289 3928 1398 3982; x_wconf 85' lang='grc' dir='ltr'><strong>τῶν</strong></span> <span class='ocrx_word' id='word_1_575' title='bbox 1445 3927 1756 3996; x_wconf 82' lang='grc' dir='ltr'>Αἰγυπτίων</span> <span class='ocrx_word' id='word_1_576' title='bbox 1793 3929 2027 4002; x_wconf 81' lang='grc' dir='ltr'>πληγὴν,</span> <span class='ocrx_word' id='word_1_577' title='bbox 2079 3932 2269 3987; x_wconf 82' lang='grc' dir='ltr'>οὐδένα</span> <span class='ocrx_word' id='word_1_578' title='bbox 2315 3935 2412 4005; x_wconf 82' lang='grc' dir='ltr'><strong>τῆς</strong></span> <span class='ocrx_word' id='word_1_579' title='bbox 2444 3934 2552 3987; x_wconf 85' lang='grc' dir='ltr'>τῶν</span> <span class='ocrx_word' id='word_1_580' title='bbox 2598 3933 2782 3988; x_wconf 82' lang='grc' dir='ltr'>κακῶν</span> <span class='ocrx_word' id='word_1_581' title='bbox 2819 3931 3014 4003; x_wconf 88' lang='grc' dir='ltr'>πείρας</span> <span class='ocrx_word' id='word_1_582' title='bbox 3040 3929 3451 3999; x_wconf 80' lang='grc' dir='ltr'>ὑπεξελόμενος.</span> <span class='ocrx_word' id='word_1_583' title='bbox 3498 3926 3821 3980; x_wconf 82' lang='grc' dir='ltr'>Συνεκινείτο</span> 
     </span>
    </p>
   </div>
   <div class='ocr_carea' id='block_1_77' title="bbox 559 4012 3819 4098">
    <p class='ocr_par' dir='ltr' id='par_1_77' title="bbox 559 4012 3819 4098">
     <span class='ocr_line' id='line_1_77' title="bbox 559 4012 3819 4098; baseline -0.004 -19"><span class='ocrx_word' id='word_1_584' title='bbox 559 4025 610 4079; x_wconf 78' lang='grc' dir='ltr'>δὲ</span> <span class='ocrx_word' id='word_1_585' title='bbox 634 4023 782 4095; x_wconf 78' lang='grc' dir='ltr'>αὐτῷ</span> <span class='ocrx_word' id='word_1_586' title='bbox 806 4025 942 4096; x_wconf 80' lang='grc' dir='ltr'>πρὸς</span> <span class='ocrx_word' id='word_1_587' title='bbox 967 4024 1064 4095; x_wconf 79' lang='grc' dir='ltr'>τὴν</span> <span class='ocrx_word' id='word_1_588' title='bbox 1092 4021 1343 4092; x_wconf 81' lang='grc' dir='ltr'>τοιαύτην</span> <span class='ocrx_word' id='word_1_589' title='bbox 1384 4021 1526 4074; x_wconf 84' lang='grc' dir='ltr'><strong>κατά</strong></span> <span class='ocrx_word' id='word_1_590' title='bbox 1551 4022 1658 4074; x_wconf 85' lang='grc' dir='ltr'>τῶν</span> <span class='ocrx_word' id='word_1_591' title='bbox 1694 4023 2003 4091; x_wconf 73' lang='grc' dir='ltr'>Αἰγυπτίων</span> <span class='ocrx_word' id='word_1_592' title='bbox 2030 4026 2224 4096; x_wconf 80' lang='grc' dir='ltr'>ὁρμὴν,</span> <span class='ocrx_word' id='word_1_593' title='bbox 2257 4021 2366 4080; x_wconf 75' lang='grc' dir='ltr'>οἶόν</span> <span class='ocrx_word' id='word_1_594' title='bbox 2407 4044 2492 4090; x_wconf 84' lang='grc' dir='ltr'><strong>τις</strong></span> <span class='ocrx_word' id='word_1_595' title='bbox 2546 4026 2774 4098; x_wconf 83' lang='grc' dir='ltr'>στρατὸς</span> <span class='ocrx_word' id='word_1_596' title='bbox 2810 4023 3138 4094; x_wconf 83' lang='grc' dir='ltr'>ὑποχείριος,</span> <span class='ocrx_word' id='word_1_597' title='bbox 3169 4021 3309 4074; x_wconf 78' lang='grc' dir='ltr'>αὐτὰ</span> <span class='ocrx_word' id='word_1_598' title='bbox 3333 4019 3400 4073; x_wconf 84' lang='grc' dir='ltr'>τὰ</span> <span class='ocrx_word' id='word_1_599' title='bbox 3436 4019 3676 4088; x_wconf 84' lang='grc' dir='ltr'>στοιχεῖα</span> <span class='ocrx_word' id='word_1_600' title='bbox 3719 4012 3819 4067; x_wconf 85' lang='grc' dir='ltr'>τῶν</span> 
     </span>
    </p>
   </div>
   <div class='ocr_carea' id='block_1_78' title="bbox 559 4105 3820 4188">
    <p class='ocr_par' dir='ltr' id='par_1_78' title="bbox 559 4105 3820 4188">
     <span class='ocr_line' id='line_1_78' title="bbox 559 4105 3820 4188; baseline -0.002 -21"><span class='ocrx_word' id='word_1_601' title='bbox 559 4115 746 4177; x_wconf 74' lang='grc' dir='ltr'>όντων,</span> <span class='ocrx_word' id='word_1_602' title='bbox 772 4114 841 4167; x_wconf 80' lang='grc' dir='ltr'><strong>τά</strong></span> <span class='ocrx_word' id='word_1_603' title='bbox 890 4115 948 4166; x_wconf 83' lang='grc' dir='ltr'><strong>ἐν</strong></span> <span class='ocrx_word' id='word_1_604' title='bbox 975 4113 1052 4183; x_wconf 81' lang='grc' dir='ltr'>τῷ</span> <span class='ocrx_word' id='word_1_605' title='bbox 1085 4115 1246 4166; x_wconf 77' lang='grc' dir='ltr'>παντὶ</span> <span class='ocrx_word' id='word_1_606' title='bbox 1287 4111 1654 4183; x_wconf 83' lang='grc' dir='ltr'>θεωρούμενα,</span> <span class='ocrx_word' id='word_1_607' title='bbox 1683 4112 1756 4182; x_wconf 81' lang='grc' dir='ltr'>γῆ</span> <span class='ocrx_word' id='word_1_608' title='bbox 1791 4129 1854 4166; x_wconf 91' lang='grc' dir='ltr'><strong>τε</strong></span> <span class='ocrx_word' id='word_1_609' title='bbox 1889 4114 1980 4168; x_wconf 75' lang='grc' dir='ltr'><strong>καὶ</strong></span> <span class='ocrx_word' id='word_1_610' title='bbox 2017 4114 2148 4185; x_wconf 88' lang='grc' dir='ltr'>πῦρ,</span> <span class='ocrx_word' id='word_1_611' title='bbox 2188 4117 2282 4170; x_wconf 78' lang='grc' dir='ltr'>καὶ</span> <span class='ocrx_word' id='word_1_612' title='bbox 2313 4116 2441 4188; x_wconf 83' lang='grc' dir='ltr'>ἀὴρ,</span> <span class='ocrx_word' id='word_1_613' title='bbox 2471 4116 2566 4169; x_wconf 74' lang='grc' dir='ltr'>καὶ</span> <span class='ocrx_word' id='word_1_614' title='bbox 2591 4115 2754 4186; x_wconf 78' lang='grc' dir='ltr'>ὕδωρ,</span> <span class='ocrx_word' id='word_1_615' title='bbox 2787 4118 2855 4186; x_wconf 76' lang='grc' dir='ltr'>τῇ</span> <span class='ocrx_word' id='word_1_616' title='bbox 2885 4112 3200 4185; x_wconf 80' lang='grc' dir='ltr'>προαιρέσει</span> <span class='ocrx_word' id='word_1_617' title='bbox 3229 4111 3336 4164; x_wconf 85' lang='grc' dir='ltr'>τῶν</span> <span class='ocrx_word' id='word_1_618' title='bbox 3372 4107 3682 4182; x_wconf 82' lang='grc' dir='ltr'>ἀνθρώπων</span> <span class='ocrx_word' id='word_1_619' title='bbox 3729 4105 3820 4166; x_wconf 79' lang='grc' dir='ltr'>τὰς</span> 
     </span>
    </p>
   </div>
   <div class='ocr_carea' id='block_1_79' title="bbox 560 4206 1381 4281">
    <p class='ocr_par' dir='ltr' id='par_1_79' title="bbox 560 4206 1381 4281">
     <span class='ocr_line' id='line_1_79' title="bbox 560 4206 1381 4281; baseline -0.001 -19"><span class='ocrx_word' id='word_1_620' title='bbox 560 4209 836 4281; x_wconf 70' lang='grc' dir='ltr'>ἐνεργείας</span> <span class='ocrx_word' id='word_1_621' title='bbox 872 4206 1381 4272; x_wconf 79' lang='grc' dir='ltr'>συνεξαλλάσσοντα.</span> 
     </span>
    </p>
   </div>
   <div class='ocr_carea' id='block_1_80' title="bbox 634 4297 2139 4374">
    <p class='ocr_par' dir='ltr' id='par_1_80' title="bbox 634 4299 2139 4369">
     <span class='ocr_line' id='line_1_80' title="bbox 634 4299 2139 4369; baseline -0.001 -13"><span class='ocrx_word' id='word_1_622' title='bbox 634 4303 834 4357; x_wconf 83' lang='lat' dir='ltr'><strong>Eodem</strong></span> <span class='ocrx_word' id='word_1_623' title='bbox 857 4301 1000 4356; x_wconf 88' lang='lat' dir='ltr'><strong>enim</strong></span> <span class='ocrx_word' id='word_1_624' title='bbox 1025 4315 1240 4369; x_wconf 90' lang='lat' dir='ltr'><strong>quoque</strong></span> <span class='ocrx_word' id='word_1_625' title='bbox 1262 4309 1502 4366; x_wconf 85' lang='lat' dir='ltr'><strong>tempore</strong></span> <span class='ocrx_word' id='word_1_626' title='bbox 1527 4308 1690 4366; x_wconf 88' lang='lat' dir='ltr'><strong>atque</strong></span> <span class='ocrx_word' id='word_1_627' title='bbox 1719 4299 1907 4352; x_wconf 87' lang='lat' dir='ltr'><strong>eodem</strong></span> <span class='ocrx_word' id='word_1_628' title='bbox 1941 4299 1994 4353; x_wconf 92' lang='lat' dir='ltr'><strong>in</strong></span> <span class='ocrx_word' id='word_1_629' title='bbox 2021 4301 2139 4355; x_wconf 88' lang='lat' dir='ltr'><strong>loco</strong></span> 
     </span>
    </p>
   </div>
   <div class='ocr_carea' id='block_1_81' title="bbox 2241 4297 3820 4374">
    <p class='ocr_par' dir='ltr' id='par_1_81' title="bbox 2313 4297 3820 4374">
     <span class='ocr_line' id='line_1_81' title="bbox 2313 4297 3820 4374; baseline -0.009 -13"><span class='ocrx_word' id='word_1_630' title='bbox 2313 4304 2390 4374; x_wconf 82' lang='grc' dir='ltr'><strong>Τῇ</strong></span> <span class='ocrx_word' id='word_1_631' title='bbox 2422 4309 2531 4374; x_wconf 77' lang='grc' dir='ltr'><strong>γάρ</strong></span> <span class='ocrx_word' id='word_1_632' title='bbox 2559 4305 2694 4374; x_wconf 83' lang='grc' dir='ltr'>αύτῇ</span> <span class='ocrx_word' id='word_1_633' title='bbox 2735 4303 2983 4374; x_wconf 81' lang='grc' dir='ltr'>δυνάμει,</span> <span class='ocrx_word' id='word_1_634' title='bbox 3017 4301 3158 4357; x_wconf 80' lang='grc' dir='ltr'><strong>κατά</strong></span> <span class='ocrx_word' id='word_1_635' title='bbox 3195 4301 3288 4355; x_wconf 79' lang='grc' dir='ltr'>τὸν</span> <span class='ocrx_word' id='word_1_636' title='bbox 3322 4300 3490 4354; x_wconf 80' lang='grc' dir='ltr'>αὑτὸν</span> <span class='ocrx_word' id='word_1_637' title='bbox 3522 4299 3618 4353; x_wconf 78' lang='grc' dir='ltr'><strong>καὶ</strong></span> <span class='ocrx_word' id='word_1_638' title='bbox 3643 4297 3820 4368; x_wconf 87' lang='grc' dir='ltr'>χρόνον</span> 
     </span>
    </p>
   </div>
   <div class='ocr_carea' id='block_1_82' title="bbox 561 4388 2139 4460">
    <p class='ocr_par' dir='ltr' id='par_1_82' title="bbox 561 4388 2139 4452">
     <span class='ocr_line' id='line_1_82' title="bbox 561 4388 2139 4452; baseline -0.002 -4"><span class='ocrx_word' id='word_1_639' title='bbox 561 4393 733 4448; x_wconf 69' lang='lat' dir='ltr'><strong>Judazi</strong></span> <span class='ocrx_word' id='word_1_640' title='bbox 757 4393 826 4446; x_wconf 90' lang='lat' dir='ltr'><strong>ab</strong></span> <span class='ocrx_word' id='word_1_641' title='bbox 847 4389 1024 4445; x_wconf 86' lang='lat' dir='ltr'><strong>ollicio</strong></span> <span class='ocrx_word' id='word_1_642' title='bbox 1049 4404 1158 4443; x_wconf 89' lang='lat' dir='ltr'><strong>non</strong></span> <span class='ocrx_word' id='word_1_643' title='bbox 1190 4389 1525 4452; x_wconf 76' lang='lat' dir='ltr'><strong>recedentes,</strong></span> <span class='ocrx_word' id='word_1_644' title='bbox 1548 4388 1622 4441; x_wconf 92' lang='lat' dir='ltr'><strong>nil</strong></span> <span class='ocrx_word' id='word_1_645' title='bbox 1652 4389 1774 4441; x_wconf 90' lang='lat' dir='ltr'><strong>mali</strong></span> <span class='ocrx_word' id='word_1_646' title='bbox 1811 4391 2139 4445; x_wconf 90' lang='lat' dir='ltr'><strong>sentiebant.</strong></span> 
     </span>
    </p>
   </div>
   <div class='ocr_carea' id='block_1_83' title="bbox 2241 4388 3823 4460">
    <p class='ocr_par' dir='ltr' id='par_1_83' title="bbox 2248 4389 3823 4460">
     <span class='ocr_line' id='line_1_83' title="bbox 2248 4389 3823 4460; baseline -0.004 -13"><span class='ocrx_word' id='word_1_647' title='bbox 2248 4396 2341 4448; x_wconf 88' lang='grc' dir='ltr'><strong>καί</strong></span> <span class='ocrx_word' id='word_1_648' title='bbox 2366 4397 2546 4460; x_wconf 87' lang='grc' dir='ltr'>τόπον,</span> <span class='ocrx_word' id='word_1_649' title='bbox 2580 4397 2640 4449; x_wconf 87' lang='grc' dir='ltr'><strong>τό</strong></span> <span class='ocrx_word' id='word_1_650' title='bbox 2665 4413 2723 4449; x_wconf 84' lang='grc' dir='ltr'><strong>τε</strong></span> <span class='ocrx_word' id='word_1_651' title='bbox 2747 4394 3017 4449; x_wconf 87' lang='grc' dir='ltr'>ἀτακτοῦν</span> <span class='ocrx_word' id='word_1_652' title='bbox 3041 4393 3347 4459; x_wconf 78' lang='grc' dir='ltr'>ἐκολάζετο,</span> <span class='ocrx_word' id='word_1_653' title='bbox 3371 4395 3467 4447; x_wconf 73' lang='grc' dir='ltr'><strong>καὶ</strong></span> <span class='ocrx_word' id='word_1_654' title='bbox 3487 4392 3698 4454; x_wconf 83' lang='grc' dir='ltr'>ἀπαθὲς</span> <span class='ocrx_word' id='word_1_655' title='bbox 3722 4389 3823 4442; x_wconf 79' lang='grc' dir='ltr'>διέ-</span> 
     </span>
    </p>
   </div>
   <div class='ocr_carea' id='block_1_84' title="bbox 564 4479 2139 4557">
    <p class='ocr_par' dir='ltr' id='par_1_84' title="bbox 564 4481 2139 4555">
     <span class='ocr_line' id='line_1_84' title="bbox 564 4481 2139 4555; baseline -0.002 -15"><span class='ocrx_word' id='word_1_656' title='bbox 564 4483 805 4555; x_wconf 68' lang='lat' dir='ltr'><strong>Egyptii</strong></span> <span class='ocrx_word' id='word_1_657' title='bbox 854 4497 984 4538; x_wconf 88' lang='lat' dir='ltr'><strong>vero</strong></span> <span class='ocrx_word' id='word_1_658' title='bbox 1032 4496 1311 4551; x_wconf 88' lang='lat' dir='ltr'><strong>perperam</strong></span> <span class='ocrx_word' id='word_1_659' title='bbox 1350 4488 1404 4534; x_wconf 91' lang='lat' dir='ltr'><strong>et</strong></span> <span class='ocrx_word' id='word_1_660' title='bbox 1442 4481 1743 4549; x_wconf 81' lang='lat' dir='ltr'><strong>cogitantes</strong></span> <span class='ocrx_word' id='word_1_661' title='bbox 1801 4489 1854 4535; x_wconf 92' lang='lat' dir='ltr'><strong>et</strong></span> <span class='ocrx_word' id='word_1_662' title='bbox 1926 4493 2139 4552; x_wconf 78' lang='lat' dir='ltr'><strong>agentes</strong></span> 
     </span>
    </p>
   </div>
   <div class='ocr_carea' id='block_1_85' title="bbox 2241 4479 3822 4557">
    <p class='ocr_par' dir='ltr' id='par_1_85' title="bbox 2247 4479 3822 4557">
     <span class='ocr_line' id='line_1_85' title="bbox 2247 4479 3822 4557; baseline -0.004 -20"><span class='ocrx_word' id='word_1_663' title='bbox 2247 4502 2373 4554; x_wconf 85' lang='grc' dir='ltr'>μενε</span> <span class='ocrx_word' id='word_1_664' title='bbox 2409 4485 2470 4538; x_wconf 81' lang='grc' dir='ltr'>τὸ</span> <span class='ocrx_word' id='word_1_665' title='bbox 2503 4486 2700 4550; x_wconf 89' lang='grc' dir='ltr'>κακίας</span> <span class='ocrx_word' id='word_1_666' title='bbox 2740 4485 3041 4557; x_wconf 82' lang='grc' dir='ltr'>ἐλεύθερον.</span> <span class='ocrx_word' id='word_1_667' title='bbox 3078 4486 3266 4556; x_wconf 87' lang='grc' dir='ltr'>Πάσης</span> <span class='ocrx_word' id='word_1_668' title='bbox 3293 4484 3402 4556; x_wconf 86' lang='grc' dir='ltr'><strong>γὰρ</strong></span> <span class='ocrx_word' id='word_1_669' title='bbox 3426 4485 3554 4538; x_wconf 81' lang='grc' dir='ltr'>τότε</span> <span class='ocrx_word' id='word_1_670' title='bbox 3583 4483 3684 4551; x_wconf 78' lang='grc' dir='ltr'>τῆς</span> <span class='ocrx_word' id='word_1_671' title='bbox 3720 4479 3822 4533; x_wconf 85' lang='grc' dir='ltr'><strong>τῶν</strong></span> 
     </span>
    </p>
   </div>
   <div class='ocr_carea' id='block_1_86' title="bbox 563 4569 2139 4648">
    <p class='ocr_par' dir='ltr' id='par_1_86' title="bbox 563 4569 2139 4644">
     <span class='ocr_line' id='line_1_86' title="bbox 563 4569 2139 4644; baseline -0.003 -15"><span class='ocrx_word' id='word_1_672' title='bbox 563 4577 765 4630; x_wconf 86' lang='lat' dir='ltr'><strong>acriter</strong></span> <span class='ocrx_word' id='word_1_673' title='bbox 787 4574 1186 4644; x_wconf 86' lang='lat' dir='ltr'><strong>plectebantur.</strong></span> <span class='ocrx_word' id='word_1_674' title='bbox 1203 4569 1336 4624; x_wconf 85' lang='lat' dir='ltr'><strong>Nam</strong></span> <span class='ocrx_word' id='word_1_675' title='bbox 1364 4585 1503 4640; x_wconf 89' lang='lat' dir='ltr'><strong>aqua</strong></span> <span class='ocrx_word' id='word_1_676' title='bbox 1526 4586 1620 4639; x_wconf 93' lang='lat' dir='ltr'><strong>per</strong></span> <span class='ocrx_word' id='word_1_677' title='bbox 1647 4571 1955 4625; x_wconf 88' lang='lat' dir='ltr'><strong>universam</strong></span> <span class='ocrx_word' id='word_1_678' title='bbox 1985 4571 2139 4644; x_wconf 61' lang='lat' dir='ltr'><strong>Egy-</strong></span> 
     </span>
    </p>
   </div>
   <div class='ocr_carea' id='block_1_87' title="bbox 2241 4569 3824 4648">
    <p class='ocr_par' dir='ltr' id='par_1_87' title="bbox 2244 4575 3824 4648">
     <span class='ocr_line' id='line_1_87' title="bbox 2244 4575 3824 4648; baseline 0.001 -20"><span class='ocrx_word' id='word_1_679' title='bbox 2244 4577 2450 4630; x_wconf 79' lang='grc' dir='ltr'>ὑδάτων</span> <span class='ocrx_word' id='word_1_680' title='bbox 2480 4577 2694 4647; x_wconf 80' lang='grc' dir='ltr'>φύσεως</span> <span class='ocrx_word' id='word_1_681' title='bbox 2728 4577 2870 4631; x_wconf 83' lang='grc' dir='ltr'><strong>κατά</strong></span> <span class='ocrx_word' id='word_1_682' title='bbox 2899 4577 2996 4648; x_wconf 77' lang='grc' dir='ltr'>τὴν</span> <span class='ocrx_word' id='word_1_683' title='bbox 3031 4577 3302 4645; x_wconf 76' lang='grc' dir='ltr'>Αἴγυπτον</span> <span class='ocrx_word' id='word_1_684' title='bbox 3332 4575 3408 4645; x_wconf 84' lang='grc' dir='ltr'>τῷ</span> <span class='ocrx_word' id='word_1_685' title='bbox 3439 4575 3824 4645; x_wconf 79' lang='grc' dir='ltr'>προστάγματι</span> 
     </span>
    </p>
   </div>
   <div class='ocr_carea' id='block_1_88' title="bbox 562 4661 2139 4782">
    <p class='ocr_par' dir='ltr' id='par_1_88' title="bbox 562 4661 2139 4782">
     <span class='ocr_line' id='line_1_88' title="bbox 562 4661 2139 4739; baseline -0.001 -17"><span class='ocrx_word' id='word_1_686' title='bbox 562 4678 716 4739; x_wconf 89' lang='lat' dir='ltr'><strong>ptum</strong></span> <span class='ocrx_word' id='word_1_687' title='bbox 747 4669 800 4721; x_wconf 92' lang='lat' dir='ltr'><strong>in</strong></span> <span class='ocrx_word' id='word_1_688' title='bbox 835 4666 1152 4737; x_wconf 88' lang='lat' dir='ltr'><strong>sanguinem</strong></span> <span class='ocrx_word' id='word_1_689' title='bbox 1175 4663 1403 4733; x_wconf 87' lang='lat' dir='ltr'><strong>jubente</strong></span> <span class='ocrx_word' id='word_1_690' title='bbox 1433 4661 1614 4732; x_wconf 81' lang='lat' dir='ltr'><strong>Moyse</strong></span> <span class='ocrx_word' id='word_1_691' title='bbox 1642 4680 1905 4719; x_wconf 83' lang='lat' dir='ltr'><strong>conversa</strong></span> <span class='ocrx_word' id='word_1_692' title='bbox 1938 4678 2040 4730; x_wconf 90' lang='lat' dir='ltr'><strong>est,</strong></span> <span class='ocrx_word' id='word_1_693' title='bbox 2082 4675 2139 4720; x_wconf 92' lang='lat' dir='ltr'><strong>ut</strong></span> 
     </span>
     <span class='ocr_line' id='line_1_89' title="bbox 566 4754 2115 4782; baseline 0 0"><span class='ocrx_word' id='word_1_694' title='bbox 566 4780 580 4782; x_wconf 95' lang='lat'><em>_</em></span> <span class='ocrx_word' id='word_1_695' title='bbox 607 4762 647 4782; x_wconf 70' lang='grc' dir='ltr'><strong>Δ1</strong></span> <span class='ocrx_word' id='word_1_696' title='bbox 673 4761 850 4782; x_wconf 65' lang='grc'><strong>-2.--..,.</strong></span> <span class='ocrx_word' id='word_1_697' title='bbox 877 4759 975 4782; x_wconf 69' lang='lat'><strong>2..-:</strong></span> <span class='ocrx_word' id='word_1_698' title='bbox 1008 4759 1071 4782; x_wconf 67' lang='grc'><strong>..1.</strong></span> <span class='ocrx_word' id='word_1_699' title='bbox 1090 4771 1349 4782; x_wconf 67' lang='grc' dir='ltr'><strong>..ο-..Α-...νι</strong></span> <span class='ocrx_word' id='word_1_700' title='bbox 1377 4754 1739 4782; x_wconf 61' lang='grc' dir='ltr'><strong>ιηηιι-ιςζΙ-ιλέιιη</strong></span> <span class='ocrx_word' id='word_1_701' title='bbox 1767 4770 1956 4782; x_wconf 57' lang='grc' dir='ltr'><strong>,ιη-ιιικῆ</strong></span> <span class='ocrx_word' id='word_1_702' title='bbox 1987 4771 2115 4782; x_wconf 52' lang='lat' dir='ltr'><strong>“At...</strong></span> 
     </span>
    </p>
   </div>
   <div class='ocr_carea' id='block_1_89' title="bbox 2241 4661 3821 4782">
    <p class='ocr_par' dir='ltr' id='par_1_89' title="bbox 2245 4663 3821 4782">
     <span class='ocr_line' id='line_1_90' title="bbox 2245 4663 3821 4740; baseline -0.002 -21"><span class='ocrx_word' id='word_1_703' title='bbox 2245 4668 2520 4730; x_wconf 79' lang='grc' dir='ltr'>Μωῦσέως</span> <span class='ocrx_word' id='word_1_704' title='bbox 2558 4670 2639 4732; x_wconf 86' lang='grc' dir='ltr'><strong>είς</strong></span> <span class='ocrx_word' id='word_1_705' title='bbox 2677 4663 2816 4740; x_wconf 77' lang='grc' dir='ltr'>αἷμα</span> <span class='ocrx_word' id='word_1_706' title='bbox 2844 4669 3164 4740; x_wconf 85' lang='grc' dir='ltr'>τραπείσης,</span> <span class='ocrx_word' id='word_1_707' title='bbox 3201 4668 3273 4732; x_wconf 87' lang='grc' dir='ltr'>ὼς</span> <span class='ocrx_word' id='word_1_708' title='bbox 3315 4667 3409 4720; x_wconf 74' lang='grc' dir='ltr'><strong>καὶ</strong></span> <span class='ocrx_word' id='word_1_709' title='bbox 3446 4669 3580 4728; x_wconf 80' lang='grc' dir='ltr'>τοὺς</span> <span class='ocrx_word' id='word_1_710' title='bbox 3621 4664 3821 4736; x_wconf 74' lang='grc' dir='ltr'>ἰχθύας.</span> 
     </span>
     <span class='ocr_line' id='line_1_91' title="bbox 2249 4759 3793 4782; baseline -0.002 -2"><span class='ocrx_word' id='word_1_711' title='bbox 2249 4762 2323 4782; x_wconf 31' lang='grc' dir='ltr'><strong>,ιμ</strong></span> <span class='ocrx_word' id='word_1_712' title='bbox 2362 4761 2597 4782; x_wconf 31' lang='grc' dir='ltr'>μημιον,</span> <span class='ocrx_word' id='word_1_713' title='bbox 2637 4780 2689 4782; x_wconf 62' lang='lat'><strong>_,</strong></span> <span class='ocrx_word' id='word_1_714' title='bbox 2759 4762 2907 4782; x_wconf 31' lang='grc' dir='ltr'>μην</span> <span class='ocrx_word' id='word_1_715' title='bbox 2978 4761 3026 4782; x_wconf 61' lang='lat'><strong>,~</strong></span> <span class='ocrx_word' id='word_1_716' title='bbox 3060 4761 3668 4782; x_wconf 36' lang='lat' dir='ltr'><strong>ve,,_-_._____-n1.___-</strong></span> <span class='ocrx_word' id='word_1_717' title='bbox 3715 4759 3793 4782; x_wconf 47' lang='grc' dir='ltr'><strong>ι,</strong></span> 
     </span>
    </p>
   </div>
   <div class='ocr_carea' id='block_1_90' title="bbox 565 4754 2143 4830">
    <p class='ocr_par' dir='ltr' id='par_1_90' title="bbox 565 4754 2143 4830">
     <span class='ocr_line' id='line_1_92' title="bbox 565 4754 2143 4830; baseline -0.003 -17"><span class='ocrx_word' id='word_1_718' title='bbox 565 4762 650 4817; x_wconf 75' lang='lat' dir='ltr'><strong>vel</strong></span> <span class='ocrx_word' id='word_1_719' title='bbox 673 4761 854 4830; x_wconf 86' lang='lat' dir='ltr'><strong>pisces</strong></span> <span class='ocrx_word' id='word_1_720' title='bbox 877 4759 977 4828; x_wconf 87' lang='lat' dir='ltr'><strong>ipsi</strong></span> <span class='ocrx_word' id='word_1_721' title='bbox 1007 4759 1074 4811; x_wconf 90' lang='lat' dir='ltr'><strong>ab</strong></span> <span class='ocrx_word' id='word_1_722' title='bbox 1090 4771 1350 4826; x_wconf 89' lang='lat' dir='ltr'><strong>aquarum</strong></span> <span class='ocrx_word' id='word_1_723' title='bbox 1376 4754 1741 4809; x_wconf 88' lang='lat' dir='ltr'><strong>crassitudine</strong></span> <span class='ocrx_word' id='word_1_724' title='bbox 1765 4770 1959 4810; x_wconf 87' lang='lat' dir='ltr'><strong>carnea</strong></span> <span class='ocrx_word' id='word_1_725' title='bbox 1986 4771 2143 4810; x_wconf 88' lang='lat' dir='ltr'><strong>neca-</strong></span> 
     </span>
    </p>
   </div>
   <div class='ocr_carea' id='block_1_91' title="bbox 567 4846 2144 4920">
    <p class='ocr_par' dir='ltr' id='par_1_91' title="bbox 567 4846 2144 4920">
     <span class='ocr_line' id='line_1_93' title="bbox 567 4846 2144 4920; baseline -0.003 -12"><span class='ocrx_word' id='word_1_726' title='bbox 567 4863 755 4908; x_wconf 81' lang='lat' dir='ltr'><strong>rentur</strong></span> <span class='ocrx_word' id='word_1_727' title='bbox 771 4849 1000 4904; x_wconf 71' lang='lat' dir='ltr'><strong>:Juilaeis</strong></span> <span class='ocrx_word' id='word_1_728' title='bbox 1015 4850 1148 4906; x_wconf 85' lang='lat' dir='ltr'><strong>solis</strong></span> <span class='ocrx_word' id='word_1_729' title='bbox 1159 4850 1380 4920; x_wconf 83' lang='lat' dir='ltr'><strong>sanguis</strong></span> <span class='ocrx_word' id='word_1_730' title='bbox 1404 4865 1539 4918; x_wconf 86' lang='lat' dir='ltr'><strong>aqua</strong></span> <span class='ocrx_word' id='word_1_731' title='bbox 1560 4855 1674 4901; x_wconf 86' lang='lat' dir='ltr'><strong>erat</strong></span> <span class='ocrx_word' id='word_1_732' title='bbox 1693 4846 2144 4917; x_wconf 85' lang='lat' dir='ltr'><strong>limpidior.Undc</strong></span> 
     </span>
    </p>
   </div>
   <div class='ocr_carea' id='block_1_92' title="bbox 563 4938 2141 5009">
    <p class='ocr_par' dir='ltr' id='par_1_92' title="bbox 563 4938 2141 5009">
     <span class='ocr_line' id='line_1_94' title="bbox 563 4938 2141 5009; baseline -0.003 -11"><span class='ocrx_word' id='word_1_733' title='bbox 563 4942 1114 4998; x_wconf 88' lang='lat' dir='ltr'><strong>habuitoccasionem</strong></span> <span class='ocrx_word' id='word_1_734' title='bbox 1137 4956 1225 4996; x_wconf 91' lang='lat' dir='ltr'><strong>ars</strong></span> <span class='ocrx_word' id='word_1_735' title='bbox 1243 4941 1450 5009; x_wconf 85' lang='lat' dir='ltr'><strong>magica</strong></span> <span class='ocrx_word' id='word_1_736' title='bbox 1491 4938 1772 5009; x_wconf 80' lang='lat' dir='ltr'><strong>sanguinis</strong></span> <span class='ocrx_word' id='word_1_737' title='bbox 1811 4939 2044 5008; x_wconf 88' lang='lat' dir='ltr'><strong>speciem</strong></span> <span class='ocrx_word' id='word_1_738' title='bbox 2087 4940 2141 4994; x_wconf 92' lang='lat' dir='ltr'><strong>in</strong></span> 
     </span>
    </p>
   </div>
   <div class='ocr_carea' id='block_1_93' title="bbox 564 5031 2146 5105">
    <p class='ocr_par' dir='ltr' id='par_1_93' title="bbox 564 5031 2146 5105">
     <span class='ocr_line' id='line_1_95' title="bbox 564 5031 2146 5105; baseline -0.001 -18"><span class='ocrx_word' id='word_1_739' title='bbox 564 5049 727 5105; x_wconf 85' lang='lat' dir='ltr'><strong>aqua,</strong></span> <span class='ocrx_word' id='word_1_740' title='bbox 778 5049 898 5102; x_wconf 70' lang='lat' dir='ltr'><strong>quae</strong></span> <span class='ocrx_word' id='word_1_741' title='bbox 947 5033 1087 5102; x_wconf 89' lang='lat' dir='ltr'><strong>apud</strong></span> <span class='ocrx_word' id='word_1_742' title='bbox 1137 5031 1389 5086; x_wconf 78' lang='lat' dir='ltr'><strong>llebrzeos</strong></span> <span class='ocrx_word' id='word_1_743' title='bbox 1439 5031 1831 5094; x_wconf 86' lang='lat' dir='ltr'><strong>inveniebatur,</strong></span> <span class='ocrx_word' id='word_1_744' title='bbox 1880 5031 2146 5087; x_wconf 85' lang='lat' dir='ltr'><strong>fallaciter</strong></span> 
     </span>
    </p>
   </div>
   <div class='ocr_carea' id='block_1_94' title="bbox 564 5123 2142 5193">
    <p class='ocr_par' dir='ltr' id='par_1_94' title="bbox 564 5123 2142 5193">
     <span class='ocr_line' id='line_1_96' title="bbox 564 5123 2142 5193; baseline -0.002 -13"><span class='ocrx_word' id='word_1_745' title='bbox 564 5123 950 5180; x_wconf 87' lang='lat' dir='ltr'><strong>adumbrandi.</strong></span> <span class='ocrx_word' id='word_1_746' title='bbox 1005 5125 1265 5178; x_wconf 88' lang='lat' dir='ltr'><strong>Similiter</strong></span> <span class='ocrx_word' id='word_1_747' title='bbox 1311 5139 1530 5193; x_wconf 88' lang='lat' dir='ltr'><strong>quoque</strong></span> <span class='ocrx_word' id='word_1_748' title='bbox 1585 5139 1840 5177; x_wconf 89' lang='lat' dir='ltr'><strong>ranarum</strong></span> <span class='ocrx_word' id='word_1_749' title='bbox 1901 5126 2142 5193; x_wconf 87' lang='lat' dir='ltr'><strong>irrepens</strong></span> 
     </span>
    </p>
   </div>
   <div class='ocr_carea' id='block_1_95' title="bbox 564 5215 2133 5286">
    <p class='ocr_par' dir='ltr' id='par_1_95' title="bbox 564 5215 2133 5286">
     <span class='ocr_line' id='line_1_97' title="bbox 564 5215 2133 5286; baseline -0.002 -14"><span class='ocrx_word' id='word_1_750' title='bbox 564 5216 882 5278; x_wconf 86' lang='lat' dir='ltr'><strong>multitudo,</strong></span> <span class='ocrx_word' id='word_1_751' title='bbox 915 5231 1143 5286; x_wconf 87' lang='lat' dir='ltr'><strong>quarum</strong></span> <span class='ocrx_word' id='word_1_752' title='bbox 1172 5215 1449 5285; x_wconf 87' lang='lat' dir='ltr'><strong>generatio</strong></span> <span class='ocrx_word' id='word_1_753' title='bbox 1482 5231 1585 5268; x_wconf 91' lang='lat' dir='ltr'><strong>non</strong></span> <span class='ocrx_word' id='word_1_754' title='bbox 1618 5217 1851 5270; x_wconf 85' lang='lat' dir='ltr'><strong>naturali</strong></span> <span class='ocrx_word' id='word_1_755' title='bbox 1885 5233 2049 5270; x_wconf 87' lang='lat' dir='ltr'><strong>cursu</strong></span> <span class='ocrx_word' id='word_1_756' title='bbox 2083 5233 2133 5269; x_wconf 82' lang='lat' dir='ltr'><strong>e-</strong></span> 
     </span>
    </p>
   </div>
   <div class='ocr_carea' id='block_1_96' title="bbox 567 5306 2144 5372">
    <p class='ocr_par' dir='ltr' id='par_1_96' title="bbox 567 5306 2144 5372">
     <span class='ocr_line' id='line_1_98' title="bbox 567 5306 2144 5372; baseline -0.002 -11"><span class='ocrx_word' id='word_1_757' title='bbox 567 5311 947 5370; x_wconf 87' lang='lat' dir='ltr'><strong>lementorum,</strong></span> <span class='ocrx_word' id='word_1_758' title='bbox 973 5306 1066 5361; x_wconf 89' lang='lat' dir='ltr'><strong>sed</strong></span> <span class='ocrx_word' id='word_1_759' title='bbox 1089 5309 1313 5365; x_wconf 89' lang='lat' dir='ltr'><strong>coactis.</strong></span> <span class='ocrx_word' id='word_1_760' title='bbox 1344 5315 1401 5357; x_wconf 91' lang='lat' dir='ltr'><strong>nt</strong></span> <span class='ocrx_word' id='word_1_761' title='bbox 1427 5307 1500 5358; x_wconf 84' lang='lat' dir='ltr'><strong>ita</strong></span> <span class='ocrx_word' id='word_1_762' title='bbox 1518 5306 1718 5369; x_wconf 89' lang='lat' dir='ltr'><strong>dicam,</strong></span> <span class='ocrx_word' id='word_1_763' title='bbox 1736 5306 2040 5370; x_wconf 87' lang='lat' dir='ltr'><strong>elementis,</strong></span> <span class='ocrx_word' id='word_1_764' title='bbox 2057 5306 2144 5372; x_wconf 87' lang='lat' dir='ltr'><strong>ju-</strong></span> 
     </span>
    </p>
   </div>
   <div class='ocr_carea' id='block_1_97' title="bbox 565 5397 2141 5470">
    <p class='ocr_par' dir='ltr' id='par_1_97' title="bbox 565 5397 2141 5470">
     <span class='ocr_line' id='line_1_99' title="bbox 565 5397 2141 5470; baseline -0.002 -17"><span class='ocrx_word' id='word_1_765' title='bbox 565 5401 723 5454; x_wconf 84' lang='lat' dir='ltr'><strong>bente</strong></span> <span class='ocrx_word' id='word_1_766' title='bbox 760 5398 943 5470; x_wconf 85' lang='lat' dir='ltr'><strong>Moyse</strong></span> <span class='ocrx_word' id='word_1_767' title='bbox 982 5398 1124 5452; x_wconf 87' lang='lat' dir='ltr'><strong>facta</strong></span> <span class='ocrx_word' id='word_1_768' title='bbox 1160 5407 1262 5460; x_wconf 88' lang='lat' dir='ltr'><strong>est,</strong></span> <span class='ocrx_word' id='word_1_769' title='bbox 1302 5405 1356 5451; x_wconf 93' lang='lat' dir='ltr'><strong>et</strong></span> <span class='ocrx_word' id='word_1_770' title='bbox 1391 5398 1624 5466; x_wconf 87' lang='lat' dir='ltr'><strong>repletas</strong></span> <span class='ocrx_word' id='word_1_771' title='bbox 1653 5397 1843 5451; x_wconf 89' lang='lat' dir='ltr'><strong>domos</strong></span> <span class='ocrx_word' id='word_1_772' title='bbox 1875 5398 2141 5454; x_wconf 77' lang='lat' dir='ltr'><strong>infestans</strong></span> 
     </span>
    </p>
   </div>
   <div class='ocr_carea' id='block_1_98' title="bbox 565 5487 2142 5561">
    <p class='ocr_par' dir='ltr' id='par_1_98' title="bbox 565 5487 2142 5561">
     <span class='ocr_line' id='line_1_100' title="bbox 565 5487 2142 5561; baseline -0.001 -16"><span class='ocrx_word' id='word_1_773' title='bbox 565 5492 698 5546; x_wconf 78' lang='lat' dir='ltr'><strong>solis</strong></span> <span class='ocrx_word' id='word_1_774' title='bbox 727 5491 1043 5561; x_wconf 88' lang='lat' dir='ltr'><strong>turpissima</strong></span> <span class='ocrx_word' id='word_1_775' title='bbox 1061 5487 1333 5559; x_wconf 57' lang='lat' dir='ltr'><strong>{Egyptiis</strong></span> <span class='ocrx_word' id='word_1_776' title='bbox 1353 5487 1621 5542; x_wconf 87' lang='lat' dir='ltr'><strong>inferebat</strong></span> <span class='ocrx_word' id='word_1_777' title='bbox 1653 5487 1866 5542; x_wconf 87' lang='lat' dir='ltr'><strong>fastidia</strong></span> <span class='ocrx_word' id='word_1_778' title='bbox 1891 5507 1903 5542; x_wconf 88' lang='lat'><strong>:</strong></span> <span class='ocrx_word' id='word_1_779' title='bbox 1931 5487 2142 5543; x_wconf 59' lang='lat' dir='ltr'><strong>Iudaeo-</strong></span> 
     </span>
    </p>
   </div>
   <div class='ocr_carea' id='block_1_99' title="bbox 563 5579 2136 5648">
    <p class='ocr_par' dir='ltr' id='par_1_99' title="bbox 563 5579 2136 5648">
     <span class='ocr_line' id='line_1_101' title="bbox 563 5579 2136 5648; baseline -0.001 -14"><span class='ocrx_word' id='word_1_780' title='bbox 563 5597 685 5635; x_wconf 92' lang='lat' dir='ltr'><strong>rum</strong></span> <span class='ocrx_word' id='word_1_781' title='bbox 721 5595 850 5636; x_wconf 80' lang='lat' dir='ltr'><strong>vero</strong></span> <span class='ocrx_word' id='word_1_782' title='bbox 897 5581 1005 5634; x_wconf 88' lang='lat' dir='ltr'><strong>vita</strong></span> <span class='ocrx_word' id='word_1_783' title='bbox 1033 5580 1255 5634; x_wconf 79' lang='lat' dir='ltr'><strong>nihilex</strong></span> <span class='ocrx_word' id='word_1_784' title='bbox 1291 5579 1600 5648; x_wconf 69' lang='lat' dir='ltr'><strong>huiusmodi</strong></span> <span class='ocrx_word' id='word_1_785' title='bbox 1644 5580 1887 5634; x_wconf 86' lang='lat' dir='ltr'><strong>bestiolis</strong></span> <span class='ocrx_word' id='word_1_786' title='bbox 1928 5580 2136 5633; x_wconf 88' lang='lat' dir='ltr'><strong>incom-</strong></span> 
     </span>
    </p>
   </div>
   <div class='ocr_carea' id='block_1_100' title="bbox 566 5667 2139 5739">
    <p class='ocr_par' dir='ltr' id='par_1_100' title="bbox 566 5667 2139 5739">
     <span class='ocr_line' id='line_1_102' title="bbox 566 5667 2139 5739; baseline 0.003 -17"><span class='ocrx_word' id='word_1_787' title='bbox 566 5669 711 5722; x_wconf 91' lang='lat' dir='ltr'><strong>modi</strong></span> <span class='ocrx_word' id='word_1_788' title='bbox 734 5670 1055 5739; x_wconf 85' lang='lat' dir='ltr'><strong>patiebatur.</strong></span> <span class='ocrx_word' id='word_1_789' title='bbox 1089 5668 1182 5723; x_wconf 89' lang='lat' dir='ltr'><strong>Sic</strong></span> <span class='ocrx_word' id='word_1_790' title='bbox 1206 5670 1369 5724; x_wconf 87' lang='lat' dir='ltr'><strong>etiam</strong></span> <span class='ocrx_word' id='word_1_791' title='bbox 1400 5684 1492 5722; x_wconf 88' lang='lat' dir='ltr'><strong>aer</strong></span> <span class='ocrx_word' id='word_1_792' title='bbox 1520 5669 1722 5722; x_wconf 90' lang='lat' dir='ltr'><strong>nullam</strong></span> <span class='ocrx_word' id='word_1_793' title='bbox 1742 5667 1847 5724; x_wconf 91' lang='lat' dir='ltr'><strong>diei</strong></span> <span class='ocrx_word' id='word_1_794' title='bbox 1872 5684 1934 5723; x_wconf 91' lang='lat' dir='ltr'><strong>ac</strong></span> <span class='ocrx_word' id='word_1_795' title='bbox 1963 5672 2139 5726; x_wconf 83' lang='lat' dir='ltr'><strong>noctis</strong></span> 
     </span>
    </p>
   </div>
   <div class='ocr_carea' id='block_1_101' title="bbox 565 5759 2138 5832">
    <p class='ocr_par' dir='ltr' id='par_1_101' title="bbox 565 5759 2138 5832">
     <span class='ocr_line' id='line_1_103' title="bbox 565 5759 2138 5832; baseline 0.004 -20"><span class='ocrx_word' id='word_1_796' title='bbox 565 5759 800 5813; x_wconf 77' lang='lat' dir='ltr'><strong>faciebat</strong></span> <span class='ocrx_word' id='word_1_797' title='bbox 832 5761 1222 5826; x_wconf 81' lang='lat' dir='ltr'><strong>differentiam,</strong></span> <span class='ocrx_word' id='word_1_798' title='bbox 1261 5760 1531 5832; x_wconf 66' lang='lat' dir='ltr'><strong>Egyptiis</strong></span> <span class='ocrx_word' id='word_1_799' title='bbox 1559 5761 1610 5814; x_wconf 93' lang='lat' dir='ltr'><strong>in</strong></span> <span class='ocrx_word' id='word_1_800' title='bbox 1652 5759 1840 5816; x_wconf 89' lang='lat' dir='ltr'><strong>eadem</strong></span> <span class='ocrx_word' id='word_1_801' title='bbox 1880 5763 2138 5818; x_wconf 88' lang='lat' dir='ltr'><strong>continue</strong></span> 
     </span>
    </p>
   </div>
   <div class='ocr_carea' id='block_1_102' title="bbox 566 5851 2139 5924">
    <p class='ocr_par' dir='ltr' id='par_1_102' title="bbox 566 5851 2139 5924">
     <span class='ocr_line' id='line_1_104' title="bbox 566 5851 2139 5924; baseline 0.002 -18"><span class='ocrx_word' id='word_1_802' title='bbox 566 5851 932 5908; x_wconf 70' lang='lat' dir='ltr'><strong>crassitudine</strong></span> <span class='ocrx_word' id='word_1_803' title='bbox 965 5854 1351 5924; x_wconf 73' lang='lat' dir='ltr'><strong>palp’tantibus</strong></span> <span class='ocrx_word' id='word_1_804' title='bbox 1378 5872 1388 5906; x_wconf 87' lang='lat'>:</span> <span class='ocrx_word' id='word_1_805' title='bbox 1433 5859 1487 5906; x_wconf 92' lang='lat' dir='ltr'><strong>at</strong></span> <span class='ocrx_word' id='word_1_806' title='bbox 1514 5851 1718 5908; x_wconf 66' lang='lat' dir='ltr'><strong>Iudaeis</strong></span> <span class='ocrx_word' id='word_1_807' title='bbox 1751 5853 1884 5908; x_wconf 87' lang='lat' dir='ltr'><strong>nihil</strong></span> <span class='ocrx_word' id='word_1_808' title='bbox 1912 5855 2034 5911; x_wconf 81' lang='lat' dir='ltr'><strong>novi</strong></span> <span class='ocrx_word' id='word_1_809' title='bbox 2061 5860 2139 5909; x_wconf 78' lang='lat' dir='ltr'><strong>al-</strong></span> 
     </span>
    </p>
   </div>
   <div class='ocr_carea' id='block_1_103' title="bbox 2245 4759 3825 4834">
    <p class='ocr_par' dir='ltr' id='par_1_103' title="bbox 2245 4759 3825 4834">
     <span class='ocr_line' id='line_1_105' title="bbox 2245 4759 3825 4834; baseline -0.001 -22"><span class='ocrx_word' id='word_1_810' title='bbox 2245 4762 2324 4823; x_wconf 83' lang='grc' dir='ltr'><strong>είς</strong></span> <span class='ocrx_word' id='word_1_811' title='bbox 2353 4761 2604 4832; x_wconf 86' lang='grc' dir='ltr'>σαρκώδη</span> <span class='ocrx_word' id='word_1_812' title='bbox 2632 4762 2912 4834; x_wconf 83' lang='grc' dir='ltr'>παχύτητα</span> <span class='ocrx_word' id='word_1_813' title='bbox 2938 4761 3029 4816; x_wconf 89' lang='grc' dir='ltr'><strong>τοῦ</strong></span> <span class='ocrx_word' id='word_1_814' title='bbox 3059 4762 3246 4825; x_wconf 80' lang='grc' dir='ltr'>ὓδατος</span> <span class='ocrx_word' id='word_1_815' title='bbox 3277 4761 3688 4831; x_wconf 74' lang='grc' dir='ltr'>μετατεθέντος,</span> <span class='ocrx_word' id='word_1_816' title='bbox 3711 4759 3825 4810; x_wconf 87' lang='grc' dir='ltr'>δια·</span> 
     </span>
    </p>
   </div>
   <div class='ocr_carea' id='block_1_104' title="bbox 2247 4845 3826 4925">
    <p class='ocr_par' dir='ltr' id='par_1_104' title="bbox 2247 4845 3826 4925">
     <span class='ocr_line' id='line_1_106' title="bbox 2247 4845 3826 4925; baseline -0.004 -22"><span class='ocrx_word' id='word_1_817' title='bbox 2247 4851 2539 4923; x_wconf 81' lang='grc' dir='ltr'>φθαρῆναι,</span> <span class='ocrx_word' id='word_1_818' title='bbox 2571 4856 2684 4917; x_wconf 86' lang='grc' dir='ltr'>τοῖς</span> <span class='ocrx_word' id='word_1_819' title='bbox 2725 4853 2994 4925; x_wconf 84' lang='grc' dir='ltr'>Ἑϐραίοις</span> <span class='ocrx_word' id='word_1_820' title='bbox 3022 4853 3340 4925; x_wconf 81' lang='grc' dir='ltr'>ἀρυομένοις</span> <span class='ocrx_word' id='word_1_821' title='bbox 3373 4851 3561 4922; x_wconf 88' lang='grc' dir='ltr'>μόνοις</span> <span class='ocrx_word' id='word_1_822' title='bbox 3596 4850 3740 4919; x_wconf 75' lang='grc' dir='ltr'>ὕδωρ</span> <span class='ocrx_word' id='word_1_823' title='bbox 3767 4845 3826 4898; x_wconf 81' lang='grc' dir='ltr'><strong>τδ</strong></span> 
     </span>
    </p>
   </div>
   <div class='ocr_carea' id='block_1_105' title="bbox 2246 4938 3826 5016">
    <p class='ocr_par' dir='ltr' id='par_1_105' title="bbox 2246 4938 3826 5016">
     <span class='ocr_line' id='line_1_107' title="bbox 2246 4938 3826 5016; baseline -0.002 -20"><span class='ocrx_word' id='word_1_824' title='bbox 2246 4942 2384 5014; x_wconf 76' lang='grc' dir='ltr'>αἷμα</span> <span class='ocrx_word' id='word_1_825' title='bbox 2412 4941 2499 5015; x_wconf 83' lang='grc' dir='ltr'><strong>ἦν.</strong></span> <span class='ocrx_word' id='word_1_826' title='bbox 2536 4945 2696 4998; x_wconf 82' lang='grc' dir='ltr'>Ὅθεν</span> <span class='ocrx_word' id='word_1_827' title='bbox 2733 4945 2855 5016; x_wconf 76' lang='grc' dir='ltr'>ἔσχε</span> <span class='ocrx_word' id='word_1_828' title='bbox 2885 4947 2979 4999; x_wconf 75' lang='grc' dir='ltr'>καὶ</span> <span class='ocrx_word' id='word_1_829' title='bbox 3020 4948 3052 5016; x_wconf 80' lang='grc' dir='ltr'><strong>ἡ</strong></span> <span class='ocrx_word' id='word_1_830' title='bbox 3099 4945 3403 5016; x_wconf 88' lang='grc' dir='ltr'>μαγγανεία</span> <span class='ocrx_word' id='word_1_831' title='bbox 3434 4943 3638 5014; x_wconf 76' lang='grc' dir='ltr'>καιρὸν</span> <span class='ocrx_word' id='word_1_832' title='bbox 3666 4945 3722 4994; x_wconf 84' lang='grc' dir='ltr'><strong>ἐν</strong></span> <span class='ocrx_word' id='word_1_833' title='bbox 3753 4938 3826 5009; x_wconf 82' lang='grc' dir='ltr'>τῷ</span> 
     </span>
    </p>
   </div>
   <div class='ocr_carea' id='block_1_106' title="bbox 2248 5031 3827 5107">
    <p class='ocr_par' dir='ltr' id='par_1_106' title="bbox 2248 5031 3827 5107">
     <span class='ocr_line' id='line_1_108' title="bbox 2248 5031 3827 5107; baseline -0.003 -19"><span class='ocrx_word' id='word_1_834' title='bbox 2248 5035 2397 5105; x_wconf 77' lang='grc' dir='ltr'>παρὰ</span> <span class='ocrx_word' id='word_1_835' title='bbox 2417 5039 2529 5098; x_wconf 85' lang='grc' dir='ltr'>τοῖς</span> <span class='ocrx_word' id='word_1_836' title='bbox 2565 5035 2834 5107; x_wconf 87' lang='grc' dir='ltr'>Ἑϐραίοις</span> <span class='ocrx_word' id='word_1_837' title='bbox 2857 5037 3226 5107; x_wconf 78' lang='grc' dir='ltr'>εύρισκομένῳ</span> <span class='ocrx_word' id='word_1_838' title='bbox 3249 5037 3398 5089; x_wconf 82' lang='grc' dir='ltr'>ῦδατι</span> <span class='ocrx_word' id='word_1_839' title='bbox 3425 5036 3489 5088; x_wconf 83' lang='grc' dir='ltr'><strong>τὸ</strong></span> <span class='ocrx_word' id='word_1_840' title='bbox 3522 5031 3827 5103; x_wconf 86' lang='grc' dir='ltr'>αἱματῶδες</span> 
     </span>
    </p>
   </div>
   <div class='ocr_carea' id='block_1_107' title="bbox 2247 5123 3828 5198">
    <p class='ocr_par' dir='ltr' id='par_1_107' title="bbox 2247 5123 3828 5198">
     <span class='ocr_line' id='line_1_109' title="bbox 2247 5123 3828 5198; baseline -0.001 -20"><span class='ocrx_word' id='word_1_841' title='bbox 2247 5123 2384 5190; x_wconf 79' lang='grc' dir='ltr'>εἶδος</span> <span class='ocrx_word' id='word_1_842' title='bbox 2434 5127 2925 5198; x_wconf 80' lang='grc' dir='ltr'>παρασοφίσασθαι.</span> <span class='ocrx_word' id='word_1_843' title='bbox 2962 5128 3232 5189; x_wconf 80' lang='grc' dir='ltr'>Ὡσαύτως</span> <span class='ocrx_word' id='word_1_844' title='bbox 3265 5127 3502 5180; x_wconf 73' lang='grc' dir='ltr'>καὶτῶν</span> <span class='ocrx_word' id='word_1_845' title='bbox 3542 5124 3828 5196; x_wconf 76' lang='grc' dir='ltr'>βατράχων</span> 
     </span>
    </p>
   </div>
   <div class='ocr_carea' id='block_1_108' title="bbox 2248 5210 3828 5286">
    <p class='ocr_par' dir='ltr' id='par_1_108' title="bbox 2248 5210 3828 5286">
     <span class='ocr_line' id='line_1_110' title="bbox 2248 5210 3828 5286; baseline -0.001 -20"><span class='ocrx_word' id='word_1_846' title='bbox 2248 5215 2599 5285; x_wconf 69' lang='grc' dir='ltr'>ἐφερψάντων</span> <span class='ocrx_word' id='word_1_847' title='bbox 2629 5218 2693 5285; x_wconf 85' lang='grc' dir='ltr'>τῇ</span> <span class='ocrx_word' id='word_1_848' title='bbox 2720 5217 2980 5286; x_wconf 82' lang='grc' dir='ltr'>Αἰγύπτῳ</span> <span class='ocrx_word' id='word_1_849' title='bbox 2999 5217 3140 5270; x_wconf 87' lang='grc' dir='ltr'><strong>κατά</strong></span> <span class='ocrx_word' id='word_1_850' title='bbox 3175 5217 3236 5270; x_wconf 85' lang='grc' dir='ltr'><strong>τὸ</strong></span> <span class='ocrx_word' id='word_1_851' title='bbox 3259 5217 3452 5286; x_wconf 82' lang='grc' dir='ltr'>ἀθρόον</span> <span class='ocrx_word' id='word_1_852' title='bbox 3485 5210 3589 5285; x_wconf 80' lang='grc' dir='ltr'>(ὢν</span> <span class='ocrx_word' id='word_1_853' title='bbox 3621 5219 3656 5286; x_wconf 79' lang='grc' dir='ltr'><strong>η</strong></span> <span class='ocrx_word' id='word_1_854' title='bbox 3681 5215 3828 5281; x_wconf 75' lang='grc' dir='ltr'>γένε-</span> 
     </span>
    </p>
   </div>
   <div class='ocr_carea' id='block_1_109' title="bbox 2247 5306 3829 5380">
    <p class='ocr_par' dir='ltr' id='par_1_109' title="bbox 2247 5306 3829 5380">
     <span class='ocr_line' id='line_1_111' title="bbox 2247 5306 3829 5380; baseline 0.001 -23"><span class='ocrx_word' id='word_1_855' title='bbox 2247 5322 2332 5368; x_wconf 92' lang='grc' dir='ltr'><strong>σις</strong></span> <span class='ocrx_word' id='word_1_856' title='bbox 2355 5307 2452 5358; x_wconf 90' lang='grc' dir='ltr'><strong>ούκ</strong></span> <span class='ocrx_word' id='word_1_857' title='bbox 2482 5306 2771 5378; x_wconf 81' lang='grc' dir='ltr'>ἀκολουθίᾳ</span> <span class='ocrx_word' id='word_1_858' title='bbox 2789 5310 2896 5361; x_wconf 76' lang='grc' dir='ltr'>τινὶ</span> <span class='ocrx_word' id='word_1_859' title='bbox 2919 5309 3132 5378; x_wconf 85' lang='grc' dir='ltr'>φύσεως</span> <span class='ocrx_word' id='word_1_860' title='bbox 3153 5309 3517 5380; x_wconf 79' lang='grc' dir='ltr'>νενομισμένῃ</span> <span class='ocrx_word' id='word_1_861' title='bbox 3544 5310 3686 5378; x_wconf 82' lang='grc' dir='ltr'>πρὸς</span> <span class='ocrx_word' id='word_1_862' title='bbox 3711 5322 3829 5358; x_wconf 65' lang='lat'><strong>1-00-</strong></span> 
     </span>
    </p>
   </div>
   <div class='ocr_carea' id='block_1_110' title="bbox 2245 5395 3828 5470">
    <p class='ocr_par' dir='ltr' id='par_1_110' title="bbox 2245 5395 3828 5470">
     <span class='ocr_line' id='line_1_112' title="bbox 2245 5395 3828 5470; baseline 0.005 -22"><span class='ocrx_word' id='word_1_863' title='bbox 2245 5395 2400 5448; x_wconf 89' lang='grc' dir='ltr'>οῦτον</span> <span class='ocrx_word' id='word_1_864' title='bbox 2443 5398 2604 5468; x_wconf 80' lang='grc' dir='ltr'>ἐχέθη</span> <span class='ocrx_word' id='word_1_865' title='bbox 2652 5398 2854 5470; x_wconf 84' lang='grc' dir='ltr'>πλῆθος</span> <span class='ocrx_word' id='word_1_866' title='bbox 2874 5417 2909 5462; x_wconf 80' lang='grc'>’,</span> <span class='ocrx_word' id='word_1_867' title='bbox 2933 5401 3047 5453; x_wconf 79' lang='grc' dir='ltr'>ἀλλ’</span> <span class='ocrx_word' id='word_1_868' title='bbox 3087 5401 3218 5453; x_wconf 69' lang='grc' dir='ltr'>αὐτὸ</span> <span class='ocrx_word' id='word_1_869' title='bbox 3248 5401 3308 5452; x_wconf 80' lang='grc' dir='ltr'>τὸ</span> <span class='ocrx_word' id='word_1_870' title='bbox 3338 5401 3696 5470; x_wconf 87' lang='grc' dir='ltr'>πρόσταγμα,</span> <span class='ocrx_word' id='word_1_871' title='bbox 3733 5396 3828 5462; x_wconf 79' lang='grc' dir='ltr'>τῆς</span> 
     </span>
    </p>
   </div>
   <div class='ocr_carea' id='block_1_111' title="bbox 2243 5486 3828 5563">
    <p class='ocr_par' dir='ltr' id='par_1_111' title="bbox 2243 5486 3828 5563">
     <span class='ocr_line' id='line_1_113' title="bbox 2243 5486 3828 5563; baseline 0 -24"><span class='ocrx_word' id='word_1_872' title='bbox 2243 5489 2352 5540; x_wconf 80' lang='grc' dir='ltr'><strong>τῶν</strong></span> <span class='ocrx_word' id='word_1_873' title='bbox 2385 5489 2671 5560; x_wconf 83' lang='grc' dir='ltr'>βατράχων</span> <span class='ocrx_word' id='word_1_874' title='bbox 2698 5493 3009 5556; x_wconf 84' lang='grc' dir='ltr'>συστάσεως</span> <span class='ocrx_word' id='word_1_875' title='bbox 3041 5493 3138 5563; x_wconf 79' lang='grc' dir='ltr'><strong>τὴν</strong></span> <span class='ocrx_word' id='word_1_876' title='bbox 3171 5494 3540 5558; x_wconf 87' lang='grc' dir='ltr'>ἀναφανεῖσαν</span> <span class='ocrx_word' id='word_1_877' title='bbox 3581 5491 3706 5543; x_wconf 87' lang='grc' dir='ltr'>τότε</span> <span class='ocrx_word' id='word_1_878' title='bbox 3737 5486 3828 5540; x_wconf 76' lang='grc' dir='ltr'><strong>τοῦ</strong></span> 
     </span>
    </p>
   </div>
   <div class='ocr_carea' id='block_1_112' title="bbox 2249 5579 3830 5657">
    <p class='ocr_par' dir='ltr' id='par_1_112' title="bbox 2249 5579 3830 5657">
     <span class='ocr_line' id='line_1_114' title="bbox 2249 5579 3830 5657; baseline -0.001 -26"><span class='ocrx_word' id='word_1_879' title='bbox 2249 5579 2386 5643; x_wconf 81' lang='grc' dir='ltr'>ζώου</span> <span class='ocrx_word' id='word_1_880' title='bbox 2437 5580 2598 5648; x_wconf 86' lang='grc' dir='ltr'>φύσιν</span> <span class='ocrx_word' id='word_1_881' title='bbox 2655 5583 3066 5657; x_wconf 81' lang='grc' dir='ltr'>ἑκαινοτόμησε)</span> <span class='ocrx_word' id='word_1_882' title='bbox 3096 5585 3156 5640; x_wconf 64' lang='grc' dir='ltr'>τὸ</span> <span class='ocrx_word' id='word_1_883' title='bbox 3201 5586 3298 5655; x_wconf 81' lang='grc' dir='ltr'><strong>μὲν</strong></span> <span class='ocrx_word' id='word_1_884' title='bbox 3332 5583 3642 5652; x_wconf 79' lang='grc' dir='ltr'>Αίγύπτιον</span> <span class='ocrx_word' id='word_1_885' title='bbox 3685 5583 3830 5635; x_wconf 78' lang='grc' dir='ltr'>ἅπαν</span> 
     </span>
    </p>
   </div>
   <div class='ocr_carea' id='block_1_113' title="bbox 2247 5669 3830 5747">
    <p class='ocr_par' dir='ltr' id='par_1_113' title="bbox 2247 5669 3830 5747">
     <span class='ocr_line' id='line_1_115' title="bbox 2247 5669 3830 5747; baseline 0.001 -25"><span class='ocrx_word' id='word_1_886' title='bbox 2247 5674 2359 5734; x_wconf 83' lang='grc' dir='ltr'>τοῖς</span> <span class='ocrx_word' id='word_1_887' title='bbox 2383 5670 2591 5744; x_wconf 80' lang='grc' dir='ltr'>θηρίοις</span> <span class='ocrx_word' id='word_1_888' title='bbox 2625 5674 2834 5739; x_wconf 73' lang='grc' dir='ltr'>τούτοις</span> <span class='ocrx_word' id='word_1_889' title='bbox 2876 5678 3014 5730; x_wconf 87' lang='grc' dir='ltr'><strong>κατά</strong></span> <span class='ocrx_word' id='word_1_890' title='bbox 3058 5678 3155 5739; x_wconf 84' lang='grc' dir='ltr'>τὰς</span> <span class='ocrx_word' id='word_1_891' title='bbox 3179 5678 3417 5747; x_wconf 76' lang='grc' dir='ltr'>οἰκήσεις</span> <span class='ocrx_word' id='word_1_892' title='bbox 3450 5669 3830 5745; x_wconf 79' lang='grc' dir='ltr'>στενοχωρού-</span> 
     </span>
    </p>
   </div>
   <div class='ocr_carea' id='block_1_114' title="bbox 2252 5763 3832 5839">
    <p class='ocr_par' dir='ltr' id='par_1_114' title="bbox 2252 5763 3832 5839">
     <span class='ocr_line' id='line_1_116' title="bbox 2252 5763 3832 5839; baseline 0.006 -24"><span class='ocrx_word' id='word_1_893' title='bbox 2252 5781 2409 5834; x_wconf 85' lang='grc' dir='ltr'>μενον</span> <span class='ocrx_word' id='word_1_894' title='bbox 2458 5765 2880 5839; x_wconf 81' lang='grc' dir='ltr'>κατεφθείρετο·</span> <span class='ocrx_word' id='word_1_895' title='bbox 2931 5769 3040 5820; x_wconf 81' lang='grc' dir='ltr'><strong>τῶν</strong></span> <span class='ocrx_word' id='word_1_896' title='bbox 3083 5767 3138 5820; x_wconf 89' lang='grc' dir='ltr'>δὲ</span> <span class='ocrx_word' id='word_1_897' title='bbox 3177 5767 3437 5836; x_wconf 82' lang='grc' dir='ltr'>Ἐϐραίων</span> <span class='ocrx_word' id='word_1_898' title='bbox 3487 5765 3596 5834; x_wconf 80' lang='grc' dir='ltr'>τῆς</span> <span class='ocrx_word' id='word_1_899' title='bbox 3639 5763 3832 5832; x_wconf 72' lang='grc' dir='ltr'>ἀηδίας</span> 
     </span>
    </p>
   </div>
   <div class='ocr_carea' id='block_1_115' title="bbox 2248 5857 3832 5930">
    <p class='ocr_par' dir='ltr' id='par_1_115' title="bbox 2248 5857 3832 5930">
     <span class='ocr_line' id='line_1_117' title="bbox 2248 5857 3832 5930; baseline 0.009 -22"><span class='ocrx_word' id='word_1_900' title='bbox 2248 5859 2448 5928; x_wconf 76' lang='grc' dir='ltr'>ταύτης</span> <span class='ocrx_word' id='word_1_901' title='bbox 2505 5858 2893 5930; x_wconf 79' lang='grc' dir='ltr'>ἐκαθάρευενὴ</span> <span class='ocrx_word' id='word_1_902' title='bbox 2924 5858 3057 5930; x_wconf 75' lang='grc' dir='ltr'><strong>ζωή.</strong></span> <span class='ocrx_word' id='word_1_903' title='bbox 3096 5859 3327 5922; x_wconf 81' lang='grc' dir='ltr'>Οῦτωςό</span> <span class='ocrx_word' id='word_1_904' title='bbox 3357 5858 3464 5929; x_wconf 81' lang='grc' dir='ltr'><strong>ἀὴρ</strong></span> <span class='ocrx_word' id='word_1_905' title='bbox 3505 5859 3626 5920; x_wconf 68' lang='grc' dir='ltr'>τοῖς</span> <span class='ocrx_word' id='word_1_906' title='bbox 3664 5857 3832 5922; x_wconf 61' lang='lat' dir='ltr'><strong>NW&quot;</strong></span> 
     </span>
    </p>
   </div>
  </div>
