3996 6470
165 449 266 507 309

1494 449 1581 503 DE
1622 449 1781 505 VITA
1806 450 2074 507 MOYSlS.

3312 448 3375 504 ες
3384 447 3427 502 0‘

168 564 339 629 πτίοις
366 565 466 637 μὲν
499 562 754 635 οὐδεμίαν
776 562 969 628 νυκτὸς
993 564 1088 619 καὶ
1114 564 1330 637 ἡμέρας
1375 570 1601 638 παρεῖχε
1624 567 1737 620 διά-

1841 566 2063 622 ferebat.
2088 563 2351 620 Similiter
2370 570 2563 620 caetera
2584 578 2802 635 quoque
2826 562 3002 618 omnia
3029 578 3087 618 se
3118 562 3417 640 habebant,-

166 675 365 729 κρισιν.
425 660 484 710 ὲν
535 656 710 727 ὁμοίῳ
761 656 1124 726 διαμενόντων
1162 656 1241 727 τῷ
1279 657 1465 728 ζόφῳ·
1520 661 1633 722 τοῖς
1684 659 1742 712 δὲ

177 750 445 819 Ἑϐραίοις
506 749 656 802 οὐδὲν
688 749 745 800 ἐν
781 747 990 810 τούτοις
1047 749 1457 818 ὲκαινοτομεῖτο
1498 749 1653 819 παρά
1683 749 1745 801 τὸ

169 840 412 909 σύνηθες.
439 840 546 891 Καὶ
572 839 740 892 τᾶλλα
773 838 970 902 πάντα,
1004 838 1145 891 κατά
1178 838 1270 891 τὸν
1309 839 1470 892 αὑτὸν
1499 841 1702 911 τρόπον
1725 857 1741 871 ⁸

167 932 451 1002 ήχάλαζα.
475 931 537 984 τὸ
568 931 698 1000 πῦρ,
731 932 786 984 αἱ
817 931 1122 999 φλυκτίδες,
1151 931 1199 982 ot
1234 930 1477 994 σκνίπες,
1509 933 1567 984 αἱ
1589 933 1746 985 κυνό-

168 1041 342 1093 μυιαι.
379 1021 491 1074 τῶν
542 1021 776 1088 ἀκρίδων
813 1021 873 1072 τὸ
893 1021 1074 1088 νέφος,
1123 1021 1264 1073 κατὰ
1302 1021 1400 1089 μὲν
1419 1020 1528 1072 τῶν
1548 1021 1752 1088 Αἰγυπ-

163 1118 292 1168 τίων
313 1116 564 1172 ἓκαστον.
592 1114 727 1166 καθὸ
758 1112 1019 1178 πέφυκεν,
1040 1112 1259 1183 ἐνήργει
1282 1126 1295 1141 ·
1331 1115 1378 1165 οἱ
1410 1112 1467 1164 δὲ
1498 1112 1742 1182 Ἑϐραῖοι

166 1204 370 1273 φήμαις
403 1202 496 1254 καὶ
550 1201 849 1270 διηγήμασι
896 1200 959 1252 τὸ
1012 1199 1121 1253 τῶν
1150 1199 1541 1253 συνοικούντων
1572 1199 1743 1262 πάθος

164 1295 479 1362 ἐγίνωσκον,
509 1291 765 1359 οὐδεμίαν
780 1293 837 1342 ὲν
860 1292 1072 1354 ἑαυτοῖς
1101 1290 1409 1361 προσϐολὴν
1436 1291 1545 1343 τῶν
1562 1290 1741 1343 τοιού-

163 1401 269 1436 των
301 1383 598 1453 δεχόμενοι.
619 1377 750 1434 Εἶτα
770 1380 878 1433 τῶν
907 1382 1271 1451 πρωτοτόκων
1295 1384 1323 1435 ό
1343 1381 1565 1453 ὄλεθρος
1590 1382 1743 1451 ἀκρι-

165 1474 425 1545 6εστέραν
484 1474 656 1526 ἐποίει
702 1473 797 1525 τοῦ
839 1473 1091 1544 Ἐϐραίου
1139 1473 1276 1542 πρὸς
1308 1474 1399 1526 τὸν
1444 1473 1740 1542 Αίγύπτιον

163 1565 260 1636 τὴν
291 1566 582 1635 διάκρισιν·
606 1564 713 1617 τῶν
741 1564 838 1636 μὲν
873 1566 966 1618 ἐπὶ
982 1568 1045 1635 τῇ
1066 1565 1172 1617 τῶν
1200 1564 1470 1634 φιλτάτων
1494 1566 1740 1636 ἀπωλείᾳ

166 1656 542 1728 συγχεομένων
606 1659 717 1719 τοῖς
755 1657 993 1727 θρήνοις,
1032 1657 1141 1710 τῶν
1182 1657 1239 1709 δὲ
1277 1657 1334 1709 ὲν
1365 1657 1565 1727 ἡσυχίᾳ
1594 1658 1741 1727 πάσῃ

164 1748 255 1800 καὶ
283 1747 553 1818 ἀσφαλείᾳ
589 1746 951 1817 διαμενόντων
976 1764 988 1778 ο
1031 1742 1113 1809 οἷς
1138 1748 1172 1818 ὴ
1196 1746 1438 1816 σωτηρία
1474 1749 1540 1816 τῇ
1573 1762 1740 1817 προσ-

162 1837 317 1907 χύσει
344 1837 440 1889 τοῦ
453 1838 681 1903 αἵματος
702 1835 1114 1906 κατησφαλίσθη
1138 1834 1280 1889 κατά
1306 1836 1485 1887 πᾶσαν
1515 1832 1736 1895 εἴσοδον,

1844 660 2052 730 grando
2089 658 2319 722 scilicet,
2351 655 2825 728 ignis.scinyphes,
2852 669 3054 710 musca:
3077 655 3302 716 caninae.
3339 657 3422 711 lo-

1845 759 2125 807 custarum
2162 751 2370 806 nubes:
2398 750 2512 803 haec
2539 748 2801 803 adversus
2828 747 3114 819 Egyptios
3147 748 3328 801 omnia
3362 757 3422 802 ut

1844 851 2039 898 natura
2065 859 2162 897 sua
2192 842 2316 903 fert.
2345 840 2811 912 perniciosissima
2846 848 3034 893 erant:
3063 836 3247 891 Judaei-
3267 854 3418 904 vero,

1844 936 2159 990 rumoribus
2189 935 2365 989 solum
2384 933 2675 1001 verbisque
2695 930 3125 984 cohabitantium
3152 931 3249 983 hos
3272 945 3420 983 mor-

1843 1027 1964 1089 bos,
2001 1027 2153 1079 nullo
2174 1042 2273 1080 suo
2294 1024 2662 1085 incommodo,
2690 1022 3109 1090 cognoscebant.
3142 1020 3431 1076 Postremo

1842 1117 2327 1187 primogenitorum
2360 1115 2601 1169 omnium
2632 1128 2784 1175 nece,
2805 1127 2929 1165 cum
2961 1112 3036 1166 illi
3058 1111 3275 1181 quidem
3293 1127 3435 1167 suo--

1842 1224 1965 1263 rum
2010 1209 2252 1278 pernicie
2302 1205 2519 1261 confusi
2578 1206 2847 1275 lugerent,
2884 1202 2938 1256 hi
2970 1218 3097 1257 vero
3141 1204 3438 1273 sanguinis-

1843 1300 2150 1370 signaculo,
2186 1298 2529 1352 liuiinaribus
2569 1304 2732 1364 atque
2768 1295 3018 1364 postibus
3049 1295 3289 1348 inunctis
3317 1296 3421 1347 tuti
3470 1282 3478 1303 ¹

1842 1392 2205 1462 quiescerent,
2237 1397 2445 1460 quanta.
2469 1389 2612 1443 inter
2639 1385 2884 1440 Judaeum
2916 1394 2968 1440 et
2992 1383 3306 1455 Egyptium
3333 1400 3436 1440 (ξε-ο

1844 1492 1925 1536 set
1952 1482 2278 1543 differentia,
2326 1481 2542 1535 cunctis
2585 1477 2860 1547 apparuit.
2907 1475 3091 1544 Itaque
3146 1476 3424 1544 percussis

1842 1574 1995 1628 clade
2021 1572 2502 1642 primOgenitorum
2539 1569 2831 1640 Egyptiis,
2869 1583 3077 1636 suaque
3110 1569 3320 1637 publice
3358 1583 3422 1622 ac

1840 1666 2093 1736 privatim
2120 1663 2447 1733 lugentibus,
2485 1658 2673 1717 educit
2710 1659 2922 1730 Moyses
2970 1658 3243 1712 lsraelitas
3274 1673 3303 1711 a
3361 1671 3423 1712 se

1844 1754 2209 1824 praemonitos,
2231 1760 2290 1807 ut
2311 1751 2491 1822 specie
2536 1750 2996 1805 commodationis
3034 1748 3418 1820 Egyptionum

1840 1845 2057 1901 divitias
2069 1860 2253 1901 secum
2273 1844 2569 1898 auferrent.
2584 1841 2785 1898 Verum
2804 1858 2925 1897 cum
2940 1842 3051 1911 jam
3070 1842 3247 1896 tribus
3266 1850 3420 1895 extra

162 1926 503 1997 ἑκατέρωθεν
544 1925 651 1978 τῶν
694 1926 949 1996 σταθμῶν
997 1925 1134 1997 μετὰ
1183 1926 1282 1995 τῆς
1334 1923 1740 1993 ἐπεζευγμένης

1841 1937 2133 2009 Egyptum
2156 1937 2489 2008 perrexisset
2507 1936 2719 2001 diebus,
2732 1934 2877 1989 videt
2896 1935 3166 1989 irritatum
3185 1934 3418 1996 hostem,

160 2020 345 2080 αὐτοῖς
408 2016 567 2086 φλιᾶς
630 2015 1159 2096 κατασημανθέντων
1213 2016 1300 2069 διὰ
1343 2015 1440 2068 τοῦ
1488 2014 1738 2085 αἵματος.

174 2109 302 2161 Ἐπὶ
327 2108 538 2171 τούτοις
563 2107 670 2161 τῶν
697 2108 1009 2176 Αἰγυπτίων
1031 2109 1122 2161 ἐπὶ
1148 2110 1215 2179 τῇ
1247 2107 1356 2160 τῶν
1384 2106 1743 2177 πρωτοτόκων

161 2202 425 2271 συμφορᾷ
457 2200 823 2271 βεδλημένων,
858 2200 952 2253 καὶ
1003 2201 1125 2254 καθ’
1154 2201 1345 2253 ἑαυτὸν
1376 2200 1626 2263 ἑκάστου,
1649 2201 1744 2253 καὶ

160 2293 317 2362 κοινῇ
350 2294 567 2344 πάντων
587 2291 999 2365 ὀλοφυρομένων
1026 2293 1094 2346 τὰ
1115 2293 1281 2365 πάθηο
1306 2294 1625 2364 καθηγεῖται
1644 2294 1743 2362 τῆς

160 2381 345 2447 ἐξόδου
378 2385 492 2445 τοῖς
528 2383 889 2454 Ἰσραηλίταις
924 2385 954 2436 ὁ
983 2385 1242 2455 Μωῦσῆς,
1281 2386 1741 2457 προπαρασκευά-

161 2489 261 2535 σας
292 2473 518 2536 αὐτοὺς,
573 2473 666 2527 ἐπὶ
715 2476 954 2546 σχήματι
982 2476 1230 2547 χρήσεως
1264 2477 1383 2547 μεθ’
1418 2476 1624 2530 ἑαυτῶν
1650 2476 1741 2529 τὸν

156 2562 265 2615 τῶν
295 2564 611 2632 Αἰγυπτίων
644 2564 871 2620 πλοῦτον
916 2568 1373 2637 ἀνακομίσασθαι.
1418 2568 1529 2622 Καὶ
1572 2568 1740 2638 τριῶν

156 2656 389 2725 ἡμερῶν
416 2658 534 2711 ὁδὸν
562 2659 667 2724 ἔξω
706 2661 805 2730 τῆς
839 2659 1115 2728 Αἰγύπτου
1149 2661 1550 2732 γεγενημένων,
1580 2662 1741 2714 πάλιν

156 2747 331 2816 φησὶν
356 2749 389 2816 ἡ
428 2750 656 2820 ἱστορία,
680 2751 915 2821 χαλεπὸν
943 2752 1272 2823 ποιήσασθαι
1299 2752 1389 2805 τὸν
1420 2752 1738 2821 Αίγύπτιον,

153 2839 220 2888 τὸ
242 2839 320 2909 μὴ
338 2844 665 2910 παραμεῖναι
692 2844 755 2912 τῇ
785 2840 997 2911 δουλείᾳ
1018 2842 1109 2893 τὸν
1126 2842 1343 2913 Ἰσραήλ
1362 2859 1375 2873 ·
1399 2843 1493 2895 καὶ
1515 2843 1741 2913 πολεμι-

154 2930 274 2991 κῶς
310 2930 458 2983 ἅπαν
503 2934 910 2987 συσκευάσαντα
942 2933 1002 2985 τὸ
1042 2934 1302 3005 ὑπήκοον,
1339 2934 1427 2988 διὰ
1456 2934 1554 3005 τῆς
1584 2936 1739 2989 ἱππι-

152 3021 263 3090 κῆς
288 3020 570 3089 δυνάμεως
595 3022 916 3093 ἐπιδραμεῖν
940 3023 1018 3094 τῷ
1042 3023 1174 3094 λαῷ.
1200 3025 1304 3077 Τὸν
1326 3025 1381 3078 δὲ
1407 3025 1741 3095 θεασάμενον

149 3112 257 3181 τὴν
286 3112 399 3164 τῶν
432 3114 613 3166 ἵππων
638 3132 698 3167 τε
728 3116 946 3168 καὶτῶν
974 3117 1153 3169 ὃπλων
1183 3118 1559 3189 παρασκευὴν,
1585 3120 1740 3172 ἀπει-

155 3204 468 3275 ροπόλεμον
525 3206 674 3273 ὄντα,
711 3209 805 3261 καὶ
858 3208 966 3261 τῶν
992 3210 1247 3264 τοιούτων
1276 3210 1571 3282 θαυμάτων
1601 3211 1737 3280 ἀγύ-

155 3313 423 3365 μναστον,
480 3298 639 3360 εὐθὺς
671 3300 1087 3370 καταπλαγῆναι
1132 3299 1209 3370 τῷ
1242 3300 1413 3371 φόϐῳ,
1459 3303 1553 3354 καὶ
1599 3303 1738 3356 κατὰ

151 3387 256 3440 τοῦ
291 3389 573 3453 Μωῦσέως
600 3390 969 3446 συνίστασθαι.
1003 3394 1132 3445 Ὅτε
1180 3393 1273 3446 καὶ
1289 3392 1349 3445 τὸ
1374 3393 1740 3465 παραδοξότα-

150 3494 250 3531 τον
276 3479 407 3550 περὶ
426 3480 518 3532 τοῦ
544 3482 822 3546 Μωῦσέως
842 3485 875 3555 ὴ
896 3483 1106 3556 ἱστορία
1118 3482 1285 3553 λέγει,
1303 3483 1422 3555 διχῇ
1443 3486 1563 3547 ταῖς
1590 3484 1739 3554 ἐνερ-

151 3570 342 3671 γείαις
389 3572 827 3671 διατεμνόμενον,
863 3551 953 3646 -τῇ
1011 3551 1112 3644 μὲν
1171 3551 1449 3648 φωνῇ
1488 3574 1566 3647 τῷ
1591 3551 1777 3671 λόγέθ-Ι

154 3664 607 3736 παραθαρσύνειν
636 3684 696 3719 τε
727 3669 856 3731 τοὺς
902 3669 1261 3740 Ἰσραηλίτας,
1292 3672 1386 3724 καὶ
1411 3670 1509 3735 τάς
1531 3664 1738 3739 ἀγαθξ

152 3754 303 3824 ἔχειν
364 3755 585 3820 ἐλπίδας
641 3758 1105 3829 παρακελεύεσθαι
1131 3776 1145 3790 ο
1186 3760 1395 3814 ἔνδοθεν
1434 3761 1492 3814 δὲ
1522 3764 1587 3832 τῇ
1619 3762 1736 3815 δια-

1843 2032 1987 2104 quod
2014 2047 2073 2087 se
2095 2029 2268 2085 Judaei
2299 2030 2353 2083 in
2388 2029 2693 2082 libertatem
2724 2026 3116 2091 vindicassent,
3148 2040 3270 2079 cum
3307 2039 3423 2076 ma-

1841 2140 1948 2195 gno
1975 2126 2213 2178 exercitu
2242 2129 2295 2176 et
2326 2120 2759 2175 instructissimo
2791 2118 3037 2187 equitatu
3067 2118 3332 2171 adversus
3361 2131 3420 2169 se

1842 2215 2122 2271 feStinarc.
2157 2214 2289 2279 Quae
2315 2228 2404 2268 res
2432 2227 2542 2266 non
2568 2210 2918 2264 mediocriter
2946 2208 3213 2262 imbellem
3246 2221 3419 2276 popu-

1841 2308 1973 2370 lum,
2005 2323 2182 2376 neque
2213 2306 2414 2361 talibus
2446 2302 2710 2373 prodigiis
2753 2300 3145 2365 assuefactum,
3178 2302 3230 2354 in
3270 2299 3419 2369 Moy-

1842 2410 1938 2450 sen
1975 2395 2287 2449 concitavit.
2324 2394 2394 2446 At
2432 2393 2521 2446 ille
2554 2390 2878 2460 intrepidus,
2907 2406 3042 2445 voce
3071 2391 3287 2460 quidem
3323 2404 3419 2457 po-

1840 2487 2061 2558 pulum,
2110 2492 2169 2538 ut
2204 2485 2261 2539 in
2290 2483 2519 2538 Domino
2548 2497 2697 2551 spem
2736 2482 3024 2545 haberent,
3063 2482 3414 2545 hortabatur,

1842 2579 2023 2633 animo
2053 2584 2234 2631 autem
2263 2575 2328 2629 ad
2360 2574 2528 2629 Deum
2557 2573 2775 2643 penitus
2802 2588 3125 2637 conversus,
3155 2571 3415 2624 auxilium

1841 2670 2041 2724 tacitus
2079 2666 2418 2737 implorabat.
2451 2664 2572 2731 Quo
2603 2666 2886 2719 recondito
2922 2665 3159 2719 clamore
3194 2662 3421 2716 Creator

1840 2766 2117 2819 exoratus.
2142 2765 2342 2828 praesto
2368 2754 2585 2811 miseris
2609 2769 2673 2810 ac
2695 2754 3020 2809 mirabiliter
3043 2752 3217 2807 aﬂ'uit.
3235 2752 3419 2808 Nubes

1839 2852 1985 2905 enim
2012 2865 2133 2920 qua:
2173 2848 2268 2902 Dei
2310 2848 2469 2916 jussu
2511 2861 2620 2901 non
2662 2854 2855 2899 natura
2895 2845 3261 2915 praecedebat,
3308 2860 3427 2899 non

1839 2957 2030 3013 presso
2047 2957 2170 2996 aere
2191 2939 2487 3009 vaporibus
2514 2946 2607 2991 aut
2634 2947 2923 2992 ventorum
2956 2928 3159 3005 impetu
3191 2935 3419 2989 densato

1840 3032 2159 3095 constituta,
2181 3030 2275 3084 sed
2294 3028 2437 3082 aliud
2461 3026 2716 3097 quiddam
2735 3026 3017 3089 divinitus,
3044 3034 3207 3094 atque
3227 3025 3415 3087 altius,

1841 3137 2003 3192 quam
2030 3121 2267 3174 humana
2296 3135 2450 3175 mens
2484 3119 2767 3188 percipere
2794 3118 2992 3179 valeat,
3029 3117 3317 3186 siquidem,
3357 3124 3418 3170 ut

1844 3213 2125 3282 Scriptura
2167 3212 2471 3276 testatur",
2496 3211 2602 3265 tale
2624 3210 2944 3264 miraculum
2988 3208 3302 3278 apparebat,
3357 3216 3417 3261 ut

1842 3305 1967 3359 dum
2007 3303 2261 3357 ardentes
2296 3302 2428 3357 solis
2470 3301 2605 3355 radii
2649 3301 2937 3371 fulgerent,
2966 3301 3225 3371 populum
3257 3301 3415 3370 quasi

1840 3404 1993 3466 septo
2034 3396 2320 3466 interjeCto
2350 3403 2674 3465 protegeret,
2724 3403 2884 3463 atque
2928 3393 3116 3447 umbra
3162 3395 3419 3462 tenuique

1837 3503 1962 3543 rore
1997 3486 2214 3549 diﬂuso,
2255 3486 2398 3541 aeris
2428 3486 2503 3539 illi
2532 3486 2781 3540 ardorem
2806 3484 3303 3554 mitigaret;noctis
3323 3498 3416 3536 ve-

1838 3595 1903 3635 ro
1932 3588 2175 3651 tempore
2204 3578 2259 3633 in
2290 3577 2467 3650 ignem
2499 3592 2653 3634 versa
2688 3577 2798 3647 jam
2842 3577 2965 3631 inde
2999 3593 3028 3629 a
3065 3591 3290 3645 vespera
3323 3589 3425 3627 us-

1840 3687 1947 3741 que
1977 3670 2045 3725 ad
2071 3670 2203 3726 solis
2228 3678 2409 3725 ortum
2446 3685 2546 3725 suo
2570 3668 2774 3722 lumine
2800 3666 3060 3721 lsraelitis
3084 3664 3254 3720 facem
3282 3680 3423 3734 prae-

1849 3762 2033 3816 ferret.

150 3848 279 3919 νοίᾳ
314 3849 396 3920 τῷ
439 3848 558 3920 Θεῷ
596 3851 890 3923 προσάγειν
938 3852 1035 3924 τὴν
1079 3854 1219 3924 ὑπὲρ
1260 3854 1368 3909 τῶν
1400 3856 1815 3927 κατεπτηχότων
1848 3856 2129 3925 ἱκετηρίαν
2152 3871 2164 3885 ·
2197 3856 2292 3908 καὶ
2348 3856 2495 3918 ὅπως
2531 3854 2597 3908 ἄν
2642 3852 2880 3926 διαφύγῃ
2910 3854 3000 3906 τὸν
3044 3851 3304 3913 κίνδυνον,
3330 3848 3423 3903 διὰ

146 3938 256 4008 τῆς
312 3938 522 3993 ἄνωθεν
571 3940 877 4012 συμῆουλῆς
924 3942 1270 4014 ὁδηγεῖσθαι,
1323 3944 1488 3998 αὐτοῦ
1526 3944 1621 3998 τοῦ
1653 3944 1789 3999 Θεοῦ
1829 3944 2042 4016 (καθὼς
2102 3961 2266 4013 φησιν
2313 3946 2347 4015 ἡ
2403 3944 2648 4014 ἱστορία)
2695 3946 2792 4014 τῆς
2846 3943 3110 4012 ἁλαλήτου
3168 3940 3417 4011 κραυγῆς

146 4031 462 4095 ὲπαϊοντος.
504 4033 751 4105 Νεφέλης
805 4035 863 4088 δὲ
904 4034 998 4087 τοῦ
1045 4036 1177 4089 λαοῦ
1225 4036 1345 4108 θείᾳ
1389 4038 1612 4109 δυνάμει
1659 4039 2108 4111 καθηγουμένης,
2137 4041 2197 4092 οὐ
2245 4037 2386 4092 κατά
2429 4041 2529 4108 τὴν
2576 4038 2761 4107 κοινὴν
2794 4035 2952 4105 φύσιν
3002 4034 3150 4105 (οὐδὲ
3195 4035 3303 4106 γὰρ
3356 4034 3415 4098 ἐξ

146 4126 352 4197 ἀτμῶν
370 4128 585 4198 τινωνῆ
618 4128 1036 4200 ἀναθυμιάσεων
1070 4132 1105 4201 ἡ
1136 4131 1395 4195 σύστασις
1425 4133 1596 4204 αὐτῆς
1630 4128 1718 4201 ἦν,
1746 4134 2120 4205 παχυνομένου
2150 4135 2261 4195 τοῖς
2286 4133 2476 4201 ἀτμοῖς
2507 4131 2601 4185 τοῦ
2639 4131 2819 4201 ἀέρος,
2856 4130 2942 4183 διὰ
2968 4130 3067 4199 τῆς
3088 4126 3415 4199 ὁμιχλώδους

148 4217 496 4279 συστάσεως,
553 4218 647 4270 καὶ
684 4218 820 4288 πρὸς
871 4219 1068 4291 ἑαυτὴν
1113 4221 1549 4292 συμπιλουμένω
1578 4225 1692 4287 τοῖς
1722 4223 2075 4294 πνεύμασιν),
2122 4222 2257 4277 άλλά
2311 4224 2555 4293 κρεῖττόν
2592 4239 2643 4275 τι
2691 4223 2786 4275 καὶ
2826 4216 3150 4292 Ohio-capax;
3186 4219 3285 4287 τῆς
3322 4219 3416 4274 ἀν·

148 4308 441 4380 θρωπίνης
470 4310 825 4382 καταλήψεως
852 4313 1036 4386 ἐκείνῃ
1066 4317 1132 4385 τῇ
1164 4315 1382 4389 νεφέλῃ,
1406 4315 1508 4386 τῆς
1537 4318 1759 4389 Γραφῆς
1786 4317 2187 4391 μαρτυρούσης.
2215 4317 2452 4371 τοιοῦτον
2478 4316 2540 4369 τὸ
2571 4316 2753 4387 θαῦμα
2786 4312 2874 4387 ἦν,
2911 4319 2985 4379 ὡς
3016 4316 3109 4369 καὶ
3137 4315 3235 4385 τῆς
3258 4314 3415 4384 ὴλιαη

148 4401 260 4470 κῆς
298 4401 519 4465 ἀκτῖνος
566 4401 783 4474 θερμῶς
824 4404 1258 4477 ὲπιλαμπούσης,
1297 4408 1639 4480 διατείχισμα
1683 4412 1819 4482 πρὸς
1862 4411 1952 4463 τὸν
1991 4409 2119 4462 λαὸν
2162 4405 2323 4472 εἶναι,
2372 4408 2699 4473 σκιάζουσάν
2744 4425 2804 4461 τε
2848 4408 2909 4460 τὸ
2941 4406 3292 4476 ὑποκείμενον
3320 4408 3413 4461 καὶ

144 4497 326 4566 λεπτῇ
375 4493 549 4566 δρόσῳ
582 4494 644 4547 τὸ
698 4495 965 4563 φλογῶδες
1002 4495 1095 4549 τοῦ
1139 4498 1301 4569 ἀέρος
1348 4500 1796 4564 ύπονοτίζουσανο
1840 4502 1933 4555 καὶ
1964 4500 2052 4554 διά
2094 4501 2193 4571 τῆς
2234 4500 2424 4563 νυκτὸς
2468 4500 2576 4571 πῦρ
2627 4498 2889 4569 γίνεσθαι,
2929 4498 3021 4568 ἀφ’
3071 4499 3308 4568 ἑσπέρας
3336 4496 3415 4563 εἱς

145 4589 350 4661 ὄρθρον
378 4586 457 4657 τῷ
489 4587 603 4657 ἰδίῳ
630 4587 765 4655 φωτὶ
798 4590 908 4651 τοῖς
953 4588 1309 4660 Ἰσραηλίταις
1332 4590 1691 4663 δᾳδουχοῦσαν
1724 4593 1784 4647 τὸ
1808 4593 2028 4662 φέγγος.
3468 4572 3481 4587 Ι

225 4679 373 4750 Πρὸς
422 4678 625 4748 ταύτην
671 4680 831 4743 αὑτός
882 4698 942 4733 τε
994 4680 1205 4749 βλέπων
1247 4684 1275 4736 ὁ
1332 4684 1600 4754 Μωῦσῆς,
1640 4687 1733 4739 καὶ

1907 4682 2059 4748 Haec,
2108 4684 2351 4755 inquam,
2376 4682 2572 4747 nubes,
2612 4696 2774 4750 quam
2815 4679 2979 4735 veluti
3014 4680 3205 4734 ducem
3242 4678 3408 4735 Mosis

148 4769 244 4822 τὸν
285 4768 416 4821 λαὸν
456 4768 767 4821 ἀκολουθεῖν
802 4769 877 4840 τῷ
917 4772 1223 4843 φαινομένῳ
1260 4772 1472 4838 διδάξας
1496 4792 1507 4804 ο
1547 4776 1733 4847 ἐπειδὴ

1841 4787 2094 4846 parentes
2115 4775 2358 4837 monitis,
2387 4773 2774 4842 sequebantur,
2802 4772 2987 4840 priore
3011 4772 3213 4825 omisso
3250 4771 3409 4826 itine-

150 4858 296 4911 κατά
352 4857 415 4909 τὸ
475 4857 790 4928 Ἐρυθραῖον
852 4858 1098 4926 ἐγένοντο
1154 4860 1385 4929 πέλαγος
1408 4902 1423 4927 ,
1480 4863 1594 4916 ἐκεῖ
1635 4863 1735 4934 τῆς

1841 4886 1900 4925 re
1928 4870 1984 4924 in
2002 4868 2244 4923 Rubrum
2276 4881 2427 4920 mare
2460 4864 2709 4919 ducebat.
2745 4862 3084 4919 Devenerunt
3121 4863 3284 4930 igitur
3321 4878 3407 4917 se-

151 4947 386 5016 νεφέλης
423 4946 560 5019 πρὸς
590 4948 689 5019 τὴν
728 4948 953 5019 πορείαν
992 4949 1428 5022 καθηγουμένης,
1461 4972 1735 5025 πανστρα-

1843 4960 1951 5015 cuti
1992 4961 2185 5014 ducem
2228 4956 2433 5011 Hebraei
2471 4970 2643 5025 usque
2681 4954 2747 5007 ad
2778 4955 2967 5007 littus:
3009 4967 3145 5022 quos
3169 4950 3427 5021 Egyptii-

152 5041 243 5109 τιᾷ
288 5038 399 5091 τῶν
444 5037 756 5109 Αἰγυπτίων
796 5039 887 5093 τὸν
925 5040 1052 5094 λαὸν
1099 5044 1163 5095 ὲκ
1204 5044 1311 5096 τῶν
1352 5044 1579 5097 κατόπιν
1636 5063 1737 5098 κυο-

1842 5052 2135 5121 persecuti,
2166 5048 2403 5118 undique
2432 5047 2505 5101 ita
2529 5046 2884 5108 concludunt,
2921 5053 2982 5097 ut
3009 5044 3156 5097 nulla
3177 5043 3289 5112 jam
3328 5042 3412 5097 fu-

156 5128 554 5198 κλωσαμένων,
595 5128 847 5198 οὐδεμιᾶς
897 5131 1079 5194 αὐτοῖς
1131 5133 1424 5202 οὐδαμόθεν
1470 5134 1577 5188 τῶν
1626 5134 1733 5188 δει-

1843 5159 1907 5213 ga
1948 5143 2185 5196 humano
2223 5140 2456 5194 consilio
2506 5146 2692 5207 posset
2728 5135 3048 5205 excogitari.
3074 5136 3214 5189 Ante
3261 5136 3444 5204 ipsos.

156 5219 262 5273 νῶν
319 5220 501 5290 φυγῆς
543 5224 871 5290 περιούσης,
911 5222 1182 5293 πολεμίων
1223 5225 1316 5277 καὶ
1360 5224 1548 5290 ὓδατος
1593 5228 1733 5282 κατὰ

1841 5250 1987 5289 mare
2032 5234 2274 5287 Rubrum
2314 5240 2469 5286 erat:
2503 5242 2624 5300 post
2663 5231 2813 5300 ipsos
2837 5228 3210 5282 validissimus
3248 5233 3443 5295 atque

153 5309 216 5361 τὸ
249 5310 413 5381 μέσον
450 5311 913 5381 ἀπειλημμένοις·
963 5315 1083 5367 τότε
1104 5355 1118 5377 ,
1163 5315 1224 5367 τὸ
1258 5316 1472 5369 πάντων
1507 5320 1731 5373 ἀπιστό-

1841 5324 2292 5379 instructissimus
2344 5321 2719 5392 Egyptiorum
2746 5318 3016 5374 exercitus
3034 5316 3096 5370 ιτ.
3122 5315 3279 5369 Tune
3322 5328 3435 5367 res»

153 5418 334 5466 τατον,
359 5402 480 5473 θείᾳ
510 5403 739 5473 δυνάμει
774 5406 1145 5475 παρορμηθεὶς
1186 5408 1214 5459 ὁ
1244 5409 1483 5480 Μωῦσῆς
1512 5428 1729 5482 κατειρο

1841 5414 2055 5476 accidit,
2101 5429 2220 5482 qua}
2260 5428 2367 5482 pra:
2407 5412 2619 5465 caeteris
2660 5410 2912 5463 omnibus
2948 5406 3105 5461 tidem
3150 5403 3405 5459 excedit:

154 5496 380 5561 γάσατο.
412 5497 788 5564 Προσεγγίσας
808 5498 916 5567 γὰρ
959 5500 1100 5553 κατά
1127 5500 1225 5571 τήν
1259 5502 1412 5570 ἠϊόνα
1441 5504 1518 5574 τῷ
1559 5504 1727 5564 ὕδατι.

1841 5520 2086 5559 summus
2114 5505 2204 5558 ille
2231 5506 2313 5558 vir
2341 5502 2600 5557 divinitus
2636 5500 2872 5554 monitus
2904 5497 2971 5551 ad
3008 5498 3158 5549 littus
3181 5494 3406 5547 descen-

156 5585 385 5657 πλήσσει
407 5588 476 5656 τῇ
527 5587 706 5657 ῥάϐδῳ
740 5587 801 5640 τὸ
833 5588 1066 5657 πέλαγος
1090 5606 1103 5618 ’
1129 5591 1190 5643 τὸ
1209 5592 1264 5644 δὲ
1294 5594 1429 5663 πρὸς
1458 5596 1554 5665 τὴν
1588 5596 1725 5668 πλη-

1841 5596 1933 5659 dit,
1962 5610 2217 5663 mareque
2248 5593 2489 5648 Rubrum
2516 5594 2669 5663 virga
2712 5591 3001 5662 percussit,
3044 5597 3099 5643 et
3140 5585 3322 5642 subito
3350 5594 3419 5640 ut»

156 5676 255 5748 γὴν
286 5676 629 5745 ὑπεσχίζετο.
655 5680 763 5731 Καὶ
794 5680 1043 5749 καθάπερ
1081 5682 1173 5735 ἐπὶ
1199 5682 1301 5753 τῆς
1334 5682 1488 5738 ὑέλου
1520 5686 1725 5755 πέφυκε

1841 5689 1889 5743 in
1915 5687 2057 5744 vitro
2085 5687 2227 5743 facta
2254 5686 2492 5745 scissura
2518 5686 2675 5741 facile
2698 5701 2763 5740 cx
2787 5684 2953 5739 altera
2983 5688 3161 5751 parte,
3183 5678 3238 5733 in
3263 5677 3409 5733 alte-

246 5857 291 5888 "
318 5854 499 5912 Exod.
537 5873 657 5923 xm,
709 5859 799 5914 ‘21.
882 5863 922 5896 "’
958 5864 1125 5919 Exod.
1175 5867 1233 5921 ‘3!
1275 5884 1401 5931 suo.
