3988 6476
589 423 684 478 ειι

1813 437 1870 492 S.
1911 436 2235 500 GREGORII
2273 443 2570 499 NYSSENi

3711 465 3804 520 512

589 561 704 600 ram
735 551 1011 616 pervenit:
1047 551 1126 605 sic
1154 552 1266 606 ictu
1297 551 1546 610 Mosaicae
1575 556 1738 626 virga:
1766 559 1820 612 in
1849 563 2148 630 oppositam

2259 563 2521 630 γίνεσθαι,
2573 567 2624 617 εί
2677 567 2817 620 κατά
2861 585 2914 622 τι
2965 569 3126 640 μέρος
3183 571 3352 643 αὐτῆς
3389 573 3558 644 ἀρχὴν
3604 576 3800 649 ἠρῆξις

590 655 762 709 usque
785 643 978 710 ripam,
1003 643 1126 696 hinc
1144 653 1306 714 atque
1335 646 1462 702 hinc
1475 649 1790 707 cedentibus
1817 655 1993 721 aquis,
2027 657 2161 708 scis-

589 744 716 784 sura
732 733 992 799 pervenit.
1015 732 1196 803 Itaque
1220 735 1359 790 facto
1387 753 1484 806 per
1505 739 1738 794 medium
1759 744 1978 814 pelagus
2003 745 2162 798 itine-

2263 653 2421 728 λάθῃ,
2463 657 2580 708 κατ’
2627 657 2842 712 εὐθεῖαν
2886 661 3024 730 πρὸς
3059 661 3120 714 τὸ
3155 661 3340 734 ἕτερον
3373 664 3688 736 διεξέρχεται
3719 673 3801 725 πέ-

2265 763 2362 816 ρας
2387 763 2400 776 ·
2455 749 2596 802 οὕτω
2640 751 2840 814 παντὸς
2887 751 2980 805 τοῦ
3023 754 3288 822 πελάγους
3329 757 3559 822 ἐκείνου,
3591 761 3720 814 κατά
3749 765 3800 818 τδ

586 837 666 886 re,
683 837 788 876 una
815 838 936 877 cum
969 825 1222 882 universo
1255 831 1450 899 pOpulo
1481 833 1642 889 siccis
1671 835 1898 904 pedibus
1937 837 2148 904 profun-

2261 838 2429 906 ἄκρον
2463 840 2870 912 ὑπορραγέντος
2891 846 2956 914 τῇ
2977 844 3176 914 ῥάϐδῳ,
3212 847 3305 898 ἐπὶ
3329 847 3426 916 τὴν
3451 849 3804 928 ἀντικειμένην

585 913 708 966 dam
725 915 892 970 maris
924 916 1178 987 abyssum
1213 935 1532 989 permensus
1551 937 1654 991 est,
1682 943 1783 982 nec
1807 929 2054 984 extimuit
2071 947 2158 984 re-

587 1014 745 1073 pente
760 1015 964 1061 structa
987 1010 1077 1063 illa
1103 1027 1170 1065 ex
1195 1011 1448 1069 ﬂuctibus
1466 1019 1688 1082 tumnia,
1711 1034 1834 1074 cum
1855 1030 2155 1092 utraqueex

585 1109 738 1165 parte
755 1099 1183 1171 undteaquarum
1199 1107 1352 1175 quasi
1377 1110 1516 1163 muri
1537 1112 1917 1167 consisterent.
1945 1113 2158 1169 Pharao

585 1197 766 1245 autem
797 1192 1000 1260 impetu
1035 1196 1198 1250 animi
1231 1200 1557 1264 concitatus,
1587 1217 1684 1272 per
1711 1219 1906 1258 novam
1931 1205 2076 1258 illam
2101 1206 2156 1260 in

585 1283 739 1352 aquis
777 1283 918 1338 viam
957 1286 1282 1356 insequitur.
1315 1287 1450 1342 Tum
1485 1307 1616 1346 vero
1661 1293 1805 1346 unda
1850 1295 2006 1348 unde
2047 1295 2152 1348 ite-

585 1385 704 1424 rum
728 1371 992 1441 jungitur,
1017 1383 1072 1428 et
1095 1375 1352 1432 redeunte
1373 1379 1427 1432 in
1455 1391 1628 1437 semet
1657 1385 1813 1444 mari,
1839 1383 2152 1453 pristinum-

584 1476 688 1529 que
715 1471 1070 1531 recuperante
1101 1473 1322 1529 statum,
1353 1483 1458 1521 una
1485 1469 1544 1523 ﬁt
1573 1487 1765 1526 rursus
1788 1487 1940 1542 aqua:
1967 1473 2148 1530 facies.

583 1549 790 1606 Hebraei
828 1554 894 1607 ad
927 1557 1232 1624 oppositum
1254 1559 1406 1614 littus
1423 1559 1723 1618 incolumes
1739 1579 1858 1618 cum
1877 1567 2154 1635 pervenis-

590 1651 732 1706 sent,
762 1659 790 1698 a
821 1644 984 1714 longo
1009 1663 1105 1716 per
1131 1648 1364 1702 medium
1396 1651 1617 1721 pelagus
1649 1655 1842 1710 itinere
1865 1657 2150 1726 quiescen-

583 1739 690 1798 tes,
705 1743 924 1788 cantum
947 1735 1172 1807 Deo,qui
1195 1739 1538 1796 incruentum
1565 1744 1829 1802 adversus
1855 1748 2062 1802 hostem
2085 1749 2152 1803 si-

584 1819 640 1872 bi
675 1822 970 1888 trOphaeum
1013 1827 1343 1894 praebuerat,
1387 1839 1541 1899 grato
1581 1834 1762 1888 animo
1802 1838 2148 1906 cecinerunt,

2259 927 2434 997 ὄχθην
2471 931 2564 982 καὶ
2598 931 2758 1000 ἡτῶν
2787 935 3043 1005 κυμάτων
3075 935 3226 1007 ῥῆξις
3263 938 3513 1010 ὲπέρασε.
3537 943 3642 996 Καὶ
3662 927 3802 1000 κατα-

2262 1019 2362 1081 ϐἀς
2385 1021 2476 1072 ἐπὶ
2507 1021 2566 1074 τὸ
2590 1021 2752 1091 βάθος
2781 1027 2808 1078 ό
2823 1027 3084 1096 Μωΰσῆς,
3108 1027 3227 1080 καθ’
3247 1029 3275 1082 ὃ
3295 1029 3551 1100 διετμήθη
3573 1031 3632 1084 τὸ
3658 1035 3801 1089 πέλα-

2260 1126 2376 1176 γος,
2416 1111 2510 1162 σὺν
2533 1116 2693 1167 παντὶ
2719 1116 2796 1186 τῷ
2823 1115 2936 1187 λαῷ
2974 1117 3152 1186 βύθιος
3187 1116 3274 1190 ἦν,
3309 1122 3366 1174 ὲν
3403 1122 3614 1193 ἀϐρόχῳ
3647 1141 3700 1177 τε
3721 1129 3802 1180 καὶ

2259 1199 2562 1274 ἡλιουμένῳ
2617 1203 2696 1274 τῷ
2746 1203 2992 1276 σώματι·
3028 1209 3118 1262 καὶ
3165 1208 3302 1280 πεζῇ
3343 1210 3442 1274 τὰς
3465 1211 3720 1277 ἀϐύσσους
3751 1216 3804 1270 ἐν

2257 1289 2405 1363 ξηρῷ
2423 1292 2501 1364 τῷ
2533 1295 2764 1365 πυθμένι
2815 1298 2914 1368 τῆς
2959 1297 3230 1370 θαλάσσης
3265 1299 3685 1372 διεξερχόμενος,
3715 1306 3802 1361 οὑκ

2255 1383 2511 1437 ἐδεδοίκει
2562 1386 2660 1457 τὴν
2701 1388 3040 1458 αὐτοσχέδιον
3068 1391 3278 1462 ἐκείνην
3325 1393 3389 1444 ὲκ
3437 1395 3684 1464 κυμάτων
3703 1413 3801 1450 τει-

2254 1477 2518 1543 χοποιΐαν,
2551 1477 2702 1531 ἐνθεν
2727 1480 2821 1532 καὶ
2849 1479 3021 1545 ἔνθεν,
3045 1481 3252 1551 τείχους
3289 1483 3464 1555 δίκην,
3497 1505 3803 1561 παραπεπη-

2252 1567 2414 1635 γυίας
2445 1569 2626 1632 αὑτοῖς
2661 1571 2726 1624 ὲκ
2761 1572 3002 1641 πλαγίων
3027 1575 3126 1645 τῆς
3171 1575 3366 1648 ἅλμης.
3401 1577 3508 1631 Τοῦ
3538 1581 3592 1633 δὲ
3627 1583 3807 1652 Φαραὼ

2256 1655 2396 1726 μετὰ
2419 1658 2525 1710 τῶν
2545 1661 2857 1728 Αἰγυπτίων
2888 1665 3326 1729 συνεισπεσόντος
3353 1668 3446 1719 ἐπὶ
3469 1668 3531 1720 τὺ
3569 1669 3801 1739 πέλαγος,

2252 1749 2396 1802 κατά
2426 1749 2524 1820 τὴν
2547 1753 3032 1823 καινοτομηθεῖσαν
3054 1755 3268 1826 ἐκείνην
3285 1757 3412 1826 ,ὁδὸν
3431 1761 3490 1812 ὲν
3507 1763 3617 1824 τοῖς
3645 1761 3800 1824 ὕδασι,

2254 1839 2419 1893 πάλιν
2477 1841 2806 1896 συνάπτεται
2841 1843 2902 1896 τὸ
2949 1844 3093 1916 ὕδωρ
3120 1845 3200 1916 τῷ
3231 1845 3402 1910 ὕδατι,
3451 1848 3546 1902 καὶ
3591 1851 3806 1904 ἀνακλυ-

583 1910 957 1982 Egyptiorum
979 1919 1218 1972 exercitu
1243 1921 1517 1986 universo,
1539 1925 1716 1994 equis,
1743 1929 1928 1990 armis,
1945 1945 2006 1984 ac
2029 1946 2148 1986 cur-

2257 1931 2477 2004 σθείσης
2506 1933 2640 2004 πρὸς
2665 1934 2860 2006 ἑαυτὴν
2888 1936 2988 2006 τῆς
3009 1903 3284 2007 θαλάσσης
3311 1903 3531 1993 κατὰτὸ
3565 1941 3804 2014 πρότερον

581 2001 734 2057 ribus
759 2006 892 2058 mari
915 2005 1207 2078 absorptis.
1247 2011 1368 2065 Mox
1403 2013 1576 2084 pergit
1609 2015 1840 2087 Moyses,
1881 2021 2152 2092 triumque

581 2094 788 2149 dierum
824 2096 1016 2154 itinere
1045 2101 1316 2168 confecto,
1344 2119 1468 2158 cum
1500 2121 1640 2176 aqua
1671 2109 1944 2175 deliceret,
1975 2113 2026 2166 in
2055 2129 2152 2168 an-

581 2187 788 2254 gustias
810 2187 1094 2258 redigitur,
1124 2209 1234 2248 non
1265 2195 1546 2252 inveniens
1570 2215 1679 2268 quo
1707 2201 1852 2256 sitim
1877 2207 2151 2262 exercitus

582 2278 869 2334 solaretur.
911 2279 1040 2336 Erat
1073 2298 1326 2355 namque,
1370 2287 1436 2341 ad
1469 2305 1627 2358 quem
1668 2301 1849 2348 castra
1883 2296 2149 2360 locarant,

583 2371 734 2426 lacus
763 2373 982 2442 quidam
1011 2378 1343 2434 marinarum
1371 2396 1657 2450 aquarttm,
1681 2396 1842 2456 atque
1868 2389 2002 2444 adeo
2035 2407 2152 2443 ma-

578 2459 702 2516 rina
731 2465 994 2532 amarior;
1029 2467 1116 2522 cui
1148 2485 1270 2524 cum
1305 2472 1662 2540 adsedissent,
1693 2477 1894 2546 sitique
1927 2488 2149 2551 torque-

581 2559 790 2617 rentur,
810 2554 1021 2627 Moyses
1039 2557 1224 2614 divino
1247 2567 1484 2617 monitus
1511 2567 1753 2635 oraculo,
1780 2569 1983 2639 lignum
2003 2573 2147 2641 quod

581 2644 638 2698 in
669 2644 750 2699 eis
779 2647 913 2702 locis
937 2650 1238 2710 invenerat.
1271 2654 1324 2706 in
1365 2655 1482 2710 illas
1521 2671 1692 2726 aquas
1730 2662 1956 2716 marinis
1995 2677 2150 2718 acer-

579 2735 762 2791 biores
793 2737 1047 2794 immisit:
1100 2749 1154 2796 et
1209 2743 1378 2808 illico,
1426 2755 1622 2802 natura
1677 2750 1826 2820 ligni,
1887 2767 2146 2822 aquarum

581 2825 760 2878 ablata
801 2829 1186 2895 amaritudine,
1210 2832 1396 2888 dulces
1437 2844 1600 2906 atque
1643 2841 1904 2906 potabiles
1946 2843 2150 2898 effectae

579 2915 820 2972 fuerunt.
862 2917 1034 2975 Nubis
1077 2922 1270 2978 deinde
1315 2924 1502 2990 ductu,
1547 2943 1707 2998 quam
1759 2936 2146 3000 praecedentem

579 3012 967 3080 sequebantur,
989 3021 1042 3069 et
1064 3031 1171 3086 qua
1201 3027 1380 3074 stante
1412 3022 1513 3090 ipsi
1541 3037 1755 3093 quoque
1781 3035 1960 3081 castra
1988 3037 2148 3082 meta-

579 3103 797 3167 bantur,
833 3104 900 3158 ad
929 3107 1106 3161 locum
1139 3107 1430 3166 deveniunt
1465 3114 1622 3182 aquis
1659 3125 1824 3184 atque
1860 3119 2146 3174 arboribus

2256 2024 2462 2094 σχῆμα,
2487 2025 2583 2094 μία
2615 2025 2707 2078 τοῦ
2739 2025 2928 2090 ὕδατος
2953 2029 3240 2096 ἐπιφάνειά
3260 2047 3319 2082 τε
3341 2031 3438 2084 καὶ
3463 2030 3581 2101 ὄψις
3595 2032 3800 2099 γίνεται,

2253 2115 2353 2186 ἤδη
2382 2115 2489 2169 τῶν
2530 2117 2876 2188 Ἰσραηλιτῶν
2909 2119 3001 2171 ἐπὶ
3045 2120 3145 2189 τῆς
3179 2120 3354 2192 πέραν
3379 2121 3562 2192 ἠϊόνος
3595 2125 3657 2176 τὺ
3685 2123 3802 2178 πολύ

2251 2222 2310 2258 τε
2342 2207 2433 2260 καὶ
2460 2206 2707 2261 σύντονον
2761 2209 2860 2279 τῆς
2895 2209 2982 2262 διὰ
3005 2209 3097 2264 τοῦ
3128 2213 3394 2281 πελάγους
3429 2217 3652 2286 πορείας
3687 2217 3804 2269 ἀνα-

2253 2299 2558 2360 παυόντων,
2585 2301 2674 2353 ὅτε
2701 2302 2794 2354 καὶ
2817 2301 2915 2372 τὴν
2949 2303 3211 2357 ἐπινίκιον
3241 2301 3380 2377 ᾖσαν
3417 2305 3565 2378 ᾠδὴν
3587 2306 3660 2377 τῷ
3677 2305 3804 2376 Θεῷ,

2251 2388 2328 2458 τῷ
2351 2392 2470 2442 τότε
2510 2391 2844 2462 ἀναίμακτον
2867 2393 3007 2464 ὑπὲρ
3034 2395 3208 2448 αὑτῶν
3236 2396 3516 2467 ἐγείραντι
3547 2397 3802 2470 τρόπαιον,

2251 2479 2467 2532 πάντων
2499 2485 2838 2552 πανστρατιᾷ
2873 2483 2982 2538 τῶν
3019 2486 3351 2553 Αἰγυπτίων,
3390 2485 3577 2551 αὐτοῖς
3607 2489 3696 2541 καὶ
3729 2488 3805 2540 it:-

2251 2588 2372 2634 ποις
2406 2571 2499 2624 καὶ
2517 2571 2700 2636 ὅπλοις
2729 2577 2824 2627 καὶ
2866 2575 3126 2646 ἅρμασιν,
3158 2579 3564 2649 ἀφανισθέντων
3603 2579 3804 2634 ὑπὸτοῦ

2251 2661 2461 2724 ὓδατος.
2497 2658 2630 2715 Εἶτα
2658 2663 2902 2734 πρόεισιν
2929 2667 3021 2719 ἐπὶ
3052 2667 3119 2720 τὰ
3163 2670 3350 2739 πρόσω
3379 2673 3406 2723 ό
3431 2671 3690 2741 Μωῠσῆς,
3719 2672 3804 2723 καὶ

2248 2752 2413 2822 τριῶν
2454 2752 2676 2824 ἡμερῶν
2723 2754 2948 2825 ἄνυδρον
2975 2755 3250 2820 διοδεύσας
3273 2758 3410 2822 ὁδὸν,
3457 2761 3516 2811 ὲν
3547 2757 3804 2830 ἀμηχανία

2248 2844 2477 2912 γίνεται,
2530 2845 2602 2914 μὴ
2633 2844 2770 2914 ἔχων
2797 2846 2944 2910 ὅπως
2970 2847 3064 2899 τοῦ
3103 2849 3334 2918 στρατοῦ
3359 2850 3417 2902 τὺ
3449 2849 3600 2918 δίψος
3641 2867 3802 2921 παρα-

2252 2937 2575 3008 μυθὴσηται.
2612 2933 2719 2990 Ἦν
2760 2938 2868 3008 γάρ
2901 2955 2986 3002 τις
3011 2939 3194 3011 λίμνη,
3226 2942 3351 3011 περὶ
3383 2941 3453 3012 ἦν
3493 2941 3801 3012 ἐστρατοπέ-

2247 3029 2458 3091 δευσαν,
2525 3029 2812 3084 θαλασσίου
2876 3031 3083 3098 ὓδατος,
3123 3033 3320 3103 μᾶλλον
3351 3033 3408 3086 δὲ
3441 3033 3734 3104 πικροτέρα
3771 3031 3806 3103 ἢ

2248 3118 2388 3172 κατά
2412 3118 2702 3172 θάλασσαν.
2739 3118 2892 3172 Ἐπεὶ
2931 3115 3023 3172 οὖν
3069 3119 3514 3190 προσκαθήμενοι
3539 3118 3613 3190 τῷ
3644 3117 3804 3178 ὕδατι,

581 3195 1032 3251 amoenissimum.
1081 3199 1374 3256 Duodecim
1416 3205 1560 3258 enim
1607 3207 1846 3262 fontibus
1892 3213 2148 3267 continue

2251 3209 2324 3280 τῷ
2355 3211 2497 3280 δίψει
2518 3209 2610 3262 τοῦ
2637 3209 2824 3274 ὓδατος
2857 3211 3247 3279 κατεφλέγοντο
3269 3225 3281 3238 ·
3315 3209 3505 3263 θεόθεν
3523 3208 3664 3278 αὐτῷ
3681 3225 3806 3276 συμ-

580 3287 927 3359 irrigabatnr,
945 3301 996 3345 et
1019 3296 1358 3364 septuaginta
1381 3299 1576 3367 palmis
1597 3303 1842 3357 consitus
1869 3314 2004 3367 erat.
2023 3321 2144 3374 quae

580 3395 748 3448 parvo
779 3381 881 3436 hoc
915 3399 1160 3446 numero,
1189 3403 1253 3442 eo
1275 3389 1420 3457 quod
1445 3392 1848 3460 pulchritudine
1873 3403 1926 3448 et
1955 3412 2144 3465 proce-

579 3473 740 3526 ritate
773 3473 1116 3536 excellerent,
1158 3479 1418 3533 miraculo
1453 3481 1759 3538 videntibus
1795 3497 1969 3539 erant.
2005 3487 2142 3540 Hinc

581 3570 726 3614 mota
761 3578 952 3618 rursus
976 3566 1082 3620 dux
1111 3567 1200 3621 illa
1229 3569 1418 3635 nubes,
1444 3571 1608 3625 alium
1637 3574 1690 3627 in
1717 3573 1894 3628 locum
1923 3577 2144 3632 deduxit

581 3654 900 3710 exercitum.
921 3655 1050 3710 Erat
1079 3659 1168 3712 hic
1187 3667 1365 3714 autem
1389 3662 1657 3729 desertus,
1683 3679 1848 3720 arena
1871 3665 2140 3732 obtectus,

581 3759 645 3798 ac
691 3746 912 3810 sterilis,
949 3763 1048 3803 nec
1083 3751 1191 3805 ullo
1224 3765 1486 3821 aquarum
1531 3755 1734 3810 ﬂuento
1771 3759 2138 3828 irrigabatur:

581 3836 672 3890 ubi
709 3852 902 3893 rursus
941 3841 1172 3909 papulas
1211 3843 1301 3896 siti
1346 3843 1696 3916 aﬂligebatur.
1731 3849 1802 3901 At
1837 3849 2049 3920 Moyses
2077 3867 2144 3905 ex

581 3925 760 3996 lapide
789 3929 1024 3996 quodam
1055 3930 1204 4002 virga
1233 3949 1515 4002 percusso,
1557 3937 1953 4006 jucundissima
1985 3951 2145 4011 atque

580 4018 958 4084 copiosissima
980 4037 1241 4091 aquarum
1265 4027 1464 4081 ﬂuenta
1489 4030 1710 4084 exsilire
1727 4031 1868 4085 fecit.
1889 4032 1984 4088 Hic
1999 4051 2146 4089 com-

581 4117 793 4165 meatus
820 4111 982 4166 etiam
1006 4115 1202 4178 omnis,
1235 4133 1394 4185 quem
1425 4127 1684 4176 exeuntes
1706 4121 1774 4174 ab
1794 4121 2030 4193 IEgypto
2053 4125 2146 4178 ad-

581 4198 868 4264 duxerant,
903 4217 1026 4257 cum
1059 4205 1366 4270 defecisset,
1394 4217 1447 4264 et
1473 4212 1704 4280 pepulus
1739 4211 1878 4268 fame
1931 4231 2146 4284 preme-

582 4299 754 4358 retur,
791 4296 1108 4350 miraculum
1141 4297 1218 4362 ﬁt,
1263 4300 1408 4368 quod
1432 4315 1544 4370 prae
1570 4304 1780 4358 caeteris
1803 4313 1888 4358 est
1913 4306 2147 4360 incredi-

581 4381 728 4436 bile:
769 4397 877 4437 non
919 4399 950 4438 a
987 4393 1130 4439 terra
1159 4387 1310 4454 ipsis,
1344 4398 1400 4440 ut
1423 4390 1580 4454 solet,
1613 4407 1733 4460 qua:
1773 4393 1970 4447 victum
2007 4411 2144 4464 prte-

583 4472 820 4536 stabant,
848 4475 1184 4540 oriebantur,
1207 4475 1300 4530 sed
1324 4492 1354 4530 a
1373 4479 1513 4532 coelo
1539 4481 1782 4548 quotidie
1807 4483 1947 4538 roris
1973 4484 2146 4540 instar

2245 3301 2444 3372 ϐουλῆς
2466 3301 2858 3372 γεγενημένης.
2896 3302 3050 3366 ξύλον
3081 3319 3133 3355 τι
3161 3302 3288 3372 περὶ
3315 3302 3408 3354 τὸν
3427 3301 3593 3354 τόπον
3623 3298 3800 3369 εὑρὼν,

2244 3389 2500 3460 ἐμϐάλλει
2545 3390 2622 3461 τῷ
2671 3391 2858 3444 ὕδατι·
2906 3391 2965 3444 τὸ
3011 3391 3066 3444 δὲ
3101 3391 3444 3460 παραχρῆμα
3473 3391 3694 3460 πότιμον
3721 3383 3806 3457 ἦν,

2242 3479 2336 3531 τοῦ
2367 3478 2522 3542 ξύλου
2551 3483 2616 3551 τῇ
2641 3481 2818 3551 οἰκείᾳ⁴
2845 3481 3068 3551 δυνάμει
3087 3479 3186 3552 τὴν
3207 3481 3298 3534 τοῦ
3331 3479 3524 3543 ὓδατος
3553 3479 3708 3549 φύσιν
3733 3479 3804 3539 εἰς

2244 3570 2435 3641 ἡδονὴν
2483 3572 2546 3624 ὲκ
2592 3571 2814 3642 πικρίας
2859 3573 3346 3643 μετακεράσαντος.
3373 3571 3486 3640 Τῆς
3515 3571 3570 3624 δὲ
3595 3567 3804 3639 νεφέλης

2247 3661 2660 3732 μεταναστάσης
2685 3663 2778 3714 ἐπὶ
2803 3665 2870 3716 τὰ
2892 3663 3100 3734 πρόσω,
3135 3665 3376 3716 κάκεῖνοι
3399 3663 3494 3714 ἐπὶ
3521 3664 3586 3732 τῇ
3610 3661 3804 3730 κινήσει

2243 3752 2336 3804 τοῦ
2363 3751 2682 3822 ὁδηγοῦντος
2706 3767 2768 3804 συ
2777 3751 3225 3822 μμετανίσταντο.
3247 3752 3334 3804 ἀεὶ
3344 3750 3506 3804 τοῦτο
3517 3747 3806 3810 ποιοῦντες,

2245 3843 2544 3914 παυόμενοι
2572 3861 2634 3897 τε
2669 3844 2768 3914 τῆς
2807 3845 3052 3914 πορείας,
3083 3845 3142 3896 ὲν
3170 3837 3320 3912 ᾧπερ
3357 3843 3422 3896 ἂν
3455 3845 3490 3913 ἡ
3517 3845 3696 3905 στάσις
3713 3841 3804 3910 τῆς

2244 3937 2470 4006 νεφέλης
2525 3936 2584 3989 τὸ
2621 3936 2718 4006 τῆς
2773 3936 3131 3998 ἀναπαύσεως
3181 3935 3346 3988 ἔδωκε
3397 3934 3667 4004 σύνθημα,
3719 3933 3806 3984 καὶ

2245 4030 2572 4101 ἀπαίροντες
2621 4029 2802 4094 πάλιν,
2851 4021 3023 4099 οὗπερ
3057 4027 3124 4081 ἂν
3170 4029 3203 4098 ἡ
3244 4027 3439 4097 νεφέλη
3471 4027 3571 4096 τῆς
3599 4023 3805 4098 πορείας

2247 4121 2424 4175 αὐτῶν
2474 4121 2816 4191 ἀφηγήσατο.
2863 4119 3352 4189 Καταλαμϐάνουσι
3403 4119 3482 4180 δὲ,
3523 4117 3598 4188 τῷ
3639 4114 3810 4186 όδηγῷ

2243 4211 2416 4282 τούτῳ
2463 4210 2740 4280 ἑπόμενοι,
2775 4209 2941 4262 τόπον
2993 4209 3145 4262 ὖδατι
3203 4208 3416 4278 ποτίμῳ
3451 4209 3804 4279 κατάρρυτον,

2243 4302 2622 4356 δυοδεκαίδεκα
2648 4303 2848 4370 πηγαῖς
2863 4300 3106 4369 ἀφθόνως
3133 4299 3610 4370 περικλυζόμενον.
3640 4295 3809 4350 Ἑϐδο-

2251 4399 2491 4466 μήκοντα
2549 4394 2604 4446 δὲ
2655 4391 2793 4464 ἦσαν
2846 4395 2895 4446 oi
2943 4393 3202 4462 φοίνικες,
3253 4389 3548 4462 ἀρκοῦντες
3597 4388 3688 4442 καὶ
3753 4387 3808 4438 ὲν

2247 4486 2410 4555 ὀλίγῳ
2479 4485 2556 4554 τῷ
2611 4482 2828 4552 ἀριθμῴ
2875 4483 3008 4536 πολὺ
3073 4483 3295 4548 ποιῆσαι
3353 4483 3464 4542 τοῖς
3527 4478 3694 4548 ὁρῶσι
3749 4472 3808 4526 τὸ

583 4561 906 4618 deﬂuebant.
953 4563 1163 4619 Etenim
1209 4569 1311 4622 sub
1354 4571 1731 4638 crepusculum
1775 4575 2006 4641 sparsim
2059 4593 2146 4632 ros

2253 4575 2435 4646 θαῦμα
2455 4574 2560 4644 ,τῷ
2595 4575 2910 4645 ὑπεραίρειν
2943 4574 3080 4628 κατά
3115 4576 3174 4626 τὸ
3201 4572 3392 4634 κάλλος
3412 4588 3472 4624 τε
3517 4571 3612 4623 καὶ
3651 4566 3808 4638 μέγε-

583 4654 1014 4724 diﬂ‘undebatur,
1057 4659 1148 4728 qui
1197 4659 1250 4713 in
1294 4661 1472 4716 cibum
1517 4675 1576 4716 se
1607 4661 1770 4716 dabat
1803 4663 2140 4736 legentibus:

583 4751 740 4820 isque
760 4767 868 4806 non
895 4767 1128 4821 aqueum
1154 4761 1292 4816 erat,
1320 4763 1380 4808 ut
1402 4757 1455 4810 in
1487 4771 1610 4811 rore
1634 4756 1750 4811 ﬁeri
1779 4759 2000 4822 assolet,
2026 4761 2146 4814 stil-

579 4843 848 4907 licidium,
887 4845 982 4899 sed
1019 4846 1138 4901 loco
1173 4856 1444 4917 guttarum
1473 4850 1776 4920 crystallini
1815 4853 2050 4920 grumuli
2091 4852 2146 4905 in

580 4934 856 4990 coriandri
885 4937 1110 4992 seminis
1136 4937 1360 4994 formam
1387 4942 1713 5012 conglobati,
1742 4943 1882 5011 quod
1914 4942 2148 4997 rustica-

578 5029 676 5082 tim
697 5029 895 5084 dicitur
921 5030 1250 5104 κολίανδρον,
1281 5033 1683 5091 descendebant
1708 5055 1720 5091 :
1757 5037 1848 5107 qui
1865 5037 1934 5091 ad
1961 5037 2144 5092 cibum

579 5119 792 5174 collecti
823 5130 1040 5190 gustum
1069 5125 1246 5178 mellis
1281 5141 1414 5194 pene
1441 5126 1756 5181 aﬂ'erebant.

2255 4673 2363 4735 θος.
2407 4668 2576 4722 Πάλιν
2628 4667 2878 4720 κάκεῖθεν
2927 4671 2954 4720 ό
2990 4667 3182 4737 όδηγὺς
3215 4667 3248 4736 ἡ
3287 4665 3481 4733 νεφέλη
3519 4663 3654 4732 πρὸς
3695 4660 3802 4712 ἓτε-

2256 4779 2347 4834 ρον
2402 4761 2522 4828 ἇγει
2559 4759 2720 4811 τόπον
2773 4755 2866 4809 τὸν
2909 4757 3136 4828 στρατὸν
3165 4757 3535 4826 ἀναστήσασα.
3574 4753 3812 4822 Ἔρημος

2251 4855 2308 4906 δέ
2345 4869 2428 4915 τις
2479 4843 2633 4912 οὗτος
2691 4843 2758 4919 ἦν
2785 4887 2800 4912 ,
2857 4851 2918 4901 ἑν
2973 4849 3232 4918 αὐχμηρᾷ
3297 4848 3390 4899 καὶ
3446 4842 3806 4906 διακεκαλυμ-

2256 4945 2392 5016 μένῃ
2457 4945 2522 5012 τῇ
2595 4941 2807 5011 ψάμμῳ
2835 4981 2850 5004 ,
2953 4940 3222 5010 μηδεμιᾶς
3293 4938 3500 4990 ὑδάτων
3595 4931 3808 5002 ἰκμάδος

2253 5031 2672 5101 ὑπονοτιζούσης
2727 5031 2814 5082 τὸν
2875 5029 3084 5099 χῶρον,
3145 5031 3202 5081 ὲν
3253 5023 3296 5095 ᾧ
3345 5027 3508 5080 πάλιν
3557 5025 3650 5078 τὸν
3688 5019 3808 5074 λαὸν

2249 5124 2344 5178 τοῦ
2369 5125 2554 5192 δίψους
2591 5121 3082 5190 καταπονήσαντος,
3121 5121 3295 5190 πέτρα
3317 5135 3402 5181 τις
3431 5117 3522 5168 ἐπὶ
3543 5112 3808 5184 γεωλόφου

579 5218 758 5290 ῥάϐδῳ
805 5217 1072 5287 πληγεῖσα
1115 5219 1266 5290 παρά
1308 5221 1401 5273 τοῦ
1451 5221 1746 5283 Μωῦσέως,
1781 5221 1922 5291 ὓδωρ
1953 5223 2226 5276 ἐκδίδωσιν
2254 5221 2349 5292 ἡδύ
2396 5237 2455 5271 τε
2506 5219 2599 5270 καλ⁵
2634 5217 2880 5286 πότιμον,
2935 5213 3044 5322 καὶν
3067 5215 3166 5283 τῆς
3205 5213 3391 5320 κρεεας
3423 5229 3515 5322 τείυ
3562 5222 3808 5322 τξδσοξδξου

577 5309 707 5364 λαοῦ
746 5309 1144 5382 δαψιλέστερον.
1177 5311 1344 5363 Ἔνθα
1371 5309 1435 5380 δὴ
1467 5312 1558 5363 καὶ
1585 5311 1682 5380 τῆς
1711 5315 2061 5382 παρασκευῆς
2093 5313 2200 5365 τῶν
2233 5310 2448 5381 τροφῶν
2483 5306 2857 5376 ἐπιλιπούσης,
2892 5305 2957 5375 ἣν
2987 5305 3046 5368 ἐξ
3090 5307 3366 5406 Αἰγύπτου
3396 5305 3528 5412 πρὸς
3557 5303 3656 5408 την
3683 5299 3812 5402 ὑδρι-

577 5405 774 5475 πορίαν
807 5406 1200 5468 ἐπεσιτίσαντο,
1232 5405 1324 5457 καὶ
1345 5403 1487 5474 λιμῷ
1527 5403 1620 5457 τοῦ
1661 5405 1788 5458 λαοῦ
1844 5406 2196 5476 πιεζομένου·
2240 5407 2444 5472 γίνεται
2485 5402 2544 5453 τὺ
2572 5403 2787 5454 πάντων
2829 5399 3183 5502 ἀπιστότατοὶν
3229 5397 3432 5504 Omittit.
3469 5413 3566 5448 ουκ
3597 5409 3808 5504 εδξιγηξο

577 5497 720 5550 κατὰ
743 5499 804 5550 τὸ
829 5497 1232 5567 νενομισμένον,
1261 5497 1444 5557 αὐτοῖς
1487 5496 1584 5564 τῆς
1625 5496 1826 5564 τροφῆς
1866 5496 2210 5565 φαινομένης,
2239 5493 2350 5546 ἀλλ’
2386 5491 2588 5544 ἄνωθεν
2627 5491 2689 5542 ὲκ
2725 5487 2814 5541 τοῦ
2860 5488 3088 5558 ούρανοῦ
3141 5488 3454 5557 δροσοειδως
3489 5485 3811 5590 καταρρεομ-

581 5607 697 5660 σης.
736 5591 934 5662 Δρόσος
965 5590 1073 5661 γάρ
1105 5591 1285 5652 αὐτοῖς
1311 5591 1554 5656 ἑπεχεῖτο
1587 5590 1726 5642 κατά
1759 5590 1847 5642 τὸν
1880 5590 2102 5660 ὄρθρον·
2139 5589 2312 5662 τροφὴ
2347 5587 2408 5658 ,δὲ
2439 5589 2548 5690 τοῖς
2586 5585 3082 5690 ὑποςδεχοημὲνοιξ
3107 5583 3292 5690 δράξος
3325 5583 3544 5690 ἐγίγετοο

581 5685 948 5754 ἐπιχεόμενον,
979 5683 1040 5735 ού
1081 5684 1232 5753 ῥανὶς
1265 5681 1536 5753 ὑδατώδης
1559 5678 1648 5751 ἦν,
1678 5681 1858 5744 καθὼς
1891 5683 2120 5752 σύνηθές
2161 5685 2306 5733 ἐστιν
2342 5682 2397 5730 ἐν
2425 5677 2600 5780 δρόσιρ
2645 5677 2924 5780 γίνεσθαιῖ
2973 5675 3082 5780 ἀλλ’
3119 5675 3236 5774 dm}
3275 5675 3544 5780 σταγόνων

581 5775 724 5834 τινὲς
756 5772 1212 5844 κρυσταλλοειδεῖς
1249 5773 1310 5824 τὸ
1339 5770 1496 5836 εἶδος,
1537 5774 1678 5826 κατὰ
1729 5774 1789 5824 τὸ
1842 5773 2048 5842 σχῆμα,
2098 5773 2125 5822 ὃ
2166 5767 2494 5841 ἀγροικικῶς
2537 5767 2748 5832 λέγεται
2798 5765 3104 5836 κολίανδρον
3141 5783 3234 5818 του
3277 5766 3458 5836 κορίου
3485 5777 3808 5832 σπερματος.

583 5863 978 5936 σφαιρωθέντες
1017 5865 1326 5936 κατέρρεον,
1363 5859 1435 5920 ὧν
1467 5869 1500 5935 ἡ
1541 5868 1724 5935 γεῦσις
1746 5869 1842 5937 τὴν
1863 5868 1956 5920 τοῦ
1992 5868 2203 5938 μέλιτος
2241 5865 2430 5934 ἡὼνὴν
2459 5860 2794 5930 ὑπεκρίνετο.
