3988 6466
234 452 334 509 3ῗῦ

232 659 291 713 τὸ
324 659 531 722 πάντας
565 660 657 711 ἐπὶ
688 658 785 729 τὴν
834 658 1093 730 συλλογὴν
1126 660 1396 726 ἐξιόντας,
1436 663 1493 713 ὲν
1531 662 1804 733 διαφόροις

237 752 325 818 (ὡς
348 750 520 820 εἰκὸς)
548 751 785 820 ἡλικίαις
804 767 865 803 τε
884 750 977 803 καὶ
995 751 1271 821 δυνάμεσι,
1294 753 1429 822 μήτε
1450 753 1667 806 ἔλαττον
1690 754 1805 806 ἓτε-

238 860 324 912 ρον
352 841 563 911 ἑτέρου,
593 841 733 894 κατά
762 841 857 911 τὴν
877 844 974 911 τῆς
998 842 1276 911 δυνάμεως
1302 842 1578 913 διαφορὰν,
1614 861 1804 913 συγκο-

242 932 491 1002 μίζεσθαι
509 949 526 963 ο
556 932 690 985 ἀλλὰ
718 933 1028 1003 μετρεῖσθαι
1052 936 1117 1003 τῇ
1149 934 1375 986 ἑκάστου
1410 935 1561 1005 χρείᾳ
1586 935 1647 987 τὸ
1683 954 1805 989 συν-

239 1025 523 1093 αγόμενον,
554 1024 628 1085 ὡς
659 1026 795 1094 μὴτε
836 1025 926 1077 τὸν
946 1023 1312 1097 δυνατώτερον
1342 1027 1403 1078 τὸ
1433 1027 1593 1081 πλέον
1639 1028 1801 1098 ἔχειν,

243 1114 376 1183 μὴτε
423 1112 770 1166 ἐλαττοῦσθαι
797 1114 895 1183 τῆς
938 1112 1235 1185 ἰσομοιρίας
1262 1116 1357 1168 τὸν
1399 1116 1806 1189 ἀσθενέστερον.

240 1204 407 1257 Πάλιν
452 1204 546 1255 ἐπὶ
570 1203 744 1274 τούτῳ
772 1203 955 1275 ἕτερον
985 1204 1165 1275 θαῦμα
1194 1208 1227 1276 ἡ
1261 1207 1470 1279 ἱστορία
1500 1209 1683 1279 φησὶν,
1724 1210 1805 1263 ὅτι

238 1293 297 1345 τὸ
323 1293 458 1363 πρὸς
496 1294 708 1365 ἡμέραν
747 1293 974 1357 ἕκαστος
1002 1295 1377 1366 κομιζόμενος,
1410 1299 1562 1351 οὐδὲν
1595 1300 1674 1363 είς
1708 1304 1806 1372 τὴν

240 1385 365 1453 ἑξῆς
401 1385 707 1440 ἀπετίθετο.
768 1385 859 1455 Τῷ
910 1386 965 1439 δὲ
1008 1387 1264 1459 φειδωλία
1307 1389 1414 1442 τινὶ
1457 1391 1593 1461 πρὸς
1615 1391 1712 1462 τὴν
1743 1394 1808 1446 ὲκ

240 1480 336 1548 τῆς
365 1479 645 1549 παρούσης
672 1480 875 1549 τροφῆς
905 1479 1274 1550 ταμιεύσαντι,
1296 1482 1565 1553 ἄχρηστον
1584 1480 1651 1555 ἦν
1673 1486 1808 1555 πρὸς

241 1570 445 1638 τροφὴν
494 1570 556 1622 τὸ
600 1572 893 1634 ἀπόθετον,
944 1574 1026 1634 είς
1078 1572 1375 1644 σκωλήκων
1429 1573 1591 1642 φύσιν
1640 1593 1807 1646 μετα-

240 1660 581 1729 ⁴ποιούμενον.
615 1662 878 1731 Πρόσεστί
907 1679 959 1714 τι
996 1662 1088 1715 καὶ
1116 1662 1242 1716 ἄλλο
1273 1666 1338 1733 τῇ
1384 1664 1532 1735 παρά
1564 1666 1661 1735 τῆς
1682 1682 1809 1736 τρο-

241 1750 345 1819 φῆς
375 1750 579 1820 ταύτης
622 1753 832 1823 ἱστορίᾳ
861 1752 1179 1823 παράδοξον.
1231 1753 1352 1806 Τῶν
1393 1755 1501 1825 γὰρ
1531 1756 1629 1827 τῆς
1658 1756 1808 1809 ὲδδο..

244 1841 408 1911 μάδος
434 1842 659 1912 ἡμερῶν
691 1844 794 1912 τῆς
835 1846 981 1914 μιᾶς,
1015 1846 1153 1898 κατά
1179 1862 1298 1898 τινα
1343 1846 1498 1915 λόγον
1528 1850 1806 1917 μυστικὸν,

1541 458 1627 512 DE
1663 460 1824 513 VITA
1864 456 2140 514 MOYSIS.

298 565 487 638 Τούτῳ
505 565 561 620 δὲ
582 566 663 637 τῷ
690 567 926 638 θαύματι
960 568 1341 641 συνεθεωρεῖτο
1368 568 1460 625 καὶ
1491 570 1551 623 τό
1583 573 1766 645 ἕτερον
1784 589 1796 602 ’
1830 580 1873 635 Α

3377 460 3482 518 εει

1982 571 2117 625 tluic
2156 572 2414 627 miraculo
2464 575 2754 631 accedebat
2809 583 2863 630 et
2894 572 3078 630 aliud:
3127 575 3313 632 multis
3332 580 3481 633 enim

1910 676 2017 717 nec
2051 663 2164 730 pari
2189 669 2365 730 aetate,
2402 679 2503 718 nec
2524 665 2753 728 viribus,
2789 673 2848 718 ut
2901 654 3325 720 consentaneum
3373 675 3481 729 est,

1912 754 2218 826 aequalibus
2252 754 2319 808 ad
2352 757 2725 811 collectionem
2752 755 3168 819 confluentibus,
3224 771 3333 810 non
3380 759 3485 811 mi-

1913 865 2017 904 nus
2053 848 2195 904 after
2233 848 2425 911 altero,
2460 856 2553 902 aut
2608 863 2826 919 propter
2864 858 3096 913 attatem,
3128 855 3223 903 aut
3262 857 3487 919 propter

1911 936 2288 994 inﬁrmitatem
2338 940 2444 994 sibi
2491 941 2788 1009 assumpsit
2846 959 2860 995 :
2922 955 3022 996 nec
3080 941 3172 1010 qui
3228 941 3480 1003 validior,

1911 1031 2013 1085 sibi
2039 1032 2161 1101 plus
2202 1042 2364 1101 quam
2394 1037 2537 1084 esset
2562 1045 2719 1099 opus,
2750 1044 2853 1084 nec
2884 1031 2977 1099 qui
3011 1030 3273 1085 infirmior
3301 1032 3483 1085 minus

1911 1122 1967 1175 in
1995 1137 2059 1176 eo
2086 1123 2173 1176 die
2193 1120 2373 1192 patuit
2408 1122 2668 1190 arripere.
2720 1121 2874 1175 Aliud
2913 1123 3135 1192 insuper
3156 1123 3480 1176 miraculum

1914 1212 2143 1267 historia
2163 1213 2350 1275 habet,
2377 1211 2520 1280 quod
2555 1212 2762 1267 scilicet
2786 1227 2898 1267 uno
2929 1212 3018 1267 die
3047 1213 3331 1267 collectum
3366 1213 3485 1267 fue-

1912 1313 2015 1365 rat,
2038 1302 2157 1370 ejus
2187 1302 2322 1354 nihil
2347 1302 2570 1354 omnino
2602 1302 2657 1354 in
2691 1302 2994 1355 crastinum
3039 1301 3207 1355 fuisse
3236 1315 3483 1355 reserva-

1911 1400 2048 1446 tum.
2083 1391 2239 1457 Quod
2256 1393 2299 1446 si
2323 1392 2450 1459 quis
2473 1392 2665 1445 timore
2697 1390 2881 1446 furtim
2905 1393 3197 1462 quamdam
3225 1392 3330 1445 sibi
3359 1407 3485 1461 paro

1911 1479 2131 1531 ticulam
2156 1479 2222 1531 ad
2250 1478 2548 1533 crastinum
2572 1488 2975 1544 conservasset,
3019 1488 3190 1534 totum
3220 1480 3363 1549 quod
3397 1496 3485 1535 re-

1912 1568 2149 1637 positum
2204 1577 2339 1633 erat,
2404 1585 2500 1639 per
2550 1579 2763 1625 noctem
2820 1581 3131 1641 corruptum
3175 1572 3229 1625 in
3273 1587 3483 1628 vermes

1913 1658 2427 1714 transformabatur.
2453 1660 2548 1715 Est
2574 1662 2627 1714 in
2662 1662 2761 1716 hac
2791 1663 3015 1717 historia
3042 1662 3299 1733 quiddam
3331 1663 3487 1717 mira-

1913 1750 2021 1804 bile
2052 1769 2065 1804 :
2101 1766 2222 1803 nam
2259 1767 2383 1804 cum
2418 1768 2483 1807 ex
2517 1753 2869 1809 hebdomada:
2900 1753 3093 1809 diebus
3117 1769 3222 1808 una
3254 1755 3485 1824 mystica

1914 1842 2127 1896 ratione
2153 1844 2389 1912 quadam
2412 1848 2721 1900 cessatione
2746 1847 2813 1898 ab
2832 1844 3079 1899 Hebraeis
3102 1845 3482 1909 honoraretur,

241 1935 483 2005 ἀπραξίᾳ
528 1937 916 2007 τετιμημένης,
951 1939 1009 1990 ὲν
1054 1941 1119 2009 τῇ
1165 1939 1271 2009 πρὸ
1304 1940 1471 2011 αὐτῆς
1504 1940 1688 2012 ἡμέρᾳ
1711 1943 1808 2011 τῆς

1916 1948 1977 1988 ne
2026 1934 2159 2004 quid
2208 1935 2265 1988 in
2295 1951 2359 1990 ea
2407 1935 2494 1991 die
2547 1945 2744 2007 praeter
2785 1936 3237 1991 consuetudinem
3302 1934 3487 1990 facere

243 2024 383 2093 [σηςν
443 2024 521 2086 ἀλῗ
576 2024 713 2096 πρὸς
764 2026 854 2080 τὸν
915 2028 1222 2097 ἔμπροσθεν
1273 2030 1465 2100 χρόνον
1524 2032 1817 2101 γινομένης

242 2117 535 2187 ἐπιρροῆς,
602 2118 698 2171 καὶ
747 2119 845 2189 τῆς
901 2119 1009 2173 τῶν
1072 2121 1433 2188 συλλεγόντων
1508 2123 1816 2194 προθυμίας

241 2207 301 2259 τὺ
383 2208 499 2261 ἴσον
547 2208 811 2278 ἐχούσης·
862 2211 1142 2266 διπλάσιον
1206 2214 1486 2284 εὑρίσκετο
1544 2217 1639 2270 τοῦ
1694 2236 1816 2270 συν-

243 2296 408 2365 ἡθους
467 2299 666 2370 μέτρου
729 2300 789 2353 τὺ
844 2304 1236 2373 συναγόμενον·
1295 2305 1370 2369 ὡς
1417 2307 1484 2360 ἂν
1548 2310 1814 2379 μηδεμίαν

244 2388 413 2457 ἔχοιεν
464 2390 751 2464 ἀφορμὴν,
807 2396 873 2464 τῇ
928 2395 1025 2465 τῆς
1091 2398 1296 2467 τροφῆς
1371 2400 1584 2473 ἀνάγκῃ
1634 2418 1815 2471 παρα-

243 2479 390 2533 λύειν
458 2484 557 2553 τῆς
602 2483 873 2554 ἀπραξίας
936 2486 1028 2539 τὸν
1067 2488 1249 2557 νόμον.
1320 2490 1410 2543 Ἕν
1486 2486 1530 2559 ᾧ
1584 2493 1647 2564 δὴ
1722 2495 1815 2547 καὶ

243 2572 403 2625 πλέον
455 2575 490 2644 ἡ
543 2574 665 2628 θεία
716 2577 985 2632 ἐδείκνυτο
1039 2579 1285 2651 δύναμις,
1336 2582 1417 2635 ὅτι
1463 2586 1584 2646 ταῖς
1625 2586 1811 2649 ἄλλαις

245 2666 495 2736 ἡμέραις,
539 2668 923 2739 ἀχρειουμένου
951 2670 1045 2724 τοῦ
1095 2674 1531 2743 περισσεύοντος,
1566 2678 1623 2728 ὲν
1676 2679 1811 2749 μόνῃ

244 2760 307 2826 τῇ
342 2758 449 2827 πρὸ
484 2758 579 2811 τοῦ
635 2761 903 2815 σαϐϐάτου
938 2768 1258 2837 παρασκευῇ
1290 2766 1466 2835 (τοῦτο
1502 2767 1609 2839 γάρ
1642 2770 1813 2839 ὄνομα

246 2850 309 2915 τῇ
369 2849 636 2919 ἀπράκτῳ
707 2852 923 2923 ἡμέρᾳ)
990 2856 1052 2907 τὸ
1104 2857 1428 2925 ταμιευθὲν,
1490 2859 1811 2932 ἀδιάφθορον

249 2939 475 3007 ἔμεινεν,
526 2943 602 3004 ὼς
649 2946 768 2995 κατ’
793 2945 942 2997 οὐδὲν
974 2942 1112 2999 εἶναι
1156 2948 1249 3000 τοῦ
1280 2950 1592 3020 προσφάτου
1636 2952 1810 3005 δοκεῖν

251 3031 559 3102 ὲωλότερον.
610 3031 744 3089 Εἶτα
776 3038 1009 3107 πόλεμος
1040 3041 1222 3105 αὐτοῖς
1270 3047 1645 3114 συγκροτεῖται
1678 3045 1812 3115 πρός

251 3140 301 3175 τι
326 3124 474 3188 ἔθνος
504 3126 798 3195 ἀλλόφυλον
825 3131 1219 3201 (Ἄμαληκίτας
1246 3135 1302 3186 δὲ
1340 3138 1464 3199 τοὺς
1492 3138 1608 3189 κατ’
1636 3139 1703 3189 αὐ
1716 3138 1812 3191 τῶν

252 3215 362 3320 τότε
389 3219 693 3320 συστάντας
720 3220 972 3291 ὀνομάζει
1001 3226 1028 3276 ὁ
1054 3224 1229 3294 λόγος)
1254 3241 1266 3254 ⁸
1311 3226 1404 3279 καὶ
1442 3228 1559 3280 τότε
1597 3228 1812 3299 πρῶτον
1840 3262 1881 3320 C

253 3308 325 3368 εἰς
384 3310 690 3380 παράταξιν
742 3313 802 3365 τὸ
871 3315 1254 3385 Ἰσραηλιτικὸν
1322 3318 1690 3383 ὲξοπλίζεται·
1751 3321 1810 3373 οὺ

254 3400 584 3468 πανστρατιᾷ
623 3400 836 3453 πάντων
869 3406 1299 3473 συγκινηθέντων
1346 3408 1437 3459 ἐπὶ
1479 3408 1575 3478 τὴν
1612 3410 1812 3479 μάχην,

251 3487 356 3539 ἀλλ’
389 3489 703 3558 ἀριστίνδην
730 3490 1135 3562 ἐξειλεγμένων,
1164 3497 1256 3549 καὶ
1294 3497 1402 3550 τῶν
1432 3500 1488 3550 ὲν
1514 3500 1695 3561 αὐτοῖς
1727 3499 1815 3551 λο-

250 3580 422 3645 γάδων
450 3580 865 3651 ἀναδεξαμένων
890 3585 980 3637 τὸν
1000 3586 1235 3656 πόλεμον
1256 3604 1269 3617 ·
1292 3590 1349 3639 ὲν
1444 3588 1604 3643 πάλιν
1631 3591 1815 3643 καινὸν

250 3670 412 3741 ἔδειξε
446 3674 779 3743 στρατηγίας
817 3676 1016 3745 τρόπον
1057 3679 1084 3729 ὁ
1130 3680 1386 3750 Μωῦσῆς.
1435 3680 1541 3733 Τοῦ
1572 3682 1681 3752 γὰρ
1712 3683 1817 3751 ’1η-

252 3760 362 3825 σοῦ,
414 3762 477 3824 ὃς
528 3765 665 3834 μετά
696 3765 788 3817 τὸν
830 3768 1067 3821 Μωῡσέα
1113 3770 1206 3822 τοῦ
1262 3772 1391 3824 λαοῦ
1441 3772 1812 3842 καθηγήσατο,

251 3852 365 3904 τότε
400 3856 515 3916 τοῖς
576 3856 962 3927 Ἀμαληκίταις
1001 3860 1091 3911 τὸν
1139 3862 1367 3932 στρατὸν
1411 3864 1814 3931 ἀντεξάγοντος,

252 3944 351 4008 ἔξω
376 3946 487 3999 τῶν
516 3948 697 4001 ὃπλων
727 3952 754 4001 ὀ
785 3951 1025 4020 Μωῢσῆς
1059 3953 1150 4005 ἐπί
1174 3971 1316 4016 τινος
1349 3959 1579 4019 σκοπιᾶς
1618 3959 1816 4024 γεωλό-

253 4053 348 4102 φου
390 4038 531 4108 πρὸς
562 4039 653 4092 τὸν
697 4041 923 4111 οὐρανὸν
968 4044 1277 4111 ἀναϐλέπει,
1319 4048 1662 4102 συνεστώτων
1689 4053 1817 4105 έκάο

251 4125 484 4194 τέρωθεν
511 4127 661 4197 αὐτῷ
694 4128 788 4181 δύο
815 4130 920 4181 τῶν
962 4131 1299 4202 ἐπιτηδείων,
1333 4136 1420 4187 ὅτε
1462 4137 1696 4189 τοιοῦτον
1726 4141 1816 4192 ἐπὶ

252 4220 357 4280 τοῖς
402 4220 709 4288 γινομένοις
751 4221 936 4291 θαῦμα
961 4224 1111 4295 παρά
1142 4225 1237 4294 τῆς
1268 4225 1506 4296 ἱστορίας
1527 4229 1817 4298 ἀκούομεν⁸

254 4308 313 4359 Εἰ
358 4309 457 4378 μὲν
500 4312 673 4382 ἐπῆρε
706 4314 841 4384 πρὸς
870 4316 1097 4384 οὐρανὸν
1145 4315 1241 4379 τάς
1284 4320 1469 4387 χεῖρας
1501 4321 1529 4371 ό
1555 4320 1811 4388 Μωῦσῆς,

254 4397 623 4467 ιπερῤὠννυτο
671 4402 811 4454 κατά
852 4404 960 4455 τῶν
1003 4404 1213 4474 ἐχθρῶν
1256 4405 1315 4457 τὸ
1363 4406 1633 4476 ὑπήκοον·
1679 4410 1815 4461 εἰδὲ

255 4489 507 4557 καθῆκεν,
538 4490 770 4543 ἐνεδίδου
815 4494 909 4546 καὶ
935 4495 964 4545 ό
998 4496 1221 4563 στρατὸς
1248 4498 1314 4565 τῇ
1343 4496 1452 4549 τῶν
1496 4498 1814 4567 ἀλλοφύλων

1916 2032 2263 2094 cogerentur,
2296 2026 2547 2095 quamvis
2581 2035 2731 2080 tanto
2760 2027 2815 2079 in
2838 2025 3067 2095 collegio
3102 2027 3484 2093 unusquisque

1915 2116 2175 2181 studium,
2200 2126 2463 2186 quantum
2486 2118 2542 2171 in
2565 2116 2776 2171 caeteris
2800 2118 3014 2180 diebus,
3041 2115 3130 2171 die
3157 2126 3308 2171 sexta
3330 2115 3487 2169 adhi-

1919 2206 2089 2268 beret,
2107 2205 2333 2275 duplum
2360 2213 2539 2260 tamen
2564 2206 2851 2260 collectum
2877 2206 2980 2260 sibi
3006 2220 3126 2260 esse
3151 2204 3483 2259 inveniebat.

1916 2314 1984 2354 ne
2038 2310 2185 2354 esset
2235 2299 2292 2352 in
2335 2313 2502 2354 causa
2560 2298 2738 2353 victus
2784 2298 3088 2353 necessitas
3131 2296 3484 2366 quamobrem

1915 2404 2077 2459 opere
2130 2390 2313 2459 aliquo
2342 2390 2427 2444 lex
2478 2390 2795 2443 violaretur.
2829 2388 2889 2442 ln
2936 2404 3046 2458 quo
3084 2391 3245 2443 etiam
3300 2387 3486 2441 divina

1915 2482 2260 2537 eluccscebat
2318 2482 2608 2551 potentia:
2665 2496 2789 2535 nam
2836 2496 2961 2536 cum
3004 2480 3230 2549 reliquis
3269 2479 3483 2540 diebus,

1915 2572 2061 2642 quod
2094 2582 2378 2643 supererat
2401 2581 2865 2641 corrumperetur,
2896 2572 2953 2625 in
2990 2573 3105 2626 sola
3130 2586 3251 2640 quae
3290 2570 3488 2624 sabba-

1919 2673 2031 2717 tum
2087 2666 2423 2735 praecedebat
2474 2665 2773 2719 Parascevc
2822 2664 3110 2718 collectum
3167 2662 3290 2732 (hoc
3339 2662 3486 2715 enim

1916 2757 2105 2811 otiosa:
2152 2757 2227 2809 illi
2280 2757 2388 2811 diei
2422 2772 2618 2811 nomen
2652 2756 2774 2827 fuit)
2808 2756 3184 2825 incorruptum
3217 2755 3486 2824 perdura-

1917 2847 2031 2910 bat,
2085 2848 2159 2902 ita
2188 2856 2249 2902 ut
2295 2850 2587 2904 recentiori
2646 2849 2818 2903 nihilo
2848 2849 3131 2903 rancidius
3186 2847 3485 2901 videretur.

1915 2938 2122 2993 Bellum
2203 2939 2399 2995 deinde
2488 2940 2777 2997 adversum
2835 2948 3049 3010 gentem
3132 2940 3488 3009 alienigenam

1914 3029 2242 3087 Amalccitas
2263 3034 2482 3087 nomine
2506 3033 2732 3100 exarsit,
2755 3040 2808 3087 et
2829 3041 2961 3086 tunc
2995 3032 3227 3101 primum
3278 3029 3488 3084 Hebraei

1916 3122 2217 3174 constructi
2266 3121 2321 3175 in
2348 3122 2520 3177 aciem
2563 3130 2714 3185 sunt,
2765 3137 2875 3175 non
2908 3137 3119 3182 omnes,
3156 3120 3251 3173 sed
3304 3112 3487 3183 electi,

1915 3212 2115 3281 quibus
2141 3211 2326 3275 Josue,
2375 3214 2467 3282 qui
2499 3223 2619 3282 post
2645 3212 2864 3282 Moysen
2911 3211 3272 3282 gubernacula
3302 3211 3487 3279 populi

1913 3312 2247 3373 susceperat,
2276 3304 2509 3373 praefuit.
2541 3302 2673 3357 Nam
2700 3304 2911 3374 Moyses
2942 3314 3094 3358 extra
3121 3304 3391 3373 prin-lium,
3434 3305 3489 3357 in

1912 3396 2051 3451 colle
2084 3397 2320 3466 quodam
2354 3398 2548 3451 altiore
2576 3412 2684 3449 una
2720 3411 2844 3451 cum
2900 3396 3115 3465 duobus
3161 3395 3493 3450 necessariis

1913 3488 2252 3552 constiterat,
2276 3489 2344 3541 ad
2366 3490 2535 3543 caelos
2563 3488 2859 3553 aspiciens,
2890 3489 3108 3557 quando
3132 3488 3286 3557 (utin
3319 3488 3491 3540 histo-

1912 3582 1992 3634 ria
2028 3581 2284 3635 traditum
2312 3583 2420 3653 est)
2453 3582 2507 3636 id
2558 3597 2776 3651 quoque
2824 3582 2968 3636 inter
3010 3589 3206 3634 caetera
3243 3580 3493 3633 mirabile

1914 3672 2061 3727 dictu
2084 3673 2285 3727 factum
2311 3682 2412 3729 est.
2442 3673 2575 3727 Nam
2602 3689 2726 3727 cum
2747 3673 2958 3744 Moyses
2987 3687 3182 3726 manus
3210 3672 3263 3725 in
3285 3674 3486 3724 cmlum

1914 3766 2169 3828 elevarct,
2226 3775 2355 3820 tunc
2408 3766 2610 3837 ingenti
2659 3767 2842 3820 animo
2890 3766 3169 3821 irruebant
3195 3765 3252 3817 in
3300 3764 3495 3817 hostes

1916 3856 2157 3921 Hebmi;
2188 3872 2314 3911 cum
2357 3873 2487 3912 vero
2518 3874 2713 3912 manus
2743 3858 3064 3919 remisisset,
3134 3866 3264 3910 tunc
3297 3865 3489 3907 contra

1916 3949 2212 4003 ferociores
2246 3948 2369 4003 facti
2400 3949 2602 4011 hostes,
2645 3946 2903 4001 facillime
2945 3946 3163 4000 Judaeos
3196 3945 3483 4014 pellebant.

1915 4040 2067 4104 Quod
2122 4038 2407 4108 aliquoties
2468 4037 2667 4092 factum
2704 4037 2860 4090 facile
2922 4036 3326 4096 intellexerunt,
3392 4036 3486 4102 qui

1915 4147 2038 4186 cum
2107 4146 2173 4185 eo
2227 4136 2403 4184 erant.
2477 4128 2662 4197 Itaque
2722 4128 2892 4197 Moysi
2965 4128 3120 4181 ulnas
3194 4127 3494 4180 subeuntes

1914 4223 2123 4277 occulta
2172 4220 2404 4290 quadam
2433 4220 2501 4275 de
2537 4235 2701 4273 causa
2758 4220 3035 4288 graviores
3068 4219 3241 4271 factas
3292 4232 3488 4270 manus

1913 4316 2033 4381 ejus
2061 4314 2457 4367 sustentabant.
2498 4310 2691 4365 Verum
2715 4311 2843 4379 quia
2883 4308 3262 4363 imbecilliores
3307 4318 3483 4371 erant,

1916 4421 2074 4475 quam
2098 4412 2156 4458 ut
2186 4412 2410 4474 possent
2449 4410 2655 4457 rectum
2701 4403 2907 4456 diutius
2941 4401 3164 4471 Moysen
3191 4400 3486 4458 sustinere.

1917 4498 2095 4566 lapide
2141 4498 2219 4551 illi
2251 4497 2305 4549 in
2334 4496 2516 4550 sedem
2550 4496 2833 4564 supposito
2892 4494 3107 4547 facilius
3160 4491 3495 4545 adminiculo

254 4581 388 4651 ὁρμῇ
411 4595 427 4609 '
461 4581 490 4633 ὃ
527 4581 592 4651 δὴ
642 4583 890 4646 συνέντες
930 4586 980 4637 οἱ
1018 4587 1365 4655 παρεστῶτες
1402 4589 1572 4659 αὐτῷ,
1601 4591 1814 4662 βαρείας

1923 4589 2235 4651 effecerunt,
2260 4594 2318 4639 ut
2342 4601 2535 4639 manus
2578 4586 2630 4637 in
2672 4585 2869 4638 C(BItttn
2896 4584 3102 4637 levatas
3129 4583 3335 4636 diutius
3363 4582 3491 4634 reti-

254 4687 309 4722 τε
341 4672 433 4723 καὶ
464 4671 837 4744 δυσκινήτους,
884 4674 948 4727 ἐκ
994 4693 1139 4739 τινος
1186 4678 1570 4749 κεκρυμμένης
1615 4681 1811 4746 αἰτίας,

254 4762 342 4815 τοῦ
376 4764 655 4826 Μωῡσέως
683 4765 781 4828 τάς
828 4769 1014 4837 χεῖρας
1046 4771 1436 4839 γεγενημένας,
1479 4773 1815 4843 ἑκατέρωθεν

256 4853 549 4917 ύποὸάντες
580 4855 887 4925 ὑπήρειδον.
940 4857 1091 4909 Ἐπεὶ
1133 4858 1189 4909 δὲ
1236 4859 1611 4931 ἀσθενέστεροι
1655 4859 1813 4933 ἦσαν,

253 4945 285 5014 ἦ
327 4946 466 4998 ὥστε
513 4946 725 5016 ἀνέχειν
755 4948 917 5000 αὑτὸν
960 4949 1018 5001 ὲν
1052 4948 1217 5018 ὀρθίῳ
1259 4950 1334 5019 τῷ
1384 4954 1639 5021 σχήματι,
1688 4954 1818 5024 λίθῳ

253 5038 345 5106 τὴν
377 5036 643 5108 καθέδραν
673 5038 838 5092 αὑτοῦ
865 5040 1267 5109 ὑπερείσαντες,
1293 5042 1464 5106 οὕτως
1492 5047 1572 5107 εὶς
1594 5046 1819 5114 οὐρανὸν

253 5130 493 5200 ἐπαίρειν
539 5131 631 5182 τὸν
678 5130 915 5183 Μωῦσέα
959 5130 1025 5182 δι’
1065 5132 1270 5185 ἑαυτῶν
1296 5132 1392 5195 τὰς
1421 5138 1606 5205 χεῖρας
1637 5137 1821 5206 ἐποίη-

256 5236 380 5271 σαν·
427 5215 487 5273 οὗ
535 5221 826 5290 γενομένου
876 5220 1013 5272 κατὰ
1052 5220 1247 5290 κράτος
1290 5223 1516 5291 ἡττᾶται
1566 5222 1665 5274 ὑπὸ
1709 5222 1817 5275 τῶν

266 5311 605 5382 Ἰσραηλιτῶν
642 5313 701 5363 τὸ
740 5312 1052 5380 ἀλλόφυλον.
1098 5313 1218 5364 Ἐπὶ
1245 5313 1301 5365 δὲ
1327 5312 1421 5365 τοῦ
1461 5313 1625 5365 αὑτοῦ
1651 5314 1816 5365 τόπου

252 5402 343 5470 τῆς
390 5402 617 5471 νεφέλης
660 5402 941 5471 μενούσης,
988 5404 1023 5474 ἡ
1070 5404 1360 5473 καθηγεῖτο
1401 5404 1494 5456 τοῦ
1544 5404 1672 5457 λαοῦ
1716 5405 1816 5474 τῆς

252 5496 470 5563 πορείας
490 5513 504 5525 ο
542 5496 753 5563 ἀνάγκη
778 5497 925 5548 πᾶσα
948 5492 1035 5565 ἦν,
1069 5496 1201 5565 μηδὲ
1227 5499 1318 5549 τὸν
1343 5497 1468 5550 λαὸν
1502 5498 1817 5567 μετανίστα-

254 5582 402 5646 σθαι,
460 5585 687 5654 μηδενὸς
732 5585 879 5647 ὄντος
930 5586 1021 5638 τοῦ
1071 5586 1480 5656 καθηγουμένου
1534 5587 1670 5659 πρὸς
1718 5588 1815 5658 τὴν

254 5676 599 5742 μετάστασιν.
647 5676 831 5737 οὕτως
878 5677 933 5728 δὲ
983 5679 1164 5740 αὐτοῖς
1194 5680 1431 5749 ἀμογητὶ
1460 5680 1561 5748 τῆς
1593 5681 1727 5751 πρὸς
1755 5681 1815 5732 τὸ

1917 4689 2090 4735 neret.
2119 4679 2237 4744 Quo
2262 4678 2403 4731 facto
2429 4676 2535 4730 fusi
2563 4676 2785 4729 omnino
2816 4675 3095 4743 fugatique
3133 4674 3316 4728 hostes
3340 4681 3487 4727 sunt.

1918 4772 2052 4825 Cum
2084 4780 2262 4825 autem
2300 4769 2489 4823 eodem
2520 4769 2574 4821 in
2635 4768 2754 4821 loco
2792 4767 2965 4820 nubes
2987 4773 3225 4820 maneret
3243 4779 3363 4834 qua:
3390 4778 3489 4832 po-

1918 4863 2031 4933 puli
2066 4864 2165 4916 via:
2203 4862 2312 4915 dux
2341 4867 2477 4925 erat,
2512 4874 2613 4913 nec
2640 4858 2816 4927 ipsum
2850 4858 3105 4927 populum
3128 4856 3236 4910 alio
3264 4855 3492 4909 commi-

1920 4970 2076 5026 grare
2108 4968 2331 5007 necesse
2384 4953 2542 5019 plane
2593 4951 2714 5014 fuit,
2760 4965 2881 5004 cum
2912 4949 3102 5003 ducem
3153 4948 3493 5020 migrationis

1922 5064 2029 5102 non
2075 5046 2322 5099 haberet.
2360 5043 2451 5097 Sic
2481 5059 2611 5113 ergo
2642 5058 2765 5096 cum
2812 5041 2876 5095 ad
2904 5044 3104 5095 victum
3145 5042 3253 5097 illis
3287 5042 3493 5110 absque

1921 5140 2101 5192 labore
2146 5144 2344 5189 cuncta
2403 5142 2772 5204 suppeterent,
2830 5149 2953 5188 cum
2995 5149 3089 5187 aer
3117 5148 3333 5188 sursum
3385 5133 3493 5186 illis

1921 5242 2115 5297 panem
2148 5226 2448 5295 deplueret,
2488 5226 2745 5279 deorsum
2780 5239 2907 5277 vero
2933 5239 3095 5292 rupes
3124 5230 3308 5292 potum
3347 5235 3489 5289 prae-

1924 5320 2092 5381 beret,
2118 5333 2417 5386 rursusque
2451 5316 2623 5369 nubes
2651 5330 2866 5369 omnem
2898 5316 3022 5369 cmli
3059 5314 3355 5367 molestiam
3388 5327 3492 5363 un-

1922 5414 2155 5481 tigaret:
2201 5410 2281 5463 sic
2316 5419 2373 5463 ut
2421 5408 2653 5462 interdiu
2705 5418 2894 5461 aestum
2942 5415 3169 5468 arceret,
3224 5412 3278 5459 et
3325 5412 3487 5457 noctu

1921 5505 2169 5557 flammeo
2198 5502 2432 5572 quodam
2489 5500 2699 5571 fulgore
2725 5500 2978 5553 tenebras
3032 5497 3340 5566 dissiparet,
3372 5496 3490 5549 sine

1922 5596 2171 5650 molestia
2203 5596 2257 5647 in
2290 5595 2381 5647 illa
2411 5593 2611 5647 deserti
2641 5594 2859 5661 regione
2881 5591 3157 5643 montibus
3184 5588 3485 5657 subjaccnti

1922 5684 2300 5748 versabantur,
2342 5686 2522 5752 inqua
2550 5686 2825 5737 exercitus
2847 5692 3023 5734 castra
3062 5689 3334 5748 posuerat.

252 5764 345 5834 ζῇν
377 5768 637 5835 εὐπορίας
667 5768 963 5838 παρούσης,
994 5771 1199 5824 ἄνωθεν
1236 5771 1334 5840 μὲν
1362 5772 1453 5824 τοῦ
1481 5774 1643 5841 ἀέρος
1671 5775 1882 5843 ἕτοιμον
1911 5778 2089 5838 αὐτοῖς
2129 5776 2309 5838 ὕοντος
2336 5778 2517 5847 ἄρτον,
2542 5776 2781 5827 κάτωθεν
2806 5774 2857 5826 δὲ
2884 5774 2978 5841 τῆς
3010 5773 3207 5843 πέτρος
3235 5772 3294 5823 τὸ
3328 5770 3487 5825 ποτὸν

255 5858 629 5929 τυαρεχούῆς,
678 5861 775 5929 τῆς
808 5860 851 5913 δ’
900 5859 966 5915 αὖ
1009 5863 1237 5933 νεφέλης
1278 5864 1376 5934 τὴν
1431 5863 1692 5933 ὕπαιθρον
1747 5868 1938 5935 ἀηδίαν
1986 5868 2427 5936 θεραπευούςης,

2473 5867 2547 5930 ὡς
2599 5868 2691 5920 καὶ
2730 5866 2828 5919 τοῦ
2866 5865 3102 5928 θάλπους
3142 5866 3487 5934 διατείχισμα
