3988 6518
390 465 558 525 315·

1594 466 1652 521 S.
1694 464 2020 523 GREGORII
2056 461 2344 525 NYSSENI

3515 465 3636 523 δια

394 576 643 649 γενέσθαι
683 576 749 647 τῇ
781 573 979 645 ἡμέρᾳ,
1024 570 1118 628 καὶ
1162 576 1229 647 τῇ
1264 576 1419 630 νυκτὶ
1451 576 1597 631 λὺειν
1640 578 1732 632 τὸν
1764 578 1941 647 ζόφον,
1971 583 2027 634 ἐν
2067 582 2205 652 αὐγῇ
2234 598 2339 634 τινι
2376 581 2649 654 πυροειδεῖ
2676 580 3164 651 καταλάμπουσαν·
3201 579 3402 644 ἄλυπος
3442 581 3629 644 αὐτοῖς

393 665 463 741 ἦν
487 669 523 739 ἡ
552 666 691 724 κατά
717 665 812 736 τὴν
840 664 1042 736 ἔρημον
1068 665 1283 736 ἐκείνην
1311 667 1368 719 ἐν
1396 670 1460 738 τῇ
1492 667 1738 738 ὑπωρείᾳ
1774 668 1867 720 τοῦ
1896 671 2056 739 ὅρους
2089 670 2358 740 διατριόὴ,
2383 670 2503 724 καθ’
2533 671 2599 741 ἢν
2625 671 2804 741 ἵδρυτο
2830 672 2891 723 τὸ
2920 669 3293 740 στρατόπεδον.

470 757 566 815 His
635 760 710 814 ita
752 756 911 811 factis
974 757 1181 826 majora
1235 761 1640 830 occultioraque
1704 762 1959 833 mysteria
1988 773 2036 829 Α

406 850 564 914 Deus,
594 860 646 904 et
672 849 846 919 ipsum
873 848 1151 903 ductorem
1174 858 1227 903 et
1250 852 1503 919 populum
1546 852 1815 907 instruere
1837 868 1962 907 cum

404 941 683 1003 voluisset,
723 940 976 1007 przecepit
1028 940 1227 1010 populo
1270 956 1366 1009 per
1412 941 1628 1013 Moysen
1665 940 1729 1007 ¹⁸,
1763 951 1822 996 ιιι
1852 951 1964 996 tam

404 1046 633 1100 corpore
660 1045 821 1098 quam
861 1032 1042 1083 animo
1070 1029 1306 1085 mundus
1352 1031 1689 1095 ﬁeret,'adeo
1718 1041 1776 1087 ut
1803 1035 1964 1088 etiam

406 1123 474 1175 ab
507 1124 639 1192 ipsis
689 1122 949 1176 uxoribus
1011 1128 1162 1176 certo
1207 1123 1441 1191 quodam
1488 1124 1697 1178 dierum
1742 1139 1968 1179 numero

405 1216 718 1278 abstineret,
792 1213 1303 1283 aspersionibusque
1346 1214 1670 1284 quibusdam
1726 1218 1970 1271 maculas

405 1306 755 1375 abstergeret,
785 1313 842 1359 ut
867 1305 1012 1358 omni
1063 1305 1179 1360 labe
1205 1306 1370 1359 animi
1426 1308 1777 1377 corporisque
1810 1309 1973 1377 depo-

405 1398 532 1460 sita,
580 1396 815 1451 mundus
847 1397 913 1451 ad
968 1405 1205 1451 montem
1248 1396 1397 1451 Sinai
1446 1409 1630 1468 posset
1676 1400 1966 1465 accedere;

406 1487 497 1555 qui
519 1484 736 1555 quidem
767 1500 923 1539 mons
954 1486 1165 1539 ratione
1192 1486 1470 1540 utentibus
1504 1488 1677 1541 solum
1720 1487 1811 1540 illo
1840 1496 1975 1540 tcm-

408 1576 768 1645 poreaditum
826 1576 1133 1645 praestabat,
1177 1591 1353 1645 neque
1408 1576 1492 1630 his
1553 1576 1826 1643 omnibus,
1877 1577 1975 1631 sed

410 1668 544 1723 viris
598 1666 982 1722 solummodo:
1033 1680 1132 1719 nec
1183 1666 1317 1721 viris
1350 1666 1511 1720 etiam
1556 1666 1831 1731 omnibus,
1880 1666 1978 1721 sed

415 1759 521 1813 illis
545 1766 778 1821 tantum,
816 1757 927 1825 qui.
959 1756 1247 1826 diligenter
1280 1772 1309 1810 a
1367 1772 1425 1812 se
1458 1771 1671 1811 omnem
1711 1758 1977 1811 maculam

412 1849 766 1919 expulissent.
802 1846 1048 1902 Studium
1078 1856 1257 1903 autem
1285 1849 1540 1902 omnibus
1573 1856 1689 1903 erat
1715 1863 1821 1904 non
1853 1863 1982 1918 par-

413 1955 562 2004 vum,
592 1955 658 1995 ne
678 1938 806 2008 quid
849 1939 1132 1994 brutornm
1159 1940 1327 1995 monti
1362 1927 1796 2011 appropinquare
1830 1948 1983 2011 pate-

416 2038 623 2083 rentur.
676 2028 830 2095 Quod
888 2030 935 2084 si
985 2028 1122 2085 forte
1174 2029 1331 2085 aliter
1372 2030 1670 2095 acciderit,
1716 2030 1982 2100 lapidibus

416 2121 574 2176 obrui
623 2135 654 2175 a
701 2122 897 2191 populo
950 2129 1211 2177 statutum
1255 2132 1403 2189 erat,
1455 2122 1717 2195 quidquid
1766 2123 1985 2177 brutum

416 2212 568 2283 juxta
593 2223 825 2267 montem
851 2214 1214 2282 apparuisset.

2144 765 2230 816 Ἑν
2262 763 2433 835 τούτῳ
2455 764 2513 817 δὲ
2539 765 2630 818 καί
2660 782 2804 826 τινος
2828 763 3008 825 αὐτοῖς
3028 760 3464 833 ἀπορρητοτέρας
3491 761 3633 833 μυή-

2068 870 2206 916 σεως
2251 854 2278 904 ό
2326 855 2564 924 Μωῦσῆς
2605 854 2924 923 καθηγεῖτοο
2967 852 3133 921 αὐτῆς
3168 853 3265 921 τῆς
3295 850 3443 914 θείας
3472 851 3632 905 δυνά-

2069 962 2232 1015 μεως,
2278 945 2364 998 διὰ
2422 946 2528 998 τῶν
2563 948 2703 1016 ὑπὲρ
2731 947 2885 1014 λόγον
2931 944 3237 1014 θαυμάτων,
3270 942 3361 994 τόν
3418 959 3475 994 τε
3506 940 3639 993 λαὸν

2067 1038 2274 1097 πάντα,
2305 1037 2398 1089 καὶ
2431 1037 2600 1090 αὐτὸν
2637 1037 2727 1090 τὸν
2764 1035 3108 1105 καθηγεμόνα
3153 1031 3636 1103 μυσταγωγούσης.

2078 1130 2143 1182 Ἢ
2191 1128 2248 1183 δὲ
2314 1129 2666 1199 μυσταγωγία
2733 1128 2917 1181 τοῦτον
2985 1127 3307 1180 ἐπιτελεῖται
3368 1125 3459 1176 τὸν
3510 1124 3642 1195 τρό-

2070 1234 2204 1270 πον·
2255 1218 2553 1289 Προείρητο
2591 1218 2667 1287 τῷ
2714 1217 2847 1288 λαῷ,
2881 1218 2987 1270 τῶν
3031 1235 3090 1270 τε
3140 1215 3314 1269 ἄλλων
3361 1214 3644 1284 μολυσμά-

2071 1324 2179 1359 των
2219 1307 2375 1369 ἐκτὸς
2421 1303 2559 1359 εἶναι
2608 1307 2844 1369 πάντων,
2897 1308 2998 1360 ὅσα
3052 1307 3177 1376 περὶ
3226 1306 3287 1357 τὸ
3344 1305 3501 1373 σῶμα
3546 1304 3645 1357 καὶ

2071 1396 2245 1467 ψυχὴν
2298 1397 2612 1469 καθορᾶται,
2662 1398 2755 1452 καὶ
2804 1395 3280 1468 περιρραντηρίοις
3343 1395 3485 1445 τισὶν
3537 1394 3648 1461 ἀφ-

2073 1484 2418 1552 αγνίσασθαι,
2452 1486 2545 1539 καὶ
2574 1487 2738 1539 αὑτοῦ
2777 1486 2833 1539 δὲ
2884 1486 2976 1539 τοῦ
3026 1485 3203 1554 γάμου
3236 1485 3293 1535 ἐν
3340 1482 3489 1553 ρητῷ
3537 1500 3649 1535 τινι

2075 1575 2298 1645 ἡμερῶν
2326 1575 2543 1646 ἀριθμῷ
2571 1575 2921 1647 καθαρεῦσαι,
2959 1574 3033 1636 ὡς
3066 1575 3243 1643 πάσης
3273 1570 3551 1642 ἐμπαθοῦς
3582 1588 3651 1623 τε

2077 1666 2171 1717 καὶ
2230 1666 2546 1737 σωματικῆς
2622 1666 2911 1728 διαθέσεως
2984 1663 3359 1726 ἐκπλυθέντα,
3407 1661 3652 1730 καθαρὸν

2080 1758 2286 1821 πάθους
2322 1759 2621 1831 προσϐῆναι
2664 1759 2743 1830 τῷ
2784 1760 2899 1825 ὄρει
2946 1758 3373 1829 μυηθησόμενον.
3412 1758 3540 1809 Σινᾶ
3591 1755 3654 1807 δὲ

2079 1845 2146 1921 ῆν
2196 1848 2288 1903 τοῦ
2338 1850 2497 1921 ὅρους
2544 1848 2801 1921 τοῦνομα,
2840 1849 2868 1902 ὃ
2920 1848 3101 1919 μόνοις
3132 1846 3341 1916 ἀνείθη,
3392 1845 3529 1899 κατά
3556 1844 3656 1897 τὸν

2082 1943 2273 2015 καιρὸν
2316 1943 2540 2005 ἐκεῖνον,
2569 1944 2681 2005 τοῖς
2713 1941 2949 2008 λογικοῖς
2992 1942 3071 2003 εἰς
3100 1938 3369 2001 ἐπίϐασιν,
3403 1936 3495 1991 καὶ
3525 1933 3659 1988 τού-

2084 2052 2192 2088 των
2238 2036 2351 2096 τοῖς
2399 2032 2625 2103 ἀνδράσι
2677 2032 2873 2102 μόνοις,
2928 2033 3025 2084 καὶ
3077 2030 3280 2084 τούτων
3326 2028 3486 2081 πάλιν
3539 2027 3660 2088 τοῖς

2090 2123 2289 2187 παντὸς
2320 2123 2698 2192 άφαγνισθεῖσι
2728 2122 3051 2193 μιάσματος.
3086 2120 3301 2191 Φυλακὴ
3332 2119 3389 2175 δέ
3416 2120 3563 2172 πᾶσα
3583 2113 3663 2187 ῆν

2090 2216 2186 2268 καὶ
2227 2214 2560 2286 προμήθεια,
2602 2213 2696 2266 τοῦ
2736 2214 2899 2285 μηδὲν
2931 2212 3041 2265 τῶν
3067 2212 3275 2280 ἀλόγων
3307 2207 3661 2267 ἐπιδατεῦσαι

418 2301 513 2356 τοῦ
550 2303 741 2374 ὅρους·
782 2304 831 2354 εί
862 2301 923 2355 δέ
972 2319 1074 2355 που
1122 2303 1217 2357 καὶ
1262 2302 1492 2372 γένοιτο,
1553 2300 1986 2373 καταλευσθῆναι
2032 2303 2184 2374 παρὰ
2212 2303 2305 2357 τοῦ
2335 2301 2463 2357 λαοῦ
2495 2304 2602 2355 πᾶν
2630 2302 2818 2373 ὅτιπερ
2856 2302 2922 2356 ἂν
2966 2296 3035 2372 ῆν
3089 2300 3187 2363 τῆς
3216 2300 3408 2368 ἀλόγου
3446 2296 3664 2367 φύσεως

420 2394 564 2451 κατά
592 2395 652 2448 τὸ
682 2395 807 2463 ὅρος
843 2392 1179 2464 φαινόμενον.

494 2486 591 2542 His
642 2486 715 2540 ita
747 2486 1055 2555 dispositis,
1097 2486 1151 2539 in
1189 2500 1387 2541 sereno
1418 2486 1508 2543 die
1538 2486 1723 2544 Subito
1754 2482 1993 2537 tenebris

2162 2480 2295 2538 Εἶτα
2330 2484 2391 2537 τὸ
2440 2483 2684 2557 ἐναέριον
2726 2486 2841 2553 φῶς
2878 2487 2945 2541 ἐκ
2979 2483 3226 2556 καθαρᾶς
3268 2482 3481 2554 αἰθρίας
3513 2483 3667 2553 ζόφῳ

422 2590 581 2630 mons
626 2577 999 2630 circumdatus
1042 2576 1164 2640 fuit,
1192 2585 1247 2629 et
1264 2577 1405 2646 ignis
1437 2584 1491 2630 et
1522 2572 1704 2629 medio
1732 2571 1989 2628 tenebra-

425 2681 550 2719 rum
573 2665 860 2733 exsiliens,
895 2682 961 2722 ac
984 2675 1182 2732 totum,
1209 2676 1271 2722 ut
1294 2667 1605 2733 videbatur,
1634 2665 1839 2721 montis
1872 2674 1988 2718 tra-

424 2764 575 2811 ctum
597 2757 924 2827 depascens,
945 2758 1188 2815 terrebat
1204 2760 1631 2830 prospicientes,
1656 2774 1779 2813 cum
1801 2764 1986 2813 essent

432 2846 585 2901 fumo
618 2856 778 2918 atque
820 2847 1053 2918 caligine
1081 2850 1264 2903 omnia
1300 2849 1538 2917 repleta;
1577 2849 1879 2903 adducebat
1918 2857 2000 2901 ta-

430 2953 555 2993 men
588 2939 653 2992 ad
716 2946 953 2993 montem
1000 2939 1256 3007 populum
1300 2938 1533 3009 Moyses,
1596 2940 1845 3008 quamvis
1881 2938 1996 3007 ipse

430 3044 645 3100 quoque
667 3028 1042 3099 hujuscemodi
1074 3031 1195 3085 visu
1215 3031 1409 3085 timore
1433 3032 1715 3100 perculsus
1758 3030 1832 3083 ita
1856 3038 1997 3091 erat,

435 3130 494 3176 ut
522 3120 796 3177 Israelitas
817 3122 994 3177 Celare
1013 3121 1067 3175 id
1095 3122 1318 3176 minime
1345 3133 1562 3193 posset:
1595 3124 1689 3177 sed
1722 3123 1805 3177 vel
1830 3123 2000 3191 ipsius

434 3214 682 3285 corporis
737 3214 975 3269 motibus
1024 3222 1350 3268 commotum
1419 3229 1479 3269 se
1550 3214 1853 3284 patefecit:
1905 3229 2004 3268 nec

434 3307 583 3359 enim
615 3312 826 3359 tantum
889 3320 986 3375 per
1006 3305 1213 3371 oculos,
1245 3305 1599 3359 verumetiam
1629 3322 1722 3375 per
1757 3306 2003 3359 auditum

438 3410 613 3453 terror
637 3398 847 3453 animas
875 3396 1162 3452 invadebat
1203 3416 1216 3451 :
1241 3412 1363 3451 cum
1394 3399 1611 3453 cmlitus
1634 3398 1869 3452 terriﬁca
1899 3414 2003 3453 vox

437 3487 685 3558 quaedam
717 3488 771 3540 in
805 3496 1000 3541 cuncta
1033 3488 1277 3557 subjecta
1324 3489 1567 3542 locorum
1615 3489 1789 3558 spatia
1821 3505 2004 3543 erum-

440 3589 610 3649 peret,
636 3579 797 3647 cujus
825 3579 1033 3648 primus
1078 3579 1296 3648 quidem
1325 3581 1560 3648 impetus
1593 3581 1837 3649 cujusvis
1858 3581 2004 3634 auri-

2090 2575 2537 2647 κατεμελαίνετο,
2590 2576 2666 2640 ὡς
2706 2575 2933 2646 ἀόρατον
2981 2576 3229 2645 γενέσθαι
3283 2576 3346 2629 τὸ
3399 2574 3542 2645 όρος,
3598 2576 3667 2627 ἐν

2092 2668 2275 2738 κύκλῳ
2328 2669 2406 2740 τῷ
2454 2668 2636 2739 γνόφῳ
2690 2668 3095 2738 διειλημμένον·
3151 2667 3259 2737 πῦρ
3320 2684 3379 2719 τε
3442 2667 3506 2719 ἐκ
3565 2664 3666 2717 τοῦ

2093 2762 2291 2830 γνόφου
2346 2759 2755 2829 διαφαινόμενον
2817 2758 3050 2830 φοϐερὰν
3108 2758 3275 2811 ἐποίει
3329 2760 3439 2819 τοῖς
3494 2755 3667 2827 ὁρῶσι

2092 2852 2191 2922 τὴν
2231 2852 2371 2920 ὄψιν,
2405 2850 2735 2921 πανταχόθεν
2775 2850 2875 2921 τὴν
2922 2849 3179 2920 περιοχὴν
3221 2846 3315 2900 τοῦ
3353 2847 3511 2917 ὅρους
3542 2848 3667 2899 ἐπι-

2102 2943 2444 3013 ϐοσκὸμενον,
2474 2943 2549 3006 ὼς
2586 2944 2679 2996 καὶ
2712 2941 2901 3011 καπνῷ
2935 2941 3021 2994 διὰ
3046 2941 3145 3009 τῆς
3181 2938 3273 2992 τοῦ
3312 2939 3480 3010 πυρὸς
3532 2939 3670 2992 ὑπο-

2099 3034 2303 3104 δρομῆς
2347 3033 2491 3087 ἅπαν
2540 3034 2601 3086 τὸ
2659 3034 2976 3104 φαινόμενον
3024 3031 3411 3100 ὑποτύφεσθαι.
3456 3031 3672 3098 Ἠγεῖτο

2096 3125 2152 3177 δὲ
2198 3124 2289 3177 τοῦ
2352 3124 2481 3177 λαοῦ
2548 3127 2577 3178 ό
2640 3125 2877 3195 Μωῡσῆς
2944 3122 3080 3195 πρὸς
3129 3123 3225 3193 τὴν
3283 3122 3498 3183 ἄνοδον,
3546 3122 3673 3174 οὐδὲ

2101 3215 2258 3278 αὐτὸς
2293 3214 2508 3286 θαρρῶν
2549 3215 2610 3268 τὸ
2645 3214 2947 3285 ὁρώμενον,
2997 3212 3132 3266 ἀλλά
3175 3211 3529 3283 κατεπτηκὼς
3566 3211 3673 3282 τὴν

2099 3307 2276 3377 ψυχὴν
2310 3307 2413 3361 ὑπὸ
2450 3306 2632 3370 δέους,
2678 3305 2772 3359 καὶ
2808 3305 2869 3358 τὸ
2912 3304 3070 3374 σῶμα
3111 3303 3188 3374 τῷ
3234 3304 3381 3374 φόϐῳ
3429 3320 3676 3373 συγκρα-

2105 3400 2430 3469 δαινόμενος,
2460 3398 2535 3462 ὼς
2585 3398 2719 3469 μηδὲ
2762 3399 2898 3466 πρὸς
2926 3400 3050 3461 τοὺς
3091 3396 3423 3469 Ἰσραηλίτας
3464 3397 3525 3450 τὸ
3560 3397 3673 3451 πά·

2109 3490 2200 3554 θος
2246 3493 2345 3561 τῆς
2392 3491 2570 3560 ψυχῆς
2610 3488 3059 3561 ἐπικρύπτεσθαι,
3104 3489 3382 3561 ὁμολογεῖν
3431 3506 3493 3541 τε
3535 3489 3675 3559 πρὸς

2109 3582 2305 3644 αὐτοὺς
2342 3581 2404 3633 τὸ
2451 3581 2903 3651 καταπεπλῆχθαι
2939 3582 3050 3644 τοῖς
3080 3580 3440 3650 φαινομένοις,
3474 3580 3565 3632 καὶ
3597 3579 3679 3649 μὴ

440 3674 543 3726 bus
573 3670 929 3725 intolerabilis
973 3670 1215 3725 buccina:
1264 3670 1499 3725 sonitum
1533 3669 1802 3725 referebat
1835 3690 1849 3726 :
1913 3671 1997 3728 sed

2110 3675 2365 3746 ἀτρεμεῖν
2396 3675 2454 3727 ὲν
2481 3672 2559 3743 τῷ
2607 3650 2839 3745 σώματι.
2865 3668 2974 3727 Ἦν
3009 3672 3118 3743 γὰρ
3158 3672 3220 3726 τὸ
3262 3672 3577 3742 φαινόμενον
3609 3672 3674 3723 οὒ

440 3776 657 3817 omnem
690 3761 956 3831 ejusmodi
990 3763 1361 3833 exemplorum
1397 3772 1655 3818 terrorem
1696 3763 2011 3828 excedebat,

442 3864 757 3927 quantoque
776 3855 949 3926 magis
967 3856 1432 3926 progrediebatur,
1454 3865 1606 3912 tanto
1635 3856 2014 3911 terribiliorem

443 3962 637 4001 sonum
659 3947 885 4015 edebat;
914 3963 1017 4003 vox
1039 3960 1219 4004 autem
1256 3949 1347 4004 illa
1384 3948 1486 4003 fuit
1521 3949 1834 4004 articulata.
1877 3949 2012 4004 Nam

442 4053 539 4093 aer
567 4040 775 4108 absque
790 4040 1068 4095 vocalibus
1091 4039 1470 4095 instrumentis
1489 4054 1595 4095 non
1629 4041 1844 4095 inanem
1883 4055 2012 4095 ora-

445 4130 672 4193 tionem,
702 4129 800 4185 sed
846 4131 1247 4201 significantem
1275 4132 1459 4186 divina
1484 4132 1751 4187 formabat
1788 4133 2014 4197 virtute,

446 4236 567 4292 quae
617 4222 817 4292 popqu
873 4220 1021 4292 leges
1068 4231 1231 4292 atque
1282 4223 1530 4278 instituta
1588 4224 1841 4293 ponebat.
1889 4224 2019 4289 Quae

448 4313 630 4367 omnia
661 4328 783 4368 cum
812 4312 955 4368 ferre
989 4314 1220 4383 populus
1251 4329 1357 4367 non
1402 4323 1610 4384 posset,
1647 4316 1960 4385 impetravit
1989 4329 2021 4368 a

449 4403 652 4475 Moyse,
679 4414 786 4458 uta
818 4405 948 4467 Deo,
973 4405 1091 4474 ipso
1119 4404 1412 4467 mediante,
1444 4405 1529 4459 lex
1558 4406 1663 4460 sibi
1689 4406 2019 4472 traderetur,

451 4510 554 4548 nec
587 4510 645 4549 se
690 4493 985 4564 quidquam
1020 4501 1461 4557 retractaturum,
1502 4493 1597 4549 sed
1644 4495 1823 4549 omnia
1856 4495 2020 4550 sicuti

449 4586 521 4640 ab
551 4580 677 4652 ipso
706 4584 813 4639 Deo
865 4599 959 4654 per
1012 4583 1234 4654 Moysen
1273 4584 1379 4638 sibi
1414 4585 1633 4646 tradita,
1689 4585 2023 4640 crediturum

453 4675 691 4730 asseruit
732 4693 746 4729 :
781 4675 853 4728 ita
907 4676 1143 4744 populus
1182 4674 1401 4743 quidem
1434 4674 1499 4728 ad
1548 4675 1793 4744 subjecta
1824 4678 2025 4733 montis

454 4770 570 4823 ioca
609 4768 889 4822 relabitur.
906 4767 1116 4838 Moyses
1158 4782 1286 4822 vero
1309 4767 1458 4822 solus
1490 4767 1544 4821 in
1575 4775 1757 4821 monte
1782 4769 2023 4832 relictus,

453 4868 643 4914 contra
683 4874 844 4927 quam
888 4860 1067 4914 caeteri
1119 4859 1365 4913 homines
1411 4859 1517 4927 pati
1562 4860 1759 4923 solent,
1803 4860 2026 4918 aﬂ‘ectus

2110 3765 2348 3819 τοιοῦτον
2394 3764 2574 3834 μόνον,
2619 3758 2728 3818 οἷον
2787 3762 3047 3834 ἔκπληξιν
3101 3764 3168 3833 τῇ
3236 3760 3379 3831 ψυχῇ
3435 3760 3517 3814 διὰ
3564 3760 3678 3813 τῶν

2113 3857 2403 3928 ὀφθαλμῶν
2428 3858 2745 3928 ἐμποιῆσαι,
2774 3854 2910 3909 ἀλλά
2947 3853 3035 3908 διὰ
3077 3857 3176 3925 τῆς
3205 3855 3374 3924 ἀκοῆς
3405 3854 3679 3923 είσηχεῖτο

2113 3950 2183 4004 τά
2223 3949 2456 4019 φοϐεράο
2486 3950 2669 4019 φωνῆς
2709 3947 2913 4002 ἄνωθεν
2959 3944 3415 4015 καταπληκτικῶς
3456 3947 3682 4016 ἐπιρρη-

2114 4042 2385 4112 γνυμένης
2414 4041 2499 4109 ἐφ’
2526 4040 2670 4094 ἅπαν
2714 4039 2774 4092 τὸ
2813 4038 3189 4108 ὑποκείμενον,
3224 4032 3294 4109 ἦς
3337 4037 3544 4107 χαλεπὴ
3578 4037 3682 4107 μὲν

2118 4134 2210 4187 καὶ
2234 4136 2268 4204 ὴ
2302 4130 2490 4203 πρώτη
2512 4128 2782 4202 προσϐολὴ
2814 4130 2908 4183 καὶ
2932 4129 3069 4199 ἀκοῇ
3107 4127 3253 4198 πάσῃ
3298 4127 3684 4190 δυσέντευκτος

2112 4220 2214 4296 ἦν’
2261 4224 2320 4277 ἐν
2360 4221 2632 4293 ὁμοιότητι
2671 4219 2769 4291 μὲν
2796 4222 2893 4290 τῆς
2933 4218 3043 4272 τῶν
3078 4218 3391 4288 σαλπίγγων
3421 4220 3559 4288 ὴχῆς
3592 4234 3684 4285 γι-

2120 4318 2374 4389 γνομένη,
2408 4313 2679 4382 παριοῦσα
2719 4314 2775 4366 δὲ
2798 4312 2877 4384 τῷ
2900 4312 3114 4383 φοϐερῷ
3140 4313 3229 4367 καὶ
3260 4309 3685 4381 καταπληκτικῷ

2118 4413 2218 4481 τῆς
2264 4410 2447 4480 φωνῆς
2484 4406 2628 4461 ἅπαν
2674 4403 2912 4458 τοιοῦτον
2949 4402 3289 4474 ὑπόδειγμα*
3333 4400 3687 4473 φοὸερωτέρα

2121 4500 2178 4553 δὲ
2228 4495 2490 4570 προϊοῦσα
2531 4495 2793 4563 ἐγίγνετο,
2841 4494 2928 4547 ἀεὶ
2968 4493 3104 4565 πρὸς
3138 4494 3202 4547 τὸ
3231 4491 3685 4562 καταπληκτικώ-

2122 4608 2277 4661 τερον
2308 4589 2396 4643 διά
2433 4587 2748 4659 προσθήκης
2795 4586 2885 4639 τὸν
2930 4580 3063 4656 ῆχον
3110 4584 3277 4655 αὐτῆς
3320 4584 3685 4637 ἐπιτείνουσα.

2135 4682 2201 4735 Ἢ
2245 4680 2301 4734 δέ
2332 4678 2482 4748 φωνὴ
2532 4678 2668 4748 αὕτη
2702 4676 2961 4747 ἔναρθρος
2992 4672 3080 4747 ἦν,
3126 4675 3246 4747 θεία
3277 4676 3521 4745 δυνάμει,
3564 4674 3689 4745 δίχα

2124 4772 2232 4825 τῶν
2277 4769 2593 4841 φωνητικῶν
2634 4769 2907 4840 ὀργάνων,
2950 4767 3044 4820 τοῦ
3098 4766 3259 4837 ἀέρος
3309 4765 3691 4837 διαρθροῦντος

2126 4860 2215 4913 τὸν
2244 4858 2419 4927 λόγον.
2456 4853 2564 4909 Ἦν
2607 4856 2664 4909 δὲ
2706 4858 2735 4908 ό
2770 4856 2927 4922 λόγος
2952 4856 3051 4908 οὐκ
3087 4856 3207 4925 εἱκῆ
3248 4853 3687 4926 διαρθρούμενος,

453 4958 557 5005 est.
587 4948 719 5002 Nam
748 4965 870 5002 cum
918 4950 1098 5003 cancri
1131 4966 1320 5006 omnes
1349 4949 1578 5005 desolati
1612 4954 1804 5023 magis,
1845 4955 1900 5008 in
1928 4970 1990 5010 so

2126 4952 2241 5006 ἀλλ’
2271 4948 2575 5019 ἐνομοθέτει
2601 4946 2671 5001 τά
2700 4947 2818 5000 θεῖα
2846 4946 3168 5017 διδάγματα.
3200 4947 3308 4999 Καὶ
3332 4948 3365 5014 ἡ
3400 4945 3498 5016 μὲν
3537 4944 3690 5015 φωνὴ

454 5042 651 5095 cietate
688 5041 870 5095 minus
909 5041 1155 5103 timeant,
1193 5040 1307 5110 ipse
1332 5041 1628 5096 derelictus
1672 5044 1822 5098 solus
1855 5044 2024 5097 auda-

453 5136 575 5190 cior
598 5134 774 5187 factus
805 5142 907 5188 est.
938 5133 1093 5189 Unde
1120 5135 1314 5204 patuit,
1340 5151 1448 5190 non
1470 5144 1529 5190 ut
1559 5136 1807 5190 timidum
1836 5152 2027 5206 quem-

2124 5041 2407 5113 προϊοῦσα,
2430 5039 2495 5093 δι’
2525 5037 2814 5099 ἐπιδόσεως
2836 5034 3051 5105 ηὔξετο,
3075 5035 3171 5088 καὶ
3205 5035 3465 5105 ὑπερήχει
3490 5034 3691 5103 ἑαυτὴν

2121 5134 2155 5203 ή
2188 5127 2441 5197 σάλπιγξ,
2468 5128 2565 5191 τὰς
2596 5125 2971 5198 προλαϐούσας
3009 5124 3190 5195 φωνὰς
3228 5124 3456 5186 ἀεὶταῖς
3493 5122 3692 5193 ἐφεξῆς

457 5227 582 5279 dam
608 5224 952 5295 perterritum
989 5226 1042 5278 in
1082 5228 1349 5296 principio
1383 5226 1581 5290 fuisse,
1612 5227 1705 5281 sed
1761 5228 1997 5281 charitat

2123 5222 2554 5294 ὑπερϐάλλουσα.
2611 5220 2671 5272 '0
2702 5218 2759 5271 δὲ
2787 5218 2913 5281 λαὸς
2941 5218 3086 5281 ἅπας
3126 5218 3302 5287 ἥττων
3341 5212 3430 5286 ῆν,
3474 5216 3508 5285 ἢ
3549 5214 3692 5267 ὥστε

457 5314 700 5369 timentis
767 5315 950 5383 populi
1015 5314 1185 5370 fuisse
1253 5325 1607 5372 commotum.
1666 5316 1846 5382 Quare
1901 5333 1997 5372 cun

2123 5311 2409 5383 ἀνέχεσθαι
2448 5311 2509 5363 τὸ
2541 5309 2861 5378 φαινόμενόν
2893 5325 2952 5360 τε
2977 5308 3071 5361 καὶ
3105 5306 3433 5377 ἀκουόμενον
3453 5322 3466 5335 ·
3494 5305 3573 5357 διὸ
3598 5305 3695 5357 καὶ

457 5407 614 5477 quasi
640 5422 779 5460 onus
802 5406 1072 5475 quoddam
1098 5408 1344 5463 timorem
1372 5408 1552 5477 populi
1575 5407 1935 5476 deposuisset,
1962 5424 1997 5462 at

2128 5404 2280 5475 κοινὴ
2304 5400 2453 5472 παρά
2477 5400 2692 5453 πάντων
2715 5400 2927 5467 αἴτησις
2966 5398 3299 5469 προσάγεται
3333 5394 3411 5465 τῷ
3447 5396 3691 5459 Μωῦσεῖ,

459 5499 516 5553 in
546 5513 605 5553 se
637 5498 755 5567 ipso
780 5496 955 5552 factus
984 5508 1149 5561 esset,
1182 5508 1311 5553 tunc
1359 5500 1520 5554 etiam
1555 5501 1609 5552 in
1640 5499 1809 5568 ipsam
1842 5500 1997 5568 caligi

2128 5497 2195 5550 δι’
2223 5495 2430 5548 ἐκείνου
2464 5492 2839 5560 μσιτευθῆναι
2880 5490 2970 5543 τὸν
3006 5489 3198 5559 νόμον⁸
3228 5487 3302 5550 ὡς
3335 5487 3434 5539 οὐκ
3466 5487 3695 5555 ἀπιστή-

459 5606 585 5646 nem
643 5589 901 5643 audacter
954 5589 1269 5657 ingreditur.
1328 5589 1513 5659 Itaque
1563 5589 1704 5644 inter
1737 5590 1997 5645 invisibili

2131 5601 2316 5647 σοντος
2340 5582 2435 5636 τοῦ
2454 5579 2606 5643 λαοῦ,
2640 5578 2780 5633 θεῖον
2808 5575 2945 5633 εἶναι
2962 5577 3347 5650 παράγγελμα,
3380 5577 3485 5629 πᾶν
3507 5576 3697 5643 ὅτιπερ
3762 5632 3767 5637 δ

459 5690 730 5746 versatur,
753 5696 854 5736 nec
872 5684 984 5751 jam
1033 5683 1369 5739 intuentibus
1426 5688 1667 5752 apparet.
1704 5680 1837 5736 Nam
1889 5681 1997 5737 divi

2131 5679 2197 5734 ἂν
2324 5676 2451 5747 παρ’
2498 5672 2706 5727 ἐκείνου
2759 5672 2902 5726 κατά
2949 5670 3047 5742 τὴν
3095 5668 3298 5726 ἀνωθεν
3350 5664 3698 5721 διδασκαλίαν

540 5867 587 5900 ⁸⁸
632 5866 808 5922 Exod.
838 5881 951 5932 xix,
987 5865 1019 5920 4
1044 5880 1163 5935 sqq.
