3996 6468
206 446 313 502 5ὶῖ

1507 444 1597 499 DE
1632 442 1799 498 VlTA
1819 439 2092 497 MOYSIS.

3355 441 3461 498 318-

209 560 739 635 παραγγελλόμενον.
790 560 958 615 Πάλιν
1020 556 1114 617 οὖν
1179 562 1316 632 πρὸς
1356 562 1453 633 τὴν
1507 560 1784 632 ὑπώρειαν

1897 574 1973 613 me
2000 559 2322 614 initiatiouis
2356 559 2575 631 adytum
2609 557 2888 630 ingressus
2904 572 3026 612 cum
3061 556 3317 612 invisibili
3351 575 3459 613 non

210 654 430 706 πάντων
474 651 985 724 καταδραμούντων,
1024 653 1182 725 μόνος
1215 651 1512 725 ὑπελείφθη
1547 656 1574 707 6
1618 654 1781 707 Μωῦ-

211 744 333 815 σῆς,
381 742 443 796 τὸ
482 744 742 807 ἐναντίον,
788 744 822 814 ἢ
870 746 1006 816 ὅπερ
1056 747 1263 808 ἐκεῖνος
1309 739 1400 815 ἦν,
1457 745 1541 814 ἐφ’
1586 743 1780 798 ἑαυτοῦ

214 830 409 898 δείξας.
439 832 560 885 Τῶν
584 834 694 903 γὰρ
713 832 887 887 ἄλλων
916 836 1172 889 ἁπάντων
1212 837 1270 888 ὲν
1303 838 1371 906 τῇ
1400 836 1652 905 κοινωνίᾳ
1676 836 1783 888 τῶν

213 925 682 996 συμμετεχόντων,
714 926 912 997 μᾶλλον
954 926 1299 998 θαρρούντων
1339 928 1406 980 τὰ
1439 928 1665 997 φοϐερά,
1691 919 1783 979 οὑ-

210 1033 305 1082 τος
354 1017 632 1089 μονωθεὶς,
676 1018 784 1071 τῶν
820 1017 1169 1072 συνεστώτων
1207 1019 1649 1091 θαρραλεὼτερος
1694 1014 1782 1089 ἦν,

212 1114 291 1177 ὡς
318 1115 381 1167 ὲκ
413 1113 605 1166 τούτου
631 1113 786 1183 δῆλον
818 1111 1087 1181 γενέσθαι,
1120 1112 1181 1165 τὸ
1214 1112 1287 1184 μὴ
1317 1113 1445 1165 ἴδιον
1482 1111 1645 1165 αὑτοῦ
1683 1110 1787 1163 πά-

214 1202 308 1265 θος
326 1204 417 1255 τὸν
449 1202 609 1271 φόϐον
649 1197 808 1263 εἶναι,
838 1194 882 1268 ᾧ
928 1203 1047 1255 κατ’
1076 1201 1250 1272 ἀρχὰς
1292 1201 1608 1271 συνεσχέθη,
1653 1201 1787 1253 ἀλλὰ

212 1298 304 1351 διὰ
344 1296 441 1367 τὴν
475 1296 611 1367 πρὸς
639 1295 764 1359 τοὺς
801 1293 1210 1363 κατεπτηχότας
1248 1292 1587 1364 συμπάθειαν
1616 1291 1789 1345 ταῦτα

215 1389 432 1442 παθεῖν.
474 1387 691 1458 Ἐπειδὴ
715 1387 912 1449 τοίνυν,
944 1381 1054 1439 οἷόν
1072 1402 1214 1448 τινος
1230 1385 1448 1455 ἄχθους,
1469 1386 1567 1455 τῆς
1588 1383 1789 1445 δειλίας

214 1479 311 1531 τοῦ
342 1476 475 1530 λαοῦ
507 1476 835 1548 γυμνωθεὶς,
864 1475 948 1545 ἐφ’
991 1475 1184 1529 ἑαυτοῦ
1222 1470 1320 1546 ἦν·
1351 1476 1473 1527 τότε
1512 1476 1604 1527 καὶ
1625 1473 1788 1527 αὑτοῦ

216 1568 532 1639 κατατολμᾷ
569 1566 661 1619 τοῦ
705 1567 902 1635 γνόφου
922 1580 938 1598 ⁸
967 1568 1062 1619 καὶ
1101 1567 1252 1629 ἐντὸς
1289 1566 1398 1619 τῶν
1428 1567 1674 1637 ἀοράτων
1707 1566 1792 1633 γί-

217 1680 391 1724 νεται,
444 1660 640 1732 μηκέτι
680 1664 792 1725 τοῖς
829 1659 994 1732 ὁρῶσι
1039 1660 1358 1729 φαινόμενος
1391 1658 1549 1730 [πρὸς
1590 1659 1699 1729 γὰρ
1731 1659 1792 1711 τὸ

216 1755 456 1825 ἄρρητον
480 1754 579 1824 τῆς
614 1752 761 1815 θείας
797 1751 1181 1823 μυσταγωγίας
1212 1752 1529 1823 παραδυεὶς,
1558 1753 1675 1804 ἐκεῖ
1713 1750 1792 1821 τῷ

216 1846 438 1917 ἀοράτῳ
485 1847 669 1917 συνῆν,
716 1844 790 1917 μὴ
823 1842 1143 1916 όρὼμενος],
1184 1842 1469 1907 διδάσκων,
1514 1839 1685 1915 οἶμαι,
1724 1842 1791 1896 δι’

217 1933 294 1991 ὧν
320 1937 594 2007 ἐποίησεν,
621 1938 703 1990 ὅτι
723 1937 803 1989 δεῖ
823 1936 914 1990 τὸν
945 1934 1204 2006 μέλλοντα
1230 1939 1467 1989 συνεῖναι
1489 1935 1628 2006 Θεῷ,
1650 1935 1795 2000 ἐξελ-

218 2032 334 2085 θεῖν
372 2032 480 2083 πᾶν
504 2029 563 2082 τὸ
605 2028 945 2099 φαινόμενον,
986 2029 1081 2081 καὶ
1120 2028 1212 2082 ἐπὶ
1248 2029 1308 2081 τὸ
1346 2027 1577 2099 ἀόρατόν
1615 2046 1673 2080 τε
1703 2028 1798 2080 καὶ

217 2120 638 2191 ἀκατάληπτον,
681 2119 780 2191 τὴν
822 2119 1015 2173 ἑαυτοῦ
1062 2119 1332 2179 διάνοιαν,
1373 2114 1483 2172 οἷον
1527 2118 1619 2171 ὲπί
1675 2136 1799 2171 τινα

216 2212 383 2281 ὅρους
420 2208 662 2282 κορυφὴν
689 2208 1064 2271 ἀνατείναντα,
1095 2210 1212 2262 ἐκεῖ
1243 2208 1524 2261 πιστεύειν
1558 2204 1696 2262 εἶναι
1738 2209 1798 2261 τὸ

216 2304 396 2367 Θεῖον,
442 2303 499 2355 ὲν
524 2295 567 2369 ᾧ
592 2301 692 2354 οὐκ
713 2302 1011 2369 ἐφικνεῖται
1050 2302 1083 2370 ἡ
1113 2300 1458 2367 κατανόησις.
1504 2300 1799 2370 Γενόμενος

214 2395 274 2448 δὲ
301 2396 360 2447 ὲν
390 2395 599 2464 ἐκείνῳ,
623 2391 833 2463 δέχεται
856 2392 921 2445 τὰ
949 2392 1066 2445 θεῖα
1090 2392 1504 2464 προστάγματα.
1521 2392 1705 2445 Ταῦτα
1738 2393 1796 2445 δὲ

212 2484 284 2559 ἦν
311 2489 513 2559 ἀρετῆς
532 2486 869 2551 διδασκαλία,
909 2481 976 2558 ἧς
999 2486 1058 2539 τὸ
1098 2485 1391 2555 κεφάλαιον
1429 2486 1535 2555 ἄρα
1571 2485 1719 2536 ἐστὶν
1764 2485 1797 2554 ή

216 2581 491 2639 εὐσέϐεια,
519 2578 613 2632 καὶ
639 2579 699 2631 τὸ
718 2578 819 2642 τὰς
856 2578 1169 2649 πρεπούσας
1207 2578 1503 2648 ὑπολήψεις
1537 2576 1664 2647 περὶ
1700 2578 1799 2646 τῆς

216 2671 370 2733 θείας
397 2669 611 2738 φύσεως
631 2668 773 2739 ἔχειν
792 2686 805 2699 ⁸
834 2667 909 2732 ὡς
931 2668 1248 2739 ὑπέρκειται
1278 2668 1478 2730 παντὸς
1498 2662 1797 2733 γνωστικοῦ

216 2762 493 2834 νοήματος
531 2778 593 2813 τε
632 2762 726 2814 καὶ
751 2760 1168 2829 ὑποδείγματος,
1202 2760 1375 2812 οὐδενὶ
1401 2760 1509 2811 τῶν
1534 2773 1800 2824 γινωσκο-

220 2856 405 2926 μένων
447 2853 805 2923 ὁμοιουμένη.
865 2852 1092 2905 Κελεύει
1142 2852 1251 2919 γάρ
1301 2851 1437 2921 πρὸς
1485 2849 1647 2921 μηδὲν
1690 2848 1799 2901 τῶν

215 2944 792 3016 καταλαμϐανομένων
810 2946 867 2997 ὲν
890 2946 1011 3006 ταῖς
1033 2944 1158 3011 περὶ
1185 2941 1318 2994 Θεοῦ
1356 2940 1655 3011 ὑπολήψεσι
1683 2938 1800 3007 βλέ-

217 3058 371 3103 πειν,
422 3038 553 3109 μηδέ
591 3054 697 3089 τινι
732 3036 840 3088 τῶν
887 3037 950 3087 ἐκ
990 3034 1345 3104 καταλήψεως
1382 3032 1800 3101 γινωσκομένων

217 3131 446 3201 ὁμοιοῦν
483 3130 583 3200 τὴν
620 3126 715 3180 τοῦ
764 3125 964 3188 παντὸς
1001 3123 1405 3194 ὑπερκειμένην
1444 3121 1633 3190 φύσιν·
1667 3118 1802 3172 ἀλλὰ

1826 1894 1869 1952 Β

1885 659 2211 720 conspectus
2243 651 2356 720 ipse
2386 649 2730 715 versabatur,
2764 659 2823 702 ut
2848 664 2947 703 nos
2980 648 3062 718 (ut
3086 647 3342 718 arbitror)
3376 649 3462 703 his

1886 743 2056 811 gestis
2101 744 2394 798 instrueret
2442 743 2587 813 quod
2644 742 2989 811 oporteat,si
3020 741 3142 812 quis
3174 741 3300 796 velit
3339 757 3463 795 esse

1886 851 2011 889 cum
2041 834 2170 897 Deo,
2210 834 2391 888 omnia
2419 833 2536 887 haec
2600 847 2720 902 quae
2783 832 3055 894 videntur,
3091 842 3461 893 contemnere,

1887 939 1951 977 ac
1980 932 2213 979 mentem
2250 940 2403 980 suam
2431 923 2497 977 ad
2528 922 2798 978 invisibile
2846 931 3006 992 atque
3050 922 3463 990 incomprehen-

1888 1016 2064 1079 sibile,
2089 1019 2241 1087 quasi
2280 1018 2344 1071 ad
2366 1018 2730 1073 summitatem
2757 1016 2957 1076 montis
2981 1014 3215 1084 dirigere
3243 1032 3256 1069 :
3280 1014 3466 1083 ibique

1890 1110 2113 1164 credere
2139 1108 2305 1164 Deum
2355 1125 2509 1173 esse,
2567 1123 2677 1179 quo
2714 1107 2996 1178 pervenire
3046 1106 3304 1175 cogitatio
3355 1121 3463 1158 non

1889 1209 2087 1266 potest.
2123 1200 2235 1257 Hac
2264 1203 2429 1273 igitur
2446 1204 2501 1255 in
2531 1200 2846 1256 summitate
2893 1198 3095 1251 montis
3136 1197 3466 1251 constitutus

1891 1294 2104 1365 Moyses
2125 1295 2189 1360 ¹⁹,
2221 1295 2401 1348 divina
2426 1292 2658 1362 suscipit
2695 1290 2972 1355 mandata,
3002 1304 3121 1357 qua:
3142 1288 3228 1341 via
3261 1286 3466 1340 doctri-

1892 1400 2069 1456 naque
2098 1394 2226 1441 sunt
2248 1384 2315 1439 ad
2350 1386 2625 1439 virtutem.
2680 1381 2849 1451 Cujus
2881 1390 3043 1450 caput.
3073 1391 3154 1436 est
3182 1381 3374 1449 pietas,
3409 1386 3467 1432 ut

1893 1475 2101 1531 scilicet
2152 1476 2515 1530 condecentes
2549 1473 2617 1528 de
2665 1471 2774 1526 Deo
2812 1471 3098 1541 opiniones
3144 1470 3463 1533 habeamus,

1892 1563 2035 1635 quod
2050 1579 2262 1618 omnem
2281 1562 2703 1633 cognoscibilem
2729 1561 2984 1631 speciem,
3006 1574 3271 1628 omneque
3287 1572 3473 1625 super-

1893 1655 2120 1711 excedat
2144 1655 2473 1724 exemplum,
2516 1653 2649 1707 nulli
2679 1653 2760 1707 rei
2790 1667 2913 1722 qua:
2941 1652 3295 1721 cognoscitur
3316 1650 3469 1702 simi-

1895 1746 1983 1800 lis.
2011 1742 2172 1800 Jubet
2200 1746 2344 1800 enim
2368 1744 2434 1798 ad
2487 1744 2690 1798 nullam
2744 1758 2880 1806 rem,
2927 1756 3046 1811 quae
3082 1736 3469 1808 comprehendi

1896 1840 2090 1910 possit,
2141 1841 2429 1909 respicere,
2455 1853 2558 1892 nec
2578 1837 2646 1892 iis
2696 1836 2927 1892 similem
2953 1843 3147 1904 putare
3188 1840 3468 1894 naturam,

1898 1947 2020 2003 quae
2052 1946 2217 2001 super
2251 1930 2437 1985 omnia
2467 1937 2573 1992 est,
2609 1943 2731 1998 quae
2758 1926 3239 1996 comprehensione
3270 1938 3473 1993 cogno-

1898 2030 2126 2080 scuntur
2158 2042 2173 2078 :
2198 2023 2294 2078 sed
2328 2037 2452 2077 esse
2493 2020 2711 2091 quidem
2741 2020 2913 2088 ipsam
2931 2018 3152 2072 credere
3180 2024 3429 2085 Oportere
3453 2026 3472 2063 :

1898 2123 2103 2186 quanta
2132 2128 2286 2178 vero,
2339 2120 2433 2165 aut
2465 2110 2668 2180 qualis,
2730 2115 2824 2161 aut
2874 2105 3040 2172 unde,
3073 2113 3167 2157 aut
3198 2101 3475 2173 quomodo

1898 2206 1990 2270 sit,
2015 2219 2124 2258 non
2148 2217 2270 2257 esse
2297 2200 2672 2271 quaerendum,
2700 2213 2821 2253 cum
2846 2211 2912 2251 eo
2931 2194 3210 2265 pervenire
3235 2194 3473 2246 humana

1899 2295 2118 2366 ingenia
2150 2300 2438 2362 nequeant.
2471 2291 2552 2345 Ad
2580 2292 2833 2361 pietatem
2867 2297 3048 2342 autem
3071 2287 3233 2341 etiam
3268 2284 3477 2339 addun-

1899 2397 1986 2442 tur
2033 2387 2146 2450 illa,
2177 2400 2298 2455 qua:
2339 2399 2553 2438 morum
2589 2390 2718 2439 sunt
2740 2380 3152 2451 castigationes,
3191 2377 3246 2431 in
3276 2390 3477 2446 genere

1897 2480 1980 2533 vel
2024 2480 2079 2534 in
2117 2485 2267 2546 parte
2312 2475 2627 2531 distributa.
2681 2474 2737 2527 In
2778 2487 2977 2540 genere
3006 2469 3264 2543 quidem,
3304 2474 3477 2520 totam

1898 2570 2218 2641 simpliciter
2249 2567 2574 2637 iniustitiam
2604 2566 2855 2636 propellit
2884 2564 2966 2617 lex
2990 2563 3103 2622 illa,
3128 2560 3271 2630 quod
3304 2575 3476 2627 opor-

1900 2671 2010 2719 teat
2034 2661 2340 2732 proximum
2370 2673 2574 2719 amare,
2599 2672 2708 2725 quo
2730 2655 3001 2709 stabiliter
3029 2652 3350 2713 constituto,
3380 2664 3480 2701 ne-

1898 2756 2139 2811 cessario
2198 2752 2445 2820 sequitur
2515 2750 2647 2803 nihil
2698 2747 2960 2801 adversus
3012 2745 3316 2814 proximum
3368 2742 3521 2795 cui-o

1899 2861 2060 2917 quam
2092 2859 2214 2898 esse
2263 2842 2596 2896 faciendum.
2634 2838 2689 2892 ln
2721 2846 2876 2908 parte
2907 2852 3057 2900 vero,
3097 2842 3350 2904 parentes
3372 2846 3483 2885 co—

1900 2939 2033 2999 lere,
2064 2944 2117 2990 et
2147 2951 2179 2989 a
2229 2933 2551 2989 criminibus
2583 2945 2705 3000 qum
2736 2929 3041 2998 diligenter,
3064 2932 3479 2983 enumerantur,

1902 3043 2094 3085 cavere
2125 3026 2388 3096 praecipit.
2415 3022 2627 3089 Quibus
2652 3022 2861 3091 legibus
2898 3018 3055 3088 quasi
3088 3018 3392 3070 instructus
3414 3012 3483 3066 ad

1904 3118 2219 3173 sublimiora
2258 3114 2455 3169 transit
2481 3112 2757 3183 mysteria,
2782 3108 3133 3163 tabernaculo
3153 3106 3335 3159 divina
3367 3102 3483 3173 {sibi

217 3223 285 3275 τὸ
308 3218 449 3274 εἶναι
476 3218 847 3281 πιστεύοντας,
867 3215 929 3268 τὸ
959 3210 1089 3275 οἷον,
1114 3214 1145 3284 ἢ
1176 3214 1319 3275 ὅσον,
1342 3212 1375 3283 ἦ
1413 3213 1555 3273 ὅθεν,
1593 3211 1626 3282 ἥ
1654 3212 1794 3274 ὅπως

1902 3212 2104 3265 virtute
2124 3207 2422 3279 proposito.
2445 3203 2875 3260 Tabernaculum
2894 3208 3072 3254 autem
3092 3205 3207 3252 erat
3224 3196 3483 3265 templum

219 3315 397 3377 ἐστὶν,
432 3312 698 3381 ἀζήτητον
725 3311 840 3380 ὲᾷν,
864 3308 939 3370 ὡς
970 3307 1275 3375 ἀνέφικτον.
1308 3304 1636 3375 Προστίθησι
1679 3304 1737 3356 δὲ
1773 3304 1801 3356 6

219 3406 405 3472 λόγος,
452 3404 546 3455 καὶ
582 3403 683 3454 ὅσα
719 3400 813 3452 τοῦ
858 3399 1021 3469 ἤθους
1060 3398 1176 3449 ἐστὶ
1214 3396 1632 3467 κατορθώματα,
1658 3411 1803 3462 γενι-

219 3500 347 3559 κοῖς
374 3496 468 3549 καὶ
490 3494 747 3558 ίδιάζουσι
767 3491 948 3562 νόμοις
969 3490 1068 3561 τὴν
1096 3488 1437 3543 διδασκαλίαν
1461 3487 1800 3557 ποιούμενος.

222 3587 469 3650 Γενικῶς
518 3587 615 3656 μὲν
661 3585 769 3655 γὰρ
803 3584 983 3653 πάσης
1023 3582 1235 3645 ἀδικίας
1266 3580 1608 3651 άναιρετικὸς
1641 3579 1804 3649 νόμος

222 3679 381 3734 ἐστί·
413 3678 473 3733 τὸ
515 3678 623 3730 δεῖν
667 3672 1024 3744 ἁγαπητικῶς
1060 3671 1197 3743 πρὸς
1227 3671 1289 3724 τὸ
1324 3670 1592 3741 ὁμόφυλον
1638 3669 1804 3739 ἔχειν,

222 3766 289 3828 οὗ
327 3770 687 3843 κυρωθέντος,
729 3767 945 3830 πάντως
974 3764 1115 3819 κατὰ
1151 3761 1213 3816 τὸ
1257 3763 1547 3817 ἀκόλουθον
1580 3762 1803 3816 ἕπεταιο

223 3864 289 3918 τὺ
319 3862 488 3934 μηδὲν
527 3860 695 3914 κακὸν
728 3857 930 3928 μηδένα
956 3855 1098 3911 κατὰ
1121 3854 1213 3908 τοῦ
1248 3855 1416 3917 πέλας
1455 3852 1802 3925 ἐργάζεσθαι.

1907 3301 2149 3357 inaudita
2174 3297 2408 3369 quadam
2423 3296 2688 3349 varietate
2715 3293 3167 3363 pulcherrimum,
3189 3287 3482 3358 propylaea,

1905 3394 2192 3453 columnae,
2227 3390 2472 3451 cortinae,
2494 3401 2683 3441 mensa
2707 3394 2761 3441 ct
2788 3383 3196 3442 candelabrum,
3227 3388 3281 3435 et
3312 3378 3486 3432 thuri-

1906 3487 2114 3550 bulum,
2144 3484 2315 3537 altare
2337 3496 2399 3534 ac
2439 3478 2898 3550 propitiatorium,
2920 3484 2974 3530 et
3007 3473 3148 3544 quod
3188 3474 3328 3526 intra
3358 3486 3489 3526 san-

1906 3583 2052 3629 ctum
2106 3581 2188 3628 est
2249 3571 2467 3641 adytum
2540 3566 2950 3637 impenetrabile
3008 3573 3061 3620 et
3125 3564 3485 3617 inaccessum.

1907 3668 2149 3733 Quorum
2199 3663 2441 3718 onmium
2473 3660 2857 3730 dipositionem
2903 3671 2967 3711 ac
3006 3653 3487 3727 pulchritudinem,

1907 3758 2102 3830 partim
2169 3771 2237 3810 ne
2282 3754 2601 3808 memoriam
2658 3750 2873 3821 fugiat,
2940 3748 3135 3819 partim
3200 3746 3360 3801 etiam
3431 3750 3491 3799 ut

1908 3851 2142 3923 posteris
2194 3847 2518 3901 miraculum
2568 3842 2912 3913 subaperiat,
2954 3857 3061 3895 non
3109 3839 3334 3909 picturae
3379 3844 3493 3890 tra-

242 3926 334 4010 ’εᾷ
371 3926 429 4009 δὲ
460 3956 572 4016 τοῖς
600 3926 993 4010 καθ’ῖέκαστον,
1025 3947 1060 4018 ἦ
1081 3963 1139 4000 τε
1170 3944 1300 4018 περὶ
1325 3945 1452 4008 τοὺς
1483 3945 1794 4016 γεγεννηκό-

1909 3942 2060 4003 dere,
2090 3938 2184 3993 sed
2228 3935 2509 3990 materiale
2536 3932 2667 3987 illud
2702 3932 2979 4001 exemplar
3026 3930 3213 3984 divino
3262 3926 3494 3982 consilio

224 4067 333 4112 τας
361 4046 495 4118 τιμὴ
519 4044 882 4116 διηγόρευται,
912 4042 1007 4094 καὶ
1046 4041 1075 4092 6
1114 4038 1412 4107 κατάλογος
1448 4037 1556 4090 τῶν
1600 4038 1794 4108 ἀπηγο-

1912 4030 2215 4104 splendidis
2249 4027 2497 4098 _acceptis
2539 4024 2786 4079 materiis
2820 4023 3017 4077 imitari
3059 4020 3423 4091 compellitur.

223 4111 515 4214 ρευμένων
536 4111 1022 4207 πλημμελημάτων
1057 4131 1379 4202 ἠρίθμηται.
1411 4128 1633 4205 Τούτοις
1674 4128 1729 4183 δὲ
1779 4131 1894 4192 τοῖς
1930 4126 2115 4195 νόμοις
2145 4121 2304 4174 οἱονεὶ⁸
2333 4116 2732 4189 προκαθαρθεὶς
2767 4115 2863 4187 τὴν
2891 4115 3142 4178 διάνοιαν,
3172 4113 3266 4166 ἐπὶ
3292 4111 3389 4181 τὴν
3407 4125 3494 4163 τι·

227 4204 508 4305 λειοτέραν
539 4204 923 4305 μυσταγωγίαν
956 4228 1291 4298 παράγεταιο
1315 4228 1517 4297 σκηνῆς
1537 4224 1684 4295 αὑτῷ
1702 4242 1844 4288 τινος
1879 4222 2088 4295 ἁθρόως
2115 4219 2178 4271 ὲκ
2208 4214 2354 4278 θείας
2368 4214 2646 4284 δυνάμεως
2667 4208 3091 4283 προδειχθείσης.
3119 4208 3186 4260 Ἦ
3216 4207 3274 4260 δὲ
3301 4204 3494 4276 σκηνὴ,

226 4335 363 4395 ναὸς
398 4298 500 4401 ἦν,
534 4298 592 4381 έν
617 4323 1033 4399 δυσερμηνεύτῳ
1060 4322 1164 4373 τινὶ
1192 4319 1433 4390 ποικιλίᾳ
1461 4318 1522 4370 τὸ
1551 4318 1744 4381 κάλλος
1773 4318 1931 4388 ἔχων.
1964 4310 2300 4385 Προπύλαια,
2340 4306 2436 4361 καὶ
2470 4304 2670 4368 στύλοι,
2705 4303 2802 4357 καὶ
2838 4299 3332 4373 παραπετάσματα,
3363 4298 3496 4367 τρά-

228 4391 379 4492 πεζα
406 4391 501 4477 καί
530 4391 873 4491 λυχνίαίκαλ.
906 4391 1283 4486 θυμιατήριον,
1315 4410 1699 4481 θυσιαστήριόν
1725 4427 1785 4462 τε
1821 4409 1913 4462 καὶ
1956 4406 2260 4475 ἱλαστήριον
2281 4442 2295 4465 ,
2327 4399 2422 4454 καὶ
2461 4397 2521 4450 τὸ
2567 4397 2714 4459 ἐντὸς
2748 4395 2854 4449 τῶν
2888 4394 3057 4462 ἁγίων
3086 4391 3275 4447 ἄδυτόν
3316 4408 3373 4444 τε
3400 4395 3496 4450 καὶ

228 4484 718 4574 ἀνεπίϐατονίὶΩν
748 4484 1000 4564 ἁπάντων
1041 4506 1101 4559 τό
1130 4523 1190 4560 τε
1232 4503 1425 4567 κάλλος
1460 4503 1554 4557 καὶ
1600 4503 1698 4574 τὴν
1737 4502 1994 4567 διάθεσιν,
2025 4500 2099 4563 ὡς
2133 4497 2198 4551 ἂν
2225 4498 2359 4567 μήτε
2386 4491 2635 4561 διαφύγοι
2663 4491 2761 4562 τὴν
2794 4486 3043 4559 μνήμηνξ,
3083 4487 3176 4540 καὶ
3203 4487 3313 4547 τοῖς
3350 4484 3498 4537 κάτω

230 4611 630 4689 παραδειχθείη
665 4610 728 4663 τὸ
760 4608 965 4679 θαῦμα,
995 4604 1055 4659 οὑ
1079 4604 1263 4673 γραφῇ
1288 4600 1622 4671 παραδοῦναι
1650 4599 1779 4670 ψιλῇ
1808 4594 2250 4669 συμϐουλεύεται,
2274 4590 2411 4645 ἀλλὰ
2443 4585 2786 4659 μιμήσασθαι
2822 4584 2913 4638 διὰ
2956 4583 3052 4653 τῆς
3091 4581 3282 4651 ὑλικῆς
3324 4596 3494 4633 κατα-

236 4674 444 4783 σκευῆς
471 4674 570 4781 τὴν
603 4674 764 4762 άῡλον
796 4674 1010 4773 ἐκείνην
1038 4698 1419 4770 δημιουργίαν,
1454 4696 1551 4759 τὰς
1578 4695 1958 4766 λαμπροτέρας
1986 4710 2045 4744 τε
2075 4690 2168 4744 καὶ
2200 4685 2516 4757 φανωτέρας
2543 4681 2672 4744 ὔλας
2696 4679 2805 4732 τῶν
2830 4677 2970 4731 κατὰ
2993 4676 3091 4747 τὴν
3119 4676 3220 4746 γῆν
3249 4674 3489 4745 εὑρισκο.

235 4806 422 4877 μένων
454 4818 531 4852 πα
539 4796 856 4870 ραλαϐόντα.
2348 4858 2361 4863 ι

319 4894 414 4947 Ἐν
452 4860 551 4955 οίς¹
579 4888 778 4942 πλείων
811 4888 908 4956 μὲν
948 4882 1015 4958 ἦν
1059 4886 1087 4938 6
1125 4883 1324 4955 χρυσὸς
1356 4884 1414 4935 ὲν
1456 4887 1642 4952 κύκλῳ
1674 4897 1794 4952 περι

1897 4886 1910 4930 ι
2010 4875 2134 4929 Fuit
2164 4874 2326 4945 igitur
2348 4860 2649 4941 plurimum
2673 4879 2869 4921 aurum
2897 4862 2952 4916 in
2976 4860 3247 4917 columnis
3277 4860 3512 4913 circum-

235 4949 542 5060 κεχυμένος
605 4985 717 5045 τοῖς
774 4949 1012 5042 στύλοις·
1068 4949 1503 5047 συνμπαρελήφθη
1570 4949 1627 5025 δέ
1674 4949 1790 5042 ιμέτ

1944 4966 2148 5028 fusum,
2181 4973 2234 5019 et
2262 4978 2384 5016 cum
2416 4975 2552 5014 auro
2593 4966 2874 5027 argentum
2926 4952 3213 5007 cacumina
3261 4960 3313 5004 et
3345 4949 3501 5003 bases

2487 5058 2494 5060 Α
2626 5049 2635 5059 .
2679 5056 2689 5060 -
2736 5056 2747 5060 -
2879 5044 2920 5060 .μ
2964 5045 2974 5055 .
3066 5040 3480 5060 ηιμ-,-

234 5040 586 5152 τοξᾶρυσοῦ
636 5040 729 5129 κοὶι
768 5076 796 5126 6
841 5040 1110 5143 ἄργυρος,
1140 5040 1276 5130 ’τὰς’
1304 5040 1547 5137 κορυφάς
1589 5040 1704 5118 καί
1732 5062 1794 5116 τὰ

1936 5070 2127 5113 eorum
2162 5060 2411 5109 exornat.
2445 5058 2504 5105 ut
2525 5049 2787 5103 varietate
2808 5044 3030 5107 coloris,
3058 5040 3219 5097 sicuti
3242 5040 3500 5101 arbitror,

249 5128 333 5136 -"
384 5128 545 5152 ’.ιτ-π
882 5128 937 5143 ι·
987 5128 998 5142 ι
1059 5128 1108 5135 -ν
1244 5128 1253 5130 ε
1374 5128 1385 5137 ·
1455 5128 1467 5132 -

239 5174 433 5246 βάσεις
491 5168 600 5222 τῶν
662 5166 868 5219 στύλων
927 5163 993 5216 δι’
1062 5159 1251 5214 ἑαυτοῦ
1314 5156 1701 5221 καλλωπίζων
1756 5155 1794 5206 ὠ

1936 5149 2110 5219 magis
2140 5144 2428 5216 fulgerent.
2459 5141 2565 5195 Sed
2594 5139 2718 5194 aeris
2741 5150 2957 5206 quoque
2986 5132 3215 5186 materia
3246 5143 3355 5182 non
3380 5128 3494 5180 inu-

1965 5242 2015 5246 λυ
2135 5240 2145 5246 ·
2332 5244 2338 5246 Α
2540 5233 2572 5246 ἰ
2655 5245 2658 5246 ν
2715 5230 2726 5241 ·
2770 5244 2778 5246 ξ
2829 5235 2868 5246 -ι
2922 5227 3075 5246 ιω---
3131 5222 3494 5246 “annuum...

239 5222 340 5330 ἓν,
384 5222 571 5333 οίμαι,
608 5258 687 5329 τῷ
726 5255 1097 5310 διαλλάσσοντι
1139 5252 1240 5321 τῆς
1286 5250 1450 5321 χρόας
1492 5247 1794 5318 ἑκατέρωθε

1937 5242 2051 5298 tilis
2100 5240 2214 5295 visa
2263 5244 2347 5291 est
2388 5233 2613 5303 :capita
2642 5230 2787 5285 enim
2820 5235 2874 5281 et
2921 5227 3078 5279 bases
3127 5222 3502 5276 columnarum

324 5312 581 5425 νχνρίιιςίον
627 5312 1088 5418 ἐκθεωρούμενον,
1128 5312 1623 5410 πλέονωὲκλάμποι.
1659 5312 1794 5390 ’Ἔσπ

1938 5354 2005 5392 ex
2040 5351 2147 5391 aere
2181 5333 2336 5387 facta:
2364 5336 2513 5383 sunt:
2543 5325 2781 5380 Cortina:
2832 5335 2996 5391 porro
3047 5326 3210 5386 atque
3249 5312 3502 5374 tentoria,

236 5449 297 5501 δὲ
355 5411 493 5499 ἕπου
546 5441 643 5494 καὶ
688 5441 723 5510 ἡ
773 5411 865 5491 τοῦ
911 5411 1114 5507 χαλκοῦ
1174 5433 1273 5505 ὕλη
1330 5433 1597 5503 χρήσιμος
1651 5431 1794 5499 ὲνομι

1937 5430 2218 5497 totiusque
2248 5421 2432 5492 templi
2470 5428 2709 5489 septum,
2741 5424 2795 5468 et
2820 5427 2983 5481 super
3011 5411 3294 5464 columnas
3318 5415 3507 5459 exten-

242 5540 347 5609 σθη
374 5577 390 5600 ,
421 5533 633 5603 κεφαλὴ
676 5505 944 5600 γινομένη
970 5527 1064 5581 καὶ
1099 5526 1255 5596 βάσις
1293 5525 1404 5586 τοῖς
1433 5523 1689 5593 ἀργυροῖς
1720 5518 1794 5571 τῶ

1938 5536 2059 5575 sum
2091 5525 2314 5578 tectum,
2344 5512 2526 5568 omnia
2581 5525 2679 5580 per
2738 5505 3025 5561 textoriam
3068 5508 3240 5553 artem
3300 5511 3504 5552 conve-

2213 5607 2222 5609 -
2346 5604 2379 5609 --
2518 5608 2521 5609 ν
2588 5600 2620 5609 ..
2688 5608 2693 5609 ,
2883 5601 2895 5609 ,
2967 5593 3003 5609 ,γ
3056 5588 3482 5609 ,ΔΑΗ-,Μω-

502 5588 1006 5691 ⁸Καταίιτετιίισμείτα
1060 5588 1115 5673 δέ
1177 5588 1271 5670 καὶ
1322 5588 1794 5688 παραπετάσματα

1941 5613 2125 5665 niente
2180 5604 2415 5676 singulis
2477 5600 2735 5654 attributa
2769 5593 3016 5653 materia
3047 5588 3482 5644 conﬁciebantur

242 5722 340 5779 καὶ
382 5722 412 5774 6
446 5719 539 5773 τοῦ
583 5715 712 5772 ναοῦ
745 5713 1052 5784 περίϐολος,
1090 5712 1185 5766 καὶ
1214 5712 1243 5763 6
1270 5708 1379 5764 τῶν
1410 5707 1615 5761 στύλων
1652 5707 1794 5777 ὑπερ

1940 5702 2077 5757 Aliis
2115 5715 2182 5756 ex
2237 5695 2534 5768 hyacintho
2590 5698 2644 5747 et
2678 5700 2920 5758 purpura
2971 5693 3088 5739 crat
3144 5681 3402 5742 tinctura,
3454 5681 3510 5731 et

321 5902 370 5934 ¹⁹
416 5896 589 5954 Exod.
632 5910 779 5959 sxw,
814 5893 897 5947 18.
