3988 6522
477 475 582 532 519

1668 474 1724 528 S.
1758 467 2086 530 GREGORII
2127 465 2414 527 NYSSENI

3605 471 3708 530 520

481 593 675 663 igneus
703 591 856 646 cocci
887 592 1074 658 rubor,
1106 591 1362 661 splendor
1388 607 1606 664 quoque
1643 591 1792 663 byssl
1840 597 2035 644 natura
2062 611 2078 649 Α

2182 589 2444 659 εινόμενος
2466 590 2680 661 δροφος,
2711 589 3060 661 καταλλήλως
3089 588 3264 643 πάντα
3289 585 3378 640 διὰ
3409 585 3512 656 τῆς
3544 585 3708 654 ὑφαν-

489 683 607 752 ipsa
636 685 926 752 perductus
977 697 1040 737 ac
1103 684 1220 738 sine
1250 693 1386 738 arte.
1423 681 1704 738 confectus
1739 681 1911 736 color.
1973 681 2034 734 ln

483 774 606 828 aliis
633 775 822 837 linum,
853 771 910 827 in
939 773 1060 830 aliis
1098 775 1228 844 pili;
1259 783 1425 844 prout
1467 782 1697 830 textura:
1723 787 1858 828 usus
1895 781 2045 844 pete-

483 863 600 924 bat,
633 862 1073 918 assumebantur.
1121 862 1226 918 Sed
1279 865 1572 918 rubricata:
1604 878 1821 934 quoque
1875 863 2046 933 pelles

485 965 878 1020 nonnunquam
923 961 1157 1021 acceptae
1211 959 1359 1008 sunt.
1427 951 1628 1007 Verum
1677 952 1793 1006 haec
1833 959 2048 1021 postea-

487 1057 650 1112 quam
683 1043 751 1097 de
773 1053 956 1098 monte
987 1043 1287 1108 descendit,
1316 1059 1413 1113 per
1441 1044 1723 1098 ministros
1749 1043 2049 1099 secundum

488 1133 795 1202 expositum
829 1134 933 1188 sibi
961 1135 1238 1203 exemplar
1256 1133 1457 1204 Opificii
1484 1134 1698 1206 Moyses
1720 1134 2047 1192 construxit.

491 1220 646 1276 Tunc
671 1229 848 1277 autem
879 1237 1003 1276 eum
1037 1223 1093 1276 in
1121 1222 1216 1277 illo
1249 1222 1427 1277 adhuc
1461 1223 1665 1292 absque
1713 1237 1874 1276 manu
1915 1237 2052 1276 con-

493 1312 686 1366 stituto
751 1313 952 1382 templo
1007 1319 1171 1376 esset,
1211 1313 1412 1383 quibus
1470 1313 1727 1368 sacerdos
1779 1314 2050 1379 vestibus,

493 1403 712 1471 quando
739 1404 790 1456 in
821 1403 1003 1473 templi
1037 1403 1330 1474 penetralia
1357 1405 1670 1458 intrandum
1703 1411 1839 1470 erat,
1873 1413 2056 1459 utere-

495 1499 606 1552 tur,
639 1491 705 1545 de
739 1493 994 1546 interiore
1030 1493 1191 1546 simul
1221 1502 1383 1562 atque
1413 1495 1684 1549 exteriore
1717 1495 1920 1548 amictu
1975 1495 2056 1548 le-

499 1596 594 1650 ges
625 1582 843 1651 accipit,
877 1582 1090 1636 initium
1112 1597 1222 1638 non
1260 1584 1330 1638 ab
1371 1583 1650 1650 interiore,
1685 1585 1779 1641 sed
1814 1585 1884 1639 ab
1907 1591 2060 1639 exte-

498 1673 648 1728 riore
677 1673 908 1728 faciente
939 1689 1192 1730 sermone
1219 1693 1232 1730 :
1261 1677 1735 1746 superhumeralia
1767 1677 1936 1732 variis
1966 1691 2061 1731 co-

501 1763 734 1828 loribus,
767 1780 832 1818 ex
869 1765 937 1820 iis
975 1767 1137 1822 rebus
1175 1781 1243 1821 ex
1271 1767 1470 1836 quibus
1509 1767 1686 1822 velum
1747 1777 2060 1823 contextum

501 1862 640 1918 erat,
671 1865 835 1925 atque
857 1857 1083 1927 insuper
1107 1871 1243 1912 auro
1269 1859 1526 1913 distincta
1553 1859 1792 1914 fuerunt.
1822 1858 2062 1916 Uncinos

2143 681 2302 750 τικῆς
2329 683 2654 752 ἐπιστήμης,
2687 684 2749 734 ὲκ
2789 683 2888 752 τῆς
2933 680 3238 751 προσφόρου
3273 680 3507 734 ἕκαστον
3547 675 3712 746 ὕλης,

2145 772 2467 828 ὲπετελεῖτο.
2502 775 2626 836 Τοῖς
2656 773 2752 844 μὲν
2783 773 2892 843 γὰρ
2919 767 2986 843 ἦν
3024 772 3130 824 τῶν
3157 771 3502 842 ὑφασμάτων
3529 765 3710 822 ὑάκιν-

2147 864 2302 936 θοςή
2359 865 2524 936 βαφὴ,
2577 867 2670 919 καὶ
2731 863 3019 938 πορφύρα,
3069 864 3164 916 καὶ
3199 862 3257 915 τὸ
3305 861 3591 932 πυραυγές
3623 859 3714 912 τοῦ

2146 957 2520 1025 κοκκοσάφους
2544 957 2904 1028 ἐρυθήματοςο
2935 957 2995 1010 τό
3017 974 3076 1009 τε
3097 953 3344 1025 λαμπρὸν
3373 953 3476 1021 τῆς
3501 951 3714 1022 βύσσου,

2147 1048 2180 1116 ἡ
2211 1046 2480 1117 αὐτοφυής
2531 1063 2587 1098 τε
2628 1049 2721 1102 καὶ
2765 1047 3178 1118 άνεπιτήδευτος
3214 1043 3346 1097 ἰδέα.
3395 1042 3637 1112 Ἑτέροις
3663 1041 3718 1095 δὲ
3749 1123 3752 1128 Ι

2149 1137 2321 1198 λῖνον,
2358 1137 2453 1190 καὶ¹
2493 1135 2674 1200 ἄλλοις
2710 1137 2914 1208 τρίχες,
2947 1137 3082 1206 πρὸς
3105 1134 3204 1197 τὰς
3239 1131 3350 1186 τῶν
3383 1131 3728 1200 ὑφασμάτων,

2151 1231 2367 1300 χρείας,
2395 1228 2900 1299 παρελαμϐάνοντο.
2933 1223 3042 1281 Ἦν
3083 1227 3139 1280 δὲ
3168 1227 3303 1278 ὅπου
3351 1221 3453 1276 καὶ
3497 1223 3564 1274 τὰ
3602 1224 3720 1291 ὲρυ-

2153 1321 2258 1390 θρὰ
2290 1319 2396 1374 τῶν
2429 1320 2713 1392 δερμάτων
2759 1317 2896 1390 πρὸς
2933 1318 3028 1388 τὴν
3067 1315 3161 1370 τού
3201 1313 3722 1383 κατασκευάσματος

2154 1409 2304 1481 ὤραν
2344 1409 2537 1463 εὔθετα
2567 1405 2657 1481 ἦν.
2699 1409 2811 1463 Καὶ
2860 1403 3034 1461 ταῦτα
3072 1407 3170 1478 μὲν
3191 1445 3205 1467 ,
3233 1404 3373 1475 μετὰ
3399 1404 3502 1472 τὴν
3532 1405 3593 1454 ὲκ
3633 1401 3732 1454 τοῦ-

2153 1502 2312 1574 ὅρους
2328 1501 2570 1568 κάθοδον,
2593 1501 2732 1554 κατὰ
2759 1501 2821 1554 τὸ
2842 1499 3060 1553 ἐκτεθὲν
3079 1495 3224 1566 αὐτῷ
3247 1495 3346 1565 τῆς
3365 1494 3722 1564 δημιουργίας

2158 1593 2485 1663 ὑπόδειγμα,
2537 1594 2566 1646 ὁ
2609 1593 2814 1662 Μωσῆς
2859 1590 2947 1644 διὰ
2993 1589 3100 1642 τῶν
3148 1586 3574 1657 ὑπουργούντων
3606 1603 3727 1638 κατ-

2157 1683 2507 1737 εσκευάσατο.
2531 1683 2665 1737 Τότε
2696 1683 2752 1736 δὲ
2780 1685 2837 1736 ὲν
2872 1682 3062 1750 ἐκείνῳ
3086 1677 3164 1752 τῷ
3197 1679 3598 1750 ἀχειροποιήτῳ
3622 1676 3729 1747 ναῷ

2159 1773 2480 1843 γενόμενος,
2524 1775 2616 1826 καὶ
2644 1775 2739 1844 οἴῳ
2773 1771 2878 1843 χρὴ
2920 1771 3010 1824 τὸν
3065 1770 3214 1842 ἱερέα
3257 1769 3453 1838 κόσμῳ
3487 1765 3730 1838 λαμπρὺ-

2161 1865 2346 1918 νεσθαι
2366 1906 2381 1930 ,
2405 1865 2516 1918 τῶν
2541 1864 2749 1918 ἀδύτων
2779 1863 3190 1924 ὲπιϐατεύοντα,
3217 1861 3618 1931 νομοθετεῖται·
3639 1859 3730 1926 τῆς

502 1959 720 2014 quoque
747 1924 949 2012 auibus
977 1924 1444 2016 superbumeralia
1475 1959 1870 2006 connectuntur
1909 1951 2058 2017 fecit,

2182 1971 2222 2007 ιε
2245 1924 2453 2008 ἔνδοθεν
2500 1953 2823 2028 περιϐολῆς,
2869 1954 2962 2006 καὶ
2996 1953 3094 2023 τῆς
3128 1924 3486 2021 φαινομένης,
3517 1947 3585 2002 τὰ
3617 1924 3730 2000 καθ’

503 2043 558 2091 et
585 2039 826 2092 catennla
852 2039 1170 2111 smaragdos
1199 2041 1256 2096 in
1279 2041 1542 2098 circulum
1575 2057 1710 2097 auro
1736 2053 2065 2100 connecten-

505 2135 610 2184 tes.
638 2130 702 2184 lli
741 2131 948 2200 lapides
973 2140 1086 2186 tum
1116 2143 1310 2188 natura
1340 2135 1538 2190 virides
1567 2143 1730 2206 atque
1775 2135 2064 2207 fulgentes,

509 2227 626 2274 tum
653 2224 932 2290 sculptura
969 2223 1249 2279 mirabiles
1277 2225 1601 2281 videbantur
1627 2245 1640 2281 :
1673 2243 1774 2283 nec
1812 2229 1876 2281 ad
1905 2229 2069 2282 simu-

507 2310 778 2366 lacrorum
813 2313 1035 2382 figuram
1067 2315 1306 2384 aliquam
1338 2317 1616 2386 sculptura
1651 2317 1926 2373 tendebat.
1963 2317 2068 2374 Sed

509 2402 944 2470 patriarcharum
993 2407 1216 2459 nomina
1263 2422 1360 2462 sex
1419 2409 1476 2461 in
1521 2409 1749 2478 singulis
1800 2410 2071 2479 lapidibus

509 2503 667 2545 erant
699 2493 1003 2562 impressa;
1037 2511 1103 2550 ex
1135 2495 1220 2551 his
1250 2496 1317 2550 ad
1347 2499 1676 2553 anteriorem
1717 2511 1924 2570 partem
1967 2517 2072 2554 un-

511 2582 624 2636 cini
682 2583 900 2652 quidem
941 2586 1342 2656 dependebant,
1383 2597 1438 2644 et
1499 2591 1834 2660 complicatze
1869 2601 2076 2649 catena:

513 2673 572 2728 in
602 2689 662 2730 se
691 2680 1040 2744 permutatim
1077 2679 1132 2734 in
1161 2681 1447 2750 quemdam
1487 2699 1772 2740 numerum
1817 2699 2078 2742 connexa:

477 2791 490 2812 ι
516 2775 680 2836 atque
707 2767 1040 2836 rhythmum,
1073 2771 1124 2824 in
1153 2774 1372 2826 modum
1405 2775 1536 2830 retis
1563 2790 1592 2830 a
1627 2777 1808 2834 fibulis
1839 2795 1905 2834 ex
1927 2789 2080 2835 utra-

514 2872 624 2926 que
651 2869 805 2929 parte
836 2859 1070 2930 desuper
1111 2863 1180 2918 ah
1217 2864 1432 2921 uncinis
1473 2879 1732 2934 extensae,
1786 2877 1846 2924 ut
1905 2871 2079 2942 magis

516 2949 786 3003 connexio
815 2951 1180 3023 praefulgent.
1217 2955 1277 3008 In
1315 2955 1402 3010 his
1424 2963 1542 3012 erat
1581 2975 1648 3014 ex
1678 2975 1812 3015 auro
1843 2960 2080 3019 fabrica-

515 3049 607 3096 tus
635 3041 728 3096 ille
751 3053 977 3099 ornatus
999 3048 1255 3115 pectoris,
1277 3049 1330 3102 in
1355 3067 1464 3120 quo
1487 3052 1686 3108 diversi
1715 3070 1814 3124 pro
1849 3059 2081 3126 patriar-

519 3133 746 3188 charum
776 3151 1002 3192 numero
1040 3139 1245 3210 lapides
1273 3149 1384 3197 tres
1413 3143 1468 3197 in
1501 3145 1732 3216 singulis
1762 3149 2047 3206 ordinibus
2066 3191 2081 3218 ,

2165 2046 2391 2098 ἕκαστον
2411 2043 2503 2098 τοῦ
2523 2045 2684 2113 λόγου
2714 2043 3190 2114 νομοθετήσαντος.
3231 2039 3404 2112 Ἀρχὴ
3433 2039 3490 2091 δὲ
3514 2038 3610 2107 τῆς
3632 2035 3730 2089 τῶν

2166 2136 2487 2208 ἐσθημάτων
2537 2133 2858 2206 περιϐολῆς,
2898 2135 2960 2186 οὑ
2991 2133 3053 2187 τὸ
3082 2131 3338 2207 κρύφιον,
3372 2129 3510 2182 ἀλλὰ
3529 2129 3588 2180 τὸ
3613 2145 3732 2196 φαι-

2167 2229 2391 2298 νόμενον
2437 2225 2664 2296 γίνεται.
2712 2225 3013 2295 Ἐπωμίδες
3049 2226 3114 2279 ἐκ
3155 2222 3414 2293 διαφόρου
3462 2218 3734 2274 πεποικιλο

2173 2320 2330 2390 μέναι
2368 2320 2577 2390 βαφῆς,
2617 2317 2684 2370 δι’
2715 2313 2789 2370 ὧν
2811 2317 2871 2370 τό
2898 2335 2956 2369 τε
2991 2315 3393 2386 καταπέτασμα
3432 2313 3531 2383 τῆν
3571 2329 3731 2366 κατα-

2172 2409 2370 2478 σκευὴν
2421 2403 2567 2478 εἶχε,
2613 2407 2708 2460 καὶ
2747 2407 2932 2478 χρυσῷ
2969 2408 3166 2478 νήματι
3210 2407 3271 2459 τὸ
3308 2406 3475 2459 πλέον
3506 2405 3730 2476 ἔχουσαι.

2173 2501 2387 2570 Πόρπαι
2413 2501 2534 2553 καθ’
2565 2499 2824 2571 ἑκάτερον
2869 2499 3056 2569 μέρος,
3096 2501 3153 2552 ai
3177 2497 3274 2562 τὰς
3299 2498 3584 2567 ἐπωμίδας
3624 2513 3736 2549 συν-

2174 2592 2428 2662 έχουσαι,
2487 2591 2832 2662 σμαράγδους
2875 2593 2930 2643 ὲν
2971 2589 3152 2660 κύκλῳ
3205 2591 3292 2642 διὰ
3345 2587 3549 2660 γρυσοῦ
3589 2605 3734 2656 περι-

2178 2682 2522 2750 σφίγγουσαι.
2571 2682 2789 2750 Κόσμος
2825 2679 2882 2733 δὲ
2927 2681 3035 2743 τοῖς
3084 2679 3250 2742 λίθοις
3291 2681 3358 2731 ἐκ
3407 2679 3504 2750 μὲν
3537 2677 3736 2746 φύσεως

2175 2767 2244 2843 ῆν
2288 2775 2322 2844 ἡ
2350 2775 2514 2844 αὑγὴ,
2566 2773 2789 2844 χλοεράς
2822 2789 2972 2836 τινας
3017 2773 3240 2834 ἀκτῖνας
3272 2772 3358 2840 ἐφ’
3392 2770 3591 2839 ἑαυτῆς
3613 2771 3736 2822 ἁπο-

2181 2863 2467 2917 στίλϐουσα
2486 2881 2501 2896 ·
2549 2866 2612 2917 ἐκ
2643 2864 2700 2916 δὲ
2726 2864 2826 2934 τῆς
2871 2864 3087 2934 τέχνης,
3137 2863 3198 2915 τὺ
3229 2863 3449 2948 ὲκῇτῶν
3481 2861 3740 2930 γλυφίδων

2181 2956 2386 3027 θαῦμα.
2413 2954 2544 3009 Οὑτι
2581 2972 2646 3024 γε
2677 2956 2812 3026 πρὸς
2841 2955 3073 3009 εἰδώλων
3105 2953 3266 3008 τινῶν
3299 2952 3624 3024 χαρακτῆρα
3648 2950 3736 3019 τῆς

2181 3048 2375 3118 τέχνης
2416 3046 2514 3118 τὴν
2561 3047 2770 3118 γλυφὴν
2816 3045 3179 3116 ἐντεμούσης,
3219 3043 3359 3097 ἀλλὰ
3405 3043 3475 3096 τὰ
3516 3043 3740 3112 ὀνόματα

2182 3140 2292 3192 τῶν
2325 3137 2676 3208 πατριαρχῶν
2706 3137 2764 3202 ἒξ
2806 3138 2927 3190 καθ’
2961 3137 3188 3190 ἕκαστον
3225 3137 3336 3198 τοῖς
3370 3133 3541 3196 λίθοις
3587 3135 3737 3199 ἐγκε-

519 3223 742 3280 ordines
767 3238 1000 3296 quatuor
1036 3229 1274 3297 fuerunt,
1329 3234 1572 3288 tribuum
1633 3239 1853 3292 nomina
1887 3239 2078 3296 litteris

2185 3229 2541 3302 χαραγμένα,
2605 3229 2804 3299 κόσμος
2856 3229 3082 3297 ἐγίνετο.
3135 3227 3216 3280 Τά
3272 3241 3332 3278 τε
3395 3221 3742 3332 ἀπηρτημένα

522 3317 912 3385 exprimentes.
945 3321 1004 3374 In
1041 3321 1128 3376 his
1166 3331 1286 3377 erat
1316 3326 1502 3380 tunica
1549 3325 1694 3382 intra
1729 3329 2078 3399 superbume-

2189 3322 2396 3376 τούτων
2453 3322 2675 3375 ἀσπίδια
2718 3321 2860 3374 κατὰ
2899 3321 2960 3374 τὸ
3008 3319 3310 3391 ἔμπροσθεν
3364 3319 3558 3390 μέρος,
3604 3317 3740 3369 αἵτε

525 3409 661 3462 ralia
689 3411 755 3464 ad
790 3413 930 3468 talos
970 3427 1000 3466 a
1023 3415 1328 3472 cervicibus
1358 3415 1598 3488 delapsa,
1621 3420 1954 3476 fimbriarum
1989 3439 2087 3494 ap-

527 3499 831 3566 pendiculis
861 3504 1380 3561 concinneornata:
1435 3509 1490 3562 in
1545 3509 1628 3565 his
1687 3520 1803 3566 erat
1861 3513 2086 3570 inferior

527 3590 750 3658 limbus,
777 3609 888 3648 non
918 3603 1146 3650 textura:
1169 3600 1432 3655 varietate
1457 3603 1654 3668 solum,
1691 3617 1878 3658 verum
1928 3608 2092 3662 etiam

527 3685 708 3739 aureis
741 3687 1116 3755 appendiculis
1135 3690 1552 3760 pulcherrimus.
1579 3695 1701 3752 Haec
1721 3705 1902 3753 autem
1936 3709 2096 3754 erant

529 3789 694 3830 aurea
717 3777 1103 3844 tintinnabula,
1147 3797 1416 3854 pomaque
1464 3787 1662 3856 punica
1721 3791 1963 3846 vicissim
2011 3794 2096 3847 di-

529 3875 680 3921 ctum
714 3869 949 3937 limbum‘
975 3872 1259 3928 ambiunt:
1287 3887 1398 3930 tum
1426 3879 1618 3948 capitis
1643 3881 1796 3945 vitta,
1828 3898 1947 3952 quae
1983 3893 2094 3938 tota

535 3957 638 4014 fuit
695 3959 1048 4032 hyacinthina
1077 4004 1091 4030 ,
1128 3971 1182 4018 et
1221 3965 1423 4021 lamina
1477 3969 1750 4038 pontificis
1807 3973 2096 4029 imminens

535 4049 702 4105 fronti
731 4067 798 4106 ex
827 4067 962 4108 auro
995 4055 1314 4124 purissimo,
1353 4057 1714 4115 inetiabilibus
1739 4061 1936 4117 litteris
1964 4063 2090 4132 qui-

535 4144 764 4198 busdam
825 4153 1070 4210 exarata,
1123 4159 1177 4202 et
1232 4151 1511 4220 cingulum
1568 4167 1676 4222 quo
1735 4155 2102 4213 circumfusus

2190 3413 2468 3467 διάπλοκοι
2513 3412 2689 3482 σειραὶ
2735 3411 2800 3464 δι’
2840 3411 3080 3481 ἀλλήλων
3128 3409 3392 3475 ἐναλλὰξ,
3445 3407 3584 3462 κατά
3633 3419 3744 3457 τινα

2197 3505 2421 3576 ῥυθμὸν,
2449 3504 2788 3566 δικτυοειδῶς
2815 3502 3210 3571 πεπλεγμέναι,
3243 3501 3336 3553 καὶ
3367 3501 3475 3553 ἀπὸ
3498 3501 3593 3569 τῆς
3625 3497 3748 3566 πόρρ

2197 3614 2306 3667 πης
2343 3595 2464 3650 καθ’
2509 3595 2764 3666 ἑκάτερον
2817 3597 2978 3666 μέρος
3027 3593 3230 3646 ἄνωθεν
3282 3593 3600 3662 καθιέμεναι
3647 3587 3744 3641 τῶν

2197 3689 2474 3742 ἀσπίδων·
2524 3687 2601 3750 ὡς
2643 3687 2740 3748 ἂν,
2767 3682 2953 3756 οἶμαι,
2999 3685 3158 3737 πλέον
3193 3685 3225 3754 ή
3273 3685 3371 3753 τῆς
3403 3683 3601 3752 πλοκῆς
3641 3679 3748 3749 ὥρα

2198 3781 2524 3852 διαλάμποι,
2575 3779 2653 3849 τῷ
2703 3779 3046 3849 ὑποκειμένῳ
3097 3777 3545 3848 λαμπρυνομένη.
3595 3773 3656 3826 Ὀ
3695 3789 3746 3824 τε

2199 3876 2590 3946 χρυσότευκτος
2629 3873 2831 3935 ἐκεῖνος
2873 3872 3093 3941 κόσμος,
3120 3873 3148 3923 ὀ
3187 3869 3278 3922 τοῦ
3317 3871 3542 3942 στήθους
3567 3863 3748 3937 προσε-

2201 3967 2496 4038 ϐλημένος,
2543 3967 2601 4018 ὲν
2641 3959 2683 4032 ᾧ
2719 3963 2857 4016 λίθοι
2887 3965 3030 4026 τινὲς
3062 3963 3124 4015 ἐκ
3158 3963 3430 4032 διαφόρων
3459 3959 3626 4029 γενῶν
3653 3957 3752 4017 τοῖς

2202 4058 2565 4129 πατριάρχαις
2607 4053 2914 4124 ίσάριθμοιο
2957 4051 3192 4123 τετραχῆ
3220 4051 3326 4103 τῶν
3352 4051 3544 4120 στίχων
3571 4049 3754 4100 διακει-

2207 4150 2400 4220 μένων,
2423 4151 2571 4220 τρεῖς
2589 4147 2710 4200 καθ’
2731 4147 2959 4200 ἕκαστον
2983 4142 3121 4216 ἦσαν
3144 4143 3612 4214 ὲγκεκροτημένοι,
3641 4138 3764 4196 τοὺς

535 4235 770 4291 amictus
829 4239 1220 4309 stringebatur,
1279 4249 1332 4295 et
1378 4251 1602 4298 ornatus
1657 4245 1962 4302 occultior:
2039 4263 2078 4301 a4

2205 4243 2526 4312 ἐπωνύμους
2561 4241 2670 4294 τῶν
2709 4238 2887 4309 φυλῶν
2929 4239 3014 4308 ἐφ’
3060 4236 3266 4290 ἑαυτῶν
3315 4233 3612 4294 δεικνύντες
3653 4229 3756 4290 τοῖς

538 4335 731 4383 caetera
761 4331 947 4384 omnia
979 4347 1098 4401 qua:
1132 4347 1228 4401 per
1260 4335 1550 4403 aenigmata
1576 4337 1628 4390 in
1661 4339 1893 4394 amictus
1924 4341 2078 4409 specii

2205 4335 2547 4405 γράμμασιν.
2598 4333 2665 4386 Ὅ
2709 4347 2768 4384 τε
2815 4329 3082 4397 ὑποδύτης
3127 4327 3273 4380 ἔνδον
3314 4326 3421 4380 τῶν
3452 4321 3752 4424 ὲπωμίδῳν,

539 4421 932 4476 sacerdotalem
961 4425 1257 4478 ostendunt
1285 4427 1564 4480 virtutem.
1601 4427 1725 4484 llaec
1760 4445 1882 4484 cum
1915 4433 2073 4486 invisi

2209 4425 2266 4491 ἐξ
2288 4423 2512 4494 αὐχένος
2545 4423 2624 4485 είς
2649 4421 2848 4492 ἄκρους
2879 4421 3041 4482 πόδας
3067 4419 3286 4489 διήκων,
3313 4419 3425 4480 τοῖς
3443 4417 3548 4469 τῶν
3573 4417 3762 4478 κοσύμ·

539 4513 636 4569 bili
661 4514 764 4568 ista
794 4515 1029 4571 amictus
1068 4517 1298 4587 caligine
1356 4534 1387 4572 a
1450 4513 1562 4574 Deo
1619 4521 1738 4589 ipso
1789 4523 2102 4592 perdoctus,

2211 4515 2319 4569 ϐων
2362 4515 2751 4586 ἁπηρτήμασιν
2798 4511 3085 4583 εὐπρεπῶς
3134 4508 3560 4580 κεκοσμημένος.
3607 4502 3676 4554 Τό
3701 4515 3755 4551 τε.

543 4607 820 4676 majorque
848 4607 1032 4676 seipso
1061 4607 1162 4662 hac
1182 4607 1406 4662 effectus
1435 4619 1582 4664 esset
1603 4625 1802 4664 arcana
1829 4613 2078 4668 doctrina

2210 4608 2358 4662 κάτω
2375 4605 2699 4674 κράσπεδον,
2725 4604 2786 4656 οὑ
2805 4603 2965 4673 μόνον
2995 4605 3060 4655 ἐκ
3074 4602 3172 4670 τῆς
3193 4599 3491 4670 ὑφαντικῆς
3511 4593 3756 4651 ποικιλίας

541 4691 827 4747 descendit
858 4709 888 4747 a
919 4703 1102 4772 monte
1128 4694 1196 4748 ad
1225 4711 1376 4759 suos,
1411 4705 1472 4749 ut
1513 4712 1606 4753 eos
1650 4700 1896 4754 eamdem
1941 4701 2108 4757 disci-

544 4781 748 4850 plinam
793 4782 1039 4850 doceret,
1071 4787 1299 4856 etleges
1343 4789 1423 4842 eis
1481 4801 1826 4860 proponeret,
1875 4801 1929 4848 ct
1971 4802 2108 4849 tem-

543 4872 714 4942 plum,
762 4876 1150 4944 sacerdotium,
1185 4889 1242 4935 et
1273 4883 1419 4950 quod
1453 4884 1507 4937 in
1573 4894 1758 4941 monte
1812 4887 1988 4942 fuerat
2032 4891 2108 4944 illi

543 4971 670 5018 ante
701 4977 1064 5023 monstratum
1089 4975 1386 5043 exemplar.
1419 4973 1646 5030 Ferebat
1677 4979 1822 5032 enim
1854 4980 2109 5038 manibus

543 5055 760 5113 tabulas
796 5073 1004 5126 sacras,
1033 5077 1154 5132 qua:
1180 5065 1422 5118 divinum
1450 5067 1730 5123 inventum
1784 5085 1849 5124 ac
1904 5071 2106 5128 donum

543 5155 724 5211 erant,
760 5163 862 5204 nec
899 5150 1140 5207 humano
1170 5153 1375 5208 auxilio
1401 5163 1461 5209 ut
1497 5158 1932 5225 producerentur
1967 5163 2110 5218 indi-

543 5247 814 5308 guerant;
845 5242 939 5297 sed
969 5244 1141 5312 ipsius
1184 5245 1277 5300 Dei
1323 5261 1460 5315 opus
1499 5257 1790 5319 utrumque
1847 5251 1950 5306 fuit
1997 5261 2108 5308 tam

549 5333 796 5396 materia,
830 5349 993 5404 quam
1065 5335 1257 5391 littera:
1315 5339 1370 5392 in
1403 5339 1520 5407 ipsa
1575 5339 1888 5410 impressae:
1923 5359 2109 5400 verum

551 5427 788 5494 populus
836 5427 928 5499 qui
969 5435 1259 5498 antequam
1313 5431 1589 5501 legislator
1643 5433 2112 5508 descenderet,ad

553 5513 912 5570 idololatrian]
943 5517 1236 5582 defecerat,
1265 5519 1367 5573 hoc
1401 5535 1600 5576 munus
1637 5523 1936 5592 impedivit.

2211 4701 2288 4762 εἰς
2324 4698 2518 4761 κάλλος
2553 4697 2754 4768 ὲξησκη
2765 4696 2942 4765 μένον,
2963 4695 3098 4748 ἀλλὰ
3124 4695 3216 4747 καὶ
3243 4693 3332 4746 διὰ
3355 4693 3462 4746 τῶν
3490 4695 3552 4744 ὲκ
3571 4681 3756 4758 χρυσοὺ

2213 4791 2642 4862 ἀπηρτημάτων.
2684 4788 2869 4842 Ταῦτα
2903 4787 2958 4840 δὲ
2999 4783 3098 4857 ἦν,
3133 4785 3386 4856 κώδωνες
3413 4783 3646 4854 χρύσεοι,
3675 4773 3760 4828 καὶ

2215 4881 2448 4952 ροἲσκοι,
2478 4880 2542 4932 ὲκ
2577 4876 2920 4948 παραλλήλου
2947 4875 3006 4928 τὺ
3046 4876 3196 4930 κάτω
3223 4874 3525 4945 κράσπεδον
3553 4865 3759 4932 ἀπειλη-

2215 4973 2392 5042 φότες.
2419 4972 2494 5025 ’Ἡ
2515 4988 2574 5024 τε
2595 4967 2662 5026 αὖ
2685 4971 2783 5040 τῆς
2803 4968 3041 5037 κεφαλῆς
3063 4967 3261 5033 ταινία,
3287 4965 3562 5031 ὑακινθίνη
3592 4959 3757 5011 πᾶσα*

2215 5068 2310 5120 καὶ
2350 5065 2409 5119 τὸ
2453 5063 2882 5136 προμετωπίδιον
2929 5060 3159 5114 πέταλον
3179 5097 3195 5124 ,
3236 5057 3296 5122 ἐξ
3335 5055 3603 5126 ἀκηράτου
3639 5063 3758 5136 χρυέ

2217 5159 2364 5225 σίου,
2407 5135 2632 5229 ἀρρήτῳ
2669 5155 2774 5209 τινὶ
2845 5153 3148 5225 χαρακτῆρι
3199 5147 3618 5220 κεχαραγμένον.
3663 5135 3760 5192 Καὶ

2218 5249 2384 5320 ζώνη,
2419 5250 2452 5319 ή
2477 5249 2537 5301 τὸ
2563 5243 2861 5316 κεχυμένον
2888 5245 2986 5313 τῆς
3015 5241 3305 5332 περιϐολῆς
3333 5233 3755 5332 περιστέλλρυσαζ·

2219 5341 2314 5396 καὶ
2349 5344 2377 5394 ὁ
2405 5340 2512 5392 τῶν
2556 5337 2802 5408 κρυφίων
2844 5337 3046 5404 κόσμος
3067 5349 3082 5364 ·
3135 5331 3228 5385 καὶ
3273 5331 3451 5384 πάντα
3479 5330 3574 5380 ὅσα
3602 5321 3663 5374 δι’
3687 5321 3761 5416 (ξί-

2220 5431 2517 5500 νιγμάτων,
2544 5430 2600 5480 ὲν
2627 5426 2756 5479 εῖδει
2783 5425 3092 5495 περιϐολῆς,
3126 5424 3254 5494 περὶ
3286 5419 3557 5514 ἱερατικῆς
3579 5416 3762 5514 αρε-ξης

2221 5519 2619 5575 ὲκπαιδεύεται,
2637 5517 2787 5569 ’Em—zl.
2811 5515 2868 5568 δὲ
2895 5515 2963 5568 τὰ
2987 5515 3229 5578 τοιαῦτα,
3259 5513 3336 5582 τῷ
3360 5511 3566 5582 ἀοράτῳ
3589 5506 3762 5563 ἐκείνῳ

553 5609 893 5679 περισχεθεὶς
935 5611 1144 5683 γνόφῳ,
1185 5613 1244 5664 ὲν
1275 5615 1338 5684 τῇ
1371 5614 1665 5686 ἀπορρήτῳ
1686 5616 1781 5670 τοῦ
1819 5617 1954 5671 Θεοῦ
1996 5617 2310 5686 διδασκαλίᾳ
2349 5609 2730 5678 ἐξεπαιδεύοη,
2767 5609 2966 5677 μείζων
2988 5603 3178 5660 ἑαυτοῦ
3217 5603 3486 5700 καταστὰς
3510 5601 3574 5667 τῇ
3610 5603 3759 5700 πιροῗ

555 5701 700 5778 θήκῃ
727 5703 834 5759 τῶν
879 5705 1153 5775 μυστικῶν
1188 5705 1549 5776 μαθημάτων
1577 5705 1747 5772 οὕτως
1779 5710 1842 5762 ὲκ
1877 5711 1967 5764 τοῦ
2001 5711 2198 5782 γνόφου
2229 5707 2390 5763 πάλιν
2415 5701 2628 5768 ἀναδὺς,
2657 5701 2791 5771 πρὸς
2815 5701 2877 5754 τὸ
2901 5699 3166 5773 ὁμόφυλον
3189 5697 3420 5760 κάτεισι,
3450 5692 3761 5754 κοινωνήσων
