3988 6464
232 355 319 410 521
1529 347 1616 402 DE
1662 346 1826 403 VITA
1877 346 2156 406 MOYSIS.

3354 347 3465 406 5‘22

230 467 397 528 αὐτοῖς
442 463 550 516 τῶν
584 465 640 516 ἐν
686 466 754 534 τῇ
785 461 1070 534 θεοφανείᾳ
1102 459 1568 531 παραδειχθέντων
1601 462 1749 532 αὐτῷ
1799 461 2122 533 θαυμάτων,
2172 460 2270 515 καὶ
2299 463 2430 526 ’τοὺς
2472 463 2663 533 νόμους
2714 461 3192 532 παραθησόμενος.
3237 463 3333 517 καὶ
3368 463 3462 518 τὸν

229 559 366 621 νειὸν,
430 557 523 610 καὶ
563 554 661 627 τὴν
707 553 1032 626 ἱερωσύνην,
1085 554 1225 607 κατὰ
1282 554 1340 606 τὸ
1392 553 1706 624 πρώειχθέν
1750 554 1899 626 αὐτῷ
1939 556 2030 608 ἐπὶ
2066 555 2158 610 τοῦ
2208 555 2366 625 όρους
2413 555 2742 625 ὑπόδειγμα,
2793 555 2870 626 τῷ
2925 554 3038 624 λαῷ
3087 555 3462 624 καταστήσων.

231 650 417 716 Ἐφερε
455 648 512 699 δὲ
541 647 636 699 καὶ
663 646 761 708 τὰς
790 645 940 716 ἱεράς
968 645 1180 708 πλάκας
1217 644 1303 698 διὰ
1336 646 1548 717 χειρὸς,
1593 646 1650 698 αἶ
1697 645 1838 698 θεῖον
1880 645 2098 717 εὕρημα
2130 647 2224 700 καὶ
2267 646 2435 717 δῶρον
2477 641 2648 716 ἦσαν,
2682 646 2934 716 οὐδεμιᾶς
2975 646 3262 717 συνεργίας
3302 647 3380 707 είς
3399 643 3466 700 τὸ

227 738 463 807 γενέσθαι
501 736 879 807 προδεηθεῖσαι
901 752 916 766 ο
942 733 1057 788 ἀλλ’
1099 735 1257 806 ἔργον
1288 734 1420 787 Θεοῦ
1451 736 1645 806 ἐπίσης
1689 736 1925 808 ἑκάτερα
1956 732 2046 808 ἦν,
2073 737 2107 807 ἦ
2137 754 2195 788 τε
2227 737 2325 805 ὕλη
2351 737 2445 790 καὶ
2472 737 2542 790 τὰ
2581 737 2674 789 ἐπὶ
2709 736 2880 808 ταύτῃ
2917 739 3262 808 χαράγματα.
3321 729 3462 792 ‘m’

227 831 454 884 ἐκώλυσε
495 831 592 898 τὴν
624 831 783 898 χάριν
817 830 844 880 6
875 827 1020 892 λαὸς,
1057 828 1185 897 πρὶν
1218 828 1500 899 ἐπιστῆναι
1529 829 1619 882 τὸν
1651 829 1970 901 νομοθέτην,
1998 831 2076 891 εἰς
2103 828 2540 899 εἰδωλολατρείαν
2577 828 2899 898 ἀφηνιάσας.

297 923 514 993 Ἐπειδὴ
543 922 651 993 γὰρ
686 922 871 992 χρόνος
910 920 987 991 τῷ
1029 919 1195 990 Μωσῇ
1240 937 1321 984 τις
1359 921 1418 973 οὐ
1462 921 1662 992 βραχὺς
1691 921 1793 974 διε-

1967 920 2102 974 Nam
2127 937 2249 976 cum
2280 921 2637 991 quadraginta
2660 921 2850 978 diebus
2881 937 2945 976 ac
2973 921 3225 978 noctibus
3259 922 3462 981 nullius

221 1017 420 1084 γένετο,
451 1016 518 1083 τῇ
566 1014 700 1082 πρὸς
736 1012 866 1064 Θεὸν
905 1009 1088 1080 ὁμιλίᾳ.
1127 1009 1215 1062 διὰ
1246 1011 1344 1080 τῆς
1387 1009 1535 1073 θείας
1587 1009 1798 1080 ἐκείνης

227 1104 610 1176 μυσταγωγίας
655 1101 1118 1171 άπασχολάςοντιο
1169 1102 1262 1154 καὶ¹
1314 1097 1382 1171 ἦν
1426 1102 1484 1155 ἐν
1529 1103 1797 1172 τεσσαρά-

220 1214 376 1249 κοντα
413 1196 649 1265 ἡμέραις
679 1195 771 1247 καὶ
798 1193 1083 1255 τοσαύταις
1109 1192 1226 1258 νυξὶ
1246 1193 1342 1262 τῆς
1369 1193 1539 1245 ἀϊδίου
1571 1192 1784 1262 ἐκείνης

197 1287 364 1354 ’ζωῆς
409 1287 514 1338 ὑπὸ
557 1286 646 1338 τὸν
693 1285 890 1354 γνόφον
927 1283 1196 1354 μετέχων,
1233 1284 1326 1336 καὶ
1358 1285 1528 1355 αὐτῆς
1560 1283 1661 1352 τῆς
1691 1283 1794 1352 φύ-

221 1397 351 1442 σεως
401 1379 507 1444 ἐξω
537 1378 828 1447 γενόμενος
881 1375 979 1446 (οὐ
1036 1377 1144 1446 γὰρ
1199 1375 1466 1446 ἐπεδεήθη
1514 1374 1655 1428 κατὰ
1703 1375 1794 1428 τὸν

219 1470 403 1540 χρόνον
466 1471 670 1522 ἐκεῖνον
713 1468 792 1530 είς
817 1467 877 1520 τὸ
901 1453 1060 1535 σῶμα
1094 1466 1366 1537 τροφῆς)ο
1405 1466 1557 1530 τότε,
1605 1462 1716 1519 οἷόν
1743 1484 1794 1518 τι

222 1560 522 1630 μειράκιον,
561 1561 590 1610 6
637 1557 766 1619 λαὸς
806 1556 912 1608 τῶν
962 1555 1055 1609 τοῦ
1108 1554 1574 1623 παιδαγωγοῦντος
1619 1555 1794 1624 ὄψεων

219 1647 316 1712 ἔξω
354 1646 678 1715 γενόμενος,
723 1646 968 1713 ἀνοήτοις
996 1646 1194 1714 ὁρμαῖς
1235 1646 1311 1706 είς
1359 1643 1597 1712 ἀταξίανξ
1634 1643 1794 1712 ἐκφέ-

219 1753 386 1807 ρεται,
428 1737 523 1788 καὶ
563 1733 764 1798 συστὰς
805 1735 897 1787 ἐπὶ
925 1734 1018 1786 τὸν
1067 1731 1293 1803 Ἀαρὼν,
1325 1733 1568 1803 ἀνάγκην
1598 1735 1793 1801 ἐπάγει

217 1827 285 1896 τῷ
318 1829 484 1897 ἱερεῖ,
525 1829 621 1895 τῆς
651 1825 1090 1895 είδωλολατρείας
1135 1826 1318 1887 αὐτοῖς
1350 1823 1790 1895 καθηγήσασθαι.

219 1920 323 1973 Καὶ
370 1920 659 1986 γεγονότος
708 1917 801 1969 τοῦ
848 1916 1064 1969 εἰδώλου
1115 1918 1178 1968 ἐκ
1221 1914 1442 1985 χρυσίου
1491 1914 1594 1984 τῆς
1660 1914 1792 1984 ὕλης

218 2007 453 2076 (μόσχος
490 2007 546 2059 δέ
599 2006 661 2057 τὸ
709 2003 924 2057 εἴδωλον
949 2000 1074 2075 ἦν),
1106 2004 1153 2055 οί
1188 2004 1285 2072 μὲν
1323 2001 1691 2072 ἐπηγάλλοντο
1716 2003 1791 2073 τῷ

219 2099 519 2168 ἀσεϐήματι
539 2115 553 2128 ⁸
585 2099 613 2150 ό
638 2097 693 2150 δὲ
723 2097 927 2166 Μωσῆς
965 2096 1085 2148 κατ’
1117 2094 1312 2156 αὐτοὺς
1333 2093 1434 2164 ἤδη
1461 2094 1750 2164 γενόμενος
1772 2135 1788 2160 ,

219 2188 488 2259 συντρίϐει
521 2188 619 2249 τὰς
669 2186 878 2248 πλάκας
899 2224 912 2248 ,
944 2184 1030 2252 ﬁt;
1072 2183 1255 2236 θεόθεν
1288 2181 1572 2252 ἐκόμιζεν·
1611 2183 1686 2246 ὡς
1723 2184 1787 2237 ἂν

1899 1013 2148 1083 indigens
2181 1013 2282 1077 rei,
2318 1013 2519 1081 quibus
2556 1013 2658 1065 hoc
2708 1027 2908 1080 corpus
2957 1020 3314 1078 sustentatur,
3365 1013 3464 1066 im-

1897 1103 2118 1156 mortali
2148 1101 2256 1155 vita
2286 1103 2388 1156 sub
2419 1101 2509 1154 illa
2537 1101 2768 1172 caligine
2795 1100 3010 1171 [Moyses
3048 1102 3272 1164 viveret,
3302 1103 3462 1171 quasi

1894 1195 2071 1264 pueri,
2105 1208 2230 1248 cum
2262 1193 2536 1262 paedagogi
2567 1209 2676 1246 non
2724 1177 2943 1255 adsunt,
2976 1192 3056 1246 sic
3102 1194 3334 1262 populus
3367 1195 3464 1249 ad—

1895 1298 2088 1338 versus
2121 1282 2303 1335 Aaron
2327 1282 2656 1345 concitatus,
2681 1282 2896 1352 impulit
2922 1297 3068 1344 eum,
3098 1291 3156 1334 ut
3187 1282 3255 1336 ad
3291 1283 3461 1337 simu-

1897 1373 2106 1426 lacrum
2142 1388 2369 1428 aureum
2404 1373 2739 1431 adorandum
2771 1373 2880 1427 dux
2919 1374 2999 1428 eis
3031 1373 3211 1440 ﬁeret;
3235 1374 3462 1429 simula-

1894 1479 2049 1520 crum
2075 1473 2255 1520 autem
2282 1465 2485 1520 vitulus
2516 1472 2654 1519 erat.
2717 1466 2898 1530 Quare
2958 1464 3198 1520 offensus
3245 1465 3461 1536 Moyses

1895 1554 2142 1623 perrupit
2172 1554 2411 1616 tabulas,
2439 1568 2507 1607 ne
2537 1554 2590 1606 in
2620 1553 2868 1608 homines
2899 1551 3154 1623 indignos
3193 1561 3342 1607 tanta
3372 1569 3461 1610 res

1893 1643 2214 1710 deveniret;
2251 1644 2444 1698 deinde
2493 1643 2696 1699 Levitis
2747 1643 3288 1706 administrantibus,
3355 1643 3460 1697 tri-

1893 1735 2103 1790 bulium
2132 1737 2395 1805 sanguine
2428 1736 2608 1790 scelus
2637 1734 2894 1803 expiavit,
2941 1735 3298 1789 simulacrum
3327 1749 3462 1789 con-

1894 1826 2065 1889 trivit,
2093 1842 2330 1896 cumque
2361 1843 2456 1881 sua
2491 1826 2793 1890 iracundia,
2823 1841 2932 1894 qua
2973 1826 3027 1879 in
3055 1841 3152 1881 eos
3197 1826 3291 1896 qui
3335 1841 3462 1897 pec-

1893 1925 2104 1980 carant,
2143 1927 2442 1983 exarserat,
2475 1917 2642 1971 Deum
2673 1918 2963 1986 propitium
3001 1915 3345 1977 reddidisset.
3383 1918 3460 1971 ita

1894 2018 2084 2058 rursus
2115 2001 2470 2072 quadraginta
2532 2002 2742 2058 dierum
2797 2003 2974 2073 spatio
3023 2003 3238 2060 tabulas
3277 2018 3309 2057 a
3347 2001 3460 2060 Deo

1893 2093 2237 2162 impetravit:
2292 2107 2430 2162 quas
2483 2093 2599 2162 ipse
2657 2091 2874 2161 quidem
2937 2095 3270 2163 composuit,
3318 2093 3461 2150 Deus

1891 2193 2069 2239 autem
2105 2185 2442 2254 perscripsit.
2479 2183 2589 2239 Has
2620 2199 2812 2240 rursus
2838 2185 3034 2254 accipit
3053 2201 3175 2240 cum
3202 2192 3455 2240 naturam

218 2279 305 2332 τοῦ
339 2279 812 2348 πλημμελήματος
845 2277 1000 2343 ἀξίαν
1034 2276 1133 2346 τὴν
1160 2274 1425 2344 τιμωρίαν
1465 2274 1746 2344 ὑπόσχοιεν
1768 2315 1782 2339 ,

1895 2275 1941 2328 in
1977 2284 2127 2330 tanto
2158 2276 2365 2330 dierum
2399 2290 2625 2330 numero
2667 2275 3012 2339 excessisset,
3064 2277 3169 2330 alia
3221 2278 3454 2346 quadam

217 2373 311 2441 τῆς
339 2371 586 2440 θεοδόχου
626 2371 845 2440 χάριτος
874 2368 1294 2438 ἀμοιρήσαντες.
1335 2361 1471 2419 Εἶτα
1501 2365 1578 2436 τῷ
1611 2368 1790 2436 ἐμφυ-

1895 2367 2102 2422 ratione
2153 2369 2420 2436 nobisque
2475 2369 2692 2422 insolita
2753 2369 2917 2422 vitam
2968 2370 3283 2432 traducens,
3326 2369 3458 2424 dum

220 2461 312 2532 λίῳ
345 2461 540 2531 αἵματι
569 2460 658 2513 διὰ
688 2460 798 2511 τῶν
828 2456 1066 2511 Λευῖτῶν
1096 2455 1397 2527 καθαρίσας
1425 2456 1487 2508 τὸ
1516 2456 1668 2524 ἄγος,
1700 2457 1793 2510 καὶ

1895 2457 2024 2511 nihil
2052 2473 2260 2524 eorum,
2281 2474 2402 2528 quae
2430 2467 2681 2512 naturam
2704 2458 3046 2516 deﬁcientem
3081 2461 3206 2516 cibo
3243 2469 3462 2516 susten-

220 2553 291 2622 τῷ
332 2553 448 2623 ἰδίῳ
492 2550 672 2621 θυμῷ,
707 2548 783 2619 τῷ
823 2547 964 2602 κατὰ
989 2546 1097 2600 τῶν
1133 2545 1699 2617 πεπλημμεληκότων,
1731 2547 1793 2600 τὸ

1895 2557 2028 2613 tant,
2060 2551 2115 2603 in
2143 2565 2244 2604 suo
2276 2565 2505 2622 corpore
2527 2550 2767 2606 admisit.

217 2646 359 2698 Θείον
383 2643 744 2711 ίλεωσάμενος
765 2680 781 2703 ,
820 2640 939 2693 τότε
973 2638 1187 2691 εἴδωλον
1219 2636 1548 2707 ἐξαφανίσας
1567 2653 1579 2667 °
1623 2635 1765 2692 οὕτω
1797 2638 1957 2693 πάλιν
1994 2642 2051 2693 ἐν
2084 2643 2490 2713 τεσσαράκοντα
2514 2643 2736 2713 ἡμερῶν
2763 2640 3087 2712 προσεδρείᾳ
3112 2641 3212 2705 τάς
3246 2641 3459 2706 πλάκας

222 2733 518 2802 κομίζεται,
547 2727 622 2787 ὧν
663 2735 696 2804 ή
732 2732 917 2804 Γραφίι
957 2732 1076 2803 μὲν,
1111 2731 1176 2783 ἐκ
1205 2730 1352 2793 θείας
1381 2729 1660 2799 δυνάμεως
1700 2727 1800 2801 ἦν,
1844 2733 1878 2802 ἡ
1923 2732 1980 2786 δὲ
2012 2732 2109 2802 ὕλη
2154 2733 2243 2786 διὰ
2275 2734 2376 2802 τῆς
2424 2733 2657 2796 Μωσέως
2696 2730 2972 2803 ἐξησκήθη
3011 2731 3211 2802 χειρός.
3247 2730 3460 2796 Ταύτας

225 2830 498 2898 κομίζεται
527 2827 720 2887 πάλιν,
749 2824 916 2888 ἐκϐὰς
957 2824 1054 2894 τὴν
1093 2822 1252 2890 φύσιν
1301 2823 1358 2875 ἐν
1397 2823 1473 2893 τῷ
1521 2822 1759 2893 τοσούτῳ
1790 2825 1897 2876 τῶν
1925 2825 2144 2896 ἡμερῶν
2180 2825 2428 2895 ἀριθμῷ,
2465 2825 2619 2878 ἄλλον
2663 2824 2784 2877 τινὰ
2825 2823 3054 2892 τρόπον,
3085 2822 3179 2876 καὶ
3207 2824 3268 2876 οὐ
3319 2822 3461 2877 κατὰ

224 2923 306 2974 τὸν
348 2919 736 2989 νενομισμένον
783 2919 943 2987 ἡμῖν,
980 2916 1266 2986 βιοτεύωνο
1323 2915 1475 2968 οὐδὲν
1501 2916 1610 2968 τῶν
1640 2915 2104 2988 ὑποστηριζόντων
2145 2918 2232 2972 διὰ
2266 2919 2366 2988 τῆς
2402 2920 2606 2988 τροφῆς
2641 2917 2698 2970 τὸ
2731 2917 2830 2986 τῆς
2856 2917 3068 2985 φύσεως
3099 2917 3251 2987 ήμῶν
3283 2916 3461 2980 ἐνδεὲς

223 3014 293 3083 τῷ
329 3013 441 3082 ἰδίῳ
481 3010 692 3082 σώματι
740 3011 1188 3081 προσδεξάμενος.

291 3106 393 3156 Καὶ
419 3102 595 3165 οὕτως
635 3102 817 3164 αὐτοῖς
852 3103 948 3171 τήν
984 3119 1042 3153 τε
1081 3103 1285 3173 σκηνὴν
1317 3103 1574 3173 ἐπήξατο,
1607 3103 1704 3156 καὶ
1731 3105 1798 3157 τὰ

229 3195 419 3264 νόμιμα
449 3193 829 3263 παρατίθεται,
867 3194 963 3263 τὴν
1001 3195 1328 3265 ἱερωσύνην,
1357 3195 1497 3248 κατά
1520 3197 1619 3267 τὴν
1647 3213 1800 3265 γενο⁸

235 3287 383 3354 μένην
407 3285 556 3353 αὐτῷ
580 3283 764 3336 θεόθεν
786 3283 1127 3336 διδασκαλίαν
1162 3287 1661 3356 καταστησάμενος.
1687 3287 1798 3340 Καὶ

230 3378 410 3446 ἐπειδὴ
428 3376 632 3436 πάντα,
666 3375 807 3427 κατά
838 3375 937 3444 τὴν
959 3375 1108 3428 θείαν
1133 3376 1424 3446 ὑφήγησιν,
1455 3375 1542 3428 διὰ
1562 3377 1660 3446 τῆς
1685 3377 1798 3430 ὑλι-

232 3470 318 3538 κῆς
361 3468 725 3539 δημιουργίας
776 3468 1246 3520 κατεσκευάσατοο
1289 3469 1387 3538 τὴν
1436 3468 1639 3539 σκηνὴν
1654 3508 1670 3532 ,
1723 3468 1796 3521 τὰ

231 3561 558 3630 προπύλαια,
590 3559 657 3612 τὰ
691 3557 838 3620 ἐντὸς
885 3557 1080 3618 πάντα,
1114 3557 1181 3609 τὰ
1219 3557 1571 3628 θυμιατήρια,
1606 3557 1793 3612 θυσια-

233 3652 466 3719 στήριον,
512 3648 767 3717 λυχνίαν,
813 3647 1312 3718 παραπετάσματα.
1346 3648 1406 3700 τὸ
1443 3648 1551 3701 τῶν
1583 3647 1792 3704 ἀδύτων

231 3741 365 3799 ἐντὸς
401 3740 733 3809 ἱλαστήριον,
770 3738 860 3789 τὸν
886 3737 984 3806 τῆς
1017 3737 1315 3808 ἱερωσύνης
1348 3737 1570 3807 κόσμον,
1595 3736 1655 3788 τὸ
1687 3736 1791 3808 μῦ-

233 3849 342 3902 ρον,
384 3831 486 3893 τὰς
520 3830 807 3899 διαφόρους
863 3830 1197 3899 ἱερουργίας,
1255 3829 1322 3882 τὰ
1368 3829 1671 3897 καθάρσια,
1725 3828 1792 3882 τὰ

1972 3104 2062 3159 Sic
2093 3106 2256 3176 igitur
2283 3107 2390 3160 illis
2425 3104 2835 3160 tabernaculum
2881 3102 3188 3168 mdiﬁcavit,
3218 3113 3274 3158 et
3322 3103 3459 3176 legis

1895 3206 2159 3266 praecepta
2191 3197 2434 3260 tradidit,
2470 3197 2768 3250 constituto
2801 3209 2899 3264 pro
2941 3194 3204 3262 inspirata
3237 3194 3341 3250 sibi
3375 3195 3462 3250 di-

1895 3290 2098 3343 vinitus
2143 3287 2394 3342 doctrina
2452 3279 2787 3345 sacerdotio;
2831 3293 2886 3340 et
2941 3295 3225 3354 postquam
3273 3286 3460 3341 omnia

1893 3388 2054 3450 prout
2092 3395 2122 3433 a
2160 3379 2268 3433 Deo
2290 3378 2527 3432 monitus
2555 3385 2692 3439 erat,
2737 3375 3001 3430 materiali
3033 3373 3250 3443 opiﬁcio
3283 3375 3460 3446 perfe-

1896 3472 1990 3534 cit,
2023 3471 2452 3532 tabernaculum,
2479 3467 2741 3524 vestibula
2771 3475 2967 3521 cuncta
3011 3466 3290 3529 interiora,
3327 3467 3458 3520 thu-

1895 3563 2090 3626 ribula,
2139 3563 2334 3625 altare,
2389 3560 2798 3623 candelabrum,
2833 3559 2986 3620 vela,
3023 3557 3458 3627 propitiatorium

1895 3654 1950 3708 in
1985 3654 2183 3724 adytis,
2215 3651 2502 3708 sacerdotii
2533 3657 2804 3713 ornatum,
2833 3650 3040 3702 varium
3065 3649 3457 3702 sacriﬁciorum

1893 3745 2135 3810 modum,
2162 3744 2327 3798 alium
2361 3743 2417 3796 in
2447 3741 2847 3812 purgationem,
2903 3741 3066 3794 alium
3122 3739 3176 3792 in
3233 3737 3459 3809 agendis

1891 3835 2104 3903 gratiis,
2133 3834 2298 3886 alium
2329 3831 2393 3885 ad
2418 3831 2710 3886 avertenda
2736 3831 2876 3883 mala
2905 3828 3262 3891 imminentia,
3290 3829 3457 3882 alium

233 3925 547 3993 χαριστήρια
567 3963 580 3983 ,
625 3923 694 3974 τὰ
727 3920 834 3973 τῶν
877 3921 1064 3974 κακῶν
1106 3921 1466 3992 ἀποτρόπαια,
1499 3923 1567 3974 τὰ
1592 3923 1649 3975 ὲν
1683 3924 1792 3984 τοῖς

1895 3922 1960 3976 ad
1994 3922 2260 3990 expianda
2288 3929 2546 3990 peccata;
2582 3921 2694 3974 Ιωο
2727 3919 2909 3974 omnia
2939 3929 3222 3989 postquam
3255 3919 3458 3987 Optime

237 4014 687 4084 πλημμεληθεῖσιν
737 4013 1054 4082 ἱλεωτήρια,
1095 4013 1272 4066 πάντα
1307 4013 1442 4068 κατὰ
1487 4013 1576 4066 τὸν
1608 4013 1795 4066 δέοντα

234 4109 446 4177 τρόπον,
487 4110 546 4158 ἐν
589 4107 769 4168 αὐτοῖς
799 4104 1083 4170 διατάξας*
1128 4105 1376 4174 ἐκίνησεν
1428 4105 1484 4155 ἐν
1537 4107 1649 4166 τοῖς
1677 4107 1797 4158 ἐπι-

234 4198 447 4266 τηδείοις
473 4198 566 4249 τὸν
601 4197 790 4264 φθόνον
821 4196 940 4250 καθ’
963 4194 1177 4257 ἐαυτοῦ,
1213 4195 1274 4246 τὸ
1307 4195 1564 4262 συγγενὲς
1597 4197 1663 4266 τῇ
1694 4194 1795 4263 φύ-

239 4307 306 4342 σει
336 4290 442 4341 τῶν
481 4287 787 4358 ἀνθρώπων
817 4287 1158 4358 ἀρρώστημα
1179 4299 1191 4312 ·
1225 4286 1299 4348 ὡς
1328 4287 1422 4338 καὶ
1453 4285 1544 4337 τὸν
1587 4285 1795 4355 Ἀαρὼν

235 4386 338 4445 ταῖς
364 4385 549 4451 τιμαῖς
581 4381 678 4450 τῆς
714 4379 1012 4450 ἱερωσύνης
1041 4378 1368 4448 τιμώμενον,
1402 4378 1497 4430 καὶ
1520 4378 1614 4447 τὴν
1644 4378 1796 4430 ἀδελ-

237 4477 329 4544 φὴν
353 4475 517 4527 αὑτοῦ
564 4473 790 4544 Μαριὰμ
810 4513 823 4535 ,
858 4473 1156 4542 ζηλοτυπίᾳ
1191 4472 1297 4524 τινὶ
1327 4471 1796 4541 γυναικωδεστέρᾳ

238 4568 356 4637 πρὸς
383 4567 479 4636 τὴν
513 4567 813 4636 γενομένην
845 4564 992 4635 αὐτῷ
1037 4565 1218 4617 θεόθεν
1255 4564 1419 4635 τιμὴν
1450 4563 1794 4634 ὑποκινηθεῖ-

236 4673 352 4720 σαν,
398 4655 731 4723 φθέγξασθαί
773 4673 824 4706 τι
873 4653 1132 4715 τοιοῦτον,
1166 4653 1252 4721 ἐφ’
1289 4647 1333 4721 ᾧ
1361 4651 1700 4724 παρεκινήθη
1733 4651 1796 4704 τὸ

233 4751 369 4799 Ηεῐον
409 4751 487 4810 είς
533 4748 631 4816 τὴν
683 4746 774 4798 τοῦ
812 4745 1276 4818 πλημμελήματος
1324 4743 1565 4797 κόλασιν.
1627 4741 1795 4795 Ἔνθα

236 4839 290 4906 ἰὴ
316 4841 404 4891 καὶ
441 4839 602 4892 πλέον
628 4855 680 4890 τι
713 4835 1010 4904 θαυμάζειν
1038 4837 1185 4902 ἄξιον
1214 4836 1312 4902 τῆς
1334 4834 1683 4898 ἀνεξικακίας
1704 4835 1794 4887 τὸν

237 4931 442 4991 Μωσέα,
477 4931 560 4982 ὃτι
599 4928 690 4981 τοῦ
725 4928 859 4980 Θεοῦ
888 4929 986 4997 τὴν
1010 4928 1200 4995 ἄλογον
1233 4926 1526 4996 βασκανίαν
1553 4927 1646 4978 τοῦ
1695 4945 1792 4993 γυ·-

238 5023 371 5073 ναίον
418 5021 767 5084 κολάζοντος,
801 5019 1150 5090 ἰσχυροτέραν
1183 5018 1279 5090 τὴν
1315 5017 1473 5088 φύσιν
1500 5018 1597 5087 τῆς
1629 5019 1796 5088 ὀργῆς

237 5112 620 5180 ποιησάμενος,
658 5109 747 5161 τὸν
785 5109 914 5160 Θεὸν
957 5109 1096 5178 ὑπὲρ
1127 5109 1225 5178 τῆς
1252 5107 1484 5176 ἀδελφῆς
1515 5106 1790 5160 ἱλεώσατο.

238 5202 275 5251 Τ
278 5202 332 5252 οὗ
362 5203 414 5253 δὲ
444 5201 680 5270 πλήθους
705 5200 862 5253 πάλιν
896 5201 974 5262 είς
1001 5198 1224 5262 ἀταξίαν
1253 5198 1551 5269 τραπέντος
1575 5199 1592 5266 (
1613 5200 1796 5268 ἡγεῖτο

1898 4013 2122 4083 perfecit
2168 4023 2329 4084 atque
2383 4011 2686 4074 constituit,
2721 4025 2942 4064 suorum
2981 4024 3268 4079 perpessus
3317 4008 3459 4064 invi-

1895 4103 2037 4156 diam
2068 4110 2180 4164 est,
2230 4087 2374 4170 quod
2415 4101 2602 4156 vitium
2661 4100 2912 4154 humana:
2966 4110 3173 4154 natura:
3210 4101 3456 4155 innatum

1894 4206 1997 4257 est,
2043 4195 2182 4248 sicut
2214 4203 2267 4248 et
2298 4196 2499 4258 Aaron,
2543 4193 2635 4262 qui
2675 4193 2993 4248 sacerdotali
3039 4192 3214 4246 fuerat
3250 4193 3457 4248 honore

1895 4283 2202 4351 decoratus,
2220 4292 2274 4339 et
2324 4299 2481 4338 soror
2531 4283 2651 4353 ejus
2697 4282 2860 4337 Maria
2906 4284 3170 4354 zelotypia
3222 4283 3454 4353 quadam

1897 4375 2450 4434 muliebri,commota
2478 4375 2548 4429 ob
2587 4375 2822 4429 delatum
2856 4375 2930 4426 illi
2990 4375 3248 4429 honorem
3283 4390 3314 4428 a
3345 4373 3457 4430 Deo

1896 4465 2170 4536 quidpiam
2203 4467 2469 4536 prolocuti
2502 4467 2723 4529 fuerint,
2751 4481 2860 4536 quo
2891 4466 3073 4521 divina
3103 4467 3181 4521 ira
3213 4482 3456 4522 commo-

1894 4568 1952 4611 ta
1981 4545 2218 4614 velocem
2248 4559 2432 4613 intulit
2464 4559 2796 4626 punitionem
2829 4578 2842 4612 :
2881 4573 2986 4628 qua
3017 4559 3072 4612 in
3137 4573 3196 4612 re
3233 4557 3455 4611 mirabi-

1897 4651 1964 4706 lis
1997 4650 2302 4712 clementia,
2351 4651 2701 4719 inauditaque
2727 4649 3086 4704 mansuetudo
3143 4649 3312 4719 Moysi
3343 4650 3454 4702 visa

1895 4753 2000 4796 est.
2035 4740 2153 4795 Non
2190 4742 2334 4795 enim
2357 4743 2530 4796 solum
2571 4744 2741 4796 iratus
2774 4741 3031 4794 invidenti
3063 4757 3171 4796 non
3207 4741 3324 4805 fuit,
3362 4741 3458 4795 sed

1900 4833 2064 4886 Deum
2103 4835 2266 4887 etiam
2298 4833 2640 4888 orationibus
2669 4833 2845 4888 sorori
2876 4834 3168 4903 propitium
3203 4832 3456 4888 reddidit.

1897 4924 2030 4977 (lum
2058 4940 2185 4977 vero
2213 4925 2506 4979 multitudo
2536 4926 2812 4996 voluptate
2863 4929 3000 4979 victa
3055 4940 3246 4979 carnes
3298 4925 3460 4980 edere

1897 5017 2253 5078 desideraret,
2286 5019 2585 5088 meliusque
2616 5035 2674 5073 se
2718 5019 2774 5071 in
2820 5017 3055 5088 [Egypto
3086 5017 3312 5079 vixisse,
3366 5015 3457 5069 ubi

1899 5111 2154 5164 carnibus
2184 5111 2514 5176 abundabat,
2551 5126 2712 5180 quam
2743 5111 2948 5165 cmlesti
2977 5110 3098 5164 cibo
3141 5109 3196 5162 in
3244 5107 3460 5162 deserto

1900 5202 2238 5270 praedicaret,
2275 5211 2402 5256 tunc
2432 5202 2541 5257 Deo
2571 5201 2784 5272 Moyses
2808 5216 2918 5255 rem
2959 5199 3271 5263 commisit;
3319 5196 3460 5251 Deus

239 5292 285 5343 δὲ
333 5294 427 5362 τῆς
458 5291 838 5361 πλημμελείας
883 5293 913 5361 ἡ
952 5289 1060 5342 τῶν
1109 5289 1249 5343 κα.τά
1297 5288 1539 5358 γαστέρα
1593 5287 1793 5358 ἡδονῶν

1902 5307 2028 5345 vero
2055 5292 2189 5344 mira
2218 5291 2566 5346 multitudine
2604 5306 2730 5346 aves
2760 5306 2856 5359 per
2898 5291 3095 5345 stativa
3150 5287 3458 5342 Judaeorum

238 5387 480 5453 ἀμετρία,
520 5379 601 5447 οἷς
645 5385 744 5436 οὐκ
789 5384 949 5453 ἢρκει
971 5381 1032 5435 τὸ
1058 5379 1156 5452 ζῇν
1184 5381 1433 5448 ὑγιεινῶς
1461 5398 1519 5432 τε
1544 5381 1634 5433 καὶ
1662 5380 1792 5432 ἁλύ-

239 5493 340 5539 πως
367 5481 426 5529 ἐκ
456 5477 555 5547 τῆς
588 5475 794 5530 ἄνωθεν
828 5474 1186 5544 ἐπιρρεούσης
1207 5473 1410 5543 τροφῆς
1430 5487 1443 5500 '
1478 5471 1590 5525 ἀλλ’
1624 5473 1656 5542 ἡ
1686 5472 1793 5525 τῶν

240 5568 440 5638 σαρκῶν
472 5567 756 5636 ἐπιθυμία,
781 5567 873 5617 καὶ
905 5568 934 5617 6
955 5565 1053 5634 τῆς
1077 5563 1410 5634 κρεωϐορίας
1437 5563 1594 5624 πόθος
1647 5580 1793 5635 προ-

245 5661 515 5730 τιμοτέραν
552 5658 726 5710 ἐποίει
756 5657 861 5710 τῶν
908 5655 1191 5725 παρόντων
1230 5655 1414 5712 αὐτοῖς
1446 5653 1664 5720 ἀγαθῶν
1694 5654 1790 5723 τὴν

239 5753 356 5804 παρ’
399 5751 713 5812 Αἰγυπτίοις
753 5749 1049 5814 δουλείαν),
1082 5750 1109 5799 6
1140 5747 1236 5816 μὲν
1266 5744 1534 5799 κοινοῦται
1563 5744 1638 5815 τῷ
1672 5745 1790 5814 Θεῷ

1896 5383 2353 5438 circmnvoiantes
2380 5386 2640 5454 gregatim
2676 5383 2757 5439 sic
2790 5383 3035 5446 immisit,
3069 5389 3128 5436 ut
3169 5379 3458 5448 aucupium

1896 5482 2038 5528 esset
2073 5473 2409 5528 facillimum.
2437 5474 2676 5540 Quarum
2713 5473 2958 5527 carnium
2991 5471 3214 5526 nimium
3248 5469 3458 5538 repleti,

1897 5565 1950 5617 in
1987 5567 2206 5621 morbos
2241 5566 2583 5631 deciderunt,
2647 5565 2954 5634 mortuique
2988 5579 3095 5617 non
3131 5561 3288 5631 pauci
3339 5559 3459 5613 fue-

1895 5665 2024 5709 runt
2049 5676 2061 5711 :
2099 5674 2218 5726 qua:
2254 5674 2342 5712 res
2374 5657 2608 5712 residms
2636 5656 2883 5724 exemplo
2909 5654 2972 5707 ad
2998 5651 3315 5706 modestiam
3336 5651 3460 5705 fuit.

1897 5747 2285 5818 Exploratores
2316 5747 2510 5804 deinde
2550 5747 2616 5801 ad
2653 5744 3031 5816 promissionis
3087 5753 3282 5799 terram
3337 5742 3462 5800 mit-
