3996 6482
587 352 694 408 :23
1823 351 1880 407 s.
1918 352 2249 412 GBEGORII
2288 356 2578 414 Msseul
3673 381 3755 441 τα

585 472 797 530 tuntur,
821 462 916 534 qui
943 462 1144 519 reversi
1204 476 1313 518 non
1374 461 1517 518 idem
1569 459 1780 534 omnes,
1845 469 1940 524 sed
1995 472 2122 525 mult

2222 475 2381 545 ,περὶ¹
2428 473 2523 526 τοῦ
2575 474 3025 546 κατασκήψαντος
3074 478 3133 530 ἐν
3182 479 3365 545 αὐτοῖς
3412 483 3630 552 πάθουςο
3659 496 3683 550 ὁ
3713 500 3754 554 δι

584 571 724 625 pene
780 553 1169 626 impossibilem
1218 569 1342 611 esse
1387 556 1674 612 transitum
1730 561 2140 616 nuntiaverunt.

586 645 740 702 Unde
773 662 962 702 rursus
989 645 1276 700 multitudo
1297 647 1559 704 adversus
1600 648 1819 720 Moysen
1867 661 2141 706 commota

583 739 705 805 fuit,
733 739 998 808 multique
1019 738 1380 806 dcsperarunt
1405 755 1463 794 se
1485 755 1640 808 posse
1663 741 1792 796 illuc
1818 744 2139 812 pervenire:

579 830 672 899 qui
724 843 911 883 omnes
961 828 1147 882 divino
1180 829 1390 896 judicio
1448 829 1812 897 condemnati,
1867 847 1930 886 ea
1981 848 2140 902 paena

580 920 827 974 mulctati
874 926 1021 982 sunt,
1073 927 1133 972 ut
1167 919 1494 988 promissam
1552 921 1655 976 sibi
1707 925 1981 991 regionem
2033 941 2140 979 non

577 1013 844 1068 viderent.
869 1009 1286 1066 Proﬁcisceutes
1323 1022 1503 1065 autem
1544 1029 1640 1082 per
1686 1014 1985 1078 desertum,
2016 1033 2140 1071 cum

576 1118 769 1159 rursus
798 1118 953 1173 aquae
985 1103 1210 1180 penuria
1240 1113 1640 1172 premerentur,
1675 1123 1778 1161 nec
1825 1109 1991 1162 ullam
2042 1112 2142 1164 mi-

576 1196 887 1250 raculorum
925 1193 1018 1249 Dei
1069 1201 1316 1248 tenerent
1351 1197 1691 1261 memoriam,
1729 1208 1840 1252 tum
1879 1200 2140 1257 adversus

575 1286 798 1358 Moysen
833 1285 997 1355 impie
1024 1285 1477 1340 conclamabant:
1533 1287 1614 1342 sic
1643 1297 1702 1342 ut
1741 1289 1952 1360 Moyses
2005 1307 2141 1361 quo-

572 1387 681 1446 que
709 1377 858 1432 viSus
893 1374 1056 1428 fuerit
1090 1389 1196 1428 una
1223 1388 1347 1427 cum
1385 1375 1566 1443 populi
1614 1375 1992 1433 incredulitate
2035 1381 2138 1433 im-

576 1469 806 1538 pegisse.
847 1465 1225 1521 Verumtamen
1255 1479 1320 1518 ex
1353 1474 1631 1520 acrotomo
1675 1467 1769 1521 illo
1812 1467 1988 1537 lapide
2015 1485 2138 1523 rur-

571 1556 878 1614 sustentes
933 1570 1196 1625 aquarum
1263 1554 1400 1610 mire
1457 1555 1731 1624 produxit.
1773 1555 1908 1610 Cum
1957 1567 2136 1613 autem

572 1661 769 1703 rursus
801 1644 911 1700 illis
934 1645 1183 1699 ciborum
1210 1643 1460 1714 voluptas
1505 1645 1641 1714 gulae
1667 1645 2018 1715 cupiditatem
2043 1662 2138 1702 ex-

567 1738 818 1800 citasset,
869 1744 927 1790 et
981 1735 1144 1790 nullis
1174 1733 1340 1790 rebus
1391 1735 1459 1790 ad
1511 1735 1679 1790 vitam
1721 1737 2134 1792 sustentandam

2245 562 2518 626 παιδεύει,
2549 563 2611 616 τὸ
2638 564 2712 635 μὴ
2740 565 2849 619 δεῖν
2873 567 3044 631 οὕτως
3075 567 3238 639 ἔχειν,
3269 571 3357 624 διά
3386 573 3477 626 τοῦ
3503 575 3660 636 δοῦναι
3683 605 3754 641 το.

2243 656 2363 721 χείν
2393 647 2469 708 ὧν
2493 655 2728 724 ἐφίεντο,
2756 656 2957 729 ὀρνέων
2983 676 3034 712 τι
3047 660 3286 730 ίπλῆθος,
3318 663 3589 733 πρόσγειον
3614 689 3757 732 ποίου.

2245 743 2418 811 μένων
2462 744 2559 814 τὴν
2597 745 2816 816 πτῆσιν,
2853 748 3003 816 ἐφεὶς
3045 749 3122 820 τῷ
3166 754 3505 824 στρατοπέδῳ
3538 765 3758 833 νεφηδὸν,

2241 834 2336 926 καὶ
2364 835 2485 888 κατ’
2532 835 2732 904 ἀγέλας
2768 838 3133 906 ἐφίπτασθαι,
3171 843 3258 911 ἐφ’
3301 835 3376 896 ὧν
3401 846 3434 915 ἡ
3459 847 3655 904 εὐκολία
3685 858 3758 926 τῆς

2239 925 2448 996 ἄγρας,
2484 928 2564 990 είς
2596 928 2755 999 κόρον
2793 931 2891 1000 τὴν
2926 932 3102 1002 κρεῶν
3134 934 3429 1005 ἐπιθυμίαν
3475 925 3757 1014 προήγαγεν.

2251 1016 2312 1068 'H
2349 1016 2406 1069 δὲ
2438 1017 2670 1089 ἀμετρία
2701 1020 2799 1090 τῆς
2828 1019 3082 1090 βρώσεως
3115 1023 3327 1094 ἀθρόως
3359 1027 3537 1092 αὐτοῖς
3562 1033 3649 1097 τὰς
3675 1038 3759 1090 τῶν

2241 1106 2503 1194 σωμάτων
2558 1107 2782 1177 κράσεις
2833 1111 2913 1172 είς
2994 1111 3350 1182 φθοροποιοὺς
3413 1121 3608 1186 χυμοὺς
3658 1143 3758 1194 μετ-

2238 1193 2524 1260 εσκεύασε,
2557 1196 2704 1266 καὶή
2740 1196 3022 1270 πλησμονὴ
3051 1202 3231 1268 αὐτοῖς
3256 1205 3334 1267 είς
3360 1205 3510 1258 νόσον
3531 1212 3614 1262 καὶ
3633 1193 3761 1269 θάνα-

2237 1301 2328 1336 τον
2358 1283 2543 1354 ἔληξεν
2563 1325 2578 1347 ,
2610 1279 2686 1338 ὧν
2713 1286 2774 1339 τὸ
2812 1288 3114 1361 ὑπόδειγμα
3144 1293 3325 1357 αὐτοῖς
3350 1312 3410 1348 τε
3441 1297 3666 1364 ἐκείνοις,
3688 1303 3761 1359 καί

2237 1377 2346 1437 τοῖς
2373 1375 2509 1446 πρὸς
2547 1375 2794 1466 ἐκείνους
2820 1378 3020 1448 ὁρῶσιν
3037 1419 3052 1444 ,
3087 1382 3265 1437 ίκανὺν
3294 1387 3431 1456 πρὸς
3456 1396 3762 1466 σωφροσύνην

2236 1465 2469 1532 ἐγένετο.
2503 1462 2638 1520 Εἶτα
2670 1471 3004 1526 κατάσκοποι
3036 1476 3166 1544 παρ’
3188 1477 3352 1531 αὐτοῦ
3378 1479 3665 1550 πέμπονται

2235 1555 2416 1627 χώρας
2444 1557 2686 1638 ἐκείνης,
2729 1561 2763 1631 ή
2811 1563 2952 1616 κατά
2993 1564 3143 1618 θείαν
3171 1568 3354 1632 αὐτοῖς
3381 1572 3690 1640 ἐπαγγελίαν
3712 1555 3758 1631 ἐν

2235 1644 2440 1699 ἐλπίσιν
2494 1643 2563 1719 ἦν
2619 1650 2720 1720 τῆς
2763 1652 3047 1724 οἰκήσεως.
3105 1654 3320 1712 Τούτων
3362 1661 3419 1714 δέ
3466 1664 3538 1735 μή
3583 1669 3763 1723 πάντων

2235 1736 2440 1830 τάληθῆ
2489 1741 2991 1810 καταγγειλάντων,
3039 1747 3174 1802 ἀλλά
3216 1768 3377 1805 τινων
3425 1755 3492 1808 τὰ
3517 1756 3672 1830 ψευδῆ
3693 1764 3766 1815 καὶ

571 1827 898 1883 necessariis
924 1825 1190 1889 destituti,
1237 1825 1587 1897 Egyptiacas
1635 1827 1826 1897 epulas
1873 1828 2122 1898 expetiis-

2239 1828 2556 1925 exulipwn'd—
2594 1835 2981 1904 μηνυσάντων,
3041 1841 3203 1896 πάλιν
3261 1845 3290 1898 6
3333 1846 3462 1910 λαὸς
3513 1810 3576 1901 δι’

567 1926 713 1982 sent,
743 1933 892 1973 more
908 1917 1168 1988 iuvenum
1203 1917 1509 1986 petulanter
1533 1933 1594 1973 se
1625 1919 1928 1988 serentium
1955 1917 2133 1990 ﬂagel-

2236 1921 2469 2010 ἐποιεῖτο
2510 1923 2601 1977 τὸν
2643 1925 2867 1981 Μωσέα.
2919 1928 2975 1984 '0
3001 1931 3058 1984 δέ
3087 1932 3218 1997 Θεὸς
3242 1937 3368 2001 τοὺς
3400 1921 3767 2010 ἀπελπίσαντος

569 2011 638 2065 lis
682 2009 1036 2080 castigantur.
1085 2005 1450 2074 Quamobrem
1512 2018 1791 2078 serpentes
1839 2013 2122 2068 venenosis

2233 2008 2333 2105 τήν
2355 2010 2528 2105 θείαν-
2550 2015 2885 2085 συμμαχίαν,
2911 2019 2973 2073 τὸ
3004 2023 3077 2094 μή
3103 2024 3231 2078 ίδεῖν
3254 2027 3352 2098 τὴν
3385 2005 3766 2105 ἐπηγγελμένην

568 2098 843 2154 morsibus
871 2097 1136 2152 divinitus
1164 2097 1246 2151 eis
1275 2097 1508 2152 immissi
1531 2116 1546 2153 :
1569 2113 1803 2168 cumque
1822 2099 2004 2167 plures
2027 2100 2122 2156 hoc

2233 2102 2418 2166 αὐτοῖς
2461 2103 2674 2174 χώραν,
2712 2109 3082 2176 καταδικάζει.
3129 2097 3432 2187 Προϊόντων
3480 2097 3551 2174 δέ
3581 2097 3663 2177 διὰ
3689 2097 3768 2196 της

567 2188 730 2244 modo
751 2188 808 2242 in
832 2187 949 2243 dies
971 2185 1428 2257 perirent-,divino
1454 2186 1617 2240 nixus
1634 2186 1882 2253 consilio,
1900 2186 2122 2259 Moyses1

2236 2191 2466 2289 ἐρήμου,
2490 2193 2649 2289 πάλιν
2677 2197 2859 2289 αὐτοῖς
2882 2185 3221 2270 ἐπιλιπόντος
3247 2209 3340 2261 τοῦ
3373 2209 3587 2277 ὓδατος.
3624 2218 3704 2268 καὶ

565 2292 644 2334 ωε
673 2277 730 2332 in
767 2279 1038 2349 serpentis
1062 2277 1308 2333 confudit
1343 2278 1594 2349 ﬁguram,
1628 2292 1790 2348 quam
1825 2279 1879 2332 in
1924 2281 2122 2335 tumulo

2240 2283 2425 2353 μνήμη
2468 2283 2601 2354 τῆςῖ
2621 2287 2716 2340 τοῦ
2762 2288 2897 2344 Θεοῦ
2943 2292 3221 2365 δυνάμεως
3274 2303 3662 2372 συνεπέλειψεν.
3708 2310 3768 2361 0'3

565 2370 798 2441 quodam
824 2370 1081 2440 imposuit
1104 2370 1502 2439 :jussitque,ut
1529 2369 1838 2440 quicunque
1865 2371 2122 2439 serpentis

2235 2371 2343 2442 γὰρ
2383 2371 2461 2442 τῷ
2501 2375 2822 2445 προλαϐόντι
2865 2382 3018 2452 παρά
3064 2384 3162 2455 τὴν
3191 2387 3396 2460 πέτραν
3443 2369 3770 2463 θαύματι,τὸ

565 2476 751 2518 morsu
778 2461 1115 2525 laborarent,
1152 2461 1208 2515 in
1233 2470 1433 2517 areum
1469 2470 1772 2530 serpentem
1799 2462 2122 2532 aspicerent,

2239 2463 2374 2532 μηδέ
2410 2463 2506 2516 νῦν
2555 2468 2738 2532 αὐτοῖς
2780 2471 3026 2544 ἐνδεῆσαι
3063 2476 3161 2547 τὴν
3208 2481 3394 2550 χρείαν
3444 2461 3767 2541 ἐπίστευσαν·

567 2565 728 2624 atque
755 2553 830 2607 ita
862 2552 1182 2622 pestiferum
1213 2567 1281 2608 ex
1314 2567 1502 2608 morsu
1534 2564 1847 2622 serpentum
1879 2555 2122 2609 morbum

2237 2551 2351 2604 ἀλλ’
2395 2554 2729 2622 ἀποστάντες
2778 2560 2886 2614 τῶν
2939 2568 3313 2638 χρηστοτέρων
3370 2571 3635 2640 ἐλπίδων,
3675 2581 3772 2629 κατ’

565 2642 792 2713 fugavit.
820 2643 1253 2697 Immittebantur
1283 2643 1430 2698 enim
1454 2659 1522 2698 ex
1547 2643 1668 2697 visu
1700 2644 1858 2712 quasi
1880 2645 2122 2698 antidota

2229 2643 2391 2696 αὑτοῦ
2413 2645 2506 2698 τοῦ
2532 2646 2667 2701 Θεοῦ
2695 2651 2788 2704 καὶ
2812 2653 2904 2706 τοῦ
2943 2656 3182 2721 Μωσέως
3204 2664 3323 2724 ταῖς
3351 2662 3635 2736 λοιδορίαις
3661 2669 3774 2737 ἐχώ-

563 2733 811 2804 ιιιιαιόοιη
841 2733 896 2788 in
924 2748 1144 2804 corpus,
1171 2734 1312 2804 quod
1345 2734 1678 2804 serpentium
1716 2748 1921 2788 venena
1963 2734 2122 2788 imbe-

2232 2751 2361 2804 ρουν
2380 2753 2400 2827 ’ν
2427 2737 2504 2800 ώς
2542 2741 2637 2793 καὶ
2661 2742 2751 2794 τὸν
2777 2745 2980 2800 Μωσέα
3007 2747 3156 2812 δόξαι
3187 2755 3253 2824 τῇ
3293 2733 3522 2827 ἀπιστία
3546 2759 3636 2810 τοῦ
3665 2733 3773 2812 λαοῦ

563 2825 774 2879 cilliora
806 2822 1088 2889 reddebat,
1119 2839 1280 2894 quam
1316 2832 1374 2878 ut
1423 2829 1646 2895 possent
1694 2822 1944 2878 homines
1981 2824 2122 2878 occi-

2231 2826 2586 2893 συνοκλάσαι,
2623 2832 2762 2906 πλὴν
2787 2837 2947 2891 πάλιν
2983 2840 3162 2905 αὐτοῖς
3203 2842 3669 2918 θαυματοποιῆσαι
3693 2850 3774 2920 τὴν

565 2916 715 3010 dere.
870 3007 917 3010 η
1003 3005 1041 3010 μ
1144 3006 1176 3010 η
1335 3005 1348 3010 Δ
1421 3008 1442 3010 _
1524 3007 1536 3010 _
1608 3006 1619 3010 Δ
1667 3005 1686 3010 Α
1840 3003 1935 3010 Au
2105 3005 2130 3010 _
2214 2916 2528 3010 ᾃέξκρᾷτομον
2571 2923 2786 2996 ἐκείνην
2835 2928 3041 3000 πέτραν
3075 2933 3154 2997 είς
3191 2935 3398 2989 ὑδάτων
3441 2916 3602 3008 φύσιν
3634 2916 3777 3010 μετα-

562 3006 809 3102 ϐαλόντα.
869 3007 960 3102 Ὦς
997 3005 1263 3102 δέ-πάλιν.
1289 3005 1563 3102 αὐτοῖςμή.
1596 3003 2008 3102 ἀνδραποδώδης
2209 3005 2484 3102 ἐδωδίμων
2529 3012 2690 3087 ήδονὴ
2738 3017 2834 3090 τὴν
2873 3020 3167 3090 ἐπιθυμίαν
3219 3027 3316 3097 τῆς
3360 3003 3776 3102 γαστριμαργίας

563 3093 852 3165 ἐπήγειρε,
878 3096 972 3148 καὶ
1015 3094 1122 3148 τῶν
1170 3095 1306 3166 πρὸς
1343 3094 1440 3165 τήν
1470 3094 1613 3166 ζωὴν
1657 3095 1968 3164 ἀναγκαίων
2003 3094 2214 3157 οὐδενὸς
2248 3097 2658 3171 ὑστερούμενοι,
2700 3107 2790 3162 τὸν
2838 3112 3132 3180 Αίγύπτιον
3179 3093 3337 3189 κόρον
3372 3093 3777 3192 ώνειροπόλόυνο

562 3187 702 3240 κατά
746 3186 872 3250 τοὺς
922 3183 1284 3249 ἀτακτοῦντας
1323 3185 1431 3238 τῶν
1481 3185 1649 3248 νέων,
1692 3185 2072 3256 σφοδροτέραις
2123 3186 2591 3256 παιδαγωγοῦνται
2623 3201 2742 3262 ταῖς
2777 3201 3044 3271 μάστιξιν,
3081 3183 3255 3276 ὄφεων
3294 3211 3479 3276 αὐτοῖς
3507 3183 3656 3269 ’κατὰ
3694 3195 3778 3290 τήν

543 3277 908 3378 ,παρεμϐολὴν
948 3276 1324 3378 θανατηιρόρον
1372 3276 1446 3329 ίὸν
1485 3277 1854 3378 ἐμϐαλλόντων
1882 3277 1974 3378 διά
1997 3276 2107 3378 ,τοῦ
2151 3277 2446 3378 δήγματος.
2483 3285 2811 3361 Ἐπαλλήλου
2841 3295 2897 3347 δὲ
2929 3301 3216 3372 γινομένης
3249 3304 3311 3356 ἐκ
3339 3305 3446 3358 τῶν
3477 3305 3676 3378 θηρίων
3698 3276 3780 3377 τές

559 3371 852 3468 πτώσεως.Ῑ
879 3371 998 3440 θείᾳ
1033 3371 1304 3468 συμϐουλῇ
1347 3371 1735 3468 παρορμηθεὶς-
1758 3374 1786 3426 6
1817 3371 2130 3468 νομοθέτης,
2157 3372 2365 3468 χαλκὸν
2411 3377 2467 3430 ἐν
2515 3381 2817 3455 ὁμοιώματι
2859 3389 3034 3458 ὄφεως
3057 3371 3206 3462 χέας,
3246 3371 3674 3468 ὑπερφαίνεσθαι

561 3461 916 3561 στρατοπέδου
947 3460 1174 3561 παντδς,
1201 3461 1297 3513 ἐπί
1324 3477 1465 3561 τινος
1499 3460 1683 3561 ὕψους,
1720 3462 1967 3561 ἐποίησε·
1994 3463 2095 3561 ,καί
2125 3461 2296 3561 eiet-tn;
2341 3465 2564 3538 ἔστησεν
2606 3475 2664 3527 ἐν
2710 3476 2788 3547 τῷ
2814 3478 2927 3550 λαῷ
2951 3460 3140 3553 τὴν-ἐκ
3184 3487 3290 3540 τῶν
3330 3460 3540 3561 θηρίων
3575 3492 3779 3561 φθοράν.

567 3561 632 3652 ὐ
663 3555 771 3626 γὰρ
790 3555 924 3626 πρὸς
942 3555 1039 3626 τὴν
1062 3554 1242 3608 είκόνα
1267 3555 1359 3652 τοῦ
1388 3556 1565 3624 ὄφεως
1593 3557 1692 3628 τὴν
1729 3559 1787 3610 ἐν
1817 3557 1896 3628 τῷ
1924 3557 2106 3627 χαλκῷ
2142 3557 2382 3629 βλέπων,
2411 3565 2562 3621 οὐδὲν
2601 3569 2854 3628 ἐδεδοίκει
2887 3576 2980 3630 τοῦ
3017 3579 3184 3645 ὅντως
3217 3554 3518 3652 ὄφεωςῠτοῦ
3545 3554 3780 3642 ἀληθινοῦ

558 3651 619 3706 τὸ
648 3651 862 3721 δῆγμα,
910 3651 967 3716 ἐξ
999 3650 1344 3715 ἀντιπαθείας
1377 3652 1516 3716 τινὸς
1562 3655 1868 3724 ἀπορρήτου
1905 3656 2002 3726 τῆς
2039 3654 2212 3724 ὅψεως
2241 3657 2333 3710 τὸν
2377 3660 2454 3714 ἰὸν
2483 3665 2882 3743 ἀμϐλυνούσης.

631 3744 847 3799 Rursus
880 3744 1078 3814 populo
1107 3746 1163 3799 in
1216 3759 1339 3800 eum
1370 3745 1633 3802 seditione
1683 3748 2016 3817 insurgente,
2049 3763 2111 3801 ac

2284 3751 2453 3807 Πάλιν
2477 3757 2623 3829 αὐτῷ
2645 3764 2772 3833 περὶ
2799 3765 2900 3834 τῆς
2941 3769 3237 3840 ἡγεμονίας
3278 3773 3704 3837 ἐπαναστάσεως
3727 3778 3780 3829 ἐκ

559 3837 838 3892 nonnullis
862 3838 916 3891 in
948 3841 1156 3908 seipsos
1185 3836 1485 3894 transferre
1522 3839 1913 3895 sacerdotalem
1940 3839 2118 3909 digni-

555 3938 722 3983 tatem
758 3929 1102 3989 conantibus.
1141 3929 1354 4002 Moyses
1379 3930 1597 4001 quidem
1629 3946 1727 4000 pro
1758 3931 2112 4001 peccantibus

555 4021 783 4074 orabat:
814 4019 956 4074 Deus
983 4037 1113 4075 vero
1132 4038 1240 4076 non
1266 4030 1326 4075 ut
1349 4023 1438 4076 ille
1463 4023 1676 4088 orabat,
1701 4025 1794 4078 sed
1823 4034 1878 4076 ut
1905 4023 2115 4090 justum

555 4119 694 4173 erat,
733 4111 884 4165 hiatu
914 4121 1074 4166 terrae
1099 4127 1290 4168 omnes
1318 4112 1634 4177 seditiosos.
1662 4115 1755 4183 qui
1808 4115 1861 4168 in
1893 4113 2116 4184 Moysen

555 4202 988 4268 insurrexerunt,
1019 4205 1311 4274 absorpsit.
1344 4203 1447 4271 Qui
1480 4213 1662 4261 autem
1697 4207 1988 4261 sacerdotii
2017 4222 2116 4260 cu-

553 4293 778 4363 piditate
803 4304 1146 4358 exarserant,
1191 4296 1314 4366 igne
1351 4298 1576 4352 cremati
1627 4299 1848 4354 circiter
1893 4299 2114 4353 ducenti

551 4395 607 4439 et
633 4384 1054 4455 quinquaginta,
1083 4388 1331 4456 exemplo
1359 4403 1462 4442 suo
1489 4397 1716 4444 cmteros
1736 4390 1964 4445 tribules
1986 4406 2115 4445 suos

555 4475 620 4528 ad
655 4488 842 4530 sanam
877 4485 1110 4530 mentem
1161 4480 1511 4533 reduxerunt.
1562 4479 1761 4535 Verum
1822 4493 1882 4536 ut
1927 4482 2113 4535 crede-

555 4575 674 4620 rent
719 4580 827 4620 non
852 4566 920 4618 ab
946 4567 1281 4635 hominibus,
1320 4571 1412 4624 sed
1440 4587 1470 4624 a
1509 4570 1618 4626 Deo
1655 4573 1946 4627 sacerdotii
1987 4588 2114 4642 gra-

553 4665 680 4718 tiam
713 4662 959 4726 concedi,
1003 4662 1176 4732 virga,
1223 4663 1420 4717 litteris
1445 4678 1475 4714 a
1505 4678 1614 4732 quo
1641 4672 1787 4718 esset
1830 4664 2007 4718 oblata
2039 4667 2114 4720 si—

550 4756 960 4827 gniﬁcantibus,
990 4775 1086 4829 per
1119 4774 1560 4828 unamquamque
1608 4760 1806 4814 tribum
1832 4770 2110 4830 assumpta

548 4858 652 4910 est,
695 4865 830 4919 quas
860 4853 913 4904 in
941 4853 1141 4920 templo
1167 4850 1378 4921 Moyses
1417 4854 1707 4921 apposuit:
1769 4867 1832 4905 ac
1891 4862 2112 4920 postero

546 4938 635 4994 die
663 4943 986 4997 sententiam
1018 4942 1084 4996 de
1107 4942 1412 4997 sacerdotio
1435 4943 1528 4996 Dei
1559 4942 1812 4998 omnibus
1838 4944 2106 4998 ostendit:

2215 3840 2308 3932 τοῦ
2327 3841 2457 3897 λαοῦ
2481 3851 2797 3921 γενομένης,
2825 3857 2920 3908 καὶ
2943 3857 3102 3910 τινῶν
3125 3861 3223 3931 τὴν
3243 3861 3549 3932 ἱερωσύνην
3569 3864 3648 3926 είς
3672 3865 3782 3915 tctu-

2215 3929 2340 4021 τοὺς
2364 3936 2698 4008 μεταστῆσαι
2731 3940 3084 4013 βιαζομένων·
3115 3947 3143 3998 6
3179 3929 3302 4018 μὲν
3325 3929 3515 4021 ἱκέτης
3540 3952 3634 4005 τοῦ
3661 3952 3779 4004 Θεοῦ

2216 4019 2344 4112 περὶ
2375 4021 2482 4076 τῶν
2509 4023 2989 4099 ἐξαμαρτανόντων
3023 4037 3250 4105 ἐγίνετο’
3285 4041 3345 4093 τὸ
3375 4041 3434 4094 δὲ
3467 4019 3677 4097 δίκαιον
3695 4043 3782 4112 τῆς

2214 4111 2308 4165 τοῦ
2333 4114 2465 4168 Θεοῦ
2495 4119 2745 4191 κρίσεως,
2771 4124 2871 4194 τῆς
2899 4127 2991 4179 τοῦ
3013 4129 3253 4194 Μωσέως
3280 4133 3417 4204 πρὸς
3436 4135 3503 4188 τὸ
3525 4137 3782 4206 ὁμόφυλον

2217 4208 2558 4299 συμπαθείας
2583 4213 2924 4287 ἰσχυρότερον
2944 4216 3028 4290 ἦν.
3056 4223 3254 4294 Χάσμα
3278 4243 3330 4279 τι
3363 4228 3477 4298 γὰρ
3507 4232 3543 4298 ή
3584 4230 3656 4299 γῆ
3677 4229 3781 4282 δια·

2217 4297 2446 4392 σχοῦσα,
2481 4302 2608 4375 θείῳ
2635 4306 2928 4378 θελήματι,
2979 4314 3135 4367 πάλιν
3174 4319 3308 4386 πρὸς
3355 4297 3564 4392 ἑαυτὴν
3595 4297 3782 4391 συμπί-

2215 4406 2358 4453 πτει,
2387 4391 2531 4446 ἔνδον
2561 4397 2896 4454 ὑπολαϐοῦσα
2915 4409 3176 4473 παγγενεὶ
3194 4412 3399 4476 πάντας
3418 4414 3634 4486 τοὺςτῇ
3654 4416 3780 4486 ἀρχῇ

2211 4481 2306 4577 τοῦ
2331 4485 2571 4550 Μωσέως
2603 4490 3032 4564 ἀντεπάραντας.
3052 4499 3186 4553 Οἱδέ
3209 4503 3336 4571 περὶ
3363 4503 3462 4575 τήν
3493 4481 3781 4577 ἱερωσύνην

2213 4572 2597 4646 λυσσήσαντες,
2632 4585 2763 4653 πυρὶ
2785 4588 3214 4658 καταφλεγέντες
3245 4597 3370 4666 περὶ
3398 4596 3715 4662 διακοσίους
3730 4615 3779 4650 τε

2214 4665 2309 4717 καὶ
2369 4671 2722 4739 πεντήκοντα,
2764 4675 2842 4747 τῷ
2879 4677 2999 4730 καθ’
3053 4682 3277 4746 ἑαυτοὺς
3324 4665 3497 4740 πάθει
3536 4689 3784 4760 σωφρονί-

2211 4753 2362 4818 ζουσι
2402 4759 2462 4812 τὸ
2506 4764 2793 4832 ὁμόφυλον.
2855 4770 2944 4833 Ὠς
2981 4769 3026 4823 δ’
3074 4772 3140 4824 ἂν
3176 4775 3372 4843 μᾶλλον
3425 4753 3712 4830 πεισθείεν
3735 4779 3780 4830 0'.

2211 4848 2485 4921 ἄνθρωποι
2507 4894 2520 4918 ,
2547 4855 2729 4910 θεόθεν
2760 4863 3158 4930 παραγίνεσθαι
3187 4868 3292 4938 τῆς
3339 4869 3656 4940 ἱερωσύνης
3699 4870 3783 4938 τὴν

2210 4943 2369 5012 χάριν
2408 4949 2518 5010 τοῖς
2551 4949 2918 5020 ἀξιουμένοις,
2969 4957 3195 5026 ῥάϐδους
3238 4959 3296 5025 ἐξ
3337 4961 3591 5032 ἑκάστης
3623 4959 3782 5032 φυλῆς

546 5033 662 5087 soia
691 5034 833 5088 enim
868 5035 1046 5088 Aaron
1102 5033 1254 5102 virga
1296 5033 1498 5097 ﬂoruit,
1537 5033 1886 5104 fructumque
1917 5036 2104 5090 edidit.

2222 5036 2363 5138 παρά
2401 5037 2508 5091 τῶν
2556 5041 2846 5112 ἐξεχόντων
2896 5047 3216 5116 κομίζεται,
3270 5053 3616 5125 γράμμασιν
3665 5055 3783 5108 ἰδίου

544 5121 663 5177 Nux
702 5133 880 5178 autem
912 5133 1026 5178 erat
1057 5125 1289 5179 fructus.
1339 5123 1494 5190 Quod
1533 5126 1750 5195 quidem
1780 5128 2100 5182 miraculum

541 5217 706 5270 etiam
736 5215 1043 5271 inﬁdelibus
1071 5217 1362 5270 maximum
1393 5220 1635 5271 omnium
1663 5219 1838 5274 visum
1866 5229 1970 5284 est,
1997 5229 2105 5276 stu-

542 5308 798 5376 pentibus
845 5308 1054 5362 scilicet
1109 5311 1381 5377 quomodo
1435 5308 1639 5363 siccum
1688 5325 1750 5362 ac
1799 5311 2146 5396 laevigatum.

543 5399 774 5468 lignum,
807 5409 915 5453 tam
945 5413 1112 5469 parvo
1135 5401 1397 5470 temporis
1423 5402 1598 5470 spatio
1619 5401 1832 5457 arboris
1854 5410 2102 5457 naturam

541 5491 782 5560 suscepit
832 5497 996 5559 atque
1033 5489 1281 5559 perfecit.
1333 5491 1467 5545 Nam
1527 5507 1626 5562 pro
1665 5492 1868 5562 uligine
1922 5501 2101 5557 terras.

543 5598 640 5652 pro
666 5585 895 5649 cortice,
927 5598 1020 5652 pro
1083 5583 1333 5647 humore,
1375 5599 1473 5654 pro
1507 5585 1782 5640 radicibus
1829 5593 1884 5639 et
1936 5589 2102 5642 ramis

542 5672 722 5726 divina
740 5673 913 5728 virtus
933 5673 981 5726 ei
1013 5673 1246 5728 sul'lecit.
1280 5672 1613 5730 Procedebat
1645 5674 1842 5730 deinde
1871 5675 2100 5731 ulterius

542 5779 665 5817 eum
694 5765 894 5834 populo
921 5764 1154 5838 Moyses,
1183 5767 1461 5838 edixitque
1491 5768 1695 5840 regiam
1725 5767 1743 5839 (
1771 5776 1828 5822 ut
1861 5769 2098 5840 dicitur)

2213 5125 2442 5181 ἑκάστου
2477 5137 3008 5207 κατασημηναμένου
3039 5138 3134 5192 τοῦ
3160 5140 3478 5205 δεδωκότος,
3518 5147 3583 5196 ἐν
3606 5139 3698 5208 αἷς
3722 5141 3781 5214 ἦν

2205 5222 2363 5290 καὶὴ
2403 5223 2611 5293 Ἀαρὼν
2663 5226 2757 5278 τοῦ
2801 5229 3010 5298 ίερέως.
3060 5231 3276 5294 Ταύτας
3306 5233 3361 5285 δέ
3397 5238 3675 5304 προσθεὶς
3716 5238 3786 5308 τῷ

2205 5311 2336 5382 ναῷ,
2364 5313 2454 5368 διὰ
2474 5315 2678 5371 τούτων
2707 5323 2932 5400 φανεροιί
2953 5321 3030 5391 τῷ
3062 5321 3177 5393 λαῷ
3205 5326 3302 5397 τὴν
3339 5330 3470 5398 περὶ
3504 5330 3611 5399 τῆς
3637 5331 3783 5400 ίερω·

2207 5403 2369 5474 σύνης
2396 5406 2490 5459 τοῦ
2527 5408 2662 5461 Θεοῦ
2694 5391 3076 5484 ψῆφονδΜόνη
3107 5391 3216 5486 γάρ
3255 5391 3319 5470 ἐκ
3361 5391 3576 5473 πασῶν
3593 5391 3599 5392 7
3621 5425 3655 5491 ή
3687 5391 3783 5473 ’τοῦ

2216 5495 2423 5566 Ἀαρὼν
2453 5499 2642 5568 ῥάϐδος
2675 5501 2992 5574 ἐϐλάστησε,
3023 5507 3223 5561 καὶτὸν
3253 5511 3316 5561 ἐκ
3337 5509 3429 5562 τοῦ
3454 5510 3637 5574 ξύλου
3659 5527 3783 5580 καρ-

2204 5585 2303 5637 πὸν
2347 5588 2588 5659 (κάρυον
2621 5587 2772 5663 δὲῆν
2820 5595 2848 5647 6
2895 5597 3144 5666 καρπὸς)
3179 5598 3406 5668 ἐξέφυσὲ
3437 5618 3506 5654 τε
3544 5605 3646 5656 καὶ
3683 5605 3784 5654 ἑτεο

2201 5677 2442 5731 λείωσεν.
2495 5682 2560 5734 Ὃ
2603 5681 2666 5753 δὴ
2725 5684 2976 5753 μέγιστον
3020 5689 3113 5742 καὶ
3162 5693 3272 5754 τοῖς
3319 5691 3587 5756 ἀπίστοις
3641 5693 3780 5758 ἔδοξε

2203 5769 2403 5841 θαῦμα,
2443 5772 2558 5838 πῶς
2584 5777 2644 5828 τὺ
2673 5775 2888 5846 ἄφλοιον
2918 5780 3010 5835 καὶ
3054 5783 3498 5856 περιεξεσμένον,
3541 5789 3644 5843 καὶ
3666 5789 3780 5843 {tot-
