3996 6468
283 339 393 398 2925

1612 342 1703 398 DE
1729 342 1889 399 VITA
1923 342 2202 401 MOYSlS.
2286 366 2289 369 δ

3419 340 3525 413 ’5.ίῦ

284 454 378 519 ζον
408 454 619 526 ἀθρόως
666 457 911 524 πιανθέν,
949 473 1019 511 τα
1058 457 1167 511 τῶν
1200 456 1584 529 ἐρῤιζωμένων
1620 459 1854 531 ἐνήργη-

1959 458 2096 512 viam
2124 473 2246 514 esse
2292 458 2729 522 custodiendam,
2762 473 2831 512 ne
2857 454 3111 512 videlicet
3143 454 3212 512 ad
3245 455 3526 512 dexteram

286 561 403 610 σεν,
440 546 561 598 ἀντὶ
592 547 694 617 γῆς
726 548 819 601 καὶ
849 548 1033 617 φλοιοῦ
1065 550 1157 603 καὶ
1188 549 1412 620 ίκμάδος
1447 550 1542 603 καὶ
1573 548 1731 619 ῥίζης
1760 549 1857 603 καὶ

285 634 508 687 κλώνων
551 637 650 707 τῆς
698 636 848 700 θείας
894 637 1177 710 δυνάμεως
1218 639 1515 709 γενομένης
1561 638 1638 707 τῷ
1690 638 1853 708 ξύλῳ.

299 726 425 779 Ἐπὶ
450 726 662 790 τούτοις
688 727 753 781 δι’
780 729 1097 798 ἀλλοφύλων
1124 728 1294 784 ἐθνῶν
1315 730 1408 783 τὸν
1428 731 1659 801 στρατὸν
1687 732 1857 799 ἄγων,

285 818 579 889 ἀπώμοτον
626 822 862 874 ποιεῖται
912 824 1029 885 ταῖς
1081 821 1345 892 ἀρούραις
1396 822 1575 876 αὐτῶν
1611 825 1704 876 καὶ
1737 826 1858 887 ταῖς

284 910 550 978 ἀμπέλοις
585 910 663 979 τῷ
697 910 808 981 λαῷ
845 915 1194 984 συγχωρῆσαι
1232 913 1331 984 τὴν
1358 912 1547 977 δίοδον,
1587 913 1722 968 ἀλλά
1753 932 1855 983 φυ-

286 1000 445 1065 λάξαι
475 1003 572 1074 τὴν
603 1002 887 1076 βασιλικὴν
912 1005 1052 1068 ὁδὸν,
1087 1007 1225 1075 μήτε
1272 1006 1353 1068 είς
1389 1005 1538 1070 δεξιά
1558 1045 1573 1071 ,
1613 1008 1749 1077 μήτε
1778 1008 1859 1071 είς

285 1094 553 1167 ἀριστερά
599 1097 983 1151 ἀποκλίναντα.
1034 1098 1153 1150 Τῶν
1200 1097 1258 1151 δέ
1299 1098 1571 1169 πολεμίων
1616 1100 1735 1152 οὐδὲ
1766 1100 1860 1153 ἐπὶ

283 1184 498 1249 τούτοις
519 1188 929 1258 είρηνευόντων,
959 1190 1107 1261 μάχῃ
1130 1191 1644 1260 καταγωνισάμενος
1658 1190 1748 1243 τὸν
1773 1192 1860 1244 ἀν-

283 1274 538 1342 τίπαλον,
572 1278 845 1349 ἐγκρατὴς
880 1279 1092 1347 γίνεται
1136 1280 1235 1350 τῆς
1295 1280 1551 1351 παρόδου.
1600 1276 1735 1335 Εἶτά
1775 1297 1859 1345 τις

283 1363 472 1417 Βαλὰκ
513 1366 756 1435 μείζονος
779 1368 962 1432 ἔθνους
995 1369 1093 1441 τὴν
1118 1370 1419 1441 ἠγεμονίαν
1446 1368 1585 1440 ἔχων
1611 1373 1626 1438 (
1647 1370 1859 1424 Μαδια-

283 1460 429 1510 νίται
452 1458 510 1510 δὲ
543 1458 621 1530 τῷ
650 1459 790 1513 ἔθνει
816 1460 1089 1533 τοῦνομα)
1118 1464 1254 1535 πρὸς
1281 1463 1343 1516 τὸ
1373 1463 1542 1527 πάθος
1565 1463 1673 1517 τῶν
1695 1482 1860 1535 προο-

276 1548 532 1602 λωλότων
561 1552 948 1622 καταπλαγεὶς,
980 1555 1072 1607 καὶ
1101 1554 1222 1608 ὅσον
1249 1554 1461 1608 ούδέπω
1484 1554 1553 1607 τά
1583 1549 1677 1607 ἶσα
1709 1554 1861 1626 παρά

280 1638 393 1691 τῶν
435 1638 784 1710 Ἰσραηλιτῶν
819 1642 1105 1695 πείσεσθαι
1153 1643 1561 1715 προσδοκήσας,
1593 1645 1859 1713 ἐπάγεται

281 1728 422 1798 πρὸς
455 1730 774 1800 συμμαχίαν
813 1731 993 1784 ὃπλων
1035 1732 1132 1802 μὲν
1178 1733 1271 1787 καὶ
1302 1734 1571 1805 σωμάτων
1610 1733 1857 1805 βοήθειαν

276 1820 540 1889 ούδεμίαν
565 1859 579 1884 ,
622 1821 913 1893 περίεργον
941 1823 996 1876 δὲ
1032 1823 1391 1893 μαγγανείαν,
1441 1824 1529 1879 διά
1565 1842 1712 1888 τινος
1745 1825 1854 1879 Ba.-

277 1911 452 1980 λαάμ,
482 1912 540 1976 ὃς
568 1912 739 1966 ταῦτα
770 1913 942 1978 δεινὸς
971 1917 1205 1968 ἐποιεῖτο
1241 1913 1380 1968 εἶναι
1398 1958 1412 1982 ,
1441 1918 1535 1969 καὶ
1563 1916 1717 1988 παρά
1748 1917 1855 1970 τῶν

278 2005 635 2076 κεχρημένων
687 2006 837 2077 αὐτῷ
888 2006 1031 2077 ἔχειν
1085 2006 1207 2061 τινά
1258 2008 1395 2078 πρὸς
1442 2008 1542 2071 τάς
1603 2008 1854 2073 τοιαύτας

281 2098 521 2162 σπουδάς
544 2098 769 2169 δύναμιν
802 2098 1115 2154 ἐπιστεύετο
1134 2116 1148 2129 ·
1178 2094 1221 2169 ᾧ
1253 2100 1414 2171 τέχνη
1458 2100 1555 2170 μὲν
1579 2096 1647 2171 ἦν
1679 2103 1856 2154 οἰωνι-

280 2190 465 2260 στικὴ,
522 2191 790 2261 δαιμόνων
834 2191 890 2244 δέ
954 2209 1061 2244 τινι
1106 2192 1397 2263 συνεργείᾳ
1456 2191 1689 2262 χαλεπὸς
1744 2188 1851 2262 ἦν,

275 2280 506 2349 ἐπάγων
540 2284 653 2345 τοῖς
689 2280 998 2353 ἀνθρώποις
1037 2283 1442 2354 περιεργοτέρα
1487 2284 1595 2335 τινί
1628 2281 1854 2353 δυνάμει

276 2375 353 2426 τά
380 2374 654 2441 ἀνήκεστα
675 2388 689 2403 ·
716 2372 775 2437 ὃς
805 2376 915 2437 τοῖς
939 2374 1242 2441 ἀπάγουσιν
1275 2374 1435 2427 αὑτὸν
1466 2373 1557 2425 ἐπὶ
1587 2373 1679 2425 τὸν
1704 2372 1856 2442 βασι-

276 2465 381 2518 λέα
416 2465 507 2519 τοῦ
558 2466 745 2528 ἔθνους
785 2466 1083 2535 ἑπόμενος,
1113 2468 1178 2536 τῇ
1210 2468 1361 2536 φωνῇ
1390 2465 1488 2534 τῆς
1526 2464 1645 2517 ὄνου
1680 2464 1741 2517 τὸ
1778 2464 1852 2534 μὴ

277 2560 459 2611 αἴσιον
480 2558 627 2629 αὐτῷ
652 2558 750 2630 τὴν
771 2559 887 2613 ὁδὸν
920 2553 1057 2610 εἶναι
1090 2558 1420 2611 διδάσκεται.
1446 2553 1577 2609 Εἶτα
1599 2556 1685 2609 διά
1708 2573 1853 2620 τινος

275 2649 582 2717 ἐμφανείας
618 2650 678 2702 τὸ
723 2650 997 2721 πρακτέον
1043 2648 1265 2719 μαθὼν,
1301 2648 1700 2719 ἀσθενεστέραν
1728 2641 1853 2716 εὗρε

275 2739 381 2807 τὴν
406 2740 695 2791 κακοποιὸν
720 2739 1054 2809 μαγγανείαν
1074 2736 1166 2790 τοῦ
1194 2737 1395 2809 βλάϐην
1416 2738 1536 2790 τινὰ
1566 2740 1677 2800 τοῖς
1705 2738 1854 2807 παρὰ

274 2830 378 2882 τοῦ
409 2830 543 2883 Θεοῦ
578 2831 1056 2902 συμμαχουμένοις
1095 2830 1553 2901 προστρίψασθαι.
1617 2830 1761 2882 Ἀντί
1795 2828 1852 2880 δὲ

270 2923 383 2991 τῆς
431 2921 540 2974 τῶν
589 2922 862 2993 δαιμόνων
910 2922 1190 2991 ἐνεργείας
1247 2925 1313 2975 ἐκ
1358 2921 1509 2984 θείας
1567 2921 1854 2983 ἐπιπνοίας

274 3014 470 3077 ἔνθους
514 3015 821 3083 γενόμενος,
871 3012 1171 3082 ἐφθέγξατο
1219 3013 1401 3082 φωνὰς
1445 3013 1731 3076 τοιαύτας,
1778 3014 1854 3077 ὠς

1957 551 2040 605 vel
2068 551 2343 606 sinistram
2366 551 2725 613 declinarent,
2760 566 2898 606 neve
2928 550 3225 621 quidquam
3272 550 3528 605 habitan-

1961 643 2096 697 tium
2135 657 2198 696 ea
2238 644 2357 696 loca
2407 642 2732 711 arriperent.
2786 641 2976 696 Coloni
3042 650 3224 698 autem
3283 642 3529 697 locorum

1958 750 2151 804 parum
2184 734 2271 790 his
2291 739 2533 790 contenti
2562 751 2592 788 a
2626 734 2861 788 transitu
2894 734 3277 803 prohibebant,
3310 734 3403 789 sed
3429 750 3531 804 pu-

1959 841 2064 896 gna
2094 825 2227 880 victi
2255 833 2540 882 cesserunt
2566 826 2745 889 inviti,
2779 826 2924 894 quod
2965 832 3163 895 sponte
3188 824 3319 880 dare
3346 826 3533 881 nolue-

1958 924 2099 972 rant.
2132 916 2379 972 Posthaec
2426 916 2620 970 Balach
2649 916 3068 972 Madianitarum
3110 918 3287 987 gentis
3319 931 3531 987 magna:

1959 1008 2235 1077 princeps,
2263 1023 2455 1064 eorum
2487 1008 2581 1079 qui
2631 1018 2759 1063 ante
2788 1008 2953 1063 deleti
3021 1007 3237 1063 fuerant
3282 1008 3531 1077 exemplo

1958 1100 2307 1169 perterritus,
2338 1108 2390 1155 et
2411 1100 2635 1171 jamjam
2667 1114 2726 1155 se
2750 1100 2975 1169 paribus
3005 1099 3222 1154 damnis
3252 1100 3321 1155 ab
3352 1098 3530 1154 Israe-

1958 1190 2069 1246 litis
2093 1191 2345 1246 affectum
2381 1193 2446 1247 iri
2474 1200 2818 1262 exspectans,
2850 1207 2960 1246 non
2990 1191 3057 1245 ab
3080 1192 3200 1246 aliis
3228 1182 3528 1254 armorum,

1958 1283 2043 1337 vel
2073 1284 2352 1354 copiarum
2408 1284 2767 1353 principibus,
2815 1282 2910 1340 scd
2974 1297 3004 1336 a
3057 1281 3275 1337 Balaam
3325 1297 3532 1353 augure

1958 1374 2213 1442 quodam,
2240 1373 2334 1443 qui
2365 1372 2588 1444 magicis
2620 1373 2829 1428 artibus
2872 1388 2936 1427 ac
2961 1373 3269 1427 daemonum
3304 1371 3529 1425 invoca-

1959 1464 2107 1518 tione
2134 1464 2437 1526 claruerat,
2467 1463 2719 1534 famaque
2743 1464 2813 1519 de
2846 1464 2964 1534 ipso
3001 1473 3139 1529 erat,
3176 1462 3378 1532 saepius
3402 1462 3533 1517 civi-

1956 1554 2162 1609 tatibus
2193 1554 2352 1609 etiam
2382 1555 2691 1624 ingentibus
2724 1554 2839 1609 suis
2873 1554 3084 1608 artibus
3114 1553 3389 1617 nocuisse,
3430 1567 3531 1605 au-

1958 1644 2147 1697 xilium
2174 1644 2348 1713 petiit.
2384 1644 2432 1699 Is
2455 1661 2579 1699 cum
2611 1646 2677 1699 ad
2707 1660 2887 1716 regem
2932 1644 3133 1700 Balach
3166 1645 3269 1699 iter
3297 1643 3525 1707 faceret,

1959 1735 2127 1791 asina:
2156 1750 2288 1790 voce
2311 1752 2419 1789 non
2449 1752 2765 1806 prosperam
2803 1752 2923 1791 eam
2971 1736 3076 1792 sibi
3106 1736 3250 1790 viam
3288 1735 3403 1790 fore
3443 1736 3531 1789 in-

1961 1827 2226 1892 stituitur,
2258 1836 2312 1883 et
2340 1828 2550 1883 visione
2583 1829 2818 1898 quadam
2850 1828 2982 1899 quid
3014 1828 3320 1884 faciendum
3353 1835 3523 1891 esset,

1960 1918 2174 1983 didicit,
2214 1934 2280 1974 ac
2308 1920 2525 1975 demum
2554 1920 2881 1975 inﬁrmiores
2905 1921 3078 1977 sensit
3105 1936 3227 1976 esse
3253 1920 3529 1974 maletlcas

1960 2012 2081 2068 illas
2105 2013 2426 2084 praestigias,
2450 2028 2613 2083 quam
2645 2024 2702 2067 ut
2729 2022 2950 2083 possent
2983 2014 3109 2079 illis,
3143 2013 3339 2082 quibus
3369 2010 3527 2066 auri-

1960 2106 2091 2160 lium
2122 2105 2330 2161 ferebat
2370 2105 2536 2170 Deus,
2568 2106 2788 2173 aliquod
2820 2104 3078 2159 damnum
3135 2103 3377 2169 inferre;
3432 2104 3529 2160 sed

1959 2212 2058 2266 pro
2081 2195 2388 2250 daemonum
2425 2195 2612 2250 furore
2648 2197 2834 2252 divino
2862 2196 3044 2251 afﬂatu
3076 2198 3341 2268 impulsus
3391 2200 3531 2254 tales

1958 2289 2142 2343 em'isit
2168 2302 2354 2350 voces,
2387 2295 2446 2342 ut
2480 2303 2510 2342 e
2542 2296 2736 2342 contra
2763 2288 3103 2345 imminentis
3131 2290 3377 2361 prosperi
3409 2306 3530 2345 sucb

1959 2394 2149 2433 cessus
2177 2378 2320 2432 illius
2350 2380 2534 2448 populi
2561 2387 2749 2434 essent
2777 2379 3097 2449 prophetiae.
3132 2381 3211 2433 Ex
3241 2395 3352 2450 quo
3382 2381 3528 2453 enim

1960 2470 2077 2525 suis
2116 2470 2329 2525 artibus
2358 2486 2427 2526 ne
2458 2478 2700 2537 noceret,
2732 2472 3024 2540 impeditus
3076 2482 3182 2535 est,
3211 2472 3407 2526 divinae
3428 2473 3531 2525 vir-

1960 2563 2095 2617 tutis
2136 2579 2356 2618 sensum
2389 2563 2621 2633 accepit,
2653 2571 2706 2617 et
2739 2563 3073 2617 vaticinandi
3115 2572 3232 2619 arte
3260 2565 3527 2634 neglecta,

1960 2657 2159 2710 divinae
2192 2656 2486 2711 voluntatis
2536 2672 2596 2711 se
2632 2658 2985 2726 interpretem
3022 2670 3076 2713 et
3134 2656 3529 2712 internuntium

1959 2748 2200 2802 exhibet.
2237 2748 2315 2801 lta
2351 2751 2499 2801 natio
2531 2749 2771 2802 vincitur
2798 2749 3251 2818 alienigenarum,
3305 2747 3400 2802 sed
3434 2763 3531 2817 po-

1960 2841 2122 2909 pulus
2156 2841 2209 2893 in
2241 2840 2382 2894 bello
2416 2841 2608 2903 victor,
2635 2855 2744 2893 non
2780 2853 2945 2908 parva
2980 2854 3045 2893 ex
3104 2846 3257 2908 parte
3308 2838 3529 2893 luxuria

1962 2931 2217 2984 vincitur.
2253 2931 2405 2984 Tunc
2435 2929 2664 2983 Phinees
2692 2929 2807 2982 zelo
2847 2928 3066 2983 virtutis
3101 2942 3209 2981 uno
3250 2927 3363 2981 ictu
3415 2937 3528 2982 tam

1957 3019 2228 3084 Judaeum,
2261 3035 2423 3090 quam
2461 3018 2817 3087 alienigenam
2849 3016 3129 3070 mulierem
3175 3014 3231 3068 in
3261 3015 3382 3084 ipso
3428 3016 3529 3067 im-

278 3106 622 3175 προφητείαν
650 3106 907 3177 ἄντικρυς
945 3102 1086 3159 εἶναι
1118 3105 1224 3157 τῶν
1264 3108 1341 3168 είς
1373 3104 1601 3175 ὕστερον
1633 3106 1768 3176 πρὸς
1793 3106 1853 3158 τὸ

1961 3114 2156 3184 pudico
2182 3122 2307 3166 actu
2334 3110 2579 3165 confodit
2606 3128 2619 3164 :
2652 3124 2764 3179 quo
2796 3108 2939 3162 facto
2988 3107 3174 3161 divina
3208 3107 3262 3160 in
3309 3121 3403 3161 eos
3431 3105 3529 3176 qui

274 3202 540 3268 κρεῖσσον
569 3198 977 3269 ἐκϐησομένων.
1006 3200 1084 3251 Δι’
1109 3192 1183 3250 ὧν
1213 3197 1321 3268 γάρ
1349 3197 1596 3269 ἐκωλύθη
1627 3199 1763 3269 πρὸς
1794 3200 1855 3253 τὸ

270 3290 454 3344 κακὸν
480 3292 767 3362 ἐνεργῆσαι
796 3293 862 3362 τῇ
892 3291 1078 3363 τέχνῃ,
1108 3289 1196 3345 διὰ
1224 3291 1426 3344 τούτων
1454 3290 1556 3361 τῆς
1591 3290 1739 3355 θείας
1768 3291 1857 3343 δυ-

276 3383 501 3454 νάμεως
538 3384 595 3435 ἐν
635 3382 883 3453 αἰσθήσει
931 3383 1223 3453 γενόμενος
1245 3424 1259 3447 ,
1296 3383 1509 3454 χαίρειν
1555 3383 1723 3447 ἐάσας
1759 3383 1857 3455 τὴν

276 3471 587 3543 μαντικὴν,
619 3473 951 3543 ὑποφητεύει
999 3473 1076 3544 τῷ
1115 3474 1243 3545 θείῳ
1293 3474 1584 3546 θελήματι.
1617 3476 1729 3529 Καὶ
1760 3478 1856 3529 ἐπὶ

275 3561 495 3626 τούτοις
525 3564 587 3616 τὸ
634 3564 733 3634 μὲν
784 3564 937 3626 ἔθνος
988 3566 1096 3619 τῶν
1144 3566 1459 3636 ἀλλοφύλων
1500 3569 1809 3640 ἐντρίϐεται
1839 3611 1853 3634 ,

274 3656 747 3725 ὲπικρατεστέρου
779 3655 873 3709 τοῦ
902 3657 1032 3711 λαοῦ
1074 3658 1212 3711 κατά
1242 3658 1332 3712 τὸν
1363 3659 1599 3730 πόλεμον
1632 3662 1855 3729 γεγονό-

272 3762 395 3809 τος,
431 3747 751 3817 ἡττηθέντος
799 3748 856 3801 δέ
892 3751 1030 3819 μετά
1076 3749 1247 3803 ταῦτα
1278 3749 1372 3803 τοῦ
1418 3753 1515 3823 τῆς
1559 3752 1859 3817 ἀκολασίας

276 3838 490 3902 πάθους
527 3840 584 3892 ἐν
609 3842 729 3902 ταῖς
766 3841 1151 3912 αἰχμαλώτοις,
1185 3844 1273 3896 ὅτε
1303 3843 1396 3897 τοῦ
1426 3846 1609 3909 Φινεὲς
1638 3845 1765 3909 τοὺς
1797 3848 1856 3898 ἐν

275 3931 480 4002 ἀτιμίᾳ
507 3934 927 4001 συμπλακέντας
958 3938 1057 4006 μιᾷ
1086 3937 1267 4007 πληγῇ
1300 3937 1664 4004 διελάσαντος,
1716 3938 1857 3990 παύ-

281 4042 387 4076 σαν
414 4024 539 4093 ἔσχε
585 4026 679 4078 τού
714 4025 850 4078 Θεοῦ
884 4030 915 4097 ὴ
951 4027 1089 4081 κατά
1130 4028 1235 4081 τῶν
1265 4029 1675 4099 λελυσσηκότων
1721 4030 1853 4099 πρὸς

277 4115 384 4177 τὰς
413 4116 684 4187 ἀθέσμους
719 4119 891 4188 μίξεις
914 4119 1053 4193 ,ὀργή
1079 4138 1093 4151 ο
1117 4120 1239 4172 τότε
1272 4120 1477 4182 ἀναϐὰς
1513 4120 1605 4171 ἐπί
1643 4138 1694 4173 τι
1729 4120 1855 4191 ὄρος

280 4208 490 4276 ὑψηλὸν
522 4210 549 4260 ό
577 4210 872 4280 νομοθέτης
900 4252 913 4273 ,
959 4212 1054 4264 καὶ
1094 4211 1376 4282 πόρρωθεν
1415 4211 1512 4281 τὴν
1547 4210 1731 4281 χώραν
1759 4228 1856 4264 κα.-

280 4301 720 4372 τασκεψάμενος,
749 4303 781 4373 ἣ
814 4302 901 4355 διὰ
929 4304 1027 4373 τῆς
1060 4302 1209 4365 θείας
1238 4302 1571 4370 ἐπαγγελίας
1598 4303 1695 4372 τῆς
1724 4302 1859 4374 πρὸς

280 4394 414 4456 τοὺς
432 4395 670 4465 πατέρας
685 4395 1056 4464 γεγενημένης
1076 4393 1152 4463 τῷ
1188 4393 1401 4464 Ἰσραὴλ
1422 4393 1854 4463 παρεσκεύαστο,

279 4482 610 4553 μεθίσταται
643 4484 737 4536 τοῦ
768 4484 1109 4555 ἀνθρωπίνου
1141 4484 1277 4553 βίου,
1308 4484 1457 4535 οὐδὲν
1484 4486 1540 4534 ἐν
1569 4486 1633 4553 τῇ
1655 4485 1724 4553 γῇ
1757 4500 1854 4554 ση-

288 4578 465 4645 μεῖον,
520 4576 643 4627 οὐδὲ
679 4576 1022 4644 μνημόσυνον
1072 4575 1171 4643 τῆς
1216 4574 1410 4627 ἑαυτοῦ
1466 4575 1857 4644 μεταστάσεως

1961 3216 2341 3275 peccaverunt,
2370 3204 2451 3257 ira
2490 3204 2742 3257 cessavit.
2803 3198 2898 3254 liis
2930 3200 3004 3254 ita
3064 3198 3233 3268 gestis
3279 3198 3529 3253 ascendit

1961 3295 2015 3349 in
2055 3296 2223 3349 altum
2260 3293 2474 3363 Moyses
2496 3299 2758 3355 montem,
2785 3300 2840 3345 et
2888 3290 3079 3361 procul
3134 3290 3525 3360 repromissam

1961 3384 2263 3452 majoribus
2295 3383 2410 3437 suis
2443 3390 2645 3436 terram
2676 3380 3009 3450 speculatus,
3036 3379 3331 3433 humanam
3357 3378 3526 3433 vitam

1956 3477 2124 3540 exuit,
2158 3476 2229 3529 ita
2261 3483 2320 3529 ut
2354 3475 2486 3528 nihil
2529 3474 2585 3528 in
2621 3472 2786 3528 terris
2824 3471 2990 3542 hujus
3031 3472 3380 3542 migrationis
3417 3487 3529 3527 soaa

1958 3567 2176 3637 signum
2209 3572 2300 3617 aut
2322 3574 2737 3617 monumentum
2762 3562 2814 3616 in
2840 3561 3147 3631 sepulchris
3174 3561 3526 3631 relinqueret.

1958 3658 2152 3711 Mirum
2184 3664 2365 3710 autem
2394 3663 2497 3719 est,
2525 3653 2670 3725 quod
2703 3669 2803 3709 nec
2833 3652 3040 3716 formae,
3090 3667 3189 3707 nec
3223 3644 3532 3722 pulchritu-

1958 3747 2104 3802 dinis
2129 3762 2242 3802 suae
2269 3744 2592 3815 quidquam,
2620 3758 2719 3797 nec
2743 3758 2810 3796 ex
2850 3742 2989 3797 facie
3026 3758 3124 3798 sua
3171 3743 3529 3812 resplenden-

1958 3836 2175 3891 dentem
2205 3836 2457 3907 gratiam,
2491 3849 2593 3888 nec
2626 3833 2911 3889 oculorum
2952 3834 3148 3897 aciem,
3197 3835 3283 3888 vel
3323 3844 3507 3904 tempo

1958 3944 2101 3991 rum,
2126 3929 2327 3997 quibus
2359 3941 2482 3979 cum
2518 3924 2833 3980 hominibus
2880 3932 3019 3985 erat,
3056 3927 3230 3995 spatia
3264 3927 3344 3980 vel
3374 3926 3529 3980 labo-

1958 4035 2046 4075 res
2068 4020 2525 4083 comminuerant,
2561 4016 2657 4071 sed
2690 4032 2801 4070 uno
2826 4016 3126 4086 eodemque
3159 4018 3320 4072 modo
3358 4018 3530 4072 virtu-

1960 4120 2041 4165 tes
2076 4109 2324 4177 corporis
2369 4117 2534 4176 atque
2571 4123 2835 4161 sensuum
2884 4108 2936 4161 in
2970 4125 3035 4162 eo
3084 4124 3299 4179 semper
3346 4110 3532 4180 vigue-

1959 4210 2107 4256 runt.
2136 4200 2258 4253 llaac
2280 4199 2501 4269 quidem
2529 4207 2677 4261 sunt,
2708 4214 2827 4267 quae.
2856 4198 2921 4252 de
2944 4199 3035 4253 illo
3057 4201 3174 4253 viro
3205 4201 3271 4254 ah
3302 4201 3530 4256 historia

1959 4294 2140 4349 divina
2175 4292 2524 4363 percipimus,
2548 4307 2665 4360 quae
2700 4291 2904 4345 cursim
2936 4292 3283 4361 narratajam
3317 4300 3532 4363 tempus

1961 4395 2046 4441 est
2096 4386 2375 4455 proposito
2409 4391 2601 4437 nostro
2655 4383 3099 4445 accommodare,
3138 4391 3197 4437 ut
3250 4384 3532 4440 videamus

1962 4482 2159 4537 veteris
2210 4479 2506 4552 Scriptura:
2556 4480 2838 4535 historiam
2898 4480 2966 4534 ad
3012 4481 3303 4552 perfectam
3364 4482 3532 4537 vitam

1963 4575 2190 4627 multum
2222 4572 2548 4626 conducere.

283 4672 345 4722 ἐν
372 4669 561 4738 τάφοις
609 4669 1048 4738 ὑπολειπόμενος.
1089 4661 1163 4719 Οὒ
1196 4667 1274 4736 τῷ
1307 4666 1490 4719 κάλλει
1524 4666 1712 4736 χρόνος
1737 4665 1836 4717 ούκ
1870 4665 2191 4737 ἐλυμήνατο,
2239 4662 2360 4715 οὔτε
2387 4662 2493 4714 τῶν
2523 4663 2815 4733 ὀφθαλμῶν
2862 4663 2960 4732 τὴν
2998 4663 3315 4733 λαμπηδόνα
3349 4663 3532 4734 ήμαύ-

288 4777 489 4830 ρωσεν,
538 4760 660 4812 οὕτε
693 4761 791 4831 τὴν
836 4760 1260 4831 ἁπολάμπουσαν
1302 4759 1396 4811 τοῦ
1439 4758 1729 4829 προσώπου
1767 4758 1928 4828 χάριν
1972 4756 2356 4828 ἀπήμϐλυνενο
2402 4756 2515 4809 ἀλλ’
2548 4752 2613 4826 ἦν
2647 4757 2732 4808 ἀεὶ
2776 4755 3035 4821 ὡσαύτως
3069 4756 3235 4825 ἔχων,
3268 4756 3361 4808 καὶ
3393 4754 3533 4808 κατά

281 4855 485 4908 ταύτὸν
508 4858 567 4907 ἐν
590 4856 668 4925 τῷ
695 4856 909 4926 τρεπτῷ
938 4856 1033 4925 τῆς
1068 4855 1278 4924 φύσεως
1298 4854 1566 4917 διασώσας
1606 4854 1666 4906 τὸ
1698 4856 1753 4906 ἐν
1784 4854 1858 4924 τῷ
1888 4853 2496 4922 κάλλειάμετάπτωτον.
2534 4850 2718 4905 Ταῦτα
2748 4852 2846 4922 μὲν
2885 4848 2999 4916 οὖν,
3029 4852 3129 4905 ὅσα
3172 4854 3233 4904 ἐκ
3257 4852 3356 4921 τῆς
3388 4869 3536 4923 προ-

281 4952 471 5021 χείρου
494 4950 587 5003 τοῦ
614 4951 800 5023 ἀνδρὸς
830 4952 1065 5021 ἱστορίας
1104 4950 1396 5021 ἐμάθομεν,
1443 4950 1500 5002 ἐν
1546 4949 1807 5019 ἐπιδρομῇ
1850 4966 1930 5001 σςι
1958 4947 2365 5019 διηγησάμεθα·
2383 4948 2442 4998 εἰ
2467 4944 2557 4998 καί
2589 4962 2706 5008 πως
2732 4950 2763 5015 ή
2796 4943 3049 5008 ὑπόθεσίς
3074 4947 3221 4998 ἐστιν
3248 4946 3304 4998 ἐν
3332 4938 3411 5007 οἷς
3441 4944 3533 4996 τὸν

282 5045 443 5112 Λόγον
482 5043 792 5110 ἀναγκαίως
835 5043 1115 5096 ἐπλάτυνε.
1152 5043 1356 5110 Καιρὸς
1385 5042 1429 5094 δ’
1469 5041 1535 5094 ἂν
1582 5042 1664 5110 εἴη
1698 5042 1831 5111 πρὸς
1860 5040 1949 5092 τὸν
1994 5039 2349 5109 προκείμενον
2389 5039 2520 5107 ἡμῖν
2547 5036 2641 5089 τοῦ
2670 5036 2827 5105 λόγου
2868 5038 3066 5092 σκοπὸν
3104 5038 3411 5109 ἐφαρμόσαι
3440 5036 3531 5089 τὸν

284 5135 739 5209 μνημονευθέντα
786 5136 897 5206 βίον
923 5154 936 5168 ο
980 5136 1053 5196 ὡς
1075 5134 1139 5188 ἄν
1154 5151 1235 5196 τις
1255 5136 1462 5199 γένοιτο
1490 5137 1621 5206 ἡμῖν
1648 5137 1712 5187 ἐκ
1739 5134 1848 5187 τῶν
1894 5133 2304 5205 προειρημένων
2354 5132 2491 5206 πρὸς
2535 5133 2625 5187 τὸν
2659 5133 2780 5186 κατ’
2807 5133 3006 5206 ἀρετὴν
3035 5133 3149 5202 βίον
3187 5131 3530 5201 συνεισφορά.

296 5227 689 5297 ’Δναλάόωμεν
715 5226 892 5279 τοίνυν
920 5226 1016 5296 τὴν
1046 5227 1216 5297 ἀρχὴν
1244 5225 1337 5279 τοῦ
1377 5227 1503 5295 περὶ
1541 5225 1705 5279 αὐτοῦ
1735 5226 2092 5296 διηγήματος.
