3996 6476
1763 346 1822 402 8.
1853 343 2180 403 GBEGORll
2217 341 2515 398 NYSSENI

563 498 3705 531 Μ

1101 688 1512 780 ΘΕΩΡΙΑ
1574 688 1746 774 ΕΙΣ
1807 685 2032 770 TON
2108 681 2334 768 ΤΟΥ
2405 678 2850 768 ΜΩΣΕΩΣ
2923 679 3209 764 ΒΙΟΝ.

933 1037 1442 1129 MYSTICA
1499 1027 2482 1123 INTEBPRETATIO
2531 1027 2858 1120 VITIE
2913 1022 3392 1116 MOYSlS.

615 1408 752 1465 Cum
780 1405 1138 1462 masculinam
1166 1401 1476 1458 Iudaeorum
1519 1403 1724 1473 prolem
1763 1401 1979 1472 tyranni
2017 1402 2104 1457 lex

529 1487 900 1556 occidendam
946 1497 1156 1560 statuit,
1212 1503 1343 1550 tunc
1383 1494 1593 1566 Moyses
1640 1494 1904 1550 nascitur.
1957 1493 2106 1558 Quo-

2137 1277 2203 1289 -ο

2132 1404 2176 1461 Α

2273 1397 2405 1449 Ὅτε
2429 1389 2883 1462 καταφθείρεσθαι
2917 1389 2978 1442 τὸ
3003 1388 3170 1458 ἄρρεν
3198 1388 3228 1439 6
3257 1384 3569 1456 τυραννικὸς
3595 1385 3746 1442 διεκε-

2210 1488 2394 1541 λεύετο
2423 1487 2584 1556 νόμος
2605 1500 2620 1514 ο
2657 1483 2780 1536 τότε
2811 1482 3063 1550 γεννᾶται
3093 1482 3120 1532 6
3149 1480 3371 1548 Μωσῆς.
3404 1480 3526 1542 Πῶς
3555 1476 3640 1532 οὖν
3663 1483 3746 1552 τὴν

548 1608 673 1647 nam
708 1591 872 1662 igitur
895 1597 1072 1660 pacto,
1121 1589 1266 1643 dicet
1293 1588 1588 1658 quispiam,
1626 1587 1704 1641 sic
1740 1593 1867 1640 tunc
1901 1585 2040 1640 forte
2077 1599 2109 1638 a

2211 1578 2533 1650 συντυχικὴν
2584 1575 2678 1629 τοῦ
2740 1573 2932 1644 ἀνδρὸς
2986 1573 3236 1642 γέννησιν
3288 1573 3352 1624 ἐκ
3409 1572 3749 1641 προαιρέσεως

548 1693 779 1756 tyranno
803 1683 888 1737 lex
914 1681 1174 1736 adversus
1208 1678 1442 1734 infantes
1473 1680 1581 1732 lata
1606 1685 1710 1742 est,
1741 1692 1865 1731 cum
1899 1677 2109 1747 Moyses

548 1774 601 1829 in
643 1775 834 1829 matris
869 1781 1058 1828 ventre
1094 1773 1390 1837 ferebatur,
1427 1769 1736 1840 hujusmodi
1765 1785 1864 1838 ego
1890 1777 2105 1839 partum

547 1863 748 1917 imitari
781 1862 1006 1933 potero?
1039 1859 1149 1916 Nec
1180 1861 1323 1916 enim
1357 1861 1409 1914 in
1443 1865 1708 1929 potestate
1746 1858 1983 1913 hominis
2005 1865 2107 1922 est,

545 1968 668 2007 cum
711 1954 966 2016 voluerit,
999 1951 1172 2006 nasci.
1209 1949 1314 2004 Sed
1363 1950 1465 2003 hoc
1504 1949 1756 2004 litteralis
1792 1963 1987 2003 sensus
2021 1948 2106 2001 hi-

543 2044 727 2098 storia:
753 2051 855 2107 est,
887 2057 1008 2113 quae
1041 2049 1100 2096 ut
1131 2039 1199 2094 ad
1236 2055 1416 2095 mores
1453 2039 1911 2104 accommodetur,
1945 2038 2107 2092 altius

543 2131 912 2202 intelligenda.
937 2130 1143 2185 Cuncta
1165 2145 1294 2200 ergo
1316 2145 1436 2199 qua:
1464 2130 1516 2182 in
1540 2128 1840 2183 mutatione
1871 2143 1934 2182 ac
1960 2127 2106 2182 fluxu

545 2224 722 2293 posita
760 2231 909 2288 sunt,
953 2238 1234 2293 nunquam
1273 2221 1426 2276 firma
1459 2230 1698 2287 manent,
1741 2220 1835 2276 sed
1875 2221 2106 2276 alterum

544 2330 612 2370 ex
638 2317 812 2369 altero
856 2315 1112 2384 gignitur,
1167 2321 1220 2368 et
1245 2321 1340 2366 aut
1376 2313 1441 2366 ad
1483 2313 1699 2376 melius,
1737 2320 1829 2364 aut
1853 2311 1918 2365 ad
1951 2311 2107 2381 pejus

546 2422 760 2476 semper
788 2407 966 2460 exitus
989 2408 1066 2460 lit.
1098 2405 1156 2459 In
1187 2404 1498 2458 hominibus
1531 2413 1709 2457 autem
1732 2403 1969 2458 carnalis
1993 2403 2107 2457 haec

542 2506 597 2552 et
623 2497 1090 2567 perturbationum
1141 2497 1299 2566 plena
1346 2495 1654 2564 dispositio,
1704 2509 1826 2563 qua
1875 2501 2106 2563 tyranno

544 2603 609 2642 ac
645 2589 784 2642 hosti
813 2589 1034 2642 humani
1064 2587 1279 2660 generis
1319 2587 1513 2658 placet,
1535 2598 1616 2639 ‘ac
1645 2585 1768 2639 ideo
1807 2599 1925 2640 eam
1963 2584 2106 2638 fovet

543 2681 764 2751 vitaque
801 2680 988 2745 donat,
1038 2695 1135 2750 per
1180 2679 1500 2735 muliebrem
1544 2692 1732 2733 sexum
1776 2677 2101 2732 ostenditur.

2206 1674 2368 1744 ἡμεῖς
2421 1667 2795 1742 μιμησόμεθα;
2831 1665 2905 1718 Οὔ
2961 1665 3069 1736 γὰρ
3117 1663 3180 1735 δὴ
3213 1665 3306 1717 καὶ
3351 1663 3511 1717 τοῦτο
3542 1664 3642 1716 τῶν
3677 1671 3748 1741 ἐφ’

2207 1771 2338 1840 ἡμῖν
2371 1763 2503 1820 εἶναι
2570 1764 2781 1827 πάντως
2824 1764 2940 1832 ἐρεῖ
2966 1778 3079 1826 τις,
3113 1759 3253 1813 ὥστε
3282 1762 3617 1832 μιμήσασθαί
3651 1782 3753 1820 τινα

2207 1865 2272 1933 τῇ
2315 1860 2435 1915 καθ’
2463 1859 2654 1914 ἑαυτὸν
2680 1857 2927 1926 γεννήσει
2971 1855 3062 1908 τὸν
3099 1855 3382 1925 εὐδόκιμον
3412 1856 3592 1912 τόκον.
3635 1861 3752 1916 Ἀλλ’

2207 1954 2356 2008 οὐδὲν
2380 1950 2612 2023 χαλεπὸν
2636 1988 2651 2013 ,
2680 1950 2742 2002 ἐκ
2784 1947 2879 2000 τοῦ
2913 1946 3193 2010 δοκοῦντος
3225 1946 3643 2022 δυσχερεστέρου
3672 1955 3756 2023 τῆς

2211 2045 2494 2116 μιμήσεως
2521 2039 2826 2111 ἄρξασθαι·
2864 2037 2948 2101 τίς
2986 2037 3093 2108 γὰρ
3129 2038 3229 2091 οὐκ
3257 2033 3429 2099 οἶδεν,
3460 2040 3545 2092 ὅτι
3589 2045 3685 2095 πᾶν
3706 2043 3756 2097 τδ

2207 2138 2265 2190 ἐν
2298 2134 2574 2190 ἀλλοιώσει
2605 2131 2854 2202 κείμενον
2878 2169 2892 2192 ,
2917 2129 3169 2182 οὐδέποτε
3197 2128 3326 2182 αὐτὸ
3349 2131 3432 2198 ἐφ’
3455 2131 3646 2184 ἐαυτοῦ
3678 2134 3760 2203 μέ.

2207 2242 2287 2280 νει
2309 2241 2324 2256 ·
2360 2223 2472 2278 ἀλλ’
2502 2223 2687 2292 ἕτερον
2719 2219 2779 2286 ἐξ
2803 2219 2987 2289 ἐτέρου
3019 2219 3246 2272 πάντοτε
3274 2219 3476 2286 γίνεται
3506 2259 3520 2283 ,
3556 2221 3683 2290 πρὸς
3710 2223 3760 2275 τδ

2207 2319 2472 2387 κρεῖττον,
2514 2314 2546 2386 ἦ
2573 2313 2709 2384 πρὸς
2739 2312 2800 2364 τὸ
2826 2313 3002 2382 χεῖρον
3033 2313 3120 2365 ἀεὶ
3149 2311 3249 2381 τῆς
3279 2312 3616 2376 ἀλλοιώσεως
3637 2316 3762 2386 ἐνερ-

2207 2407 2512 2478 γουμένης;
2557 2405 2799 2459 Νοείσθω
2851 2405 2906 2458 δέ
2949 2404 3073 2457 καθ’
3105 2404 3378 2458 ὑπόθεσιν.
3417 2405 3483 2456 Ἥ
3541 2406 3635 2474 μὲν
3669 2406 3762 2478 γὰρ

2207 2498 2366 2569 ὑλική
2397 2515 2457 2550 τε
2492 2498 2583 2550 καὶ
2625 2495 3009 2566 ἐμπαθεστέρα
3041 2494 3277 2558 διάθεσις
3300 2535 3315 2557 ,
3351 2495 3486 2566 πρὸς
3525 2496 3590 2566 ἢν
3631 2498 3764 2566 ἡάν-

2208 2586 2451 2659 θρωπίνη
2499 2585 2660 2655 φύσις
2711 2583 3188 2638 κατολισθαίνουσα
3247 2584 3468 2652 φέρεται
3495 2622 3514 2648 ,
3557 2585 3618 2636 τὸ
3647 2586 3764 2654 θῆλυ

2207 2679 2305 2750 τῆς
2339 2677 2484 2747 ζωῆς
2508 2717 2522 2741 ,
2554 2676 2582 2729 ὃ
2616 2674 2693 2745 τῷ
2722 2675 2966 2744 τυράννῳ
2996 2672 3145 2742 φίλον
3175 2673 3290 2725 ἐστὶ
3315 2671 3761 2743 ζωογονούμενον·

543 2771 731 2827 Virilis
764 2787 892 2825 vero
933 2780 1122 2842 partus
1153 2779 1384 2841 tyranno
1418 2767 1666 2822 infensus
1707 2776 1760 2822 et
1794 2775 2103 2836 suspectus,

2209 2746 2271 2824 το
2288 2771 2343 2822 δὲ
2365 2768 2732 2839 κατεσκληκός
2757 2783 2813 2818 τε
2845 2768 2940 2820 καὶ
2971 2766 3219 2819 σύντονον
3239 2766 3338 2834 τῆς
3371 2765 3581 2835 ἀρετῆς
3601 2805 3616 2826 ,
3644 2766 3671 2818 ὁ
3694 2767 3769 2818 ἀν-

543 2880 614 2920 ne
646 2865 782 2919 forte
824 2864 1119 2919 seditiones
1172 2865 1226 2917 in
1262 2876 1428 2932 regno
1479 2866 1716 2924 moveat,
1766 2859 1995 2929 rigidam
2051 2867 2106 2914 et

544 2956 742 3011 fortem
782 2958 1036 3010 virtutem
1065 2954 1354 3025 signiﬁcat.
1389 2951 1484 3007 Est
1513 2963 1696 3006 autem
1727 2952 1835 3005 vita
1867 2951 2104 3006 humana

544 3043 832 3099 mutationi
873 3058 1087 3112 semper
1121 3041 1402 3112 supposita
1432 3058 1446 3094 :
1477 3043 1666 3109 ‘quare
1708 3046 1944 3109 oportet,
1981 3055 2105 3094 cum

545 3153 652 3190 non
683 3136 754 3191 sit
788 3144 988 3190 aeterna
1024 3144 1078 3189 et
1124 3133 1499 3194 immutabilis,
1543 3147 1760 3202 semper
1797 3132 1971 3186 nasci.
2014 3130 2107 3185 Sic

542 3235 723 3282 autem
750 3226 898 3282 nasci
933 3241 1039 3280 non
1073 3225 1248 3280 aliena
1282 3225 1337 3277 lit
1369 3222 1721 3293 appetitione,
1768 3238 1876 3276 non
1898 3223 2104 3277 extrin-

545 3332 726 3382 secus,
760 3325 818 3370 ut
849 3317 904 3370 in
936 3314 1208 3385 corporali
1240 3314 1539 3375 nativitate,
1569 3313 1663 3368 sed
1691 3311 1956 3366 electione
1986 3326 2110 3382 pro-

545 3410 665 3479 pria
713 3408 1093 3476 unusquisque
1128 3405 1420 3460 nascitur:
1459 3403 1603 3458 unde
1642 3404 1720 3468 fit,
1771 3413 1831 3456 ut
1872 3418 1973 3457 nos
2004 3403 2107 3472 ipsi

545 3506 730 3569 patres
778 3495 1179 3566 quodammodo
1229 3494 1402 3549 simus
1454 3493 1649 3557 nostri,
1707 3494 2110 3564 qualescunque

547 3605 648 3645 nos
676 3590 927 3642 volumus
954 3587 1221 3642 electione
1247 3586 1551 3656 gignentes,
1578 3596 1632 3640 et
1669 3596 1762 3639 aut
1785 3602 1990 3641 marem
2017 3595 2110 3640 aut

548 3678 826 3741 feminam,
858 3677 974 3732 vitii
1012 3691 1076 3731 ac
1102 3677 1320 3732 virtutis
1346 3675 1561 3730 ratione
1603 3675 1891 3746 ﬁngentes.
1926 3675 2110 3746 Itaque

547 3769 674 3823 licet
712 3769 869 3823 nobis
903 3766 1168 3838 profecto,
1200 3782 1324 3821 cum
1363 3765 1650 3822 audiamus
1689 3774 1894 3837 quanta
1940 3767 2110 3821 hostis

549 3869 732 3914 noster
761 3858 997 3912 allicitur
1036 3859 1297 3912 maestitia
1336 3857 1652 3914 masculina
1683 3857 1874 3928 prolis,
1913 3858 1968 3912 id
2004 3865 2110 3922 est,

547 3955 747 4005 virtute
777 3950 986 4020 prmditi
1013 3951 1116 4003 viri
1149 3948 1468 4004 nativitate:
1501 3949 1649 4014 licet,
1681 3948 1925 4019 inquam,
1953 3950 2112 4004 nobis

549 4059 728 4098 mares
760 4058 856 4098 nos
891 4044 1037 4112 ipsos
1068 4043 1290 4114 gignere
1315 4057 1379 4098 ac
1412 4042 1729 4112 parentibus
1762 4043 1987 4105 nostris,
2017 4057 2112 4096 co-

549 4134 904 4203 gitationibus
943 4133 1153 4188 scilicet
1192 4133 1350 4188 bonis
1396 4148 1518 4204 quae
1558 4134 1816 4189 virtutem
1869 4133 2106 4204 pariunt,

548 4224 882 4290 voluptatein
916 4223 1107 4276 adferre
1132 4240 1147 4276 :
1172 4222 1414 4290 jucunda
1442 4224 1586 4278 enim
1618 4234 1700 4279 est
1722 4224 1978 4295 cogitatio
2001 4225 2110 4278 vir-

549 4313 704 4366 tutis.
741 4311 872 4376 Qna:
897 4314 1147 4382 voluptas
1181 4311 1340 4368 facile
1366 4313 1516 4379 facit,
1545 4323 1603 4368 ut
1629 4315 1682 4368 in
1713 4315 1910 4369 virtute
1930 4330 2112 4385 perse-

551 4414 818 4462 veremus,
860 4409 920 4453 ut
964 4409 1156 4454 contra
1196 4401 1511 4471 tyrannicas
1555 4403 1719 4456 etiam
1767 4403 1910 4472 leges
1950 4414 2113 4474 atque

551 4491 803 4546 instituta
833 4493 1103 4546 vivamus.
1146 4493 1201 4546 Id
1232 4492 1400 4561 igitur
1429 4493 1713 4564 aenigmate
1745 4494 1984 4549 historia:
2019 4509 2114 4549 ve-

551 4583 686 4637 ritas
730 4597 830 4637 nos
865 4583 1042 4645 docet,
1090 4589 1146 4635 ut
1176 4583 1322 4636 omni
1370 4583 1651 4651 diligentia
1695 4583 2011 4639 studeamus
2056 4584 2112 4639 in

552 4675 656 4729 hoc
679 4683 856 4742 partu,
881 4675 972 4743 qui
1011 4674 1066 4728 in
1097 4675 1252 4730 nobis
1287 4682 1391 4742 est,
1443 4675 1516 4728 ita
1543 4677 1717 4741 nasci,
1749 4685 1807 4730 ut
1836 4677 1976 4732 hosti
2015 4693 2114 4732 no-

551 4773 667 4821 stro
702 4775 888 4836 partus
921 4775 1110 4825 noster
1142 4768 1405 4822 molestus
1445 4769 1551 4834 sit;
1601 4783 1757 4823 nemo
1794 4771 1936 4822 enim
1969 4769 2112 4824 hosti

552 4857 869 4910 maestitiam
909 4856 1085 4921 affert,
1124 4859 1229 4913 nisi
1281 4874 1344 4915 ea
1393 4860 1546 4930 signa
1590 4860 1860 4920 ostendat,
1914 4861 2112 4928 quibus

551 4948 642 5002 ille
675 4947 875 5001 victum
914 4963 972 5002 se
1012 4949 1184 5018 possit
1229 4965 1576 5021 cognoscere.
1617 4949 1713 5005 Est
1749 4960 1927 5005 autem
1967 4950 2114 5022 ejus-

551 5039 675 5095 dem
724 5041 1018 5094 voluntatis
1063 5041 1358 5096 masculam
1407 5042 1569 5096 edere
1612 5042 1838 5110 prolem,
1879 5056 1944 5095 ac
1991 5058 2111 5097 eam

553 5131 946 5185 convenienter
975 5133 1209 5196 nutrire,
1241 5140 1296 5185 et
1331 5132 1603 5200 quomodo
1641 5132 1693 5184 in
1726 5133 1882 5199 aquis
1913 5133 2113 5186 salvari

553 5221 746 5291 possit,
782 5220 1082 5289 providere.
1116 5219 1248 5274 Nam
1273 5222 1366 5291 qui
1396 5221 1534 5274 hosti
1561 5229 1748 5289 partus
1782 5237 1910 5276 suos
1946 5222 2113 5276 inter-

554 5312 812 5368 ficiendos
850 5312 1186 5375 condonant,
1218 5313 1272 5366 hi
1304 5311 1480 5366 nudos
1511 5311 1647 5366 filios
1673 5312 1928 5367 ﬂuctibus
1955 5329 2114 5383 expo-

551 5414 710 5458 nunt.
754 5401 1003 5458 Fluctum
1053 5413 1230 5456 autem
1263 5417 1529 5472 aquarum
1580 5403 1719 5456 hanc
1761 5405 1928 5456 vitam
1966 5406 2110 5471 dico,

553 5495 609 5548 in
641 5510 746 5564 qua
779 5493 1281 5564 perturbationibus
1313 5494 1539 5549 alternis
1578 5493 1734 5546 multi
1780 5495 2108 5549 obruuntur.

552 5585 621 5639 At
650 5601 776 5640 vero
801 5585 1157 5654 cogitationes
1185 5592 1351 5639 casta:
1375 5599 1438 5639 ac
1471 5584 1708 5654 providae
1726 5586 1897 5640 virilis
1927 5595 2114 5654 partus

553 5685 825 5744 parentes.
863 5676 908 5730 si
944 5674 1160 5744 quando
1191 5677 1314 5729 vitae
1355 5675 1682 5730 necessitate
1717 5675 1852 5729 bona
1892 5677 2115 5746 pignora

555 5776 821 5834 cogantur
856 5766 1110 5822 ﬂuctibus
1155 5767 1276 5821 vitae
1313 5765 1474 5834 hujus
1523 5781 1816 5835 exponere,
1866 5766 1954 5822 illa
1998 5784 2116 5821 nul-

2204 2858 2412 2931 δρώδης
2453 2859 2644 2924 τόκος,
2687 2860 2716 2911 6
2754 2857 3010 2927 πολέμιος
3053 2857 3130 2928 τῷ
3169 2858 3449 2928 τυράννῳ,
3508 2859 3604 2911 καὶ
3648 2859 3767 2930 πρὸς

2206 2952 2571 3007 ἐπανάστασιν
2621 2951 2719 3022 τῆς
2749 2953 2922 3022 ἀρχῆς
2967 2948 3129 3004 αὐτοῦ
3164 2949 3420 3012 ὕποπτος.
3465 2953 3566 3004 Δεῖ
3602 2947 3690 3004 οὖν
3719 2951 3771 3004 τὸ

2206 3042 2584 3113 ἀλλοιούμενόν
2615 3059 2737 3106 που,
2775 3043 2861 3095 ἀεὶ
2890 3041 3107 3104 πάντως
3132 3041 3440 3109 γεννᾶσθαι.
3475 3042 3558 3095 Ού
3591 3041 3771 3114 γὰρᾶν

2205 3148 2258 3184 τι
2281 3131 2388 3184 τῶν
2416 3131 2645 3184 πάντοτε
2674 3129 2931 3191 ὡσαύτως
2957 3130 3216 3200 ἐχόντων,
3250 3131 3308 3182 ἐν
3337 3133 3401 3202 τῇ
3439 3134 3652 3201 τρεπτῇ
3683 3130 3773 3199 φύ-

2210 3239 2293 3275 σει
2333 3221 2660 3293 θεωρηθείη.
2690 3222 2765 3276 Τὸ
2806 3222 2863 3275 δὲ
2891 3221 3034 3274 οὕτω
3064 3221 3355 3290 γεννᾶσθαι
3387 3223 3492 3276 οὐκ
3538 3225 3599 3290 ἐξ
3632 3223 3772 3277 ἀλλος

2207 3313 2364 3384 τρίας
2392 3315 2539 3367 ἐστὶν
2575 3313 2786 3385 ὁρμῆς,
2817 3313 2938 3366 καθ’
2972 3314 3260 3384 ὁμοιότητα
3303 3314 3410 3367 τῶν
3456 3315 3774 3384 σωματικῶς

2207 3406 2268 3458 τὸ
2319 3404 2530 3476 συμϐὰν
2561 3404 3018 3473 ἀπογεννιῦντωνο
3069 3405 3182 3458 ἀλλ’
3228 3407 3292 3458 ἐκ
3329 3406 3706 3476 προαιρέσεως
3749 3405 3773 3455 ὁ

2207 3495 2446 3559 τοιοῦτος
2486 3494 2692 3563 γίνεται
2745 3495 2921 3558 τόκος.
2969 3495 3077 3548 Καί
3128 3497 3293 3566 ἐσμεν
3338 3497 3554 3550 ἑαυτῶν
3591 3496 3778 3568 τρόπον

2207 3587 2328 3640 τινὰ
2349 3585 2582 3657 πατέρες
2600 3627 2614 3652 ,
2643 3587 2866 3650 ἑαυτοὺς
2895 3587 3037 3651 οἴους
3065 3586 3131 3640 ἂν
3155 3587 3449 3657 ἐθέλωμεν,
3487 3588 3774 3666 τίκτοντες,

2210 3679 2305 3734 καὶ
2339 3679 2447 3733 ἀπὸ
2473 3679 2572 3749 τῆς
2615 3679 2748 3743 ίδίας
2782 3679 3153 3750 προαιρέσεως
3184 3681 3264 3743 εἰς
3300 3680 3440 3750 ὅπερ
3478 3679 3545 3732 ἂν
3594 3679 3778 3733 ἐθέλω·

2214 3789 2313 3842 μεν
2343 3768 2480 3835 εἶδος
2498 3812 2512 3836 ,
2543 3771 2576 3842 ἢ
2604 3772 2770 3842 ἄρρεν
2799 3772 2832 3842 ἢ
2867 3771 3000 3840 θῆλυ
3018 3811 3034 3837 ,
3060 3771 3139 3842 τῷ
3157 3773 3254 3842 τῆς
3288 3772 3494 3842 ἀρετῆς
3521 3773 3555 3843 ἢ
3593 3772 3778 3834 κακίας

2210 3863 2354 3934 λόγῳ
2389 3863 2861 3933 διαπλασσόμενοι.
2906 3864 3013 3916 Καὶ
3044 3863 3217 3930 ἔξεστι
3246 3864 3340 3916 καὶ
3370 3865 3510 3933 ἡμῖν
3552 3864 3780 3925 πάντως,

2211 3953 2434 4016 ἄκοντος
2499 3953 2595 4007 τοῦ
2651 3955 2914 4024 τυράννου
2974 3955 3067 4008 καὶ
3125 3953 3465 4023 λυπουμένου
3495 3996 3511 4020 ,
3571 3953 3666 4006 ἐπὶ
3721 3955 3779 4022 τῇ

2212 4045 2529 4116 ἀστειοτέρᾳ
2560 4047 2809 4116 γεννήσει
2835 4045 3122 4116 παρελθεῖν
3151 4061 3211 4097 τε
3249 4045 3329 4108 είς
3360 4044 3478 4112 φῶς
3497 4084 3513 4107 ,
3556 4045 3653 4098 καὶ
3683 4045 3784 4105 τοῖς

2211 4137 2424 4208 γονεῦσι
2456 4138 2548 4191 τοῦ
2588 4138 2751 4193 καλοῦ
2786 4137 2974 4192 τούτου
3009 4140 3288 4208 κυήματος
3340 4138 3624 4209 (λογισμοὶ
3660 4136 3704 4189 δ’
3726 4134 3786 4188 ἂν

2211 4224 2320 4280 εἷεν
2354 4223 2498 4281 οὗτοι
2531 4229 2581 4280 οἱ
2615 4229 2714 4298 τῆς
2737 4228 2936 4298 ἀρετῆς
2965 4229 3236 4297 γινόμενοι
3265 4227 3542 4298 πατέρες)
3565 4223 3787 4296 ὀφθῆναί

2211 4334 2271 4369 τε
2316 4315 2435 4386 μεθ’
2475 4316 2668 4387 ἡδονῆς
2689 4354 2705 4380 ,
2742 4317 2837 4370 καὶ
2871 4316 3298 4387 ζωογονηθῆναν
3329 4317 3434 4370 κᾶν
3467 4315 3787 4369 ὑπεναντίον

2209 4403 2243 4478 ᾖ
2271 4407 2348 4476 τῷ
2371 4407 2465 4460 τοῦ
2495 4409 2755 4478 τυράννου
2783 4410 3107 4479 φρονήματι.
3139 4408 3346 4464 Οὐκοῦν
3368 4451 3384 4474 ,
3412 4409 3491 4473 ὡς
3523 4410 3592 4462 ἄν
3620 4425 3704 4472 τις
3730 4408 3787 4460 ὲκ

2211 4500 2311 4567 τῆς
2345 4499 2581 4569 ἱστορίας
2609 4500 2708 4564 τὰς
2735 4500 2990 4572 ἀφορμὰς
3016 4501 3216 4563 λαϐὼν,
3244 4503 3336 4553 ἐπὶ
3364 4502 3426 4554 τὸ
3451 4502 3787 4572 γυμνότερον

2210 4590 2560 4644 διακαλύπτοι
2604 4591 2664 4644 τὸ
2712 4589 2941 4662 αἴνιγμα
2967 4609 2982 4624 ·
3026 4592 3184 4646 τοῦτο
3235 4592 3476 4646 διδάσκει
3538 4595 3570 4645 ὁ
3621 4589 3785 4659 λόγος.

2175 4732 2180 4736 ,
2213 4679 2385 4749 ἀρχὴν
2409 4679 2501 4730 τοῦ
2536 4679 2656 4731 κατ’
2690 4679 2888 4750 ἀρετὴν
2927 4682 3198 4734 ποιεῖσθαι
3231 4682 3347 4752 βίου
3367 4724 3382 4748 ,
3426 4683 3488 4736 τὸ
3523 4684 3623 4736 ἐπὶ
3657 4682 3786 4748 λύπῃ

2211 4770 2304 4823 τοῦ
2337 4769 2527 4840 ἐχθροῦ
2548 4770 2886 4841 γεννηθῆναι,
2918 4772 2978 4823 ἐν
3009 4771 3086 4841 τῷ
3109 4772 3332 4844 τοιούτῳ
3366 4775 3514 4843 φημὶ
3551 4773 3657 4842 τῆς
3678 4788 3788 4840 γεν-

2213 4864 2417 4932 νήσεως
2444 4863 2572 4916 εἴδει
2591 4907 2603 4928 ,
2636 4860 2704 4934 ἦς
2735 4865 2768 4935 ἡ
2810 4864 3126 4934 προαίρεσις
3158 4865 3253 4935 τὴν
3285 4865 3446 4918 ὠδῖνα
3476 4867 3788 4935 μαιεύεται.

2213 4954 2288 5006 Ού
2313 4953 2420 5025 γὰρ
2449 4955 2513 5008 ἄν
2549 4973 2631 5018 τις
2662 4955 2920 5026 λυπήσειε
2946 4955 3036 5010 τὸν
3080 4956 3369 5009 ἀντίπαλον
3389 4997 3403 5019 ,
3447 4957 3530 5027 μὴ
3571 4956 3788 5009 τοιαῦτα

2212 5044 2422 5107 δεικνὺς
2449 5046 2532 5114 ἐφ’
2563 5047 2755 5100 ἐαυτοῦ
2778 5048 3161 5117 γνωρίσματα,
3198 5045 3286 5102 οἷα
3308 5051 3408 5119 τῆς
3431 5051 3564 5102 κατ’
3582 5050 3790 5101 ἐκείνου

2213 5135 2368 5205 νίκης
2397 5139 2670 5208 τεκμήρια
2693 5138 2957 5205 γίνεσθαι.
2977 5141 3086 5210 Τῆς
3106 5141 3162 5192 δὲ
3196 5141 3366 5210 αὐτῆς
3414 5141 3791 5210 προαιρέσεως

2214 5225 2430 5289 πάντως
2461 5228 2613 5288 ἐστὶ,
2661 5229 2917 5298 γεννῆσαί
2961 5247 3022 5282 τε
3077 5231 3138 5284 τὸ
3188 5230 3429 5300 ἀνδρεῖον
3483 5231 3658 5282 τοῦτο
3709 5228 3794 5279 καὶ

2213 5315 2466 5386 ἐνάρετον
2495 5315 2757 5389 γέννημα·
2784 5320 2878 5374 καὶ
2901 5324 3019 5384 ταῖς
3041 5320 3406 5390 καθηκούσαις
3433 5322 3680 5390 τροφαῖς
3717 5335 3790 5369 τι·

2216 5405 2552 5476 θηνήσασθαι
2575 5425 2592 5439 ο
2628 5412 2720 5462 καὶ
2747 5413 2894 5475 ὅπως
2931 5411 2994 5465 ἂν
3038 5415 3102 5465 ἐκ
3140 5411 3234 5464 τοῦ
3275 5412 3461 5474 ὕδατος
3497 5410 3794 5476 διασωθείη

2215 5497 2438 5561 ἀπαθῶς
2469 5502 2887 5571 προνοήσασθαι.
2923 5505 2983 5556 Οἱ
3012 5505 3107 5574 μὲν
3139 5503 3246 5574 γὰρ
3271 5503 3346 5573 τῷ
3381 5505 3648 5573 τυράννῳ
3678 5503 3796 5561 τοὺς

2214 5589 2405 5651 τόκους
2435 5591 2612 5643 αὐτῶν
2646 5593 3009 5662 χαριζόμενοι,
3046 5595 3227 5663 γυμνά
3255 5612 3314 5647 τε
3348 5596 3437 5648 καὶ
3471 5596 3798 5665 ἀπρονόητα

2216 5676 2293 5744 τῷ
2329 5678 2528 5748 ῥείθρῳ
2552 5682 2622 5732 τὰ
2649 5681 2811 5734 τέκνα
2843 5682 3150 5736 διαδιδόασι.
3199 5685 3434 5754 Ῥεῖθρον
3461 5684 3528 5736 δὲ
3551 5685 3653 5737 τοῦ
3683 5683 3793 5751 βίου

2219 5770 2382 5837 φημὶ,
2409 5769 2497 5822 τὸν
2523 5774 2629 5833 τοῖς
2658 5773 2973 5843 ἐπαλλήλοις
2998 5775 3190 5828 πάθεσι
3217 5775 3684 5846 κυματούμενονς
3715 5775 3794 5841 ὑφ’
