3996 6462
222 384 333 442 329

1550 373 1637 428 DE
1676 372 1840 427 Vl'l‘A
1876 371 2151 429 MOYSIS.

3343 375 3447 432 350

222 499 289 562 οὗ
331 502 392 557 τδ
424 502 483 556 ὲν
533 500 611 573 τῷ
654 500 851 573 ῥείθρῳ
895 498 1208 571 γινόμενον,
1242 495 1566 569 ὑποϐρύχιον
1617 511 1784 548 κατα-

1900 493 2043 548 ιίιιηι
2068 492 2277 557 arcula,
2292 506 2364 547 ne
2391 492 2659 547 undarum
2679 490 2883 564 impetu
2898 493 3335 562 submergantur.
3352 494 3449 553 Est

224 596 406 652 δύεταί
435 612 495 649 τε
527 596 620 647 καὶ
649 593 1060 663 καταπνίγεται.
1105 594 1167 645 Oi
1201 591 1257 644 δὲ
1296 589 1567 660 σώφρονές
1599 606 1658 640 τε
1691 587 1785 641 καὶ

224 685 570 758 προνοητικολ.
598 683 926 753 λογισμοὶ,οί
950 684 1045 753 τῆς
1068 681 1313 752 ἀνδρείας
1342 680 1502 750 γονῆς
1533 678 1782 749 πατέρες,

224 779 354 832 ὅταν
384 777 642 845 κατάγειν
671 777 803 846 πρὸς
836 775 904 828 τά
935 775 1033 845 τῆς
1070 773 1211 843 ζωῆς
1246 772 1461 841 κύματα
1499 771 1557 823 τὸ
1585 769 1786 839 ἀγαθὸν

222 872 445 938 ἔκγονον
474 871 506 939 ἡ
535 867 629 921 τοῦ
672 867 784 937 βίου
818 867 1028 937 ἀνάγκη
1079 865 1329 935 βιάσηται
1352 905 1367 928 ,
1398 862 1612 932 κιϐωτῷ
1654 862 1787 933 πρὸς

222 960 286 1013 τὸ
318 960 391 1031 μὴ
425 958 675 1026 γενέσθαι
726 957 904 1026 βύθιον
951 955 1041 1008 τὸν
1084 954 1161 1024 τῷ
1199 953 1396 1025 ῥείθρῳ
1439 953 1656 1006 δοθέντα
1686 969 1785 1006 κα-

223 1049 660 1119 τασφαλίζονται.
695 1048 939 1109 Κιϐωτδς
973 1047 1015 1099 δ’
1050 1046 1115 1099 ἂν
1157 1048 1239 1116 εἴη
1280 1047 1343 1098 ὲκ
1373 1045 1641 1113 διαφόρων
1695 1062 1787 1097 σα-

223 1141 382 1194 νίδων
416 1139 826 1209 συμπεπηγυῖα,
857 1139 889 1208 ἡ
920 1139 983 1189 ὲκ
1014 1137 1270 1189 ποικίλων
1297 1134 1630 1204 μαθημάτων
1660 1151 1790 1204 συμ-

222 1230 550 1301 πηγνυμένη
578 1229 891 1295 παίδευσις,
935 1230 968 1298 ἡ
1001 1228 1111 1282 ἅνω
1158 1227 1269 1282 τῶν
1313 1227 1568 1297 κυμάτων
1602 1226 1693 1281 τὸν
1721 1226 1787 1279 δι’

224 1322 393 1392 αὐτῆς
423 1320 815 1392 ἐπιφερόμενον
861 1318 954 1372 τοῦ
1007 1318 1122 1389 βίου
1174 1318 1466 1387 ἀνέχουσα⁹
1505 1312 1572 1388 ἦς
1617 1317 1790 1388 ὑπαρ-

223 1411 426 1489 χούσης
445 1452 460 1477 ,
488 1412 606 1465 οὐδὲ
634 1412 725 1464 ἐπὶ
752 1411 885 1464 πολὺ
924 1410 1000 1481 τῷ
1032 1410 1176 1481 σάλῳ
1208 1410 1317 1462 τῶν
1349 1410 1550 1463 ὑδάτων
1579 1409 1788 1480 ἐμπλα-

222 1504 540 1575 νηθήσεται,
574 1506 691 1566 ταῖς
720 1503 826 1557 τῶν
857 1502 1112 1572 κυμάτων
1137 1504 1331 1571 ὁρμαῖς
1362 1502 1786 1573 συμφερόμενος

222 1597 341 1649 ἀλλ’
382 1597 476 1648 ἐπὶ
502 1596 596 1649 τοῦ
639 1594 901 1666 σταθεροῦ
938 1596 1036 1664 τῆς
1064 1593 1260 1663 ὄχθης,
1295 1592 1439 1646 τοῦτ’
1474 1593 1617 1646 ἔστιν
1639 1633 1654 1656 ,
1687 1592 1791 1658 ἔξω

223 1690 318 1741 τοῦ
351 1687 605 1757 βιωτικοῦ
640 1686 799 1740 σάλου
837 1686 1117 1754 γινόμενος
1140 1726 1154 1749 ,
1193 1684 1509 1754 αὐτομάτως
1551 1684 1654 1738 ὑπὸ
1694 1686 1792 1755 τῆς

227 1780 401 1851 φορᾶς
424 1778 529 1833 τῶν
561 1777 764 1831 ὑδάτων
816 1776 948 1848 πρὸς
979 1777 1039 1828 τὸ
1075 1776 1339 1846 σταθηρὸν
1388 1775 1788 1846 ἀπωσθήσεται.

1891 592 2071 637 autem
2104 582 2288 636 arcula
2322 582 2487 637 veluti
2516 582 2747 637 diversis
2773 599 2837 637 ex
2867 577 3141 639 asseribus
3167 596 3447 655 compacta

1891 674 2161 735 doctrina,
2206 681 2264 726 ιιι
2300 673 2553 737 arbitror,
2594 687 2657 726 ea
2706 689 2827 743 quae
2860 675 3045 729 multis
3081 683 3241 744 atque
3281 680 3449 733 variis

1890 783 1952 823 ex
1972 766 2275 835 disciplinis
2306 766 2359 819 in
2394 782 2557 819 unum
2591 766 2837 829 collecta,
2868 782 3029 836 super
3058 767 3263 824 ﬁuctus‘
3287 770 3450 840 hujus

1891 861 2014 913 vita:
2067 859 2257 921 fertur,
2307 874 2482 928 neque
2534 858 2777 926 immergi
2833 860 3052 926 patitur,
3103 860 3195 915 sed
3246 862 3449 931 impetu

1891 950 2178 1019 exagitata,
2225 948 2437 1003 tandem
2488 949 2552 1001 ad
2595 949 2842 1002 stabilem
2887 949 3057 1019 ripam
3102 962 3253 1006 extra
3288 952 3450 1020 hujus

1892 1044 2015 1097 vitae
2072 1043 2412 1095 turbationes
2463 1041 2703 1093 animum
2746 1041 2949 1095 educit.
2994 1041 3198 1096 Natura
3233 1046 3448 1113 quidem
3510 1058 3515 1063 '

1892 1136 2135 1204 ipsarum
2170 1149 2349 1188 rerum
2394 1133 2466 1187 ita
2498 1132 2609 1187 ﬁeri
2641 1133 2980 1188 crediderim.
3012 1132 3271 1190 Videmus
3308 1137 3452 1191 enim

1892 1227 2094 1295 reipsa,
2133 1224 2180 1279 si
2226 1223 2349 1294 quis
2384 1224 2589 1278 turbini
2624 1238 2689 1277 ac
2736 1224 2988 1293 procellis
3028 1225 3282 1281 humanae
3331 1228 3454 1282 vitae

1893 1317 2121 1379 resistit,
2167 1331 2268 1370 nec
2299 1330 2358 1370 se
2396 1315 2553 1369 obrui
2600 1315 2821 1385 patitur,
2849 1331 2969 1370 eum
3002 1331 3032 1369 a
3065 1328 3321 1387 corrupta
3353 1319 3453 1373 ho-

1894 1411 2100 1464 minum
2138 1410 2395 1464 societate
2448 1422 2511 1461 ac
2544 1408 2674 1472 vita,
2712 1415 2970 1476 tanquam
3003 1423 3142 1463 onus
3174 1425 3337 1481 grave
3368 1426 3456 1465 re-

1889 1501 1985 1573 jici
2015 1511 2176 1569 atque
2213 1498 2397 1569 repelli
2428 1515 2443 1551 :
2474 1514 2634 1567 quam
2668 1499 2759 1568 qui
2790 1498 3249 1569 eﬁugit,vagitum
3281 1501 3457 1556 imite—

1896 1600 1986 1646 tur
2014 1590 2232 1661 Moysis,
2283 1605 2381 1643 nec
2416 1590 2670 1660 lacrymis
2711 1600 2921 1660 parcat,
2953 1591 3079 1645 licet
3109 1593 3306 1646 arcula:
3336 1608 3456 1646 mu-

1896 1682 2137 1737 nimento
2166 1681 2237 1735 sit
2279 1687 2473 1735 tectus.
2518 1678 2779 1750 Lacryma
2816 1681 2962 1735 enim
3004 1680 3176 1736 ﬁdelis
3207 1684 3454 1751 quaedam

1896 1784 2082 1827 custos
2126 1786 2316 1826 eorum
2347 1778 2448 1836 est,
2483 1770 2576 1839 qui
2619 1786 2649 1824 a
2680 1772 2875 1826 virtute
2915 1773 3047 1826 salvi
3092 1771 3247 1827 ﬁunt.
3301 1772 3459 1839 Quod

231 1871 300 1923 Ὀ
327 1870 394 1940 δὴ
440 1869 534 1922 καὶ
580 1871 646 1940 τῇ
679 1868 842 1937 πείρᾳ
877 1866 1213 1937 μανθάνομεν
1238 1884 1250 1895 ·
1299 1867 1380 1919 ὅτι
1425 1867 1519 1921 καὶ
1564 1868 1687 1930 τοὺς
1721 1865 1795 1938 μὴ

1900 1866 1939 1919 si
1982 1866 2127 1935 regis
2172 1862 2375 1918 sterilis
2426 1862 2557 1925 lilia,
2606 1863 2852 1916 doctrina
2899 1864 3152 1919 videlicet
3198 1866 3455 1929 exterior,

229 1961 841 2031 συνδιαϐαπτιζομένους
867 1959 946 2012 ἔτι
982 1960 1100 2021 ταῖς
1146 1958 1509 2029 ἀνθρωπίναις
1539 1960 1793 2024 ἀπάταις,

226 2052 410 2109 αὐτῶν
430 2051 538 2105 τῶν
568 2050 906 2122 πραγμάτων
934 2050 967 2120 ἠ
990 2048 1217 2111 ἄστατός
1244 2066 1303 2101 τε
1324 2049 1417 2102 καὶ
1444 2048 1795 2120 πεφορημένη

226 2147 445 2216 κίνησις
474 2145 565 2212 ἀφ’
594 2145 788 2214 ἑαυτῆς
820 2142 1118 2195 ἀπωθεῖται
1142 2181 1157 2201 .
1190 2140 1376 2213 ὥσπερ
1409 2159 1461 2195 τι
1501 2140 1663 2210 βάρος
1696 2141 1799 2211 μά-

223 2255 412 2297 ταιον.
448 2238 572 2302 τοὺς
596 2236 683 2291 διὰ
706 2235 804 2305 τῆς
830 2231 1028 2302 ἀρετῆς
1065 2230 1411 2300 ἐνοχλοῦντας
1458 2231 1793 2301 λογιζομένη.

238 2327 301 2378 ὐ
354 2323 413 2379 δὲ
445 2323 549 2377 τῶν
596 2320 849 2374 τοιούτων
881 2320 985 2384 ἔξω
1029 2318 1318 2390 γενόμενος
1344 2362 1358 2386 ,
1396 2321 1665 2394 μιμείσθω
1706 2322 1797 2376 τὸν

226 2417 458 2477 Μωσέα,
482 2415 574 2469 καὶ
602 2414 676 2485 μὴ
706 2412 965 2483 φειδέσθω
990 2411 1096 2465 τῶν
1123 2411 1391 2483 δακρύων,
1418 2412 1519 2473 κᾶν
1546 2415 1603 2465 ὲν
1631 2412 1798 2467 κιϐωο

224 2508 309 2578 τῷ
348 2507 853 2578 κατησφαλισμένος
881 2506 1037 2577 τύχῃ.
1082 2508 1339 2577 Ἀκριϐὴς
1367 2507 1474 2576 γὰρ
1496 2507 1669 2577 φύλαξ
1692 2507 1800 2561 τῶν

226 2600 298 2655 δι’
330 2600 528 2671 ἀρετῆς
556 2598 894 2669 σωζομένων,
918 2597 978 2651 τὸ
1002 2597 1252 2668 δάκρυον.
1276 2599 1339 2651 Et
1371 2598 1426 2650 δὲ
1461 2599 1493 2667 ή
1525 2598 1713 2669 ἄγονός
1740 2616 1799 2652 τε

227 2693 331 2745 καὶ
381 2694 568 2762 στεῖρα
605 2690 864 2762 βασιλέως
906 2685 1038 2743 οὖσα
1075 2689 1316 2760 θυγάτηρ
1369 2690 1475 2761 (ἢν
1518 2685 1668 2759 οἶμαι
1700 2689 1798 2760 τὴν

227 2783 431 2846 ἔξωθεν
485 2783 686 2853 κυρίως
718 2781 947 2836 νοεῖσθαι
994 2778 1798 2853 φιλοσοφίαν),,ὑποϐαλλομένη

228 2876 326 2927 τὸν
352 2874 469 2927 νέον
489 2914 505 2937 ,
541 2876 722 2945 μήτηρ
753 2872 847 2927 τοῦ
897 2871 1134 2926 τοιούτου
1169 2871 1433 2942 κληθῆναι
1459 2871 1798 2926 κατασκευά-

231 2978 407 3015 σειεν⁸
435 2963 537 3025 ἕως
566 2963 683 3017 τότε
718 2964 987 3032 συγχωρεῖ
1012 2962 1039 3013 ό
1064 2961 1220 3029 λόγος
1246 2959 1321 3031 μὴ
1345 2960 1673 3015 ἀπωθεῖσθαι
1705 2961 1800 3032 τὴν

1892 1973 2012 2027 quae
2054 1971 2269 2026 semper
2320 1955 2575 2024 parturit,
2618 1964 2672 2009 et
2716 1970 2993 2024 nunquam
3051 1957 3230 2010 vivum
3277 1956 3461 2012 educit

1892 2056 2129 2120 partum,
2166 2062 2287 2116 quae
2314 2047 2519 2100 nullum
2551 2061 2787 2115 unquam
2823 2047 2988 2101 tantis
3017 2046 3291 2104 laboribus
3322 2064 3457 2103 con-

1895 2141 2116 2209 dignum
2150 2138 2385 2192 fructum
2411 2138 2684 2207 produxit,
2711 2154 2830 2208 qua:
2860 2148 3068 2192 uterum
3100 2138 3269 2205 inﬂat,
3300 2141 3457 2210 quasi

1895 2231 2114 2301 aliquod
2144 2231 2325 2284 vivum
2357 2231 2651 2299 prolatura,
2678 2240 2732 2285 et
2760 2230 2978 2286 tandem
3024 2232 3341 2301 imperfecta
3372 2240 3458 2287 at-

1894 2338 2000 2392 que
2029 2322 2263 2383 inutilia,
2318 2322 2635 2391 priusquam
2665 2321 2735 2375 ad
2777 2322 2953 2376 lucem
3001 2323 3324 2392 cognitionis
3365 2322 3459 2377 Dei

1894 2412 2231 2483 perveniant,
2269 2411 2463 2465 abortu
2492 2410 2623 2477 edit,
2654 2411 2708 2465 in
2751 2412 2920 2465 ﬁlium
2963 2411 3139 2482 ipsum
3170 2413 3462 2482 ad0ptave-

1894 2504 1987 2567 rit,
2023 2518 2266 2573 eousque
2299 2518 2355 2556 se
2396 2501 2544 2557 falsae
2585 2502 2775 2556 matris
2805 2503 2974 2557 ﬁlium
3014 2504 3096 2557 vir
3122 2503 3297 2558 bonus
3336 2519 3463 2575 pro-

1897 2596 2176 2658 ﬁtebitur,
2229 2610 2514 2665 quousque
2582 2596 2949 2667 imperfectior
3001 2607 3164 2667 atque
3223 2598 3463 2654 tenerior

1904 2698 2036 2744 aetas
2062 2691 2152 2744 sit.
2194 2688 2295 2754 Qui
2329 2702 2458 2743 vero
2488 2687 2556 2741 ad
2585 2689 2842 2759 majorem
2879 2691 2989 2760 jam
3034 2699 3242 2746 aetatem
3271 2704 3462 2761 perve-

1906 2781 2069 2844 nerit,
2106 2788 2165 2833 ut
2194 2781 2261 2835 de
2296 2779 2478 2851 Moyse
2506 2781 2892 2846 intelleximus,
2934 2797 3057 2837 eum
3088 2782 3310 2852 pudebit
3344 2781 3463 2851 ejus

1908 2888 1966 2927 se
1993 2870 2130 2926 falso
2158 2870 2327 2925 ﬁlium
2353 2872 2633 2940 appellari,
2668 2888 2788 2942 quae
2810 2874 3128 2929 naturaliter
3151 2874 3353 2929 sterilis
3383 2881 3466 2927 at-

1907 2977 2013 3031 que
2047 2961 2224 3015 inanis
2256 2968 2358 3027 est,
2393 2960 2498 3015 nisi
2529 2962 2744 3016 tandem
2772 2978 2898 3017 vera
2926 2961 3171 3018 foveatur
3194 2964 3462 3019 doctrina.

225 3057 335 3124 τῆς
364 3055 711 3127 ψευδωνύμου
750 3056 951 3125 μητρὸς
978 3054 1300 3124 οἰκειότητα,
1347 3055 1451 3118 ἕως
1481 3056 1545 3109 ἄν
1572 3072 1656 3119 τις
1694 3056 1753 3108 τὸ
1781 3055 1967 3118 ἀτελὲς
1995 3056 2093 3125 τῆς
2120 3056 2335 3126 ἡλικίας
2363 3057 2420 3108 ὲν
2442 3057 2618 3127 ἐαυτῷ
2648 3056 2839 3129 βλέπῃ.
2882 3057 2937 3111 Ὀ
2970 3059 3025 3112 δὲ
3049 3060 3180 3130 πρὸς
3215 3059 3345 3129 ὕψος
3364 3058 3465 3130 ήδη

226 3146 584 3221 ἀναδραμὼν,
615 3148 689 3214 ὠς
718 3148 845 3217 περί¹
871 3146 963 3199 τοῦ
995 3146 1237 3209 Μωσέως
1259 3145 1555 3217 ἐμάθομεν,
1584 3146 1841 3217 αἰσχύνην
1873 3148 2132 3217 ἡγήσεται
2175 3148 2273 3216 τῆς
2314 3146 2455 3200 κατὰ
2503 3147 2661 3215 φύσιν
2701 3148 2895 3216 ἁγόνου
2930 3152 3058 3213 παῖς
3090 3151 3462 3220 ὀνομάζεσθαι.

232 3246 464 3310 Ἀγονος
500 3238 606 3309 γὰρ
638 3238 713 3305 ὡς
754 3236 963 3306 ἀληθῶς
988 3237 1020 3305 ἡ
1046 3234 1242 3301 ἔξωθεν
1289 3236 1603 3301 παίδευσις,
1633 3237 1718 3291 ἀεὶ
1750 3236 2028 3299 ὠδίνουσα,
2068 3236 2163 3289 καὶ
2204 3236 2469 3308 μηδέποτε
2509 3237 2845 3304 ζωογονοῦσα
2877 3237 2954 3309 τῷ
2995 3240 3155 3314 τόκῳ.
3192 3245 3323 3298 Τίνα
3361 3244 3472 3331 γὰρ

228 3334 399 3399 ἔδειξε
433 3331 643 3402 καρπὸν
684 3328 791 3381 τῶν
827 3326 1049 3398 μακρῶν
1082 3325 1283 3379 ὠδίνων
1318 3327 1350 3393 ἡ
1386 3325 1698 3394 φιλοσοφία,
1752 3325 1861 3377 τῶν
1908 3324 2177 3379 τοσούτων
2218 3343 2275 3379 τε
2325 3327 2417 3379 καὶ
2454 3326 2704 3379 τοιούτων
2743 3326 2891 3392 ἄξιον
2935 3328 3109 3383 πόνων
3137 3351 3151 3400 ;
3182 3333 3242 3386 ού
3271 3324 3471 3394 πάντεξ

229 3426 529 3500 ὑπηνέμιοί
573 3443 629 3479 τε
664 3426 759 3478 καὶ
807 3421 1243 3491 ἀτελεσφόρητοι,
1294 3422 1423 3491 πρὶν
1463 3422 1541 3483 είς
1580 3420 1640 3473 τὸ
1684 3421 1797 3488 φῶς
1830 3420 2002 3474 ἐλθεῖν
2040 3424 2138 3491 τῆς
2171 3422 2495 3490 θεογνωσίας
2519 3462 2533 3486 ,
2571 3421 2994 3491 ἀμϐλίσκονται;
3025 3426 3306 3500 δυνάμενοι
3342 3432 3472 3498 ἴσως

229 3524 487 3597 γενέσθαι
527 3523 799 3591 ἄνθρωποι
821 3559 836 3581 ,
863 3520 909 3571 εί
943 3518 1016 3589 μὴ
1045 3517 1217 3570 διόλου
1245 3520 1355 3580 τοῖς
1380 3517 1599 3579 κόλποις
1626 3518 1721 3587 τῆς
1749 3517 1939 3584 ἀγόνου
1972 3517 2160 3586 σοφίας
2198 3517 2641 3571 ὲνεκαλύπτοντο.

296 3613 506 3671 Οὐκοῦν
541 3612 789 3669 τοσοῦτόν
812 3628 893 3673 τις
914 3614 979 3680 τῇ
1001 3608 1426 3677 τῶνΑίγυπτίων
1449 3608 1675 3677 βασιλίδι
1708 3625 1798 3661 συ-

1975 3607 2155 3675 Quare
2212 3619 2419 3664 tantum
2478 3610 2856 3682 IEgyptiorum
2918 3614 3178 3670 assidebit
3236 3621 3469 3690 regium,

233 3707 414 3777 ζήσας
438 3745 452 3768 ,
479 3705 600 3756 ὅσον
644 3703 716 3772 μὴ
749 3701 924 3754 δοκεῖν
961 3700 1187 3770 ἄμοιρος
1212 3695 1349 3753 εἶναι
1378 3698 1485 3751 τῶν
1512 3700 1640 3769 παρ’
1671 3699 1798 3750 ὲκεί-

1910 3709 2172 3769 quantum
2217 3717 2354 3771 opus
2386 3703 2489 3756 erit
2537 3704 2601 3757 ad
2636 3705 2778 3760 hanc
2824 3704 3136 3762 inferiorem
3166 3708 3469 3769 doctrinam

234 3815 358 3862 νοις
385 3794 620 3865 σεμνῶν,
652 3791 1029 3863 ἀναδραμείτω
1069 3791 1201 3861 πρὸς
1234 3791 1329 3861 τὴν
1359 3790 1499 3844 κατά
1525 3790 1683 3859 φύσιν
1717 3807 1798 3860 μηι

1911 3793 2331 3861 percipiendam,
2364 3810 2431 3847 ne
2462 3796 2683 3851 omnino
2716 3813 2908 3868 expers
2941 3799 3298 3857 humanorum
3330 3822 3470 3874 prae-

234 3890 377 3959 τέρα
400 3927 414 3951 ,
442 3881 507 3957 ἦς
535 3885 651 3939 οὐδὲ
683 3884 833 3955 παρά
868 3887 931 3955 τῇ
968 3883 1195 3953 βασιλίδι
1227 3885 1556 3953 τρεφόμενος
1589 3880 1798 3950 ἀπεσχί-

1911 3890 2189 3951 ceptorum
2230 3898 2353 3937 esse
2395 3884 2674 3951 videatur;
2713 3888 2907 3944 deinde
2938 3890 3003 3943 ad
3047 3893 3317 3960 propriam
3351 3911 3472 3950 ma-

241 3982 383 4050 σθη,
423 3977 499 4048 τῷ
537 3975 773 4047 μητρώῳ
812 3974 1082 4043 γάλακτι,
1115 3973 1293 4035 καθὼς
1332 3975 1364 4043 ἡ
1403 3972 1607 4042 ἱστορία
1657 3971 1810 4041 φησὶ,

237 4070 646 4142 τιθηνούμενος.
673 4068 851 4138 Ὅπερ
902 4083 988 4136 μοι
1018 4065 1164 4118 δοκεί
1192 4064 1462 4117 διδάσκειν
1487 4101 1501 4123 ,
1534 4061 1597 4113 ἵν’
1626 4063 1674 4113 εί
1700 4062 1811 4122 τοῖς

240 4160 446 4228 ἔξωθεν
475 4161 650 4228 λόγοις
683 4156 1105 4227 καθομιλοίημεν
1134 4158 1195 4208 ὲν
1226 4154 1305 4225 τῷ
1353 4152 1527 4223 καιρῷ
1555 4155 1653 4223 τῆς
1685 4169 1811 4204 παι-

238 4254 477 4315 δεύσεως
495 4292 509 4315 ,
541 4251 614 4322 μὴ
646 4247 970 4321 χωρίζεσθαι
997 4247 1089 4300 τοῦ
1118 4245 1513 4317 ύποτρέφοντος
1543 4245 1688 4313 ἡμᾶς
1717 4244 1813 4313 τῆς

250 4342 583 4412 Ἐκκλησίας
615 4340 901 4408 γάλακτος.
936 4337 1106 4390 Τοῦτο
1150 4336 1207 4389 δ’
1250 4334 1317 4389 ἂν
1348 4334 1432 4405 εἴη
1462 4376 1475 4397 ,
1512 4335 1580 4387 τὰ
1607 4334 1814 4404 νόμιμά

238 4454 301 4488 τε
335 4435 431 4489 καὶ
459 4433 526 4486 τὰ
552 4432 656 4504 ήθη
685 4433 785 4501 τῆς
834 4427 1185 4499 Ἐκκλησίας,
1216 4423 1296 4490 οἷς
1324 4426 1580 4496 τρέφεται
1608 4429 1640 4492 ἡ
1672 4425 1814 4495 ψυχὴ

241 4531 340 4585 καὶ
366 4527 671 4599 ἀδρύνεται,
711 4522 954 4577 ἐντεῦθεν
980 4521 1077 4591 τῆς
1109 4521 1186 4583 είς
1211 4518 1341 4587 ὕψος
1376 4518 1683 4588 ἀναδρομῆς
1715 4517 1815 4579 τὰς

240 4620 498 4692 ἀφορμὰς
542 4615 825 4686 δεχομένη.
868 4611 1098 4682 ’Δληθὴς
1124 4611 1181 4664 δὲ
1210 4610 1240 4662 ὁ
1270 4609 1424 4677 λόγος
1442 4650 1457 4672 ,
1487 4608 1567 4661 ὄτι
1600 4608 1692 4661 δύο
1718 4624 1816 4660 πο-

238 4712 450 4782 λεμίων
482 4709 645 4780 μέσος
669 4707 975 4776 γενήσεται,
1007 4703 1035 4755 ὁ
1065 4702 1203 4773 πρὸς
1233 4700 1303 4755 τά
1326 4699 1522 4765 ἔξωθεν
1547 4699 1810 4769 δόγματα,

242 4803 341 4854 καὶ
374 4800 449 4869 μὴ
486 4798 553 4849 τὰ
580 4797 803 4865 πάτρια,
841 4793 1070 4863 βλέπων.
1115 4790 1453 4844 ’Δνθίσταται
1480 4789 1587 4860 γὰρ
1613 4791 1642 4842 ό
1674 4789 1814 4842 κατά

238 4888 344 4961 τὴν
371 4886 669 4959 θρησκείαν
702 4881 992 4951 ἀλλόφυλος
1018 4881 1096 4950 τῷ
1127 4878 1358 4950 Ἑϐραίῳ
1386 4878 1526 4947 λόγῳ
1546 4918 1561 4943 ,
1602 4877 1815 4948 ἰσχυρό-

1911 3981 2044 4027 trem
2081 3982 2227 4029 totus
2272 3984 2535 4039 recurret,
2577 3994 2737 4049 quam
2774 3981 2853 4033 vel
2888 3982 3106 4050 quando
3150 3986 3351 4045 sterilis
3383 4004 3473 4043 re—

1909 4065 2045 4132 gina:
2088 4063 2230 4120 ﬁlius
2280 4066 2589 4134 putabatur.
2625 4084 2733 4123 non
2784 4072 3003 4126 omnino
3054 4075 3369 4145 reliquerat.
3417 4078 3472 4132 ΙιΙ

1911 4154 2055 4207 enim
2102 4156 2234 4209 mihi
2266 4156 2480 4211 videtur
2520 4158 2750 4213 historia
2790 4162 2951 4217 nobis
2988 4164 3314 4235 signiﬁcare,
3347 4183 3472 4229 cum

1914 4246 2110 4299 asserit
2142 4248 2332 4302 matris
2363 4251 2596 4318 propriae
2640 4252 2779 4307 lacte
2808 4252 3028 4326 Moysen
3055 4258 3196 4326 apud
3227 4261 3471 4329 reginam

1914 4335 2084 4391 fuisse
2116 4341 2402 4405 nutritum,
2455 4350 2707 4410 oportere
2732 4359 2857 4407 nos,
2890 4362 3013 4401 cum
3042 4349 3387 4418 profanorum
3416 4353 3475 4406 li-

1914 4426 2041 4480 bros
2070 4429 2692 4496 tcmporeinstitutionis
2716 4442 2915 4490 nostra:
2940 4453 3239 4506 versamus,
3272 4456 3301 4493 a
3337 4443 3474 4497 lacte

1916 4519 2144 4575 nutricis
2179 4528 2379 4576 nostra:
2409 4521 2663 4580 Ecclesia:
2692 4527 2912 4583 minime
2939 4532 3201 4598 separari,
3233 4532 3334 4586 hoe
3368 4542 3491 4598 ests
3556 4592 3557 4597 η

1916 4607 2188 4672 instituta,
2230 4625 2411 4666 mores
2446 4621 2499 4667 et
2527 4618 2952 4673 consuetudines
2980 4590 3252 4682 Ecclesiae,
3274 4590 3491 4705 quibus?
3514 4600 3555 4651 Vw

1917 4698 2081 4751 alitur
2113 4699 2327 4753 animus
2354 4708 2405 4753 et
2422 4704 2829 4769 corroboratur,
2848 4705 3080 4777 indeque
3109 4709 3269 4765 altius
3294 4698 3485 4773 ascen—5

1915 4789 2072 4843 dendi
2114 4796 2292 4859 captat
2333 4793 2697 4861 occasionem,
2743 4796 3051 4867 perdiscere
3090 4810 3252 4872 atque
3289 4796 3479 4879 obserf

1916 4894 2063 4934 vare.
2104 4879 2313 4936 lnimlci
2364 4881 2473 4936 duo
2514 4885 2655 4938 inter
2705 4903 2763 4941 se
2796 4888 3173 4957 colluctantes,
3217 4892 3477 4952 Hebraeus

237 4943 663 5050 15.90;.tplatvﬁvat
690 4972 781 5027 τοῦ
819 4943 1147 5043 ’ίσραηλίτου
1180 4943 1515 5037 φίλονεικῶνί
1552 4943 1798 5021 Καὶ-*πολι

1918 4978 2080 5041 atque
2114 4970 2419 5042 Egyptius,
2460 4976 2603 5028 inter
2625 4993 2762 5045 quos
2801 4982 3013 5036 medius

238 5071 360 5133 λοῖς
404 5085 468 5136 γε
492 5067 600 5120 τῶν
630 5062 1082 5132 ὲπιπολαιοτέρων
1106 5059 1343 5122 τοιοῦτος
1374 5059 1548 5125 ἔδοξεν
1571 5100 1586 5124 ’
1620 5059 1669 5111 οἳ
1711 5076 1798 5112 κω

1919 5077 2042 5117 cum
2077 5078 2171 5118 eos
2218 5066 2512 5120 conciliare
2558 5082 2668 5121 non
2702 5072 2991 5139 potuisset,
3040 5073 3351 5147 Egyptium
3388 5080 3475 5133 in-

240 5168 567 5220 ταλιπόντες
602 5156 700 5226 τὴν
731 5152 989 5226 πατρῴαν
1018 5152 1197 5204 πίστιν
1217 5191 1233 5215 ,
1261 5149 1339 5221 τῷ
1368 5149 1545 5221 ἐχθρῷ
1582 5149 1798 5219 συνεμά

1921 5154 2133 5209 terfecit
2163 5173 2175 5207 :
2202 5155 2373 5223 pietas
2405 5166 2532 5212 sunt
2570 5167 2733 5228 atque
2761 5163 3030 5232 impietas.
3054 5164 3290 5221 Primam
3327 5169 3478 5224 Scri—

240 5268 446 5323 χησαν,
488 5246 796 5317 παραϐάται
824 5244 922 5314 τῆς
951 5242 1179 5313 πατρίου
1214 5240 1559 5303 διδασκαλίας
1590 5242 1798 5309 γενόμε·

1922 5250 2094 5312 ριιιιαε
2138 5258 2308 5299 εδει-αι
2341 5261 2440 5315 per
2476 5244 2761 5305 Hebraeum
2802 5252 3119 5323 signiﬁcata:
3146 5257 3475 5326 instituunt;
3544 5238 3545 5241 Ἰ

246 5360 353 5397 «θοι.
374 5340 434 5393 '0
462 5338 641 5408 μέντοι
664 5335 803 5388 κατὰ
821 5334 911 5386 τὸν
945 5330 1149 5389 Μωσέα
1176 5330 1345 5401 μέγας
1369 5347 1427 5383 τε
1455 5330 1549 5383 καὶ
1578 5331 1798 5397 γενναῖοι

1916 5336 2139 5389 alteram
2174 5339 2453 5394 saecularis
2489 5354 2553 5394 ac
2596 5344 2834 5397 exterior
2877 5346 3123 5401 doctrina
3164 5352 3323 5420 nugis
3362 5363 3478 5406 suis

244 5434 352 5504 τὴν
382 5428 580 5498 ψυχὴν,
602 5424 791 5493 νεκρὸν
824 5422 1167 5481 ἀποδείκνυσι
1192 5422 1258 5491 τῇ
1289 5422 1415 5490 παρ’
1447 5420 1611 5474 αὑτοῦ
1639 5421 1798 5492 πληγῇ

1917 5427 2176 5495 insinuat,
2225 5446 2345 5498 quae
2378 5430 2602 5487 Judaica
2642 5436 2917 5490 robustior
2951 5454 3210 5509 apparere
3255 5450 3480 5495 conten-

244 5521 341 5575 τὸν
370 5518 450 5587 τῷ
476 5517 621 5585 λόγῳ
648 5516 746 5584 τῆς
788 5512 1062 5574 εὐσεϐείας
1102 5511 1563 5581 ἁντεγειρόμενον,
1597 5511 1705 5564 Καὶ
1730 5512 1798 5565 ἀλ

1917 5518 2012 5573 dit.
2045 5519 2111 5573 Et
2133 5537 2263 5576 vero
2286 5525 2471 5578 multis
2504 5525 2798 5580 levioribus
2823 5528 3133 5585 hominibus
3167 5533 3287 5587 talis
3326 5534 3477 5588 vide-

246 5615 361 5673 ὶως
396 5606 616 5663 δθᾶντις
644 5603 793 5674 εὕροι
836 5603 934 5673 τὴν
960 5603 1211 5671 τοιαύτην
1232 5603 1291 5654 ὲν
1319 5603 1449 5672 ἡμῖν
1473 5603 1669 5673 μάχην,
1703 5604 1798 5658 Μέλ

1920 5620 2029 5673 tur,
2081 5615 2175 5683 qui
2227 5622 2441 5685 patrum
2478 5614 2581 5671 ﬁde
2628 5618 2872 5689 neglecta
2913 5620 3148 5674 hostium
3199 5638 3258 5678 se
3306 5626 3480 5695 copiis

254 5719 350 5765 σος
379 5700 491 5769 γάρ
512 5698 542 5750 ὃ
574 5696 852 5765 ἄνθρωπος
886 5689 996 5748 οἷόν
1025 5712 1078 5747 τι
1113 5694 1343 5748 ἔπαθλον
1371 5696 1578 5763 ἀγῶνος
1615 5698 1727 5762 τοῖς
1758 5701 1798 5750 ἐι

1925 5707 2281 5763 auxiliaribus
2326 5709 2715 5776 adjunxerunt,
2761 5716 2922 5779 atque
2966 5726 2997 5767 a
3030 5711 3296 5782 majorum
3346 5689 3477 5771 ruo-

250 5795 346 5850 τοῦ
380 5792 622 5849 ἐναντίου
674 5786 1151 5859 μεταποιουμένοις
1194 5785 1509 5858 πρόκειται·
1550 5791 1642 5844 καὶ
1672 5783 1798 5861 ᾧπεε

1929 5812 2045 5848 rum
2083 5796 2328 5851 doctrina
2369 5798 2683 5853 defecerunt
2715 5817 2728 5850 :
2766 5798 2859 5853 sed
2888 5799 2981 5869 qui
3013 5815 3207 5872 magno
3239 5812 3293 5858 et
3319 5819 3481 5875 geno-

530 5886 799 5945 Pnuoc.
844 5882 959 5943 Gn.
986 5881 1202 5942 XLIV.
3052 5894 3118 5955 11
