3988 6518
540 398 644 457 851

1766 395 1824 452 5.
1849 393 2175 451 GREGORII
2216 393 2503 451 NYSSENI

3652 400 3761 455 332

549 529 678 569 roso
716 519 801 569 est
833 512 1034 574 animo.
1076 518 1238 581 atque
1259 509 1483 582 Moysen
1516 507 1782 574 imitatur,
1819 511 1961 564 illam
1996 526 2107 566 uno

2228 514 2275 565 iv
2323 512 2621 585 προστεθῇ,
2670 509 2855 563 τοῦτον
2899 509 3121 581 νικητὴν
3173 509 3267 564 τοῦ
3313 510 3551 565 ἐναντίου
3598 517 3765 579 ποιεῖ,

551 604 660 657 ictu
703 604 1053 658 reluctantem
1094 600 1311 665 occidit,
1358 614 1459 655 nec
1497 600 1758 656 adversus
1808 601 2106 672 piissimam

552 693 711 748 fidem
746 694 1027 759 insurgere
1051 693 1224 762 ipsam
1251 692 1475 760 patitur,
1508 706 1818 761 quanquam
1844 692 2009 747 etiam
2038 693 2110 745 la-

551 786 662 839 tius
700 784 752 838 id
796 784 1044 852 accipere
1072 797 1171 852 pro
1212 783 1362 837 omni
1405 784 1605 836 virtute
1643 798 1707 835 ac
1750 782 1880 836 vitio
1930 783 2107 852 possi-

551 890 695 930 mus.
726 872 821 929 Est
861 874 1006 927 enim
1037 874 1192 941 quasi
1222 874 1434 928 medius
1467 874 1610 927 inter
1632 872 1898 941 justitiam
1931 888 1995 927 ae
2027 873 2110 927 in-

548 963 841 1032 iustitiam,
882 963 1150 1017 luxuriam
1181 972 1343 1033 atque
1371 964 1710 1026 modestiam,
1751 964 2105 1019 humilitatem

552 1060 715 1122 atque
741 1053 1073 1121 superbiam,
1111 1063 1411 1120 caateraque
1440 1052 1772 1121 huiusmodi,
1803 1053 2110 1122 propositus

552 1143 735 1198 homo.
768 1142 933 1197 Docet
960 1143 1127 1214 igitur
1155 1158 1257 1198 nos
1291 1144 1540 1213 exemplo
1569 1159 1669 1198 suo
1706 1141 1939 1213 Moyses,
1967 1143 2112 1196 radi-

554 1236 696 1291 citus
735 1236 971 1291 tollenda
1009 1250 1130 1290 esse
1157 1234 1306 1299 vitia,
1343 1249 1464 1304 qua:
1496 1235 1677 1289 virtuti
1708 1235 2066 1289 adversantur
2094 1252 2108 1288 :

554 1329 809 1383 virtutem
846 1336 1023 1383 autem
1066 1336 1325 1397 tanquam
1355 1334 1563 1380 naturae
1596 1334 1796 1381 nostra:
1824 1333 2113 1379 consenta-

554 1436 711 1475 neam
739 1418 1168 1488 amplectendam
1213 1434 1335 1474 esse
1362 1428 1525 1488 atque
1566 1417 1869 1471 fovendam.
1906 1415 2113 1469 Revera

555 1513 701 1566 enim
743 1511 959 1580 pietatis
986 1510 1211 1564 victoria
1242 1519 1471 1565 mortem
1500 1518 1552 1564 et
1574 1510 1851 1563 interitum
1883 1508 2113 1562 idolola-

559 1602 677 1654 tria:
709 1616 895 1654 secum
930 1599 1115 1653 trahit.
1153 1598 1243 1653 Sic
1273 1607 1325 1653 et
1357 1600 1626 1667 injustitia
1660 1614 1755 1668 per
1779 1598 2046 1667 justitiam
2084 1612 2116 1651 c

558 1693 737 1747 medio
771 1691 1002 1756 tollitur,
1030 1700 1084 1746 et
1116 1707 1208 1761 per
1238 1691 1559 1746 modestiam
1610 1691 1781 1745 fastus
1826 1690 2113 1744 occiditur.

556 1782 694 1837 [lixa
725 1795 852 1836 vero
876 1795 997 1851 quae
1034 1779 1174 1834 inter
1204 1778 1421 1834 Judzeos
1461 1780 1601 1833 facta
1658 1779 1836 1835 sedari
1869 1795 1901 1832 a
1934 1778 2116 1849 Moyse

2209 600 2319 658 οἷον
2348 604 2753 674 εἰδωλολατρεία
2782 605 2875 657 καὶ
2907 602 3178 657 θεοσέϐεια
3203 642 3217 667 ,
3248 603 3508 657 ἀκολασία
3547 606 3637 659 καὶ
3664 623 3773 661 σω-

2211 696 2447 766 φροσύνη
2468 737 2482 759 ,
2510 694 2818 764 δικαιοσύνη
2854 695 2948 746 καὶ
2982 694 3161 747 ἀδικία
3185 734 3199 757 ,
3230 694 3395 762 τύφος
3420 696 3515 748 καὶ
3554 696 3773 766 μετριό-

2209 805 2306 857 της
2329 830 2343 851 ,
2376 789 2467 841 καὶ
2503 788 2677 839 πάντα
2702 786 2769 839 τά
2794 785 2851 852 ἐξ
2872 786 3148 839 ἀντιθέτου
3171 786 3454 855 νοούμενα,
3473 787 3772 855 Αἰγυπτίου

2208 880 2352 941 τινὸς
2384 879 2639 948 ἄντικρύς
2682 881 2797 932 ἐστι
2846 878 2981 949 πρὸς
3022 878 3268 947 Ἐϐραῖον
3322 878 3486 947 μάχη.
3518 879 3775 932 Παιδεύει

2208 971 2386 1025 τοίνυν
2419 973 2565 1041 ἡμᾶς
2607 973 2635 1024 ὁ
2663 972 2865 1041 Μωσῆς
2893 970 2970 1039 τῷ
3009 969 3127 1023 καθ’
3173 968 3359 1023 ἑαυτὸν
3393 969 3774 1039 ὑποδείγματι,

2212 1061 2558 1115 συνίστασθαι
2594 1062 2689 1132 μὲν
2717 1062 2791 1125 ὡς
2819 1061 3073 1131 ὁμοφύλῳ
3100 1063 3163 1131 τῇ
3201 1061 3367 1131 ἀρετῇ
3390 1102 3404 1125 ,
3436 1061 3678 1131 ἀναιρεῖν
3714 1061 3777 1115 δὲ

2210 1153 2300 1206 τὸν
2326 1156 2389 1207 ὲκ
2409 1152 2498 1208 τοῦ
2531 1152 2769 1205 ἐναντίου
2795 1155 2858 1222 τῇ
2890 1153 3053 1223 ἀρετῇ
3094 1150 3507 1221 ὲπεμϐαίνοντα.
3540 1151 3629 1221 Τῷ
3660 1151 3779 1204 δντι

2211 1244 2318 1317 γὰρ
2342 1247 2375 1315 ἠ
2401 1247 2499 1315 τῆς
2528 1243 2806 1306 εὐσεϐείας
2848 1243 3203 1314 ἐπικράτησις
3226 1280 3241 1306 ,
3285 1240 3512 1304 Θάνατος
3539 1242 3632 1296 καὶ
3669 1242 3785 1295 δια-

2213 1337 2388 1407 φθορά
2414 1339 2512 1408 τῆς
2535 1335 2967 1406 εἰδωλολατρείας
2995 1334 3222 1402 γίνεται.
3257 1332 3412 1387 Οὕτω
3435 1335 3528 1387 καὶ
3556 1334 3645 1387 διά
3678 1338 3783 1406 τῆς

2210 1429 2551 1499 δικαιοσύνης
2576 1430 2874 1499 ἀναιρεῖται
2909 1426 3116 1480 ἀδικία·
3162 1425 3257 1479 καὶ
3284 1427 3351 1497 τῇ
3390 1426 3705 1498 μετριότητι
3754 1428 3785 1480 ό

2212 1522 2376 1589 τύφος
2404 1519 2846 1590 καταφονεύεται.
2879 1516 3041 1570 Ἀλλά
3069 1518 3161 1570 καὶ
3193 1517 3354 1587 ήτῶν
3386 1517 3663 1587 ἐμφυλίων
3691 1519 3787 1571 καὶ

2213 1613 2349 1685 πρὸς
2376 1612 2633 1682 ἀλλήλους
2673 1611 2860 1674 στάσις
2886 1651 2900 1674 ,
2937 1610 3029 1663 καὶ
3063 1610 3119 1662 ἐν
3155 1610 3285 1680 ήμίν
3311 1608 3534 1676 γίνεται.
3568 1610 3641 1661 Οὐ
3675 1608 3789 1678 γάρ

2214 1706 2280 1759 ἂν
2308 1704 2364 1758 αἱ
2412 1703 2518 1756 τῶν
2566 1701 2816 1773 πονηρῶν
2867 1701 3129 1771 αἱρέσεων
3158 1700 3566 1769 δογματοποιῖαι
3599 1699 3789 1771 χώραν

2217 1794 2407 1864 ἔσχον,
2445 1793 2519 1863 μὴ
2561 1795 2637 1855 εἰς
2678 1791 2970 1845 ἀντίπαλον
3016 1786 3167 1854 τάξιν
3211 1789 3319 1842 τῶν
3365 1789 3639 1859 λογισμῶν
3673 1794 3791 1854 τοῖς

558 1890 665 1930 non
698 1875 895 1945 potuit,
943 1880 1252 1927 nostrorum
1296 1880 1425 1927 sunt
1459 1872 1524 1927 de
1556 1872 1899 1943 dogmatibus
1928 1871 2116 1927 Eccle-

2228 1884 2597 1956 ἀληθεστέροις
2633 1883 3065 1937 ἀντιϐαινόντων.
3106 1882 3232 1934 Ἐὰν
3271 1879 3364 1935 οὖν
3410 1883 3791 1954 ἀσθενέστεροι

557 1970 653 2023 sia:
683 1966 1113 2023 colluctationes.
1151 1964 1269 2020 Non
1297 1966 1438 2020 enim
1475 1965 1656 2035 pravis
1700 1965 1983 2020 haeresium
2018 1964 2118 2019 do-

558 2060 831 2128 gmatibus
866 2058 1018 2111 locus
1061 2065 1228 2123 esset,
1274 2056 1380 2111 nisi
1424 2057 1566 2111 inter
1601 2073 1695 2112 eos
1728 2057 1823 2126 qui
1852 2055 2118 2112 veriorem

558 2152 871 2222 religionem
922 2148 1266 2219 profitentur,
1325 2148 1610 2217 opiniones
1657 2148 1800 2202 inter
1853 2161 1913 2201 se
1970 2146 2121 2200 velut

560 2245 677 2299 acie
700 2246 956 2313 utrinque
983 2250 1190 2297 structa
1223 2239 1634 2295 contenderent.
1665 2237 1722 2292 Si
1754 2239 1920 2309 igitur
1952 2238 2120 2293 imbe—

557 2339 801 2397 cilliores
830 2334 1114 2396 fuerimus,
1147 2347 1306 2402 quam
1359 2339 1418 2385 ut
1451 2331 1733 2400 justiorem
1772 2344 1992 2384 causam
2038 2328 2121 2383 vi—

559 2429 782 2485 ctricem
820 2426 1049 2481 reddere
1080 2424 1376 2494 possimus,
1403 2421 1547 2490 quod
1575 2422 1809 2475 deterior
1835 2435 2123 2491 argumen—

565 2527 637 2576 tis
671 2520 923 2590 superior
970 2516 1060 2577 sit.
1109 2524 1163 2569 et
1214 2514 1462 2569 veritatis
1502 2513 1788 2582 imperium
1837 2513 2119 2576 detrectet,

563 2611 877 2682 fugiendum
926 2606 1174 2678 protinus
1232 2605 1298 2657 ad
1335 2604 1711 2658 sublimiorem
1758 2610 2125 2660 sacramenta-

564 2706 781 2772 lemque
815 2700 1142 2760 doetrinam,
1172 2714 1235 2754 ac
1262 2699 1576 2768 alienigenae
1602 2711 1812 2759 rursus,
1852 2696 1897 2751 si
1926 2712 2014 2751 res
2051 2698 2123 2749 ita

566 2795 732 2864 cogit,
768 2791 821 2847 id
850 2799 955 2856 est,
983 2792 1229 2846 saeculari
1255 2790 1538 2853 doctrinae,
1584 2803 1875 2858 parumper
1907 2787 2126 2841 cohabi-

567 2887 812 2950 tandum,
843 2892 903 2938 ut
951 2898 1146 2952 pravos
1194 2888 1440 2951 pastores
1473 2896 1501 2934 a
1542 2880 1721 2949 puteis
1764 2879 2123 2948 expellamus,

565 2983 816 3031 versutos
846 2972 1096 3026 videlicet
1137 2971 1236 3024 hos
1276 2969 1650 3039 malignosque
1697 2968 1959 3022 doctrina;
2004 2983 2128 3037 pro-

570 3069 828 3129 fessores,
854 3065 945 3134 qui
978 3078 1157 3118 rerum
1191 3062 1417 3116 scientia
1446 3061 1511 3114 ad
1544 3061 1938 3130 ignorationem
1974 3054 2139 3115 Crea-'

2218 1971 2367 2048 ὦμεν
2389 2017 2403 2041 ,
2443 1975 2581 2029 ὥστε
2609 1976 2674 2029 δι’
2705 1974 2911 2027 ἑαυτῶν
2937 1973 3118 2026 δοῦναι
3142 1973 3221 2044 τῷ
3259 1973 3451 2044 δικαίῳ
3476 1974 3536 2027 τὸ
3564 1974 3791 2046 κράτος,

2221 2066 2639 2140 ὑπερισχύοντος
2672 2067 2759 2119 διά
2795 2066 2902 2119 τῶν
2933 2068 3182 2137 ὲπιχειρη
3192 2066 3373 2136 μάτων
3400 2065 3491 2119 τοῦ
3522 2067 3790 2137 χείρονος,

2221 2162 2314 2216 καὶ
2335 2160 2431 2231 τὴν
2456 2160 2629 2231 ἀρχὴν
2660 2161 2757 2229 τῆς
2781 2157 3033 2229 ἀληθείας
3072 2157 3456 2227 ἀπωθουμένου
3476 2173 3491 2187 ο
3526 2156 3794 2225 φευκτέον

2223 2251 2468 2305 ἐντεῦθεν
2497 2250 2572 2313 ὡς
2616 2249 2846 2319 τάχιστα
2865 2292 2879 2315 ,
2910 2250 3031 2303 καθ’
3054 2249 3342 2318 ὁμοιότητα
3383 2247 3476 2301 τοῦ
3514 2246 3794 2319 ἱστορικοῦ

2224 2342 2646 2412 ὑποδείγματος,
2674 2342 2811 2412 πρὸς
2847 2340 3064 2412 μείζονά
3095 2358 3151 2393 τε
3185 2340 3277 2394 καὶ
3320 2339 3652 2409 ὑψηλοτέραν
3682 2338 3796 2391 τῶν

2227 2434 2541 2507 μυστηρίων
2570 2433 2938 2487 διδασκαλίαν.
2982 2433 3102 2486 Κάν
3146 2431 3425 2503 ἀλλοφύλῳ
3454 2432 3613 2485 πάλιν
3656 2448 3797 2499 συγ-

2223 2521 2475 2591 γενέσθαι
2497 2521 2591 2592 δέη
2616 2562 2630 2584 ,
2663 2521 2804 2575 τοῦτ’
2838 2521 2950 2575 ἔστι
2978 2562 2991 2581 ,
3020 2521 3122 2575 κᾶν
3167 2524 3229 2592 τῇ
3285 2521 3388 2587 ἔξω
3436 2521 3798 2590 συγγενέσθαι

2225 2613 2512 2684 φιλοσοφία
2539 2613 2977 2686 καταναγκάζῃή
3014 2612 3167 2684 χρεία
3185 2629 3198 2643 ·
3230 2614 3496 2667 καὶτοῦτο
3518 2614 3796 2685 ἑλώμεθα,

2224 2705 2349 2767 τοὺς
2385 2704 2652 2773 πονηροὺς
2684 2704 2947 2773 ποιμένας
2996 2706 3095 2773 τῆς
3150 2703 3334 2756 ἀδίκου
3389 2703 3495 2756 τῶν
3541 2704 3799 2775 φρεάτων

2226 2797 2469 2866 χρήσεως
2497 2794 2963 2857 ἀποσκεδάσαντες
2979 2810 2992 2824 ⁸
3015 2795 3149 2866 ὅπερ
3181 2796 3296 2848 ἐστὶ
3322 2796 3448 2857 τοὺς
3478 2796 3586 2847 τῶν
3606 2796 3798 2848 κακῶν

2225 2886 2576 2949 διδασκάλους
2603 2886 2694 2938 ἐπὶ
2738 2888 2804 2957 τῇ
2841 2887 3051 2956 πονηρᾷ
3081 2887 3273 2957 χρήσει
3309 2889 3408 2956 τῆς
3459 2886 3799 2950 παιδεύσεως

2226 2976 2596 3045 διελέγξαντες
2619 3018 2634 3040 ,
2663 2976 2833 3037 οὕτως
2867 2976 2949 3045 ἐφ’
2996 2978 3219 3040 ἑαυτοὺς
3250 2976 3521 3047 ίδιάσομεν
3547 3016 3562 3040 ,
3608 2977 3801 3031 οὐκέτι

2232 3068 2557 3139 μαχομένοις
2584 3069 2692 3121 τισὶ
2724 3067 3159 3138 συμπλεκόμενοί
3195 3084 3252 3121 τε
3280 3068 3372 3121 καὶ
3399 3068 3801 3137 μεσιτεύοντες,

568 3161 706 3214 toris
737 3158 1038 3210 abutuntur
1073 3172 1086 3207 :
1118 3153 1317 3223 quibus
1365 3154 1598 3221 repulsis
1628 3152 1709 3206 sic
1756 3152 2022 3217 vivemus,
2070 3159 2126 3205 ut

2230 3159 2340 3212 ἀλλ’
2380 3160 2437 3212 ὲν
2460 3157 2814 3229 όμοφρονοῦσί
2848 3176 2907 3211 τε
2940 3161 3034 3211 καὶ
3065 3156 3499 3229 ὁμογνωμονοῦσι
3531 3161 3640 3221 τοῖς
3664 3160 3801 3230 παρ’

569 3246 944 3319 pugnantibus
979 3258 1086 3297 non
1117 3245 1463 3305 misceantur,
1500 3254 1599 3294 nec
1631 3240 2009 3309 perturbemur
2039 3254 2126 3294 re-

2232 3251 2386 3320 ήμῶν
2434 3224 2872 3320 βουκολούμενοις
2924 3224 3528 3322 συζήσδμένξπάντων
3577 3250 3684 3302 τῶν
3746 3224 3803 3306 έν

568 3336 868 3392 luctatione
900 3333 1188 3385 multorum
1218 3347 1230 3382 :
1263 3327 1357 3383 sed
1393 3334 1572 3381 motus
1596 3326 1760 3379 animi
1790 3339 1980 3379 omnes
2013 3334 2129 3376 tan-

570 3442 734 3499 quam
771 3439 901 3479 oves
936 3420 1163 3492 pastori,
1208 3420 1288 3473 sic
1332 3418 1527 3472 rationi
1566 3417 2000 3485 obtemperantes
2032 3416 2132 3483 gu-‘

569 3518 951 3579 bernabimus,
981 3527 1088 3583 qua
1122 3511 1338 3580 quidem
1370 3511 1424 3563 in
1469 3522 1657 3562 norma
1688 3506 1905 3561 vivendi
1944 3521 2128 3575 perse-

569 3609 919 3669 verantibus,
957 3602 1193 3659 mirabili
1240 3616 1341 3656 suo
1386 3601 1585 3654 veritas
1634 3598 1923 3668 splendore
1975 3599 2131 3654 nobis

573 3700 875 3773 apparebit.
903 3696 1178 3765 animique
1202 3694 1391 3747 oculos
1419 3690 1729 3761 subaperiet
1747 3697 1909 3760 atque
1930 3688 2133 3743 illumi-

572 3793 744 3847 nabit.
783 3789 926 3845 Deus
957 3798 1137 3843 autem
1170 3794 1255 3841 est
1284 3784 1503 3847 veritas,
1535 3799 1655 3853 qua:
1693 3792 1823 3838 tunc
1863 3799 1957 3854 per
1989 3783 2131 3839 inef-

572 3884 789 3938 fabilem
844 3878 1299 3935 iiluminationem
1360 3876 1505 3929 illam
1563 3876 1727 3945 Moysi
1788 3876 2132 3931 manifestata

569 3985 656 4032 οει
665 4016 674 4027 .

642 4064 797 4131 Quod
829 4064 876 4116 si
911 4063 1192 4131 spinosum
1220 4060 1382 4114 etiam
1428 4059 1623 4111 rubum
1652 4059 1830 4112 lumen
1869 4059 2130 4125 incendit,

572 4172 686 4227 quo
723 4156 998 4226 propheta:
1026 4154 1242 4207 animus
1287 4152 1612 4217 illustratur,
1650 4166 1715 4204 ne
1767 4152 1869 4205 lioc
1917 4151 2132 4220 quidem

576 4248 644 4300 ad
681 4247 1033 4316 quaestionem
1064 4242 1376 4298 solvendam
1404 4253 1486 4296 cst
1516 4242 1722 4296 inutile.
1752 4239 1881 4294 Nam
1915 4242 1960 4296 si
1996 4241 2136 4296 Deus

577 4339 793 4408 quidem
838 4346 919 4390 est
955 4335 1178 4396 veritas,
1242 4336 1329 4387 lux
1381 4342 1558 4387 autem
1604 4334 1803 4387 veritas
1840 4342 1925 4387 est
1962 4351 1976 4387 :
2025 4333 2138 4387 iure

578 4432 694 4499 ipsa
728 4443 888 4497 porro
937 4427 1190 4481 sublimia
1226 4425 1516 4492 divinaque
1548 4425 1771 4477 nomina
1806 4423 1914 4478 Deo
1955 4425 2045 4492 qui
2082 4424 2135 4477 in

578 4537 743 4575 carne
774 4519 928 4574 nobis
959 4518 1209 4588 apparuit
1252 4517 1563 4579 convenire,
1596 4531 1760 4571 voces
1804 4515 2137 4586 Evangelicae

2233 3341 2364 3409 ἡμῖν
2391 3339 2490 3409 τῆς
2512 3339 2687 3409 ψυχῆς
2711 3338 3046 3410 κινημάτων,
3077 3338 3359 3408 προϐάτων
3382 3339 3556 3409 δίκην,
3576 3338 3655 3409 τῷ
3678 3339 3802 3408 βου·

2234 3432 2437 3501 λήματι
2458 3430 2550 3483 τοῦ
2586 3428 2999 3491 ἐπιστατοῦντος
3026 3428 3184 3497 λόγου
3214 3429 3666 3500 ποιμαινομένων.
3686 3430 3802 3484 Καὶ

2235 3521 2378 3575 οὕτω
2411 3519 2859 3592 προσεδρεύουσιν
2900 3521 3032 3590 ἡμῖν
3072 3522 3137 3591 τῇ
3187 3522 3432 3591 εἰρηνικῇ
3482 3519 3651 3593 ταύτῃ
3702 3521 3803 3574 καὶ

2237 3608 2493 3679 ἀπολέμῳ
2521 3609 2797 3679 διαγωγῇ,
2831 3608 3125 3678 ὲπιλάμψει
3163 3609 3283 3661 τότε
3316 3610 3349 3679 ἡ
3382 3608 3637 3689 ἀλήθεια,
3676 3613 3803 3674 ταῖς

2240 3703 2394 3765 ἰδίαις
2423 3705 2810 3773 μαρμαρυγαῖς
2848 3702 2946 3764 τὰς
2973 3703 3071 3771 τῆς
3108 3700 3284 3772 ψυχῆς
3319 3700 3467 3770 ὄψεις
3501 3702 3803 3772 περιαυγά-

2238 3794 2424 3857 ζουσα.
2446 3793 2575 3856 Θεὸς
2597 3793 2651 3846 δέ
2674 3795 2818 3846 ἐστιν
2845 3794 2878 3863 ή
2904 3792 3149 3863 ἀλήθεια,
3184 3795 3217 3864 ὴ
3248 3794 3635 3863 ὲμιρανισθεῖσα
3675 3795 3803 3847 τότε

2240 3886 2329 3939 διὰ
2358 3885 2451 3956 τῆς
2482 3886 2721 3957 ἀρρήτου
2765 3886 2978 3957 ἐκείνης
3010 3887 3365 3954 φωταγωγίας
3398 3884 3477 3956 τῷ
3518 3887 3716 3957 Μωσῇ.

2306 4066 2368 4116 Εἰ
2398 4064 2452 4117 δὲ
2481 4066 2574 4117 καὶ
2602 4063 2805 4133 θάμνου
2836 4064 2977 4126 τινὸς
3006 4062 3344 4126 ἀκανθώδους
3370 4062 3430 4115 τὸ
3454 4063 3651 4131 φέγγος
3677 4063 3803 4129 ἐξά-

2204 4194 2207 4199 ‹
2238 4170 2446 4218 πτεται,
2467 4146 2512 4220 ᾧ
2539 4155 2571 4224 ή
2597 4153 2740 4223 ψυχὴ
2764 4153 2856 4206 τοῦ
2887 4155 3162 4223 προφήτου
3192 4152 3620 4220 καταφωτίζεται
3640 4170 3654 4185 ⁸
3678 4154 3804 4208 οὐδὲ

2238 4247 2394 4299 τοῦτο
2427 4245 2713 4308 ἀσυντελὲς
2739 4246 2869 4315 ἡμῖν
2899 4244 3050 4296 ἔσται
3090 4243 3224 4314 πρὸς
3254 4244 3314 4296 τὸ
3356 4242 3702 4313 ζητούμενον.
3742 4246 3803 4297 Εἰ

2239 4338 2347 4407 γὰρ
2380 4337 2509 4401 Θεὸς
2548 4337 2645 4406 μὲν
2691 4338 2724 4403 ἠ
2758 4334 3009 4408 ἀλήθεια,
3043 4337 3076 4405 ἠ
3119 4335 3175 4387 δὲ
3226 4334 3449 4404 ἀλήθεια
3498 4335 3611 4403 φῶς
3643 4337 3801 4389 ἐστι·

2241 4427 2411 4480 ταῦτα
2437 4428 2491 4479 δὲ
2515 4426 2584 4480 τά
2615 4425 2791 4495 ὑψηλά
2813 4442 2873 4478 τε
2910 4425 3002 4478 καὶ
3035 4424 3154 4479 θεῖα
3179 4425 3284 4476 τῶν
3316 4424 3609 4493 ὀνομάτων,
3643 4426 3739 4476 καὶ
3769 4428 3801 4495 η

2241 4519 2333 4572 τοῦ
2364 4518 2691 4589 Εὑαγγελίου
2723 4516 2871 4588 φωνὴ
2917 4516 3332 4585 προσμαρτυρεί
3368 4512 3445 4582 τῷ
3476 4512 3561 4566 διά
3600 4515 3802 4584 σαρκὸς

580 4620 929 4673 attestantur,
962 4610 1349 4664 convenienter
1395 4607 1508 4661 haec
1550 4608 1849 4662 secundum
1882 4608 2126 4661 virtutem

2241 4613 2372 4681 ἡμῖν
2412 4609 2626 4677 ὀφθέντι
2666 4607 2783 4677 Θεῷ
2806 4624 2819 4637 ·
2860 4604 3166 4669 ἀκολούθως
3208 4606 3241 4674 ὴ
3290 4603 3509 4673 τοιαύτη
3541 4607 3638 4674 τῆς
3666 4606 3800 4675 ἀρε-

578 4702 793 4758 vivendi
834 4701 970 4755 ratio
1009 4700 1073 4754 ad
1113 4700 1251 4754 lucis
1282 4700 1426 4753 illius
1465 4698 1830 4764 cognitionem
1869 4712 1968 4751 nos
2011 4712 2137 4767 pro-

576 4795 745 4854 vehit,
781 4807 901 4861 qua:
929 4792 997 4845 ad
1032 4791 1322 4845 humanam
1346 4805 1516 4857 usque
1538 4796 1785 4841 naturam
1821 4787 2134 4855 descendit;

578 4899 700 4955 qua:
724 4883 943 4953 quidem
976 4897 1085 4937 non
1118 4883 1185 4937 de
1213 4882 1351 4935 cmlo
1384 4880 1668 4942 illucescit,
1704 4896 1770 4934 ne
1791 4895 1822 4933 a
1852 4879 2024 4935 stellis
2049 4880 2136 4934 de-

578 4974 721 5030 fluxa
754 4976 844 5029 lux
878 4973 1165 5029 videatur:
1207 4973 1300 5029 sed
1331 4973 1399 5028 ab
1433 4972 1588 5038 rubo,
1625 4973 1851 5043 ipsoque
1886 4972 2131 5041 spinoso,
2194 4972 2200 4979 ’

578 5070 648 5123 ab
680 5066 1014 5122 humanitate
1049 5066 1295 5121 videlicet
1317 5064 1614 5120 Salvatoris
1636 5064 1918 5135 effulgens,
1944 5064 2010 5117 ad
2039 5079 2135 5118 co-

578 5160 876 5231 gnitionem
908 5158 991 5214 sui
1028 5173 1122 5227 per
1152 5157 1523 5228 Evangelicam
1557 5172 1656 5212 nos
1678 5157 1862 5210 tubam
1893 5163 2133 5211 revocat.

578 5252 719 5307 Hinc
748 5251 912 5307 etiam
942 5251 1257 5319 mysterium
1295 5248 1427 5303 illud
1455 5246 1689 5320 Virginis
1725 5246 2011 5317 figuratum
2047 5262 2136 5302 es-

576 5361 657 5410 se,
704 5344 827 5415 quis
866 5358 977 5398 non
1014 5341 1248 5397 viderit?
1294 5340 1374 5393 Ah
1421 5356 1484 5396 ea
1523 5353 1755 5408 namque
1802 5338 2018 5393 deitatis
2047 5339 2135 5392 lux

576 5441 856 5504 assumpta
897 5447 1061 5487 carne
1112 5431 1288 5485 illuxit
1336 5428 1682 5491 hominibus,
1726 5443 1953 5497 eamque
1993 5429 2138 5484 omni

578 5527 742 5581 modo
777 5527 1147 5595 incorruptam
1196 5523 1455 5586 servavit,
1499 5520 1828 5591 virginitatis
1866 5521 2140 5577 viriditate

577 5618 727 5671 nullo
760 5632 827 5687 pa
865 5624 921 5670 to
959 5623 1308 5670 commutata.
1343 5616 1476 5679 Qua:
1501 5612 1721 5681 quidem
1758 5612 1845 5665 lux
1880 5626 2003 5667 cum
2038 5627 2137 5666 no-

577 5708 658 5761 bis
687 5706 947 5767 illuxerit,
984 5705 1158 5774 primo
1196 5702 1414 5758 docebit
1448 5699 1577 5771 quid
1606 5698 1912 5754 faciendum
1944 5703 2035 5764 sit,
2073 5709 2133 5754 ut

580 5796 851 5870 possimus
884 5796 949 5851 ad
993 5795 1234 5853 veritatis
1269 5794 1447 5849 radios
1480 5789 1739 5848 accedere
1779 5809 1792 5845 :
1829 5791 1986 5847 nobis
2024 5793 2133 5848 sci-

2243 4704 2339 4770 τῆς
2386 4700 2575 4771 ἀγωγὴ
2619 4698 2884 4771 προσάγει
2923 4698 3069 4768 ἡμᾶς
3120 4698 3186 4767 τῇ
3231 4695 3426 4764 γνώσει
3478 4695 3569 4748 τοῦ
3623 4698 3802 4765 φωτὸς

2242 4793 2469 4855 ἐκείνου,
2494 4791 2522 4845 ὃ
2554 4791 2717 4863 μέχρι
2764 4792 2865 4861 τῆς
2894 4790 3237 4860 ἀνθρωπίνης
3282 4788 3487 4841 κάτεισι
3536 4788 3753 4856 φύσεως
3782 4805 3799 4821 ο

2239 4883 2338 4936 οὑκ
2364 4884 2471 4937 ἀπό
2507 4900 2651 4946 τινος
2693 4880 2801 4935 τῶν
2847 4882 2974 4950 περὶ
3012 4880 3080 4932 τὰ
3122 4879 3297 4949 άστρα
3323 4879 3622 4948 φωστήρων
3662 4878 3801 4949 λαμο

2241 4977 2471 5049 πὸμενον
2495 5016 2510 5040 ,
2550 4977 2624 5040 ὡς
2653 4975 2719 5030 ἂν
2764 4974 2839 5047 μὴ
2870 4978 2967 5046 τῆς
3019 4973 3380 5044 ὑποκειμένης
3422 4971 3553 5042 ὕλης
3582 4975 3615 5042 η
3657 4973 3801 5042 αὐγὴ

2242 5068 2520 5140 νομισθείη
2541 5106 2556 5129 ,
2585 5067 2697 5122 ἀλλ’
2736 5067 2843 5121 ἀπὸ
2870 5067 3064 5139 γητνης
3092 5064 3295 5136 θάμνου
3332 5065 3458 5128 τοὺς
3488 5065 3605 5117 κατ’
3634 5064 3799 5135 ούρα-

2242 5160 2332 5214 νὸν
2356 5160 2643 5231 φωστῆρας
2667 5161 2787 5223 ταῖς
2808 5158 3017 5212 ἀκτῖσιν
3037 5156 3520 5228 ὑπερϐαλλόμενον.
3545 5157 3622 5208 Δι’
3641 5148 3704 5208 οὗ
3723 5155 3802 5208 δι-

2242 5249 2547 5321 δασκόμεθα
2580 5250 2673 5304 καὶ
2696 5249 2757 5302 τὸ
2782 5248 2925 5303 κατὰ
2954 5246 3052 5320 τὴν
3072 5246 3345 5319 Παρθένον
3368 5247 3683 5317 μυστήριον,
3706 5246 3800 5312 ἀφ’

2234 5337 2301 5413 ἦς
2338 5341 2398 5393 τὸ
2433 5342 2531 5410 τῆς
2573 5340 2821 5410 θεότητος
2860 5340 2975 5409 φῶς
3014 5338 3327 5409 ἑπιλάμψαν
3368 5336 3446 5407 τῷ
3474 5336 3801 5408 ἀνθρωπίνῳ

2237 5431 2335 5502 βίῳ
2379 5430 2465 5484 διὰ
2510 5434 2843 5501 γεννήσεως,
2902 5430 3224 5502 ἀδιάφθορον
3272 5427 3501 5498 ἐφύλαξε
3538 5427 3635 5498 τὴν
3682 5426 3802 5495 ἐξά-

2232 5523 2409 5593 ψασαν
2439 5523 2658 5593 θάμνον,
2686 5522 2781 5576 τοῦ
2812 5523 3039 5593 βλαστοῦ
3067 5522 3167 5592 τῆς
3198 5518 3491 5593 παρθενίας
3537 5518 3611 5590 μὴ
3638 5533 3801 5587 μετα-

2237 5613 2598 5684 μαρανθέντος
2629 5612 2706 5684 τῷ
2750 5615 2909 5685 τόκῳ.
2951 5614 3087 5685 Παρ⁹
3122 5612 3327 5666 ἐκείνου
3375 5609 3470 5664 τοῦ
3514 5608 3689 5679 φωτὸς
3719 5607 3799 5661 δι-

2235 5704 2563 5775 δασκόμεθα,
2610 5705 2663 5757 τί
2706 5705 3045 5776 ποιήσαντες,
3079 5703 3229 5767 ὲντδς
3275 5701 3384 5756 τῶν
3431 5702 3663 5755 ἀκτίνων
3704 5700 3801 5768 τῆς

2239 5795 2494 5867 ἀληθείας
2526 5796 2866 5868 στησόμεθα·
2910 5797 2991 5849 ὅτι
3024 5795 3123 5849 οὐκ
3163 5793 3277 5848 εστι
3307 5792 3608 5865 δεδεμένας
3648 5790 3799 5845 ποσὶν
