3996 6506
262 408 374 467 3'55

1558 418 1646 473 DE
1680 420 1837 476 VITA
1879 418 2147 475 MOYSIS.

261 524 594 596 ἀναδραμεῖν
628 526 764 598 πρὸς
812 526 872 582 τὸ
896 528 1028 599 ὕψος
1068 532 1259 597 ἐκεῖνο,
1294 532 1353 585 ἐν
1384 525 1428 599 ᾧ
1472 532 1532 586 τὸ
1562 534 1678 604 φῶς
1726 535 1807 603 τῆς

1924 533 2052 589 licet
2077 548 2184 588 non
2214 532 2375 588 licere
2403 532 2629 603 pedibus
2650 532 2929 595 revinctis,
2947 532 3013 587 ad
3030 534 3241 589 culmen
3270 535 3401 589 illud
3418 536 3474 590 in

262 617 521 687 ἀληθείας
544 621 755 688 ὁρᾶται,
807 623 856 674 εἰ
900 622 973 693 μή
1020 624 1330 695 περιλυθείη
1371 626 1480 687 τῶν
1511 628 1607 697 τῆς
1646 627 1823 698 ψυχῆς

264 714 475 783 βάσεων
523 716 556 784 ἡ
594 715 764 787 νεκρά
798 733 856 769 τε
895 718 985 771 καὶ
1012 720 1173 789 γηῖνη
1214 719 1321 773 τῶν
1352 721 1629 791 δερμάτων
1667 739 1821 792 περι-

259 805 415 875 ϐολὴ,
446 806 479 875 ή
511 806 849 877 περιτεθεῖσα
874 812 991 861 κατ’
1012 810 1181 879 ἀρχὰς
1206 813 1270 881 τῇ
1299 811 1476 880 φύσει,
1501 814 1587 866 ὅτε
1612 813 1698 866 διὰ
1724 814 1821 882 τῆς

262 897 548 968 παρακοῆς
594 897 687 951 τοῦ
735 898 875 953 θείου
919 899 1221 971 θελήματος
1256 902 1666 974 ἐγυμνώθημεν.
1711 904 1821 957 Καὶ

254 989 438 1053 οὕτως
469 990 886 1062 ἐπακολουθήσει
916 990 1117 1045 τούτων
1164 995 1297 1064 ἡμῖν
1330 994 1629 1064 γενομένων
1667 996 1698 1066 ή
1725 997 1820 1066 τῆς

254 1080 518 1151 ἀληθείας
541 1080 738 1148 γνῶσις
776 1082 875 1152 τῆς
919 1083 1046 1154 περὶ
1072 1084 1132 1136 τὸ
1172 1083 1246 1154 μὴ
1276 1083 1334 1137 ὃν
1372 1085 1687 1156 ὑπολήψεως
1718 1104 1820 1139 κα-

259 1173 481 1244 θάρσιον
525 1174 750 1242 γίνεται.
784 1174 953 1228 Τοῦτο
989 1176 1044 1229 δέ
1092 1177 1226 1237 ἐστι,
1274 1177 1417 1231 κατά
1458 1194 1521 1245 γε
1558 1179 1647 1231 τὸν
1691 1179 1820 1249 ὲμὸν

254 1264 439 1333 λόγον,
488 1265 1026 1336 ὁρισμὸςάληθείας.
1074 1267 1135 1320 τὸ
1170 1268 1242 1337 μὴ
1295 1268 1675 1339 διαψευσθῆναι
1722 1270 1820 1340 τῆς

254 1358 353 1410 τοῦ
386 1358 537 1421 ὄντος
574 1358 967 1428 κατανοήσεως.
997 1358 1221 1429 (Ψεῦδος
1258 1361 1364 1431 γάρ
1396 1362 1511 1413 ἐστι
1555 1363 1821 1429 φαντασία

254 1467 342 1513 τις
379 1450 508 1520 περὶ
535 1450 595 1502 τὸ
630 1451 703 1521 μὴ
742 1449 801 1504 δν
844 1451 1162 1523 ἐγγινομένη
1197 1455 1261 1522 τῇ
1310 1453 1535 1524 διανοίᾳ,
1575 1453 1649 1516 ὼς
1691 1454 1819 1522 ὑφε-

255 1540 464 1603 στῶτος
491 1540 582 1593 τοῦ
619 1540 691 1610 μὴ
721 1540 1054 1610 ὑπάρχοντος
1074 1558 1086 1572 ο
1114 1540 1337 1611 ἀλήθεια
1366 1542 1445 1605 δὲ,
1488 1545 1521 1613 ή
1549 1543 1641 1596 τοῦ
1669 1544 1818 1606 ὄντος

254 1632 505 1703 ἀσφαλὴς
538 1631 906 1701 κατανόησις.)
952 1632 1058 1685 Καὶ
1100 1631 1239 1685 οὕτω
1286 1633 1463 1704 πολλῷ
1496 1651 1579 1698 τις
1616 1634 1694 1705 τῷ
1724 1652 1818 1702 με-

252 1724 388 1790 ταξὺ
424 1723 600 1794 χρόνῳ
625 1726 742 1787 ταῖς
768 1723 994 1792 ὑψηλαῖς
1030 1723 1097 1775 δι’
1131 1724 1359 1793 ἡσυχίας
1384 1724 1817 1796 ἐμφιλοσοφήσας

256 1815 529 1885 μελέταις,
571 1815 721 1884 μόλις
751 1817 1087 1885 κατανοήσει,
1119 1814 1171 1866 τί
1207 1816 1303 1884 μέν
1324 1816 1470 1869 ἐστιν
1498 1817 1572 1879 ὡς
1603 1817 1815 1887 ἀληθῶς

1921 641 2030 695 quo
2093 632 2305 680 tenetur
2355 625 2448 680 lux
2505 627 2745 682 veritatis
2797 627 3131 689 ascendere,
3195 629 3300 684 nisi
3361 630 3474 684 sol-

1920 726 2077 771 vatur
2130 732 2195 772 ex
2266 716 2460 791 anima:
2519 718 2716 787 plantis
2780 726 3027 774 mortuus
3089 734 3151 772 ac
3202 721 3474 777 terrestris

1920 808 2138 876 pellium
2166 808 2421 873 amictus,
2443 825 2572 879 quo,
2597 809 2663 863 ab
2694 810 2849 864 initio
2880 820 3070 865 natura
3108 822 3294 866 nostra
3319 812 3474 867 invo-

1922 897 2031 950 luta
2083 905 2185 960 est,
2212 914 2322 969 quo
2365 908 2603 968 tempore
2644 915 2766 953 cum
2818 900 3011 955 divina:
3055 903 3316 957 voluntati
3363 919 3470 957 non

1920 990 2309 1057 paruissemus,
2346 992 2533 1046 nudati
2561 1007 2777 1055 sumus;
2801 1001 2964 1061 atque
2994 994 3066 1045 ita
3094 994 3468 1063 cogitationem

1918 1079 2037 1148 ejus
2069 1083 2160 1151 qui
2195 1090 2278 1137 est
2310 1086 2689 1152 suscipiemus,
2731 1091 2783 1137 et
2816 1084 3099 1152 opiniones
3127 1085 3193 1139 de
3236 1101 3301 1140 eo
3326 1086 3468 1155 quod

1919 1188 2025 1227 non
2060 1182 2143 1229 est
2179 1175 2342 1231 falsas
2383 1177 2596 1245 penitus
2644 1176 2875 1244 repellit.
2923 1175 3047 1228 llaec
3082 1177 3226 1230 enim
3276 1184 3359 1232 est
3390 1179 3472 1248 (ut

1919 1280 2019 1334 ego
2048 1267 2245 1335 sentio)
2278 1266 2524 1321 veritatis
2553 1265 2822 1328 diﬁinitio,
2860 1266 3013 1320 ﬁrma
3046 1267 3163 1336 ejus
3210 1269 3354 1337 quod
3386 1279 3470 1324 est

1920 1359 2258 1423 intellectio;
2300 1358 2507 1415 falsitas
2550 1361 2691 1413 enim
2730 1360 3070 1430 phantastica
3108 1361 3349 1428 quaedam
3386 1370 3471 1416 est

1918 1450 2064 1503 circa
2098 1449 2150 1502 id
2182 1450 2323 1519 quod
2367 1466 2471 1504 non
2515 1460 2598 1505 est
2626 1452 3054 1521 comprehensio,
3099 1454 3252 1521 quasi
3286 1452 3468 1507 subsi-

1916 1547 2025 1594 stat
2067 1541 2210 1609 quod
2248 1556 2357 1593 non
2402 1549 2504 1596 est.
2544 1540 2754 1596 Veritas
2797 1549 2974 1593 autem
3012 1549 3095 1595 est
3138 1540 3276 1609 ejus,
3323 1543 3465 1610 quod

1915 1643 2041 1684 vere
2081 1637 2196 1693 est,
2245 1629 2400 1684 ﬁrma
2444 1631 2755 1686 intellectio.
2809 1630 3007 1700 Longis
3054 1640 3231 1682 autem
3275 1630 3466 1699 spatiis

1915 1730 2222 1792 temporum
2248 1723 2427 1778 altiori
2450 1739 2546 1794 per
2571 1723 2804 1793 quietem
2829 1723 3010 1777 animo
3038 1722 3283 1777 meditari
3311 1735 3468 1790 opor-

1916 1820 2012 1879 tet,
2047 1824 2105 1867 ut
2134 1813 2357 1868 ﬁrmiter
2380 1815 2678 1884 intelligere
2706 1815 2905 1884 possis,
2927 1812 3055 1883 quid
3088 1813 3157 1867 sit
3186 1812 3327 1881 quod
3356 1827 3465 1866 non

252 1908 317 1959 τὸ
343 1906 422 1969 ὃν,
452 1907 480 1959 ὃ
511 1909 577 1977 τῇ
603 1905 764 1959 αὑτοῦ
790 1905 946 1974 φύσει
977 1906 1039 1959 τὸ
1062 1902 1199 1959 εἶναι
1225 1906 1334 1977 ἔχει
1353 1924 1366 1937 ’
1395 1907 1447 1960 τί
1476 1908 1532 1962 δὲ
1554 1910 1614 1962 τὸ
1635 1910 1708 1981 μὴ
1731 1909 1807 1973 ὃν,

1912 1913 2019 1969 est,
2057 1906 2200 1974 quod
2248 1907 2422 1962 solum
2453 1922 2573 1962 esse
2600 1907 2837 1971 videtur,
2884 1922 3007 1961 cum
3064 1921 3159 1975 per
3198 1921 3257 1960 se
3305 1914 3466 1974 atque

252 2000 283 2052 ὃ
317 2000 376 2051 ἐν
406 1998 485 2068 τῷ
526 1998 699 2051 δοκεῖν
736 1993 872 2051 εἶναι
907 1998 1061 2068 μόνον
1089 1999 1254 2063 ἐστὶν,
1291 2002 1656 2056 ἀνυπόστατον
1692 2003 1811 2073 ἕχον

246 2092 341 2159 ἐφ’
363 2089 555 2144 ἑαυτοῦ
580 2090 678 2159 τὴν
703 2088 880 2159 φύσιν.
910 2090 977 2143 Ὅ
1000 2108 1089 2160 μοι
1112 2092 1256 2146 δοκεῖ
1274 2092 1393 2146 τότε
1418 2095 1446 2146 ό
1470 2094 1642 2165 μέγας
1666 2095 1811 2149 Μωῦε

248 2184 375 2253 σῆς,
416 2185 474 2237 ὲν
499 2186 563 2254 τῇ
598 2182 884 2253 θεοφανεία
911 2182 1238 2247 παιδευθεὶς,
1268 2183 1501 2253 γνῶναιο
1544 2187 1624 2239 ὅτι
1663 2188 1797 2241 οὑδὲι

245 2275 360 2328 τῶν
390 2274 584 2335 ἄλλων,
611 2275 711 2327 ὅσα
746 2290 806 2326 τε
832 2276 897 2345 τῇ
927 2273 1173 2346 αἰσθήσει
1201 2276 1689 2347 καταλαμϐάνεται,
1720 2296 1789 2331 κα

244 2368 352 2420 ὅσα
376 2367 518 2420 κατὰ
541 2366 775 2420 διάνοιαν
798 2366 1099 2440 θεωρεῖται,
1122 2366 1200 2438 τῷ
1220 2368 1331 2422 δντι
1352 2370 1643 2441 ὑφέστηκε,
1674 2370 1780 2442 πλὴ

244 2459 355 2529 τῆς
380 2458 632 2529 ὑπεράνω
661 2457 900 2529 ἑστώσης
929 2458 1115 2523 οὐσίας
1144 2460 1235 2513 καὶ
1260 2460 1437 2525 αἰτίας
1464 2461 1558 2514 τοῦ
1589 2461 1788 2525 παντὸς

244 2551 345 2619 ἀφ’
381 2546 452 2622 ἦς
488 2550 716 2621 ἐξῆπται
747 2550 807 2604 τὸ
844 2552 973 2606 πᾶν.
996 2551 1061 2606 Εἰ
1089 2551 1198 2621 γάρ
1236 2569 1287 2604 τι
1332 2553 1424 2605 καὶ
1453 2553 1580 2607 ἄλλο
1611 2556 1668 2607 ὲν
1698 2556 1783 2607 τοῖ

242 2637 401 2695 οὖσιν
428 2645 461 2713 ἡ
493 2642 697 2696 διάνοια
745 2641 949 2713 βλέπει,
982 2642 1096 2695 ἀλλ’
1125 2645 1181 2697 ἐν
1222 2643 1394 2697 οὐδενὶ
1419 2644 1527 2697 τῶν
1563 2644 1729 2698 ὄντων
1752 2664 1782 2698 τ

240 2735 543 2805 ἀπροσδεὲς
591 2733 686 2788 τοῦ
738 2734 923 2803 ἐτέρου
972 2734 1230 2806 εὐθεωρεῖ
1267 2735 1296 2786 ό
1326 2735 1498 2803 λόγος,
1526 2729 1570 2804 ᾧ
1592 2736 1781 2790 δυνατό

242 2826 367 2879 ἐστι
403 2825 524 2895 δίχα
546 2826 645 2896 τῆς
669 2826 951 2896 μετουσίας
975 2825 1069 2879 τοῦ
1095 2826 1246 2891 ὄντος
1269 2822 1427 2881 εἶναι.
1452 2828 1524 2881 Τὸ
1550 2828 1606 2882 δὲ
1636 2829 1807 2882 ὡσαύ-

240 2934 358 2980 τως
385 2917 503 2987 ἕχον
528 2917 634 2983 ἀεὶ,
664 2917 727 2970 τὸ
762 2916 1009 2982 άναυξὲς,
1041 2917 1101 2970 τὸ
1131 2918 1416 2989 ἁμείωτον,
1445 2920 1508 2973 τὸ
1545 2920 1677 2991 πρὸς
1710 2923 1811 2974 πᾶ-

244 3026 353 3061 σαν
382 3008 676 3079 μεταϐολὴν
701 3010 799 3080 τήν
821 3026 880 3062 τε
909 3009 1045 3080 πρὸς
1077 3010 1139 3062 τὸ
1162 3013 1405 3080 κρεῖττον
1436 3012 1529 3065 καὶ
1557 3011 1652 3081 τὴν
1676 3012 1812 3083 πρὸς

240 3100 311 3153 τὸ
338 3103 513 3173 χεῖρον
531 3102 731 3172 ’ἐπίσης
764 3101 1015 3172 ἀκίνητον
1037 3118 1051 3131 ⁸
1074 3102 1168 3155 τοῦ
1194 3104 1289 3172 μὲν
1315 3102 1423 3174 γὰρ
1458 3103 1698 3174 χείρονος
1720 3106 1813 3173 ὴλ-

240 3193 564 3264 λοτρίωταιο
600 3193 660 3247 τὸ
703 3193 760 3246 δὲ
804 3195 1047 3264 κρεῖττον
1092 3194 1192 3246 οὐκ
1242 3192 1354 3263 ἔχει
1422 3193 1484 3245 τὸ
1524 3193 1581 3246 δὲ
1612 3195 1810 3257 παντὸς
1837 3235 1876 3289 C

239 3285 494 3348 ἁνενδεὲς
530 3285 735 3355 ἐτέρου,
765 3284 825 3337 τὸ
865 3285 1019 3355 μόνον
1044 3284 1286 3355 ὀρεκτὸν,
1312 3282 1406 3339 καὶ
1438 3285 1586 3357 παρά
1613 3287 1809 3349 παντὸς

246 3376 628 3446 μετεχόμενον,
680 3376 774 3430 καὶ
810 3376 867 3430 ἐν
914 3378 979 3447 τῇ
1028 3376 1284 3447 μετουσίᾳ
1326 3376 1434 3430 τῶν
1478 3377 1809 3448 μετεχόντων

240 3469 348 3520 οὐκ
374 3467 779 3535 ἐλαττούμενον.

318 3560 488 3612 Τοῦτό
522 3561 665 3613 ἐστιν
712 3559 787 3623 ὡς
827 3559 1040 3630 ἀληθῶς
1074 3559 1132 3612 τὸ
1171 3559 1337 3623 ὅντως
1364 3561 1443 3622 ὃν,
1474 3562 1569 3614 καὶ
1603 3562 1637 3631 ή
1674 3560 1800 3614 τού-

238 3670 341 3704 του
373 3652 716 3721 κατανόησις,
760 3652 793 3721 ἡ
839 3651 937 3721 τῆς
982 3650 1236 3720 ἀληθείας
1275 3652 1473 3719 γνῶσίς
1505 3653 1667 3705 ἐστιν.
1716 3653 1802 3705 Ἐν

238 3743 419 3813 τούτῳ
472 3744 647 3796 τοίνυν
698 3742 978 3812 γινόμενος
1022 3743 1143 3795 τότε
1194 3743 1289 3812 μὲν
1334 3744 1555 3806 ἐκεῖνος,
1606 3743 1699 3796 νῦν
1746 3743 1801 3796 δὲ

243 3838 355 3899 πᾶς
398 3837 427 3887 ό
458 3837 573 3888 κατ’
603 3835 807 3887 ἐκεῖνον
839 3834 940 3903 τῆς
969 3834 1160 3905 γηῒνης
1204 3834 1364 3887 αὑτὸν
1404 3833 1607 3887 ἐκλύων
1650 3852 1802 3904 περι-

238 3927 441 3997 ϐολῆς,
493 3924 683 3979 καὶτὸ
734 3927 798 3977 ἐκ
848 3925 944 3995 τῆς
992 3923 1152 3993 βάτου
1198 3924 1313 3993 φῶς
1354 3923 1600 3993 βλέπων,
1659 3925 1801 3977 τοῦτ’

239 4018 381 4077 ἐστι,
413 4015 548 4085 πρὸς
592 4015 689 4085 τὴν
717 4014 802 4067 διὰ
835 4014 1035 4083 σαρκὸς
1075 4014 1176 4083 τῆς
1212 4014 1554 4077 ἀκανθώδους
1601 4015 1804 4084 ταύτης

242 4106 626 4174 ὲπιλάμψασαν
644 4107 773 4175 ήμῖν
801 4106 1010 4167 ἀκτῖνα,
1037 4106 1155 4175 ἥτις
1177 4106 1311 4166 ἐστὶ,
1340 4105 1601 4169 καθὼς’τὸ
1621 4107 1800 4174 Εὐαγ-

1916 2005 2161 2051 naturam
2186 2012 2339 2053 suam
2371 1998 2589 2054 minime
2611 1998 2892 2053 subsistat.
2931 1996 3059 2051 Mihi
3082 1997 3221 2051 enim
3252 1996 3466 2051 videtur

1914 2104 2142 2159 magnus
2174 2090 2264 2145 ille
2290 2089 2497 2161 Moyses
2518 2106 2581 2146 ea
2600 2093 2652 2146 in
2677 2091 2882 2147 visione
2902 2090 3178 2155 didicisse,
3208 2089 3342 2144 nihil
3372 2104 3463 2145 ea-

1915 2198 2033 2236 rum
2061 2199 2265 2246 rerum,
2312 2199 2430 2252 qua)
2468 2191 2560 2236 aut
2594 2199 2756 2238 sensu
2786 2184 3340 2251 comprehenduntur,
3369 2193 3463 2236 aut

1912 2280 2091 2328 mente
2118 2274 2538 2345 perspiciuntur,
2574 2286 2768 2343 praeter
2806 2289 3111 2342 supremam
3140 2275 3458 2338 essentiam,

1911 2379 2032 2434 qua:
2054 2365 2292 2418 omnium
2321 2380 2481 2419 causa
2503 2372 2607 2427 est,
2639 2374 2691 2419 et
2722 2380 2753 2419 a
2791 2381 2898 2435 qua
2923 2365 3105 2419 omnia
3137 2367 3458 2435 dependent,

1911 2470 2036 2511 vere
2062 2456 2379 2512 subsistere.
2408 2455 2468 2510 in
2499 2457 2646 2511 nullo
2683 2457 2825 2511 enim
2853 2466 3172 2512 caeterorum
3204 2460 3463 2528 indepen-

1912 2547 2092 2601 dentia
2121 2546 2354 2617 perspici
2427 2553 2627 2615 potest,
2680 2547 2752 2601 ita
2801 2555 2856 2600 ut
2908 2547 3117 2617 absque
3172 2550 3463 2619 participa-

1910 2639 2059 2693 tione
2086 2639 2196 2694 veri
2236 2639 2376 2695 entis
2403 2641 2576 2709 possit
2608 2656 2747 2694 esse.
2780 2639 2965 2693 Solum
2999 2639 3053 2694 id
3095 2640 3237 2710 quod
3271 2642 3459 2696 eodem

1912 2732 2072 2786 modo
2092 2747 2301 2802 semper
2323 2748 2382 2787 se
2411 2733 2589 2795 habet,
2610 2748 2881 2803 nunquam
2903 2742 3148 2801 augetur,
3180 2749 3458 2804 nunquam

1911 2824 2190 2889 minuitur,
2238 2824 2516 2894 aequaliter
2547 2825 2614 2878 ad
2663 2841 2876 2880 omnem
2927 2826 3303 2891 mutationem,
3350 2834 3458 2878 tam

1910 2915 1978 2969 ad
2008 2917 2161 2985 pejus
2187 2930 2350 2985 quam
2380 2916 2445 2971 ad
2466 2917 2679 2983 melius,
2708 2918 3039 2971 immutabile
3072 2937 3083 2970 :
3134 2917 3288 2987 pejus
3316 2918 3460 2971 cnim

1911 3008 1987 3061 ibi
2014 3017 2107 3061 aut
2139 3009 2339 3061 malum
2383 3024 2493 3062 non
2528 3017 2631 3071 est,
2682 3010 2876 3063 melius
2918 3024 3048 3062 vero
3097 3009 3323 3063 inveniri
3355 3024 3462 3062 non

1911 3105 2105 3166 potest.
2140 3097 2317 3162 Quare
2349 3100 2523 3152 solum
2559 3100 2704 3152 nulla
2737 3114 2795 3153 re
2821 3100 2928 3152 alia
2961 3099 3185 3170 indiget,
3212 3108 3265 3154 et
3292 3100 3460 3155 solius

1911 3196 2103 3242 cuncta
2136 3190 2411 3257 indigent:
2441 3192 2615 3247 solum
2645 3199 2839 3245 cuncta
2874 3200 3151 3261 appetunt,
3177 3192 3292 3247 solo
3321 3208 3461 3246 cun-

1910 3291 1996 3335 cta
2028 3282 2369 3351 participant,
2412 3294 2464 3337 et
2501 3299 2620 3353 quae
2650 3284 2995 3353 participant,
3045 3301 3138 3353 per
3169 3285 3462 3355 participa-

1911 3375 2108 3429 tionem
2135 3384 2187 3428 et
2220 3382 2367 3439 sunt,
2404 3383 2457 3429 et
2486 3375 2621 3430 bene
2654 3386 2799 3430 sunt.
2843 3376 2993 3442 Quod
3024 3386 3204 3433 autem
3239 3379 3462 3447 partici-

1908 3471 2087 3534 patur,
2123 3481 2397 3536 nunquam
2435 3467 2791 3523 imminuitur.

1978 3555 2032 3608 ld
2069 3556 2230 3624 igitur
2264 3556 2505 3625 profecto
2550 3568 2668 3622 est,
2718 3562 2860 3628 quod
2908 3576 3031 3616 vere
3067 3571 3168 3630 est,
3195 3571 3248 3617 et
3298 3564 3459 3634 hujus

1907 3649 2019 3704 veri
2052 3650 2193 3704 entis
2220 3650 2541 3716 intellectio,
2570 3652 2635 3706 ad
2663 3669 2823 3721 quam
2853 3662 2982 3708 tunc
3007 3663 3295 3716 accesserit
3321 3663 3460 3737 Moy-

1906 3756 1993 3796 ses
2020 3760 2033 3795 :
2065 3750 2117 3796 et
2160 3758 2301 3798 nunc
2330 3745 2641 3815 quicunque
2668 3747 2826 3802 sicuti
2855 3750 2941 3804 ille
2971 3766 3000 3803 a
3032 3756 3274 3809 terrestri
3306 3773 3364 3813 se
3393 3778 3458 3818 ac

1907 3836 2131 3903 pelliceo
2171 3837 2401 3892 absolvit
2442 3840 2677 3905 amictu,
2726 3842 2957 3896 divinam
2995 3861 3061 3898 ex
3093 3850 3229 3903 rubo
3281 3852 3453 3908 lucem

1910 3928 2281 3997 prospiciens,
2329 3946 2447 3999 quae
2472 3931 2719 3986 videlicet
2750 3950 2815 3987 ex
2845 3950 3007 3991 carne
3040 3953 3138 3994 nos
3182 3943 3457 3998 illumina-

1908 4019 2016 4080 vit,
2046 4035 2165 4087 qua:
2196 4027 2280 4073 est
2306 4020 2397 4072 lux
2433 4037 2596 4083 vera,
2638 4031 2690 4076 et
2729 4023 2843 4091 ipsa
2889 4027 3119 4092 veritas,
3172 4039 3231 4084 ut
3274 4031 3454 4088 Evan-

1904 4110 2100 4178 gelium
2127 4110 2286 4176 dicit,
2323 4118 2450 4164 tunc
2476 4113 2598 4167 talis
2627 4112 2871 4175 eﬁicitur,
2907 4126 2963 4169 ut
2994 4120 3127 4173 alios
3158 4137 3372 4192 quoque
3401 4128 3452 4179 in

240 4198 421 4254 γέλιόν
447 4214 599 4266 φησι,
626 4196 687 4249 τὸ
711 4196 823 4265 φῶς
851 4196 910 4249 τὸ
934 4195 1202 4266 ἀληθινὸν,
1236 4198 1381 4267 καὶὴ
1407 4197 1626 4268 ἀλήθεια
1643 4214 1656 4227 ο
1680 4198 1798 4251 τότε

1912 4201 2208 4255 libertatem
2240 4202 2510 4256 vindicare
2530 4245 2544 4268 ,
2574 4206 2873 4275 tyrannidis
2901 4208 3159 4277 injustum
3187 4214 3455 4285 principa-

237 4283 386 4338 τοιοί
398 4301 482 4348 σος
502 4284 724 4352 γίνεται,
753 4280 861 4348 οἷος
889 4285 982 4337 καὶ
1004 4285 1208 4356 ἑτέροις
1231 4289 1309 4348 είς
1341 4287 1613 4358 σωτηρίαν
1637 4287 1803 4359 ἀρκέ-

1912 4304 2011 4341 ;υιη
2056 4288 2352 4358 deponere,
2387 4292 2684 4348 servientes
2714 4294 2946 4364 denique
2977 4300 3128 4368 ipsos
3162 4280 3216 4355 in
3248 4280 3451 4358 terram

238 4394 355 4437 σαι,
390 4375 485 4429 καὶ
516 4375 761 4428 καθελεῖν
793 4375 890 4444 μὲν
920 4375 1018 4445 τὴν
1062 4375 1462 4446 ἐπικρατοῦσαν
1496 4377 1680 4440 κακῶς
1706 4394 1801 4429 τυ-

1912 4380 2272 4446 promissionis
2301 4380 2578 4446 reducere,
2601 4394 2944 4442 commutatae
2968 4388 3187 4454 dextrae,
3211 4401 3263 4447 et
3290 4396 3456 4466 virgae

238 4467 485 4537 ραννίδα,
539 4465 811 4530 ἐξελέσθαι
855 4466 911 4519 δὲ
952 4468 1085 4537 πρὸς
1138 4468 1445 4539 ἐλευθερίαν
1486 4472 1592 4523 πᾶν
1632 4471 1693 4523 τὸ
1732 4473 1799 4541 τῇ

1920 4482 1953 4520 ιι
1992 4476 2297 4537 serpentem
2334 4484 2507 4523 versa:
2543 4472 2781 4539 auxilio,
2816 4474 2867 4527 id
2909 4484 3025 4539 est,
3059 4477 3163 4533 ﬁde
3200 4465 3451 4536 incarna-

237 4560 456 4629 πονηρᾷ
495 4556 704 4628 δουλείᾳ
734 4558 1258 4628 κατακρατούμενον,
1290 4561 1386 4630 τῆς
1425 4560 1802 4634 ἀλλοιωθείσης

1912 4554 2059 4609 .ionis
2100 4555 2247 4609 verbi
2292 4556 2596 4625 coadjutus.
2639 4559 2773 4615 Nam
2815 4564 2861 4618 si
2908 4565 3117 4637 Moyses
3165 4569 3248 4624 his
3292 4573 3452 4627 nixus

234 4648 438 4714 δεξιᾶς.
476 4648 572 4702 καὶ
613 4648 710 4719 τῆς
753 4650 831 4712 είς
872 4648 992 4718 ὅφιν
1041 4650 1465 4722 μεταϐληθείσης
1504 4652 1797 4725 βακτηρίας

1912 4644 2181 4700 miraculis
2231 4661 2259 4699 a
2305 4650 2567 4705 servitute
2616 4655 2829 4722 tyranni
2874 4654 3129 4715 Hebraeos
3168 4661 3449 4731 liberavit,

234 4745 348 4797 τῶν
374 4743 663 4814 θαυμάτων
692 4741 1121 4812 καθηγουμένης.
1149 4735 1217 4812 ’ᾯ
1247 4759 1332 4813 μοι
1363 4742 1510 4796 δοκεῖ
1534 4744 1602 4796 δι’
1627 4745 1799 4813 αίνίγ-

1912 4751 2011 4790 non
2040 4737 2239 4806 injuria
2267 4738 2657 4798 incarnationis
2682 4747 2993 4815 mysterium
3011 4792 3025 4815 ,
3057 4767 3165 4821 quo
3189 4763 3242 4808 et
3267 4755 3453 4811 diabo-

236 4854 412 4908 ματος
444 4837 502 4889 τὸ
523 4835 610 4889 διὰ
641 4835 838 4907 σαρκὸς
868 4833 1297 4905 παραδηλοῦσθαι
1329 4832 1421 4888 τοῦ
1456 4835 1657 4905 Κυρίου
1698 4853 1797 4906 μυ-

1912 4828 1988 4882 lus
2034 4828 2344 4897 depositus,
2388 4838 2441 4885 et
2470 4830 2706 4887 humana
2737 4844 2930 4890 natura
2957 4840 3177 4895 liberata
3206 4852 3323 4909 est,
3359 4862 3453 4914 per

236 4930 463 4998 στήριον
492 4927 593 4997 τῆς
636 4927 893 4997 φανείσης
937 4929 1047 4989 τοῖς
1087 4924 1391 4995 ἀνθρώποις
1436 4924 1701 4995 θεότητος,
1729 4928 1798 4980 δι’

1912 4919 2017 4972 haec
2057 4919 2385 4973 arbitramur
2430 4922 2758 4991 signiﬁcari,
2807 4930 3104 4995 praesertim
3162 4946 3281 4985 cum
3342 4944 3450 4990 tam

234 5017 303 5090 ἧς
332 5019 540 5087 γίνεται
569 5017 606 5088 ἦ
631 5034 690 5070 τε
722 5015 816 5069 τοῦ
848 5016 1105 5085 τυράννου
1143 5016 1474 5087 καθαίρεσις,
1497 5018 1590 5071 καὶ
1627 5019 1660 5088 ή
1689 5018 1795 5071 τῶν

1912 5012 2249 5081 prophetica,
2284 5028 2445 5082 quam
2491 5012 2816 5086 Evangelica
2863 5022 3157 5077 auctoritas
3205 5024 3271 5077 ad
3312 5025 3451 5080 hanc

232 5112 329 5163 ὑπ’
360 5108 524 5162 αὑτοῦ
571 5107 949 5178 κρατουμένων
992 5106 1286 5177 ἐλευθερία.
1322 5108 1403 5160 Τὰ
1436 5108 1493 5161 δέ
1542 5126 1607 5178 με
1662 5109 1796 5180 πρὸς

1912 5121 2002 5161 nos
2050 5104 2309 5159 inducant
2358 5107 2703 5162 sententiam.
2758 5108 3025 5180 Propheta
3078 5114 3219 5168 enim
3275 5115 3447 5171 dicit:

230 5203 338 5271 τὴν
372 5200 612 5253 διάνοιαν
637 5198 836 5266 ἄγοντα
867 5197 1089 5268 ταύτην,
1123 5199 1239 5251 ἐστὶ
1268 5202 1573 5272 προφητική
1605 5218 1665 5254 τε
1703 5202 1794 5254 καὶ

1912 5214 1923 5248 ι
1954 5195 2079 5250 Haec
2106 5207 2189 5251 est
2237 5197 2467 5251 mutatio
2512 5197 2743 5254 dextera:
2783 5200 2995 5258 Excelsi
3026 5204 3091 5257 ⁸⁸.
3128 5224 3146 5256 ι
3171 5204 3302 5260 Nam
3347 5208 3449 5262 etsi

232 5290 563 5363 εὐαγγελικὴ
610 5292 898 5363 μαρτυρία.
945 5292 1001 5343 ’0
1028 5290 1126 5362 μὲν
1165 5290 1271 5361 γὰρ
1298 5290 1582 5364 Προφήτης
1609 5295 1789 5364 φησίν·

1898 5394 2019 5434 men
2044 5379 2186 5449 quod
2216 5379 2281 5434 ad
2310 5381 2695 5437 assumendum
2723 5383 2993 5440 hominem
3023 5386 3331 5455 descendit,
3356 5390 3450 5443 im-

1899 5467 2353 5540 becillitatemque
2380 5479 2623 5526 nostram
2656 5489 2781 5529 vere
2809 5477 3085 5546 suscepit,
3117 5487 3448 5534 commutata

1897 5559 2117 5618 dicitur.
2153 5561 2220 5616 Et
2265 5564 2406 5620 sicut
2442 5564 2616 5638 Moysi
2652 5582 2846 5625 manus
2876 5584 2906 5624 e
2937 5570 3057 5624 sinu
3090 5570 3285 5624 educta
3330 5571 3447 5628 visa

1899 5661 1983 5707 est
2012 5662 2336 5709 commutata
2358 5698 2372 5722 ,
2417 5672 2742 5728 rursumque
2774 5660 2827 5714 in
2874 5660 3051 5715 sinum
3100 5660 3322 5717 reducta
3346 5701 3361 5726 ,
3392 5664 3447 5718 in

234 5404 251 5428 ι
276 5378 427 5448 Αὕτη
445 5382 478 5450 ή
499 5379 782 5445 ἀλλοίωσις
797 5380 893 5449 τῆς
908 5379 1085 5445 δεξιᾶς
1104 5381 1196 5435 τοῦ
1225 5378 1502 5449 Ὑψίστου,
1522 5402 1541 5435 ι
1577 5383 1651 5447 ὡς
1695 5386 1791 5455 μὲν

228 5471 335 5539 τῆς
373 5469 523 5531 θείας
560 5467 771 5537 φύσεως
819 5470 876 5521 ἐν
909 5467 987 5538 τῷ
1017 5469 1352 5540 άναλλοιώτῳ
1395 5472 1791 5544 θεωρουμένης,

228 5562 300 5628 τῇ
332 5558 390 5611 δὲ
416 5557 551 5628 πρὸς
573 5556 634 5610 τὸ
662 5557 885 5620 ἀσθενὲς
912 5558 1008 5628 τῆς
1048 5559 1389 5631 ἀνθρωπίνης
1419 5562 1629 5630 φύσεως
1665 5580 1794 5631 συγ-

226 5648 558 5710 καταὸάσει,
609 5647 741 5718 πρὸς
791 5648 852 5700 τὸ
899 5650 1159 5721 ήμέτερον
1198 5650 1380 5721 σχῆμά
1424 5670 1482 5706 τε
1526 5655 1619 5707 καὶ
1657 5650 1793 5717 εἶδος

303 5827 351 5857 ὀ
377 5826 519 5879 Psul.
560 5840 738 5885 Luvt,
768 5825 850 5878 ll.

1897 5297 2092 5342 natura
2120 5288 2302 5342 divina
2330 5288 2480 5344 nullo
2508 5298 2669 5360 pacto
2697 5294 2896 5348 mutari
2925 5304 3115 5365 queat,
3156 5297 3211 5351 in
3257 5310 3322 5352 eo
3366 5307 3450 5353 ta-
3478 5294 3489 5365 ξ

3477 5414 3487 5483 ι
3514 5410 3551 5451 Γ
