3996 6510
601 395 708 451 3:5
1815 393 1871 448 s.
1913 387 2237 448 GREGORII
2261 388 2550 450 NYSSENI
3692 406 3775 464 εδδ

607 540 856 590 naturam
901 545 1055 587 suam
1096 529 1320 584 reducta
1363 539 1487 592 est;
1529 529 1694 586 simili
1737 545 1951 600 quoque
1995 529 2155 582 modo

2260 527 2656 605 ἀλλοιωθείσης.
2694 533 2803 586 Καὶ
2850 532 2960 605 γὰρ
3002 534 3119 587 ἐκετ
3160 533 3253 589 τοῦ
3296 495 3570 606 νομοθέτου
3608 540 3639 612 ἡ
3679 547 3776 614 χεὶρ

603 624 918 695 unigenitus
951 623 1040 676 Dei
1070 621 1236 678 Filius
1257 665 1270 688 ,
1301 639 1422 677 cum
1453 622 1506 677 in
1535 624 1658 677 sinu
1690 617 1863 676 Patris
1891 629 1972 675 est
1995 662 2008 685 ,
2035 621 2158 673 dex-

525 722 532 794 ξ
603 726 722 771 tera
766 715 973 769 Excelsi
1002 724 1082 768 est
1112 731 1124 767 :
1160 729 1281 766 cum
1327 730 1453 767 vero
1495 730 1526 768 e
1568 715 1690 768 sinu
1738 712 1915 766 Patris
1953 712 2019 766 ad
2059 727 2157 766 nos

605 805 906 861 visitandos
932 805 1250 868 descendit,
1279 806 1578 859 secundum
1605 820 1704 859 nos
1737 807 1943 865 factus,
1968 818 2158 872 quam—

602 903 684 954 vis
735 895 1092 952 immutabilis
1139 897 1209 951 sit
1259 898 1373 965 ipse
1408 905 1638 961 natura,
1667 905 2028 948 commutatus
2077 904 2157 946 ta-

489 987 524 1027 ‘4
601 1006 725 1045 men
770 990 990 1044 dicitur.
1039 991 1107 1040 At
1154 1001 1282 1041 vero
1327 995 1613 1056 postquam
1670 986 1890 1038 morbos
1941 991 2156 1036 nostros

598 1080 840 1145 sanavit,
873 1089 1233 1148 naturamque
1267 1087 1508 1133 nostram
1557 1077 1611 1130 in
1661 1077 1839 1131 sinum
1883 1091 2038 1129 suum
2070 1089 2154 1127 re-

597 1171 754 1225 duxit
796 1172 985 1241 (sinus
1012 1179 1189 1225 autem
1210 1170 1328 1227 Filii
1348 1169 1505 1223 Pater
1541 1169 1696 1237 est),
1727 1177 1855 1222 tunc
1892 1168 2007 1237 ipse
2046 1180 2155 1219 non

601 1273 879 1328 mutatus,
933 1264 1130 1333 quippe
1177 1264 1269 1332 qui
1326 1262 1684 1332 impassibilis
1739 1271 1901 1329 atque
1952 1260 2158 1312 incom-

598 1356 875 1411 mutabilis
905 1366 990 1410 est
1011 1396 1024 1420 ,
1057 1355 1338 1410 mortalem
1375 1355 1513 1407 hanc
1541 1361 1593 1407 et
1624 1351 2028 1422 corruptibilem
2061 1364 2157 1402 na-

601 1458 776 1503 turam
806 1449 858 1503 in
893 1449 1246 1502 immortalem
1274 1458 1434 1517 atque
1455 1445 1840 1500 immutabilem
1869 1443 2152 1497 convertit.

605 1544 776 1613 Virgae
828 1550 1006 1596 autem
1056 1542 1109 1595 in
1156 1549 1460 1609 serpentem
1512 1539 1832 1604 conversio,
1883 1537 2154 1591 neminem

600 1634 1030 1689 Christianorum
1067 1634 1389 1696 conturbet.
1423 1630 1678 1700 quoniam
1715 1630 1781 1684 ad
1829 1628 2157 1683 incarnatio-

602 1741 721 1780 nem
741 1723 900 1779 Verbi
927 1739 955 1776 a
975 1723 1130 1777 nobis
1149 1722 1608 1776 accommodatur.
1627 1718 1758 1772 Nam
1779 1731 1831 1774 et
1851 1719 2048 1772 animal
2078 1717 2152 1780 id,

2258 623 2620 694 προϐληθεῖσα
2647 625 2741 678 τοῦ
2792 627 3011 692 κόλπου,
3050 626 3185 696 πρὸς
3221 625 3281 678 τὸ
3327 627 3473 698 παρά
3512 629 3659 698 φύσιν
3701 638 3775 704 ﬁl-

2257 719 2450 788 λοιὼθη
2481 719 2676 788 χρῶμα
2699 734 2712 747 ·
2745 720 2837 771 καὶ
2862 718 3020 772 πάλιν
3047 720 3104 771 ἐν
3141 717 3357 780 κόλποις
3378 721 3646 793 γενομένη,
3668 728 3776 796 πρὸς

2255 810 2354 880 τὴν
2386 811 2519 862 ίδίαν
2556 810 2723 873 αὐτῆς
2752 809 2844 861 καὶ
2871 807 3009 860 κατά
3029 807 3188 876 φύσιν
3215 807 3478 878 ἐπανῆλθε
3505 811 3669 881 χάριν.
3690 817 3776 870 Καὶ

2255 903 2283 952 ό
2330 901 2615 972 μονογενὴς
2647 901 2797 963 Θεὸς,
2830 903 2858 954 ό
2886 899 2960 953 ὢν
2998 901 3054 952 ἐν
3084 897 3302 964 κόλποις
3337 900 3430 954 τοῦ
3470 902 3682 974 Πατρὸς,
3709 905 3776 962 οὗ-

2255 995 2342 1056 τός
2368 997 2512 1047 ἐστιν
2538 996 2568 1064 ἡ
2609 991 2756 1059 δεξιά
2780 992 2870 1044 τοῦ
2915 992 3188 1062 Ὑψίστου.
3224 993 3352 1045 "Ore
3389 992 3444 1044 δὲ
3474 994 3598 1064 ἡμῖν
3617 998 3673 1050 ὲκ
3693 1000 3777 1051 τῶν

2256 1087 2468 1138 κόλπων
2515 1087 2703 1155 ἐφάνη,
2755 1085 2875 1137 καθ’
2909 1085 3053 1155 ἡμᾶς
3098 1082 3395 1154 ἠλλοιώθηο
3450 1083 3569 1137 ἐπεὶ
3611 1085 3661 1139 δὲ
3699 1088 3776 1151 τὰς

2256 1179 2527 1249 ἡμετέρας
2556 1176 2837 1240 ἀσθενείας
2876 1173 3134 1246 ὲκμάξας,
3171 1175 3332 1229 πάλιν
3381 1178 3678 1246 ἐπανήγαγε
3701 1182 3778 1250 τὴν

2255 1273 2314 1325 ἐν
2343 1274 2472 1342 ἡμῖν
2502 1269 2798 1340 γενομένην
2834 1271 3010 1339 χεῖρα,
3039 1269 3132 1320 καὶ
3160 1267 3278 1320 καθ’
3318 1268 3464 1338 ἡμᾶς
3485 1268 3778 1338 χρωσθεῖσαν

2255 1362 2347 1416 ἐπὶ
2375 1362 2464 1414 τὸν
2493 1361 2620 1414 ίδιον
2643 1359 2840 1412 κόλπον
2865 1357 3082 1428 (κόλπος
3101 1357 3158 1410 δὲ
3186 1358 3283 1426 τῆς
3318 1355 3497 1420 δεξιᾶς
3523 1358 3549 1408 ό
3582 1359 3778 1431 Πατὴρ),

2254 1455 2373 1506 τότε
2411 1454 2471 1504 οὐ
2504 1451 2564 1505 τὸ
2594 1449 2800 1512 ἀπαθὲς
2822 1449 2922 1518 τῆς
2961 1448 3172 1518 φύσεως
3205 1450 3282 1510 είς
3309 1446 3478 1508 πάθος
3504 1446 3777 1515 ὴλλοίωσεν,

2253 1543 2391 1598 ἀλλά
2438 1543 2498 1595 τὸ
2537 1526 2765 1613 τρεπτόν
2813 1556 2872 1592 τε
2917 1539 3007 1592 καὶ
3051 1537 3294 1604 ἐμπαθὲς
3321 1537 3411 1590 διὰ
3448 1537 3544 1606 τῆς
3594 1539 3711 1608 πρὸς
3734 1543 3779 1592 τὸ

2255 1637 2518 1708 ἄτρεπτον
2567 1633 2847 1696 κοινωνίας
2895 1634 2973 1694 είς
3008 1631 3276 1684 ἀπάθειαν
3329 1629 3776 1699 μετεστοιχείωσεν.

2268 1729 2331 1781 Ἢ
2359 1729 2416 1782 δὲ
2449 1729 2527 1791 είς
2552 1728 2674 1796 ὅφιν
2703 1723 2967 1798 μεταϐολὴ
3013 1724 3112 1792 τῆς
3155 1721 3471 1791 βακτηρίας,
3512 1722 3581 1790 μὴ
3613 1738 3780 1792 ταρασ-

601 1818 847 1888 quamvis
868 1831 1057 1886 parum
1083 1815 1478 1870 accommodari
1504 1815 1678 1869 sacris
1705 1812 1976 1884 mysteriis
1995 1823 2156 1879 posse

2260 1822 2429 1874 σέσθω
2444 1821 2566 1885 τοὺς
2587 1820 2980 1891 φιλοχρίστους,
3007 1819 3085 1879 ὼς
3109 1818 3212 1869 ἀπε
3222 1816 3501 1886 μφαίνοντι
3519 1814 3632 1886 ζώω
3646 1833 3776 1886 apos-

601 1909 865 1974 videatur,
902 1907 1016 1977 ipsa
1049 1916 1226 1960 tamen
1258 1905 1578 1976 Evangelica
1609 1905 1810 1960 veritas
1843 1905 1983 1957 hanc
2015 1903 2153 1955 ima-

2260 1880 2610 1986 αρμοζόντων
2641 1880 2794 1984 ὴμίῶν
2841 1880 3062 1964 τδνγτοῦ
3120 1880 3415 1981 μυστηρίου
3460 1880 3628 1976 λόγον⁸

599 2001 774 2066 ginem
808 2013 917 2052 non
949 1997 1171 2052 omnino
1198 1998 1501 2052 contemnit
1523 2038 1538 2063 ,
1574 2011 1697 2052 cum
1729 1997 1876 2050 dicat
1905 2013 1918 2049 :
1951 2013 1969 2046 ι
2001 1992 2154 2048 Sicut

530 2097 544 2164 ξ
601 2091 810 2164 Moyses
852 2089 1106 2145 exaltavit
1133 2095 1436 2159 serpentem
1469 2087 1526 2142 in
1556 2086 1808 2152 deserto,
1845 2087 1925 2140 sic
1955 2084 2150 2138 Filium

601 2185 837 2238 hominis
885 2182 1113 2238 exaltari
1163 2189 1374 2250 oportet
1417 2181 1484 2232 υ.
1520 2199 1539 2233 ι
1569 2179 1741 2248 Cujus
1783 2178 1924 2232 ratio
1971 2184 2151 2246 patet:

601 2291 726 2330 nam
753 2290 878 2329 cum
909 2275 1104 2329 divina:
1131 2273 1348 2327 Littera:
1378 2271 1583 2342 peccati
1609 2279 1814 2340 patrem
1847 2261 2162 2338 serpentem

601 2366 917 2429 nominent,
967 2365 1209 2435 perfecto
1254 2363 1395 2434 quod
1441 2379 1468 2417 a
1521 2369 1772 2432 serpente
1813 2372 1998 2414 natum
2032 2368 2151 2424 est,

600 2473 824 2530 serpens
851 2467 952 2514 est.
979 2457 1336 2524 Quamobrem
1365 2463 1648 2527 peccatum
1678 2453 1920 2524 parentis
1946 2452 2029 2507 sui
2056 2466 2156 2506 no-

601 2566 726 2607 men
769 2552 962 2606 merito
1004 2548 1274 2621 suscepit,
1304 2560 1637 2617 serpensque
1673 2545 1796 2614 jure
1833 2542 2153 2614 appellatur.

602 2644 670 2696 At
696 2655 826 2698 vero
857 2640 1140 2695 Dominum
1162 2680 1177 2705 ,
1208 2647 1428 2709 propter
1460 2651 1561 2692 nos
1589 2645 1866 2706 peccatum
1911 2649 2033 2688 esse
2074 2631 2154 2685 fa-

603 2743 786 2797 ctum,
825 2731 1150 2802 apostolicus
1186 2745 1369 2786 sermo
1407 2737 1677 2784 testatur:
1731 2728 1972 2796 suscepit
2009 2724 2154 2779 enim

603 2824 988 2880 mortalitatem
1022 2828 1261 2877 nostram
1283 2860 1297 2884 ,
1322 2819 1413 2889 qui
1442 2816 1716 2890 peccando
1747 2815 2003 2869 mortales
2025 2811 2154 2866 facti

605 2931 818 2972 sumus.
849 2913 907 2968 Si
939 2921 1213 2982 peccatum
1246 2909 1422 2965 factus
1461 2917 1544 2964 est
1564 2946 1579 2972 ,
1611 2913 1759 2977 patet
1791 2903 1937 2975 quod
1967 2903 2157 2972 sequi-

604 3019 693 3064 tur
719 3026 734 3075 ;
761 3015 886 3062 nam
912 3007 1002 3076 qui
1034 3011 1314 3075 peccatum
1353 3002 1527 3057 factus
1555 3009 1640 3056 est
1665 3040 1680 3066 ,
1716 3013 1938 3068 serpens
1980 2995 2156 3050 factus

604 3109 722 3166 est,
747 3109 804 3156 et
835 3099 884 3154 id
908 3107 1126 3170 propter
1150 3113 1250 3152 nos
1271 3136 1284 3159 ,
1315 3103 1374 3149 ut
1404 3094 1688 3166 Egyptios
1716 3099 1993 3160 serpentes
2012 3129 2028 3157 ,
2061 3086 2155 3157 qui

603 3208 702 3265 per
748 3206 936 3262 magos
985 3189 1248 3244 viviﬁcari
1289 3188 1562 3249 videntur,
1609 3193 1925 3244 consumat,
1966 3189 2020 3236 et
2060 3180 2157 3232 de-

607 3293 820 3346 struat:
847 3299 957 3356 quo
987 3282 1136 3340 facte
1174 3298 1366 3337 rursus
1407 3282 1461 3335 in
1505 3281 1707 3345 virgam
1751 3276 2000 3334 vertitur,
2049 3288 2154 3342 qua

607 3380 983 3448 delinquentes
1029 3374 1384 3444 castigantur,
1436 3379 1490 3426 et
1535 3369 1886 3423 consolantur
1928 3366 2021 3435 qui
2069 3379 2156 3416 ar—

609 3471 772 3525 duam
805 3482 871 3521 ac
896 3465 1164 3520 ditlicilem
1209 3464 1426 3516 virtutis
1471 3467 1700 3531 pergunt
1742 3459 1919 3524 viam,
1964 3455 2158 3510 baculo

608 3561 732 3617 ﬁdei
784 3558 988 3630 optima
1034 3572 1130 3627 spe
1177 3555 1370 3610 innixi.
1401 3572 1424 3604 ι
1456 3553 1550 3606 Est
1597 3553 1738 3607 enim
1795 3550 1928 3605 ﬁdes
1977 3563 2155 3602 rerum

607 3669 746 3725 quas
791 3665 1071 3723 speramus
1120 3645 1468 3703 subsistentia
1520 3647 1590 3705 ²²;
1619 3664 1639 3698 ι
1673 3659 1808 3713 quas
1851 3642 2160 3712 quicunque

610 3757 790 3800 mente
818 3743 1094 3811 concepit,
1125 3741 1278 3810 quasi
1313 3737 1454 3793 Deus
1480 3751 1665 3792 eorum
1702 3736 1797 3797 iit;
1827 3734 1917 3803 qui
1947 3730 2159 3786 veritati

611 3836 930 3890 resistentes
956 3832 1106 3886 carui
1139 3845 1202 3885 ac
1233 3830 1382 3884 falsis
1417 3829 1574 3883 rebus
1604 3827 1918 3892 attendunt,
1961 3825 2159 3894 quibus

613 3928 773 3981 inane
799 3924 1067 3995 quoddam
1103 3937 1226 3977 esse
1256 3922 1525 3981 videntur,
1559 3935 1680 3974 eum
1717 3917 1903 3971 audire
1931 3915 2022 3986 qui
2053 3922 2154 3969 est.

611 4017 700 4069 Ait
722 4015 865 4070 enim
897 4011 1105 4067 Pharao
1137 4030 1150 4065 :
1179 4029 1196 4062 ι
1225 4009 1360 4076 Quis
1385 4020 1471 4065 est
1506 4008 1762 4063 Dominus
1789 4007 1947 4076 cujus
1972 4021 2159 4060 vocem

607 4105 938 4162 exaudiam?
985 4118 1091 4157 non
1140 4118 1406 4173 cognosco
1455 4101 1738 4154 Dominum
1786 4100 1872 4153 "z
1909 4117 1929 4150 ι
1983 4099 2158 4152 εοΙυιη

612 4203 789 4250 autem
822 4200 1041 4262 putatur
1073 4191 1384 4244 bonorabile
1418 4204 1481 4241 ac
1511 4186 1843 4257 jucundum,
1875 4185 2018 4253 quod
2053 4191 2162 4236 ter-

613 4289 785 4335 restre
823 4289 982 4348 atque
1007 4279 1225 4331 carnale
1253 4288 1334 4331 est
1356 4315 1369 4337 ,
1398 4275 1651 4344 quodque
1679 4273 1926 4343 corporis
1966 4288 2162 4327 sensus

615 4370 781 4424 nimia
821 4369 1094 4436 voluptate
1142 4367 1338 4420 titillat.
1381 4365 1482 4431 Qui
1529 4381 1657 4420 vero
1700 4366 1836 4420 lucis
1875 4363 2163 4434 splendore

611 4461 997 4516 corroboratus
1027 4469 1140 4522 est,
1170 4461 1520 4528 ingentesque
1558 4457 1687 4510 hinc
1713 4457 1856 4511 vires
1880 4464 1932 4511 et
1973 4466 2163 4510 aucto-

2258 2007 2365 2077 γὰρ
2408 2007 2441 2076 ἢ
2474 2004 2722 2078 Ἀλήθεια
2743 2003 2830 2057 διὰ
2877 2003 2978 2073 τῆς
3010 2001 3371 2071 εύαγγελικῆς
3401 1999 3586 2070 φωνῆς
3613 2001 3667 2052 οὐ
3701 2017 3778 2052 πα-

2261 2099 2526 2170 ραιτεῖται
2551 2095 2648 2164 τὴν
2675 2093 2927 2164 τοιαύτην
2948 2095 3146 2155 είκόνα,
3161 2090 3211 2144 δι
3226 2087 3240 2109 ’
3259 2083 3334 2144 ὧν
3352 2105 3517 2160 φησιν
3533 2105 3548 2121 ο
3575 2111 3592 2144 ι
3607 2090 3780 2160 Ὠσπερ

2259 2187 2366 2258 γὰρ
2397 2186 2632 2255 Μωῦσῆς
2670 2184 2849 2253 ὖψωσε
2893 2184 2983 2237 τὸν
3029 2183 3150 2252 δφιν
3197 2184 3255 2234 ἐν
3294 2183 3359 2251 τῇ
3404 2181 3610 2250 ἐρήμῳ,
3641 2180 3780 2244 οὓτως

2258 2280 2535 2350 ὑψωθῆναι
2561 2276 2641 2329 δεῖ
2668 2276 2758 2328 τὸν
2801 2275 2926 2328 Υίὺν
2952 2272 3048 2328 τοῦ
3095 2270 3399 2344 ἀνθρώπου.
3429 2285 3450 2319 ι
3476 2268 3584 2321 Καὶ
3601 2269 3782 2341 σαφὴςὸ

2258 2374 2431 2440 λόγος.
2461 2369 2523 2423 Εί
2551 2368 2658 2437 γάρ
2677 2370 2705 2420 ὁ
2729 2369 2830 2437 τῆς
2855 2364 3128 2436 ἁμαρτίας
3158 2363 3358 2435 πατὴρ,
3379 2361 3502 2430 δφις
3532 2361 3780 2430 ὠνομάσθη

2261 2459 2363 2512 ὑπὸ
2389 2458 2486 2528 τῆς
2523 2455 2673 2517 θείας
2696 2453 2952 2524 Γραφῆς·
2986 2453 3081 2506 καὶ
3105 2452 3166 2505 τὸ
3197 2454 3261 2505 ἐκ
3292 2450 3385 2505 τοῦ
3426 2452 3600 2520 ὄφεως
3627 2465 3782 2518 γεννη-

2259 2548 2370 2611 θὲν,
2403 2547 2613 2608 πάντως
2636 2544 2756 2614 ὄφις
2779 2542 2944 2596 ἐστίν.
2973 2543 3177 2594 Οὐκοῦν
3196 2541 3506 2603 ἀκολούθως
3526 2541 3559 2610 ἡ
3582 2539 3784 2610 ἁμαρτία

2258 2639 2353 2693 τοῦ
2382 2637 2768 2709 γεγεννηκότος
2801 2635 2971 2706 αὑτήν
2997 2633 3116 2687 ἐστι
3141 2633 3472 2703 συνώνυμος.
3515 2630 3664 2685 una:
3702 2629 3783 2700 μὴν

2259 2730 2532 2802 ἁμαρτίαν
2577 2730 2642 2783 δι’
2673 2729 2818 2800 ἡμᾶς
2856 2726 3105 2796 γενέσθαι
3141 2726 3231 2779 τὸν
3267 2727 3492 2796 Κύριον,
3525 2725 3552 2777 ὁ
3593 2724 3786 2777 ἀποστο-

2259 2825 2406 2888 λικὺς
2451 2824 2881 2895 διαμαρτύρεται
2931 2821 3112 2890 λόγος,
3153 2821 3244 2873 τὸν
3289 2819 3387 2890 τὴν
3437 2817 3784 2890 ἀμαρτητιιὴν

2260 2916 2415 2987 ἡμῶν
2463 2915 2620 2986 φύσιν
2668 2913 3140 2989 περιϐαλλόμενον.
3187 2913 3343 2964 Κατά
3389 2910 3547 2978 λόγον
3589 2911 3684 2981 ἄρα
3726 2908 3787 2977 τῷ

2261 3006 2445 3076 Κυρίῳ
2485 3005 2855 3078 προσαρμόζει
2883 3006 2944 3058 τὸ
2977 3005 3221 3073 αίνιγμα.
3260 3003 3323 3056 Et
3349 3001 3458 3073 γὰρ
3491 3002 3612 3068 ὄφις
3650 3000 3784 3069 μὲνὴ

2263 3099 2524 3167 ἁμαρτία,
2557 3101 2586 3151 ὁ
2605 3098 2662 3150 δὲ
2688 3097 2889 3168 Κύριος
2911 3095 3154 3166 ἁμαρτία
3173 3093 3404 3162 ἐγένετο,
3437 3093 3497 3156 ὃς
3522 3092 3666 3145 οὐδὲν
3689 3089 3790 3145 ἄλλο

2262 3193 2294 3260 ἦ
2346 3190 2585 3263 ἁμαρτία
2617 3190 2784 3251 ἐστὶν,
2830 3188 2964 3242 ἀλλά
3013 3188 3078 3241 δι’
3120 3189 3265 3258 ἡμᾶς
3313 3186 3526 3255 γίνεται
3557 3185 3687 3253 δφις,
3719 3184 3787 3252 ἐφ’

2258 3278 2302 3353 ᾧ
2329 3301 2388 3337 τε
2417 3283 2541 3347 τοὺς
2563 3283 2886 3351 Αίγυπτίους
2936 3281 3088 3350 ὄφεις
3133 3280 3257 3342 τοὺς
3281 3280 3430 3350 παρὰ
3479 3277 3587 3331 τῶν
3613 3278 3790 3347 γοήτων

2261 3375 2725 3445 ζωογονουμένως
2777 3375 3056 3442 διαφαγεῖν
3092 3387 3151 3426 τε
3199 3373 3293 3427 καὶ
3329 3372 3712 3441 ἐνδαπανῆσαι·
3738 3361 3787 3420 οὗ

2256 3467 2568 3537 γενομένου,
2606 3465 2767 3517 πάλιν
2815 3465 2894 3527 εἰς
2925 3463 3022 3535 τὴν
3064 3463 3360 3534 βακτηρίαν
3403 3461 3706 3532 μεθίσταται
3729 3458 3784 3511 δι’

2257 3551 2324 3628 ἧς
2355 3554 2772 3624 σωφρονίζονται
2802 3555 2898 3625 μὲν
2925 3556 2975 3608 oi
2999 3554 3420 3625 ἁμαρτάνοντες,
3457 3551 3785 3606 ἀναπαύονται

2257 3649 2312 3702 δέ
2330 3651 2376 3702 oi
2393 3649 2491 3718 τὴν
2511 3649 2687 3717 ἀνωφε
2697 3649 2760 3718 ρῆ
2789 3647 3249 3719 καὶδυσπόρευτον
3263 3646 3361 3718 τῆς
3383 3647 3583 3718 ἀρετῆς
3602 3645 3788 3716 πορείαν

2260 3742 2518 3804 ἀνιόντες.
2551 3741 2636 3794 διὰ
2669 3739 2780 3793 τῶν
2818 3739 3036 3809 ἀγαθῶν
3069 3740 3292 3793 ἐλπίδων
3330 3743 3395 3810 τῇ
3431 3739 3687 3810 βακτηρία
3710 3737 3788 3804 τῆς

2259 3834 2494 3896 πίστεως
2528 3835 2620 3885 ἐπε
2632 3832 2943 3902 ρειδόμενοι.
2968 3849 2986 3881 ι
3012 3829 3167 3881 Ἐστι
3211 3825 3320 3896 γὰρ
3337 3826 3521 3890 πίστις
3540 3827 3786 3896 ἐλπιζομέ-

2259 3942 2362 3976 νων
2397 3923 2705 3985 ὑπόστασις.
2735 3938 2754 3972 ι
2793 3920 2850 3975 Ὀ
2868 3920 3044 3973 τοίνυν
3059 3922 3115 3976 ἐν
3145 3920 3389 3989 περινοίᾳ
3434 3918 3634 3971 τούτων
3663 3915 3785 3984 γενό-

2263 4032 2440 4085 μενος,
2471 4013 2600 4075 Θεὸς
2621 4015 2875 4085 ἄντικρυς
2899 4015 3125 4080 γίνεται,
3149 4011 3257 4063 τῶν
3278 4009 3678 4079 ἀνθεστηκότων
3709 4007 3786 4075 μὲν

2259 4106 2322 4173 τῇ
2351 4101 2592 4173 ἀληθείᾳ,
2641 4103 2774 4174 πρὸς
2819 4102 2873 4154 δὲ
2899 4104 2998 4172 τὴν
3031 4101 3201 4172 ὑλώδη
3235 4100 3440 4170 ταύτην
3487 4101 3580 4154 καὶ
3619 4097 3787 4153 ἀνυπό-

2263 4211 2450 4247 στατον
2475 4194 2688 4263 ἀπάτην
2712 4194 3078 4262 ἐπτοημένων,
3099 4187 3179 4255 οἷς
3201 4191 3261 4244 τὸ
3284 4189 3514 4244 ἀκοῦσαι
3535 4190 3625 4243 τοῦ
3645 4189 3785 4249 ὄντος.

2261 4286 2446 4357 ῶσπερ
2469 4303 2521 4339 τι
2545 4284 2654 4337 τῶν
2685 4286 2925 4354 ματαίων
2958 4284 3452 4354 καταπεφρόνηται.
3477 4281 3620 4353 "licet
3653 4280 3787 4349 γάρό

2260 4373 2477 4446 Φαραὼ,
2518 4391 2536 4422 ι
2560 4373 2656 4436 Τίς
2672 4374 2838 4441 ἐστιν,
2861 4367 2922 4428 οὗ
2942 4373 3324 4443 είσακούσομαι
3375 4372 3478 4441 τῆς
3509 4370 3680 4440 φωνῆς
3714 4367 3786 4420 αὖ-

2261 4465 2353 4518 τοῦ
2377 4481 2391 4529 ;
2421 4463 2518 4515 οὐκ
2539 4458 2650 4515 οἶδα
2667 4461 2758 4516 τὸν
2771 4459 2991 4532 Κύριον.
3015 4481 3034 4516 ι
3055 4463 3228 4516 Μόνον
3242 4462 3298 4516 δὲ
3322 4463 3596 4532 νομίζεται
3617 4461 3784 4529 τίμιον,

613 4554 830 4606 ritatem
864 4551 916 4604 in
948 4549 1290 4604 adversarios
1325 4548 1495 4618 cepit,
1531 4547 1576 4602 is
1607 4547 1766 4602 sicuti
1798 4547 1997 4601 athleta
2029 4546 2158 4600 satis

2264 4559 2383 4610 ὅσον
2411 4554 2607 4617 ὑλῶδες
2637 4554 2727 4607 καὶ
2755 4553 3006 4624 σάρκινον
3037 4554 3142 4606 τῶν
3179 4555 3306 4623 περὶ
3343 4555 3442 4616 τὰς
3483 4551 3787 4620 ἀλογωτέρας

613 4644 938 4699 exercitatus
962 4641 1292 4696 conﬁdenter
1333 4655 1396 4693 ac
1433 4653 1626 4708 magno
1651 4639 1833 4691 animo
1865 4638 1920 4691 in
1951 4639 2157 4692 hostem

612 4734 894 4791 descendit
920 4752 933 4787 :
963 4735 1166 4804 virgam
1195 4733 1338 4785 illam
1368 4732 1421 4784 in
1452 4745 1614 4784 manu
1646 4730 1914 4792 retinens,
1948 4729 2048 4781 hoc
2078 4737 2162 4782 est

615 4828 840 4882 verbum
889 4824 1043 4888 iidei,
1085 4839 1192 4894 quo
1234 4831 1510 4892 serpentes
1549 4821 1928 4893 Egypliorum
1969 4820 2159 4876 conlo-

614 4917 760 4984 diet,
791 4923 952 4984 atque
981 4914 1178 4969 vincet.
1223 4912 1488 4983 Sequetur
1515 4921 1692 4968 autem
1737 4914 1912 4983 ipsum
1960 4913 2157 4982 conju:

617 5005 952 5077 alienigena,
985 5006 1217 5060 humana
1257 5005 1501 5060 videlicet
1545 5005 1657 5060 haec
1693 5005 1962 5071 eruditio,
2009 5008 2167 5076 cujus

533 4979 952 5172 Ὗ[εἰὶεειιίεειιεῃ
985 5006 1217 5060 humana
1257 5005 1501 5060 videlicet
1545 5005 1657 5060 haec
1693 4979 1962 5071 eruditio,
2009 4979 2166 5076 cujus

616 5105 747 5153 sunt
774 5097 1030 5150 nonnulla
1074 5096 1139 5148 ad
1182 5097 1476 5149 liberorum
1516 5097 1946 5166 procreationem
1991 5100 2166 5152 utilia.

617 5189 839 5245 Muralis
889 5189 1034 5244 enim
1095 5189 1476 5257 natttralisqne‘
1515 5189 1858 5260 philusOphia
1909 5191 2170 5263 conjungi

555 5275 562 5320 ῖ
617 5287 797 5350 potest
838 5277 1080 5348 profecto
1109 5278 1409 5334 sublimiori
1442 5277 1564 5332 vitae
1591 5279 2002 5350 clarissimaque
2034 5298 2168 5338 con-

556 5373 561 5428 ἱ
614 5368 712 5438 ius
737 5368 855 5438 eius
884 5383 948 5423 ac
976 5369 1122 5423 socia
1157 5369 1265 5422 ﬁeri
1291 5368 1484 5432 debet,
1510 5369 1638 5422 dum
1666 5369 1786 5438 ejus
1817 5385 2003 5440 Partus
2033 5375 2168 5430 nihil

544 5525 547 5530 Α
617 5460 902 5532 alienigeni
933 5462 1157 5515 sceleris
1187 5477 1370 5514 secum
1414 5460 1665 5515 adducat.
1711 5461 1862 5528 Quod
1909 5466 2013 5521 nisi
2043 5469 2165 5536 quis

546 5561 554 5612 ζ
617 5550 971 5606 circumcidat
1003 5563 1163 5621 atque
1191 5552 1426 5616 auferat,
1451 5553 1640 5608 mortis
1667 5555 1968 5623 periculum
2001 5573 2166 5629 ange-

616 5637 704 5696 lus
736 5642 948 5696 obviam
983 5641 1157 5698 factus
1187 5644 1444 5706 incutiet,
1473 5659 1633 5713 quem
1665 5660 1801 5700 uxor
1833 5645 2000 5718 Moysi
2037 5658 2165 5708 tunc

690 5825 729 5852 "
762 5822 915 5877 .loan.
948 5841 1028 5889 III,
1066 5825 1146 5879 Η.
1224 5829 1266 5859 ’⁸
1297 5825 1456 5882 Hebr.
1489 5843 1563 5892 at,
1602 5827 1649 5883 1.
1727 5831 1774 5862 ’³
1807 5829 1976 5885 Exod.
2017 5849 2066 5896 v,
2096 5833 2149 5887 2.

2265 4646 2542 4716 αἰσθήσεις
2586 4643 3087 4714 ἀναστρεφομένων.
3119 4644 3180 4696 El
3231 4645 3409 4696 τοίνυν
3440 4643 3534 4696 ἐπὶ
3573 4641 3787 4695 τοσοῦτον

2265 4739 2352 4792 διὰ
2389 4740 2486 4810 τῆς
2514 4736 2608 4790 τοῦ
2650 4737 2824 4806 φωτὸς
2855 4735 3176 4806 ἐκλάμψεως
3197 4736 3555 4806 δυναμωθείη,
3580 4735 3665 4787 καὶ
3690 4747 3786 4785 τοσ-

2266 4831 2434 4900 αύτην
2467 4827 2616 4898 ἰσχύν
2641 4845 2701 4880 τε
2733 4827 2825 4880 καὶ
2865 4825 3110 4890 ἐξουσίαν
3135 4827 3273 4880 κατά
3301 4827 3409 4880 τῶν
3435 4821 3786 4892 ἀντιτεταγμέ-

2267 4937 2370 4974 νων
2415 4921 2587 4993 λάϐῃ·
2629 4920 2769 4983 τότε,
2825 4919 3070 4990 καθάπερ
3101 4935 3186 4982 τις
3231 4918 3486 4990 ἀθλητὴς,
3522 4916 3708 4976 ἱκανῶς
3744 4915 3787 4964 ἐν

2263 5011 2603 5083 παιδοτρίϐου
2648 5009 2746 5081 τὴν
2791 5009 3085 5079 ἀθλητικὴν
3135 5008 3382 5080 ἀνδρείαν
3433 5006 3787 5077 ἐκμελετήσας,

2265 5103 2476 5172 θαρσῶν
2524 5101 2624 5171 ἥδη
2682 5102 2776 5153 καὶ
2824 5100 3115 5164 πεποιθὼς,
3163 5101 3299 5173 πρὸς
3346 5100 3439 5153 τὸν
3483 5099 3664 5167 ἀγῶνα
3703 5096 3788 5147 τῶν

2265 5191 2470 5264 ἐχθρῶν
2516 5190 2827 5253 ἀποδύεται,
2867 5189 2957 5244 διὰ
2988 5191 3168 5261 χειρὸς
3205 5190 3301 5262 τὴν
3345 5189 3639 5261 βακτηρίαν
3680 5187 3788 5255 ἔχων

2273 5290 2504 5358 ἐκείνην,
2538 5285 2681 5338 τοῦτ’
2713 5283 2846 5346 ἔστι,
2876 5283 2967 5338 τὸν
2989 5284 3143 5352 λόγον
3169 5287 3266 5355 τῆς
3291 5284 3541 5346 πίστεως,
3569 5277 3611 5350 ᾧ
3639 5280 3789 5351 μέλλει

2272 5383 2396 5444 τοὺς
2439 5378 2762 5448 Αἰγυπτίους
2806 5377 2956 5444 ὄφεις
2993 5376 3468 5454 καταγωνίκζεσθαι.
3503 5371 3787 5438 Ἀκολουθή-

2277 5493 2356 5529 σει
2392 5474 2446 5526 δὲ
2473 5471 2620 5542 αὐτῷ
2645 5473 2738 5524 καὶ
2763 5472 2794 5539 ὴ
2821 5469 2881 5535 ἐξ
2909 5468 3216 5537 ἀλλοφύλων
3244 5469 3502 5539 ὀμόζυγος
3529 5486 3542 5498 ·
3579 5468 3682 5520 ἐστι
3704 5462 3789 5532 γάρ

2273 5585 2324 5621 τι
2351 5567 2443 5620 καὶ
2483 5566 2580 5635 τῆς
2612 5562 2716 5631 ἔξω
2748 5559 3075 5623 παιδεύσεως
3103 5560 3233 5632 πρὸς
3270 5560 3526 5628 συζυγίαν
3569 5557 3708 5630 ἡμῶν
3730 5555 3789 5612 είς

2271 5653 2609 5722 τεκνογονίαν
2633 5655 2834 5722 ἀρετῆς
2861 5651 2959 5705 οὐκ
2989 5651 3311 5720 ἀπόὸλητον.
3343 5652 3450 5704 Καὶ
3475 5649 3581 5721 γὰρ
3603 5651 3632 5721 η
3657 5644 3786 5717 ἠθική
