3996 6470
209 415 311 472 ’ΞἹ
440 432 449 442 ’
1500 406 1586 461 BE
1628 403 1785 459 VITA

1888 400 1965 457 DY
1976 400 2093 456 SIS.
3310 385 3413 442 ’558

214 550 265 584 τε
304 532 396 584 καὶ
422 528 620 599 φυσικὴ
652 526 933 596 φιλοσοφία
961 525 1166 593 γένοιτο
1197 523 1260 576 ἀν
1307 538 1433 576 ποτε
1457 518 1535 589 τῷ
1565 517 1761 587 ὑψηλο-

1888 513 2123 575 ιιεοονὶι,
2156 524 2280 564 cum
2311 509 2587 563 ablatione
2626 503 2909 578 praeputii,
2953 516 3062 572 quo
3098 497 3418 567 alienigena

213 624 352 694 τέρῳ
373 588 469 690 βίω
494 588 718 688 σύζυγός
738 636 797 672 τε
821 588 913 671 καὶ
932 588 1058 687 φίλη
1082 616 1172 669 καί
1196 613 1447 674 κοινωνὸς
1473 588 1571 680 τῆς
1591 606 1756 675 ζωῆς

1888 610 2266 675 :ognoscuntur
2289 613 2454 671 atque
2480 598 2939 656 contaminamur,
2963 590 3223 646 mundum
3246 588 3415 642 tilium

208 679 453 782 μόνόνέί
483 712 550 765 τὰ
574 679 650 764 εκ,
668 679 867 779 ταύτης
892 679 1142 779 κυήματα
1183 705 1343 777 μηδὲν
1373 679 1625 769 ἐπάγοιτο
1664 695 1759 750 τοῦ

1888 708 2024 746 tuum
2047 691 2303 746 effecerit.
2327 689 2480 756 Quod
2501 688 2716 759 quidem
2738 687 2965 755 anigma
2991 680 3231 737 historia:
3263 679 3419 733 facile

208 770 1068 878 ἀλλοφύλου,μιάσματοςῒτούτου
1103 770 1210 867 γὰρ
1240 770 1313 866 μὴ
1341 789 1760 878 περιτμηθέντνς

1888 783 1987 853 [uis
2017 798 2109 853 per
2137 797 2200 837 ea
2229 796 2351 851 qua:
2392 781 2536 836 dicta
2574 786 2704 833 sunt
2744 777 2812 830 ad
2848 773 3176 830 Christiana:
3201 770 3419 826 virtutis

208 866 300 948 κάξ
332 866 800 964 ’περιαίρεθέντοω
828 891 967 943 ὥστε
1016 890 1123 942 πᾶν
1167 866 1452 945 ἐπιϐλαϐὲς
1499 879 1590 935 καί
1625 874 1760 929 ἀκά-

1888 872 2190 943 ιὶεῑοιίείιυο
2219 872 2611 927 incrementum
2647 867 2902 938 adaptare
2931 866 3149 936 poterit.

208 988 400 1057 θαρτον
425 957 823 1056 ’ἀφαιρεθῆναιο
867 985 895 1036 ὁ
939 980 1209 1036 συναντῶν
1253 977 1477 1046 ἄγγελος
1508 972 1597 1025 τὸν
1629 966 1755 1039 περὶ
1791 963 2018 1019 θανάτου
2044 966 2204 1035 φόϐον
2243 967 2459 1035 ἐπάγει,
2486 964 2545 1017 ὃν
2587 961 2815 1016 ἰλεοῦται
2844 963 2878 1031 ἡ
2912 959 3157 1030 σύμϐιος,
3187 959 3221 1030 ή
3254 957 3424 1011 καθα-

209 1045 303 1149 pe;
340 1045 757 1133 ἀποδεικνύουσα
777 1076 837 1128 τὸ
858 1074 1052 1142 ἑαυτῆς
1075 1045 1313 1139 ἔγγονον,
1341 1069 1406 1137 τῇ
1434 1054 1889 1149 περιαιρέσειμτοῦ
1924 1055 2228 1149 ἰδιώματος,
2263 1058 2347 1126 ἐφ’
2378 1050 2422 1125 ᾧ
2459 1055 2776 1125 γνωρίζεται
2814 1054 2873 1105 τὸ
2912 1050 3222 1119 ἀλλόφυλον.
3255 1045 3423 1120 Οἶμαι

210 1140 284 1246 δὲ.
304 1170 383 1240 τῷ
429 1167 761 1239 μεμνημένῳ
799 1166 897 1235 τῆς
930 1140 1204 1232 ἱστορικῆς
1238 1157 1564 1227 ἀφηγήσεως
1597 1144 1859 1220 πρόδηλον
1895 1141 2034 1197 εἶναι
2075 1145 2162 1200 διὰ
2203 1146 2308 1201 τῶν
2339 1145 2663 1217 εἰρημένων,
2709 1144 2807 1213 τὴν
2840 1140 3158 1195 ἀκολουθίαν
3187 1141 3283 1210 τῆς
3304 1144 3422 1196 κατ’

209 1237 407 1337 ἀρετὴν
432 1237 746 1324 ἐπιδόσεως,
792 1262 857 1330 ἢν
898 1258 1268 1313 ὑποδείκνυσιν
1297 1254 1327 1305 ὁ
1358 1252 1531 1319 λόγος,
1563 1244 1638 1316 τῷ
1665 1238 1839 1312 εἱρμῷ
1886 1239 1992 1293 τῶν
2016 1243 2299 1312 ἱστορικῶν
2326 1242 2658 1311 αἰνιγμάτων
2696 1238 2997 1301 ἀκολούθως
3023 1237 3303 1308 ἑπόμενος.

285 1364 437 1414 Ἐστι
489 1360 597 1428 γάρ
631 1375 684 1410 τι
721 1357 818 1427 τῆς
854 1355 1136 1424 φιλοσόφου
1182 1351 1346 1419 γονῆς
1390 1351 1446 1402 ὲν
1488 1343 1770 1415 μαθήμασι

210 1453 484 1525 σαρκῶδὲς
541 1469 601 1504 τε
663 1451 758 1502 καὶ
818 1446 1171 1517 ἀκρόϐυστον,
1210 1436 1271 1495 οὗ
1317 1435 1771 1511 περιαιρεθέντος,

213 1549 308 1618 τῆς
379 1541 770 1615 Ίσραηλιτικῆς
829 1537 1103 1606 εὐγενείας
1160 1533 1277 1588 ἐστί
1327 1532 1386 1584 τὸ
1439 1527 1771 1595 λειπόμενον,

209 1612 341 1701 οἷον,
386 1612 649 1689 ἀθάνατον
699 1626 835 1682 εἶναι
864 1628 961 1697 τὴν
983 1624 1176 1695 ψυχὴν,
1211 1624 1355 1691 καὶὴ
1395 1618 1592 1683 ἔξωθεν
1629 1612 1776 1683 φιλο-

1940 1337 2115 1394 Habet
2142 1340 2287 1394 enim
2322 1338 2630 1408 philosophi
2649 1336 2834 1390 saeculi
2864 1343 3055 1404 partus
3074 1334 3426 1404 humanaque

1870 1430 2159 1500 disciplina
2183 1432 2408 1485 carnale
2453 1431 2722 1500 quoddam
2776 1428 3121 1498 praeputium,
3173 1440 3282 1494 quo
3314 1425 3427 1479 cir-

1872 1523 2117 1577 cumciso
2163 1523 2307 1591 quod
2366 1523 2721 1591 relinquitur,
2780 1518 3094 1573 Israeliticae
3152 1515 3428 1570 invenitur

1874 1629 1997 1669 esse
2034 1615 2358 1677 nobilitatis,
2412 1624 2490 1679 ut,
2540 1611 2774 1682 exempli
2825 1624 3014 1672 causa,
3063 1607 3426 1662 immortalem

212 1699 375 1795 σοφία
432 1724 611 1794 φησίν.
666 1715 833 1783 Οὗτος
882 1722 910 1773 ὁ
957 1718 1185 1788 εὐσεϐής
1223 1716 1337 1766 ἐστι
1382 1712 1557 1771 τόκος.
1618 1702 1777 1758 Ἀλλὰ

1888 1721 1996 1762 asse
2024 1707 2266 1760 animum
2307 1705 2617 1776 phiIOSOphi
2654 1703 2966 1774 perhibent,
3032 1699 3085 1753 id
3120 1699 3268 1768 pium
3322 1705 3427 1753 est.

214 1816 557 1886 μεταϐαίνειν
581 1814 687 1867 ἀπὸ
729 1814 990 1882 σωμάτων
1025 1810 1102 1871 εἰς
1140 1808 1361 1877 σώματα
1383 1842 1398 1866 ,
1430 1802 1520 1855 κα)¹
1545 1801 1608 1851 ὲκ
1631 1797 1774 1863 λογι-

1875 1798 1950 1853 De
1981 1799 2305 1867 corporibus
2346 1797 2401 1851 in
2456 1810 2687 1866 corpora
2738 1793 2977 1848 transire
3016 1794 3231 1852 volunt,
3277 1798 3333 1844 et
3362 1789 3431 1845 de

214 1911 318 1979 κῆς
345 1908 557 1977 φύσεως
593 1908 671 1969 εἰς
698 1904 889 1971 ἄλογον
924 1902 1091 1971 αὐτὴν
1126 1895 1490 1969 μεταφύεσθαι
1511 1910 1523 1923 ο
1555 1889 1713 1943 τοῦτο
1738 1890 1772 1957 ἡ

1888 1891 2127 1979 :gtionali
2167 1900 2361 1944 natura
2395 1888 2559 1943 etiam
2588 1887 2645 1940 in
2676 1886 2905 1939 rationis
2938 1891 3217 1952 expertem
3252 1892 3434 1935 trans-

215 1968 503 2069 σσὶῥκὶδδης
528 2012 587 2047 τε
627 1968 719 2046 και
759 1968 1058 2059 ἀλλόφυλός
1092 1968 1237 2040 ἐστιν
1280 1981 1629 2055 ἀκροϐυστία.
1665 1979 1789 2055 Καὶ

1888 1968 2027 2036 Ξίιίνε
2082 1981 2327 2036 nonnulli
2386 1985 2671 2041 asserunt,
2726 1977 2840 2030 haec
2898 1973 3055 2043 quasi
3105 1972 3431 2043 prmputium

210 2091 349 2145 ἄλλα
381 2087 602 2141 τοιαῦτα
632 2083 819 2137 πολλά-
848 2082 977 2134 Θεὸν
1009 2075 1145 2132 εἷναί
1172 2093 1356 2145 φησιν,
1386 2074 1519 2128 ἀλλὰ
1550 2071 1643 2125 καὶ
1666 2070 1778 2121 ὑλι·

212 2182 309 2235 κὺν
337 2181 498 2232 αὑτὸν
539 2178 707 2232 οἴεται
726 2193 739 2206 ο
778 2171 1104 2245 δημιουργὸν
1143 2164 1613 2243 αὺτδνρρμολογεί,
1644 2160 1778 2213 ἀλλὰ

211 2273 348 2343 ὕλης
381 2267 900 2345 πεδςρημιουργίαν
939 2246 1216 2333 δεόμενονέ
1245 2258 1446 2327 ἀγαθόν
1479 2272 1536 2309 τε
1568 2254 1660 2307 καὶ
1688 2253 1777 2305 δυ-

210 2348 374 2418 νατὸν
406 2360 542 2417 εἶναι
586 2361 821 2422 δίδωσιν,
853 2355 990 2411 ἀλλά
1032 2353 1378 2423 παραχωρεῖν
1418 2351 1477 2401 ὲν
1516 2350 1628 2408 τοῖς
1655 2346 1780 2397 πολ-

210 2460 326 2521 λοῖς
373 2460 439 2527 τῇ
473 2455 684 2525 ἀνάγκη
726 2452 824 2520 τῆς
863 2446 1217 2519 εἱμαρμένης,
1260 2442 1355 2495 καὶ
1387 2439 1546 2493 τί.άν
1592 2454 1676 2499 τις
1712 2435 1781 2488 τά

213 2551 341 2605 καθ’
373 2550 600 2602 ἕκαστον
636 2547 891 2617 διηγοῖτο,
918 2544 1065 2605 ὅπως
1101 2541 1170 2593 τὰ
1200 2535 1338 2591 καλά
1366 2533 1473 2588 τῶν
1498 2531 1773 2602 δογμάτων

214 2642 370 2712 παρὰ
392 2644 457 2711 τῇ
484 2641 587 2706 ἔξω
611 2634 895 2706 φιλοσοφίᾳ
921 2635 1039 2695 ταῖς
1064 2630 1284 2691 ἀτόποις
1312 2624 1652 2696 προσθήκαις
1681 2636 1755 2673 κα

215 2709 602 2802 ταμολὺνεται,
641 2720 715 2780 ὧν
757 2720 1211 2795 περιαιρεθέντων
1256 2717 1411 2778 ἵλεως
1442 2715 1575 2784 ἡμῖν
1615 2713 1646 2765 ὁ
1688 2709 1779 2761 τοῦ

214 2800 357 2877 Θεοῦ
386 2818 614 2889 ἄγγελος
636 2817 865 2887 γίνεται,
895 2815 969 2879 ὡς
996 2810 1202 2881 γνησίῳ
1224 2808 1367 2877 τόκῳ
1393 2804 1499 2857 τῶν
1530 2800 1783 2856 τοιούτων

216 2914 506 2983 δογμάτων
542 2907 995 2978 ἐπαγαλλόμενος.
1041 2902 1177 2956 Ἀλλ’
1208 2899 1489 2954 ἐπανιτέον
1528 2897 1663 2966 πρὸς
1686 2894 1785 2965 τὴν

1875 2071 2319 2127 circumcidenda
2356 2078 2504 2133 sunt,
2539 2067 2838 2139 proculque
2854 2064 3074 2119 omnino
3100 2060 3425 2131 abiicienda.

1875 2164 2044 2220 Deum
2093 2179 2218 2219 esse
2273 2178 2382 2218 non
2426 2169 2647 2233 negant,
2683 2160 2778 2215 sed
2837 2166 2892 2213 et
2930 2154 3263 2209 materialem
3306 2167 3422 2207 eut-

1878 2256 2247 2319 arbitrantur;
2312 2262 2617 2310 creatorem
2682 2251 2857 2320 ipsum
2917 2246 3184 2309 fatentur,
3238 2241 3335 2299 sed
3379 2250 3435 2296 et

1877 2346 2102 2401 materia
2129 2346 2195 2400 ad
2250 2343 2548 2400 creandum
2608 2340 2912 2411 indiguisse
2964 2338 3142 2407 ipsum
3196 2334 3433 2392 volunt;

1877 2439 2082 2492 bonum
2112 2444 2166 2491 et
2194 2444 2468 2507 potentem
2493 2450 2617 2490 eum
2653 2431 2980 2493 concedunt,
3028 2427 3124 2484 sed
3155 2428 3210 2481 in
3248 2425 3436 2480 multis

1880 2528 1975 2583 fati
2003 2529 2318 2583 necessitati
2371 2526 2564 2582 cedere
2598 2546 2611 2581 :
2648 2526 2929 2594 multaque
2962 2524 3068 2578 alia
3119 2520 3437 2590 hujusmodi

1880 2628 2007 2676 sunt
2042 2620 2185 2676 veris
2208 2621 2514 2690 excogitata
2548 2618 2875 2681 rationibus,
2926 2617 3021 2671 sed
3062 2613 3319 2670 absurdis
3354 2619 3439 2667 at-

1880 2730 1986 2784 que
2015 2712 2167 2769 falsis
2206 2712 2645 2783 oppositionibus
2695 2711 3001 2776 maculata;
3043 2724 3165 2779 quae
3186 2708 3233 2762 si
3275 2706 3441 2761 tolla-

1881 2821 2024 2869 mus,
2053 2804 2318 2875 propitius
2351 2804 2511 2859 nobis
2540 2802 2635 2858 Dei
2662 2802 2886 2872 angelus
2903 2801 2996 2865 sit,
3021 2810 3210 2870 utpote
3242 2799 3437 2853 horum

1882 2894 2194 2965 dogmatum
2228 2902 2388 2965 partu
2420 2894 2662 2964 legitimo
2711 2893 3067 2948 exhilaratus.
3107 2890 3210 2946 Sed
3243 2890 3310 2945 ad
3340 2890 3441 2944 in-

217 3005 540 3061 ἀκολουθίαν
578 3001 668 3055 τοῦ
711 3000 890 3067 λόγου,
936 2997 1010 3060 ὼς
1047 2995 1115 3050 ἂν
1143 2993 1236 3047 καλ
1277 2993 1408 3061 ἡμῖν
1457 2985 1783 3055 ἀπαντήσειὲ

1888 2987 2129 3042 stitutam
2162 2987 2577 3057 explicationem
2612 2986 2920 3046 redeamus.
2945 2992 3004 3038 ut
3024 2984 3304 3038 videamus
3329 2996 3440 3050 quo

221 3116 379 3163 me,
414 3095 637 3165 πλησίον
664 3062 971 3162 γενομένοις
996 3087 1102 3141 τῶν
1128 3082 1436 3153 Αἰγυπτίων
1469 3078 1713 3148 ἀγώνων,
1748 3078 1782 3148 ἡ

1891 3083 2050 3147 pacto
2085 3077 2324 3132 fraterna
2354 3077 2514 3131 nobis
2541 3075 2796 3146 sutl'ragia
2819 3076 3167 3130 subveniant.
3194 3072 3439 3127 Primum

221 3187 490 3258 ἀδελφικὴ
517 3182 823 3255 συμμαχία·
862 3176 1185 3251 μεμυήμεθα
1224 3174 1353 3245 γὰρ.
1377 3172 1451 3235 ὼς
1476 3172 1595 3224 κατ’
1621 3167 1789 3239 ἀρχὰς

226 3280 333 3351 μὲν
358 3278 452 3331 τοῦ
482 3277 599 3330 κατ’
623 3272 819 3345 ἀρετὴν
847 3270 980 3341 βίου,
1009 3265 1264 3335 συντυχία
1287 3265 1493 3332 γίνεται
1519 3260 1597 3331 τῷ
1626 3260 1789 3313 Monii-

225 3374 337 3432 σετ,
382 3368 649 3438 πολεμική
693 3381 754 3418 τε
807 3362 902 3417 καὶ
941 3356 1290 3431 «parumne,
1327 3354 1578 3423 'E6pati’ov
1620 3368 1789 3405 κατα-

222 3461 514 3523 πονοῦντος
543 3457 639 3511 τοῦ
684 3453 977 3524 Αἰγυπτίου
999 3467 1016 3484 ”
1056 3449 1151 3504 καὶ
1181 3448 1341 3503 πάλιν
1376 3444 1627 3516 Ἑϐραίου
1658 3443 1791 3515 πρὸς

224 3557 319 3610 τὸν
352 3553 620 3625 ὁμόφυλον
669 3547 1061 3612 στασιάζοντος.

300 3649 365 3701 Εἰ
380 3648 437 3699 δὲ
462 3646 594 3712 πρὸς
612 3643 673 3697 τὸ
692 3642 870 3713 μεῖζον
890 3638 998 3691 τῶν
1024 3636 1124 3707 τῆς
1141 3633 1316 3703 ψυχῆς
1333 3627 1789 3699 κατορθωμάτων,

225 3739 317 3794 διά
340 3754 397 3790 τε
420 3736 515 3805 τῆς
548 3734 758 3805 μακρᾶς
787 3728 1119 3800 ἐπιμελείας,
1143 3725 1236 3779 xei.
1257 3722 1344 3777 διὰ
1364 3722 1460 3791 τῆς
1480 3721 1537 3772 ὲν
1562 3718 1639 3787 τῷ
1671 3716 1794 3784 ὕψει

225 3829 526 3899 γενομένης
550 3820 906 3894 φαηαγωγίας
934 3817 1238 3889 ὲπαρθέντι,
1265 3813 1432 3883 eme;
1455 3829 1512 3864 τε
1535 3809 1628 3864 καί
1648 3810 1795 3878 εἰρηο

228 3917 353 3987 voti]
382 3918 589 3986 γίνεται
614 3917 646 3986 ἠ
697 3911 971 3981 συντυχία⁹
994 3907 1176 3963 θεόθεν
1194 3906 1286 3959 τοῦ
1302 3904 1526 3972 ἀδελφοῦ
1550 3902 1682 3972 πρὸς
1697 3899 1796 3970 τὴν

226 4012 536 4079 ἀπάντησιν
572 4006 734 4061 αὐτοῦ
777 4001 1234 4075 παρορμηθέντος.
1281 4000 1343 4051 Εἰ
1386 3997 1494 4066 γὰρ
1530 3994 1664 4065 πρὸς
1697 3993 1795 4063 τὴν

229 4093 1032 4174 τροπέκωτέιρανμεταληφθείη
1064 4092 1291 4162 θεωρίαν
1318 4089 1379 4142 τὸ
1405 4088 1522 4140 καθ’
1554 4085 1795 4156 ἱστορίαν

228 4193 619 4263 γεγενημένον’
650 4188 799 4241 οὐδὲν
821 4188 950 4257 ἡμῖν
976 4186 1244 4254 ἄχρηστον
1265 4179 1507 4253 πρδςιτὸν
1530 4176 1796 4248 ἡμέτερον

228 4283 483 4357 εὑρεθείη
501 4280 718 4335 σκοπόν.
738 4278 825 4348 Τῷ
846 4278 956 4330 ὄντι
971 4276 1079 4347 γὰρ
1093 4277 1204 4337 τοῖς
1221 4275 1276 4325 ἐν
1294 4274 1460 4342 ἀρετῇ
1475 4267 1796 4339 κατορθοῦσι

1890 3170 2055 3239 igitur
2110 3171 2166 3223 in
2218 3169 2375 3223 initio
2411 3169 2585 3238 ipsius
2630 3168 2774 3231 vitae,
2822 3181 2947 3222 cum
2973 3166 3219 3221 virtuose
3254 3165 3442 3219 vivere

1890 3260 2103 3332 Moyses
2134 3260 2345 3323 maluit,
2372 3273 2532 3329 quam
2570 3257 2773 3329 reginae
2807 3257 2952 3311 ﬁlius
2989 3256 3199 3325 absque
3238 3255 3442 3309 virtute

1889 3351 2216 3421 nuncupari,
2255 3350 2551 3404 bellicosus
2603 3349 2825 3418 quidam
2865 3362 3030 3404 casus
3078 3362 3142 3402 ac
3187 3345 3443 3401 militaris

1890 3445 1940 3501 ei
1974 3444 2238 3507 occurrit,
2285 3442 2539 3514 Egyptio
2570 3442 2637 3496 ad
2669 3440 2978 3506 Hebraeum,
3024 3455 3089 3496 ac
3125 3454 3317 3495 rursus
3342 3437 3446 3494 He-

1890 3537 2036 3592 braeo
2066 3535 2132 3590 ad
2162 3535 2326 3589 alium
2366 3534 2451 3589 sui
2487 3532 2703 3604 generis
2759 3532 3189 3604 insurgentibus.

1962 3628 2166 3686 Deinde
2195 3642 2320 3683 cum
2352 3627 2462 3697 jam
2498 3626 2643 3682 omni
2672 3640 2901 3680 numero
2924 3624 3445 3695 virtutis,longaquo

1892 3718 2355 3792 prameditatione
2386 3716 2990 3787 exercitationeque,‘ac
3012 3715 3225 3770 demum
3246 3713 3449 3770 divina

1893 3814 2031 3870 lucis
2046 3813 2255 3870 visione
2274 3827 2306 3867 a
2324 3809 2619 3867 terrenisin
2636 3809 2825 3864 altiora
2842 3807 2945 3862 fuit
2970 3808 3232 3873 elevatus,
3266 3807 3446 3881 placa-

1890 3907 2018 3964 bilis
2061 3915 2114 3962 et
2146 3912 2331 3975 optata
2362 3903 2546 3958 fratris
2580 3901 2683 3956 sibi
2708 3902 3018 3955 occursatio
3044 3899 3186 3953 facta
3221 3905 3325 3962 est,
3357 3899 3445 3952 di-

1892 4000 2095 4055 vinitus
2127 4006 2187 4051 ut
2220 3997 2269 4052 ei
2308 3995 2522 4051 obviam
2550 3994 2760 4048 veniret
2792 3991 3183 4047 excitati.Nam
3202 3989 3452 4060 profecto

1895 4092 1941 4149 si
1969 4089 2300 4160 tropologice
2327 4086 2473 4158 quod
2495 4085 2796 4141 secundum
2826 4082 3110 4139 historiam
3141 4081 3324 4137 evenit
3351 4096 3447 4135 ac-

1896 4167 2150 4255 οίρίιιῖιῐῐ
2188 4189 2322 4236 tunc
2367 4177 2658 4234 manifeste
2690 4176 2933 4231 divinum
2971 4175 3037 4229 ad
3069 4175 3321 4229 virtutem
3346 4187 3449 4228 no-

1896 4278 1980 4332 bis
2004 4273 2367 4347 patrocinium
2394 4268 2619 4325 concedi
2647 4267 3005 4337 reperiemus,
3051 4280 3173 4319 cum
3209 4278 3277 4319 ex
3309 4279 3453 4333 prae.

230 4356 332 4429 καὶ
346 4376 380 4444 ἡ
402 4374 552 4443 παρά
571 4372 665 4425 τοῦ
681 4370 814 4423 Θεοῦ
830 4368 1045 4422 δοθεῖσα
1064 4367 1130 4435 τῇ
1154 4363 1312 4433 φύσει
1337 4364 1368 4432 ἡ
1380 4361 1491 4431 μῶν
1515 4357 1789 4428 συμμαχία

1898 4370 2104 4437 scripto
2132 4366 2349 4419 virtutis
2373 4362 2484 4432 jam
2526 4376 2588 4415 ac
2624 4361 2711 4430 pie
2761 4357 3091 4422 vixerimus;
3128 4356 3271 4426 quod
3323 4356 3447 4425 qui-

233 4464 574 4529 συνίσταται,
597 4464 631 4534 ἢ
662 4457 1059 4532 προγενεστέρα
1085 4456 1181 4526 μέν
1222 4456 1334 4506 ἐστι
1362 4450 1501 4505 κατὰ
1527 4450 1625 4521 τὴν
1648 4447 1796 4521 πρώο

228 4575 338 4628 την
364 4555 593 4622 γένεσιν,
624 4554 742 4606 τότε
783 4552 838 4605 δὲ
878 4550 1124 4619 φαίνεται
1166 4545 1261 4600 καὶ
1293 4543 1634 4614 γνωρίζεται,
1672 4542 1797 4595 ὅταν

231 4647 439 4711 ἱκανῶς
468 4646 542 4717 τῷ
573 4644 882 4715 ὑψηλοτέρῳ
914 4642 1014 4712 βίῳ
1048 4640 1136 4694 διὰ
1168 4637 1437 4707 προσοχῆς
1474 4651 1533 4688 τε
1567 4635 1656 4687 καὶ
1678 4635 1798 4686 ἐπι-·

236 4738 461 4809 μελείας
485 4737 679 4797 αὐτοὺς
707 4730 1100 4793 οἰκειώσαντες,
1129 4728 1261 4799 πρὸς
1279 4727 1401 4788 τοὺς
1427 4722 1798 4793 ἰσχυροτέρους

227 4831 344 4884 τῶν
377 4829 552 4882 ἄθλων
576 4822 953 4893 ἀποδυὼμεθα.
996 4822 1082 4882 Ὧς
1110 4820 1153 4874 δ’
1188 4819 1253 4873 ἂν
1302 4818 1374 4888 μὴ
1393 4817 1459 4870 δι’
1486 4815 1800 4883 αἰνίγματος

228 4925 370 4992 ἡμῖν
421 4921 492 4974 τὰ
538 4919 833 4988 αἰνίγματα
886 4914 1170 4977 διαλύοιτο,
1210 4911 1534 4981 γυμνότερον
1575 4908 1799 4976 ἐκθήσο-

235 5033 340 5086 μαι
377 5012 642 5085 τὴνπερὶ
690 5010 877 5064 τούτου
924 5007 1175 5061 διάνοιαν.
1209 5004 1379 5072 Λόγος
1420 5002 1504 5065 τίς
1553 5004 1695 5054 ἐστιν
1737 5001 1800 5050 ὲκ

234 5106 538 5176 πατρικῆς·
556 5101 896 5173 παραδόσεως
920 5100 981 5153 τὸ
1014 5097 1201 5151 πιστὸν
1228 5096 1363 5165 ἔχων
1383 5135 1398 5159 ,
1421 5094 1479 5157 ὃς
1512 5110 1660 5163 φησι,
1699 5108 1799 5142 πε-

234 5197 443 5265 σούσης
496 5193 652 5265 ἡμῶν
678 5194 757 5256 εἰς
801 5190 1074 5263 ἁμαρτίαν
1120 5190 1216 5260 τῆς
1242 5188 1471 5258 φύσεως,
1522 5185 1594 5256 μὴ
1636 5201 1799 5254 παρι-

226 5291 347 5342 δεῖν
417 5289 513 5341 τὸν
579 5286 710 5339 Θεὸν
768 5286 864 5356 τὴν
931 5283 1137 5337 πτῶσιν
1207 5279 1363 5351 ἡμῶν
1435 5278 1796 5348 ἀπρονόητον*

228 5381 356 5436 ἀλλ’
394 5378 624 5449 ἄγγελόν
648 5395 769 5430 τινα
798 5376 902 5429 τῶν
938 5376 1038 5445 τὴν
1069 5372 1359 5442 ἀσώματον
1384 5370 1672 5440 εἰληχότων
1703 5368 1803 5437 φύ-

231 5493 346 5537 σιν,
385 5472 795 5544 παρακαθιστᾷν
821 5470 900 5531 εἰς
940 5464 1251 5536 συμμαχίαν
1286 5466 1351 5534 τῇ
1399 5462 1625 5515 ἑκάστου
1666 5460 1799 5531 ζωῇ,

227 5571 300 5623 ἐκ
327 5569 389 5621 δὲ
416 5566 509 5621 τοῦ
540 5564 779 5618 ἐναντίου
801 5603 816 5626 ,
859 5561 950 5613 τὸν
982 5558 1181 5630 φθορέα
1207 5557 1305 5627 τῆς
1332 5555 1543 5625 φύσεως
1575 5554 1802 5623 ἀντιμη-

227 5658 506 5734 χανᾶσθαι
551 5656 612 5709 τὸ
663 5655 772 5709 ἴσον
804 5653 892 5708 διὰ
923 5650 1159 5724 πονηροῦ
1202 5669 1340 5715 τινος
1390 5652 1480 5705 καὶ
1511 5647 1800 5702 κακοποιοῦ

1896 4464 2017 4519 dem
2049 4457 2413 4531 patrocinium
2455 4454 2627 4525 prima
2672 4452 3017 4523 generatione
3070 4455 3125 4504 et
3173 4447 3453 4503 creatione

1895 4560 2081 4610 nostra
2153 4547 2431 4618 antiquius
2481 4552 2611 4600 est:
2645 4543 2795 4614 prius
2840 4542 2983 4597 enim
3042 4546 3303 4604 creatum,
3350 4537 3448 4594 sed

1894 4654 2025 4703 tunc
2048 4642 2387 4714 apertissime
2416 4644 2660 4709 apparet,
2681 4649 2805 4690 cum
2835 4649 2936 4689 nos
2966 4634 3115 4704 ipsos
3147 4630 3451 4685 attentione

1896 4753 1960 4791 ac
1988 4750 2122 4791 cura
2159 4731 2370 4788 meliori
2400 4730 2526 4784 vita:
2563 4723 2975 4786 tradiderimus,
3007 4738 3070 4776 ac
3103 4738 3203 4793 pro
3234 4722 3352 4776 zelo
3381 4719 3448 4773 ﬂ.

1897 4830 1984 4886 dei
2022 4835 2076 4883 et
2131 4825 2352 4879 virtutis
2403 4819 2699 4875 certamina
2730 4813 3133 4885 susceperimus
3176 4811 3447 4883 graviora.

1896 4921 2099 4975 Verum
2128 4932 2198 4972 ne
2249 4914 2477 4984 aenigma
2521 4908 2763 4964 historiae
2791 4921 2887 4976 per
2933 4905 3215 4974 aenigmata
3252 4900 3452 4971 exponi

1897 5014 2166 5076 videatur,
2212 5008 2375 5063 latius
2401 5003 2546 5075 quod
2579 5002 2750 5058 sentio
2779 4996 3181 5069 explanandum
3210 5001 3328 5049 est:
3357 5007 3453 5047 oc-

1899 5104 2097 5161 cultior
2142 5097 2388 5171 quzedam
2435 5093 2679 5153 traditio,
2729 5098 2784 5145 et
2816 5104 2975 5143 verus
3033 5099 3213 5141 sermo
3251 5083 3318 5137 ad
3348 5096 3451 5137 nos

1900 5211 2075 5267 usque
2096 5189 2403 5255 descendit,
2435 5201 2544 5257 quo
2572 5183 2835 5245 creditur,
2856 5189 3208 5250 posteaquam
3232 5176 3289 5229 iu
3322 5187 3453 5244 pee-

1900 5262 2081 5340 catum
2111 5287 2307 5334 natura
2336 5283 2524 5331 nostra
2567 5273 2717 5340 lapsa
2744 5278 2851 5335 est,
2893 5283 3001 5322 non
3030 5265 3251 5321 omnino
3278 5278 3310 5317 a
3335 5262 3451 5317 cle-

1900 5369 2103 5426 mentia
2126 5368 2309 5423 divina
2340 5364 2660 5434 neglectam,
2709 5374 2883 5429 neque
2903 5359 3107 5426 absque
3140 5367 3240 5409 suo
3266 5357 3453 5423 patro.

1900 5464 2047 5520 cinio
2075 5459 2377 5519 dimissam,
2400 5455 2495 5511 sed
2526 5453 2864 5524 angelorum,
2911 5449 3004 5519 qui
3035 5456 3228 5502 natura
3264 5444 3451 5498 ineor-

1902 5556 2055 5629 porei
2087 5560 2235 5616 sunt,
2277 5538 2511 5618 aliquem
2555 5546 2611 5601 in
2648 5542 3039 5599 adminiculum
3082 5538 3280 5608 cuique
3315 5550 3452 5592 eon-

1903 5628 2147 5707 stitutum
2182 5645 2372 5712 fuisse,
2402 5650 2717 5709 naturaeque
2754 5645 2957 5692 nostra:
2993 5639 3369 5702 corruptorem
3392 5628 3451 5685 in
3560 5688 3572 5696 ‘
