3988 6470
560 391 662 448 339

1743 405 1801 458 S.
1878 402 2202 461 GREGORII
2241 408 2529 465 NYSSENI

3665 418 3766 472 διο

559 508 814 584 omnibus
839 518 1027 564 contra
1045 510 1397 576 annitentem,
1433 529 1657 583 pravum
1683 516 1918 587 aliquem
1945 528 2106 591 atque

2213 523 2477 594 δαίμονος,
2522 528 2588 595 τῇ
2621 525 2714 578 τοῦ
2748 522 3033 594 ἀνθρώπου
3064 522 3174 594 ζωῇ
3218 524 3635 596 λυμαινόμενον.
3680 529 3768 583 Ἐν

560 600 861 655 maleficum
893 602 1138 656 daemona
1176 604 1243 658 ad
1264 606 1403 660 male
1429 607 1716 663 vivendum
1737 611 1983 685 homines
2014 616 2115 669 im-

2225 615 2372 686 μέσῳ
2411 616 2465 669 δὲ
2500 617 2628 669 ὅντα
2668 617 2775 670 τῶν
2811 616 2903 669 δύο
2941 616 3032 670 τὸν
3058 615 3358 687 ἄνθρωπον,
3387 616 3478 669 τὸν
3509 619 3770 689 ἐκατέρου

560 689 867 759 pellentem.
925 690 990 743 ad
1025 691 1268 760 singulos
1318 693 1641 751 destinasse.
1687 697 1892 753 Horum
1935 712 2111 757 autem

2219 703 2328 756 τῶν
2353 706 2745 776 παρεπομένων
2773 705 2970 759 σκοπὸν
2997 706 3328 769 ὑπεναντίως
3372 708 3507 779 πρὸς
3548 708 3642 762 τὸν
3666 710 3773 763 ἐτε-

560 779 795 831 medium
834 778 1035 832 factum
1086 783 1380 844 hominem,
1439 801 1669 853 quorum
1730 791 1866 845 alter
1914 793 2111 857 bonus,

557 869 778 923 virtutis
801 869 940 923 bona
987 873 1409 942 cogitationibus
1435 878 1609 942 offert,
1631 896 1751 949 qua:
1780 883 1847 937 ah
1885 885 1993 941 illis
2020 887 2111 956 qui

557 970 707 1018 recte
731 981 789 1020 se
833 970 1121 1036 gesserint,
1165 985 1260 1039 per
1304 986 1452 1039 spem
1497 972 1776 1039 videntur;
1819 976 1953 1029 alter
1985 989 2113 1030 vero

556 1052 895 1110 titillationes
927 1065 981 1110 et
1002 1057 1301 1125 voluptates
1330 1058 1512 1112 carnis
1529 1059 1787 1127 suggerit,
1811 1074 1877 1113 ex
1915 1062 2111 1129 quibus

556 1140 702 1195 nulla
737 1142 999 1196 honorum
1046 1160 1170 1212 spes
1207 1146 1400 1212 surgit,
1454 1146 1547 1199 sed
1581 1161 1666 1201 res
1708 1158 2019 1215 praesentes,
2058 1158 2113 1204 et

556 1233 757 1302 quibus
795 1234 1045 1299 fruimur,
1078 1246 1129 1291 et
1154 1252 1291 1305 quas
1314 1237 1608 1301 cernimus,
1659 1239 1937 1294 hominum
1973 1242 2109 1296 insi-

555 1327 818 1395 pientium
848 1344 1044 1383 sensus
1090 1330 1144 1382 in
1187 1329 1499 1382 servitutem
1560 1331 1827 1400 redigunt.
1884 1331 1938 1385 Si
1981 1349 2110 1402 ergo

556 1418 859 1487 sejunxerit
890 1435 948 1474 se
976 1422 1045 1474 ab
1076 1420 1140 1474 iis
1166 1422 1363 1488 quibus
1384 1422 1448 1475 ad
1475 1423 1675 1476 malum
1712 1425 2106 1494 pelliciebatur,

556 1512 977 1579 cogitationibus
998 1512 1111 1566 suis
1161 1512 1216 1565 in
1267 1514 1460 1568 melius
1517 1516 1825 1579 conversis,
1863 1527 1917 1572 et
1964 1520 2111 1573 velut

556 1597 764 1665 rejecto
797 1597 851 1650 iu
887 1606 1092 1667 tergum
1126 1599 1278 1664 vitio,
1330 1609 1585 1671 tanquam
1624 1607 1902 1672 speculum
1937 1610 2110 1674 quod-

558 1686 681 1740 dam
721 1687 957 1739 animum
992 1704 1146 1741 suum
1174 1704 1239 1742 ex
1269 1689 1497 1744 adverso
1527 1690 1641 1759 spei
1669 1689 1979 1746 futurorum
2014 1695 2109 1748 bo-

558 1792 750 1831 norum
784 1779 1082 1843 collocarit,
1108 1780 1188 1833 sic
1220 1788 1276 1832 ut
1300 1787 1533 1834 ostensa:
1561 1781 1823 1838 divinitus
1858 1785 1961 1838 sibi
1999 1788 2108 1839 vir-

2224 810 2314 864 pov
2340 794 2548 864 ἔχοντα,
2576 797 2641 849 δι’
2683 795 2873 850 ἑαυτοῦ
2910 799 3080 849 ποιεῖν
3120 796 3262 850 κατὰ
3305 798 3396 851 τοῦ
3442 799 3605 853 ἄλλου
3649 801 3769 853 ἐπι-

2219 886 2598 958 κρατέστερον.
2636 887 3082 958 Προδεικνύοντος
3108 891 3217 951 τοῖς
3241 888 3517 959 λογισμοῖς
3546 890 3642 942 τοῦ
3674 891 3774 961 μὲν

2218 978 2421 1047 ἀγαθοῦ
2464 979 2532 1032 τά
2572 980 2668 1049 τῆς
2711 981 2909 1051 ἀρετῆς
2938 981 3135 1049 ἀγαθὰ,
3184 982 3283 1035 ὅσα
3320 982 3387 1034 δι’
3429 980 3639 1045 ἐλπίδος
3662 985 3773 1045 τοῖς

2217 1069 2567 1138 κατορθοῦσιν
2608 1073 2799 1142 ὁρᾶται
2830 1087 2842 1100 ·
2890 1072 2982 1124 τοῦ
3022 1071 3079 1126 δὲ
3121 1072 3306 1144 ἐτέρου
3333 1114 3348 1138 ,
3399 1073 3498 1136 τὰς
3552 1072 3773 1137 ὑλώδεις

2217 1160 2428 1228 ἡδονὰς,
2461 1161 2551 1227 ἀφ’
2579 1153 2653 1213 ὧν
2680 1160 2831 1223 ἐλπὶς
2858 1160 2958 1230 μὲν
2987 1160 3204 1229 ἀγαθῶν
3227 1161 3469 1231 οὐδεμία,
3499 1161 3559 1214 τδ
3581 1161 3637 1213 δέ
3667 1177 3773 1213 πα-

2218 1250 2328 1320 ρὸν,
2360 1253 2449 1304 καὶ
2479 1252 2852 1322 μετεχόμενον,
2885 1253 2977 1305 καὶ
3005 1251 3295 1323 ὁρώμενον,
3364 1252 3463 1317 τὰς
3493 1251 3776 1324 αἰσθήσεις

2214 1341 2319 1396 τῶν
2362 1342 2725 1414 ἀνοητοτέρων
2776 1343 3234 1413 ἀνδραποδίζεται.
3289 1343 3458 1415 Εῖπερ
3489 1339 3581 1397 οὖν
3612 1343 3770 1397 ἀλλο-

2213 1434 2467 1505 τριωθείη
2495 1434 2602 1487 τῶν
2628 1435 2720 1487 ἐπὶ
2759 1434 2910 1505 κακῷ
2939 1431 3313 1500 δελεαζόντων,
3345 1434 3480 1504 πρὸς
3502 1434 3566 1488 τὺ
3589 1436 3773 1505 κρεῖτ-

2213 1543 2305 1579 τον
2328 1527 2436 1587 τοῖς
2462 1524 2736 1594 λογισμοῖς
2766 1525 3080 1596 ἐπιτρέψας,
3109 1525 3203 1577 καὶ
3227 1525 3387 1577 οἱονεὶ
3424 1524 3562 1577 κατά
3600 1522 3775 1577 νώτου

2211 1617 2307 1687 τὴν
2347 1619 2540 1670 κακίαν
2571 1617 2821 1688 ἐποίησεν
2842 1634 2858 1651 ι
2896 1617 3299 1688 ἀντιπρόσωπον
3327 1617 3423 1687 τὴν
3452 1615 3641 1669 ἐαυτοῦ
3671 1615 3775 1685 ψυ-

2212 1707 2332 1778 χὴν,
2360 1700 2471 1760 οἶόν
2499 1724 2552 1759 τι
2578 1706 2897 1779 κάτοπτρον,
2929 1708 3061 1778 πρὸς
3085 1707 3182 1778 τὴν
3211 1706 3396 1760 ἐλπίδα
3421 1706 3525 1760 τῶν
3548 1706 3774 1774 ἀγαθῶν

2222 1800 2439 1868 στήσας,
2472 1798 2545 1861 ὡς
2572 1798 2671 1867 τῆς
2698 1798 3149 1868 προδεικνυμένης
3175 1797 3320 1867 αὐτῷ
3350 1797 3530 1851 θεόθεν
3570 1798 3774 1869 ἀρετῆς

556 1869 690 1923 tutis
718 1871 927 1939 species
944 1878 996 1924 et
1037 1872 1299 1940 imagines
1329 1872 1523 1927 anima:
1552 1888 1664 1927 sua:
1698 1872 1933 1943 puritate
1979 1892 2105 1946 pos-

2214 1887 2311 1952 τάς
2344 1888 2554 1951 εἰκόνας
2596 1906 2654 1940 τε
2700 1890 2792 1941 καὶ
2835 1889 2932 1952 τὰς
2978 1890 3239 1959 ἐμφάσεις
3282 1887 3359 1958 τῷ
3405 1888 3628 1958 καθαρῷ
3674 1888 3774 1959 τῆς

559 1960 631 2014 sit
660 1961 984 2032 exprimere,
1025 1970 1153 2016 tunc
1190 1964 1240 2016 ei
1296 1966 1636 2021 manifestius
1678 1966 1862 2023 fratris
1908 1970 2108 2023 auxilia

559 2054 798 2123 undique
820 2065 1103 2123 apparent,
1131 2072 1317 2111 secum
1355 2058 1615 2114 adversus
1648 2060 1831 2115 hostes
1866 2065 2058 2117 armati
2092 2080 2107 2128 ;

558 2144 726 2199 frater
760 2146 902 2199 enim
938 2148 1337 2215 quodammodo
1377 2149 1611 2205 hominis
1653 2153 1837 2206 animo
1886 2156 2110 2224 angelus

557 2246 640 2291 est
672 2238 946 2303 (rationali
1008 2239 1207 2308 quippe
1259 2254 1323 2293 ac
1384 2241 1733 2297 intellectuali
1779 2253 1971 2298 natura
2020 2263 2107 2301 se-

559 2343 680 2381 cum
704 2330 1217 2400 annectunlur),qui
1236 2339 1366 2386 tunc
1397 2335 1630 2388 maxime
1665 2336 1822 2390 nobis
1850 2337 2109 2393 assistere

558 2419 787 2481 videtur,
825 2431 885 2474 ut
928 2422 1128 2474 dictum
1170 2430 1272 2488 est,
1322 2438 1443 2476 cum
1492 2424 1759 2478 Pharaoni
1818 2430 2109 2498 appropin-

559 2526 808 2579 quamus.
848 2510 1013 2566 Nemo
1036 2522 1214 2567 autem
1253 2514 1493 2570 historia:
1511 2516 1786 2572 veritatem
1816 2533 1909 2586 per
1930 2522 2107 2574 omnia

559 2617 659 2656 nos
689 2611 844 2671 cogat
882 2603 947 2656 ad
999 2604 1333 2671 propositum
1399 2605 1851 2673 accommodare;
1913 2624 2010 2662 nec
2061 2610 2107 2664 si

558 2693 683 2763 qttid
714 2708 821 2747 non
852 2703 1275 2749 consentaneum
1303 2696 1428 2750 huic
1481 2698 1800 2767 tropologiaa
1853 2699 1907 2751 in
1942 2701 2109 2754 histo-

558 2789 640 2841 ria
697 2787 894 2852 veniat,
945 2787 1149 2841 idcirco
1201 2788 1511 2843 universam
1561 2791 1699 2844 hanc
1744 2792 2109 2861 intelligenda:

560 2878 853 2948 Scriptura:
874 2882 1013 2933 viam
1054 2888 1371 2950 aspernetur
1423 2890 1583 2951 atque
1623 2892 1975 2949 contemnat;
2014 2884 2108 2939 sed

558 2969 891 3034 recordetur,
918 2972 986 3024 ab
1011 2972 1163 3025 initio
1194 2974 1375 3025 statim
1411 2988 1508 3027 nos
1540 2972 1767 3036 dixisse,
1788 2989 2106 3042 magnorum

559 3060 800 3114 virorum
835 3062 974 3116 vitas
1026 3061 1094 3115 ad
1123 3065 1427 3132 exemplum
1481 3072 1534 3119 et
1578 3065 1935 3121 imitationem
1974 3067 2110 3123 divi-

558 3152 706 3207 nitus
730 3151 887 3207 nobis
918 3168 1039 3208 esse
1071 3155 1391 3224 propositas.

630 3241 813 3313 Itaque
868 3259 993 3297 cum
1040 3260 1134 3313 per
1178 3244 1491 3299 earumdem
1538 3260 1716 3300 rerum
1748 3246 1963 3312 seriem,
2014 3235 2178 3317 perc

558 3336 776 3390 eosdem
808 3335 932 3390 vita:
970 3350 1152 3399 casus,
1178 3351 1271 3390 aut
1297 3337 1572 3391 materiem
1606 3339 1824 3393 minime
1841 3340 2110 3407 pOSsimus

559 3440 658 3481 eos
687 3426 916 3491 imitari;
950 3428 1223 3492 quomodo
1251 3429 1394 3481 enim
1432 3443 1623 3483 rursus
1653 3445 1719 3483 ex
1769 3432 2111 3501 transmigra-

559 3518 705 3572 tione
735 3518 1004 3585 reperitur
1046 3517 1436 3586 multiplicatus
1486 3519 1541 3571 in
1581 3518 1813 3589 IEgypto
1856 3523 2107 3591 populus,

563 3617 655 3662 aut
685 3609 956 3678 quomodo
999 3624 1189 3663 rursus
1239 3609 1292 3662 in
1353 3609 1665 3663 servitutem
1699 3611 1903 3681 redigat
1957 3612 2107 3667 illum

564 3713 827 3773 tyrannus
883 3715 1011 3770 erga
1052 3701 1346 3755 masculant
1393 3701 1600 3770 prolem
1658 3701 1928 3757 hostiliter
1980 3703 2111 3759 aﬂe-

560 3804 704 3857 ctus,
738 3792 941 3862 quique
986 3791 1273 3846 femineam
1314 3793 1614 3847 molliorem
1654 3801 1817 3864 atque
1850 3794 2113 3850 inﬁrmio-

563 3899 674 3937 rem
704 3898 929 3938 numero
963 3884 1144 3954 augeri
1166 3885 1422 3953 patiatur,
1444 3896 1743 3956 caeteraque
1767 3889 1971 3953 omnia,
1992 3904 2112 3959 quae

562 3976 787 4031 historia
836 3976 1249 4045 complectitur,
1307 3977 1399 4030 ubi
1454 3979 1577 4048 quis
1611 3979 1885 4033 inveniet?
1917 3980 2111 4035 nullibi

565 4066 824 4139 profecto.
858 4068 1034 4133 Quare
1080 4070 1335 4139 quoniam
1374 4070 1577 4127 eisdem
1623 4073 1677 4126 in
1709 4074 1874 4129 rebus
1918 4074 2111 4129 beatos

561 4161 707 4216 viros
730 4160 930 4214 imitari
980 4175 1081 4215 nos
1131 4163 1353 4220 minime
1403 4176 1585 4236 posset
1621 4166 1721 4223 fuit
1764 4168 2109 4229 demonstra»

565 4265 698 4315 tum,
723 4252 790 4306 ad
824 4253 1079 4307 moralem
1114 4253 1277 4306 vitam
1313 4254 1379 4307 ab
1414 4255 1675 4311 historica
1718 4262 1878 4324 serie,
1932 4269 2111 4321 omnia

564 4341 933 4407 traducamus,
995 4356 1115 4411 quae
1170 4342 1305 4396 bene
1351 4344 1567 4400 vivendi
1625 4350 1931 4420 rationibus
1976 4371 2110 4411 con-

560 4439 782 4502 gruunt.
811 4429 989 4487 Potuit
1017 4434 1162 4487 enim
1190 4434 1431 4504 profecto
1474 4436 1617 4493 Deus
1647 4441 1712 4494 ad
1748 4448 2109 4512 posteriorum

2217 1980 2350 2044 ίδίας
2380 1980 2557 2051 ψυχῆς
2583 1979 2988 2035 ἐντυπῶσασθαι
3009 1997 3023 2011 ο
3053 1982 3171 2035 τότε
3198 1981 3343 2052 αὐτῷ
3366 1984 3398 2051 ὴ
3421 1980 3513 2033 τοῦ
3539 1980 3772 2050 ἀδελφοῦ

2216 2074 2497 2143 συμμαχία
2554 2076 2782 2143 συναντᾷ
2824 2074 2917 2127 καὶ
2971 2073 3298 2127 συνίσταται.
3368 2073 3615 2142 ’Δδελφδς
3660 2073 3775 2143 γὰρ

2212 2167 2409 2237 τρόπον
2438 2165 2555 2218 τινὰ
2584 2164 2725 2218 κατά
2769 2165 2828 2218 τὸ
2870 2164 3081 2233 λογικόν
3109 2182 3167 2217 τε
3201 2166 3293 2219 καὶ
3318 2166 3501 2235 νοερὸν
3531 2165 3634 2234 τῆς
3665 2164 3774 2235 cpu-

2211 2258 2313 2328 χῆς
2335 2256 2427 2309 τοῦ
2455 2256 2761 2327 ἀνθρώπου,
2786 2259 2814 2310 ὁ
2839 2257 3084 2326 ἄγγελος,
3107 2258 3135 2309 δ
3162 2257 3280 2310 τότε
3307 2256 3511 2327 (καθὼς
3531 2256 3773 2326 εἴρηται)

2211 2348 2531 2418 φαινόμενός
2572 2364 2632 2400 τε
2679 2349 2771 2401 καὶ
2815 2348 3249 2417 παριστάμενος,
3294 2348 3420 2401 ὅταν
3462 2346 3540 2418 τῷ
3569 2345 3775 2417 Φαραὼ

2211 2439 2673 2511 προσεγγίζωμεν.
2722 2439 2922 2510 Μηδεὶς
2962 2439 3019 2492 δὲ
3060 2440 3230 2494 διόλου
3270 2440 3367 2511 τὴν
3397 2441 3494 2509 τῆς
3526 2439 3776 2511 ἱστορίας

2212 2530 2424 2584 ἔκθεσιν
2453 2528 2871 2601 παρατεθεῖσθαι
2912 2528 2989 2599 τῷ
3021 2529 3192 2601 εἱρμῷ
3241 2533 3342 2600 τῆς
3386 2530 3641 2600 τοιαύτης
3676 2529 3776 2583 τοῦ

2210 2622 2299 2675 νοῦ
2347 2621 2574 2693 θεωρίας
2618 2621 2870 2692 νομίζων,
2914 2621 2968 2674 εί
3010 2622 3111 2675 πού
3138 2639 3190 2675 τι
3227 2622 3333 2677 τῶν
3364 2621 3776 2693 γεγραμμένων

2210 2714 2314 2781 ἔξω
2341 2713 2541 2782 ταύτης
2568 2713 2664 2783 τῆς
2706 2710 2940 2775 διανοίας
2984 2712 3307 2782 εὑρίσκοιτο,
3342 2712 3405 2765 δι’
3435 2712 3642 2765 ἐκείνου
3676 2714 3777 2764 καὶ

2207 2807 2269 2859 τό
2298 2808 2401 2859 πᾶν
2429 2805 2687 2859 ἀθετείτω
2704 2820 2718 2834 ’
2749 2803 2862 2857 ἀλλ’
2892 2804 2977 2857 ἀεὶ
3000 2805 3294 2875 μεμνήσθω
3319 2805 3411 2858 τοῦ
3438 2804 3638 2858 σκοποῦ
3660 2804 3777 2856 τῶν

2209 2899 2400 2967 λόγων,
2434 2899 2568 2971 πρὸς
2592 2897 2650 2949 ὃν
2675 2897 2956 2966 βλέποντες
2981 2897 3151 2950 ταῦτα
3178 2894 3576 2968 διεξερχόμεθα,
3606 2896 3779 2959 εὐθὺς

2210 2992 2267 3044 ἐν
2314 2990 2612 3062 προοιμίοις
2663 2990 3014 3055 ἐπειπόντες,
3060 2990 3169 3044 τῶν
3216 2989 3511 3060 εὐδοκίμων
3560 2989 3776 3060 ἀνδρῶν

2211 3084 2335 3146 τοὺς
2379 3082 2526 3152 βίους
2562 3084 2641 3146 είς
2670 3081 2868 3153 ἀρετῆς
2902 3082 3203 3153 ὑπόδειγμα
3242 3083 3353 3145 τοῖς
3389 3079 3587 3151 ἐφεξῆς
3633 3097 3781 3151 προ-

2212 3174 2446 3229 κεῖσθαι.

2292 3265 2441 3317 Ἐπεὶ
2486 3258 2578 3318 οὖν
2616 3262 2681 3316 δι’
2727 3264 2896 3335 αὐτῆς
2955 3262 3063 3317 τῶν
3107 3265 3443 3335 πραγμάτων
3485 3264 3588 3335 τῆς
3633 3264 3782 3336 ὕλης

2209 3356 2380 3410 ἐλθεῖν
2399 3357 2524 3418 τοὺς
2552 3354 2846 3425 ζηλοῦντας
2868 3354 2935 3408 τά
2958 3356 3197 3423 ἐκείνων,
3232 3357 3330 3427 οὐχ
3356 3352 3468 3410 οἷόν
3491 3374 3551 3410 τε
3570 3374 3585 3389 ·
3626 3358 3782 3429 (πῶς

2210 3448 2317 3519 γὰρ
2358 3446 2424 3500 ἂν
2463 3447 2705 3519 εὑρεθείη
2738 3447 2897 3500 πάλιν
2921 3451 2948 3502 ὁ
2977 3451 3040 3501 ἐκ
3067 3449 3405 3519 μετοικεσίας
3430 3453 3486 3503 ἐν
3509 3449 3783 3520 Αἰγύπτῳ

2208 3541 2333 3603 λαὸς
2366 3538 2808 3610 πληθυνόμενος;
2860 3540 2893 3610 ἢ
2944 3540 3104 3594 πάλιν
3144 3541 3629 3612 καταδουλούμενος
3675 3542 3778 3595 τύ-

2214 3649 2419 3705 ραννος,
2448 3634 2477 3685 ὁ
2505 3632 2638 3703 πρὸς
2661 3632 2759 3703 τὴν
2788 3632 3183 3715 ἀρῤεναΙγονὴν
3220 3633 3494 3704 δυσμενῶς
3522 3634 3681 3703 ἔχων,
3716 3636 3779 3688 τὸ

2209 3724 2265 3777 δέ
2317 3722 2697 3794 μαλακώτερόν
2752 3740 2812 3775 τε
2866 3724 2958 3776 καὶ
3007 3723 3388 3795 ἀσθενέστερον
3434 3726 3511 3787 είς
3566 3724 3778 3793 πλῆθος

2210 3815 2406 3882 αὔξων,
2447 3816 2540 3869 καὶ
2579 3815 2743 3870 τᾶλλα
2783 3816 2982 3879 πάντα,
3030 3817 3130 3871 ὃσα
3172 3817 3408 3888 περιέχει
3452 3820 3479 3871 ό
3528 3817 3687 3885 λόγος
3716 3818 3777 3884 ;)

2211 3908 2331 3961 ἐπεὶ
2363 3904 2456 3962 οὖν
2487 3908 2741 3963 ἀδύνατον
2771 3907 3058 3979 ἀπεδείχθη
3080 3908 3145 3961 δι’
3173 3908 3348 3961 αὐτῶν
3376 3908 3481 3960 τῶν
3511 3909 3777 3979 πραγμά-

2211 4019 2318 4055 των
2349 3999 2418 4053 τά
2453 3998 2559 4053 τῶν
2592 3999 2869 4071 μακαρίων
2904 3999 3238 4071 μιμήσασθαι
3274 3998 3555 4069 θαύματα,
3601 4016 3777 4068 μετα·

2212 4093 2440 4166 ληπτέον
2470 4092 2535 4147 ἂν
2575 4092 2681 4162 εἴη,
2716 4093 2849 4163 πρός
2897 4110 3018 4146 τινα
3069 4091 3260 4163 ἠθικὴν
3307 4091 3668 4157 διδασκαλίαν,
3707 4093 3777 4144 ἐκ

2211 4185 2311 4255 τῆς
2340 4184 2525 4253 ὑλικῆς
2559 4183 2874 4246 ἀκολουθίας
2901 4182 2968 4236 τὰ
2996 4183 3312 4252 ἐνδεχόμενα
3334 4198 3346 4216 ·
3388 4182 3454 4235 δι’
3483 4175 3556 4236 ὧν
3584 4180 3649 4235 ἄν
3683 4200 3775 4245 τις

2213 4275 2416 4343 γένοιτο
2441 4277 2553 4337 τοῖς
2581 4273 2715 4344 πρὸς
2738 4274 2935 4343 ἀρετὴν
2968 4272 3321 4325 ἐσπουδακόσι
3359 4273 3495 4343 πρὸς
3526 4270 3776 4325 τοιοῦτον

2215 4367 2325 4437 βίον
2354 4366 2626 4437 συνεργία.
2656 4366 2719 4418 Ei
2748 4365 2803 4418 δέ
2827 4382 2879 4417 τι
2907 4364 3013 4418 τῶν
3040 4366 3097 4417 ἐν
3122 4366 3184 4435 τῇ
3216 4365 3421 4435 ἱστορίᾳ
3446 4364 3771 4433 γεγονότων,

2214 4460 2317 4524 ἔξω
2347 4459 2438 4513 τοῦ
2467 4458 2658 4530 είρμοῦ
2688 4458 2787 4527 τῆς
2814 4458 3099 4528 ἀνειμένης
3123 4457 3375 4520 διανοίας.
3403 4459 3436 4527 ἡ
3478 4456 3585 4509 τῶν
3622 4473 3774 4527 πρα-

563 4524 945 4595 perfectionem
988 4525 1289 4595 priscorum
1320 4530 1485 4584 vitam
1510 4531 1562 4584 in
1601 4537 1907 4605 exemplum
1944 4542 2111 4598 altius

2213 4552 2436 4623 γμάτων
2461 4524 2667 4622 ἀνάγκη
2700 4524 2880 4604 πεσεῖν
2912 4524 3194 4604 ἐ-σιάσατοο
3230 4524 3566 4619 ὑπερϐάντας
3584 4524 3771 4609 τοῦτο.

562 4616 889 4671 intellectam
925 4617 1352 4675 accommodare.
1385 4621 1563 4687 Quare
1606 4623 1653 4677 si
1696 4628 1839 4694 quod
1873 4628 2111 4690 historiae

2327 4640 2462 4710 πρὸς
2507 4616 2595 4691 τὸν
2639 4616 2900 4709 ἡμέτερον
2948 4638 3145 4703 σκοπὸν
3190 4616 3495 4701 ἁλυσίτελὲς
3537 4638 3629 4691 καὶ
3672 4638 3773 4690 ἀν-

562 4708 763 4762 dictum
822 4723 929 4763 non
976 4713 1197 4766 omnino
1240 4714 1517 4782 proposito
1557 4719 1827 4781 convenit,
1875 4722 1925 4776 id
1978 4740 2112 4793 prae-

564 4800 945 4862 termittentes,
1001 4818 1068 4857 ne
1119 4805 1286 4859 series
1325 4807 1682 4875 expositionis
1728 4812 2109 4883 intercidatur,

562 4906 683 4961 qum
711 4891 898 4945 idonea
932 4903 1058 4947 sunt
1106 4896 1665 4967 conjungentuleaec
1704 4902 1836 4967 dixi,
1875 4923 1941 4962 ne
1989 4912 2112 4979 quis

563 4984 697 5037 mihi
755 4985 997 5053 obiiciat,
1049 5003 1286 5058 congrue
1338 4991 1553 5058 quidem
1605 4994 1713 5058 hic,
1759 5012 1860 5066 pro
1909 5003 2108 5066 Aaron.

563 5077 731 5131 fratre
769 5077 936 5147 Moysi
961 5080 1184 5149 majore,
1225 5088 1477 5154 angelum
1515 5090 1795 5145 custodem
1831 5093 1991 5149 nobis
2029 5096 2113 5150 di-

559 5168 765 5221 vinitus
796 5169 1003 5236 datum,
1053 5188 1155 5229 nos
1191 5178 1629 5236 subintellexisse
1658 5200 1672 5249 ;
1721 5199 1844 5237 nam
1876 5194 1929 5240 et
1963 5188 2112 5255 prior

561 5266 753 5313 natura
794 5263 1035 5331 angelica
1066 5275 1169 5328 est,
1206 5279 1259 5323 et
1289 5270 1637 5328 intellectuali
1686 5289 1750 5329 ac
1784 5276 2111 5347 incorporali

561 5366 685 5404 cum
721 5352 956 5406 humano
986 5355 1259 5413 videretur
1297 5363 1479 5416 animo
1506 5366 1813 5431 convenire,
1831 5383 1931 5422 nec
1958 5371 2114 5424 dubi-

562 5448 680 5497 tare
714 5459 772 5498 se
822 5445 1024 5500 auxilio
1058 5449 1216 5505 nobis
1252 5453 1486 5509 maxime
1523 5463 1654 5509 tunc
1690 5472 1830 5523 esse,
1856 5475 1978 5514 cum
2020 5462 2114 5515 ad-

562 5551 753 5592 versus
780 5540 1150 5608 incorporales
1186 5542 1369 5599 hostes
1394 5545 1746 5617 insurgimus,
1788 5566 1896 5605 non
1933 5559 2111 5609 tamen

561 5636 709 5682 recte
744 5644 841 5696 pro
875 5630 995 5696 hoc,
1035 5633 1191 5702 quasi
1230 5634 1398 5691 fratre
1450 5637 1606 5694 nobis
1660 5640 1851 5711 angelo
1900 5657 2115 5714 semper

564 5715 743 5773 Aaron
783 5722 901 5790 capi
944 5738 1119 5791 posse.
1138 5722 1270 5780 Nam
1317 5742 1441 5783 cum
1490 5728 1669 5786 Aaron
1716 5733 1825 5788 dux
1874 5733 2113 5792 Hebraeis

564 5808 629 5863 ad
686 5808 1043 5869 idololatriam
1098 5818 1265 5874 fuisse
1302 5819 1567 5887 videatur,
1625 5834 1682 5880 ut
1728 5824 1949 5883 historia
1996 5834 2108 5881 tra-

2212 4732 2417 4801 ὀνητον,
2454 4729 2527 4800 μὴ
2570 4729 2876 4783 διακόπτειν
2913 4731 2970 4782 ἐν
3006 4724 3086 4792 οἷς
3116 4727 3287 4794 ἔξεστι
3313 4732 3412 4800 τῆς
3438 4728 3637 4799 ἀρετῆς
3663 4728 3774 4799 τὴν

2211 4822 2499 4892 ὑφήγησιν.
2529 4820 2712 4873 Ταῦτα
2740 4819 2795 4872 δέ
2820 4836 2959 4890 φημι
2985 4822 3107 4891 περὶ
3131 4820 3238 4874 τῶν
3263 4820 3402 4873 κατά
3429 4820 3521 4872 τὸν
3558 4817 3774 4889 Ἀαρὼν

2211 4914 2527 4985 νοηθέντων,
2568 4911 2629 4965 τὸ
2667 4912 2982 4965 ἀντιπίπτον
3029 4913 3092 4965 ἐκ
3134 4911 3228 4965 τοῦ
3267 4911 3556 4966 ἀκολούθου
3606 4910 3774 4982 θερα-

2213 5005 2412 5058 πεύων.
2460 5004 2604 5076 Ἐρεῖ
2652 5003 2759 5073 γάρ
2790 5020 2893 5068 τις,
2922 5004 2981 5056 τὸ
3023 5005 3118 5075 μὲν
3149 5003 3422 5072 συγγενῶς
3451 5004 3593 5073 ἔχειν
3626 5004 3772 5074 πρὸς

2210 5097 2308 5165 τὴν
2334 5096 2505 5165 ψυχὴν
2531 5097 2587 5146 ἐν
2611 5092 2688 5163 τῷ
2712 5094 2883 5164 νοητῷ
2905 5111 2965 5146 τε
2991 5094 3085 5147 καὶ
3106 5094 3378 5165 ἀσωμάτῳ
3404 5095 3494 5149 τὸν
3514 5094 3769 5162 ἄγγελον,

2212 5186 2383 5240 καὶτὸ
2404 5186 2819 5257 προγενέστερον
2841 5186 2937 5257 τῆς
2956 5186 3227 5258 ἡμετέρας
3248 5188 3584 5258 κατασκευῆς
3604 5185 3771 5252 εἶναι,

2214 5278 2306 5331 καὶ
2345 5277 2406 5330 τὸ
2448 5277 2788 5331 συνίστασθαι
2820 5279 2931 5340 τοῖς
2967 5278 3100 5348 πρὸς
3124 5281 3249 5341 τοὺς
3276 5279 3596 5342 ἀντιπάλους
3628 5296 3773 5348 συμο

2214 5370 2584 5441 πλεκομένοις,
2623 5369 2697 5441 μὴ
2743 5371 3100 5441 ἀμφιϐάλλειν
3126 5389 3140 5403 ·
3192 5372 3266 5442 μὴ
3318 5373 3414 5442 μέν
3459 5390 3541 5426 τοι
3587 5372 3774 5437 καλῶς

2213 5461 2374 5531 ἔχειν,
2405 5462 2483 5523 είς
2514 5461 2717 5515 ἐκείνου
2745 5461 2931 5528 τύπον,
2970 5462 3059 5515 τὸν
3108 5461 3315 5533 Ἀαρὼν
3352 5465 3509 5527 νοεῖν,
3543 5462 3631 5515 τὸν
3661 5461 3771 5532 τῆς

2213 5552 2651 5623 είδωλολατρείας
2703 5556 2816 5616 τοῖς
2878 5555 3233 5627 Ἰσραηλίταις
3291 5555 3769 5627 καθηγησάμενον.

2214 5647 2357 5719 Πρὸς
2387 5647 2447 5700 ὃν
2482 5647 2730 5720 ἐροῦμεν,
2760 5648 2852 5701 τὸν
2882 5649 3068 5719 εἱρμὸν
3096 5649 3446 5721 ὑπερϐάντες,
3481 5647 3651 5703 ταῦτά
3676 5663 3766 5710 τε,

2215 5737 2251 5790 ἃ
2277 5737 2597 5808 εἰρήκαμεν,
2629 5737 2793 5791 ὅτιτὸ
2819 5737 2921 5801 ἔξω
2948 5737 3042 5790 τοῦ
3082 5738 3280 5792 σκοποῦ
3315 5737 3389 5811 μὴ
3420 5738 3597 5805 λόγοις
3634 5738 3772 5791 ἀνα-

2215 5829 2461 5901 τρεπέτω
2516 5828 2613 5902 τὴν
2675 5831 2733 5883 ἐν
2772 5833 2879 5894 τοῖς
2927 5829 3129 5895 λοιποῖς
3172 5831 3462 5902 ἁρμονίαν,
3510 5831 3638 5898 καὶ,
3677 5828 3769 5883 ὅτι
