3982 6506
255 419 355 475 διι

1581 436 1666 490 DE
1705 437 1861 493 VITA
1894 439 2166 497 MOYSIS.

3349 449 3483 506 34⁸3

255 540 543 611 ὁμώνυμόν
569 560 621 596 τι
650 544 835 615 χρῆμα
879 546 972 599 καὶ
1003 547 1062 600 τὸ
1092 544 1185 601 τοῦ
1221 550 1444 619 ἀδελφοῦ
1487 553 1580 605 καὶ
1620 554 1681 607 τὸ
1723 556 1815 609 τοῦ

1932 556 2078 623 iit“,
2112 558 2382 628 quomodo
2425 575 2547 615 eum
2581 575 2680 630 pro
2712 560 2851 616 duce
2897 560 3115 631 pietatis
3147 565 3339 632 angelo
3375 580 3476 635 po-

254 639 486 706 ἀγγέλου
514 639 683 704 ἐστὶν,
729 642 856 705 ἴσως
893 643 975 713 ἐφ’
1006 643 1246 717 ἑκατέρῳ
1284 646 1391 699 τῶν
1435 648 1822 719 ἀντικειμένων

253 732 373 793 ταῖς
405 731 703 800 σημασίαις
737 734 1196 806 ὲφαρμοζόμενον.
1241 737 1315 791 Οὑ
1341 738 1450 811 γάρ
1481 740 1543 811 δὴ
1569 740 1662 793 τοῦ
1687 740 1820 794 Θεοῦ

259 822 452 891 μόνον,
491 822 627 877 ἀλλὰ
668 825 762 878 καὶ
804 826 896 880 τοῦ
936 828 1149 882 Σατανᾶ
1186 829 1412 899 ἄγγελος
1460 830 1779 902 ὀνομάζεται
1805 850 1820 865 ο

256 914 351 966 καὶ
391 915 451 968 οὑ
493 915 583 968 τὸν
623 918 855 987 χρηστὸν
900 919 1077 986 μόνον,
1109 920 1242 974 ἀλλά
1289 922 1381 974 καὶ
1432 924 1523 976 τὸν
1565 924 1819 995 πονηρὸν,

256 1005 484 1073 ἀδελφὸν
544 1006 834 1077 καλοῦμεν.
871 1009 1024 1063 Οὕτω
1066 1012 1174 1083 γάρ
1216 1029 1378 1082 φησιν
1424 1014 1699 1086 ὴΓραφὴ,
1731 1016 1824 1068 ἐπὶ

262 1097 361 1165 μὲν
392 1098 497 1150 τῶν
520 1100 917 1171 χρηστοτέρωψ
962 1102 1202 1172 Ἀδελςροὶ
1234 1105 1291 1157 ὲν
1325 1106 1587 1174 ἀνάγκαις
1626 1109 1821 1178 χρήσι-

262 1202 352 1254 μοι
384 1185 621 1240 εστωσαν
641 1204 653 1217 ·
700 1188 794 1241 ἐπὶ
826 1189 882 1242 δὲ
908 1189 1016 1242 τῶν
1043 1192 1316 1259 ἐναντίων,
1348 1195 1429 1248 ὅτι
1464 1196 1577 1259 Πᾶς
1601 1196 1821 1264 ἀδελφὸς

260 1277 465 1349 πτέρνῃ
498 1283 757 1349 πτερνιεῖ,
784 1280 966 1335 Ταῦτα
994 1283 1050 1336 δὲ
1079 1286 1143 1354 τῇ
1174 1284 1462 1357 ἀκολουθίᾳ
1488 1287 1824 1359 παραθέντες

257 1369 354 1421 τοῦ
382 1370 565 1438 λόγου,
583 1372 675 1423 καὶ
696 1374 792 1444 τὴν
819 1375 1206 1445 ἀκριϐεστέραν
1238 1378 1365 1448 περὶ
1390 1379 1566 1433 αὐτῶν
1594 1379 1824 1451 θεωρίαν

260 1462 341 1516 εἰς
372 1461 460 1513 τὸν
487 1461 615 1513 ῐδιον
642 1462 997 1533 ὑπερθέμενοι
1030 1468 1212 1529 τόπον,
1252 1467 1347 1520 νῦν
1384 1469 1492 1521 τῶν
1526 1471 1822 1541 προκειμέ-

258 1570 367 1605 νων
420 1552 702 1623 άψώμεθα.
760 1555 816 1608 '0
860 1556 1036 1609 τοίνυν
1066 1558 1255 1611 ἑαυτόν
1287 1577 1347 1612 τε
1392 1561 1472 1631 τῷ
1514 1562 1824 1630 ὲπιφανέντι

258 1645 402 1711 φωτὶ
440 1644 782 1716 δυναμώσας,
825 1647 919 1699 καὶ
955 1648 1045 1701 τὸν
1072 1647 1309 1702 τοιοῦτον
1339 1651 1561 1720 ἀδελφὸν
1603 1652 1823 1724 σύμμα-

258 1736 353 1805 χόν
384 1754 443 1789 τε
476 1738 568 1790 καὶ
600 1739 953 1811 παραστάτην
981 1740 1336 1811 κτησάμενος,
1367 1743 1578 1814 θαρσῶν
1607 1745 1684 1815 τῷ
1711 1745 1825 1816 λαῷ

256 1830 385 1891 τοὺς
419 1830 558 1900 ὑπὲρ
612 1832 707 1901 τῆς
751 1832 1007 1899 ἀληθείας
1050 1834 1315 1905 προσάγει
1347 1834 1553 1904 λόγους,
1594 1838 1687 1890 καὶ
1726 1839 1825 1909 τῆς

260 1921 537 1992 πατρικῆς
562 1922 837 1990 εὐγενείας
866 1924 1291 1996 ὑπομιμνήσκει,
1320 1928 1413 1980 καὶ
1442 1929 1589 1992 ὅπως
1619 1929 1686 1983 ἂν
1720 1906 1824 1996 ἔξω
1860 1906 1898 1959 Β

255 2016 500 2083 γένοιντο
527 2016 623 2085 τῆς
651 2015 802 2087 παρά
831 2016 921 2069 τὸν
952 2016 1118 2087 πηλὸν
1151 2020 1243 2072 καὶ
1268 2019 1366 2089 τὴν
1391 2020 1609 2075 πλίνθον
1636 2023 1823 2076 ταλαι-

257 2109 493 2179 πωρίας,
541 2110 722 2163 δίδωσι
763 2111 1005 2183 γνώμην.
1062 2111 1127 2165 Τί
1176 2108 1267 2166 οὖν
1310 2115 1459 2185 ἡμᾶς
1491 2115 1581 2169 διὰ
1625 2116 1825 2171 τούτων

257 2201 506 2255 παιδεύει
533 2203 565 2273 ἡ
596 2203 803 2274 ἱστορία
829 2220 843 2268 ;
894 2204 956 2257 τὸ
991 2204 1124 2275 μηδὲ
1152 2209 1498 2278 κατατολμᾷν
1538 2210 1638 2278 τῆς
1665 2211 1722 2261 ὲν
1748 2209 1826 2281 τῷ

255 2287 374 2360 λαῷ
404 2290 603 2361 φωνῆς,
645 2292 735 2345 τὸν
778 2294 852 2365 μὴ
888 2293 976 2348 διὰ
1008 2295 1104 2366 τῆς
1142 2296 1392 2369 τοιαύτης
1437 2299 1658 2371 ἀγωγῆς
1690 2300 1827 2371 πρὸς

254 2381 357 2453 τὴν
384 2382 492 2435 τῶν
523 2383 732 2438 πολλῶν
762 2385 978 2455 ὁμιλίαν
1005 2385 1096 2440 τὸν
1127 2387 1282 2456 λόγον
1313 2391 1823 2459 παρασκευάσαντα.

265 2472 437 2543 Ὁρᾷς
462 2474 592 2545 γὰρ.
626 2474 700 2537 ὡς
731 2474 850 2539 νέος
876 2475 950 2529 ὢν
977 2476 1077 2543 ἔτι,
1107 2478 1236 2548 πρίν
1270 2480 1350 2541 εἰς
1376 2460 1628 2534 τοσοῦτον
1661 2480 1827 2553 αὐξη-

256 2562 421 2633 θῆναι
453 2568 519 2636 τῇ
546 2566 735 2636 ἀρετῇ,
769 2567 862 2620 ἐπὶ
901 2567 993 2620 δύο
1024 2569 1184 2623 τινῶν
1216 2570 1517 2642 ἀνθρώπων
1555 2572 1654 2627 οὐκ
1678 2572 1825 2639 ἀξιό-

256 2672 453 2718 πιστος
498 2656 754 2728 ἐνομίσθη
806 2657 1110 2729 σύμϐουλος
1157 2661 1380 2733 εἰρήνης
1427 2662 1674 2731 γενέσθαι
1714 2667 1827 2729 τοῖς

256 2744 642 2810 στασιάζουσι·
691 2748 786 2802 νῦν
816 2749 873 2802 δὲ
898 2752 1184 2816 τοσαύταις
1218 2752 1441 2823 μυριάσι
1470 2755 1608 2809 κατά
1634 2757 1827 2811 ταύτὸν

254 2838 585 2909 διαλέγεται,
635 2842 915 2914 μονονουχὶ
967 2842 1177 2914 βοὼσης
1224 2862 1306 2899 σοι
1350 2848 1505 2901 τοῦτο
1549 2849 1647 2919 τῆς
1690 2852 1829 2903 ἱστο-

258 2932 407 3003 ρίας,
447 2932 521 3003 μὴ
554 2933 847 3005 ὲπιτολμᾷν
889 2936 947 2988 ὲν
972 2935 1292 3009 διδασκαλίᾳ
1321 2939 1386 3009 τῇ
1424 2940 1693 3011 συμϐουλῇ
1721 2941 1829 2995 τῶν

253 3020 585 3085 ἀκουόντων,
613 3023 661 3074 εἰ
689 3022 763 3095 μὴ
788 3022 877 3076 διὰ
911 3025 1164 3095 τοιαύτης
1204 3027 1297 3081 καὶ
1340 3028 1605 3100 τοσαύτης
1633 3031 1831 3100 ἐπιμε-

255 3112 412 3176 λείας
440 3114 473 3184 ή
500 3115 627 3186 περὶ
648 3114 838 3169 τούτου
868 3116 1237 3189 κατορθωθείη
1270 3136 1351 3173 σοι
1380 3119 1626 3192 δύναμις.
1672 3123 1829 3177 Ἀλλά

258 3208 571 3279 γενομένων
605 3208 710 3263 τῶν
742 3210 1119 3281 χρηστοτέρων
1144 3209 1347 3279 λόγων,
1399 3214 1492 3267 καί
1534 3217 1632 3285 τῆς
1676 3215 1827 3267 ὲλευο

258 3298 451 3369 θερίας
492 3300 918 3372 ὑποδειχθείσης,
964 3303 1054 3356 καὶ
1084 3302 1189 3356 τῶν
1230 3303 1535 3357 ἀκουόντων
1568 3306 1703 3376 πρὸς
1729 3306 1829 3378 τὴν

256 3389 558 3461 ἐπιθυμίαν
610 3392 813 3464 ταύτην
865 3393 1311 3466 ὲπιρρωσθέντων
1336 3434 1351 3459 ,
1406 3395 1760 3466 παροξύνεται
1803 3399 1833 3451 ὁ

259 3488 540 3560 πολέμιος,
577 3491 669 3544 καὶ
699 3491 953 3544 ἐπιτείνει
1001 3495 1097 3563 τήν
1130 3492 1397 3563 ἀλγηδόνα
1435 3496 1547 3557 τοῖς
1576 3494 1833 3565 ὑπηκόοις

257 3580 357 3635 τοῦ
386 3581 565 3651 λόγου.
600 3583 735 3636 Οὑδὲ
762 3582 916 3636 τοῦτο
944 3582 1046 3648 ἔξω
1087 3582 1193 3638 τῶν
1235 3583 1332 3638 νῦν
1364 3585 1662 3655 γινομένων
1695 3587 1829 3639 ἐστί.

323 3764 515 3819 Πολλοὶ
531 3766 637 3836 γὰρ
652 3764 757 3819 τῶν
775 3766 1231 3837 παραδεξαμένων
1246 3768 1337 3819 τὸν
1354 3768 1718 3841 ἐλευθερῶ-τὴν
1736 3770 1832 3840 τῆς

256 3857 575 3928 τυραννίδος
604 3856 779 3925 λόγον,
826 3856 919 3909 καὶ
948 3856 1355 3927 προστιθέμενοι
1387 3857 1464 3928 τῷ
1498 3859 1831 3930 κηρύγματι,

260 3949 429 4020 μέχρι
476 3947 570 4001 τοῦ
620 3947 715 4001 νῦν
753 3951 873 4011 ταῖς
900 3948 1006 4001 τῶν
1058 3949 1374 4019 πειρασμῶν
1414 3950 1702 4019 προϐολαῖς
1730 3951 1835 4006 ὑπὸ

258 4039 360 4093 τοῦ
406 4040 781 4111 ἀντικειμένου
816 4038 1207 4110 ὲπηρεάζονται
1236 4056 1247 4067 ’
1300 4040 1360 4104 ἐξ
1405 4035 1478 4093 ὧν
1511 4041 1695 4094 πολλοὶ
1737 4043 1835 4111 μὲν

258 4132 622 4203 δοκιμώτεροι
656 4133 747 4185 καὶ
780 4130 1113 4201 βεϐαιότεροι
1145 4133 1272 4201 περὶ
1315 4132 1413 4202 τὴν
1448 4132 1631 4184 πίστιν
1678 4132 1833 4186 καθί-

264 4242 511 4288 στανται,
564 4222 900 4294 τῇπροϐολῇ
948 4223 1056 4276 τῶν
1105 4221 1413 4277 λυπούντων
1456 4223 1832 4295 στομούμενοι.

260 4317 386 4371 Τῶν
436 4317 492 4370 δὲ
540 4315 938 4386 ἀσθενεστέρων
990 4314 1133 4378 τινὲς
1178 4316 1271 4369 καὶ
1319 4315 1673 4381 ὲποκλάζουσι
1724 4318 1836 4380 τοῖς

259 4411 527 4473 τοιούτοις
574 4408 1011 4480 συμπτώμασιν,
1068 4407 1323 4479 ἄντικρυς
1383 4409 1564 4461 ἐκεῖνα
1609 4408 1837 4479 φθεγγό-

266 4521 441 4576 μενοι,
480 4502 541 4556 τὸ
575 4501 871 4555 λυσιτελεῖν
911 4499 1094 4562 αὑτοῖς
1138 4498 1335 4569 μᾶλλον
1373 4499 1623 4571 ἀνηκόοις
1657 4502 1835 4571 μεῖναι

1924 651 2086 704 situm
2121 651 2193 705 ab
2211 651 2437 707 historia
2471 652 2798 707 credendum
2845 653 2964 710 est?
2992 652 3104 709 Hoc
3152 655 3319 725 igitur
3352 674 3483 727 pra:-

1924 743 2327 799 tcrmittendum
2359 744 2544 801 forsan
2574 745 2698 810 erit,
2725 745 2771 799 si
2810 746 3036 800 omnino
3069 748 3480 804 accommodari

1922 850 2029 888 non
2068 836 2279 905 possit:
2316 838 2563 906 quamvis
2598 837 2775 908 angeli
2810 838 3027 909 quoque
3067 855 3291 901 nomen,
3341 850 3396 893 ιιι
3431 850 3485 896 et

1923 924 2107 980 fratris
2139 926 2205 979 ad
2241 935 2526 997 utramque
2561 934 2773 997 partem
2813 943 2844 981 a
2894 927 3181 999 Scriptura
3232 932 3476 999 positum

1924 1012 2265 1071 inveniamus
2302 1032 2316 1082 ;
2354 1032 2461 1069 non
2502 1018 2645 1070 enim
2704 1014 2797 1070 Dei
2830 1015 3028 1082 solum,
3080 1033 3270 1071 verum
3318 1020 3483 1071 etiam

1925 1104 2140 1160 Satanae
2167 1107 2416 1190 angelum
2435 1107 2667 1162 dicimus
2706 1125 2719 1162 :
2752 1123 2852 1164 nec
2894 1108 3097 1162 bonum
3126 1116 3360 1170 tantum,
3386 1106 3485 1161 sed

1906 1197 2084 1250 etiam
2111 1212 2359 1266 pravum,
2393 1197 2611 1252 fratrem
2645 1200 3011 1254 nominamus.
3040 1198 3261 1254 Fratres
3314 1199 3485 1263 enim,

1922 1292 2095 1359 inquit
2123 1291 2403 1360 Scriptura
2425 1292 2491 1354 ",
2518 1292 2628 1345 sint
2673 1291 2727 1344 in
2761 1290 3181 1346 necessitatibus
3228 1290 3410 1355 utiles,
3431 1290 3487 1345 in

1923 1383 2197 1437 meliorem
2223 1383 2312 1436 hic
2346 1392 2555 1451 partem
2608 1381 2794 1437 fratris
2829 1398 3027 1435 nomen
3083 1381 3397 1450 accipiens;
3430 1381 3486 1434 in

1924 1474 2160 1542 pejorem
2205 1482 2382 1528 autem
2433 1474 2649 1543 accipit,
2701 1489 2824 1528 cum
2863 1473 2996 1527 dicit
3029 1488 3044 1527 :
3078 1470 3270 1527 Omnis
3321 1471 3489 1526 frater

1923 1566 2178 1635 calcaneo
2222 1567 2593 1636 supplantallit
2634 1583 2647 1620 :
2685 1581 2872 1619 verum
2906 1564 3235 1633 exquisitius
3277 1565 3391 1618 haec
3431 1565 3487 1615 in

1924 1657 2043 1711 loco
2076 1673 2176 1711 suo
2215 1656 2707 1711 considerabimus.
2776 1656 2879 1722 Qui
2939 1664 3118 1710 autem
3154 1655 3363 1710 visione
3405 1653 3490 1708 di-

1925 1748 2062 1803 vina:
2094 1749 2230 1803 lucis
2261 1750 2496 1818 seipsum
2528 1749 2927 1809 corroboravit,
2974 1764 3039 1803 ac
3078 1749 3237 1803 talem
3266 1748 3487 1801 fratrem

1925 1839 2151 1910 adeptus
2203 1841 2294 1903 sit,
2346 1842 2436 1910 qui
2478 1840 2582 1895 sibi
2637 1841 2830 1895 adesse
2869 1843 2921 1894 in
2966 1841 3223 1910 periculis
3266 1855 3372 1894 non
3418 1836 3488 1892 ti-

1926 1941 2090 1994 meat,
2146 1932 2193 1987 is
2217 1933 2330 2001 jam
2377 1932 2715 1987 confidenter
2762 1934 3019 2003 populum
3059 1933 3390 2002 alloquatur,
3436 1942 3491 1983 et

1927 2025 1983 2079 in
2013 2024 2328 2080 memoriam
2360 2035 2598 2096 paterna:
2625 2025 2924 2081 nobilitatis
2954 2024 3213 2089 adducat,
3264 2033 3489 2080 senten-

1928 2117 2167 2190 tiamque
2197 2118 2366 2179 dicat,
2393 2116 2664 2189 quomodo
2699 2118 2881 2171 (imum
2918 2132 2980 2171 ac
3010 2117 3208 2172 lateres
3242 2118 3489 2186 aliosque

1926 2209 2150 2263 serviles
2177 2208 2392 2264 labores
2419 2208 2656 2279 elfugere
2688 2208 2905 2277 poterit.
2943 2206 3048 2261 Sed
3080 2207 3367 2277 diligenter
3391 2206 3491 2260 ad-

1926 2300 2247 2355 vertendum
2303 2314 2423 2363 oro,
2472 2316 2539 2352 ne
2575 2314 2677 2353 nos
2723 2298 2913 2366 fugiat,
2961 2299 3103 2367 quod
3144 2298 3491 2367 apertissime

1926 2392 2153 2446 historia
2189 2392 2306 2461 ipsa
2340 2391 2619 2460 praedicat.
2650 2388 2912 2444 Videmus
2950 2389 3096 2443 enim
3141 2388 3362 2459 Moysen
3394 2402 3492 2442 an-

1924 2492 2013 2538 tea
2052 2498 2215 2554 quam
2247 2482 2579 2553 perfectiore
2623 2496 2682 2537 se
2713 2481 2918 2534 virtute
2974 2480 3293 2541 armaverit,
3349 2478 3491 2534 duos

1928 2575 2068 2629 inter
2092 2591 2152 2631 se
2202 2574 2592 2629 contendentes
2653 2572 2904 2627 homines
2945 2573 3242 2627 conciliare
3290 2573 3490 2642 nequi-

1924 2667 2070 2721 visse
2087 2666 2173 2733 “;
2206 2673 2391 2735 postea
2431 2680 2561 2719 vero
2601 2678 2725 2718 cum
2759 2663 2967 2733 sibiipsi
3001 2664 3160 2733 longo
3178 2672 3489 2732 temporum

1927 2758 2105 2827 spatio
2138 2758 2429 2823 vacaverit,
2465 2772 2493 2811 a
2522 2756 2714 2810 multis
2748 2754 3028 2808 hominum
3058 2755 3302 2810 millibus
3335 2755 3495 2809 facile

1929 2851 1983 2905 in
2014 2857 2377 2920 protectorem
2414 2849 2606 2919 recipi.
2647 2846 2839 2919 Magna
2873 2848 3040 2917 igitur
3080 2861 3213 2900 voce
3237 2845 3493 2916 Scriptu-

1927 2955 2001 2993 ra:
2034 2940 2329 2993 auctoritas
2347 2938 2584 2992 clamare
2612 2936 2848 3000 videtur,
2867 2952 2972 2990 non
3000 2936 3350 2989 insiliendum
3371 2950 3494 2989 esse

1929 3030 1995 3085 ad
2028 3030 2327 3085 docendam
2366 3028 2864 3099 instituendamque
2914 3025 3342 3091 multitudinem,
3387 3025 3495 3079 nisi

1930 3121 2083 3193 prius
2125 3135 2319 3191 magna
2353 3118 2632 3190 diligentia
2678 3119 2999 3188 magnisque
3051 3116 3327 3170 laboribus
3375 3131 3496 3170 eam

1931 3214 2101 3270 fueris
2150 3212 2527 3267 auctoritatem
2573 3211 2822 3281 adeptus,
2875 3221 2934 3262 ut
2988 3207 3265 3263 auditores
3317 3207 3497 3261 verbis

1931 3308 2039 3363 tuis
2067 3306 2224 3360 facile
2243 3305 2612 3375 acquiescant.
2637 3302 2771 3358 Cum
2794 3302 2959 3372 igitur
2976 3302 3301 3357 sententiam
3326 3298 3499 3371 Moysi

1930 3400 2162 3471 p0pulus
2183 3397 2614 3468 comprobasset,
2666 3395 3042 3465 libertatisque
3096 3393 3373 3471 desiderio
3402 3409 3498 3449 ex-

1932 3490 2178 3555 arsisset,
2222 3487 2485 3542 incitatur
2528 3499 2658 3541 tunc
2709 3486 2906 3551 hostis,
2951 3494 3008 3542 et
3059 3485 3268 3555 majore
3311 3484 3500 3539 labore

1932 3583 2109 3654 ipsum
2173 3580 2533 3651 comprimere
2576 3588 2827 3635 conatur.
2874 3568 3035 3645 Quod
3075 3593 3134 3634 re
3172 3578 3290 3649 ipsa
3336 3577 3503 3634 hodie

1932 3690 2149 3745 quoque
2178 3672 2291 3727 ﬁeri
2327 3672 2592 3726 videmus.

2002 3766 2135 3820 Nam
2163 3765 2337 3827 multi,
2365 3779 2431 3817 ne
2458 3779 2650 3820 omnes
2676 3764 2874 3824 dicam,
2913 3778 3099 3819 eorum
3144 3762 3239 3834 qui
3288 3779 3500 3819 sermo—

1934 3872 2054 3912 nem
2081 3855 2149 3910 de
2178 3854 2424 3910 libertate
2450 3861 2790 3923 receperunt,
2817 3869 2880 3908 ac
2902 3854 3271 3923 praedicationi
3320 3854 3499 3908 Evan—

1933 3951 2118 4022 gelica:
2142 3955 2459 4019 paruerunt,
2492 3944 2560 3998 ad
2602 3946 2747 3999 hunc
2789 3961 2961 4014 usque
3000 3944 3142 4000 diem
3190 3960 3222 4000 a
3267 3953 3505 4017 tyranno

1934 4056 1999 4095 ac
2026 4040 2183 4095 hoste
2207 4038 2431 4093 humani
2454 4037 2669 4107 generis
2707 4036 2891 4092 multis
2921 4051 2986 4091 ac
3024 4036 3280 4113 gravibus
3319 4046 3501 4093 tenta-

1934 4131 2175 4187 tionibus
2203 4129 2655 4200 comprimuntur,
2686 4128 2887 4197 quibus
2925 4128 3085 4182 multi
3117 4130 3381 4185 meliores
3403 4129 3502 4184 ﬁr-

1938 4226 2245 4293 mioresque
2271 4222 2328 4276 in
2347 4220 2450 4276 ﬁde
2469 4220 2594 4275 facti
2625 4227 2775 4283 sunt,
2796 4219 3163 4276 molestiarum
3191 4222 3513 4279 incursione

1937 4327 2195 4389 tanquam
2241 4315 2358 4369 acie
2397 4312 2657 4384 chalybea
2692 4312 2954 4374 rohorati,
2991 4313 3072 4366 vel
3109 4313 3355 4367 dolorum
3402 4314 3506 4367 im.-

1937 4418 2065 4483 petu
2097 4407 2368 4464 obdurati.
2426 4404 2681 4459 Nonnulli
2728 4420 2856 4459 vero
2908 4405 3075 4474 (piget
3103 4404 3308 4472 dicere)
3353 4404 3505 4459 fran-

1937 4510 2137 4575 guntur
2165 4498 2429 4563 adversis,
2462 4496 2829 4566 maluisseque
2869 4495 3058 4550 dicunt
3115 4511 3225 4551 non
3286 4496 3507 4553 audisse

260 4596 364 4651 τηῦ
391 4597 487 4666 τῆς
512 4594 823 4665 ἐλευθερίας
851 4591 1226 4664 κηρύγματος,
1248 4592 1282 4664 ἢ
1315 4595 1425 4656 τοῖς
1451 4593 1728 4661 τοιούτοις,
1750 4594 1830 4649 διὰ

1936 4594 2183 4656 veritatis
2221 4604 2274 4647 et
2305 4590 2572 4647 libertatis
2600 4604 2927 4652 sermonem,
2957 4604 3118 4659 quam
3154 4605 3217 4646 ea
3244 4588 3311 4646 de
3339 4605 3507 4647 causa

260 4692 367 4762 τὴν
409 4689 585 4743 αἰτίαν
626 4688 847 4758 ταύτην,
903 4684 1301 4756 συνενεχθῆναι.
1355 4684 1424 4740 Ὀ
1467 4686 1530 4757 δὴ
1578 4688 1671 4742 καὶ
1714 4688 1835 4742 τότε

268 4781 581 4836 συνέϐαινεν
608 4823 624 4847 ,
676 4781 778 4833 ὑπὸ
833 4777 1194 4850 μικροψυχίας
1239 4776 1345 4830 τῶν
1400 4777 1746 4849 Ἰσραηλιτῶν
1778 4783 1836 4834 ὲν

262 4876 470 4938 αἰτίαις
502 4856 836 4944 ποιουμένων
869 4874 995 4935 τοὺς
1034 4871 1132 4942 τὴν
1172 4870 1488 4942 ἀπαλλαγὴν
1529 4871 1712 4935 αὑτοῖς
1739 4871 1836 4943 τῆς

261 4966 509 5031 δουλείας
553 4965 1010 5033 ἀπαγγείλαντας.
1052 4963 1189 5015 Ἀλλ’
1224 4963 1373 5016 οὐδὲν
1424 4962 1621 5033 μᾶλλον
1648 4963 1837 5035 ἀνήσει

260 5063 291 5113 ὁ
319 5060 479 5127 λόγος
512 5058 649 5129 πρὸς
683 5057 745 5110 τὸ
786 5055 951 5109 καλὸν
995 5054 1381 5125 ἐφελκόμενος,
1432 5052 1534 5107 κᾶν
1572 5054 1837 5120 παιδικῶς

262 5148 619 5218 ἀποδειλιάσῃ
662 5146 798 5218 πρὸς
828 5145 928 5209 τὰς
956 5145 1064 5198 τῶν
1104 5144 1423 5216 πειρασμῶν
1455 5144 1650 5215 ἀηθίας
1687 5148 1714 5198 ὁ
1746 5147 1839 5216 νή-

264 5259 389 5305 πιος
425 5241 507 5294 ἔτι
535 5241 629 5294 καὶ
670 5239 865 5311 ἀτελὴς
898 5238 999 5308 τὴν
1027 5237 1274 5291 διάνοιαν.
1322 5237 1411 5307 Τῷ
1443 5238 1540 5307 μὲν
1568 5240 1675 5309 γὰρ
1712 5237 1837 5309 βλα-

259 5332 448 5402 πτικῷ
495 5331 591 5384 καὶ
620 5328 925 5401 φθοροποιῷ
967 5328 1179 5399 δαίμονι
1225 5327 1383 5381 τοῦτο
1424 5327 1563 5381 κατά
1594 5327 1704 5381 τῶν
1746 5329 1837 5382 ἀν-

259 5423 503 5496 θρώπων
532 5422 908 5486 ἐσπουδάζετο,
940 5420 1003 5473 τὸ
1033 5420 1105 5492 μὴ
1137 5421 1216 5483 εἰς
1247 5420 1336 5472 τὸν
1363 5420 1585 5492 οὐρανὸν
1619 5419 1835 5491 βλέπειν

259 5516 325 5571 τὸ
362 5514 695 5589 ὑποχείριον,
729 5513 863 5569 ἀλλά
890 5512 951 5567 τὸ
980 5513 1060 5576 εἰς
1089 5512 1193 5583 γῆν
1221 5511 1467 5577 κύπτειν,
1502 5513 1598 5567 καί
1626 5514 1683 5566 ἐν
1710 5514 1833 5567 ἑαυο

258 5611 345 5682 τῷ
366 5612 459 5664 τὸν
487 5609 658 5679 πηλὸν
688 5606 1010 5661 πλινθεύειν.
1053 5607 1120 5660 '0
1145 5624 1197 5659 τι
1224 5604 1332 5677 γάρ
1357 5605 1421 5659 ἂν
1517 5607 1614 5676 τῆς
1647 5606 1837 5677 ὑλικῆς

262 5702 639 5766 ἀπολαύσεως,
692 5700 757 5754 ὲκ
784 5701 886 5770 γῆς
934 5700 1048 5752 ἐστι
1081 5699 1296 5762 πάντως
1341 5697 1375 5768 ἦ
1424 5698 1633 5761 ὓδατος,
1676 5699 1837 5751 παντί

1938 4701 2048 4747 tam
2080 4686 2261 4741 multis
2292 4682 2571 4738 laboribus
2616 4681 2895 4737 incidisse.
2938 4682 3174 4754 ldipsum
3216 4692 3329 4737 tum
3372 4700 3508 4755 quo-

1940 4799 2043 4855 que
2076 4781 2235 4835 flebat
2260 4776 2501 4833 Hebraeis
2525 4791 2591 4829 ex
2622 4774 3089 4845 pusillanimitate,
3114 4775 3379 4832 libertatis
3406 4777 3509 4831 mi-

1945 4877 2144 4931 nistros
2179 4868 2587 4931 accusantibus,
2622 4865 2717 4921 sed
2749 4882 2858 4921 non
2893 4869 3132 4923 cessabit
3156 4868 3280 4924 ideo
3306 4869 3506 4939 praedi-

1942 4969 2084 5022 catio
2139 4964 2203 5018 ad
2269 4963 2573 5017 libertatem
2629 4968 2684 5014 et
2729 4960 3009 5015 veritatem
3074 4975 3177 5015 nos
3221 4976 3507 5028 revocans,

1941 5057 2155 5114 etiamsi
2181 5054 2358 5118 multi,
2387 5051 2544 5123 quasi
2575 5051 2725 5121 pueri
2758 5060 2921 5122 atque
2951 5051 3209 5117 infantes.
3255 5054 3512 5109 tentatio-

1942 5166 2041 5205 nes
2066 5147 2469 5219 pertimescant.
2505 5142 2795 5214 Tyrannus
2829 5144 2973 5200 enim
3011 5159 3076 5199 ac
3117 5145 3292 5201 hostis
3322 5153 3511 5201 noster

1943 5241 2190 5295 humanae
2218 5244 2427 5291 natura:
2457 5235 2779 5306 depravator
2824 5252 3038 5307 semper
3076 5236 3279 5302 Studet,
3328 5252 3397 5291 ne
3441 5235 3511 5291 ad

1940 5332 2137 5387 cmlum
2183 5329 2370 5385 oculos
2410 5327 2622 5382 elevare
2672 5327 2979 5397 possimus,
3032 5328 3124 5383 sed
3194 5329 3248 5382 in
3307 5334 3510 5381 terram

1941 5425 2200 5480 continuo
2230 5421 2493 5485 inclinati,
2526 5422 2724 5476 lateres
2756 5421 2811 5475 in
2853 5437 2915 5476 ea
2961 5437 3027 5475 ex
3058 5422 3173 5476 luto
3220 5419 3507 5476 faciamus.

1939 5515 2075 5572 Nam
2108 5515 2370 5587 quidquid
2399 5514 2456 5569 in
2482 5514 2584 5569 hac
2607 5514 2715 5568 vita
2745 5512 3042 5579 invenitur,
3070 5528 3178 5583 quo
3219 5511 3345 5582 quis
3389 5527 3509 5566 ma-

1941 5607 2203 5663 terialiter
2226 5620 2292 5660 ac
2318 5603 2643 5661 sensualiter
2668 5603 2900 5668 fruatur,
2944 5602 2995 5658 id
3016 5610 3110 5657 aut
3132 5618 3203 5657 ex
3220 5610 3366 5658 terra
3398 5609 3515 5668 est,

1946 5705 2038 5752 aut
2066 5713 2131 5754 ex
2157 5712 2317 5768 aqua,
2349 5695 2464 5752 sive
2488 5693 2555 5750 ad
2577 5704 2842 5761 ventrem,
2886 5693 3001 5750 sive
3021 5694 3089 5783 ad
3120 5694 3342 5751 divitias
3387 5708 3513 5767 per-

345 5888 396 5924 “
427 5886 601 5944 Exod.
637 5905 807 5959 xxxu,
844 5892 868 5946 1
914 5905 1034 5962 sqq.
1110 5889 1154 5922 "
1181 5887 1383 5945 Jerem.
1420 5885 1553 5952 Ix,4.
1631 5887 1676 5918 “
1703 5885 1871 5943 Exod.
1905 5901 1962 5955 ιι,
1994 5884 2076 5939 l3.
