3982 6508
553 380 663 435 365

1730 387 1787 442 S.
1829 387 2152 446 GREGORII
2189 388 2481 447 NYSSENI

3667 402 3750 458 διι

552 499 752 554 tinens.
780 497 983 554 [lorum
1018 509 1195 555 autem
1238 501 1630 558 elementorum
1670 506 1901 559 mistura
1946 507 2105 560 lutum

2219 526 2320 561 που
2353 510 2508 578 δῆλον
2532 527 2546 542 ο
2600 512 2665 582 ἦν
2691 513 2752 564 τέ
2780 529 2832 565 τι
2866 511 2976 566 τῶν
3024 514 3154 584 περὶ
3188 513 3428 584 γαστέρα
3470 514 3567 567 καὶ
3598 514 3756 587 θοίνην

551 593 632 660 lit,
660 608 770 664 quo
801 593 1011 664 repleti,
1043 593 1136 663 qui
1171 593 1238 649 ad
1265 595 1470 652 lutosas
1497 596 1596 652 has
1619 597 1833 651 inhiant
1859 597 2113 667 volupta-

548 694 653 750 tes,
679 699 957 755 nunquam
981 699 1040 740 se
1068 684 1258 755 plenos
1279 686 1516 742 retinere
1544 694 1793 760 possunt,
1813 687 1906 743 sed
1928 703 2121 758 quam-

2225 600 2665 672 σπουδαζομένων
2689 641 2704 667 ,
2757 605 2822 675 ἦν
2872 622 2931 658 τε
2981 606 3073 658 καὶ
3119 608 3220 660 ὅσα
3262 606 3389 675 περὶ
3433 606 3524 658 τὸν
3555 606 3755 663 πλοῦτον

2220 690 2430 761 ὁρᾶται.
2495 693 2556 746 Ἡ
2587 693 2644 747 δὲ
2689 694 2796 747 τῶν
2847 696 3118 766 στοιχείων
3160 696 3362 750 τούτων
3415 697 3559 767 μίξις
3613 698 3757 767 πηλὸς

546 776 632 832 vis
690 792 906 846 semper
974 793 1033 832 se
1098 780 1392 849 impleant,
1467 796 1677 848 semper
1742 773 1934 834 tamen
1965 795 2099 833 vacu

2219 781 2425 850 γίνεται
2454 784 2546 837 καὶ
2583 785 2900 854 ὀνομάζεται
2939 803 2951 816 ο
3001 781 3060 841 οὗ
3107 786 3433 858 πληροῦντες
3476 788 3697 850 ἑαυτοὺς
3723 793 3758 841 οἱ

547 879 695 922 sunt.
719 867 854 920 Nam
885 867 1343 936 quemadmodum
1389 870 1623 925 laterum
1659 871 1813 926 lictor
1857 871 2003 925 aliud
2036 879 2120 924 at-

548 973 652 1028 que
678 958 824 1013 aliud
851 959 1024 1013 lutum
1064 959 1254 1016 forma:
1284 976 1393 1032 qua
1425 961 1624 1018 lateres
1673 961 1888 1033 ﬁgurat,
1940 961 2118 1032 impo-

547 1046 644 1110 nit,
681 1048 815 1102 adeo
845 1057 906 1104 ut
936 1047 1109 1105 forma
1150 1050 1308 1120 plena
1352 1067 1566 1122 semper
1594 1059 1648 1107 et
1685 1067 1855 1107 vacua
1904 1067 2118 1121 semper

547 1142 644 1196 luti
671 1141 780 1198 dici
809 1144 1014 1214 possit,
1054 1143 1314 1214 quoniam
1358 1160 1482 1199 cum
1520 1145 1624 1200 hoc
1656 1146 1924 1216 receperit
1952 1155 2116 1217 atque

546 1230 888 1298 lormaverit,
923 1236 1108 1291 nullus
1144 1236 1380 1305 amplius
1414 1251 1548 1291 usus
1573 1236 1747 1306 ipsius
1773 1237 1972 1293 adhoc
2007 1250 2112 1305 est,

545 1324 640 1380 sed
671 1325 736 1380 ad
763 1326 912 1381 aliud
928 1327 995 1382 ad
1022 1327 1168 1398 quod
1189 1343 1360 1382 vacua
1383 1339 1501 1384 est:
1524 1329 1606 1384 sic
1627 1330 1914 1399 appetendi
1939 1331 2044 1395 vis,
2068 1333 2114 1385 si

545 1418 670 1488 quis
695 1435 815 1475 eam
845 1419 931 1475 his
961 1421 1195 1475 terrenis
1217 1420 1610 1489 cupiditatibus
1636 1422 1848 1492 replere
1873 1422 2111 1502 studeat,

544 1521 598 1567 et
626 1513 676 1567 si
708 1514 852 1584 quod
886 1514 941 1568 in
971 1514 1090 1570 dies
1118 1514 1280 1584 capit,
1314 1522 1672 1584 assequatur,
1716 1531 1889 1586 eoque
1929 1532 1989 1572 se
2025 1533 2114 1572 re-

545 1606 710 1675 pleat,
739 1621 909 1660 vacua
934 1613 1114 1660 tamen
1149 1621 1362 1675 semper
1388 1615 1492 1672 est,
1514 1621 1636 1661 cum
1667 1622 1728 1663 ea
1755 1624 1874 1676 quae
1900 1608 2110 1673 habuit,

544 1705 788 1767 respuat,
815 1698 945 1752 etin
977 1697 1122 1752 aliud
1169 1706 1334 1767 atque
1379 1696 1528 1751 aliud
1585 1697 1843 1753 continue
1883 1698 2110 1763 feratur,

544 1804 646 1845 nec
679 1788 1114 1844 linismiserrimi
1145 1789 1358 1844 ardoris
1381 1789 1742 1858 cupiditatum
1770 1805 1890 1844 esse
1909 1798 2105 1860 potest,

542 1879 652 1936 nisi
683 1880 812 1950 quis
849 1881 1126 1936 carnalem
1150 1881 1316 1935 vitam
1347 1881 1595 1950 repellat.
1622 1879 1795 1935 Palem
1815 1895 1945 1936 vero
1968 1896 2105 1952 quas

541 1973 808 2029 lateribus
861 1973 1168 2029 immiscere
1215 1981 1487 2045 coguntur
1531 1969 1732 2043 ",jam
1777 1987 1808 2026 a
1844 1973 2106 2028 sacratis-

541 2066 682 2121 simo
705 2064 1000 2136 Evangeiio
1025 2072 1080 2120 et
1103 2063 1290 2120 divina
1315 2064 1560 2134 Apostoli
1587 2066 1716 2119 tuba
1753 2064 1886 2135 quid
1932 2065 2105 2136 signi-

542 2159 732 2220 ﬁcent,
776 2159 1083 2229 expositum
1138 2167 1242 2214 est.
1293 2155 1572 2212 Materiam
1615 2157 1760 2212 enim
1816 2157 1956 2228 ignis
2009 2172 2108 2227 per

539 2249 754 2305 eulmos
788 2257 842 2302 et
869 2249 1052 2318 paleas
1095 2249 1310 2304 ostendi
1362 2249 1686 2303 confirmant
1739 2249 1924 2318 (quam
1981 2249 2106 2319 qui-

539 2331 663 2396 dem
697 2341 982 2395 materiam
1007 2340 1149 2410 ignis
1183 2341 1229 2395 is
1273 2340 1374 2395 sibi
1407 2348 1696 2410 praeparat,
1747 2341 1843 2411 qui
1873 2341 2106 2395 terrenis

539 2430 792 2486 obruitur
821 2427 1238 2506 voluptatibus).
1272 2427 1471 2483 Verum
1508 2429 1727 2498 quando
1759 2429 1960 2499 aliquis
2010 2445 2104 2484 eo-

539 2535 683 2583 rum,
714 2519 806 2589 qui
841 2519 1062 2575 virtutis
1087 2523 1402 2590 praestantia
1426 2521 1724 2585 excellunt,
1761 2536 1790 2575 a
1835 2520 2106 2576 servitute

539 2609 609 2666 ad
635 2611 943 2667 libertatem
991 2611 1309 2668 submersos
1355 2613 1410 2666 in
1435 2613 1582 2669 vitiis
1632 2613 1881 2668 homines
1913 2612 2105 2668 vendi-

538 2717 668 2757 care
695 2709 945 2765 conatur,
981 2711 1110 2756 tunc
1141 2702 1816 2772 cavillatoris,quivariis.
1855 2713 1915 2759 ut
1951 2703 2100 2774 Apo-

539 2794 715 2848 stolus
741 2793 819 2848 ait
849 2791 914 2861 “,
964 2792 1231 2850 adversus
1271 2794 1484 2850 animas
1521 2780 1738 2850 nostras
1772 2796 1941 2851 utitur
1977 2797 2106 2853 insi-

539 2881 680 2944 diis.
738 2891 928 2937 contra
984 2882 1222 2938 divinam
1280 2883 1679 2939 institutionem
1729 2887 2104 2943 cavillationes

539 2973 915 3030 fraudulentas
945 2974 1171 3029 inducit.
1197 2971 1323 3030 Haec
1354 2975 1477 3030 dico
1515 2975 1582 3030 ad
1611 2976 1896 3048 Egyptios
1917 2978 2106 3034 draco:

2219 869 2354 940 πρὸς
2381 870 2480 936 τὰς
2518 872 2778 943 πηλώδεις
2811 875 2999 945 ἡδονὰς
3048 878 3354 945 κεχηνότες,
3387 875 3638 928 οὐδέποτε
3680 877 3759 946 τὴν

2216 960 2465 1034 δεκτικὴν
2518 963 2625 1017 τῶν
2675 965 2875 1035 ἡδονῶν
2939 967 3278 1038 εὐρυχωρίαν
3327 967 3507 1038 πλήρη
3564 967 3756 1035 φυλάσ-

2218 1058 2416 1105 σουσιν·
2437 1052 2571 1109 ἀλλά
2582 1055 2737 1111 τὸὰεὶ
2749 1051 3119 1128 πληρούμενον
3129 1058 3334 1124 γίνεται
3349 1056 3506 1111 πάλιν
3519 1060 3676 1114 κενὸν
3699 1061 3760 1130 τῷ

2215 1143 2538 1214 ἐπιρρέοντι.
2590 1143 2744 1197 Οὕτω
2770 1145 2878 1216 γὰρ
2911 1147 2938 1198 6
2980 1145 3347 1216 πλινθουργῶν
3393 1148 3578 1202 ἄλλοτε
3613 1149 3760 1219 ἄλλην

2217 1234 2425 1305 βλέπων
2456 1234 2709 1299 διάθεσιν,
2738 1236 2969 1299 εὐκόλως
3008 1236 3074 1290 ἂν
3110 1239 3297 1306 νοήσαι
3331 1238 3387 1290 τὸ
3417 1239 3665 1308 αἴνιγμα.
3714 1239 3761 1294 ’0

2213 1329 2321 1398 γάρ
2368 1327 2654 1398 πληρώσας
2700 1328 2890 1382 ἑαυτοῦ
2933 1329 3030 1400 τὴν
3083 1329 3376 1400 ἐπιθυμίαν
3436 1331 3493 1384 ἐν
3545 1349 3652 1384 τινι
3699 1326 3761 1386 ῶν

2213 1420 2562 1484 ἐσπούδασεν,
2598 1421 2644 1472 εί
2691 1420 2826 1490 πρὸς
2873 1420 3056 1491 ἕτερόν
3085 1439 3136 1474 τι
3164 1423 3230 1492 τῇ
3279 1422 3542 1494 ἐπιθυμίᾳ
3572 1424 3762 1493 ῥέψειε,

2213 1511 2366 1574 κενὸς
2409 1510 2542 1581 πρὸς
2590 1513 2763 1564 ἐκεῖνο
2817 1511 2975 1564 πάλιν
3010 1512 3357 1582 εὑρίσκεταιο
3413 1513 3516 1566 κᾶν
3551 1514 3762 1582 γένηται

2212 1601 2384 1673 τούτῳ
2429 1602 2661 1673 πλήρης,
2705 1600 2782 1672 τῷ
2823 1600 2991 1672 ἐτέρῳ
3021 1601 3182 1655 πάλιν
3217 1602 3369 1665 κενός
3401 1619 3458 1655 τε
3488 1603 3581 1655 καὶ
3613 1603 3764 1673 εὐρύ-

2211 1711 2385 1765 χωρος
2411 1692 2637 1762 γίνεται.
2673 1691 2777 1746 Καὶ
2819 1692 2972 1745 τοῦτο
3017 1693 3077 1746 οὑ
3111 1692 3339 1744 παύεται
3372 1693 3458 1761 διὰ
3486 1693 3686 1755 παντὸς
3716 1697 3764 1746 ὲν

2211 1787 2340 1858 ἡμῖν
2375 1785 2781 1858 ἐνεργούμενον,
2811 1783 2913 1847 ἕως
2946 1783 3010 1837 ἄν
3051 1800 3136 1846 τις
3177 1782 3457 1847 ὑπεξέλθοι
3501 1783 3594 1836 τοῦ
3640 1784 3766 1836 ὑλώ-

2206 1878 2327 1942 δους
2368 1877 2503 1947 βίου.
2552 1877 2611 1928 Ἦ
2637 1876 2692 1929 δὲ
2727 1876 2966 1945 καλάμη,
3000 1875 3092 1929 καὶ
3124 1875 3183 1928 τὸ
3228 1877 3293 1928 ἐκ
3321 1874 3523 1946 ταύτης
3553 1878 3764 1948 ἄχυρον,

2204 1971 2232 2024 ὅ
2256 1969 2641 2040 καταμιγνύειν
2672 1971 2736 2040 τῇ
2766 1969 2968 2040 πλίνθῳ
2996 1969 3466 2038 καταναγκάξεται
3491 1972 3518 2023 6
3542 1973 3654 2034 τοῖς
3685 1989 3768 2023 τυ-

2207 2063 2473 2132 ραννικοῖς
2497 2059 2781 2113 ὑπακούων
2805 2060 3185 2130 προστάγμασι
3203 2076 3219 2092 ο
3261 2060 3413 2130 παρά
3433 2078 3491 2112 τε
3511 2059 3605 2113 τοῦ
3631 2060 3766 2113 θείου

2205 2153 2552 2224 Εὑαγγελίου,
2601 2153 2693 2204 καὶ
2737 2151 2886 2224 παρὰ
2919 2150 3017 2222 τῆς
3061 2150 3270 2222 ὑψηλῆς
3313 2150 3404 2204 τοῦ
3449 2151 3765 2204 Ἀποστόλου

2206 2242 2409 2313 φωνῆς,
2435 2241 2755 2313 ἀμφοτέρων
2784 2240 2983 2310 ὁμοίως
3017 2240 3190 2312 πυρὸς
3214 2240 3366 2310 ὓλην,
3393 2242 3452 2294 τό
3480 2259 3540 2294 τε
3574 2241 3766 2313 ἄχυρον

2205 2336 2298 2389 καὶ
2330 2335 2428 2405 τὴν
2462 2331 2713 2404 καλάμην
2743 2334 3212 2405 ἐρμηνευσάντων.
3267 2333 3434 2386 Ὅταν
3476 2333 3653 2386 τοίνυν
3688 2349 3766 2396 τις

2202 2427 2311 2481 τῶν
2360 2428 2418 2480 ὲν
2463 2427 2629 2496 ἀρετῇ
2675 2424 3029 2495 προεχόντων,
3076 2423 3327 2494 ἀποσπᾷν
3355 2423 3515 2496 ἐθέλῃ
3541 2425 3667 2487 τοὺς
3703 2428 3764 2495 τῇ

2165 2501 2854 2604 ῒάπάτῃῳδεδουλωμένους
2899 2516 2980 2579 είς
3026 2514 3138 2586 βίον
3195 2514 3557 2586 ἐμφιλόσοφόν
3585 2532 3645 2567 τε
3678 2514 3766 2566 καὶ

2203 2599 2482 2680 ἐλὲὖθέῖον
2517 2624 2529 2638 ·
2581 2603 2719 2661 οἶδεν
2764 2609 2792 2660 6
2823 2608 2942 2670 ταῖς
2973 2606 3241 2670 ποικίλαις
3265 2645 3280 2670 ,
3329 2605 3510 2669 καθὼς
3557 2623 3716 2678 φησιν
3738 2607 3766 2658 6

2216 2683 2552 2763 Ἀπόᾶτολος,
2595 2697 2893 2770 μεθοδείαις
2922 2697 3061 2752 κατὰ
3087 2699 3193 2752 τῶν
3223 2698 3408 2769 ψυχῶν
3439 2698 3596 2770 ἡμῶν
3623 2715 3767 2765 σοφι-

2205 2793 2427 2857 στεύων,
2460 2789 2920 2863 άντιπαραγαγεῖν
2963 2789 3040 2861 τῷ
3070 2789 3199 2862 θείῳ
3223 2790 3372 2860 νόμῳ
3407 2789 3475 2843 τὰ
3500 2791 3596 2860 τῆς
3620 2789 3764 2842 ἀπά-

2202 2903 2301 2955 της
2344 2885 2667 2955 σοφίσματα.
2718 2883 2904 2937 Ταῦτα
2942 2881 3201 2950 δὲλέγω,
3256 2881 3391 2952 πρὸς
3437 2881 3562 2943 τοὺς
3607 2882 3766 2948 Δίγυ-

2204 2977 2389 3040 πτίους
2426 2977 2720 3045 δράκοντας
2750 2975 2959 3047 βλέπων
2999 2973 3074 3044 τῷ
3105 2973 3266 3045 λόγῳ,
3297 2973 3441 3025 τοῦτ’
3470 2971 3605 3035 ἐστι,
3634 2971 3764 3042 πρὸς

539 3081 638 3122 nes
665 3067 990 3136 respiciens,
1042 3066 1135 3138 qui
1162 3069 1346 3124 varias
1379 3068 1599 3124 fraudes
1639 3071 1773 3126 artis
1817 3069 2102 3126 diabolica:

2206 3071 2297 3135 τὰς
2329 3070 2576 3132 ποικίλας
2604 3069 2703 3140 τῆς
2745 3065 3208 3152 Ἥρης-κακίας,
3243 3058 3318 3120 ὧν
3347 3065 3435 3118 τὸν
3462 3063 3763 3133 ἀφανισμὸν

518 3155 606 3250 μιιι
661 3158 955 3230 perniciem
1021 3159 1300 3213 hominum
1353 3161 1690 3231 excogitatas
1738 3162 2096 3232 signiﬁcant,

2206 3164 2235 3233 ἡ
2263 3163 2355 3217 τοῦ
2406 3162 2649 3226 Μωσέως
2678 3159 2870 3232 ῥάϐδος
2904 3158 3214 3232 ἐργάζεται,
3259 3157 3386 3228 περὶ
3429 3153 3497 3228 ἦς
3537 3155 3763 3227 μετρίως

517 3247 678 3324 ξιιυοε
707 3251 860 3321 virga
891 3247 1062 3322 Moysi
1093 3249 1326 3306 destruit
1377 3260 1540 3321 atque
1581 3255 1857 3308 consumit
1898 3255 2103 3324 (incar-

469 3309 688 3424 Viiiatio
725 3309 1213 3414 videlicet'Verbi),
1250 3343 1414 3397 sicuti
1445 3309 1557 3412 iam
1595 3309 1979 3412 diximusdui
2007 3362 2105 3400 au-

536 3443 646 3489 tem
705 3433 845 3487 hanc
883 3433 1102 3488 virtutis
1151 3435 1238 3503 (ac
1273 3433 1416 3502 ﬁdei)
1475 3435 1684 3505 virgam
1735 3438 1916 3501 habet,
1981 3455 2102 3510 quaa

555 3527 702 3598 (cum
738 3524 889 3594 virga
915 3525 1267 3596 veritatissit)
1320 3526 1521 3580 diaboli
1570 3527 1942 3585 fraudulentas
1991 3532 2102 3596 vir-

540 3632 636 3685 gas
687 3615 980 3676 consumit,
1013 3617 1100 3669 via
1141 3625 1290 3670 recta
1337 3628 1736 3688 consequenter
1778 3620 1844 3675 ad
1895 3602 2100 3691 majora

539 3703 783 3774 procedit
811 3705 1072 3759 miracula
1105 3724 1118 3760 :
1166 3721 1285 3775 quae
1317 3707 1534 3776 quidem
1570 3709 1854 3775 miracula,
1897 3726 2002 3765 non
2042 3720 2103 3765 ut

538 3800 780 3849 terreant
835 3794 1148 3860 audientes,
1209 3795 1303 3851 sed
1362 3804 1421 3850 ut
1462 3797 1673 3865 prosint
1732 3799 2100 3864 credentibus,

540 3887 695 3942 liunt.
736 3885 873 3941 Nam
913 3887 1116 3942 eisdem
1164 3888 1445 3942 miraculis
1489 3888 1672 3942 hostes
1724 3901 2105 3961 expugnantur

540 3976 750 4046 (lideles
794 3977 1136 4043 muniuntur,
1191 3975 1522 4046 dejiciuntur
1567 3979 1763 4043 alieni,
1817 3980 2105 4050 eriguntur

538 4069 713 4124 nostri
743 4087 756 4122 :
794 4069 872 4123 illi
901 4068 1510 4139 communiuutur),nos
1527 4085 1811 4140 augemur.
1850 4071 1955 4125 Sed
1988 4074 2098 4143 pri-

539 4169 687 4208 mum
711 4155 1036 4224 generaliter
1055 4155 1183 4224 quid
1210 4156 1323 4210 haec
1346 4157 1608 4212 miracula
1642 4159 1945 4222 intendant,
1971 4179 2101 4232 quo-

538 4243 808 4314 tnodoque
826 4246 976 4310 iiant,
1006 4248 1454 4319 perstringamus,
1481 4249 1675 4307 deinde
1707 4250 1862 4309 facile
1889 4255 2100 4326 singula

539 4336 966 4406 speculabimur.

609 4425 868 4482 Veritatis
893 4428 1057 4498 igitur
1087 4427 1200 4482 haec
1246 4444 1455 4484 summa
1493 4431 1738 4487 doctrina
1768 4435 1834 4490 ad
1866 4436 2101 4508 disposi-

2199 3256 2299 3328 ἧδη
2331 3255 2400 3310 τὰ
2431 3255 2614 3309 εἰκότα
2657 3252 3095 3326 προτεθεώρηται
3166 3244 3334 3311 Οὗτος
3378 3250 3578 3310 τοίνυν,
3617 3249 3646 3300 6
3669 3247 3760 3318 τὴν

2199 3349 2407 3419 ἄμαχον
2436 3349 2650 3418 ἐκείνην
2695 3346 3030 3418 κεκτημένος
3067 3345 3164 3414 τῆς
3194 3344 3393 3416 ἀρετῆς
3422 3339 3638 3413 ῥάϐδον,
3666 3341 3760 3410 τὴν

2195 3441 2294 3506 τὰς
2333 3441 2721 3512 σεσοφισμένας
2766 3438 3187 3508 ἐξαφανίζουσαν
3231 3435 3480 3507 ῥάϐδους,
3527 3433 3631 3506 ὁδῷ
3661 3451 3759 3486 τινι

2205 3533 2299 3585 καὶ
2325 3531 2609 3602 ἀκολουθίᾳ
2632 3532 2766 3603 πρὸς
2791 3530 2861 3584 τὰ
2891 3529 3057 3600 μείζω
3085 3529 3297 3601 πρόεισι
3326 3527 3433 3580 τῶν
3456 3526 3756 3596 θαυμάτων.

2216 3623 2278 3676 'H
2323 3622 2380 3675 δὲ
2428 3622 2824 3693 θαυματοποιῖα
2870 3623 2928 3674 οὑ
2977 3621 3055 3692 τῷ
3098 3619 3282 3690 σκοπῷ
3313 3620 3412 3690 τῆς
3460 3616 3759 3688 ἐκπλήξεως

2203 3713 2317 3767 τῶν
2365 3712 2794 3782 ἐντυγχανόντων
2817 3712 3042 3781 γίνεται,
3083 3711 3218 3764 ἀλλά
3252 3710 3389 3782 πρὸς
3414 3708 3476 3762 τὸ
3503 3713 3758 3778 χρήσιμον

2203 3803 2310 3857 τῶν
2343 3802 2659 3873 σωζομένων
2700 3801 2901 3870 βλέπει.
2949 3800 3073 3865 Τοῖς
3100 3799 3207 3871 γὰρ
3235 3800 3418 3862 αὑτοῖς
3444 3798 3542 3868 τῆς
3570 3796 3757 3868 ἀρετῆς

2205 3895 2444 3964 θαύμασι
2475 3894 2812 3964 καθαιρεῖται
2846 3893 2943 3963 μὲν
2983 3892 3044 3945 τὸ
3070 3891 3342 3961 πολέμιον,
3373 3887 3596 3953 αὒξεται
3624 3887 3675 3940 δὲ
3702 3885 3757 3938 τὸ

2203 3986 2492 4056 ὁμόφυλον.
2544 3984 2763 4056 Πρῶτον
2808 3983 2864 4035 δὲ
2907 3981 3266 4052 γενικώτατον
3296 3979 3401 4032 τῶν
3443 3979 3536 4030 ἐπὶ
3570 3977 3760 4048 μέρους

2205 4073 2516 4146 θαυμάτων,
2543 4074 2632 4127 τὸν
2664 4073 2806 4126 κατὰ
2835 4072 2933 4143 τὴν
2960 4071 3179 4142 ἀγωγὴν
3211 4068 3619 4140 καταμάθωμεν
3644 4083 3758 4120 σκο-

2209 4167 2308 4222 πόν
2341 4183 2355 4196 ·
2411 4164 2511 4221 εἶθ’
2551 4165 2722 4228 οὑτως
2755 4165 2974 4218 δυνατὸν
3008 4165 3073 4216 ἂν
3105 4164 3312 4232 γένοιτο
3339 4163 3489 4231 ἡμῖν,
3529 4160 3625 4212 καὶ
3655 4159 3759 4220 τοϊς

2208 4260 2326 4315 καθ’
2355 4260 2581 4313 ἕκαστον
2610 4257 2914 4329 ἐφαρμόσαι
2939 4256 2998 4308 τὸ
3026 4255 3220 4326 νόημα.

2285 4352 2347 4404 Ἡ
2400 4351 2506 4421 γὰρ
2557 4346 2874 4402 διδασκαλία
2914 4347 3010 4416 τῆς
3039 4344 3290 4416 ἀληθείας
3339 4343 3474 4415 πρὸς
3518 4343 3616 4406 τάς
3654 4341 3759 4396 δια-

2205 4439 2380 4505 θέσεις
2437 4441 2544 4493 τῶν
2603 4439 2903 4510 δεχομένων
2954 4439 3046 4491 τὸν
3103 4434 3758 4507 λόγον.συμμετα6άλλε-

537 4519 716 4573 tiones
742 4519 1046 4583 hominum,
1074 4522 1164 4589 qui
1203 4520 1315 4589 jam
1339 4523 1586 4592 audiunt,
1607 4531 1927 4582 commutari
1957 4532 2100 4586 vide-

2206 4554 2312 4590 ται.
2367 4533 2592 4604 Ἐπίσης
2636 4532 2743 4604 γὰρ
2793 4533 2925 4584 πᾶσι
2965 4529 3058 4583 τοῦ
3093 4529 3250 4598 λόγου
3297 4529 3356 4581 τὸ
3407 4527 3575 4581 κακὸν
3623 4528 3655 4596 ἢ
3704 4525 3758 4578 τὺ

537 4617 673 4664 tur:
712 4627 834 4665 nam
877 4627 999 4665 cum
1048 4614 1326 4683 aequaliter
1363 4616 1615 4670 omnibus
1659 4619 1788 4686 quid
1844 4631 2102 4690 appeten-

537 4703 667 4756 dum
690 4712 742 4756 et
781 4705 910 4774 quid
943 4704 1255 4775 fugiendum
1290 4705 1380 4768 sit,
1411 4704 1641 4775 benigne
1661 4710 1932 4776 ostendat,
1966 4714 2012 4769 is
2046 4716 2101 4770 in

539 4794 660 4848 luce
685 4793 944 4859 ambulat,
979 4806 1318 4866 mentemque
1367 4797 1721 4860 illuminatam
1771 4801 1953 4868 habet,
2009 4808 2099 4879 qui

540 4885 810 4941 auscultat
842 4900 893 4942 et
922 4897 1109 4958 paret;
1144 4889 1236 4958 qui
1265 4903 1392 4944 vero
1413 4893 1621 4948 resistit
1650 4901 1703 4948 et
1727 4896 1972 4952 veritatis
2011 4913 2101 4950 ra-

537 4977 660 5034 dios
690 4977 758 5032 ad
791 4980 1026 5034 animam
1064 4996 1217 5035 suam
1263 4999 1370 5036 non
1399 4983 1729 5050 intromittit,
1763 4987 1809 5042 is
1851 4990 1904 5042 in
1951 4999 2097 5044 teneo

536 5072 652 5126 bris
686 5072 1004 5141 ignorantia:
1026 5074 1497 5143 permanet.Quod
1533 5080 1576 5132 si
1605 5079 1800 5133 falsum
1861 5097 1969 5135 non
2018 5092 2100 5138 est

537 5162 681 5230 quod
710 5163 782 5216 ita
807 5169 1103 5237 generatim
1146 5166 1199 5219 iu
1233 5167 1432 5222 talibus
1468 5168 1838 5240 intelligimus,
1880 5175 2101 5229 omnino

535 5253 682 5309 haud
712 5257 869 5310 aliter
901 5271 959 5311 se
989 5258 1186 5314 habere
1215 5261 1544 5314 censendum
1569 5270 1653 5316 est
1694 5264 1838 5333 quod
1891 5267 1955 5319 ad
1987 5268 2102 5320 siu-

537 5349 693 5416 gulos
743 5349 1014 5416 pertinet,
1061 5363 1183 5402 cum
1233 5363 1299 5404 ex
1353 5349 1468 5418 ipsa
1508 5353 1820 5406 narratione
1871 5356 2014 5422 quod
2048 5357 2100 5410 in

537 5448 689 5507 parte
719 5440 1099 5508 inquirendum
1134 5448 1271 5502 erat,
1303 5441 1464 5494 simul
1499 5443 1814 5497 innotuerit.
1853 5446 2095 5516 Quapro-

539 5538 656 5598 pter
684 5543 790 5585 rmn
809 5531 1267 5592 estincredibile,
1287 5533 1420 5586 nihil
1451 5535 1574 5587 mali
1595 5536 1833 5590 sensisse
1858 5535 2094 5602 Jutlazos,

535 5624 783 5694 quamvis
827 5639 932 5677 una
975 5638 1098 5678 cum
1133 5620 1400 5694 :Egyptiis
1432 5626 1524 5694 qui
1558 5627 1910 5690 vexabantur,
1948 5628 2093 5684 habi-

613 5804 656 5837 ¹⁷
689 5801 854 5859 Exod.
887 5821 938 5872 ν,
970 5805 1019 5858 7.
1099 5806 1142 5837 ’⁸
1172 5804 1368 5876 Ephes.
1399 5822 1468 5874 Iv,
1499 5805 1552 5861 6.

2208 4625 2368 4681 καλὸν
2432 4622 2869 4694 προδεικνύντος,
2943 4623 2971 4674 6
3039 4620 3135 4692 μὲν
3199 4618 3464 4681 εὐπειθῶς
3526 4617 3661 4688 πρὸς
3703 4617 3759 4668 τὸ

2206 4714 2547 4783 δεικνύμενον
2593 4712 2728 4782 ἔχων
2773 4713 2828 4763 ἐν
2879 4710 3016 4778 φωτὶ
3064 4707 3158 4779 τὴν
3200 4707 3435 4763 διάνοιαν
3488 4707 3637 4776 ἔχει’
3685 4703 3757 4773 τῷ

2205 4805 2261 4859 δὲ
2312 4803 2615 4866 ἀντιτύπως
2677 4802 3031 4872 διακειμένῳ,
3080 4799 3172 4853 καὶ
3229 4799 3303 4870 μὴ
3352 4799 3758 4867 καταδεχομένῳ

2207 4897 2342 4969 πρὸς
2384 4897 2482 4967 τὴν
2543 4897 2736 4949 ἀκτῖνα
2802 4895 2898 4964 τῆς
2959 4891 3214 4963 ἀληθείας
3272 4891 3370 4962 τὴν
3420 4891 3598 4962 ψυχὴν
3645 4891 3756 4943 δια-

2206 4988 2420 5057 ϐλέψαι,
2465 4987 2768 5056 παραμένει
2808 4985 2908 5054 τῆς
2947 4985 3167 5053 ἀγνοίας
3209 4986 3236 5036 6
3279 4983 3460 5053 ζόφος.
3502 4984 3565 5035 El
3602 4981 3664 5052 δὴ
3702 4981 3758 5033 τὺ

2205 5079 2432 5133 καθόλου
2481 5077 2666 5146 νοηθὲν
2712 5077 2841 5147 ἡμῖν
2875 5077 2932 5129 ἐν
2974 5077 3080 5139 τοῖς
3117 5073 3374 5137 τοιούτοις
3421 5072 3618 5143 ψεῦδος
3665 5072 3756 5125 οὐκ

2198 5172 2341 5225 ἐστιν
2368 5188 2383 5201 ·
2430 5169 2538 5224 οὐδ’
2595 5169 2660 5223 ἂν
2709 5168 2777 5221 τά
2830 5166 2948 5220 καθ’
2996 5167 3222 5220 ἕκαστον
3284 5165 3503 5228 πάντως
3563 5164 3754 5234 ἑτέρως

2197 5266 2334 5334 ἔχοι,
2381 5263 2478 5334 τῆς
2523 5263 2613 5314 ἐπὶ
2660 5261 2855 5332 μέρους
2905 5259 3201 5326 ἐξετάσεως
3259 5257 3752 5327 συναποδειχθείσης

2199 5355 2272 5425 τῷ
2335 5354 2496 5424 λόγῳ.
2570 5352 2777 5406 Οὐκοῦν
2833 5349 2980 5404 οὐδὲν
3034 5349 3373 5419 θαυμαστὸν,
3444 5349 3622 5418 ἀπαθῆ
3669 5346 3795 5398 τὺν¹

2213 5447 2458 5518 Ἐϐραῖον
2505 5445 2685 5516 μένειν
2728 5445 2835 5498 τῶν
2871 5443 3181 5512 Αἰγυπτίων
3220 5441 3434 5504 κακῶν,
3477 5441 3535 5493 ἐν
3579 5439 3749 5510 μέσοις

2201 5544 2311 5603 τοῖς
2335 5539 2648 5609 ἀλλοφύλοις
2673 5538 3160 5609 ἀναστρεφόμενον,
3186 5535 3308 5589 ἐπεὶ
3337 5533 3429 5587 καὶ
3453 5532 3546 5585 νῦν
3566 5531 3620 5584 τὸ
3643 5531 3750 5583 (eo!

2201 5633 2313 5685 ἔστι
2343 5632 2621 5702 γινόμενον
2665 5632 2810 5686 ἰδεῖν.
2857 5629 2974 5684 Τῶν
3017 5629 3124 5702 γὰρ
3171 5629 3228 5681 ἐν
3259 5629 3377 5690 ταῖς
3417 5623 3749 5694 πολυανθρωο
