3982 6504
276 402 383 458 345

1599 412 1686 470 DE
1718 413 1868 471 VITA
1910 418 2179 477 MOYSIS.

3393 421 3501 477 3‘6

272 520 503 591 πούσαις
530 522 714 578 πόλεσι
737 523 871 596 πρὸς
897 525 996 591 τὰς
1016 528 1261 593 ἐναντίας
1279 528 1434 597 δόξας
1453 530 1811 604 διεστηκότων

1936 544 2147 603 tarent;
2205 550 2331 590 nam
2396 536 2449 591 id
2507 536 2685 607 ipsum
2747 536 2907 592 altius
2958 533 3286 590 intellectum
3338 534 3501 591 hodie

272 617 386 678 τοῖς
420 616 517 684 μὲν
545 616 771 687 πότιμόν
802 634 861 669 τε
890 618 983 671 καὶ
1006 618 1193 683 διειδές
1220 622 1336 672 ἐστι
1366 622 1423 673 τὸ
1444 623 1591 693 νᾶμα
1620 624 1720 695 τῆς
1746 625 1835 677 πί-

273 722 462 768 στεως,
484 706 512 759 ὃ
534 706 621 760 διὰ
644 711 740 777 τῆς
770 708 919 773 θείας
949 710 1294 775 διδασκαλίας
1326 708 1611 783 ἀρύονταιο
1644 719 1756 779 τοῖς
1778 716 1834 768 δὲ

266 796 357 849 διά
388 792 485 867 τῆς
514 801 749 868 πονηρᾶς
780 800 1096 871 ὑπολήψεως
1132 803 1576 871 Αἰγυπτιάζουσι,
1608 807 1831 876 διαφθο-

273 888 376 958 ρᾶς
417 881 555 957 αἷμα
576 888 636 941 τὸ
667 889 808 959 ὕδωρ
837 890 1061 957 γίνεται.
1096 895 1204 945 Καὶ
1231 893 1487 958 πολλάκις
1512 896 1777 968 ἐπιχειρεῖ
1804 901 1832 952 ὀ

268 981 682 1051 παρασοφισμδς
712 982 811 1051 τῆς
843 983 1057 1053 ἀπάτης
1083 986 1175 1037 καὶ
1206 986 1265 1039 τὸ
1294 986 1400 1039 τῶν
1435 986 1698 1059 Ἐϐραίων
1737 1008 1833 1043 πο-

263 1068 380 1131 τὸν,
405 1069 481 1140 τῷ
526 1070 782 1142 μολυσμῷ
820 1072 912 1125 τοῦ
939 1073 1163 1142 ψεύδους
1197 1071 1335 1147 αἷμα
1375 1079 1635 1148 ποιῆσαι,
1687 1081 1829 1135 τοῦτ’

264 1159 403 1221 ἔστι,
433 1161 522 1214 τὸν
551 1162 811 1234 ἡμέτερον
843 1163 1019 1232 λόγον,
1060 1166 1152 1219 καὶ
1190 1167 1318 1236 ⁴ἡμῖν
1345 1168 1531 1233 δεῖξαι,
1565 1169 1637 1240 μὴ
1661 1170 1831 1224 τοιοῦ-

261 1266 355 1304 τον
390 1252 549 1316 ὄντα,
588 1247 697 1316 οἷός
728 1256 891 1309 ἐστιν·
937 1253 1049 1309 ἀλλ’
1095 1254 1195 1308 οὐκ
1240 1258 1557 1329 ἁχρειὼσειε
1601 1262 1827 1315 καθόλου

261 1342 325 1394 τὸ
355 1342 537 1404 ποτὸν,
572 1342 673 1395 κᾶν
700 1346 763 1396 ὲκ
792 1344 884 1398 τοῦ
915 1346 1201 1417 προχείρου
1241 1348 1306 1401 δι’
1340 1350 1554 1421 ἀπάτης
1586 1368 1830 1423 περιφοι-

260 1434 385 1505 νίξῃ
406 1434 465 1488 τὸ
493 1430 646 1498 εἶδος.
670 1436 818 1490 Πίνει
840 1437 947 1509 γάρ
966 1440 993 1491 ὁ
1029 1439 1275 1510 Ἐϐραῖος
1302 1442 1361 1493 τὸ
1386 1441 1636 1512 ἀληθινὸν
1662 1444 1826 1514 ὕδωρ,

259 1523 366 1577 κᾶν
400 1525 546 1597 παρά
575 1526 682 1579 τῶν
712 1528 966 1582 ἐναντίων
1007 1531 1244 1595 πιθανῶς
1276 1530 1646 1604 διαϐάλληται,
1678 1537 1829 1589 οὐδὲν

259 1618 403 1686 πρὸς
427 1617 487 1669 τὸ
510 1614 644 1681 εἶδος
676 1620 772 1690 τῆς
804 1621 1017 1692 ἀπάτης
1045 1624 1519 1694 ἐπιστρεφόμενος.
1551 1625 1705 1678 Οὕτω
1735 1627 1828 1679 καὶ

257 1706 321 1759 τὸ
351 1706 634 1778 βατράχων
673 1710 826 1777 γένος
876 1712 937 1764 τὸ
976 1713 1211 1783 εἰδεχθὲς
1258 1712 1353 1767 καὶ
1403 1715 1740 1785 πολύφωνον,
1781 1712 1827 1784 ᾧ

256 1801 519 1871 ἀμφίϐιος
572 1804 667 1871 μὲν
726 1806 758 1874 ἠ
813 1804 958 1875 ζωὴ,
1011 1805 1333 1876 ἑρπυστικὸν
1377 1807 1432 1860 δὲ
1488 1808 1550 1860 τὸ
1596 1810 1826 1879 πήδημα

1933 641 2149 697 quoque
2177 626 2289 681 ﬁeri
2341 627 2527 681 videre
2570 627 2714 681 licet.
2745 626 2863 681 Non
2894 626 3038 679 enim
3071 625 3407 694 ignoramus,
3442 627 3498 680 in

1932 719 2142 789 magnis
2171 718 2465 786 praesertim
2509 718 2819 772 civitatibus
2850 718 2904 771 in
2930 715 3231 771 contrarias
3258 717 3324 771 de
3350 718 3497 771 veri-
3566 756 3575 771 η

1930 817 2041 863 tate
2086 810 2368 878 Opiniones
2423 809 2766 863 multitudine
2828 808 3022 870 divisa,
3080 808 3203 861 aliis
3246 807 3498 877 limpidas

1931 914 2100 968 aquas
2131 908 2293 968 atque
2324 899 2585 968 potabiles
2618 914 2758 963 esse,
2791 913 2911 967 qua:
2939 896 3275 967 quotidiauis
3301 896 3497 967 praedi-

1930 991 2270 1055 cationibus,
2317 988 2716 1058 Scripturteque
2775 990 3002 1043 vocibus
3058 989 3113 1041 in
3164 989 3342 1042 anima
3396 1003 3496 1043 sua

1930 1083 2283 1144 scaturiuut;
2322 1066 2445 1134 aliis
2495 1080 2772 1149 (quoniam
2821 1078 3092 1147 perversis
3150 1078 3496 1147 opinionibus

1928 1170 2311 1241 Egyptiorum
2336 1171 2618 1225 imitantur
2642 1170 2923 1239 malitiam)
2948 1171 3001 1222 in
3024 1170 3345 1245 sanguinem
3373 1185 3497 1225 cor-

1928 1268 2149 1330 ruptum
2180 1261 2453 1332 Evangelii
2499 1270 2662 1331 atque
2701 1259 3104 1331 praedicationis
3128 1248 3494 1316 suavissimus

1927 1363 2086 1421 potus
2125 1354 2463 1407 convertitur
2498 1372 2511 1407 :
2541 1363 2595 1407 et
2632 1351 2777 1422 quod
2801 1351 2956 1421 pejus
2989 1359 3091 1416 est,
3122 1366 3495 1421 saepenumero

1925 1445 2264 1500 fraudulenta
2298 1447 2410 1500 haec
2443 1447 2845 1518 Egyptiorum,
2887 1446 2940 1498 id
2975 1451 3079 1506 est,
3117 1458 3226 1498 non
3265 1445 3494 1500 creden-

1925 1538 2059 1590 tium
2096 1539 2315 1607 perfidia
2357 1539 2611 1594 falsitatis
2653 1539 2867 1593 macula
2912 1536 3260 1592 Hebraeorum
3306 1546 3494 1607 potum

1926 1627 1981 1681 in
2031 1630 2347 1698 sanguinem
2378 1640 2695 1685 convertere
2724 1630 2938 1691 nititur,
2980 1629 3032 1683 id
3063 1640 3147 1683 est
3183 1630 3490 1683 doctrinam

1925 1726 2171 1773 nostram
2198 1722 2486 1793 ostendere
2516 1722 2676 1776 talem
2721 1736 2828 1775 non
2865 1736 3008 1782 esse,
3036 1720 3211 1789 qualis
3237 1730 3320 1775 est
3346 1738 3360 1776 :
3391 1720 3491 1777 sed

1928 1825 2203 1882 nunquam
2238 1814 2483 1870 inutilem
2510 1825 2695 1884 potum
2719 1822 2967 1869 nostrum
2992 1814 3240 1880 reddent,
3271 1815 3491 1869 tametsi

258 1892 474 1963 (ἀηδὴς
500 1894 555 1946 δὲ
588 1896 647 1946 οὐ
686 1895 842 1964 μόνον
889 1897 922 1965 ή
949 1896 1089 1964 ὄψις,
1119 1898 1253 1950 ἀλλά
1288 1898 1380 1951 καὶ
1420 1898 1513 1951 τοῦ
1558 1899 1816 1970 χρωτὸςή

1927 1915 2189 1971 aquarum
2240 1905 2581 1975 superficiem
2625 1907 2781 1975 quasi
2831 1906 3049 1959 rubeam
3099 1920 3357 1975 apparere
3398 1919 3491 1959 ca-

257 1982 513 2053 δυσωδία)
534 2002 547 2014 ·
582 1985 609 2035 ὃ
635 1988 746 2048 τοῖς
773 1985 941 2049 οἴκοις
970 1990 1062 2039 καὶ
1088 1989 1208 2050 ταῖς
1239 1987 1443 2049 κλίναις
1470 1988 1563 2041 καὶ
1588 1992 1700 2052 τοῖς
1732 2004 1825 2042 τα-

262 2074 440 2145 μείοις
464 2076 571 2129 τῶν
589 2078 897 2145 Αἰγυπτίων
925 2081 1191 2151 είσέρπει,
1211 2084 1311 2152 τῆς
1337 2080 1392 2133 δὲ
1414 2082 1523 2136 τῶν
1562 2082 1825 2153 Ἐὅραίων

258 2169 407 2238 ζωῆς
431 2170 531 2223 οὐκ
558 2171 874 2239 ἐφάπτεται.
918 2174 1157 2246 Ἀληθῶς
1197 2175 1303 2245 γάρ
1332 2177 1584 2247 άντικρυς
1622 2177 1821 2247 βατρά-

256 2275 369 2327 χων
400 2259 529 2329 γένη
555 2262 677 2323 εἰσὶ,
711 2262 779 2315 τά
805 2263 1101 2331 φθοροποιά
1129 2264 1228 2333 τῆς
1260 2267 1455 2330 κακίας
1485 2269 1819 2338 γεννήματα,

255 2351 324 2402 ἑκ
362 2350 458 2420 τῆς
488 2352 734 2422 ρυπαρᾶς
763 2354 986 2425 καρδίας
1023 2354 1131 2409 τῶν
1161 2356 1478 2426 ἀνθρώπων,
1503 2352 1615 2412 οἷον
1645 2359 1709 2412 ἔκ
1738 2378 1820 2412 τι-

252 2458 345 2504 νος
392 2442 646 2514 βορ66ρου
681 2444 1105 2517 ζωογονούμενα.
1158 2444 1315 2503 Οὗτοι
1344 2452 1392 2502 οἱ
1443 2450 1700 2521 βάτραχοι
1743 2452 1818 2504 οἰ-

254 2534 413 2587 κοῦσι
441 2536 536 2605 μὲν
564 2537 659 2600 τὰς
685 2539 859 2601 οἰκίας
884 2538 990 2591 τῶν
1031 2539 1521 2608 Αἰγυπτιαζόντων,
1557 2544 1698 2597 κατὰ
1724 2527 1811 2613 vi}

252 2624 347 2677 τοῦ
381 2624 497 2693 βίου
525 2626 838 2697 προαίρεσιν
858 2643 872 2658 ο
904 2627 1204 2682 δείκνυνται
1234 2630 1291 2682 δὲ
1322 2631 1415 2683 καὶ
1439 2631 1531 2683 ἐπὶ
1556 2632 1663 2683 τῶν
1689 2649 1821 2703 τρα-

251 2716 456 2783 πεζῶν,
496 2719 590 2772 καὶ
626 2719 731 2771 τῶν
773 2718 964 2773 κλινῶν
995 2722 1094 2773 οὐκ
1135 2722 1447 2792 ἀπέχονται,
1496 2723 1587 2776 καὶ
1629 2725 1709 2786 είς
1752 2723 1821 2777 τά

247 2804 455 2879 ταμεῖα
491 2809 596 2863 τῶν
634 2810 915 2863 ἀποθέτων
951 2812 1297 2871 εἰσδύνουσιν.
1354 2816 1521 2869 Ὅταν
1564 2817 1673 2888 γάρ
1706 2817 1818 2888 ίδης

246 2894 346 2949 τὸν
374 2896 614 2967 ῥυπαρόν
642 2914 701 2949 τε
729 2898 822 2951 καὶ
848 2899 1141 2954 ἀκόλαστον
1164 2901 1295 2970 βίον,
1322 2904 1534 2975 ἀληθῶς
1561 2908 1624 2959 ὲκ
1646 2906 1818 2975 πηλοῦ

248 3004 312 3039 τε
342 2990 436 3040 καὶ
477 2988 734 3061 βορϐόρου
764 2992 1098 3062 τικτόμενον,
1139 2996 1233 3047 καὶ
1270 2993 1334 3067 τῇ
1374 2998 1507 3068 πρὸς
1536 2997 1597 3051 τὸ
1627 2998 1818 3067 ἄλογον

250 3085 485 3155 μιμήσει
520 3087 658 3139 κατά
686 3088 746 3140 τὸ
790 3084 929 3153 εἶδος
957 3091 1055 3161 τῆς
1088 3090 1233 3163 ζωῆς
1266 3095 1325 3147 ὲν
1368 3095 1628 3167 οὐθετέρα
1661 3096 1817 3165 φύσει

1926 1993 2298 2050 villationibus
2350 1996 2633 2050 eﬂiciant:
2691 1996 2839 2049 bibet
2876 1997 3016 2049 enim
3063 1995 3248 2059 Israel,
3304 1997 3354 2050 id
3406 2004 3490 2050 est

1922 2084 2016 2140 Dei
2058 2087 2309 2155 populus.
2361 2102 2555 2155 aquam
2584 2098 2795 2149 veram,
2840 2100 2939 2139 nec
2983 2086 3093 2138 ullo
3140 2086 3319 2148 modo,
3365 2085 3489 2139 licet

1920 2178 2292 2233 verisimiliter
2336 2194 2564 2249 arguere
2617 2178 2913 2232 adverSarii
2961 2178 3266 2241 videantur,
3311 2178 3508 2247 specie,

1920 2268 2147 2323 fallacia:
2168 2270 2327 2324 istius
2356 2269 2803 2323 commovebitur.
2829 2268 2917 2321 Sic
2937 2283 3035 2338 pro
3061 2284 3314 2321 ranarum
3347 2284 3485 2337 quo-

1919 2372 2026 2426 que
2069 2359 2249 2426 specie
2283 2355 2511 2411 deformi
2564 2365 2725 2425 atque
2774 2357 3008 2425 loquaci,
3059 2358 3147 2410 cui
3180 2359 3344 2412 dubia
3373 2359 3483 2411 vita

1920 2446 2065 2517 (nam
2100 2456 2152 2502 et
2172 2447 2483 2517 aquaticum
2512 2456 2565 2501 et
2594 2456 2852 2502 terrestre
2886 2448 2935 2502 id
2967 2449 3164 2501 animal
3190 2453 3296 2513 est)
3327 2449 3482 2517 cujus

1919 2539 2090 2594 saltus
2121 2554 2337 2608 repens,
2370 2538 2529 2607 cujus
2558 2546 2813 2608 aspectus
2854 2540 3227 2609 turpissimus,
3260 2540 3417 2607 cujus
3453 2556 3483 2594 e

1917 2642 2147 2698 corpore
2175 2629 2534 2683 intolerabilis
2583 2628 2721 2683 fetor
2759 2630 3024 2684 emittitur
3058 2648 3071 2683 :
3101 2630 3244 2700 quod
3292 2631 3481 2685 domos

1915 2719 2255 2788 lectulosque
2300 2719 2524 2789 ipsaque
2580 2721 2877 2789 penetralia
2925 2720 3300 2792 Egyptiorum
3358 2736 3481 2776 sor-

1917 2812 2084 2875 didat,
2130 2820 2186 2868 et
2221 2811 2569 2868 Hebraeorum
2602 2816 2769 2868 vitam
2823 2828 2932 2867 non
2989 2814 3246 2874 maculat,
3299 2816 3480 2869 varios

1914 2907 2137 2962 malitia:
2180 2908 2660 2977 corruptionisque
2712 2909 2875 2970 fetus,
2924 2907 3017 2976 qui
3057 2922 3121 2962 ex
3173 2907 3337 2963 fetido
3382 2910 3480 2961 ho-

1915 2999 2122 3052 minum
2165 2998 2353 3061 corde,
2395 2999 2548 3068 quasi
2601 3014 2665 3053 ex
2722 2999 2938 3068 putrido
2987 3000 3115 3053 limo
3157 3009 3478 3064 nascuntur,

1917 3087 2287 3158 intelligimus.
2344 3087 2468 3141 Haec
2520 3088 2797 3141 immunda
2856 3104 3109 3143 ranarum
3162 3090 3478 3154 multitudo,

246 3176 495 3247 ἀκριϐῶς
524 3179 749 3247 μένοντα
769 3196 781 3210 ·
814 3182 907 3234 καὶ
931 3182 1215 3253 ἄνθρωπον
1240 3185 1336 3254 μὲν
1364 3186 1501 3239 κατὰ
1523 3187 1621 3257 τὴν
1654 3187 1813 3256 φύσιν

1917 3179 2109 3235 domos
2135 3195 2322 3236 eorum
2356 3181 2448 3251 qui
2473 3178 2815 3251 Egyptiace,
2846 3179 2900 3235 id
2941 3191 3044 3243 est,
3077 3181 3271 3237 vitiose
3302 3185 3482 3239 vivere

244 3266 403 3329 ὂντα,
438 3269 633 3338 κτῆνος
668 3270 725 3323 δὲ
757 3271 843 3325 διὰ
870 3272 1041 3336 πάθος
1069 3275 1368 3344 γινόμενον,
1409 3278 1501 3329 καὶ
1531 3277 1617 3330 διὰ
1658 3277 1812 3331 τοῦτο

1916 3270 2147 3337 malunt,
2192 3271 2403 3325 habitat
2438 3289 2450 3324 :
2482 3272 2537 3325 in
2578 3272 2782 3326 mensis
2814 3286 3001 3327 eorum
3027 3272 3284 3337 abundat,
3313 3274 3369 3328 in
3399 3276 3483 3330 le-

246 3359 512 3429 ἀμφίϐιον
541 3362 714 3414 ἐκεῖνο
739 3363 830 3417 καὶ
857 3365 1288 3435 ἐπαμφοτερίζον
1312 3367 1371 3419 τὸ
1395 3367 1491 3437 τῆς
1515 3368 1658 3437 ζωῆς
1677 3365 1814 3431 εἶδος

244 3452 671 3506 ἑπιδεικνύοντα·
696 3455 947 3526 εὑρήσεις
968 3458 1059 3509 καὶ
1087 3457 1176 3509 ἐπὶ
1204 3457 1391 3511 τούτου
1422 3458 1489 3511 τά
1513 3460 1611 3529 τῆς
1636 3459 1813 3513 τοιαύ-

242 3560 349 3612 της
394 3544 552 3597 νόσου
597 3547 978 3617 γνωρίσματα,
1026 3549 1123 3601 οὐκ
1159 3550 1250 3603 ἐπὶ
1287 3550 1385 3620 τῆς
1420 3550 1603 3620 κλίνης
1633 3551 1810 3620 μόνον,

242 3636 387 3688 ἀλλά
436 3638 527 3689 καὶ
556 3637 645 3689 ἐπὶ
690 3638 788 3707 τῆς
819 3638 1093 3710 τραπέζης
1121 3681 1133 3703 ,
1167 3641 1261 3694 καὶ
1308 3641 1365 3693 ἐν
1404 3644 1516 3706 τοῖς
1547 3643 1810 3712 ταμείοις,

241 3727 343 3778 καὶ
386 3726 526 3780 κατά
572 3728 746 3781 πάσαν
789 3729 886 3799 τὴν
934 3731 1162 3799 οἴκησιν.
1224 3732 1670 3802 Ἐπισημαίνεται
1705 3735 1812 3807 γάρ

240 3817 337 3871 διὰ
380 3819 595 3872 πάντων
633 3821 662 3872 ὁ
700 3819 933 3884 τοιοῦτος
974 3822 1074 3891 τὴν
1120 3814 1375 3886 ἀσωτίαν,
1428 3823 1565 3877 ὥστε
1608 3826 1812 3891 πάντας

243 3909 448 3981 ῥᾳδίως
487 3911 779 3979 ἐπιγνῶναι
811 3910 898 3965 διά
924 3912 1032 3965 τῶν
1060 3914 1199 3967 κατά
1229 3914 1319 3968 τὸν
1347 3912 1492 3969 οἷκον
1520 3918 1812 3983 σπουδαζο-

245 4004 430 4074 μένων
465 4004 555 4055 τον
589 4003 701 4073 βίον
726 4004 816 4056 τοῦ
847 4022 905 4057 τε
926 4005 1219 4060 ἀκολάστου
1246 4008 1337 4059 καὶ
1365 4008 1456 4061 τοῦ
1487 4009 1813 4081 καθαρεύον-

239 4112 355 4157 τος.
391 4097 560 4149 Ὅταν
590 4100 645 4149 ὲν
671 4097 843 4166 τούτῳ
877 4098 975 4167 μὲν
1002 4098 1095 4151 ἐπὶ
1124 4099 1231 4152 τῶν
1246 4098 1458 4170 τείχους
1473 4104 1811 4173 κονιαμάτων

237 4187 517 4239 δείκνυται
541 4187 689 4259 παρά
713 4188 811 4257 τῆς
840 4187 1033 4258 τέχνης
1062 4188 1147 4243 διὰ
1171 4189 1404 4243 εἰδώλων
1433 4191 1593 4244 τινῶν
1618 4192 1685 4244 τά
1715 4192 1812 4263 τῆς

238 4279 526 4350 ὲμπαθοῢς
548 4279 737 4349 ἡδονῆς
776 4279 1171 4350 ὑπεκκαύματα
1194 4299 1205 4311 ·
1230 4280 1295 4333 δι’
1316 4274 1388 4334 ὧν
1406 4283 1812 4354 ὑπομιμνήσκε-

237 4390 333 4426 ται
362 4372 461 4440 τῆς
480 4372 637 4425 νόσου
668 4372 700 4442 ή
732 4371 910 4441 φύσις,
934 4371 1021 4425 διὰ
1047 4372 1154 4425 τῶν
1182 4368 1356 4443 ὄψεων
1389 4374 1451 4426 ὲκ
1475 4375 1569 4443 τῆς
1590 4376 1811 4445 ἀτιμίας

235 4465 353 4519 τῶν
380 4465 671 4534 θαυμάτων
694 4464 786 4516 ἐπὶ
810 4463 906 4535 τὴν
926 4463 1100 4535 ψυχὴν
1125 4465 1539 4536 ὲπεισχεομὲνου
1577 4467 1669 4519 τοῦ
1705 4468 1811 4533 πά-

1912 3363 2073 3416 etulis
2108 3361 2341 3426 assidet,
2378 3362 2430 3415 in
2466 3362 2665 3417 abditis
2701 3377 2888 3416 eorum
2921 3363 3171 3417 omnibus
3209 3374 3370 3434 atque
3391 3380 3481 3420 re-

1911 3453 2148 3508 conditis
2196 3454 2357 3508 rebus
2412 3452 2685 3508 invenitur
2732 3471 2746 3507 :
2799 3469 2925 3508 vere
2972 3469 3206 3525 namque
3257 3457 3479 3510 sordida

1911 3543 2297 3615 luxuriosaque
2334 3545 2444 3598 vita
2492 3560 2560 3601 ex
2601 3553 2858 3615 corrupto
2898 3545 3172 3615 fetidoque
3198 3546 3328 3599 limo
3357 3563 3481 3616 pas-

1910 3637 2124 3693 sionum
2175 3636 2447 3706 profecta,
2508 3636 2737 3691 dubium
2785 3637 3057 3706 quoddam
3113 3638 3315 3691 animal
3364 3645 3477 3702 est,

1911 3728 2221 3796 aquaticum
2272 3727 2481 3781 scilicet
2532 3736 2696 3797 atque
2733 3738 3011 3783 terrestre.
3063 3727 3235 3782 Homo
3284 3737 3479 3782 natura

1909 3827 2014 3884 est,
2051 3820 2143 3889 qui
2181 3820 2256 3873 ita
2281 3820 2437 3885 vivit,
2469 3820 2737 3875 electione
2784 3835 2911 3874 vero
2941 3834 3129 3889 pecus,
3168 3822 3482 3890 peeudeque

1910 3911 2227 3968 sordidius:
2264 3913 2406 3967 unde
2442 3914 2520 3977 fit,
2572 3918 2635 3966 ut
2678 3910 2899 3965 dubium
2963 3910 3232 3980 quoddam
3280 3911 3480 3964 animal

1910 4003 2014 4058 hac
2064 4005 2173 4058 vita
2226 4003 2545 4058 efﬁciamur.
2597 4003 2732 4057 Nam
2790 4003 2882 4072 qui
2930 4010 3178 4057 naturam
3230 4003 3476 4072 respicit,

1909 4096 2192 4163 homines;
2226 4096 2319 4164 qui
2352 4097 2517 4149 vitam
2561 4094 2894 4159 considerat,
2934 4110 3040 4149 non
3072 4092 3336 4157 homines,
3379 4093 3477 4148 sed

1908 4200 1976 4241 ex
2018 4186 2304 4239 brutorum
2346 4200 2541 4255 genere
2572 4200 2671 4239 nos
2703 4185 2818 4253 ipse
2851 4184 3063 4253 putabit
3096 4200 3110 4237 :
3156 4184 3315 4255 cujus
3351 4185 3478 4252 qui-

1908 4276 2029 4331 dem
2062 4277 2204 4331 bruti
2247 4277 2403 4347 signa
2447 4284 2556 4331 tam
2595 4277 2653 4331 in
2693 4277 2949 4332 universa
2996 4277 3180 4340 domo,
3227 4294 3389 4348 quam
3420 4279 3476 4334 iu
3580 4285 3583 4289 ‘

1910 4366 2141 4437 singulis
2187 4367 2430 4423 invenias
2470 4369 2738 4437 partibus.
2783 4367 2918 4422 Nam
2948 4376 3003 4423 et
3037 4370 3093 4423 in
3123 4371 3295 4425 muris
3326 4378 3379 4426 et
3418 4372 3475 4426 in

1910 4459 2050 4513 aulis
2095 4459 2321 4513 diversae
2365 4459 2432 4512 ad
2470 4460 2738 4514 luxuriam
2784 4462 2951 4515 animi
2998 4463 3245 4531 picturae,
3292 4472 3345 4518 et
3419 4465 3477 4519 in

240 4556 393 4621 θους·
414 4557 507 4610 ἐπὶ
526 4556 581 4609 δὲ
601 4554 694 4609 τοῦ
717 4555 1379 4628 σωφρονοῦντος,φυλακὴν
1392 4558 1571 4610 πᾶσαν
1583 4556 1673 4611 καὶ
1690 4576 1812 4629 προ-

1916 4552 2057 4607 vasis
2100 4552 2393 4621 sculptura:
2447 4553 2724 4621 impressae
2779 4554 3077 4622 nequitiam
3142 4555 3477 4625 praedicant,

241 4648 504 4718 μήθειαν,
530 4646 623 4700 τοῦ
649 4646 849 4700 καὶτὸν
876 4646 1149 4717 ὀφθαλμὸν
1172 4647 1489 4719 καθαρεύειν
1507 4648 1616 4702 τῶν
1639 4650 1814 4719 ἐμπαο

238 4740 350 4793 θῶν
368 4741 676 4809 θεαμάτων.
699 4740 806 4793 Καὶ
824 4742 856 4811 ἡ
879 4738 1126 4811 τράπεζα
1142 4739 1197 4793 δὲ
1213 4740 1470 4805 ὡσαύτως
1482 4742 1696 4814 καθαρὰ
1716 4743 1812 4813 μὲν

233 4834 267 4903 ἡ
307 4831 402 4885 τοῦ
440 4829 838 4901 σωφρονοῦντος
859 4870 873 4893 ,
912 4832 1220 4903 εὑρίσκεται
1254 4833 1310 4885 δὲ
1337 4832 1686 4905 βατραχώδης
1717 4835 1812 4887 καὶ

236 4923 581 4994 πολύσαρκος
593 4922 685 4975 τοῦ
703 4923 836 4994 πρὸς
851 4923 940 4977 τὸν
958 4923 1262 4996 βορϐορώδη
1280 4924 1391 4993 βίον
1412 4925 1491 4977 ἰλυ
1500 4926 1801 4996 σπωμένου.

233 5013 360 5066 Κᾶν
382 5012 455 5065 τά
470 5013 1051 5086 ταμεῖαδιερευνήσῃς,
1073 5014 1215 5067 τοῦτ’
1244 5014 1378 5079 ἔστι,
1395 5014 1692 5085 τάκρυπτά
1707 5016 1803 5067 τοῦ

234 5105 354 5173 βίου
396 5102 564 5156 αὐτοῦ
607 5105 699 5156 καὶ
736 5103 1038 5174 ἀπόρρητα·
1070 5104 1203 5156 πολὺ
1255 5105 1450 5173 μᾶλλον
1480 5106 1536 5156 ὲν
1576 5105 1806 5168 ἐκείνοις

234 5198 476 5266 σωρείαν
508 5196 788 5266 βατράχων
832 5198 888 5248 ὲν
930 5198 1041 5259 τοῖς
1073 5195 1388 5260 ἀκολάστοις
1429 5201 1800 5265 κατανοήσεις.

232 5289 298 5341 Ei
341 5288 401 5340 δὲ
432 5287 604 5340 ταῦτα
629 5290 662 5357 ή
708 5288 809 5357 τῆς
839 5288 1038 5359 ἀρετῆς
1080 5289 1272 5358 ῥάϐδος
1320 5291 1490 5341 ποιεῖν
1532 5288 1672 5342 κατά
1702 5288 1810 5340 τῶν

228 5380 552 5448 Αἰγυπτίων
580 5380 685 5433 ὑπὸ
714 5380 812 5449 τῆς
848 5380 1083 5452 ἱστορίας
1108 5380 1343 5449 λέγεται,
1379 5380 1451 5451 μὴ
1482 5378 1809 5449 ξενισθῶμεν

232 5473 364 5543 περὶ
398 5472 490 5523 τὸν
518 5471 700 5540 λόγον·
733 5473 825 5524 καὶ
850 5471 956 5543 γὰρ
987 5471 1347 5543 ἐσκληρύνθαι
1374 5473 1523 5541 παρά
1550 5470 1644 5523 τοῦ
1674 5470 1808 5522 Θεοῦ

231 5569 321 5620 τὸν
348 5565 638 5636 τύραννον,
679 5566 710 5635 ἡ
742 5564 949 5635 ἱστορία
975 5565 1124 5635 φησί.
1161 5565 1284 5628 Πῶς
1310 5559 1403 5618 οὖν
1429 5563 1497 5617 ἂν
1524 5564 1606 5634 εἴη
1632 5563 1800 5617 κατά-

236 5676 444 5729 κριτος,
478 5660 545 5727 τῇ
595 5657 796 5712 ἀνωθεν
837 5657 1048 5729 ἀνάγκῃ
1092 5656 1340 5727 σκληρῶς
1374 5671 1433 5707 τι
1467 5654 1560 5706 καὶ
1595 5652 1800 5706 ἀντιτύ-

236 5770 349 5815 πως
375 5748 726 5819 διαθέμενος;
762 5750 852 5802 καί
882 5768 981 5802 που
1012 5750 1070 5803 τὸ
1095 5748 1206 5801 ἴσον
1234 5748 1396 5817 φησὶν
1416 5749 1444 5800 ὁ
1469 5746 1606 5809 θεῖος
1648 5746 1799 5799 Ἀπό-

231 5847 443 5909 στολος,
467 5845 548 5898 ὅτι
577 5842 802 5898 καθόσον
827 5844 923 5897 οὐκ
951 5842 1270 5912 ἐδοκίμασαν
1297 5840 1386 5895 τὸν
1421 5838 1549 5893 Θεὸν
1575 5838 1715 5910 ἔχειν
1738 5841 1795 5891 ἐν

1912 4646 2111 4714 quibus
2166 4646 2423 4716 cogitatio
2488 4645 2553 4698 ad
2603 4645 2929 4715 cupiditates
2989 4661 3118 4702 suas
3167 4656 3473 4714 revocatur,

1908 4738 2205 4806 vituperosi
2263 4737 2561 4807 spectaculi
2603 4738 2850 4801 visione,
2899 4737 2964 4791 ad
3009 4741 3245 4793 animam
3296 4758 3474 4810 usque

1908 4830 2226 4899 passionum
2276 4840 2409 4885 aestu
2452 4830 2816 4898 perveniente,
2862 4843 2930 4883 ne
2966 4829 3173 4883 scilicet
3208 4832 3475 4900 cupidita-

1910 4930 2025 4975 tum
2066 4923 2231 4977 ardor
2272 4924 2653 4993 exstinguatur
2696 4928 2788 4974 aut
2822 4920 3167 4977 retundatur.
3215 4923 3476 4978 Similiter

1910 5016 1957 5073 si
2010 5032 2249 5080 mensas,
2297 5017 2345 5070 si
2393 5017 2562 5072 lectos
2614 5015 2924 5086 voluptuosi
2977 5014 3325 5085 corruptique
3377 5017 3474 5071 bo-

1910 5110 2072 5163 minis
2120 5107 2515 5169 considerabis,
2562 5108 2615 5162 id
2662 5108 2839 5177 ipsum
2888 5106 3155 5160 invenies.
3210 5106 3369 5172 Quod
3426 5109 3471 5161 si
3526 5146 3532 5152 .

1909 5197 2188 5251 recondita
2245 5197 2534 5266 abditaque
2567 5195 2803 5251 hominis
2836 5195 3152 5266 bujusmodi
3211 5211 3317 5249 non
3345 5195 3471 5249 dico

1904 5290 2126 5343 vascula
2161 5295 2215 5343 et
2260 5290 2510 5359 capsulas
2567 5288 2772 5358 (multis
2820 5287 2966 5342 enim
3002 5302 3067 5342 ea
3113 5294 3320 5357 patent,
3368 5301 3471 5339 nec

1906 5381 2079 5434 aliena
2118 5389 2246 5435 sunt
2285 5394 2316 5433 a
2350 5381 2688 5450 turpitudine
2730 5381 2893 5451 vitae),
2942 5380 3037 5436 sed
3068 5380 3281 5434 occulta
3324 5394 3472 5431 men-

1906 5470 1977 5526 tis
2026 5479 2079 5525 ει
2113 5472 2275 5526 animi
2308 5475 2617 5542 perspicere
2660 5473 2883 5541 p0teris,
2907 5471 3018 5539 jam
3054 5484 3182 5525 vero
3212 5483 3471 5524 accumu-

1906 5561 2136 5616 latarum
2166 5576 2420 5616 ranarum
2452 5563 2791 5632 putredinem
2821 5561 3060 5632 reperies
3098 5558 3338 5615 fetidam.
3391 5557 3466 5611 At

1906 5656 2135 5711 modesti
2173 5654 2407 5709 hominis
2446 5656 2608 5711 etiam
2648 5657 2840 5712 oculus
2876 5653 3110 5709 mundus
3139 5660 3240 5719 est,
3274 5660 3327 5707 et
3348 5652 3464 5708 haec

1905 5762 2024 5815 quae
2081 5745 2148 5799 ad
2212 5746 2481 5801 luxuriam
2549 5747 2813 5810 incnant,
2867 5749 3178 5816 spectacula
3232 5745 3458 5815 respuit.

1906 5837 2089 5895 Mensa
2150 5853 2367 5910 quoque
2390 5837 2640 5895 similiter
2674 5838 2977 5895 communis
3022 5852 3084 5894 ac
3117 5836 3314 5904 tenuis,
3351 5852 3458 5892 non
