3982 6508
559 391 663 445 σιτ

1799 389 1854 443 S.
1888 390 2211 448 GREGORII
2245 390 2541 448 NYSSENI
3652 395 3737 452 ιιι

559 523 751 580 magna
776 508 1020 562 carnium
1041 513 1132 560 aut
1154 504 1379 575 piscium
1408 513 1630 560 onerata
1661 508 1932 580 congerie.
1963 509 2116 574 Quod

2223 509 2529 578 ἐπιγνώσει,
2575 507 2888 580 παρέδωκεν
2926 505 3121 568 αὐτοὺς
3149 505 3182 558 6
3211 504 3342 568 Θεὸς
3373 504 3454 567 είς
3487 504 3632 577 πάθη
3645 510 3739 564 du.

559 607 744 653 autem
791 599 894 652 ista
931 598 1146 651 virtutis
1193 596 1397 668 virgam
1447 596 1642 652 fecisse
1689 598 1822 654 dicit
1863 600 2112 664 historia,

563 687 786 741 minime
816 685 1135 754 perturbare
1167 700 1267 740 nos
1300 687 1492 750 debet;
1525 701 1646 740 nam
1689 695 1742 742 et
1791 688 2116 743 obduratum

560 793 592 831 a
624 777 732 832 Deo
756 775 924 831 fuisse
947 784 1235 846 tyrannum
1267 785 1470 832 narrat.
1498 778 1616 844 Quo
1636 794 1765 834 vero
1784 789 1943 850 pacto
1967 781 2120 836 dam-

561 871 776 923 nandus
809 869 1023 934 fuisset,
1057 869 1102 923 si
1146 869 1234 923 Dei
1260 871 1585 925 necessitate
1605 881 1830 928 coactus
1852 874 2119 930 obdurato

559 958 746 1012 animo
783 959 1116 1014 restitisset?
1170 957 1358 1014 Simile
1395 975 1628 1030 namque
1658 961 1711 1015 id
1737 963 1787 1017 ei
1824 974 1925 1027 est,
1973 965 2118 1034 quod

559 1049 778 1106 divinus
811 1051 1104 1120 Apostolus
1134 1053 1201 1104 de
1229 1051 1297 1106 iis
1343 1051 1436 1122 qui
1477 1054 1876 1109 convolvuntur
1907 1057 1960 1110 in
2005 1065 2117 1110 tur-

557 1143 803 1214 pissimis
853 1141 1366 1211 nefandissimisque
1407 1142 1634 1199 luxuriae
1661 1145 1827 1209 vitiis,
1873 1145 2008 1200 dicit
2042 1146 2119 1199 "z

560 1234 710 1305 quod
751 1253 771 1286 ι
805 1237 947 1290 sicut
980 1250 1089 1288 non
1124 1235 1487 1304 probaverunt
1525 1235 1672 1305 impii
1710 1235 1875 1290 Deum
1920 1236 2120 1292 habere

557 1324 617 1378 in
670 1327 934 1392 notitiam,
973 1327 1195 1381 tradidit
1239 1342 1333 1381 eos
1376 1327 1513 1383 Deus
1546 1329 1602 1382 in
1650 1327 1930 1398 passiones
1970 1330 2121 1400 igno-

561 1417 761 1471 miniae.
779 1437 796 1468 ι
815 1417 944 1470 Nam
965 1425 1016 1471 et
1042 1417 1204 1472 verba
1220 1417 1530 1486 Scriptura},
1558 1419 1714 1488 quasi
1745 1418 2004 1474 divinitus
2023 1434 2119 1474 eos

563 1509 826 1576 impulsos
885 1509 950 1562 ad
1009 1508 1304 1572 libidinem,
1333 1523 1398 1562 ac
1437 1509 1745 1574 ignominiae
1775 1511 2118 1579 passionibus

562 1601 811 1662 traditos,
862 1615 1058 1654 sonare
1088 1599 1360 1656 videntur.
1395 1599 1504 1654 Nec
1556 1608 1735 1654 tamen
1795 1599 2119 1670 turpitudini

562 1688 706 1744 Deus
741 1705 1064 1759 quemquam
1095 1689 1278 1752 tradit,
1313 1705 1411 1744 nec
1442 1688 1654 1745 Pharao
1684 1691 1874 1745 nolens
1913 1691 1981 1745 ab
2004 1691 2120 1759 ipso

563 1779 674 1834 Deo
717 1781 771 1833 in
810 1779 1064 1834 duritiem
1111 1782 1434 1850 impellitur,
1481 1797 1583 1837 nec
1632 1784 1741 1838 vita
1801 1799 2056 1836 ranarum
2087 1797 2119 1836 a

2221 602 2375 673 μίας,
2396 623 2414 656 ι
2435 602 2678 675 περὶτῶν
2707 597 3247 672 ἀρῤενοφθορούντων
3287 595 3480 664 λέγων,
3511 598 3599 650 καὶ
3637 606 3742 671 περὶ

2217 690 2322 745 τῶν
2353 693 2410 744 ἐν
2446 691 2558 752 τοῖς
2601 689 2814 760 ἀτίμοις
2858 706 2918 741 τε
2959 689 3054 742 καὶ
3089 689 3352 760 ἀρρήτοις
3401 687 3499 757 τῆς
3542 689 3744 757 ἀσωτίας

2215 781 2435 853 τρόποις
2476 780 2941 852 ἀσχημονούντων.
2991 780 3128 833 Ἀλλ’
3159 781 3206 832 εί
3249 780 3344 834 καὶ
3373 778 3514 833 οὕτω
3558 779 3745 848 λέγεται

2217 872 2366 943 παρά
2393 874 2491 944 τῆς
2519 871 2666 934 θείας
2696 869 2914 942 Γραφῆς
2944 869 3015 923 τὰ
3043 868 3328 940 εἰρημένα·
3365 866 3487 920 οὔτε
3515 868 3588 938 τῷ
3612 867 3747 924 πάθει

2215 963 2312 1034 τῆς
2336 962 2558 1032 ἀτιμίας
2591 965 2619 1015 6
2656 960 2789 1026 Θεὸς
2835 961 3049 1016 ἔκδοτον
3089 960 3272 1014 δίδωσι
3325 958 3418 1012 τὸν
3461 959 3589 1029 πρὸς
3616 960 3751 1015 τοῦτο

2218 1054 2534 1126 φερόμενον,
2560 1052 2685 1106 οὒτε
2712 1051 2911 1124 Φαραὼ
2939 1052 3066 1123 θείᾳ⁵
3101 1050 3351 1122 βουλήσει
3401 1049 3745 1120 σκληρύνεται,

2216 1144 2338 1198 οὔτε
2367 1147 2395 1198 6
2423 1143 2770 1215 βατραχώδης
2818 1143 2930 1214 βίος
2969 1143 3076 1196 ὑπὸ
3109 1145 3207 1213 τῆς
3235 1141 3434 1212 ἀρετῆς
3460 1141 3745 1200 πλάσσεται.

2215 1237 2281 1290 Ei
2312 1236 2416 1307 γὰρ
2457 1235 2709 1307 βουλητὸν
2754 1230 2822 1305 ἦν
2850 1237 2915 1305 τῇ
2955 1233 3075 1306 θείᾳ
3110 1232 3290 1303 φύσει,
3337 1233 3552 1295 πάντως
3586 1232 3645 1286 ἂν
3674 1235 3751 1288 ἐπὶ

2217 1327 2433 1381 πάντων
2457 1328 2599 1380 κατὰ
2627 1326 2687 1379 τὸ
2713 1327 2824 1379 ῐσον
2853 1328 2886 1397 ἡ
2922 1324 3150 1394 τοιαύτη
3192 1322 3510 1395 προαίρεσις
3541 1323 3748 1392 ἴσχυσεν,

2217 1419 2292 1484 ὡς
2325 1419 2590 1490 μηδεμιᾶς
2617 1418 2834 1489 ἀρετῆς,
2849 1417 2943 1469 καὶ
2967 1415 3166 1479 κακίας
3208 1415 3358 1487 παρά
3397 1415 3488 1469 τὸν
3520 1415 3625 1484 βίον
3660 1416 3752 1469 δια-

2219 1512 2390 1582 φορὰν
2415 1509 2756 1579 θεωρεῖσθαι.
2795 1507 3000 1561 Ἀλλων
3031 1506 3087 1560 δὲ
3115 1506 3288 1569 ἄλλως
3323 1505 3642 1576 μετεχόντων
3675 1508 3754 1560 τού

2220 1602 2334 1674 βίου
2355 1643 2370 1666 ,
2397 1602 2489 1655 καὶ
2510 1600 2618 1654 τῶν
2645 1601 2742 1671 μὲν
2769 1601 2834 1654 δι’
2864 1599 3062 1670 ἀρετῆς
3091 1597 3563 1669 κατορθουμένων,
3585 1598 3684 1650 τῶν
3706 1599 3752 1653 δὲ

2219 1695 2297 1756 είς
2325 1693 2516 1747 κακίαν
2547 1691 2940 1765 ἀπορρεόντωνο
2985 1691 3084 1742 οὐκ
3125 1690 3189 1744 ἀν
3231 1706 3314 1753 τις
3351 1688 3582 1757 εὐλόγως
3613 1688 3755 1760 ὓπερ-

2219 1783 2496 1855 κειμέναις
2513 1783 2652 1836 τισὶν
2678 1782 2963 1851 ἀνάγκαις,
2989 1782 3107 1842 ταῖς
3130 1778 3345 1833 κατὰτὸ
3361 1779 3506 1832 θεῖον
3543 1777 3757 1849 βούλημα

562 1873 760 1927 virtute
801 1874 1195 1929 conformatur.
1234 1873 1366 1927 Nam
1414 1874 1459 1929 si
1502 1873 1596 1928 Dei
1637 1876 1912 1928 voluntate
1959 1881 2121 1942 atque

2223 1875 2667 1952 συνισταμέναις,
2710 1874 2809 1937 τὰς
2853 1874 3115 1947 διαφορὰς
3158 1871 3266 1925 τῶν
3313 1871 3440 1942 βίων
3483 1871 3753 1939 λογίσαιτο,

563 1963 798 2032 impulsu
821 1964 894 2018 ita
929 1965 1101 2029 fieret,
1132 1981 1232 2020 nec
1253 1966 1606 2035 turpitudinis
1632 1974 1686 2020 et
1707 1965 2121 2036 vituperationis

2226 1958 2300 2018 ὧν
2329 1967 2361 2034 ἠ
2403 1964 2719 2035 προαίρεσις
2746 1965 2828 2033 ἐφ’
2859 1965 3090 2018 ἑκάστου
3131 1962 3190 2016 τδ
3217 1962 3417 2034 κράτος
3441 1962 3574 2031 ἔχει.

561 2058 647 2114 hae
716 2060 1000 2129 passiones
1067 2061 1510 2130 appellarentur,
1558 2077 1660 2116 nec
1702 2062 1811 2115 ulla
1843 2069 1990 2115 esset
2029 2063 2170 2114 inter
2206 2059 2462 2114 virtutem
2507 2068 2560 2113 et
2603 2059 2793 2113 vitium
2842 2059 3168 2114 differentia.
3219 2056 3414 2112 Verum
3475 2070 3598 2110 cum
3642 2056 3758 2113 alius

563 2152 726 2212 hanc,
775 2152 913 2206 alius
947 2151 1094 2205 illam
1125 2151 1288 2222 eligat
1327 2152 1516 2214 vitam,
1571 2161 1625 2206 et
1658 2152 1743 2206 hic
1777 2152 2042 2215 virtuose,
2092 2150 2182 2205 ille
2218 2150 2434 2213 vitiose,
2470 2150 2650 2205 vivere
2685 2149 2858 2213 malit,
2904 2164 3012 2204 non
3050 2149 3173 2218 jure
3216 2147 3394 2202 altiori
3439 2145 3651 2201 cuidam
3678 2162 3760 2203 ne.

565 2241 840 2303 cessitati,
889 2241 981 2295 sed
1017 2241 1283 2295 voluntati
1325 2242 1659 2311 singulorum
1717 2242 1932 2297 vivendi
1975 2253 2222 2295 normam
2257 2240 2624 2294 altribuimus.

635 2329 915 2394 Quomodo
970 2330 1134 2400 igitur
1187 2330 1600 2399 vituperationis
1646 2333 1932 2401 quisquam
1988 2347 2117 2402 pas-

562 2421 811 2476 sionibus
842 2436 873 2474 a
901 2421 1008 2475 Deo
1032 2421 1297 2487 tradatur,
1335 2422 1449 2490 ipse
1481 2422 1773 2492 Apostolus
1807 2432 1990 2493 aperte
2018 2438 2119 2480 nos

564 2513 726 2568 docet
753 2531 768 2572 ;
795 2515 886 2582 qui
923 2529 1028 2567 non
1061 2512 1306 2583 probavit
1336 2512 1500 2568 Deum
1534 2514 1734 2569 habere
1792 2510 1851 2564 in
1901 2511 2115 2576 notitia,

563 2605 614 2660 is
659 2621 782 2659 cum
832 2621 862 2659 a
910 2605 1020 2662 Deo
1065 2621 1172 2660 non
1225 2604 1566 2668 defendatur,
1613 2621 1714 2662 nec
1762 2607 1935 2676 gratia
1976 2607 2116 2677 ejus,

569 2698 712 2752 unde
745 2712 905 2752 omne
935 2699 1133 2752 bonum
1163 2709 1266 2762 est,
1307 2705 1642 2754 sustentetur
1688 2698 1808 2768 (nec
1837 2699 1980 2752 enim
2027 2700 2120 2755 de-

567 2787 737 2846 fendit
769 2789 910 2845 Deus
951 2791 1219 2845 nolentem
1250 2791 1618 2861 cognoscere),
1660 2791 1732 2856 is,
1771 2791 2014 2861 inquam,
2055 2791 2124 2847 ab

567 2882 1004 2952 eo,turpitudini
1041 2883 1179 2937 tradi
1225 2883 1446 2938 dicitur.
1485 2882 1621 2938 Nam
1669 2883 2121 2953 quemadmodum

570 2975 618 3031 si
661 2975 787 3046 quis
818 2977 883 3032 de
911 2977 1128 3031 homine
1154 2977 1244 3046 qui
1279 2977 1332 3030 in
1374 2977 1579 3032 foveam
1610 2977 1832 3040 decidit,
1859 2979 2118 3048 quoniam

568 3067 738 3121 solem
782 3082 891 3121 non
934 3067 1088 3130 vidit,
1135 3067 1342 3122 idcirco
1378 3067 1434 3122 in
1474 3068 1683 3125 foveam
1727 3069 1986 3126 incidisse
2035 3086 2123 3125 as-

569 3163 865 3217 severaret,
915 3155 1063 3210 nullo
1111 3156 1270 3212 nobis
1317 3157 1480 3212 modo
1511 3158 1566 3212 in
1622 3167 1852 3214 mentem
1894 3161 2118 3227 veniret,

570 3247 638 3299 ab
672 3245 809 3299 irato
838 3247 954 3302 sole
981 3247 1038 3302 in
1071 3247 1279 3303 foveam
1311 3249 1487 3320 ipsum
1527 3250 1849 3320 depulsum;
1898 3253 1992 3308 sed
2020 3263 2123 3309 sta-

571 3333 669 3386 tim
703 3333 1148 3404 intelligeremus,
1200 3337 1323 3391 ideo
1367 3339 1422 3392 in
1470 3337 1676 3394 foveam
1722 3340 1953 3410 lapsum,
1983 3358 2122 3412 quo-

571 3423 715 3478 niam
743 3426 984 3481 caecitate
1011 3441 1108 3480 sua
1142 3428 1273 3483 solis
1302 3430 1476 3486 lucem
1511 3431 1752 3500 aspicere
1780 3449 1888 3488 non
1913 3437 2120 3504 potuit:

570 3515 654 3570 sic
699 3525 910 3585 oportet
949 3518 1083 3574 illud
1119 3518 1358 3589 Apostoli
1406 3523 1609 3576 dictum
1657 3524 1972 3596 intelligere,
2029 3543 2124 3584 eos

574 3605 831 3660 nimirum
875 3608 965 3676 qui
1015 3607 1180 3663 Deum
1223 3625 1334 3665 non
1381 3624 1766 3683 cognoverant,
1818 3619 2126 3688 ignominiaa

573 3698 919 3768 passionibus
943 3701 1172 3756 traditos
1193 3717 1335 3769 esse,
1352 3711 1407 3758 et
1432 3703 1740 3762 induratum
1769 3723 1798 3762 a
1821 3706 1930 3765 Deo
1955 3709 2126 3768 fuisse

574 3799 862 3862 tyrannum
905 3791 1240 3863 Egyptium,
1297 3810 1406 3850 non
1460 3798 1590 3867 quia
1636 3799 1819 3854 divina
1870 3802 2125 3859 voluntas

573 3881 828 3938 duritiem
870 3883 925 3938 in
957 3884 1196 3939 animum
1226 3885 1345 3954 ejus
1393 3887 1691 3954 induxerit,
1729 3893 1823 3948 sed
1853 3895 1979 3964 quia
2002 3910 2124 3950 cum

573 3972 690 4043 ipse
709 3973 901 4029 vitiose
920 3975 1098 4030 vivere
1120 3977 1396 4044 maluerit,
1446 3994 1554 4034 non
1587 3984 1829 4053 suscepit
1857 3985 2125 4042 rationem

573 4079 681 4132 qua
721 4063 1034 4120 induratum
1073 4066 1130 4120 in
1163 4067 1294 4122 vitio
1331 4083 1428 4122 cor
1461 4071 1822 4139 permollitur.
1859 4073 1949 4130 Sic
1974 4077 2125 4147 virga

574 4171 792 4226 quoque
839 4155 1011 4228 Moysi
1059 4173 1328 4228 apparens
1376 4161 1429 4214 in
1481 4160 1745 4234 Egypto,
1797 4163 2052 4223 Hebraeos
2096 4185 2126 4224 a

575 4244 724 4298 ranis
767 4246 1010 4310 mundat,
1045 4245 1327 4318 Egyptios
1369 4249 1518 4305 ranis
1554 4253 1747 4322 replet.
1781 4253 1980 4310 Verum
2003 4274 2124 4312 cum

574 4337 736 4390 etiam
770 4352 867 4406 pro
890 4337 1158 4408 ZEgyptiis
1186 4356 1378 4396 manus
1401 4341 1613 4414 Moyses
1645 4348 1971 4414 extendcrit,
1998 4359 2126 4406 tunc

654 4423 757 4494 ipsi
794 4425 860 4479 ab
907 4425 1282 4524 hujuscemodi
1317 4431 1621 4488 abominato
1654 4450 1904 4491 ranarum
1936 4443 2124 4496 morbo
2157 4470 2198 4524 υ

575 4509 896 4568 liberantur.
931 4512 1085 4579 Quod
1119 4514 1193 4569 ita
1235 4515 1347 4572 fieri
1389 4519 1632 4577 videmus
1662 4523 1713 4576 in
1746 4523 1846 4580 hac
1886 4529 2122 4585 universi

576 4604 789 4672 generis
833 4604 1110 4659 hominum
1155 4623 1185 4660 a
1230 4609 1446 4665 diabolo
1485 4612 1839 4682 liberatione;
1876 4634 1999 4672 nam
2033 4621 2126 4689 qui

579 4697 759 4764 pravis
792 4698 1199 4766 cupiditatibus,
1251 4704 1406 4772 quasi
1451 4704 1599 4757 ranis
1648 4706 1940 4764 immundis
1973 4712 2125 4767 tabe-

577 4795 756 4849 scunt,
777 4789 820 4843 si
853 4790 918 4842 ad
945 4804 1128 4844 verum
1153 4791 1509 4862 legislatorem
1529 4797 1797 4852 Christum
1821 4804 2128 4870 aspexerint

577 4885 632 4932 et
662 4895 782 4932 eum
808 4896 999 4936 manus
1025 4881 1077 4934 in
1106 4897 1268 4937 cruce
1290 4887 1596 4942 extendisse
1621 4905 1748 4944 vere
1778 4893 2125 4959 crediderint,

579 4967 738 5022 facile
767 4985 795 5022 a
836 4971 1234 5028 cobabitatione
1267 4990 1517 5032 ranarum
1548 4979 1868 5048 liberantur,
1902 4989 2128 5042 mortifi-

498 5127 502 5132 _
578 5063 703 5114 c‘ato
739 5062 928 5116 morbo
963 5063 1273 5131 hujusmodi
1317 5081 1380 5122 ac
1410 5071 1730 5139 putrefacto.
1762 5075 1972 5148 Quippe
2002 5095 2124 5135 cum

579 5153 840 5208 liberatus
887 5154 956 5208 ab
1001 5155 1086 5210 bis
1138 5161 1320 5227 parvis
1363 5163 1754 5232 cupiditatibus
1807 5169 1969 5225 homo
2035 5173 2128 5236 sit,

577 5251 742 5313 atque
764 5243 864 5299 bos
885 5248 1229 5315 serpentinos
1253 5252 1419 5305 animi
1444 5263 1620 5310 motu‘s
1641 5258 1862 5313 omnino
1889 5261 2129 5330 ejecerit,

579 5339 712 5388 tunc
747 5335 1091 5402 delictorum,
1133 5354 1252 5409 quae
1303 5342 1560 5411 pestifera
1611 5348 1908 5415 cupiditate
1951 5351 2130 5408 victus

579 5426 950 5492 commiserat,
985 5429 1181 5485 acerba
1208 5433 1436 5487 nimium
1471 5450 1534 5491 ac
1565 5435 1730 5492 fetida
1771 5440 1843 5494 sit
1878 5443 2132 5497 recorda-

581 5515 680 5582 tio,
733 5519 1154 5578 amaritudinem
1187 5539 1254 5579 ex
1295 5526 1498 5597 pudore
1544 5529 1809 5601 ingentem
1860 5533 2121 5601 inferens,

583 5616 642 5661 ut
665 5609 732 5665 ad
749 5626 844 5668 eos
865 5613 1156 5686 Apostolus
1190 5619 1286 5688 ait,
1309 5620 1402 5692 qui
1431 5622 1711 5695 repudiata
1739 5627 1878 5683 male
1908 5627 2121 5684 vivendi

653 5812 696 5844 ”
729 5811 880 5870 Rom.
916 5833 952 5880 ι,
983 5818 1044 5872 21
1072 5835 1190 5889 sqq.

2287 2330 2382 2393 Τίς
2413 2326 2504 2384 οὖν
2536 2330 2887 2403 παραδίδοται
2916 2329 2993 2401 τῷ
3015 2329 3175 2384 πάθει
3203 2329 3305 2399 τῆς
3329 2326 3577 2399 ἀτιμίας,
3605 2328 3762 2398 σαφῶς

2216 2418 2332 2474 ἔστι
2363 2419 2514 2494 παρὰ
2539 2422 2632 2475 τοῦ
2673 2421 2994 2475 Ἀποστόλου
3034 2421 3258 2491 μαθεῖν’
3297 2423 3325 2474 ό
3371 2421 3446 2492 μὴ
3489 2420 3762 2492 δοκιμάσας

2215 2509 2306 2563 τὸν
2329 2509 2459 2564 Θεὸν
2492 2511 2632 2581 ἔχειν
2675 2513 2732 2564 ἐν
2766 2510 3058 2578 ἐπιγνώσει
3083 2551 3098 2574 ,
3157 2511 3215 2564 ὃν
3243 2512 3345 2564 ούκ
3377 2510 3708 2582 ἀμυνόμενος
3739 2513 3763 2564 ὁ

2216 2599 2348 2664 Θεὸς
2375 2601 2462 2654 διὰ
2489 2603 2551 2654 τὸ
2591 2602 2664 2672 μὴ
2691 2600 3090 2670 ἐπιγνωσθῆναι
3111 2599 3240 2653 Θεὸν
3265 2595 3403 2654 εἶναι
3433 2598 3580 2669 παρ’.
3599 2599 3760 2666 αὐτοῦ,

2220 2697 2546 2768 παραδίδωσι
2583 2697 2659 2768 τῷ
2687 2696 2868 2750 πάθει.
2909 2696 3068 2750 Ἀλλά
3097 2694 3161 2766 δὴ
3180 2695 3242 2748 τὸ
3273 2695 3348 2766 μὴ
3371 2693 3664 2762 ἐπιγνῶναι
3688 2698 3765 2747 τὸν

2217 2789 2368 2852 Θεὸν,
2396 2790 2565 2842 αἴτιον
2615 2787 2760 2859 αύτῷ
2803 2787 3012 2856 γίνεται
3055 2785 3147 2839 τοῦ
3191 2788 3274 2849 είς
3313 2786 3404 2839 τὸν
3444 2785 3663 2856 ἐμπαθῆ
3689 2785 3766 2838 καὶ

2218 2881 2411 2952 ἄτιμον
2441 2880 2555 2951 βίον
2579 2883 2970 2951 κατασυρῆναι.
2999 2878 3208 2949 Ὥσπερ
3233 2876 3342 2949 γὰρ
3364 2877 3418 2930 εῐ
3439 2893 3588 2940 τινος
3615 2876 3765 2930 είπόνο

2216 2990 2324 3035 τος,
2359 2973 2441 3025 ὅτι
2471 2971 2546 3042 μὴ
2585 2971 2768 3042 ὀφθεὶς
2795 2974 2824 3026 6
2847 2972 2996 3042 ἥλιος
3016 2970 3109 3025 τὸν
3133 2970 3281 3024 δεῖνα
3310 2969 3388 3040 τῷ
3423 2969 3604 3041 βόθρῳ
3639 2970 3768 3042 ἐνέρ-

2223 3067 2396 3137 ριψεν,
2445 3066 2505 3117 ού
2556 3063 2712 3118 τοῦτο
2755 3062 3098 3135 λογιζόμεθα,
3140 3063 3221 3116 ὅτι
3265 3063 3401 3133 ὀργῇ
3449 3061 3767 3132 χρώμενοςό

2224 3158 2446 3227 φωστὴρ
2471 3157 2561 3210 τὸν
2589 3155 2662 3227 μὴ
2693 3155 3022 3226 βουληθέντα
3053 3153 3188 3225 πρὸς
3210 3153 3370 3207 αὐτὸν
3404 3152 3556 3219 ίδεῖν,
3587 3153 3673 3204 ἐπὶ
3690 3152 3768 3205 τὸν

2226 3248 2413 3320 βόθρον
2468 3247 2754 3312 ἀπώσατο,
2799 3247 2913 3301 ἀλλ’
2957 3245 3128 3310 οὕτως
3170 3245 3237 3300 ἂν
3279 3246 3340 3299 τὸ
3381 3244 3548 3317 ῥηθὲν
3579 3244 3767 3316 νοηθείη

2223 3338 2362 3391 κατὰ
2393 3337 2454 3391 τὸ
2476 3336 2713 3405 εὔλογον,
2743 3338 2824 3390 ὅτι
2855 3335 2916 3388 τὸ
2947 3336 3022 3406 μὴ
3071 3334 3315 3406 μετέχειν
3340 3334 3432 3387 τοῦ
3466 3334 3660 3404 φωτὸς,
3689 3335 3763 3387 σί-

2221 3450 2334 3486 τιον
2358 3433 2435 3504 τῷ
2468 3432 2541 3504 μὴ
2573 3432 2820 3501 βλέποντι
2861 3430 2961 3500 τῆς
2993 3431 3074 3492 είς
3100 3429 3190 3483 τὸν
3238 3427 3428 3501 βόθρον
3468 3428 3589 3481 ἐστὶ
3625 3442 3772 3480 καταο

2223 3523 2498 3587 πτώσεως·
2521 3523 2692 3586 οὓτως
2732 3523 2925 3591 εὐαγὲς
2956 3521 3022 3574 ἂν
3063 3521 3147 3591 εῐη
3181 3521 3274 3573 καὶ
3301 3521 3360 3573 τὸ
3390 3519 3490 3573 τοῦ
3541 3518 3772 3572 Ἀποστά-

2223 3615 2314 3670 λου
2343 3619 2500 3681 νοεῖν,
2534 3615 2594 3669 τὸ
2622 3615 2748 3676 τοὺς
2791 3613 2867 3684 μὴ
2901 3612 3222 3680 ἐπιγνόντας
3253 3612 3344 3665 τὸν
3374 3610 3510 3664 Θεὸν
3550 3613 3658 3673 τοῖς
3690 3612 3771 3679 τῆς

2224 3708 2442 3778 ἀτιμίας
2467 3706 2761 3760 ἐκδίδοσθαι
2791 3703 3007 3769 πάθεσι,
3033 3704 3127 3757 καὶ
3157 3704 3218 3756 τὺ
3245 3702 3609 3774 ἐσκληρύνθαι
3644 3703 3772 3771 παρά

2223 3800 2314 3853 τοῦ
2344 3798 2476 3852 Θεοῦ
2507 3797 2599 3850 τόν
2644 3796 2937 3865 Αίγύπτιον
2969 3794 3254 3866 τύραννον·
3281 3795 3379 3864 ούχ
3406 3794 3487 3856 ὼς
3526 3793 3623 3864 τὴν
3647 3794 3772 3845 ἀντι-

2222 3890 2419 3943 τυπίαν
2465 3891 2522 3942 ἐν
2552 3890 2618 3958 τῇ
2651 3887 2793 3957 ψυχῇ
2828 3884 2922 3939 τοῦ
2954 3885 3150 3956 Φαραὼ
3184 3885 3283 3954 τῆς
3314 3884 3465 3942 θείας
3490 3883 3773 3954 βουλήσεως

2225 3981 2554 4052 ἐντιθείσης,
2590 3979 2702 4032 ἀλλ’
2729 3979 2804 4042 ὼς
2835 3978 2936 4048 τῆς
2973 3977 3342 4048 προαιρέσεως
3391 3976 3483 4030 διὰ
3525 3977 3624 4046 τῆς
3659 3975 3773 4044 πρὸς

2224 4077 2320 4146 τὴν
2354 4073 2545 4127 κακίαν
2585 4071 2952 4142 προσκλίσεως
2986 4071 3075 4123 τὸν
3109 4070 3523 4139 ὲκμαλάσσοντα
3573 4071 3668 4138 τὴν
3695 4069 3774 4120 ἀν·

2223 4167 2475 4220 τιτυπίαν
2499 4165 2654 4232 λόγον
2688 4164 2747 4218 ού
2772 4163 3086 4233 δεχομένης.
3117 4162 3271 4214 Οὕτω
3297 4162 3389 4216 καὶ
3408 4164 3441 4232 ὴ
3471 4163 3572 4232 τῆς
3595 4159 3773 4231 ἀρετῆς

2226 4257 2415 4329 ῥάϐδος
2436 4258 2492 4309 ἐν
2518 4257 2629 4319 τοῖς
2655 4253 2972 4322 Αἰγυπτίοις
3011 4255 3259 4320 φανεῖσα,
3286 4253 3376 4306 τὸν
3409 4254 3511 4323 μὲν
3548 4253 3774 4323 Ἐὁραῖον

2226 4345 2461 4416 καθαρὸν
2485 4344 2585 4413 τῆς
2611 4343 2705 4413 βατ
2717 4341 2988 4412 ραχώδους
3023 4340 3166 4411 ζωῆς
3194 4338 3590 4409 ἀπεργάζεται·
3618 4339 3703 4390 τὸν
3727 4337 3774 4390 δέ

2225 4437 2520 4507 Αίγύπτιον
2555 4434 2666 4505 βίον
2717 4434 2896 4504 πλήρη
2936 4433 3036 4502 τῆς
3067 4431 3318 4501 τοιαύτης
3352 4430 3593 4482 δείκνυσι
3618 4429 3772 4482 νόσου.

2240 4530 2376 4584 Ἀλλ’
2403 4528 2511 4582 ἐσθ’
2533 4530 2620 4582 ὅτε
2653 4526 2744 4580 τοῦ
2769 4525 3009 4587 Μωσέως
3038 4525 3130 4578 καὶ
3161 4524 3297 4593 ὑπὲρ
3331 4523 3538 4575 τούτων
3564 4524 3659 4583 τὰς
3685 4521 3773 4590 χεῖ-

2232 4640 2328 4694 ρας
2356 4621 2708 4681 ὲκτείναντος,
2756 4613 3061 4686 ἀφανισμὺς
3099 4613 3209 4668 τῶν
3256 4613 3545 4684 βατράχων
3569 4614 3772 4681 γίνεται.

2236 4712 2302 4767 Ὃ
2327 4712 2390 4781 δὴ
2434 4711 2525 4762 καὶ
2560 4708 2654 4761 νύν
2696 4707 2810 4760 ἔστι
2851 4706 3053 4774 γνῶναι
3095 4703 3397 4773 γινόμενον.
3450 4705 3516 4755 0i
3554 4703 3659 4772 γὰρ
3694 4703 3774 4770 τὴν

2232 4805 2451 4858 ἔκτασιν
2490 4801 2596 4853 τῶν
2645 4799 2839 4870 χειρῶν
2881 4796 2975 4849 τοῦ
3030 4794 3317 4865 νομοθέτου
3361 4797 3774 4864 κατανοήσαντες

2234 4896 2252 4966 (
2276 4897 2520 4964 συνήσεις
2540 4893 2598 4946 δὲ
2627 4893 2862 4956 πάντως,
2885 4892 2966 4943 ὅτι
2993 4890 3076 4942 σοὶ
3103 4889 3249 4957 λέγει
3278 4889 3338 4940 τὸ
3375 4888 3629 4958 αἴνιγμα*
3657 4888 3774 4938 ὥστε

2232 4987 2420 5057 νοῆσαι
2454 4984 2542 5037 διὰ
2587 4984 2682 5054 μὲν
2710 4981 2804 5034 τοῦ
2849 4980 3139 5051 νομοθέτου
3168 4979 3258 5031 τὸν
3286 4978 3540 5048 ἀληθινὸν
3579 4977 3778 5046 νομοθέ-

2230 5096 2348 5149 την,
2394 5077 2482 5130 διά
2517 5077 2574 5129 δὲ
2608 5077 2705 5146 τῆς
2739 5075 2844 5128 τῶν
2887 5073 3082 5144 χειρῶν
3125 5076 3419 5134 ἐκτάσεως,
3451 5072 3546 5124 τὸν
3584 5072 3673 5125 ἐπὶ
3701 5068 3774 5120 τοῦ

2229 5169 2462 5241 σταυροῦ
2505 5168 2606 5230 τὰς
2665 5169 2851 5238 χεῖρας
2908 5164 3292 5230 ἐκτείναντα),
3339 5165 3390 5216 οἱ
3433 5162 3617 5215 τοίνυν
3663 5160 3776 5229 πρός

2225 5261 2402 5330 ὀλίγον
2432 5263 2542 5323 τοῖς
2587 5261 2848 5330 ῥυπαροῖς
2880 5257 3086 5320 τούτοις
3125 5257 3217 5308 καὶ
3247 5253 3619 5326 βατραχώδεσι
3653 5252 3778 5316 λογι·

2229 5356 2384 5423 σμοῖς
2426 5351 2709 5415 συζῶντες,
2740 5353 2788 5402 εί
2815 5349 2945 5420 πρὸς
2967 5349 3058 5402 τὸν
3101 5349 3238 5417 ὑπὲρ
3269 5347 3424 5418 ήμῶν
3449 5347 3550 5410 τὰς
3587 5348 3774 5416 χεῖρας.

2224 5442 2536 5495 ἐκτείναντα
2562 5439 2738 5492 ἴδοιεν·
2773 5438 3205 5492 ἀπαλλάσσονται
3232 5436 3326 5506 τῆς
3348 5437 3592 5506 πονηρᾶς
3619 5431 3778 5487 αὐτῶν

2228 5534 2446 5603 συνοική
2454 5532 2973 5604 σεως,νεκρωθέντος
2981 5531 3075 5586 τοῦ
3091 5530 3292 5592 πάθους
3308 5531 3398 5583 καὶ
3409 5529 3772 5593 ἀποζέσαντος.

2240 5624 2476 5698 Ἀληθῶς
2503 5625 2610 5696 γὰρ
2633 5627 2746 5690 τοῖς
2762 5623 3200 5696 ἀπηλλαγμένοις
3226 5621 3324 5693 τῆς
3345 5618 3604 5691 τοιαύτης
3618 5620 3776 5679 νόσου.
