3982 6514
271 434 369 490 549

1580 440 1669 497 ΒΕ
1704 439 1863 498 γιΤΑ
1901 441 2171 501 MOYSIS.

3381 451 3486 505 350

269 556 406 629 μετὰ
426 555 525 627 τὴν
551 554 813 626 νέκρωσιν
840 554 946 609 τῶν
974 555 1313 627 ἐρπυστικῶν
1340 555 1681 628 κινημάτων,
1705 556 1832 610 ἄτο-

1939 557 2335 615 consuetudine
2361 560 2616 615 virtutem
2649 562 2914 631 complexi
2943 569 3070 618 sunt
3092 576 3107 614 :
3126 561 3297 629 Quem
3324 561 3492 633 igitur

270 651 366 713 πός
394 664 481 711 τις
516 649 608 703 καὶ
648 642 889 718 δυσώδης
917 649 951 719 ὴ
986 647 1093 702 τῶν
1128 648 1582 719 προϐεϐιωμένων
1610 648 1822 717 γίνεται

267 743 477 813 μνήμη,
519 739 586 793 δι’
628 738 888 810 αἰσχύνης
926 740 1026 812 τὴν
1063 740 1241 811 ψυχὴν
1271 741 1597 812 ἀηδίζουσα,
1643 739 1824 802 καθώς

267 850 428 903 φησιν
481 834 510 887 ό
569 832 885 895 Ἀπόστολος
928 832 1065 903 πρὸς
1100 834 1226 896 τοὺς
1262 833 1325 885 ἐκ
1372 832 1472 902 τῆς
1514 830 1608 886 τοῦ
1652 828 1821 885 κακοῦ

265 926 567 998 μεταὸολῆς
592 926 691 996 τὴν
720 924 915 996 ἀρετὴν
956 924 1252 995 μετιόντας·
1285 924 1366 976 ὅτι
1405 923 1538 977 Τίνα
1565 917 1657 976 οὖν
1684 938 1821 992 καρ-

265 1019 369 1071 πὺν
395 1018 563 1087 εἴχετε
590 1016 732 1081 τότε,
762 1017 844 1085 ἐφ’
871 1009 952 1078 οἷς
974 1015 1067 1069 νῦν
1097 1013 1521 1084 ἐπαισχύνεσθε;
1546 1014 1700 1067 Κατὰ
1720 1012 1819 1082 τὴν

1927 647 2167 704 fructum
2201 650 2257 705 in
2288 650 2377 705 his
2401 651 2705 718 habebatis,
2734 668 2964 723 quorum
2998 670 3143 709 nunc
3169 669 3266 709 vos
3294 654 3494 724 pudet?

1926 738 2041 795 Hoc
2064 750 2225 815 pacto
2256 742 2420 798 etiam
2460 743 2701 815 intelligc
2734 761 2828 815 per
2870 746 3077 817 virgam
3122 746 3294 817 Moysi
3326 745 3467 817 Egy

1926 830 2055 901 ptiis
2100 833 2317 902 quidem
2368 843 2548 888 atrum
2575 844 2630 890 et
2652 836 3010 891 tenebrosum
3058 852 3184 891 aera
3212 853 3336 893 esse
3367 852 3493 891 con-

1925 920 2124 977 fectum
2157 943 2169 979 :
2199 924 2439 982 Hebraeis
2474 942 2602 982 vero
2632 929 2884 984 eumdem
2938 931 3129 986 eodem
3160 933 3217 986 in
3248 940 3492 1002 tempore

1927 1022 2088 1084 atque
2131 1017 2252 1073 loco
2285 1019 2453 1076 radiis
2488 1020 2787 1078 refulsisse.

265 1111 500 1164 διάνοιαν
534 1111 730 1181 ταύτην
770 1110 879 1163 νόει
914 1126 1001 1179 μοι
1031 1107 1237 1161 καὶτὸν
1264 1106 1400 1178 άέρα
1433 1107 1520 1160 διὰ
1546 1108 1644 1176 τῆς
1699 1102 1915 1176 ῥάϐδου,
1964 1110 2077 1172 τοῖς
2141 1111 2239 1181 μὲν
2292 1112 2401 1167 τῶν
2462 1116 2771 1184 Αἰγυπτίων
2835 1119 3125 1191 ὀφθαλμοῖς
3181 1121 3493 1193 μελαινόμε-

266 1220 376 1266 νον,
417 1204 507 1255 ὲπὶ
533 1202 589 1255 δέ
615 1201 721 1255 τῶν
761 1199 1025 1271 Ἐΰραίων
1047 1196 1124 1268 τῷ
1155 1197 1287 1269 ήλίῳ
1315 1197 1824 1268 καταλαμπόμενον.

354 1297 430 1349 Δι’
451 1287 511 1349 οῦ
540 1294 771 1365 μάλιστα
800 1291 1107 1363 βεϐαιοῦται
1125 1293 1223 1361 τῆς
1235 1289 1830 1361 άποδοθείσηςδιανοίας

266 1388 295 1441 ὁ
338 1388 514 1455 λόγος·
555 1387 634 1439 ὅτι
666 1386 765 1438 ούκ
815 1383 1017 1438 ἄνωθέν
1059 1399 1142 1446 τις
1190 1382 1563 1453 ἀναγκαστικὴ
1603 1381 1827 1452 δύναμις

265 1478 357 1530 τὸν
394 1478 489 1547 μὲν
519 1478 575 1528 ἐν
606 1474 773 1544 ζόφῳ,
798 1474 887 1527 τὸν
915 1473 970 1525 δὲ
995 1474 1052 1525 ἐν
1082 1472 1217 1541 φωτί
1238 1472 1489 1540 γενέσθαι
1513 1488 1829 1541 παρασκευ-

265 1569 384 1632 άζει
410 1608 424 1631 ,
454 1567 567 1620 ἀλλ’
603 1565 811 1619 οἴκοθεν
839 1564 1031 1635 ἔχομεν
1059 1565 1116 1616 ἐν
1145 1565 1209 1633 τῇ
1237 1562 1443 1615 ἑαυτῶν
1469 1564 1625 1631 φύσει
1647 1579 1704 1614 τε
1736 1563 1829 1615 καὶ

265 1659 583 1731 προαιρέσει
614 1658 710 1720 τὰς
742 1656 835 1709 τοῦ
862 1655 1035 1724 φωτός
1064 1671 1121 1707 τε
1164 1655 1254 1707 καὶ
1305 1654 1526 1715 σκότους
1567 1653 1746 1715 αἰτίας
1779 1654 1827 1705 οἰ

240 1742 565 1823 ἂνθρωποι,
597 1749 733 1820 πρὸς
763 1749 896 1819 ὅπερ
930 1746 994 1799 ἂν
1031 1746 1301 1814 ἐθέλωμεν
1345 1744 1565 1809 τούτων,
1615 1744 1830 1814 γινόμε-

2002 1283 2183 1350 Quare
2233 1289 2505 1345 sententia
2548 1300 2737 1348 nostra
2793 1294 3029 1349 maxime
3083 1300 3490 1368 comprobatur,

1934 1378 2079 1446 quod
2101 1378 2311 1435 scilicet
2332 1396 2441 1435 non
2470 1397 2670 1453 cogens
2694 1384 2940 1454 quaedam
2964 1387 3225 1443 divinitus
3250 1391 3332 1445 vis
3357 1393 3493 1448 alios

1930 1468 2209 1524 hominum
2239 1472 2295 1527 in
2329 1474 2567 1528 tenebris
2601 1476 2871 1545 cespitare
2907 1476 3056 1542 facit,
3096 1479 3234 1535 alios
3265 1480 3317 1534 in
3346 1483 3495 1537 clara

1930 1561 2053 1616 luce
2096 1564 2323 1628 versari,
2367 1566 2462 1619 sed
2494 1564 2548 1619 in
2579 1566 2738 1622 nobis
2782 1568 2916 1638 ipsis
2948 1579 3108 1639 atque
3137 1572 3492 1641 intrinsecus,

1932 1652 1989 1706 in
2023 1662 2211 1708 nostra
2248 1662 2539 1723 potestate,
2582 1656 2881 1721 voluntate,
2910 1659 3192 1724 electione,
3229 1664 3484 1717 tenebra-

1932 1758 2054 1797 rum
2088 1758 2152 1798 ac
2190 1744 2328 1800 lucis
2363 1760 2559 1801 causas
2584 1746 2831 1803 homines
2861 1751 3225 1819 possidemus,
3258 1763 3316 1808 ut
3346 1770 3493 1809 nunc

266 1863 367 1898 νοι.
400 1845 506 1896 Καὶ
534 1843 662 1913 γὰρ,
691 1841 825 1892 κατὰ
848 1840 945 1909 τήν
975 1836 1230 1909 ἱστορίαν,
1258 1837 1318 1889 ού
1348 1836 1434 1890 διά
1457 1853 1602 1897 τινος
1626 1837 1832 1905 τείχους

1934 1833 2200 1902 videntes,
2234 1851 2380 1890 nunc
2414 1838 2566 1901 caeci,
2596 1846 2757 1907 prout
2791 1841 3062 1904 volumus,
3096 1854 3242 1899 certe
3279 1846 3491 1901 fiamus.

267 1938 302 2008 ἢ
337 1937 494 2007 ὅρους
526 1932 979 2004 ἐπιπροσθοῦντος
1007 1929 1104 1992 τὰς
1133 1928 1283 1998 ὄψεις
1303 1968 1317 1993 ,
1353 1930 1446 1981 καὶ
1481 1928 1577 1992 τὰς
1611 1929 1833 1992 ἀκτῖνας

267 2024 751 2087 ἀποσκευάζοντος,
777 2023 826 2076 οἱ
857 2021 954 2091 μὲν
988 2019 1226 2091 Ἑϐραῖοι
1253 2018 1346 2072 τοῦ
1373 2019 1548 2089 φωτὸς
1572 2019 1833 2090 κατετρύο

269 2138 406 2191 φωνο
439 2121 487 2172 οἰ
508 2118 564 2170 δὲ
590 2116 927 2187 ἀναισθήτως
954 2110 1097 2184 εἶχον
1122 2114 1221 2183 τῆς
1248 2112 1470 2183 χάριτος
1493 2128 1505 2142 ⁸
1533 2110 1676 2165 οὕτω
1699 2113 1830 2165 πᾶσι

268 2211 414 2266 κατὰ
440 2210 499 2263 τὸ
524 2207 637 2262 ἶσον
668 2208 760 2260 τοῦ
804 2206 1064 2277 φωτεινοῦ
1106 2205 1221 2276 βίου
1257 2204 1374 2258 κατ’
1417 2204 1665 2268 ἐξουσίαν
1698 2220 1832 2273 προ-

268 2302 543 2374 κειμένου·
581 2302 629 2354 οἰ
678 2299 774 2371 μὲν
808 2300 865 2351 ἐν
902 2299 1079 2351 σκότει
1120 2295 1563 2367 διαπορεύονται,
1611 2294 1700 2348 διὰ
1727 2295 1834 2349 τῶν

266 2393 523 2465 πονηρῶν
552 2390 992 2461 ἐπιτηδευμάτων
1024 2386 1158 2459 πρὸς
1200 2387 1291 2440 τὸν
1321 2386 1420 2456 τῆς
1452 2387 1646 2450 κακίας
1676 2386 1833 2455 ζόφον

269 2488 735 2555 συνελαυνόμενον
788 2484 837 2535 οἰ
870 2482 927 2536 δὲ
974 2479 1053 2551 τῷ
1090 2480 1229 2550 φωτὶ
1260 2480 1358 2550 τῆς
1389 2480 1589 2550 ἀρετῆς
1637 2478 1835 2549 ἐλλαμ-

268 2579 584 2651 πρύνονται.
617 2578 679 2629 El
700 2575 757 2629 δὲ
792 2573 929 2645 μετὰ
970 2572 1068 2643 τὴν
1108 2572 1400 2643 τριήμερον
1427 2573 1483 2624 ἐν
1531 2572 1702 2642 σκότῳ
1734 2589 1834 2624 κα·-

268 2671 566 2726 κοπάθειαν
596 2669 802 2738 γίνεται
835 2665 924 2719 καὶ
956 2668 1070 2728 τοῖς
1102 2663 1420 2732 Αἰγυπτίοις
1448 2666 1481 2734 ἡ
1525 2662 1620 2716 τοῦ
1658 2663 1834 2733 φωτὸς

276 2763 540 2836 μετουσία
563 2779 576 2791 ·
613 2760 753 2829 τάχα
800 2776 885 2822 τις
915 2757 1021 2811 ἀπὸ
1065 2756 1267 2809 τούτων
1299 2753 1616 2827 ὁρμώμενος
1637 2795 1652 2820 ,
1698 2755 1834 2826 πρὸς

266 2856 369 2927 τὴν
424 2854 531 2907 ἀπὸ
574 2851 773 2915 κακίας
822 2849 956 2921 πρὸς
1008 2846 1206 2919 ἀρετὴν
1250 2846 1315 2900 δι’
1353 2844 1695 2914 ἐπιγνώσεως
1738 2845 1833 2898 τοῦ

271 2945 675 3016 σταυρωθέντος
718 2941 813 2996 καὶ
858 2939 1141 3012 μετανοίας
1188 2939 1515 3010 μετάστασιν
1559 2937 1667 2991 τῶν
1706 2937 1834 3008 πρὶν

270 3039 418 3095 κατὰ
444 3038 531 3091 τὸν
575 3036 686 3108 βίον
719 3032 1187 3102 Αἰγυπτιαζόντων
1216 3031 1411 3099 ἀγάγοι
1443 3028 1505 3082 τὸ
1532 3029 1727 3100 νόημα.
1762 3027 1835 3081 Τὸ

267 3131 383 3202 γὰρ
408 3126 723 3200 ψηλαφητὸν
751 3125 924 3179 ἐκεῖνο
956 3122 1164 3186 σκότος,
1194 3119 1374 3183 καθώς
1408 3136 1571 3190 φησιν
1611 3120 1645 3189 ή
1698 3118 1836 3169 ἰστο-

1931 1925 2067 1981 Nam
2117 1928 2279 1982 etiam
2329 1929 2626 1983 secundum
2684 1929 2964 1985 historiam
3010 1948 3117 1987 non
3166 1936 3327 2001 muri,
3384 1953 3495 1993 non

1932 2028 2163 2085 montes,
2205 2036 2315 2075 non
2353 2020 2459 2075 alia
2497 2005 2808 2091 liujusmodi
2840 2023 3111 2095 ngyptiis
3154 2028 3337 2083 radios
3362 2030 3495 2085 solis

1933 2108 2270 2173 auferebant,
2312 2109 2409 2164 sed
2450 2111 2736 2181 aequaliter
2763 2112 2982 2182 quidem
3018 2116 3132 2169 sole
3159 2119 3340 2171 omnia
3375 2132 3497 2188 per-

1932 2199 2224 2267 lustrante,
2253 2198 2427 2257 Judaei
2466 2204 2587 2258 luce
2614 2204 2721 2259 diei
2754 2204 3096 2271 fruebantur,
3130 2208 3370 2280 Egyptii
3395 2227 3497 2264 au-

1932 2299 2041 2346 tem
2064 2291 2249 2348 videre
2268 2308 2377 2347 non
2397 2301 2666 2362 poterant.
2687 2294 2778 2349 Sic
2806 2296 3080 2351 luculenta
3109 2301 3498 2372 splendidaque

1931 2382 2019 2438 via
2057 2383 2275 2439 virtutis
2305 2385 2585 2454 aequaliter
2621 2387 2873 2441 omnibus
2907 2393 3204 2458 proposita,
3233 2392 3325 2444 alii
3359 2393 3499 2447 male

1933 2472 2141 2544 agendo
2182 2475 2437 2529 vitiorum
2480 2476 2721 2532 tenebris
2751 2476 3118 2544 obcaecantur,
3154 2481 3246 2534 alit
3279 2482 3498 2539 virtutis

1932 2566 2135 2621 lumine
2160 2566 2527 2637 resplendent.
2552 2567 2707 2633 Quod
2738 2569 2784 2624 si
2807 2578 3094 2641 postquam
3121 2572 3302 2628 triduo
3337 2574 3499 2646 Egy-

1932 2657 2029 2728 ptii
2060 2659 2298 2714 tenebris
2344 2659 2697 2724 laborarunt,
2731 2661 2953 2718 luminis
2992 2662 3127 2718 fiunt
3168 2667 3496 2737 participes,

1931 2752 2127 2822 poterit
2154 2753 2313 2807 etiam
2357 2753 2606 2809 .fortasse
2648 2754 2890 2809 historia:
2944 2771 3140 2813 sensus
3196 2758 3263 2813 ad
3308 2774 3497 2814 eorum

1933 2843 2223 2899 transitum
2248 2843 2465 2909 referri,
2488 2845 2582 2915 qui
2612 2860 2733 2900 cum
2763 2854 2923 2903 antea
2949 2846 3325 2920 AEgyptiorum
3348 2865 3500 2906 more

1933 2936 2201 3001 viverent,
2238 2937 2305 2991 ad
2350 2937 2614 3014 virtutem
2641 2954 2672 2992 a
2712 2939 2841 2995 vitio
2871 2955 2968 3011 per
3010 2943 3340 3012 agnitionem
3372 2958 3501 2997 cru-

1938 3029 2105 3094 cifixi,
2143 3039 2307 3101 atque
2353 3030 2421 3086 ad
2465 3032 2840 3102 paenitentiam
2892 3040 3020 3089 sunt
3061 3034 3314 3097 traducti,
3358 3051 3498 3105 prae-

1938 3122 2127 3179 sertim
2195 3138 2317 3178 cum
2358 3124 2655 3195 palpaliiles
2695 3125 2798 3180 illae
2852 3125 3088 3179 tenebrae
3134 3133 3243 3180 tam
3298 3127 3499 3194 verbo,

272 3174 389 3294 ἐλά..
784 3174 1021 3283 Ῠάγνοίας
1035 3174 1041 3175 7
1053 3174 1164 3265 καὶ,
1182 3174 1454 3281 ἁμαρτίας
1470 3174 1679 3269 ’σκότός
1710 3206 1832 3258 πολ·

1938 3174 2127 3179 --ηπ
2201 3174 2317 3178 --π
2358 3174 2652 3195 ,ψρηηη
2695 3174 2796 3180 ---η
2857 3174 3087 3179 mm---
3136 3174 3243 3180 η---
3311 3174 3499 3194 ---_-,

1939 3227 2102 3284 quam
2138 3227 2303 3268 sensu
2337 3214 2546 3283 peccati
2569 3222 2732 3285 atque
2752 3215 3071 3286 ignorantiae
3097 3217 3336 3272 tenebris
3365 3233 3500 3272 con-

266 3313 370 3385 λὴν
394 3312 450 3365 ἐν
472 3328 531 3364 τε
566 3308 643 3380 τῷ
678 3308 876 3379 ῥήματι
909 3305 1002 3359 καὶ
1030 3302 1108 3374 τῷ
1136 3303 1363 3373 νοήματι
1388 3299 1485 3371 τὴν
1520 3296 1837 3367 συγγένειαν

268 3404 407 3473 ἔχει.
451 3400 649 3456 Λύεται
680 3397 734 3450 δέ
765 3395 967 3450 τούτων
999 3393 1278 3463 ἑκάτερον,
1316 3389 1409 3443 τοῦ
1450 3388 1691 3451 Μωσέως
1714 3386 1836 3458 (κα-

269 3496 381 3560 θὼς
420 3495 479 3547 ἐν
506 3491 581 3563 τῷ
612 3491 718 3559 πρὸ
738 3487 927 3542 τούτου
956 3486 1243 3555 νενόηται)
1274 3482 1414 3552 ὑπὲρ
1438 3480 1544 3533 τῶν
1569 3481 1626 3533 ἐν
1659 3479 1837 3532 σκότει

265 3587 372 3649 τὰς
423 3587 606 3655 χεῖρας
644 3579 993 3639 ἐκτείναντος.
1057 3573 1326 3635 Ὡσαύτως
1362 3572 1454 3625 καὶ
1502 3572 1536 3640 ἠ
1578 3568 1838 3640 καμιναία

266 3679 423 3741 κόνις
454 3676 657 3744 ἐκείνη,
701 3674 736 3743 ή
774 3671 870 3735 τὰς
898 3667 1158 3739 ὀδυνηρὰς
1184 3664 1512 3735 φλυκταίνας
1533 3665 1645 3725 τοῖς
1671 3664 1837 3731 Alvu-

268 3772 449 3833 πτίοις
468 3767 766 3831 ἐπάγουσα,
792 3762 935 3817 κατὰ
953 3760 1109 3829 λόγον
1131 3758 1197 3812 ἂν
1219 3757 1453 3828 νοηθείη,
1476 3755 1563 3809 διὰ
1582 3754 1674 3807 τοῦ
1699 3752 1837 3807 κατὰ

267 3865 335 3919 τὸ
362 3864 532 3933 ὄνομα
563 3861 661 3930 τῆς
694 3856 926 3928 καμίνου
962 3851 1277 3922 αἰνίγματος
1297 3890 1312 3915 ,
1342 3851 1376 3920 ή
1420 3847 1510 3901 διὰ
1545 3845 1640 3899 τοῦ
1669 3846 1839 3918 πυρὸς

272 3956 420 4011 κατὰ
436 3954 534 4025 τὴν
560 3952 781 4021 γέενναν
799 3946 1151 4017 ἀπειληθεῖσα
1171 3942 1408 4005 κόλασις,
1432 3942 1467 4012 ἢ
1498 3938 1654 4010 μόνον
1680 3938 1839 3992 ἅπτε·

268 4068 365 4105 ται
394 4047 503 4102 τῶν
547 4039 1020 4112 Αἱγυπτιαζόντων
1046 4034 1187 4090 κατὰ
1210 4034 1301 4087 τὸν
1334 4032 1466 4103 βίον,
1507 4030 1651 4084 τοῦτ’
1691 4028 1837 4082 ἐστιν

271 4139 459 4202 καθὼς
492 4137 746 4200 πολλάκις
775 4134 1024 4203 εἴπαμεν,
1048 4128 1154 4182 τῶν
1184 4125 1364 4189 κακῶς
1387 4123 1599 4188 ζώντων
1626 4121 1718 4177 καὶ
1742 4120 1838 4191 τὴν

270 4233 495 4287 ἔκτασιν
522 4231 629 4285 τῶν
650 4227 847 4300 χειρῶν
874 4224 967 4279 τοῦ
994 4219 1229 4295 Χριστοῦ
1270 4219 1342 4290 μὴ
1373 4214 1834 4288 προσκυνούντων.

272 4327 341 4380 Εἰ
367 4326 426 4379 δέ
455 4343 538 4387 τις
566 4320 777 4393 άληθῶς
813 4316 1147 4391 Ἰσραηλίτης
1169 4314 1305 4375 ἐστὶ,
1333 4311 1428 4365 καὶ
1454 4308 1546 4362 τοῦ
1592 4306 1839 4378 ’Δὸραὰμ

273 4419 411 4483 υίὸς,
444 4418 537 4471 καὶ⁸
568 4414 701 4487 πρὸς
741 4414 946 4466 ἐκεῖνον
982 4407 1059 4479 τῷ
1092 4406 1189 4478 βίῳ
1216 4403 1425 4475 βλέπει,
1468 4401 1543 4464 ὡς
1570 4398 1738 4463 δεῖξαι
1766 4400 1833 4468 τῇ

1934 3300 2174 3354 veniant.
2216 3299 2459 3356 Solvitur
2500 3311 2685 3357 autem
2730 3312 3030 3375 utrumque
3074 3305 3320 3371 istorum,
3374 3322 3499 3360 cum

1934 3388 2165 3461 Moyses,
2222 3399 2282 3445 ut
2331 3390 2388 3445 in
2440 3391 2767 3461 praecedenti
2801 3392 2921 3447 loco
2970 3393 3354 3455 intelleximus,
3399 3408 3498 3463 pro

1934 3482 2001 3538 iis
2033 3485 2124 3553 qui
2157 3485 2212 3537 in
2241 3484 2478 3539 tenebris
2510 3484 2885 3551 versabantur,
2925 3501 3119 3542 manus
3156 3485 3484 3543 extenderit.

1935 3571 2218 3629 Pulverem
2244 3584 2423 3629 autem
2445 3573 2512 3629 de
2537 3575 2754 3629 camino
2788 3583 3085 3644 sumptum,
3110 3575 3203 3645 qui
3229 3575 3499 3645 turgentia

1938 3667 2121 3722 ulcera
2146 3666 2469 3736 doloresque
2498 3665 2871 3721 intolerabiles
2898 3664 3173 3736 Egyptiis
3204 3666 3496 3730 inferebat,

1937 3759 2054 3828 ipso
2098 3758 2315 3812 nomine
2360 3757 2559 3811 camini
2607 3755 2892 3821 admoniti,
2941 3758 3199 3827 gehennae
3247 3771 3309 3810 ac
3350 3752 3492 3826 ignis

1936 3851 2082 3908 illius
2113 3851 2413 3906 cruciatum
2457 3850 2796 3919 significasse
2824 3850 3120 3913 credimus,
3151 3850 3242 3919 qui
3277 3850 3498 3919 quidem

1936 3943 2077 4013 ignis
2110 3943 2255 3998 solos
2279 3949 2439 3998 vexat
2468 3941 2772 4013 Egyptios,
2809 3942 2862 3995 id
2886 3948 2991 4008 est,
3032 3950 3090 3995 ut
3122 3942 3320 4011 saepius
3358 3932 3515 3994 dixi?

1937 4049 2080 4096 mus,
2106 4034 2244 4088 male
2268 4033 2530 4097 viventes,
2554 4040 2608 4086 et
2639 4032 3010 4088 extensionem
3047 4048 3306 4087 manuum
3333 4033 3496 4086 Chri-

1937 4127 2006 4182 sti
2042 4141 2150 4180 non
2177 4125 2485 4179 adorantes.
2526 4122 2585 4177 Si
2629 4124 2753 4194 quis
2792 4139 2921 4179 vero
2955 4140 3084 4179 vere
3117 4123 3361 4180 Israelita
3390 4133 3495 4188 est,

1936 4234 2107 4288 nepos
2139 4217 2391 4279 Abrahae,
2432 4216 2525 4287 qui
2570 4217 2719 4273 illius
2745 4217 2911 4270 vitam
2948 4216 3053 4271 fide
3089 4232 3152 4271 ac
3185 4231 3347 4287 Opere
3381 4216 3499 4269 imi-

1938 4317 2106 4373 tetur,
2152 4309 2199 4364 is
2238 4308 2413 4378 ignem
2442 4306 2594 4359 illum
2630 4322 2741 4361 non
2791 4306 3009 4371 sentiet,
3040 4307 3355 4361 extensione
3381 4320 3499 4360 ma-

1939 4415 2105 4456 nuum
2161 4398 2381 4469 Moysis,
2412 4398 2466 4452 id
2499 4406 2604 4459 est,
2639 4395 2841 4454 Christi
2890 4398 3169 4453 liberatus.
3215 4397 3499 4468 Sciniphes

271 4509 595 4583 προαιρέσει
628 4508 723 4577 τὴν
754 4504 888 4575 πρὸς
928 4502 1054 4564 τοὺς
1092 4496 1375 4558 ἐκλεκτοὺς
1403 4488 1832 4583 ἀγχιστείαν-τοῦ

1939 4509 2067 4549 vero
2107 4493 2250 4556 illos,
2291 4491 2383 4559 qui
2417 4490 2648 4545 occultis
2679 4490 2957 4546 morsibus
2991 4489 3277 4562 Egyptios
3315 4491 3500 4561 exagi-

272 4580 485 4671 γένους·
514 4592 664 4660 οὗτος
696 4594 1022 4664 φυλάσσεται
1044 4589 1149 4643 άπὸ
1181 4588 1277 4658 τῆς
1308 4582 1599 4655 καμιναίας
1620 4580 1832 4651 ἐκείνης

1934 4590 2157 4647 tarunt,
2208 4582 2541 4651 caninasque
2597 4596 2834 4645 muscas,
2882 4581 3332 4651 quaecorporibus
3384 4596 3500 4635 mo-

273 4694 490 4762 ὀδύνης.
528 4690 737 4742 Γένοιτο
773 4686 816 4739 δ’
859 4685 923 4738 ἂν
960 4680 1230 4742 κάκείνοις
1274 4677 1404 4730 ποτὲ
1437 4677 1470 4745 ἡ
1517 4673 1832 4727 ἀποδοθεῖσα

1936 4677 2127 4732 riendo
2168 4674 2493 4745 ﬁgebantur,
2541 4672 2893 4743 locustasque
2941 4687 3192 4742 agrorum
3250 4672 3489 4726 omnium

270 4786 377 4855 τῆς
429 4761 702 4842 ἐκτάσεως
745 4776 852 4830 τῶν
890 4772 1087 4845 χειρῶν
1117 4770 1210 4824 τοῦ
1254 4767 1491 4829 Μωσέως
1542 4763 1832 4836 ἑρμηνεία,

1934 4768 2239 4824 vastitatem
2255 4765 2567 4826 inferentes,
2584 4771 2637 4817 et
2656 4762 2880 4816 fulmina
2900 4762 3060 4817 simul
3078 4777 3201 4821 cum
3216 4761 3492 4831 grandinis

274 4851 545 4945 θεραπεία
583 4873 679 4943 τῆς
707 4869 916 4939 ὀδύνης,
952 4866 1043 4918 καὶ
1082 4860 1370 4929 ἀπαλλαγὴ
1405 4856 1513 4910 τῶν
1539 4855 1832 4945 κολάσεων.

1938 4858 2210 4929 lapidibus
2251 4854 2580 4915 decidentia,
2632 4868 2741 4907 non
2772 4853 2875 4909 erit
2902 4851 3146 4923 profecto
3178 4852 3413 4917 difﬁcile,
3447 4854 3493 4908 si

271 4942 418 5028 Τοὺς
447 4965 503 5016 δέ
546 4962 774 5022 λεπτοὺς
818 4956 1045 5018 σκνίπας
1087 4951 1341 5013 ἐκείνους,
1376 4949 1425 5001 οἳ
1464 4949 1574 5010 τοῖς
1613 4944 1832 5015 ἀφανέσι

1941 4950 2063 5020 quis
2111 4947 2377 5002 dictorum
2431 4945 2627 4999 seriem
2676 4944 2941 5013 sequitur,
2997 4945 3383 4999 convenienter
3428 4942 3492 4997 ad

270 5058 516 5128 δήγμασι
564 5054 687 5115 τοὺς
723 5048 1045 5117 Αἰγυπτίους
1090 5043 1397 5113 ἀλγύνουσι’
1448 5041 1547 5109 τήν
1584 5056 1643 5092 τε
1685 5037 1832 5093 κυνό-

1940 5050 2182 5096 nostrum
2219 5036 2552 5108 propositum
2602 5044 2661 5090 ut
2705 5037 2861 5091 decet
2900 5037 3336 5100 accommodare,
3379 5052 3498 5106 qua:

276 5127 449 5219 μυιαν
490 5143 759 5214 ὀδυνηρῶς
792 5140 879 5193 διὰ
913 5136 1006 5192 τοῦ
1043 5137 1315 5207 δήγματος
1358 5131 1702 5204 ἐμφυομένην
1730 5132 1832 5195 τοῖς

1940 5132 2155 5202 quidem
2181 5129 2361 5183 omnia
2377 5127 2694 5198 Egyptiaca
2723 5127 2834 5182 vita
2866 5130 3060 5197 quaerit
3088 5135 3142 5183 et
3180 5129 3360 5199 eligit,
3405 5127 3498 5181 Dei

276 5217 519 5308 σώμασι·
549 5235 646 5305 τήν
683 5249 743 5285 τε
777 5230 881 5285 ὑπὸ
920 5230 1026 5282 τῶν
1069 5225 1303 5297 ἀκρίδων
1340 5222 1832 5293 καταφθειρομένην

1943 5231 2123 5278 autem
2145 5219 2353 5275 infinita
2378 5219 2593 5289 justitia
2617 5217 2916 5274 secundum
2946 5219 3283 5290 singulorum
3313 5220 3498 5273 merita

272 5329 599 5399 γεωπονίαν·
629 5328 722 5379 καὶ
748 5327 871 5388 τοὺς
900 5321 1104 5376 άνωθεν
1133 5318 1455 5390 πρηστῆρας
1482 5318 1592 5379 τοῖς
1616 5316 1715 5387 τῆς
1743 5333 1832 5386 χα-

1943 5314 2108 5370 infert
2145 5310 2519 5383 peccantibus.

272 5420 449 5493 λάζης
486 5419 651 5483 λίθοις
686 5414 1242 5486 συγκαταπίπτοντας’
1279 5412 1378 5465 οὐκ
1405 5411 1470 5465 ἄν
1501 5428 1584 5473 τις
1611 5411 1688 5482 τῷ
1720 5412 1895 5485 εἱρμῷ
1938 5411 2043 5466 τῶν
2073 5402 2558 5480 προεξητασμένων
2583 5404 2845 5474 ἑπόμενος
2878 5404 3095 5475 κάμνοι,
3136 5405 3205 5457 τὰ
3237 5403 3355 5456 καθ’
3379 5405 3503 5456 ἔκα-

275 5531 405 5567 στον
451 5509 839 5583 προσαρμόζων
885 5510 998 5570 τοῖς
1054 5504 1402 5575 καταλλήλοις
1445 5504 1676 5574 νοήμασι
1700 5518 1714 5533 ⁸
1780 5506 1922 5576 άπερ
1987 5502 2163 5557 πάντα
2226 5500 2367 5553 ποιεῖ
2424 5497 2521 5567 μὲν
2568 5495 2709 5550 κατὰ
2760 5495 2821 5548 τὸ
2874 5493 3279 5566 προηγούμενον
3321 5494 3353 5562 ή
3409 5495 3504 5545 Λί-

272 5608 485 5679 γυπτία
512 5606 846 5679 προαίρεσις,
879 5602 1069 5670 ἐπάγει
1100 5602 1156 5655 δὲ
1189 5601 1223 5671 ή
1263 5598 1551 5662 ἀδέκαστος
1588 5597 1681 5651 τοῦ
1703 5597 1837 5653 Θεοῦ
1863 5601 2004 5670 δίκη.

363 5678 847 5760 Ἐπακολουθέντες
876 5696 1153 5764 νοήσωμεν
1183 5692 1263 5745 ὅτι
1294 5691 1444 5762 παρά
1466 5692 1601 5745 Θεοῦ
1628 5691 1832 5760 γίνεται

2010 5687 2129 5744 Non
2170 5687 2326 5742 decet
2356 5682 2598 5739 historia:
2632 5683 2868 5736 litteram
2914 5681 2989 5736 ita
3035 5680 3208 5750 sequi,
3243 5688 3301 5733 ut
3335 5678 3500 5733 Deum

275 5799 351 5855 τὰ
371 5795 593 5867 λυπηρὰ
614 5794 723 5855 τοῖς
744 5790 850 5843 τῶν
876 5785 1126 5840 τοιούτων
1146 5783 1315 5850 ἀξίοις
1333 5799 1347 5814 °
1373 5783 1486 5837 ἀλλ’
1506 5786 1588 5838 ὅτι
1614 5784 1832 5848 ἕκαστος

1942 5788 2191 5853 putemus
2220 5777 2497 5834 cruciatus
2528 5789 2773 5840 causam,
2802 5772 2898 5828 sed
2927 5786 3366 5845 unumquemque
3406 5787 3503 5826 sua

281 5885 468 5956 ἐαυτῷ
494 5864 602 5938 τῶν
640 5878 859 5952 πληγῶν
887 5877 1094 5947 γίνεται
1120 5874 1472 5948 δημιουργὸς,
1514 5874 1603 5931 διὰ
1632 5874 1729 5945 τῆς
1757 5876 1832 5929 οι.

1940 5872 2205 5930 electione
2246 5868 2349 5926 sibi
2392 5866 2607 5923 dolores
2647 5879 2984 5936 praeparasse
3022 5880 3086 5922 ac
3133 5864 3349 5934 fecisse,
3384 5878 3502 5922 cre-

1904 6024 1943 6033 σ-
1957 6024 1961 6029 ο
