3982 6524
500 399 599 466 5δὶ

1686 401 1743 455 S.
1784 399 2108 456 GREGORII
2146 399 2434 456 NYSSENI

3603 387 3710 442 532

501 518 630 574 dere
661 517 940 584 debemus,
988 525 1048 573 ut
1085 519 1247 575 etiam
1291 520 1584 591 Apostolus
1628 523 1693 577 ad
1754 522 2064 594 huiusmodi

2176 524 2317 588 κείας
2368 525 2735 596 προαιρέσεως
2779 523 2877 593 τὴν
2909 521 3016 575 τῶν
3055 515 3316 586 ἀλγεινῶν
3366 508 3713 582 παρασκευὴν

501 609 772 664 hominem
818 609 968 675 dicit,
1016 610 1160 679 quod
1209 630 1228 662 ι
1262 609 1568 670 Secundum
1603 613 1853 668 duritiem
1892 623 2060 676 tuam,

502 695 630 764 quia
656 710 750 750 cor
775 703 925 750 tuum
951 710 1056 750 non
1091 697 1334 767 poenitet,
1362 701 1496 751 iram
1525 699 1621 754 tibi
1654 702 1706 754 in
1741 702 1828 757 die
1857 702 1952 757 ira:
1999 717 2064 758 ac

501 785 844 840 revelationis
872 791 924 839 et
948 785 1082 854 justi
1105 785 1297 856 judicii
1342 783 1438 840 Dei
1463 800 1785 859 congregas,
1819 790 1910 860 qui
1941 790 2065 843 uni-

501 876 696 946 cuique
739 877 930 932 tribuit
965 877 1122 945 juxta
1157 892 1380 934 suorum
1421 893 1645 948 operum
1695 883 1887 936 merita
1934 882 1999 948 9°.
2043 903 2061 932 ι

501 962 635 1018 Nam
679 967 1133 1035 quemadmodum
1181 971 1227 1026 si
1267 972 1420 1041 pravi
1451 986 1514 1026 ac
1544 971 1833 1041 perniciosi
1875 946 2068 1028 humo-

502 1071 592 1111 res
620 1059 673 1112 in
704 1060 1016 1128 przecordiis
1044 1077 1107 1116 ac
1137 1063 1408 1121 intestinis
1439 1066 1660 1127 lateant,
1694 1079 1801 1118 non
1833 1078 2066 1118 accusa-

501 1155 592 1202 tur
635 1149 898 1215 medicus,
944 1152 1086 1222 quod
1134 1169 1231 1210 eos
1264 1156 1380 1226 ipse
1410 1156 1622 1219 fecerit,
1655 1156 1702 1210 si
1753 1163 1869 1210 arte
1916 1159 2066 1224 ipsos

502 1240 705 1294 vomitu
730 1242 854 1310 ejici
878 1245 1105 1309 curarit,
1139 1246 1233 1301 sed
1260 1247 1436 1303 eﬂ'ecit
1462 1248 1680 1318 quidem
1720 1247 1842 1301 illos
1863 1247 2068 1300 inordi-

503 1341 629 1384 nata
665 1333 844 1399 diana,
884 1336 1047 1390 traxit
1082 1345 1260 1392 autem
1297 1339 1349 1394 in
1384 1325 1728 1394 manifestius
1761 1354 1868 1391 non
1902 1339 2072 1406 impe-

508 1421 643 1476 ritus
676 1422 916 1480 medicus
948 1444 960 1479 :
987 1428 1068 1482 sic
1094 1444 1215 1482 cum
1245 1430 1461 1484 dolores
1491 1445 1554 1484 ac
1595 1431 1868 1484 cruciatus
1897 1428 2072 1481 homi-

508 1511 667 1565 nibus
723 1529 753 1566 a
807 1513 916 1570 Deo
967 1517 1139 1573 factos
1179 1521 1451 1584 audimus,
1493 1521 1791 1591 intelligere
1842 1521 1994 1574 decet
2037 1534 2070 1572 a

506 1605 664 1659 nobis
687 1607 816 1676 ipsis
837 1609 989 1663 initia
1017 1620 1069 1665 et
1089 1627 1282 1668 causas
1302 1629 1488 1668 earum
1515 1615 1855 1667 vexatiouum
1881 1613 2066 1666 fuisse.

508 1696 610 1761 Qui
642 1699 784 1752 enim
836 1700 970 1755 bene
997 1704 1150 1766 vixit,
1197 1703 1323 1758 huic
1354 1722 1460 1759 non
1507 1706 1762 1768 tenebrae,
1809 1719 1916 1758 non
1952 1719 2072 1757 ver-

507 1787 632 1848 mis,
673 1804 778 1843 non
817 1791 1082 1860 geltenna,
1121 1809 1227 1848 non
1271 1797 1433 1865 ignis,
1480 1812 1590 1850 non
1621 1797 1769 1850 aliud
1813 1796 1978 1849 ullum
2016 1804 2070 1848 et

2164 615 2480 687 έτοιμάζων,
2498 614 2679 678 καθώς
2701 631 2862 684 φησιν
2885 616 2914 666 ὁ
2945 609 3259 669 Ἀπόστολος
3285 604 3416 676 πρὸς
3438 602 3528 656 τὸν
3548 601 3718 654 τοιοῦ-

2163 723 2252 759 τον
2282 705 2474 772 λέγων,
2503 706 2584 759 ὅτι
2607 721 2626 754 ι
2653 705 2807 760 Κατὰ
2826 704 2923 775 τὴν
2948 696 3288 771 σκληρότητά
3329 713 3421 748 σου
3461 692 3554 747 καὶ
3583 693 3717 761 ἀμε-

2162 798 2418 868 τανόητον
2439 797 2660 867 καρδίαν
2676 794 3018 866 θησαυρίζεις
3042 790 3250 860 σεαυτῷ
3267 787 3432 859 ὀργὴν
3454 788 3509 839 ἐν
3529 783 3718 853 ἡμέρᾳ

2164 887 2334 957 ὀργῆς
2357 887 2450 941 καὶ
2473 886 2862 956 ἀποκαλύψεως
2892 885 2983 939 καὶ
3014 879 3406 952 δικαιοκρισίας
3438 874 3531 928 τοῦ
3554 872 3716 936 Θεοῦ,

2164 978 2222 1040 ὃς
2243 977 2505 1032 ἀποδώσει
2525 975 2739 1046 ἑκάστῳ
2759 975 2897 1028 κατὰ
2911 973 2980 1027 τὰ
2993 972 3128 1044 ἔργα
3138 971 3321 1026 αὑτοῦ.
3339 988 3359 1023 ι
3380 970 3585 1039 Ὠσπερ
3605 965 3721 1035 γὰρ

2165 1069 2252 1123 διὰ
2293 1069 2390 1140 τῆς
2429 1067 2788 1136 ὰτακτοτέρας
2827 1064 3034 1133 διαίτης
3075 1060 3390 1133 φθοροποιός
3419 1077 3502 1121 τις
3546 1056 3722 1128 χυμὸς

2166 1161 2260 1213 καὶ
2307 1158 2545 1230 χολώδης
2591 1159 2647 1210 ἐν
2687 1158 2800 1217 τοῖς
2845 1154 3166 1222 σπλάγχνοις
3219 1150 3559 1204 συνίσταταν
3600 1146 3658 1200 δν
3691 1147 3725 1198 6

2169 1250 2346 1318 ἰατρὸς
2393 1249 2480 1302 διὰ
2526 1247 2624 1318 τῆς
2667 1244 2863 1314 τέχνης
2906 1243 2984 1305 εἱς
3025 1242 3220 1311 ἔμετον
3264 1235 3722 1306 ἐφελκυσάμενος,

2165 1341 2264 1394 οὐκ
2290 1340 2357 1393 ἂν
2389 1342 2444 1391 ἐν
2475 1337 2621 1408 αἰτίᾳ
2647 1337 2854 1404 γένοιτο
2883 1332 2974 1386 τοῦ
3000 1329 3160 1392 αὐτὸς
3191 1328 3484 1398 ἐμποιῆσαι
3511 1322 3587 1392 τῷ
3617 1320 3728 1373 σώ-

2170 1450 2298 1502 ματι
2321 1432 2410 1484 τὸν
2436 1427 2638 1497 νοσώδη
2677 1425 2878 1496 χυμὸν,
2903 1422 3015 1476 ἀλλ’
3042 1421 3260 1490 ἐποίησε
3295 1419 3390 1488 μὲν
3413 1418 3446 1487 ή
3476 1414 3574 1484 τῆς
3595 1429 3728 1483 τροο

2169 1525 2272 1594 φῆς
2298 1521 2509 1585 ἀταξία,
2538 1521 2615 1581 είς
2638 1519 2692 1570 δὲ
2717 1517 2778 1569 τὸ
2803 1513 3038 1585 ἐμφανὲς
3066 1512 3268 1582 ἢγαγεν
3297 1509 3330 1579 ἡ
3363 1504 3575 1575 ἰατρικὴ
3605 1503 3731 1553 ἐπι-

2169 1617 2348 1684 στήμη
2369 1630 2382 1643 ·
2413 1611 2583 1673 οὕτως
2624 1609 2727 1662 κᾶν
2757 1606 2903 1678 παρὰ
2937 1604 3029 1657 τοῦ
3059 1601 3191 1656 Θεοῦ
3226 1597 3468 1668 γίνεσθαι
3498 1595 3730 1662 λέγηται

2167 1705 2280 1766 τοῖς
2327 1702 2614 1772 μοχθηροῖς
2648 1699 2744 1768 τὴν
2776 1698 3086 1769 προαίρεσιν
3123 1696 3156 1764 ἡ
3184 1689 3405 1760 ἁλγεινὴ
3435 1685 3732 1742 ἀνταπόδοο

2171 1812 2272 1858 σις,
2303 1793 2518 1862 εὔλογον
2547 1791 2612 1844 ἂν
2643 1791 2726 1861 εἴη
2759 1791 2916 1850 νοεῖν,
2946 1787 3003 1852 ἐξ
3028 1785 3183 1856 ἡμῶν
3215 1782 3392 1836 αὐτῶν
3423 1779 3520 1842 τὰς
3556 1775 3734 1847 ἀρχὰς

507 1879 726 1933 nomine
762 1892 814 1934 et
860 1898 912 1936 re
945 1884 1184 1940 terribile
1227 1885 1489 1951 imminet,
1531 1889 1674 1942 sicut
1718 1887 1831 1957 ipsa
1859 1903 2071 1955 quoque

2176 1886 2266 1939 καὶ
2297 1885 2393 1948 τὰς
2425 1884 2602 1945 αἰτίας
2630 1882 2697 1934 τὰ
2731 1878 2953 1932 τοιαῦτα
2980 1874 3272 1946 λαμϐάνειν
3302 1870 3467 1940 πάθη.
3503 1867 3592 1939 Τῷ
3617 1867 3734 1937 γὰρ

509 1973 737 2021 testatur
770 1971 1013 2026 historia.
1050 1973 1182 2027 Nam
1213 1992 1334 2030 cum
1367 1979 1420 2032 in
1451 1979 1638 2032 eodem
1676 1980 1834 2032 simul
1864 1977 2071 2032 Hebrai

509 2073 631 2112 cun.
662 2060 928 2132 IEgypIEis
970 2077 1152 2122 essent
1196 2069 1335 2132 loco,
1385 2072 1773 2124 cruciabantur
1811 2069 2068 2142 Egypt“.

509 2148 749 2208 Hebraeis
792 2156 924 2208 nihil
957 2159 1334 2215 sentientibus.
1373 2160 1551 2228 Quare
1590 2163 1936 2217 manilcstum
1966 2169 2070 2226 est,

509 2245 645 2297 nihil
677 2245 864 2299 harum
903 2263 1182 2318 poenarum
1232 2252 1439 2322 absque
1479 2263 1665 2308 nostra
1707 2254 1974 2310 electione
2009 2267 2073 2307 ac

510 2337 786 2392 voluntate
813 2356 972 2408 posse
1013 2344 1332 2398 consistere.

2173 1978 2568 2048 ἀναμαρτήτως
2596 1972 2874 2044 βεϐιωκότι
2900 1970 2960 2022 οὺ
2990 1968 3176 2032 σκότος
3203 1964 3366 2025 ἐστὶν,
3393 1962 3453 2015 οὑ
3490 1957 3732 2029 σκώληξ,

2173 2070 2232 2122 οὐ
2265 2069 2482 2137 γέεννα,
2525 2066 2585 2118 ού
2625 2065 2763 2134 πῦρ,
2797 2063 2896 2115 οὐκ
2939 2059 3066 2114 ἄλλο
3100 2075 3153 2111 τι
3184 2056 3289 2109 τῶν
3315 2051 3557 2124 φοϐερῶν
3608 2053 3733 2104 dvo-

2175 2160 2358 2230 μάτων
2387 2173 2444 2209 τε
2476 2157 2568 2209 καὶ
2600 2152 2957 2225 πραγμάτων,
2979 2147 3053 2211 ὡς
3079 2147 3141 2216 δὴ
3166 2145 3259 2197 καὶ
3283 2145 3316 2214 ἡ
3347 2140 3552 2212 ἱστορία
3575 2139 3734 2208 φησι,

2172 2253 2284 2312 τοῖς
2336 2246 2600 2318 Ἑϐραίοις
2655 2243 2729 2315 μὴ
2763 2239 2900 2296 εἶναι
2932 2239 3028 2301 τὰς
3058 2236 3357 2306 Αἰγυπτίας
3400 2232 3627 2302 πληγάς.
3669 2230 3738 2284 Εί

2179 2338 2271 2394 οὖν
2297 2341 2354 2392 ἐν
2390 2339 2464 2408 τῷ
2490 2336 2658 2403 αὐτῷ,
2694 2334 2771 2405 τῷ
2796 2333 2893 2405 μὲν
2915 2333 2994 2395 είς
3025 2328 3191 2383 κακὸν
3211 2367 3225 2390 ,
3261 2325 3337 2395 τῷ
3365 2323 3421 2377 δὲ
3457 2323 3557 2376 οὐκ
3582 2320 3702 2373 ἔστι
3721 2359 3739 2384 ,

510 2427 610 2497 τῆς
653 2430 759 2482 τῶν
805 2435 1172 2503 προαιρέσεων
1205 2436 1466 2508 διαφορᾶς
1515 2439 1574 2490 ἐν
1611 2440 1721 2501 τοῖς
1764 2435 2112 2507 καταλλήλοις
2162 2431 2506 2502 δεικνυούσης
2544 2429 2832 2499 ἐκάτερον”
2881 2423 3039 2494 δῆλον
3083 2421 3149 2475 ἂν
3193 2419 3276 2490 εἴη
3316 2416 3376 2469 τὸ
3422 2413 3584 2486 μηδὲν
3625 2411 3742 2465 τῶν

512 2519 692 2570 κζκῶν
728 2521 846 2591 δίχα
879 2524 975 2594 τῆς
1007 2526 1275 2596 ἡμετέρας
1301 2529 1666 2599 προαιρέσεως
1690 2529 1947 2582 δύνασθαι
1983 2524 2259 2594 συστῆναι.

585 2609 687 2662 Sed
712 2628 996 2683 pergamus
1018 2619 1082 2671 ad
1104 2621 1329 2688 reliqua,
1355 2625 1398 2676 si
1428 2638 1576 2692 prius
1604 2623 1654 2674 id
1686 2620 1955 2690 praedictis
1973 2621 2072 2674 ad-

2257 2616 2416 2670 Ἀλλὰ
2446 2617 2580 2684 πρὸς
2610 2613 2670 2665 τὸ
2701 2611 2825 2682 ἑξῆς
2862 2609 2955 2665 τοῦ
2981 2608 3136 2675 λόγου
3155 2605 3448 2675 προΐωμεν,
3480 2597 3743 2654 τοσοῦτον

515 2695 865 2756 didicerimus
883 2722 893 2755 :
909 2706 1053 2773 quod
1068 2705 1207 2762 sicut
1223 2689 1448 2777 Moyses,
1466 2708 1544 2763 sic
1559 2689 1870 2778 quicunque
1923 2710 2075 2764 illum

2180 2706 2554 2768 παιδευθέντες
2585 2704 2669 2757 διὰ
2699 2703 2806 2756 τῶν
2839 2697 3214 2770 ἐξητασμένων
3237 2735 3251 2757 ,
3301 2695 3381 2747 ὅτι
3425 2689 3628 2758 Μωσῆς
3678 2705 3744 2741 τε

518 2786 634 2888 zelo
663 2789 879 2842 virtutis
910 2790 1174 2858 imitatur,
1203 2810 1328 2850 cum
1369 2796 1546 2868 longis
1591 2777 1909 2870 magnisque
1943 2801 2075 2855 bene

2176 2801 2410 2861 ἐκεῖνος,
2458 2796 2550 2849 καί
2599 2796 2628 2846 ὁ
2663 2794 2782 2847 κατ’
2817 2793 3020 2846 ἐκεῖνον
3049 2787 3134 2841 διὰ
3161 2786 3258 2855 τῆς
3296 2781 3493 2855 ἀρετῆς
3543 2777 3746 2832 ἐαυτὸν

509 2879 733 2962 ’νὶνθιιάί
777 2885 1261 2942 exercitationibus
1297 2867 1534 2957 seipsum
1571 2867 1991 2954 confirmaverit,
2027 2900 2075 2946 et

2177 2888 2434 2960 ἐπαίρων,
2466 2886 2682 2940 ἐπειδὰν
2719 2883 2806 2938 διά
2840 2899 2898 2934 τε
2925 2882 3024 2951 τῆς
3074 2876 3290 2949 χρονίας
3342 2869 3612 2944 προσοχῆς
3640 2867 3746 2922 τοῦ

519 2971 796 3039 superiore
840 2972 1047 3030 visione
1097 2978 1335 3034 animum
1381 2975 1541 3037 suum
1593 2983 1871 3036 vallaverit
1922 2992 2075 3053 atque

2177 2979 2357 3051 ὀρθίου
2385 2997 2445 3032 τε
2478 2982 2572 3032 καὶ
2595 2974 2794 3048 ὑψηλοῦ
2829 2975 2964 3044 βίου,
2998 2971 3090 3028 καὶ
3122 2969 3210 3022 διὰ
3227 2967 3326 3037 τῆς
3357 2963 3560 3020 ἄνωθεν
3591 2977 3746 3031 γινο-

519 3062 807 3116 muniverit
837 3081 850 3117 :
881 3074 1009 3119 tunc
1036 3083 1286 3138 magnam
1313 3072 1582 3141 jacturam
1605 3073 1836 3142 putabit,
1859 3073 1903 3127 si
1933 3075 2075 3143 ejus-

2183 3074 2348 3144 μένης
2394 3069 2749 3142 φωταγωγίας
2798 3064 3081 3135 δυναμωθῇ
3135 3061 3232 3132 τὴν
3273 3057 3480 3130 ψυχὴν,
3521 3052 3745 3144 ἔημίαν

520 3151 641 3206 dem
666 3163 873 3211 natura:
893 3159 1140 3215 homines
1165 3171 1384 3232 peccato
1400 3164 1659 3228 serviant,
1679 3165 1935 3235 dabitque
1955 3179 2080 3235 Ope-

520 3257 638 3296 ram
669 3244 777 3300 dux
815 3248 895 3304 eis
934 3249 999 3303 ad
1034 3251 1336 3308 libertatem
1373 3253 1490 3308 ﬁeri
1524 3273 1538 3310 :
1574 3270 1809 3325 cumque
1834 3257 1896 3310 ad
1934 3258 2081 3325 ipsos

521 3339 836 3402 accesserit,
876 3344 1277 3410 comparatione
1307 3360 1370 3399 ac
1408 3348 1776 3417 propositione
1815 3349 2078 3417 pejorum,

521 3428 712 3498 ingens
737 3432 1001 3488 libertatis
1021 3435 1350 3492 desiderium
1382 3438 1436 3492 in
1469 3440 1679 3494 animos
1707 3440 1945 3509 ipsorum
1982 3441 2082 3494 im—

493 3555 495 3558 ‹
521 3523 722 3585 mittet,
743 3539 805 3578 ac
822 3525 1038 3580 demum
1062 3529 1174 3596 jam
1195 3544 1224 3582 a
1246 3531 1404 3585 malis
1424 3533 1740 3596 educturus,
1761 3533 2084 3602 primogeni-

523 3613 594 3666 tis
624 3611 999 3684 Egyptiorum
1050 3620 1306 3675 omnibus
1359 3630 1586 3677 mortem
1635 3621 1860 3690 inferet;
1908 3640 2082 3694 neque

524 3704 666 3757 enim
685 3706 787 3758 alia
813 3709 1019 3763 ratione
1048 3723 1112 3763 ac
1139 3710 1223 3764 via
1253 3710 1494 3783 Egyptii
1521 3712 1756 3783 eﬂ‘ugere
1777 3716 1939 3769 vitam
1965 3733 2084 3786 pos-

527 3794 681 3848 sibile
708 3805 813 3851 est.
842 3798 944 3852 Sed
976 3798 1063 3853 hic
1085 3801 1271 3856 multis
1297 3803 1565 3858 dubitatio
1593 3805 1820 3873 accidit,
1847 3824 2081 3878 quonam

527 3894 685 3952 pacto
720 3885 940 3942 historia
967 3888 1297 3960 defendetur,
1335 3909 1404 3948 ne
1434 3894 1634 3964 iniusta
1665 3898 1746 3967 (ut
1769 3899 1978 3969 dicunt)
2004 3901 2084 3954 di-

524 3975 648 4028 vina
691 3979 959 4032 sententia
1001 3979 1248 4034 videatur
1281 3982 1658 4052 :Injuriantur
1697 3989 1863 4053 enim,
1909 3992 2081 4056 aiunt,

521 4065 782 4139 Egyptii,
813 4080 866 4125 et
895 4086 990 4140 pro
1020 4072 1125 4141 illis
1160 4073 1319 4127 modo
1343 4075 1453 4127 nati
1482 4077 1633 4144 pueri
1664 4080 1968 4147 puniuntur
1993 4100 2005 4135 :
2030 4090 2085 4136 et

523 4159 792 4227 quomodo
815 4160 1128 4229 imperfecta
1150 4172 1283 4218 aatas
1300 4172 1392 4217 aut
1416 4164 1540 4218 boni
1569 4176 1662 4220 aut
1687 4170 1810 4224 mali
1833 4169 2085 4227 diiferen-

2181 3165 2392 3233 ἡγεῖται
2422 3161 2485 3214 τὸ
2520 3159 2594 3231 μὴ
2639 3161 2732 3213 καὶ
2773 3159 2883 3220 τοῖς
2923 3152 3204 3226 ὁμογενέσι
3244 3150 3377 3222 πρὸς
3405 3148 3496 3201 τὸν
3523 3144 3749 3200 ἐλεύθε-

2183 3273 2273 3326 ρον
2301 3252 2716 3325 καθηγήσασθαι
2745 3250 2877 3320 βίον.
2900 3249 3008 3302 Καὶ
3032 3245 3167 3317 πρὸς
3205 3243 3398 3306 αὐτοὺς
3423 3240 3745 3310 γενόμενος,

2179 3353 2244 3419 τῇ
2310 3345 2603 3419 παραθέσει
2653 3342 2760 3395 τῶν
2813 3340 3068 3412 χειρόνων
3121 3335 3307 3390 παθῶν
3370 3330 3740 3403 σφοδροτέραν

2180 3440 2360 3501 αὐτοῖς
2398 3438 2498 3506 τῆς
2538 3433 2844 3504 ἐλευθερίας
2875 3432 2972 3504 τὴν
3002 3428 3292 3498 ἐπιθυμίαν
3321 3425 3594 3494 ἐντίθησι·
3641 3422 3747 3476 καὶ

2183 3529 2389 3600 μέλλων
2415 3525 2742 3598 ἐξαιρεῖσθαι
2773 3523 2864 3577 τοῦ
2899 3521 3067 3576 κακοῦ
3096 3519 3157 3574 τὸ
3185 3517 3478 3590 ὁμόφυλον,
3507 3513 3748 3600 θάνατον

2181 3599 2375 3689 ἐπάγει
2419 3619 2579 3673 παντὶ¹
2631 3615 2957 3690 πρωτοτὸκῳ
3005 3612 3303 3681 Αἰγυπτίῳ.
3352 3606 3520 3662 Τοῦτο
3561 3606 3628 3659 δι’
3659 3599 3746 3659 ὧν

2181 3714 2432 3783 ἐποίησεν
2473 3712 2604 3782 ἡμῖν
2635 3707 2969 3779 νομοθετῶν,
3017 3705 3078 3758 τὸ
3105 3703 3214 3756 δεῖν
3241 3702 3341 3773 τὴν
3389 3697 3609 3770 πρώτην
3638 3697 3748 3750 τοῦ

2181 3800 2351 3857 κακοῦ
2388 3802 2597 3871 γένεσιν
2641 3796 3006 3868 ἐξαφανίςειν·
3043 3783 3117 3865 μὴ
3147 3795 3256 3863 γὰρ
3276 3789 3447 3854 ἄλλως
3478 3784 3614 3842 εῖναι
3643 3787 3746 3841 δυ-

2182 3898 2338 3952 νατὸν
2385 3894 2663 3964 διαφυγεῖν
2707 3891 2796 3944 τὸν
2843 3887 3134 3957 Αίγύπτιον
3171 3885 3300 3956 βίον.
3333 3881 3440 3935 Καί
3475 3898 3563 3951 μοι
3593 3879 3749 3933 δοκεῖ

2183 3991 2360 4054 καλῶς
2401 3989 2571 4059 ἔχειν,
2620 3985 2718 4057 τὴν
2768 3983 3004 4038 διάνοιαν
3031 3979 3232 4049 ταύτην
3264 3976 3337 4048 μὴ
3366 3973 3746 4045 παραδραμεῖν

2183 4082 2508 4154 ἀθεώρητον.
2559 4079 2620 4131 El
2660 4076 2768 4148 γάρ
2805 4091 2888 4136 τις
2922 4073 3077 4143 μόνον
3109 4072 3187 4133 είς
3214 4069 3312 4139 τὴν
3347 4065 3582 4136 ἱστορίαν
3621 4063 3748 4134 βλέ-

2184 4189 2296 4235 ποι,
2316 4169 2431 4234 πῶς
2459 4171 2493 4240 ἡ
2541 4165 2844 4237 θεοπρεπὴς
2892 4166 3066 4217 ἔννοια
3094 4165 3204 4224 τοῖς
3240 4156 3564 4230 γεγενῆσθαι
3587 4155 3747 4223 λεγο-

525 4248 650 4301 tiam
688 4251 868 4304 novit?
905 4267 1084 4306 nonne
1126 4254 1236 4308 vita
1281 4255 1567 4309 infantium
1611 4268 1762 4310 extra
1796 4261 2075 4330 malignam

2188 4267 2362 4337 μένοις
2399 4260 2820 4331 διασωθήσεται;
2867 4257 3066 4311 Ἀδικεῖ
3095 4256 3123 4308 ὁ
3153 4253 3464 4322 Αἰγύπτιος,
3495 4248 3589 4303 καὶ
3621 4248 3744 4302 ἀντ’

523 4352 734 4391 omnem
783 4341 1242 4409 perturbationem
1281 4345 1402 4397 est?
1440 4347 1674 4400 dextera:
1721 4351 1802 4403 vel
1849 4352 2075 4408 sinistra

2187 4333 2392 4411 ἐκείνου
2433 4351 2716 4417 κολάζεται
2749 4349 2810 4403 τὸ
2849 4348 3123 4430 ἀρτιγενὲς
3161 4343 3322 4399 αὑτοῦ
3349 4345 3557 4413 νήπιον,
3588 4333 3632 4407 ᾧ
3652 4338 3748 4392 διὰ

523 4429 814 4485 discrimen
862 4431 1132 4499 ignorant,
1164 4433 1230 4488 ad
1261 4435 1432 4490 solam
1463 4437 1730 4494 nutricem
1766 4442 2075 4510 respiciunli

2187 4449 2247 4502 τὸ
2280 4449 2373 4517 τῆς
2415 4415 2628 4517 ἡλικίας
2651 4441 2836 4504 ἀτελὲς
2867 4415 3089 4506 οὐδεμία
3107 4415 3198 4500 ’τίς
3227 4438 3340 4488 ἐστι
3366 4431 3530 4486 καλοῦ
3555 4446 3614 4483 τε
3646 4428 3748 4481 καὶ

525 4522 910 4624 sti-quidquam
971 4525 1213 4580 dolorem
1269 4527 1452 4592 infert,
1510 4545 1620 4584 non
1676 4547 1735 4586 se
1784 4545 1975 4602 parant
2021 4539 2075 4592 ad

2191 4541 2265 4613 μὴ
2285 4539 2521 4594 τοιούτου
2548 4535 2838 4606 διάκρισις·
2872 4531 2975 4595 ἔξω
3016 4529 3107 4583 τοῦ
3139 4527 3279 4581 κατὰ
3309 4525 3508 4580 κακίαν
3538 4520 3747 4585 πάθους

524 4612 911 4680 defensionem,
943 4616 1036 4671 sed
1079 4617 1289 4685 ploratu
1333 4620 1508 4674 solum
1543 4637 1607 4676 ac
1655 4624 1908 4696 lacrymis
1938 4630 2075 4686 dolo-

2188 4636 2220 4704 ὴ
2257 4612 2370 4703 ζωὴ
2414 4627 2600 4684 αὑτοῦ.
2643 4627 2717 4680 Οὐ
2746 4623 2855 4693 γὰρ
2898 4623 3062 4692 χωρεῖ
3087 4621 3146 4672 τὸ
3175 4617 3341 4678 πάθος
3377 4617 3410 4686 ἡ
3445 4612 3706 4684 νηπιότης
3726 4650 3742 4675 ν

526 4720 637 4760 rem
663 4705 1005 4775 signiﬁcant;
1050 4708 1096 4762 si
1131 4708 1427 4778 quidquam
1463 4711 1609 4780 quod
1638 4721 1832 4770 natura
1863 4722 2085 4790 appetit,

527 4799 958 4869 nanciscuntur,
1014 4801 1345 4857 subridendo
1395 4805 1720 4874 voluptatem
1771 4815 2082 4869 ostendunt.

523 4891 632 4945 Cur
657 4891 820 4962 igitur
842 4899 1077 4960 paternae
1100 4893 1379 4962 pravitatis
1407 4895 1641 4950 subeunt
1666 4901 1965 4971 supplicia?
1994 4909 2085 4963 ubi

517 4982 762 5050 justitia?
791 4983 879 5038 ubi
905 4985 1113 5053 pietas?
1140 4983 1511 5042 ubi‘Ezecbiel
1549 4989 1811 5058 clamans,
1849 5015 1869 5049 ι
1899 4998 2090 5057 Anima

524 5095 642 5148 quae
675 5081 997 5148 peccaverit,
1038 5081 1154 5149 ipsa
1202 5083 1484 5149 morietur,
1530 5100 1631 5140 nec
1674 5091 1843 5160 patris
1883 5093 2078 5152 delicta

525 5172 783 5241 suscipiet
809 5182 970 5229 natus
993 5174 1073 5228 "2'
1101 5193 1120 5226 ι

2187 4700 2368 4788 δεξιᾶς
2408 4721 2442 4791 ἢ
2481 4716 2770 4789 ἀριστερᾶς
2811 4710 3069 4782 διαφορὰν
3096 4709 3194 4761 οὐκ
3240 4706 3550 4770 ἐπίσταται,
3605 4700 3746 4770 πρὸς

2182 4817 2356 4888 ,μόνην
2384 4811 2674 4868 ἀναϐλέπει
2700 4808 2797 4876 τὴν
2824 4803 3010 4876 θηλὴν,
3048 4801 3174 4872 μίαν
3204 4798 3296 4853 τοῦ
3322 4795 3610 4859 λυποῦντος
3644 4810 3744 4862 σηο

2197 4886 2457 4980 μαντικὴν
2482 4901 2730 4969 αἴσθησιν
2750 4896 2860 4966 ἔχει
2889 4895 2948 4948 τὸ
2979 4892 3210 4962 δάκρυον
3229 4929 3243 4953 ,
3277 4890 3371 4942 καὶ
3398 4889 3444 4940 εἱ
3479 4886 3631 4956 τύχοι
3663 4903 3742 4939 τι⁶

2198 5005 2306 5065 νὸς,
2328 4996 2388 5055 οὗ
2411 5002 2442 5070 ἡ
2470 4997 2628 5068 φύσις
2657 4993 2888 5062 ἐφίεται,
2921 4987 3230 5060 μειδιάματι
3254 4985 3350 5056 τὴν
3373 4984 3564 5054 ἡδονὴν
3607 4982 3739 5034 ἐπε·

2185 5099 2414 5170 σήμανε.
2432 5094 2600 5148 Τοῦτο
2621 5091 2716 5161 τῆς
2737 5086 3001 5159 πατρικῆς
3021 5083 3215 5144 κακίας
3238 5079 3433 5134 ἐκτίνει
3447 5077 3546 5146 τὴν
3560 5075 3734 5145 δίκην.

2186 5191 2296 5245 Ποῦ
2329 5192 2390 5244 τὸ
2427 5189 2664 5250 δίκαιον;
2699 5183 2801 5237 ποῦ
2835 5181 2896 5234 τὸ
2925 5176 3176 5240 εὐσεϐέςς
3207 5173 3309 5226 ποῦ
3340 5171 3399 5224 τὸ
3425 5172 3602 5233 ὅσιον;
3632 5167 3736 5220 ποῦ

535 5265 788 5346 Ἰεξεχιὴλ
840 5267 999 5337 βοῶν,
1053 5269 1133 5322 ὅτι
1167 5286 1185 5320 ι
1216 5270 1375 5342 Ψυχὴ
1423 5273 1456 5343 ἡ
1514 5274 1927 5348 ἁμαρτάνουσα,
1967 5283 2101 5355 αὐτὴ
2133 5285 2477 5339 ἀποθανεῖται
2499 5300 2514 5315 ο
2553 5302 2571 5334 ι
2608 5279 2722 5342 καὶ,
2753 5276 2834 5330 ὅτι
2861 5293 2880 5327 ‹
2917 5273 2992 5327 Οὐ
3022 5270 3249 5342 λήψεται
3277 5266 3376 5337 τὴν
3407 5264 3499 5318 τοῦ
3533 5262 3737 5331 πατρὸς

525 5361 795 5432 ἁμαρτίαν
831 5363 859 5414 ὁ
896 5360 954 5426 ἐξ
991 5362 1199 5416 ἐκείνου
1238 5364 1576 5436 γενώμενος;
1615 5387 1634 5420 ι

595 5452 875 5520 Quomodo
899 5453 1060 5525 igitur
1086 5454 1312 5512 historia
1338 5458 1534 5514 rationi
1569 5460 1797 5517 adversa
1826 5465 1942 5520 est?
1972 5465 2075 5521 Sed

2250 5463 2372 5526 Πῶς
2396 5457 2793 5530 ἁντινομοθετεῖ
2815 5458 2848 5527 ὴ
2879 5455 3088 5525 ἱστορία
3104 5451 3180 5523 τῷ
3199 5449 3373 5520 λόγῳ;
3403 5445 3608 5501 Οὐκοῦν
3638 5463 3738 5499 ουκ

527 5546 654 5616 quid
702 5548 825 5602 mali
866 5548 947 5605 eis
994 5549 1239 5619 contigit,
1289 5551 1334 5606 si
1363 5551 1528 5605 vitam
1578 5563 1790 5621 patrum
1838 5555 2075 5627 iniquam

2181 5554 2540 5624 εὐλογώτερον
2574 5551 2638 5604 ἂν
2663 5549 2768 5620 εἴη,
2793 5546 2926 5618 πρὸς
2952 5547 3049 5617 τὴν
3066 5540 3350 5612 ἀναγωγὴν
3366 5538 3456 5592 τοῦ
3475 5542 3738 5607 νοήματος

529 5639 679 5710 pueri
703 5638 1021 5711 eﬂ‘ugerunt,
1051 5647 1105 5698 et
1135 5649 1314 5711 patres
1338 5641 1525 5697 dolore
1561 5645 1861 5702 immatura:
1893 5648 2075 5705 mortis

2181 5646 2440 5719 ὁρῶντας,
2460 5646 2509 5698 εἰ
2535 5643 2626 5698 καί
2648 5660 2700 5696 τι
2719 5639 2906 5711 γέγονε
2933 5635 3194 5699 τυπικῶς,
3216 5633 3386 5704 δόγμα
3407 5630 3493 5685 διὰ
3520 5628 3626 5683 τῶν
3647 5643 3736 5696 γε·

602 5819 647 5848 "
678 5820 828 5873 ιιοιη.
864 5837 923 5886 ιι,
948 5822 998 5877 3.
1078 5824 1118 5854 ³ι
1149 5819 1339 5877 Ezech.
1373 5835 1524 5887 xvtu,
1559 5819 1648 5876 2t).
