3982 6466
190 412 296 467 355

1509 408 1595 461 DE
1630 408 1790 463 VITA
1828 408 2095 465 MOYSIS.

3311 400 3416 459 εει

188 525 429 593 νομένων
461 522 731 577 πιστεύειν
772 523 862 577 τὸν
893 522 1186 594 νομοθέτην
1223 521 1548 577 ἐκτίθεσθαι.
1593 523 1667 575 Τὸ
1692 524 1749 576 δὲ

1851 540 1962 579 sua:
1999 522 2439 577 admonuerunt?
2480 519 2727 591 quamvis
2766 518 2933 572 multa
2972 531 3185 587 quoque
3217 518 3415 587 priscis

186 618 365 687 δόγμα
401 615 638 668 τοιοῦτόν
671 618 783 668 ἐστι
807 632 822 646 ⁸
873 616 935 669 τὸ
971 616 1079 668 δεῖν
1118 614 1253 685 πρὸς
1283 614 1378 684 τὴν
1410 614 1605 667 κακίαν
1632 618 1753 667 τινὰ

184 708 252 761 δι’
285 707 487 778 ἀρετῆς
533 706 974 777 συμπλεκόμενον
994 746 1009 769 ,
1041 704 1140 767 τὰς
1177 703 1395 775 πρώτας
1430 704 1537 759 τῶν
1567 704 1751 758 κακῶν

187 798 364 868 ἀρχὰς
417 800 495 860 είς
528 798 828 867 ἀφανισμὸν
873 796 1035 866 ἔχειν.
1085 797 1161 866 Τῇ
1191 796 1298 866 γὰρ
1344 796 1619 866 ἀναιρέσει
1654 796 1752 866 τῆς

186 888 362 958 ἀρχῆς
428 887 523 939 κα)⁸
571 887 631 939 τδ
679 888 793 956 μετ’
840 888 1052 955 ἐκείνην
1092 887 1535 953 συναφανίξεται,
1572 886 1752 950 καθὼς

183 978 424 1031 διδάσκει
455 977 542 1030 διὰ
599 977 693 1029 τοῦ
746 978 1076 1045 Εὑαγγελίου
1126 979 1153 1029 ό
1191 976 1421 1047 Κύριος,
1474 978 1753 1048 μονονουχὶ

179 1068 478 1141 διαρρήδην
530 1068 665 1138 βοῶν
711 1070 949 1139 ἀναιρεῖν
976 1069 1084 1121 τῶν
1129 1068 1436 1136 Αἰγυπτίων
1467 1068 1650 1122 κακῶν
1684 1067 1751 1121 τὰ

182 1160 531 1231 πρωτότοκα,
565 1160 632 1212 δι’
660 1153 733 1212 ὧν
760 1158 969 1211 κελεύει
1000 1160 1095 1229 τὴν
1126 1158 1415 1228 ἐπιθυμίαν
1445 1158 1748 1221 ἀνελόντας,

182 1252 280 1303 καὶ
313 1251 412 1320 τὴν
448 1249 651 1320 ὀργὴν,
701 1250 895 1319 μηκέτι
946 1249 1238 1302 δεδοικέναι
1260 1290 1273 1310 ,
1314 1250 1449 1318 μήτε
1486 1250 1583 1319 τῆς
1633 1266 1752 1319 μοι-

180 1340 337 1411 χείας
368 1341 428 1392 τὸ
457 1340 701 1410 μίασμα,
737 1343 871 1411 μήτε
912 1340 1003 1392 τοῦ
1052 1340 1210 1408 φόνου
1244 1342 1303 1391 τὸ
1351 1339 1501 1407 ἀγος.
1535 1341 1606 1392 Oti
1644 1340 1750 1410 γὰρ

181 1433 251 1484 ἂν
291 1431 376 1499 ἐςρ⁹
410 1431 601 1483 ἑαυτοῦ
646 1430 870 1500 συσταίη
909 1430 1111 1483 τούτων
1152 1430 1439 1499 ἑκάτερον,
1472 1432 1519 1482 εί
1555 1428 1627 1501 μὴ
1656 1430 1750 1499 φό-

179 1538 271 1573 νον
305 1520 404 1589 μὲν
435 1522 467 1589 ἡ
501 1519 674 1590 ὀργὴ.
719 1520 963 1589 μοιχείαν
996 1521 1052 1572 δὲ
1077 1521 1109 1588 ἡ
1132 1518 1392 1589 ἐπιθυμία
1420 1519 1743 1590 τελεσφορη-

182 1629 353 1663 σειεν.
406 1612 556 1664 Ἐπεὶ
575 1607 666 1664 οὖν
713 1612 741 1662 ὁ
786 1614 863 1673 εἰς
907 1611 1100 1663 κακίαν
1126 1609 1486 1677 τεκνογονῶν,
1522 1610 1749 1681 πρὸτῆς

182 1702 429 1773 μοιχείας
474 1702 653 1755 τίκτει
689 1701 785 1773 τὴν
828 1702 1147 1772 ἐπιθυμίαν,
1185 1703 1278 1755 καὶ
1314 1702 1410 1773 τὴν
1443 1702 1612 1775 όργὴν
1644 1706 1749 1775 πρὸ

176 1794 274 1847 τοῦ
324 1795 516 1863 φόνου*
573 1796 603 1847 ὁ
652 1794 853 1849 ἀνελὼν
903 1795 993 1848 τὸν
1046 1797 1382 1865 πρωτότοκον
1410 1836 1425 1859 ,
1478 1798 1745 1851 συνανεῑλε

1854 615 1961 667 illis
1989 612 2344 682 temporibus,
2369 628 2487 681 qua;
2516 626 2622 665 non
2657 609 2827 678 magis
2858 618 3072 678 propter
3100 619 3412 677 praesentes,

1854 705 1955 759 sub
1979 703 2176 774 quibus
2203 702 2421 768 ﬁebant,
2454 717 2614 771 quam
2649 709 2868 770 propter
2905 700 3134 762 futuros,
3172 700 3237 754 ad
3273 716 3414 769 quo-

1854 813 1972 852 rum
2018 798 2309 852 utilitatem
2335 798 2497 851 altius
2523 794 2801 851 reductam
2850 794 3242 864 intelliguntur,
3273 794 3416 849 facta

1854 890 2042 954 fuisse,
2083 905 2188 942 non
2235 888 2615 942 dubitaverim.
2665 885 2805 951 Quid
2855 901 2983 955 ergo
3028 886 3127 938 hac
3176 885 3415 938 historia:

1854 979 2018 1048 ﬁgura
2048 979 2343 1033 docemur?
2374 977 2516 1048 quod
2553 984 2799 1046 oporteat
2835 976 3037 1045 primas
3060 976 3415 1045 cogitationes

1851 1071 2111 1138 etprima
2147 1069 2408 1138 peccandi
2456 1067 2629 1127 initia,
2679 1075 2730 1120 et
2757 1067 2875 1120 vias
2918 1066 3120 1134 primas
3157 1067 3415 1120 radicitus

1852 1160 2061 1213 tollere.
2098 1160 2230 1212 Nam
2262 1159 2353 1228 qui
2390 1156 2657 1227 principia
2686 1155 2970 1215 destruxit,
3002 1154 3047 1207 is
3075 1155 3217 1222 quod
3250 1170 3314 1207 ex
3349 1156 3416 1208 iis
3496 1158 3497 1161 “

1853 1250 2117 1319 sequitur,
2151 1250 2313 1304 simul
2337 1247 2552 1310 delevit,
2588 1246 2729 1301 sicut
2762 1245 3023 1298 Dominus
3047 1260 3140 1312 per
3171 1244 3416 1315 Evange-

1851 1342 1982 1395 lium
2032 1356 2128 1395 nos
2160 1341 2337 1401 docet,
2386 1338 2771 1408 propemodum
2824 1337 2971 1388 clara
3002 1342 3147 1388 voce
3189 1352 3286 1389 nos
3322 1336 3415 1388 ad-

1850 1448 2108 1498 monens,
2185 1442 2245 1487 ut
2295 1431 2673 1502 Egyptiorum
2736 1429 3003 1482 malorum
3060 1429 3417 1498 primogenita

1850 1522 2257 1583 iuterimamus,
2323 1520 2450 1574 dum
2488 1519 2675 1588 jubet,
2737 1524 2795 1571 ut
2846 1516 3195 1585 cupiditatem
3256 1525 3417 1583 atque

1848 1611 1983 1663 iram
2016 1610 2231 1679 penitus
2261 1608 2699 1678 exstinguamus,
2742 1620 2842 1659 nec
2882 1604 3136 1673 deinceps
3170 1602 3417 1656 adulterii

1847 1702 2199 1771 pollutionem
2256 1709 2350 1755 aut
2395 1698 2676 1754 homicidii
2724 1698 2906 1752 scelus
2952 1696 3414 1761 reformidemus;

1849 1804 2126 1859 nunquam
2172 1790 2316 1843 enim
2374 1786 2579 1857 aliquid
2625 1787 2816 1841 borum
2866 1786 2998 1839 oriri
3050 1792 3260 1855 potest.
3311 1786 3414 1840 nisi

179 1889 400 1950 πάντως
433 1888 526 1941 καὶ
554 1888 651 1957 τὴν
682 1887 1073 1941 ἀκολουθοῦσαν
1102 1887 1177 1958 τῷ
1208 1889 1530 1959 πρωτοτόκῳ
1561 1888 1740 1960 γονὴν,

1850 1882 2073 1936 alterum
2125 1896 2190 1936 ex
2254 1881 2364 1944 ira;
2406 1880 2639 1933 alterum
2681 1892 2749 1932 ex
2796 1877 3089 1945 cupiditate
3134 1883 3413 1929 nascatur.

178 1979 374 2050 ῶσπερ
424 1979 517 2033 καὶ
563 1979 654 2032 ἐπὶ
697 1978 790 2032 τοῦ
838 1980 1010 2047 ὄφεως
1040 1982 1067 2032 ὁ
1098 1981 1195 2049 τὴν
1233 1980 1469 2051 κεφαλὴν
1509 1981 1740 2051 πλήξας,

177 2069 301 2121 ὅλον
341 2070 782 2140 συναπενέκρωσε
826 2069 916 2122 τὸν
958 2071 1184 2124 κατόπιν
1219 2071 1376 2124 ὁλκὸν
1426 2072 1483 2125 ὃν
1518 2073 1742 2141 ἐφέλκε-

176 2181 291 2216 ται.
323 2162 494 2216 Τοῦτο
521 2163 576 2216 δέ
605 2163 705 2216 οὐκ
743 2162 809 2216 ἂν
836 2162 1071 2231 γένοιτο,
1101 2164 1176 2234 μὴ
1209 2164 1558 2235 προχεθέντος
1590 2164 1746 2236 ἡμῶν

172 2258 299 2318 ταῖς
338 2255 561 2317 εἰσόδοις
602 2253 808 2306 ἐκείνου
835 2253 928 2306 τοῦ
964 2254 1211 2324 αἵματος,
1249 2255 1277 2307 ὃ
1305 2256 1394 2307 τὸν
1426 2255 1745 2326 όλοθρευτὴν

175 2347 535 2416 ἀποστρέφει.
590 2347 697 2399 Καὶ
745 2347 794 2399 εἰ
848 2346 950 2417 χρὴ
978 2347 1076 2417 τὴν
1120 2346 1470 2400 ἀποδοθεῖσαν
1510 2346 1745 2400 διάνοιαν

174 2438 573 2508 ἀκριϐέστερον
605 2440 662 2490 ὲν
689 2441 799 2500 τοίς
833 2438 1141 2509 εἰρημένοις
1177 2437 1505 2507 κατανοῆσαι
1530 2457 1544 2469 ·
1590 2436 1745 2489 τοῦτο

171 2530 245 2582 δι’
285 2532 559 2602 ἑκατέρων
597 2530 808 2584 δίδωσιν
836 2532 869 2601 ἡ
902 2532 1108 2601 ἱστορία
1138 2535 1294 2594 νοεῖν,
1318 2532 1381 2584 ἐκ
1413 2549 1471 2584 τε
1495 2532 1589 2585 τοῦ
1619 2533 1744 2584 ἀνε-

173 2621 294 2672 λεῖν
336 2621 406 2674 τὰ
447 2622 792 2692 πρωτότοκα,
838 2622 929 2673 καὶ
977 2624 1039 2674 ἐκ
1079 2621 1171 2674 τοῦ
1218 2622 1284 2674 δι’
1308 2622 1534 2691 αἵματος
1579 2616 1746 2674 καταὲ

174 2712 542 2781 σφαλισθῆναι
594 2711 693 2783 τὴν
748 2712 967 2765 εἴσοδον.
1036 2711 1182 2764 Ἐκεῖ
1232 2730 1290 2764 τε
1340 2713 1512 2782 γὰρὴ
1555 2711 1742 2783 πρώτη

172 2801 331 2872 ὁρμὴ
375 2801 469 2855 τοῦ
505 2802 673 2854 κακοῦ
715 2802 1061 2871 ἀφανίζεται,
1100 2806 1192 2857 καὶ
1227 2804 1460 2858 ἐνταῦθα
1491 2807 1523 2874 ἡ
1556 2805 1744 2877 πρώτη

170 2894 283 2961 τῆς
345 2893 542 2957 κακίας
604 2894 803 2957 εἴσοδος
865 2896 985 2949 καθ’
1038 2896 1192 2966 ἡμῶν
1218 2896 1304 2949 διὰ
1351 2896 1443 2950 τοῦ
1494 2896 1747 2969 ἀληθινοῦ

170 2984 359 3055 ἀμνοῦ
404 2986 802 3054 ἐπιστρέφεται.
855 2988 931 3039 Οὐ
980 2987 1090 3057 γὰρ
1139 2989 1287 3052 ἐντὸς
1329 2989 1613 3057 γενόμενον
1658 2990 1747 3041 τὸν

169 3074 509 3146 ὀλοθρευτὴν
545 3076 610 3128 δι’
650 3076 892 3140 ἐπινοίας
923 3078 1255 3149 ἐκδάλλομεν
1276 3119 1291 3141 ,
1342 3079 1456 3132 ἀλλ’
1490 3081 1634 3143 ὅπως
1682 3081 1748 3133 ἂν

172 3164 323 3233 μηδέ
355 3163 451 3234 τὴν
483 3164 653 3235 ἀρχὴν
698 3168 829 3236 ἡμῖν
857 3167 1192 3238 παρεισδύσῃ
1216 3210 1229 3230 ,
1266 3168 1507 3239 φυλακὴν
1536 3168 1623 3222 διὰ
1653 3169 1744 3222 τοῦ
1773 3203 1819 3265 c

168 3261 350 3330 νόμου
401 3260 717 3331 ποιούμεθα.
751 3262 965 3335 Φυλακὴ
1012 3263 1070 3316 δέ
1118 3266 1235 3317 ἐστι
1276 3266 1368 3318 καὶ
1396 3266 1660 3334 ἀσφάλεια
1684 3266 1745 3318 τὸ

167 3349 255 3419 τῷ
297 3348 491 3418 αἵματι
533 3349 626 3403 τοῦ
677 3350 847 3420 ἀμνοῦ
883 3353 981 3422 τήν
1027 3369 1086 3404 τε
1121 3348 1280 3421 φλιάν
1329 3354 1571 3416 καὶτοὺς
1618 3369 1744 3406 στα-

169 3439 360 3509 θμοὺς
396 3440 495 3509 τῆς
519 3440 721 3493 εἰσόδου
746 3443 1227 3512 κατασημήνασθαι
1251 3462 1265 3475 ο
1296 3444 1468 3499 ταῦτα
1496 3447 1620 3518 περὶ
1644 3446 1745 3515 ψυ-

166 3530 283 3600 χῆς
320 3531 454 3598 ἡμῖν
488 3530 924 3599 φυσιολογοῦντος
946 3532 1015 3585 δι’
1060 3534 1395 3602 αἰνιγμάτων
1436 3536 1529 3589 τοῦ
1562 3537 1742 3605 λόγου,

165 3618 195 3668 ὃ
223 3618 335 3669 καὶ
364 3618 399 3687 ἡ
446 3616 644 3683 ἔξωθεν
673 3619 947 3682 παίδευσις
981 3621 1309 3692 ἐφαντάσθη,
1345 3622 1626 3693 διαιροῦσα
1651 3624 1747 3694 τὴν

162 3710 363 3779 ψυχὴν
407 3710 485 3771 εἰς
530 3710 591 3761 τὸ
632 3709 931 3777 λογιστικὸν
969 3713 1062 3765 κα)⁵
1095 3713 1488 3785 ἐπιθυμητικὸν
1512 3716 1603 3768 καὶ
1651 3716 1746 3768 θυ-

166 3817 270 3869 μοε
288 3799 420 3861 ιδές.
457 3799 675 3861 Τούτοις
698 3800 753 3853 δὲ
784 3802 876 3853 καὶ
906 3801 999 3872 τὴν
1030 3803 1320 3873 ἐπιθυμίαν
1354 3804 1747 3875 ύποὸεδηκέναι

162 3891 351 3959 φασὶν
370 3930 386 3955 ,
416 3892 748 3961 ἑκατέρωθεν
768 3894 828 3945 τὸ
855 3893 1184 3962 διανοητικὸν
1211 3896 1307 3965 τῆς
1336 3896 1511 3966 ψυχῆς
1536 3898 1750 3967 ὑπερεί-

159 3983 377 4035 δουσαν
396 3998 410 4011 ·
437 3982 527 4034 τὸν
559 3982 612 4034 δὲ
654 3982 907 4053 λογισμὸν
946 3985 1269 4056 ἀμφοτέροις
1320 3988 1713 4058 ἐπεζευγμένον
1732 4029 1747 4052 ,

162 4073 433 4143 συνέχειν
480 4090 539 4124 τε
591 4074 814 4136 αὐτοὺς,
870 4076 963 4128 καὶ
1017 4076 1121 4129 ὑπό
1160 4078 1380 4130 ἐκείνων
1430 4079 1745 4148 ἀνέχεσθαι*

158 4169 313 4236 πρὸς
351 4166 458 4236 μὲν
506 4167 856 4238 ἀνδρείαντῷ
902 4169 1055 4239 θυμῷ
1090 4172 1482 4240 στομούμενον,
1532 4173 1666 4241 πρὸς
1694 4173 1750 4225 δὲ

155 4259 267 4328 τὴν
304 4258 411 4311 τοῦ
444 4257 647 4325 ἀγαθοῦ
695 4259 976 4327 μετουσίαν
1015 4260 1081 4312 δι’
1110 4260 1401 4331 ἐπιθυμίας
1430 4262 1749 4332 ὑψούμενον.

158 4350 325 4411 Ἕως
372 4347 444 4400 ἂν
485 4343 576 4400 οὖν
627 4351 659 4418 ἡ
695 4348 838 4420 ψυχὴ
874 4349 950 4419 τῷ
983 4351 1219 4419 σχήματι
1252 4351 1423 4421 τούτῳ
1469 4368 1749 4420 κατησφα-

153 4438 419 4509 λισμένη
443 4439 598 4509 τύχη,
623 4440 869 4511 καθάπερ
893 4441 1003 4493 τισὶ
1030 4442 1259 4510 γόμφοις
1281 4445 1390 4505 τοῖς
1408 4444 1527 4496 κατ’
1556 4442 1753 4513 ἀρετὴν

1846 1966 1950 2033 Qui
1989 1968 2408 2038 primogenitum
2440 1966 2722 2031 interimit,
2750 1966 2796 2021 is
2837 1973 3051 2035 partum
3080 1981 3297 2035 quoque
3323 1965 3415 2034 qui

1845 2078 1910 2116 ex
1952 2061 2310 2131 primogenito
2343 2062 2606 2122 nascitur,
2642 2058 2805 2112 simul
2846 2058 3128 2112 interimit.
3176 2057 3329 2124 Sicut
3360 2058 3415 2110 in

1844 2151 2144 2206 occidendo
2176 2159 2446 2220 serpente,
2472 2154 2562 2219 qui
2596 2157 2758 2219 caput
2793 2148 3065 2217 oppressit
3100 2156 3261 2217 atque
3301 2163 3417 2216 pcr-

1846 2242 2037 2305 cussit,
2099 2241 2145 2295 is
2204 2249 2376 2295 totum
2435 2240 2579 2309 quod
2629 2254 2661 2293 a
2710 2240 2886 2308 capite
2932 2239 3166 2292 trahitur
3212 2253 3414 2307 corpus

1846 2329 2209 2394 mortiﬁcavit,
2258 2329 2402 2400 quod
2458 2330 2681 2383 minime
2728 2344 2965 2397 unquam
3030 2328 3145 2381 ﬁeri
3191 2329 3412 2397 poterit,

1846 2424 1953 2477 nisi
1996 2423 2219 2493 sanguis
2250 2425 2303 2477 in
2341 2422 2499 2477 ostiis
2539 2420 2875 2481 infundatur,
2912 2419 3007 2489 qui
3036 2432 3411 2488 percussorem

1846 2516 2003 2569 facile
2030 2515 2257 2584 repellit.
2295 2514 2352 2568 ld
2385 2529 2514 2584 ergo
2540 2521 2832 2582 utrumque
2862 2512 2915 2565 in
2968 2526 3131 2564 unum
3176 2510 3414 2579 comple-

1845 2616 2097 2663 ctatnur:
2133 2609 2214 2662 sic
2260 2608 2404 2662 enim
2456 2606 2660 2661 rectius
2699 2621 2763 2659 ac
2805 2605 3133 2674 exquisitius
3174 2619 3415 2672 expone-

1846 2706 1953 2752 tur.
1982 2696 2471 2767 Primogenitorum
2515 2711 2645 2751 nece
2674 2706 2746 2751 et
2784 2696 3020 2764 postium
3062 2711 3158 2764 per
3193 2696 3416 2764 sangui-

1847 2804 1969 2842 nem
2016 2790 2259 2843 custodia
2295 2789 2578 2852 discimus,
2617 2796 2672 2843 et
2717 2787 2866 2841 illinc
2908 2788 3111 2854 primas
3150 2789 3413 2841 vitiorum

1848 2879 2203 2948 appetitiones
2248 2880 2543 2943 tollendas,
2587 2886 2641 2934 et
2692 2880 2818 2934 hinc
2869 2880 3106 2949 primum
3156 2880 3413 2933 vitiorum

1848 2972 2109 3026 adversus
2140 2986 2239 3025 nos
2262 2972 2461 3026 aditum
2485 2988 2579 3042 per
2602 2987 2787 3028 verum
2816 2986 3011 3040 agnum
3045 2973 3413 3040 repellendum

1847 3078 1968 3117 esse
2010 3064 2398 3132 intelligimus;
2435 3079 2543 3117 non
2581 3063 2725 3116 enim
2773 3061 3077 3130 ingressum
3125 3076 3413 3130 percusso-

1848 3170 1963 3207 rem
2002 3154 2221 3222 ejicere,
2250 3154 2343 3208 sed
2376 3170 2443 3209 ne
2471 3154 2695 3207 omnino
2731 3151 3192 3222 subingrediatur.
3221 3167 3415 3206 cavere

1848 3242 2129 3312 lexjubet.
2180 3242 2371 3295 Cautio
2420 3252 2595 3295 autem
2636 3250 2689 3295 et
2741 3240 2987 3295 custodia
3030 3248 3146 3293 tuta
3197 3248 3300 3303 est,
3354 3248 3415 3293 ut

1846 3335 1968 3403 agni
2012 3334 2276 3403 sanguine
2318 3332 2735 3401 superliminare
2772 3330 2933 3385 simul
2978 3339 3032 3384 et
3068 3338 3251 3399 postes
3288 3346 3415 3400 pcr-

1846 3441 2151 3495 uugamus:
2180 3425 2253 3477 ita
2298 3439 2392 3493 per
2443 3428 2728 3492 aenigmata
2768 3437 2870 3476 nos
2923 3437 2986 3475 ea
3045 3424 3129 3477 lex
3169 3422 3412 3485 instruit,

1846 3517 2030 3573 saeculi
2080 3531 2293 3586 quoque
2341 3514 2587 3569 doctrina
2637 3512 3066 3582 philosophatur.
3119 3510 3252 3566 Nam
3292 3514 3414 3565 ani-

1848 3623 1988 3661 mam
2027 3608 2079 3660 in
2120 3606 2402 3667 rationale,
2434 3603 2863 3673 concupiscibile
2901 3617 2963 3655 ac
2990 3604 3260 3657 irascibile
3290 3605 3413 3672 phi-

1849 3697 2060 3767 losophi
2091 3697 2402 3766 partiuntur
2434 3713 2446 3747 :
2475 3708 2706 3763 quorum
2750 3693 2859 3745 duo
2888 3700 3185 3761 p0streuta,
3218 3693 3413 3747 irasci-

1848 3790 1953 3844 bile
2021 3790 2143 3843 dico
2199 3798 2255 3843 et
2324 3786 2783 3855 coucupiscihile,
2837 3788 3066 3839 subesse
3121 3785 3290 3844 aiunt,
3351 3799 3414 3837 ac

1850 3891 2142 3951 utrumque
2167 3882 2433 3934 rationale
2462 3880 2738 3933 sustinere
2765 3895 2778 3932 :
2802 3876 3068 3930 rationale
3092 3891 3219 3929 vero
3248 3876 3415 3928 utris-

1849 3989 1954 4042 que
1998 3973 2241 4026 innixum
2284 3981 2513 4039 utraque
2570 3970 2885 4031 continere,
2946 3977 2998 4023 et
3050 3970 3118 4021 ab
3167 3970 3415 4037 utrisque

1852 4065 2136 4128 sustineri,
2179 4063 2321 4116 utad
2355 4061 2569 4115 fortiter
2593 4060 2813 4129 quidem
2849 4060 3113 4130 agendum
3153 4075 3249 4129 per
3274 4061 3412 4113 iram

1860 4158 2129 4212 excitetur
2162 4171 2225 4208 ac
2270 4155 2576 4216 roboretur,
2612 4151 2680 4204 ad
2716 4152 2844 4204 boni
2877 4159 3056 4205 autem
3100 4151 3413 4205 lruitionem

1852 4248 2293 4316 concupiscentia
2342 4244 2621 4299 elieralur.
2674 4242 2971 4313 Quousque
3025 4244 3192 4313 igitur
3234 4245 3415 4299 anima

1851 4342 1957 4395 hoc
1995 4340 2452 4408 ordineseipsam
2498 4344 2727 4401 tutatur,
2778 4337 2943 4389 rectis
2988 4338 3415 4406 cogitationibus

1853 4431 2011 4501 quasi
2041 4429 2363 4498 quibusdam
2395 4428 2587 4489 clavis,
2624 4428 2770 4480 hunc
2801 4429 3029 4481 istorum
3061 4429 3225 4481 trium
3264 4428 3414 4481 ordi-

154 4536 428 4603 νοήμασι
472 4532 531 4584 τὸ
573 4531 784 4602 βέϐαιον
818 4531 1043 4601 ἔχουσα,
1093 4534 1150 4583 ὲν
1198 4532 1344 4603 πάσῃ
1398 4533 1462 4585 δι’
1514 4532 1749 4603 ἀλλήλων

1856 4541 1977 4579 nem
2004 4538 2332 4577 conservans
2356 4561 2369 4584 ,
2400 4522 2629 4575 alterum
2663 4522 2730 4574 ah
2759 4523 2930 4576 altero
2963 4523 3141 4591 quoad
3197 4524 3416 4578 virtutis

152 4621 394 4688 γίνεται
428 4622 493 4689 τῇ
529 4620 663 4688 πρὸς
694 4620 752 4671 τὸ
780 4618 939 4672 καλὸν
973 4621 1228 4689 συνεργίᾳ
1252 4638 1264 4649 ·
1302 4622 1625 4691 παρέχοντος
1653 4622 1750 4693 ἤδη

149 4713 225 4765 δι’
267 4709 486 4763 ἐαυτοῦ
508 4714 617 4772 τοῖς
650 4710 1007 4779 ὑποϐεϐηκόσι
1035 4710 1127 4763 τοῦ
1170 4711 1426 4781 λογισμοῦ
1460 4712 1556 4783 τὴν
1579 4713 1753 4781 ἀσφά-

149 4803 349 4863 λειαν,
382 4802 480 4853 καὶ
523 4802 580 4853 ἐν
614 4800 692 4870 τῷ
728 4800 879 4870 μέρει
913 4802 1041 4869 παρ’
1072 4801 1292 4853 ἐκείνων
1313 4802 1411 4870 τὴν
1446 4800 1562 4870 ἴσην
1593 4802 1751 4873 χάριν

148 4892 693 4964 ἀντιλαμϐάνοντος,
745 4893 805 4944 Εἰ
835 4891 889 4943 δέ
922 4893 1289 4962 ἀναστραφείη
1319 4894 1379 4945 τὸ
1411 4894 1629 4963 σχῆμα,
1660 4894 1752 4946 καὶ

145 4986 224 5037 τὰ
278 4984 415 5037 ἄνω
466 4982 673 5048 γένοιτο
715 4982 898 5045 κάτω,
949 4982 1087 5035 ὥστε
1134 4984 1274 5036 κατά
1316 4984 1375 5035 τὸ
1419 4983 1753 5053 πατούμενον

146 5078 345 5147 μέρος
379 5072 471 5125 τὸν
502 5073 755 5141 λογισμὸν
780 5075 1012 5127 πεσόντα
1043 5074 1154 5126 ἀνω
1182 5074 1374 5126 ἐαυτοῦ
1406 5074 1627 5143 ποιῆσαι
1655 5075 1751 5145 τὴν

144 5164 593 5233 ἐπιθυμητικήν
634 5180 693 5214 τε
739 5164 831 5215 καὶ
858 5161 1073 5233 θυμὼδη
1112 5162 1375 5216 διάθεσινο
1428 5163 1545 5215 τότε
1579 5160 1751 5216 δόλο-

146 5257 394 5327 θρεὺων
446 5254 525 5317 εἰς
556 5254 624 5307 τά
656 5255 802 5317 ἐντὸς
848 5253 1210 5323 παραδύεται,
1248 5254 1511 5325 μηδεμιᾶς
1558 5254 1655 5324 τῆς
1684 5256 1748 5308 ἐκ

141 5350 251 5402 τοῦ
311 5347 561 5415 αἵματος
610 5343 959 5407 ἀντιπαθείας
989 5344 1396 5415 ἀντιὸαινούσης
1427 5345 1574 5415 αὑτῷ
1615 5345 1749 5414 πρὸς

139 5443 256 5510 τὴν
313 5438 569 5501 εἴσοδον,
626 5437 902 5501 τουτέστι,
928 5439 1038 5499 τοῖς
1071 5435 1213 5489 οὕτω
1262 5436 1619 5507 διακειμένοις
1654 5437 1750 5505 τῆς

141 5536 232 5596 εἰς
273 5528 530 5602 Χριστὸν
573 5528 805 5590 πίστεως
850 5526 1258 5597 συμμαχούσης.
1305 5528 1393 5598 Τῷ
1428 5528 1535 5597 γὰρ
1562 5528 1750 5598 αἵματι

138 5624 402 5696 πρῶτον
431 5619 736 5685 ἐπαλείφειν
766 5618 968 5670 κελεύει
990 5618 1086 5688 τὴν
1115 5619 1226 5671 ἄνω
1254 5617 1433 5686 φλιάν,
1463 5614 1559 5671 εἷθ’
1583 5618 1752 5680 οὕτως

136 5710 559 5781 ἐπιθιγγάνειν
602 5710 709 5762 τῶν
739 5707 988 5778 σταθμῶν
1021 5709 1373 5779 ἑκατέρωθεν.
1410 5710 1530 5771 Πῶς
1560 5710 1622 5761 ἂν
1656 5707 1747 5763 οὖν

137 5828 231 5871 τις
269 5800 605 5871 ἐπαλείψειε
634 5800 695 5852 τὸ
736 5799 845 5853 ἅνω
875 5798 1115 5868 πρῶτον,
1158 5800 1218 5851 τὸ
1262 5799 1335 5869 μὴ
1367 5800 1744 5870 εὑρισκόμενον

1857 4618 2057 4672 cultum
2114 4616 2676 4684 coadjuvaturzratio
2716 4616 2859 4669 enim
2912 4615 3182 4669 irascendi
3213 4624 3266 4670 et
3317 4633 3415 4669 cu-

1859 4711 2037 4780 piendi
2070 4711 2176 4763 vim
2222 4710 2289 4763 ad
2326 4710 2526 4763 bonum
2558 4709 2767 4779 dirigit,
2802 4716 2856 4763 et
2902 4710 2970 4763 ab
3020 4711 3149 4772 illis,
3182 4720 3241 4763 ut
3271 4711 3413 4764 dixi—

1858 4817 1999 4860 mus,
2029 4799 2434 4853 cmroboratur.
2472 4796 2529 4851 Si
2563 4814 2690 4852 vero
2719 4800 2766 4852 is
2800 4800 2936 4853 ordo
2964 4814 3264 4854 conversus
3294 4800 3413 4854 fue—

1857 4892 1947 4955 rit,
1978 4898 2031 4944 et
2059 4890 2202 4959 quod
2247 4904 2411 4958 supra
2452 4906 2574 4944 esse
2617 4890 2795 4951 debet,
2843 4890 3184 4959 subjiciatur,
3226 4901 3279 4946 et
3314 4909 3413 4945 eno

1855 4983 2035 5051 piendi
2080 4997 2145 5035 ac
2189 4981 2457 5036 irascendi
2494 4981 2577 5036 vis
2626 4982 2889 5035 rationem
2936 4982 3003 5036 de
3043 4984 3160 5036 loco
3193 4998 3291 5037 suo
3322 4985 3415 5037 de-

1850 5075 2049 5143 jectam
2086 5074 2390 5137 conculcet,
2424 5081 2557 5126 tunc
2597 5088 2887 5141 percussor
2930 5076 3254 5143 ingreditur,
3284 5085 3413 5129 tunc

1854 5165 2003 5219 nulla
2031 5163 2310 5232 sanguinis
2341 5164 2421 5217 vis
2444 5163 2546 5231 ipsi
2578 5164 2815 5229 resistit;
2848 5165 2984 5218 nihil
3014 5167 3155 5217 enim
3185 5166 3315 5219 lid:s
3356 5167 3412 5219 in

1852 5257 2124 5311 Christum
2155 5254 2240 5308 his
2280 5254 2525 5323 prodest,
2564 5255 2658 5324 qui
2696 5258 3042 5324 perversione
3072 5255 3236 5325 hujus
3266 5258 3413 5310 ordi-

1849 5346 1934 5398 nis
1964 5357 2407 5414 corrumpuntttr.
2433 5344 2616 5398 Primo
2636 5347 2778 5401 enim
2806 5348 3223 5416 superliminare
3254 5348 3413 5400 inuno

1851 5437 2104 5506 gendum,
2133 5436 2327 5491 deinde
2357 5448 2646 5508 utrumque.
2692 5448 2899 5509 postem
2933 5440 3246 5508 tingendum
3288 5454 3413 5492 san-

1851 5532 2013 5599 guine
2072 5530 2246 5600 jubet.
2306 5530 2587 5597 Quomodo
2640 5532 2804 5598 igitur
2872 5534 3076 5601 poteris
3147 5530 3411 5583 rationem

1855 5620 2086 5688 primum
2138 5622 2337 5675 Christi
2376 5622 2478 5676 [ide
2509 5623 2865 5682 communire,
2913 5638 3033 5673 cum
3076 5635 3194 5676 eam
3247 5633 3412 5687 supra

1853 5727 2093 5779 quaerere
2134 5710 2419 5779 jubearis?
2464 5712 2509 5765 si
2540 5727 2704 5779 supra
2756 5725 2872 5764 eam
2918 5712 2967 5761 in
3001 5709 3119 5762 loco
3154 5726 3254 5764 suo
3303 5726 3411 5765 non

1855 5805 2121 5873 invenies,
2160 5805 2310 5860 nullo
2356 5813 2505 5861 certe
2557 5804 2738 5860 modo.
2796 5801 2903 5858 Nec
2943 5810 2994 5858 te
3022 5804 3222 5871 turbet,
3268 5801 3412 5873 quod
