3982 6462
215 416 301 475 357
1463 403 1550 458 DE
1581 404 1739 460 VITA
1775 403 2047 459 MOYSIS.

3295 394 3398 448 εδδ

216 527 329 595 ζωῇ,
350 520 454 591 ἀμα
475 517 537 587 τῇ
565 492 772 582 γενέσει
801 514 934 586 πρὸς
960 514 1055 587 τὴν
1088 516 1265 583 ἔξοδον
1295 516 1387 570 ὑπ’
1424 518 1595 587 αὐτῆς
1626 518 1728 587 τῆς

1831 521 1953 575 dam
2016 533 2137 573 esse
2190 515 2352 569 vitam
2420 523 2701 577 nostram,
2767 511 2912 582 quod
2991 510 3244 565 nimirum
3330 510 3401 566 ad

211 616 424 681 ἀνάγκης
473 605 931 675 συνελαυνόμενοι,
985 608 1120 679 πρὸς
1171 608 1237 679 ἢν
1292 609 1731 678 παρεσκευάσθαι

212 708 300 779 χρὴ
341 699 482 772 χερσί
522 714 578 749 τε
626 696 718 749 καὶ
750 698 897 761 ποσὶ,
930 700 1023 751 καὶ
1062 702 1126 769 τῇ
1173 700 1332 771 λοιπῇ
1373 703 1439 769 τῇ
1477 700 1611 770 πρὸς
1634 702 1733 771 τὴν

207 798 307 850 ὁδὸν
328 787 592 858 ἀσφαλείᾳ.
624 788 731 840 Καὶ
767 787 840 851 ὡς
875 788 942 841 ἂν
973 788 1046 860 μὴ
1070 794 1187 854 ταῖς
1207 791 1467 855 ἀκάνθαις
1491 794 1584 862 τού
1617 792 1730 862 βίου

206 886 369 940 τούτου
404 855 651 949 ⁷(ἄκανθαι
676 878 720 931 δ’
760 878 826 933 ἂν
851 855 1046 933 εἶενταί
1082 882 1365 952 ἁμαρτίαι)
1405 855 1627 952 γυμνοῖς
1673 900 1731 936 τε

204 977 285 1031 καὶ
308 970 621 1042 ἀφυλάκτοις
649 972 760 1033 τοῖς
805 971 931 1023 ποσὶ
969 970 1187 1042 βλαϐείη
1197 990 1314 1042 μεν,
1341 974 1437 1044 τὴν
1467 974 1571 1025 τῶν
1598 975 1730 1028 ὑπο-

204 1066 428 1137 δημάτων
484 1060 811 1133 στερρότητα
862 1060 971 1114 τῶν
1044 1062 1217 1115 ποδῶν
1282 1063 1728 1134 προδαλλώμεθα.

204 1153 361 1209 Ταῦτα
386 1150 439 1203 δέ
475 1151 619 1201 ἐστιν
648 1150 921 1220 ἐγκρατής
969 1168 1027 1203 τε
1063 1151 1156 1205 καὶ
1186 1152 1567 1222 κατεσκληκὼς
1597 1154 1728 1222 βίος,

201 1243 441 1315 ὀθραύων
477 1240 543 1293 δι’
574 1241 764 1293 ἑαυτοῦ
798 1242 889 1293 καὶ
926 1242 1196 1311 περικλῶν
1232 1244 1329 1307 τάς
1359 1245 1455 1314 τῆς
1491 1246 1730 1316 ἀκάνθης

198 1335 377 1405 ἀκμὰς,
416 1332 505 1385 καὶ
527 1331 749 1384 κωλύων
776 1334 838 1384 ὲκ
856 1332 1056 1404 λεπτῆς
1082 1351 1139 1386 τε
1174 1335 1264 1388 καὶ
1294 1337 1531 1404 ἀφανοῦς
1558 1337 1731 1407 ἀρχῆς

198 1428 279 1497 τὴν
305 1422 564 1495 ἀμαρτίαν
602 1424 692 1474 ἐπὶ
736 1422 795 1475 τὸ
818 1423 965 1487 ἐντὸς
995 1425 1381 1496 παραδύεσθαι.
1406 1426 1476 1481 Ὀ
1513 1445 1571 1481 τε
1619 1431 1731 1491 τοῖς

195 1518 306 1570 ποσὶ
334 1513 753 1585 περικεχυμένος
777 1513 961 1583 χιτὼν,
994 1516 1088 1568 καὶ
1133 1516 1293 1589 μέχρι
1321 1518 1497 1571 ποδῶν
1550 1519 1732 1573 καθει-

196 1608 356 1679 μένος,
414 1604 665 1674 ἐμπόδιον
706 1604 771 1658 ἂν
815 1605 900 1676 εἴη
944 1605 1022 1676 τῷ
1054 1606 1152 1677 τὴν
1189 1607 1305 1661 ὀδόν
1354 1608 1554 1678 ταύτην
1594 1610 1731 1663 κατά

195 1697 403 1766 σπουδὴν
430 1694 717 1749 διαθέοντι.
764 1695 940 1749 Χιτὼν
968 1696 1014 1750 δ’
1038 1697 1102 1751 ἂν
1130 1699 1261 1768 ἡμῖν
1281 1739 1296 1763 ,
1322 1699 1461 1752 κατά
1498 1699 1556 1752 τὸ
1605 1700 1731 1754 ἀκό-

187 1790 375 1849 λουθον,
406 1786 647 1856 νοηθείη,
676 1789 707 1857 ἡ
736 1788 1102 1860 ἀπολαυστικὴ
1119 1790 1228 1843 τῶν
1256 1793 1313 1844 έν
1336 1791 1411 1862 τῷ
1440 1791 1536 1863 βίῳ
1557 1792 1731 1863 τούτῳ

192 1878 616 1949 σπουδαζομένων
661 1880 954 1952 πλατύτης,
981 1882 1049 1954 ἢν
1096 1886 1173 1947 είς
1210 1884 1386 1953 ὀλίγον
1426 1889 1454 1940 ὀ
1500 1886 1729 1956 σώφρων

185 1970 418 2040 λογισμὸς
468 1971 766 2034 συστέλλει,
809 1971 951 2043 ζώνη
1001 1974 1094 2028 τοῦ
1150 1976 1554 2049 ὁδοιποροῦντος
1588 1979 1731 2046 γινό-

188 2078 349 2133 μενος.
380 2060 451 2113 T6
482 2061 539 2114 δὲ
593 2063 943 2135 σωφροσύνην
965 2062 1103 2120 εἶναι
1154 2068 1251 2138 τὴν
1305 2068 1498 2138 ζώνην,
1528 2070 1731 2140 μαρτύ-

183 2172 317 2225 ρεται
370 2153 447 2224 τῷ
502 2154 711 2224 τρόπῳ,
761 2157 889 2227 περὶ
937 2157 997 2209 ὃν
1050 2160 1347 2229 ἐνεργεῖται
1400 2162 1434 2231 ὴ
1479 2161 1610 2233 ζωή.
1658 2163 1730 2215 Ἤ

182 2244 225 2297 τ’
246 2239 307 2297 αὖ
333 2243 438 2295 τῶν
488 2243 697 2314 θηρίων
728 2247 995 2319 ἀμυντικὴ
1036 2249 1323 2321 βακτηρία,
1345 2252 1373 2303 ὀ
1407 2254 1502 2321 τῆς
1525 2253 1733 2317 ὲλπίδος

176 2336 316 2403 λόγος
342 2336 510 2399 ἐστὶν,
542 2328 590 2402 ᾧ
633 2338 728 2389 καὶ
750 2338 810 2390 τὸ
838 2339 1089 2409 καμμύον
1122 2341 1220 2411 τῆς
1246 2342 1421 2413 ψυχῆς
1451 2344 1732 2413 ὑπερείδο-

182 2442 286 2493 μεν,
314 2425 406 2477 καὶ
434 2426 495 2477 τὸ
521 2426 788 2479 ὑλακτοῦν
818 2429 1151 2500 ἀμυνόμεθα.
1199 2432 1292 2484 Ἐκ
1320 2434 1488 2505 πυρὸς
1519 2434 1575 2485 δὲ
1602 2451 1734 2505 προ-

172 2518 406 2570 τεθεῖσαν
439 2520 578 2587 ἡμῖν
620 2519 719 2590 τὴν
762 2519 979 2591 ἐδωδὴν,
1005 2521 1106 2592 τὴν
1134 2521 1339 2594 θερμὴν
1365 2524 1567 2596 ταύτην
1591 2525 1733 2592 λέγω

174 2608 255 2661 καὶ
282 2608 519 2681 ἐκπυρον
568 2609 775 2673 πίστιν,
820 2612 886 2679 ἣν
913 2612 1174 2684 ἀμελλητὶ
1205 2615 1629 2687 προσδεχόμεθα,
1664 2610 1732 2688 ἦς

170 2700 498 2769 ἐμφαγόντες
535 2701 665 2754 ὅσον
710 2704 773 2755 ὲκ
828 2704 1116 2776 προχείρου
1152 2706 1356 2774 γίνεται
1404 2708 1604 2779 ληπτὸν
1654 2710 1733 2780 τῷ

170 2789 406 2854 ἐσθίοντι,
436 2792 534 2843 καί
591 2791 684 2844 τὸν
732 2796 1105 2864 κεκρυμμένον
1138 2798 1247 2859 τοῖς
1278 2798 1647 2869 στερροτέροις
1674 2817 1733 2853 τε

168 2882 249 2934 καὶ
279 2882 632 2954 δυστρίπτοις
658 2885 911 2956 νοήμασι,
943 2887 1035 2939 καὶ
1083 2885 1161 2956 τῷ
1201 2887 1343 2959 λόγῳ
1362 2928 1377 2952 ,
1406 2889 1735 2961 ἀπεριέργα-

170 2970 281 3023 στόν
307 2988 365 3024 τε
402 2974 502 3026 καὶ
540 2973 1102 3045 ἀπολυπραγμόνητον
1131 2975 1626 3047 καταλιμπάνομεν,
1657 2977 1732 3048 τῷ

165 3063 288 3135 πυρὶ
338 3063 699 3135 προτιθέντες
754 3064 854 3135 τὴν
889 3064 1141 3136 τοιαύτην
1188 3069 1412 3137 τροφήν.
1466 3067 1549 3130 Ὠς
1581 3066 1623 3119 δ’
1669 3068 1733 3121 ἂν

166 3156 517 3227 σαφηνισθείη
550 3156 625 3210 τὰ
674 3159 801 3227 περὶ
845 3156 1047 3210 τούτων
1091 3157 1405 3227 αἰνίγματα,
1437 3158 1608 3212 ταῦτά
1635 3176 1737 3228 φα-

164 3266 274 3318 μεν,
302 3250 385 3302 ὅτι
429 3249 548 3303 τῶν
591 3249 754 3305 θείων
802 3250 1274 3321 παραγγελμάτων
1310 3252 1410 3305 ὅσα
1450 3251 1548 3322 μὲν
1603 3252 1735 3323 πρό-

160 3356 329 3409 χειρον
352 3338 452 3409 τὴν
478 3339 814 3409 κατανόησιν
839 3339 967 3409 ἔχει,
990 3340 1048 3392 ού
1069 3339 1307 3410 νωθρῶς,
1325 3341 1441 3395 οὐδὲ
1471 3359 1737 3413 κατηναγ-

163 3428 443 3498 κασμὲνως
498 3428 749 3500 μετιέναι
792 3432 1052 3500 προσήκει
1081 3446 1093 3459 ⁸
1132 3430 1245 3482 ἀλλ’
1283 3426 1392 3483 οἶον
1438 3432 1735 3496 πεινῶντας

158 3518 244 3568 καὶ
274 3519 390 3585 μετ’
405 3517 656 3588 ὀρέξεως
678 3517 1027 3587 ἐμφορεῖσθαι
1055 3518 1162 3571 τῶν
1183 3519 1574 3590 προκειμένων,
1595 3520 1733 3574 ὥστε

158 3608 405 3675 γενέσθαι
433 3610 545 3678 τὴν
575 3610 785 3680 τροφὴν
829 3612 962 3681 ἡμῖν
1006 3610 1215 3675 εὐεξίας
1259 3612 1487 3681 ἑφόδιον.
1519 3614 1659 3667 Ὅσα
1679 3613 1735 3667 δὲ

151 3701 456 3771 κέκρυπται
512 3702 631 3755 τῶν
666 3702 967 3771 νοημάτων,
992 3699 1101 3756 οἷον
1131 3704 1192 3756 τὸ
1225 3704 1423 3776 ζητεῖν,
1456 3706 1539 3769 τίς
1574 3708 1607 3776 ή
1642 3706 1734 3759 ού-

156 3790 237 3843 σία
256 3790 351 3844 τοῦ
375 3791 555 3859 8506;
588 3792 645 3845 τί
678 3793 780 3863 πρὸ
815 3794 911 3863 τῆς
944 3794 1169 3858 κτίσεως
1192 3790 1258 3865 ἦν
1283 3813 1296 3860 ;
1325 3797 1376 3849 τί
1402 3796 1460 3849 τὸ
1486 3796 1589 3861 ἔξω
1628 3798 1734 3851 τῶν

150 3884 496 3954 φαινομένων
518 3901 535 3950 ;
561 3884 654 3948 τίς
682 3886 714 3955 ἡ
745 3886 955 3956 ἀνάγκη
1001 3888 1108 3939 τῶν
1152 3890 1476 3958 γινομένωνς
1512 3891 1606 3944 καὶ
1635 3893 1730 3944 ὅσα

149 3974 369 4028 τοιαῦτα
411 3975 527 4029 ὑπὸ
581 3975 695 4029 τῶν
745 3977 1048 4047 περιέργων
1110 3979 1392 4049 ὲρευνᾶται
1430 3998 1443 4013 ο
1472 3981 1549 4051 τῷ
1596 3983 1735 4051 ἀγίῳ

148 4065 425 4136 ηνεύματι
481 4070 799 4137 συγχωρεῖν
834 4069 976 4138 μόνῳ
1020 4068 1335 4137 γινώσκειν,
1373 4071 1449 4142 τῷ
1486 4072 1553 4125 τά
1597 4072 1735 4144 βάθη

146 4156 235 4209 τοῦ
283 4159 426 4213 Θεοῦ
478 4159 857 4231 διερευνῶντι,
900 4161 1078 4225 καθώς
1126 4179 1288 4232 φησιν
1328 4164 1356 4215 6
1396 4164 1731 4228 Ἀπόστολος.

1834 610 2117 666 visendum
2169 610 2344 663 obiter
2397 608 2500 661 hoc
2529 622 2699 660 mvqu
2758 603 3089 663 accedimus,
3138 611 3191 658 et
3238 603 3402 657 simul

1833 709 1997 769 atque
2052 699 2162 752 nati
2193 712 2406 761 sumus,
2427 695 2493 749 ad
2543 696 2748 749 exitum
2804 694 3127 748 necessitate
3169 692 3399 760 quadam

1832 792 2228 862 compellimur,
2261 790 2325 842 ad
2353 804 2473 857 qua:
2503 793 2833 856 praeparatos
2868 800 2967 839 nos
3011 800 3132 839 esse
3162 784 3277 836 vult
3305 798 3400 850 pe-

1832 883 1994 937 dibus
2021 889 2074 935 et
2106 880 2376 939 manibtts,
2413 878 2729 946 reliquoque
2760 873 2827 927 ad
2858 874 2959 926 iter
3010 880 3289 941 apparatu.
3324 869 3403 924 Ne

1831 977 1997 1044 igitur
2031 972 2204 1041 spinis
2233 972 2287 1024 in
2313 971 2413 1025 hoc
2455 968 2626 1021 arduo
2655 966 2870 1019 vivendi
2904 965 3091 1018 itinere
3118 964 3278 1031 pedes
3306 962 3399 1015 lae-

1830 1068 2157 1130 dantur,non
2177 1063 2336 1117 nudis
2353 1058 2696 1132 pedibus.sed
2716 1058 3027 1112 durioribus
3047 1057 3243 1109 calceis
3260 1070 3403 1109 com-

1829 1158 2023 1211 muniti
2046 1155 2301 1209 itinerare
2316 1155 2593 1207 debemus.
2616 1148 2796 1220 Spinae
2820 1158 3020 1213 autem,
3036 1163 3153 1216 quae
3172 1146 3401 1216 pedibus

1830 1252 2006 1305 inﬁxae
2023 1264 2130 1302 non
2151 1249 2323 1303 solum
2340 1246 2575 1300 retinent
2599 1243 3005 1311 retardantque,
3024 1257 3208 1294 verum
3236 1241 3397 1294 etiam

1829 1347 2080 1401 enecant,
2107 1346 2326 1406 peccata
2358 1345 2504 1395 sunt,
2553 1348 2581 1387 a
2606 1334 2801 1403 quibus
2827 1333 3051 1387 durities
3095 1331 3400 1384 calceorum

1829 1430 2084 1491 defendit,
2099 1425 2566 1482 contiuentissima
2580 1423 2848 1485 videlicet,
2867 1423 3043 1477 tenuis
3062 1436 3125 1474 ac
3139 1421 3272 1473 dura
3291 1421 3399 1473 vita

1828 1536 1948 1589 quae
1967 1520 2397 1583 debilitat,atque
2414 1517 2613 1585 frangit
2632 1515 2907 1585 spinarum
2925 1513 3400 1582 acuminaquibus

1830 1628 1857 1664 ο
1882 1627 2047 1682 parvo
2071 1610 2327 1679 tenuique
2346 1608 2613 1678 principio
2642 1606 2708 1661 ad
2734 1606 2992 1660 interiora
3018 1621 3188 1675 usque
3214 1618 3402 1674 pecca-

1828 1712 1881 1756 ta
1908 1703 1989 1771 sic
2040 1700 2438 1770 ingrediuntur,
2489 1706 2549 1752 ut
2592 1697 2810 1767 penitus
2854 1696 3122 1749 occidant.
3148 1693 3228 1747 Ad
3259 1695 3400 1747 hanc

1829 1795 1995 1847 vitam
2026 1791 2347 1853 faciendam,
2386 1789 2573 1844 talaris
2599 1788 2767 1843 vestis
2795 1796 2848 1842 et
2880 1787 3073 1847 etl'usa,
3112 1786 3164 1840 id
3196 1795 3277 1841 est
3304 1802 3399 1840 vo-

1763 1859 2109 1954 Bluptuosa,
2164 1893 2216 1937 et
2267 1882 2460 1937 vitiosa
2509 1880 2724 1934 vivendi
2772 1881 2910 1933 ratio
2960 1895 3078 1948 qua:
3135 1878 3400 1931 latissime

1834 1986 2001 2048 patet,
2056 1977 2393 2045 nimiumque
2447 1972 2774 2037 effunditur,
2824 1973 3208 2041 impedimento
3245 1981 3328 2025 est
3380 1988 3393 2024 :

1832 2082 2001 2139 quare
2050 2067 2267 2136 cingqu
2338 2064 2573 2135 quodam
2640 2077 2857 2117 sursum
2912 2061 3172 2115 trahenda
3205 2070 3287 2114 est
3345 2068 3399 2113 et

1832 2158 2179 2222 coarctanda,
2210 2173 2278 2211 ne
2316 2157 2420 2211 huc
2463 2166 2623 2226 atque
2652 2155 2779 2208 illuc
2809 2152 3168 2207 circumﬂuat.
3198 2149 3399 2219 Cingu-

1832 2251 1944 2304 lum
1971 2263 2101 2304 vero
2148 2248 2412 2301 modestia
2467 2255 2573 2310 est,
2628 2254 2680 2301 et
2709 2245 2937 2315 diligens
2975 2244 3184 2297 vivendi
3236 2244 3394 2304 ratio,

1832 2354 1954 2408 quae
1984 2352 2082 2391 nos
2109 2344 2292 2391 monet
2314 2336 2379 2389 ad
2404 2337 2808 2395 necessitatem,
2838 2349 2944 2385 non
2972 2332 3037 2385 ad
3067 2332 3396 2402 voluptatem

1833 2430 1995 2483 rebus
2022 2429 2121 2481 uti.
2148 2427 2303 2493 Quod
2338 2436 2515 2481 autem
2561 2442 2659 2497 pro
2692 2424 2953 2479 modestia
2996 2424 3271 2492 cingulum
3304 2438 3399 2476 ca-

1832 2520 2032 2589 piatur,
2062 2521 2223 2574 eliam
2257 2518 2495 2573 membra
2520 2516 2763 2586 corporis
2791 2530 2909 2583 quae
2955 2515 3173 2582 cingulo
3204 2529 3398 2568 conne-

1832 2616 2077 2671 ctuntur,
2104 2607 2415 2662 testimonio
2446 2612 2593 2672 sunt;
2624 2605 2850 2659 baculus
2872 2619 3017 2668 vero,
3041 2619 3149 2673 quo
3178 2612 3230 2658 et
3254 2603 3397 2659 feras

1831 2700 2159 2769 repellimus,
2202 2709 2255 2752 et
2296 2710 2683 2767 nonnunquam
2713 2702 3101 2758 sustentantur,
3136 2709 3259 2763 spes
3291 2702 3395 2749 est.

1833 2792 1947 2847 Hac
1974 2794 2117 2846 enim
2151 2792 2265 2846 sola
2294 2791 2622 2855 inducimur,
2644 2797 2704 2843 ut
2739 2788 2951 2843 labores
2982 2787 3143 2842 simul
3166 2796 3218 2841 et
3243 2786 3396 2840 dolo-

1832 2900 1922 2940 res
1952 2883 2278 2940 suﬁ'eramus
2308 2902 2321 2938 2
2356 2885 2457 2938 hac
2474 2881 2647 2938 fessos
2674 2882 2885 2935 animos
2913 2894 3225 2935 recreamus
3250 2897 3265 2934 ε
3297 2879 3397 2934 hac

1833 2974 2611 3045 ﬁt,utardentiusplerumque
2658 2974 2710 3027 in
2740 2973 3001 3027 latrantes
3050 2986 3234 3035 canes.
3265 2971 3399 3026 alie-

1834 3068 2208 3139 nas;videlicet
2238 3083 2267 3120 a
2318 3066 2546 3122 veritate
2594 3066 2825 3141 bestias,
2856 3066 3203 3133 insurgamus
3234 3082 3250 3119 :
3296 3064 3399 3118 hac

1837 3159 2031 3215 armati
2080 3158 2239 3228 longe
2265 3158 2387 3212 illas
2415 3158 2482 3212 ab
2506 3157 2696 3212 ovibus
2739 3156 2941 3210 nostris
2985 3169 3287 3210 arceamus.
3318 3153 3398 3208 Ex

1840 3253 1963 3322 igne
1989 3258 2167 3304 autem
2201 3249 2377 3303 solum
2411 3249 2565 3303 cibus
2594 3248 2753 3302 nobis
2779 3245 3091 3318 propositus
3128 3254 3232 3310 est,
3262 3261 3402 3316 quo-

1838 3346 1981 3399 niam
2001 3341 2134 3396 ﬁdes
2172 3356 2291 3411 quae
2340 3356 2437 3411 per
2493 3340 2671 3395 cibum
2717 3340 2864 3394 illum
2904 3338 3255 3409 signiﬁcatur,
3312 3353 3402 3392 ar-

1838 3434 2155 3490 dentissima
2184 3448 2304 3488 esse
2331 3432 2510 3495 debet,
2544 3433 2675 3487 nihil
2709 3432 3011 3492 humidum,
3036 3440 3126 3485 aut
3154 3432 3314 3487 labile
3336 3446 3401 3486 ac

1838 3526 2013 3582 ﬂuens
2064 3526 2372 3597 possidens,
2434 3524 2529 3581 sed
2590 3525 2741 3577 ﬁrma
2782 3540 2845 3578 ac
2893 3523 3124 3584 stabilis.
3176 3539 3243 3578 ex
3292 3539 3400 3593 qua

1838 3617 2185 3673 comedemus
2218 3624 2480 3687 quantum
2530 3616 2685 3671 nobis
2716 3615 2992 3685 possibile.
3015 3647 3022 3653 -
3042 3614 3269 3669 Osseum
3298 3630 3398 3669 au-

1840 3717 1945 3762 tem
1977 3723 2042 3762 ac
2072 3708 2265 3762 durum
2318 3708 2473 3762 nobis
2503 3706 2612 3776 igni
2652 3706 2935 3767 tradimus,
2971 3703 3117 3775 quod
3148 3706 3305 3773 quale
3329 3704 3400 3759 sit

1838 3799 2174 3869 inspiciatur.
2216 3798 2353 3853 Illud
2410 3805 2709 3855 teneamus.
2751 3796 2857 3851 duo
2910 3811 3032 3851 esse
3088 3796 3397 3850 divinorum

1840 3898 2229 3960 praeceptorum
2260 3903 2477 3961 genera.
2496 3888 2627 3942 Nam
2656 3888 2760 3941 alia
2788 3886 3161 3955 hujuscemodi
3182 3896 3399 3955 sunt,ut

1840 3981 2094 4049 possibile
2126 3981 2283 4035 nobis
2322 3981 2393 4035 sit
2421 3994 2483 4034 ea
2518 3980 3005 4049 planeintelligere,
3046 3978 3401 4049 probabilem-

1842 4086 1947 4143 que
1973 4072 2041 4126 de
2082 4072 2214 4142 ipsis
2238 4070 2464 4127 reddere
2511 4072 2794 4126 rationem.
2828 4070 2951 4125 Hazc
2986 4085 3093 4125 non
3113 4071 3396 4141 ignaviter,

1841 4178 1941 4217 nec
1974 4164 2133 4233 quasi
2186 4162 2362 4217 coacti
2418 4170 2753 4232 pertractare
2777 4162 3055 4223 debemus.
3089 4164 3181 4217 sed
3210 4170 3268 4216 ut
3316 4162 3399 4217 fa-

143 4248 212 4301 Τδ
242 4250 356 4321 γάρ
375 4252 507 4305 ἀντὶ
532 4252 636 4304 τοῦ
669 4238 978 4321 Πνεύματος
1002 4252 1106 4305 ὑπὸ
1130 4253 1229 4321 τῆς
1254 4254 1292 4304 Γ
1299 4256 1473 4323 ραφῆς
1501 4254 1731 4328 πολλαχῆ

1840 4264 2142 4310 mescentes
2170 4254 2480 4319 comedunt,
2511 4268 2635 4309 cum
2687 4254 2962 4311 desiderio
3012 4255 3220 4311 scilicet
3252 4264 3305 4311 et
3334 4256 3402 4310 li-

144 4341 200 4393 τὸ
243 4340 359 4412 πῦρ
394 4342 849 4413 μνημονεύεσθαί
888 4360 946 4395 τε
974 4344 1065 4396 καὶ
1108 4341 1504 4410 ὀνομάζεσθαι,
1529 4346 1626 4399 ούκ
1668 4347 1731 4401 ἄν

1840 4345 2048 4412 benter,
2102 4355 2158 4399 ut
2182 4347 2248 4401 ad
2276 4346 2471 4401 bonam
2522 4346 2679 4400 nobis
2710 4346 2799 4401 hic
2851 4347 3006 4402 cibus
3039 4347 3399 4401 valetudinem

141 4448 221 4495 τις
247 4433 359 4487 τῶν
388 4435 859 4504 πεπαιδευμένων
881 4433 978 4505 τὴν
996 4434 1213 4505 Γραφὴν
1234 4436 1536 4505 ἀγνοήσειε.
1565 4438 1731 4508 Προσ-

1842 4437 2033 4491 animae
2061 4439 2230 4506 possit
2274 4437 2550 4507 prodesse.
2596 4437 2713 4491 Alia
2740 4438 2821 4492 sic
2858 4438 3045 4502 latent,
3086 4446 3144 4492 ut
3178 4438 3399 4492 duriora

143 4522 262 4588 άγει
304 4524 365 4577 δὲ
410 4528 483 4596 τῇ
530 4525 764 4596 τοιαύτῃ
787 4525 993 4596 διανοίᾳ
1030 4526 1173 4596 ἡμᾶς
1211 4526 1302 4578 καὶ
1332 4527 1508 4596 τὸτῆς
1541 4528 1731 4595 Σοφίας

1842 4530 1969 4594 sint,
1994 4545 2153 4600 quam
2180 4538 2237 4584 ut
2270 4530 2351 4585 vel
2385 4530 2539 4599 plene
2590 4529 2902 4601 intelligere,
2936 4531 3017 4585 vel
3066 4531 3291 4586 reddere
3315 4546 3400 4584 ra-

138 4612 555 4684 παράγγελμα,
597 4615 680 4667 ὅτι
704 4634 722 4665 ι
762 4614 1101 4685 Ἰσχυρότερά
1116 4631 1207 4666 σου
1226 4615 1299 4686 μὴ
1315 4615 1525 4684 ἐρεύνα,
1550 4636 1567 4666 ι
1590 4635 1731 4670 τουτ-

1844 4621 2041 4674 tionem
2075 4638 2336 4691 queamus
2360 4661 2374 4682 ,
2425 4630 2482 4675 ut
2514 4622 2559 4677 si
2584 4622 2707 4691 quis
2732 4631 3015 4691 quaereret.
3055 4638 3300 4691 quaenam
3329 4623 3400 4677 sit

140 4701 271 4765 ἐστι,
301 4705 375 4757 τὰ
412 4705 567 4757 ὀστᾶ
630 4703 725 4757 τοῦ
773 4705 928 4774 λόγου
981 4706 1055 4776 μὴ
1098 4705 1377 4777 σύντρι6ε’
1412 4709 1472 4761 ού
1510 4708 1616 4778 γάρ
1661 4727 1731 4763 σοι

1842 4713 2142 4767 substantia
2164 4713 2277 4778 Dei,
2305 4714 2433 4783 quid
2472 4721 2596 4767 ante
2624 4714 2953 4769 creationem
2978 4714 3159 4775 fuerit,
3186 4730 3303 4781 qua:
3331 4716 3402 4769 sit

136 4790 292 4861 χρεία
324 4793 445 4848 τῶν
482 4794 783 4865 κρυπτῶν.

1843 4804 2139 4859 necessitas
2173 4820 2359 4858 eorum
2397 4821 2516 4873 quae
2538 4805 2689 4870 lium,
2716 4806 2927 4875 aliaque
2959 4822 3119 4875 quam
3151 4807 3400 4875 plurima,

137 4899 253 4947 quae
284 4888 533 4941 curiose
558 4885 721 4939 multi
753 4893 1034 4953 quaerunt:
1060 4886 1175 4942 haec
1206 4889 1388 4943 omnia
1420 4888 1646 4959 Spiritui
1678 4900 1868 4948 sancto
1894 4896 2285 4964 relinquemus,
2323 4894 2414 4963 qui
2450 4894 2542 4950 Dei
2576 4896 2843 4966 profunda
2873 4897 3160 4968 investigat
3186 4907 3239 4953 et
3278 4899 3399 4961 scit,

140 4984 192 5025 ut
220 4975 555 5046 Apostolus
591 4976 667 5029 ait
692 4976 753 5029 ³³.
786 4974 919 5029 Nam
946 4976 1117 5045 ignem
1154 4993 1253 5047 pro
1283 4980 1473 5049 spiritu
1515 4982 1632 5051 capi
1681 4982 1996 5051 plerumque
2027 4986 2082 5037 in
2123 4984 2297 5039 sacris
2322 4982 2559 5049 Litteris,
2603 5000 2760 5041 nemo
2796 4987 2934 5041 lacte
2961 4990 3198 5057 ipsarum
3229 4990 3402 5042 nutri-

132 5079 223 5123 tus
252 5068 523 5137 negabit.
561 5064 684 5120 Hoc
705 5076 788 5121 est
814 5069 976 5122 etiam
997 5069 1140 5138 quod
1165 5068 1439 5139 Sapientia
1464 5081 1666 5135 monet,
1701 5091 1718 5123 ι
1750 5072 1995 5129 Fortiora
2022 5084 2073 5129 te
2101 5090 2170 5130 ne
2200 5076 2543 5144 scruteris“,
2571 5097 2588 5129 ι
2619 5078 2722 5133 boc
2742 5086 2845 5143 est,
2879 5093 3002 5133 ossa
3028 5080 3177 5135 verbi
3213 5079 3305 5134 Dei
3338 5096 3405 5135 ne

134 5162 471 5236 confringas
498 5180 517 5219 :
578 5176 694 5217 non
719 5163 866 5217 enim
909 5171 993 5218 est
1030 5163 1127 5217 tibi
1159 5179 1297 5234 opus
1327 5164 1685 5221 absconditis.

202 5342 401 5407 Οὕτως
441 5340 719 5395 ἐκϐάλλει
738 5342 833 5411 τῆς
864 5342 1135 5410 Αἰγύπτου
1157 5344 1185 5396 6
1208 5345 1446 5415 Μωῦσῆς
1474 5346 1561 5398 τὸν
1584 5345 1731 5399 λαον⁴

1921 5347 2011 5402 Sic
2046 5348 2225 5402 educit
2267 5348 2335 5402 ab
2375 5348 2608 5420 Egypto
2650 5347 2860 5420 Moyses
2900 5349 3177 5418 populum,
3210 5358 3259 5401 et
3290 5350 3406 5417 qui—

131 5431 223 5483 καὶ
259 5434 379 5494 πᾶς
410 5433 443 5484 6
474 5428 568 5499 τῷ
597 5430 817 5482 Μωῦσεῖ
837 5432 955 5482 κατ’
972 5431 1114 5500 ἴχνος
1135 5432 1413 5501 ἑπόμενος,
1452 5432 1532 5503 τῷ
1562 5435 1731 5507 τρόπη

1847 5453 2059 5508 cunque
2087 5439 2205 5508 ejus
2237 5442 2457 5511 vestigia
2506 5441 2772 5510 sequitur,
2818 5441 2919 5493 hoc
2950 5438 3111 5491 modo
3141 5440 3206 5490 ab
3237 5438 3404 5508 Egy-

130 5520 309 5591 τούτῳ
355 5521 471 5591 τῆς
510 5518 829 5585 Αἰγυπτίας
870 5522 1178 5591 τυραννίδος
1222 5522 1493 5595 ἐλευθεροῖ
1520 5526 1731 5589 πάντας.

1845 5531 2008 5599 ptiaci
2035 5531 2238 5601 peccati
2261 5530 2542 5601 tyrannide
2561 5531 2977 5592 omnesliberal,
3000 5529 3088 5598 qui
3115 5530 3160 5582 ei
3192 5538 3402 5597 parent.

125 5602 201 5661 ὧν
233 5611 304 5663 ἂν
347 5613 380 5664 6
408 5610 601 5677 λόγος
650 5608 970 5679 καθηγῆται.
1003 5613 1094 5663 Δεῖ
1125 5611 1200 5676 δὲ,
1246 5607 1415 5682 οἶμαι.
1446 5615 1571 5679 τοὺς
1623 5618 1731 5670 ὲπο

1845 5619 2069 5691 Oportet
2121 5634 2299 5678 autem
2359 5639 2477 5690 nos,
2532 5623 2623 5694 qui
2663 5626 2823 5679 talem
2866 5623 3055 5676 ducem
3104 5622 3427 5690 sequimur,

193 5788 240 5818 ³³
277 5785 297 5838 Ι
334 5786 484 5839 Cor.
528 5801 603 5847 ιι,
638 5786 715 5840 ιο.
794 5786 838 5817 ³⁸
868 5786 1032 5841 Eccli.
1070 5789 1264 5852 Itt,22.
