3982 6484
559 393 662 448 559

1737 391 1797 450 S.
1841 391 2166 450 GREGORII
2201 389 2488 450 NYSSENI

3687 390 3784 448 560

559 525 660 568 nec
689 509 907 567 omnino
939 525 1202 582 pauperes
1233 525 1376 574 esse,
1435 525 1538 568 nec
1576 510 1890 568 divitiarum
1947 511 2113 584 IEgy-

2219 510 2411 582 μένους
2445 508 2522 580 τῷ
2551 505 2686 580 πρὸς
2711 505 2910 578 ἀρετὴν
2935 503 3240 580 ἡγουμένῳ,
3271 501 3346 574 μὴ
3379 503 3618 574 πένητας
3649 499 3783 560 εἶναι

559 603 637 674 pti
659 611 908 672 expertes
931 643 948 669 ,
991 619 1092 658 nec
1129 603 1410 672 penuriam
1437 619 1626 658 eorum
1661 604 1792 674 pati,
1833 619 1952 674 qua:
1989 606 2123 660 alie-

557 697 770 765 nigenis
799 695 851 748 in
893 696 1068 764 pretio
1102 704 1251 760 sunt,
1309 696 1402 750 sed
1435 705 1626 750 mutuo
1654 697 1722 751 ab
1744 698 1875 766 ipsis
1911 699 2124 768 accipe-

555 801 635 848 re,
697 799 762 839 ac
803 785 944 853 apud
977 801 1076 840 nos
1111 787 1363 842 retinere.
1412 787 1568 850 Quod
1615 798 1886 858 praecepto
1919 789 2120 861 Moysis

555 885 686 930 tunc
708 879 761 930 in
789 877 1022 947 Egypto
1049 881 1280 948 papulus
1337 879 1516 934 facere
1540 881 1782 948 jubetur.
1827 880 2026 936 Verum
2067 883 2122 938 id

554 985 660 1022 non
699 979 806 1022 tam
857 968 1014 1024 facile
1047 971 1354 1040 percipiens
1409 973 1723 1042 quisquam,
1773 983 2007 1027 utentem
2049 975 2124 1028 le-

553 1061 827 1130 gislatoris
855 1061 928 1114 ita
963 1063 1309 1122 intellexerit.
1341 1079 1404 1116 ac
1427 1069 1472 1118 si
1503 1061 1596 1118 ille
1623 1063 1946 1118 defraudare
1977 1081 2123 1118 man-

553 1151 694 1203 daiit
719 1153 1174 1216 commodantem,
1205 1163 1258 1206 et
1279 1151 1346 1206 ad
1394 1152 1719 1222 injustitiam
1759 1153 1870 1208 dux
1898 1155 2123 1208 exstite—

551 1242 642 1296 rit.
687 1243 845 1308 Quod
875 1251 1058 1298 tamen
1091 1245 1230 1298 velle
1257 1243 1439 1298 Mosen
1473 1259 1632 1298 nemo
1659 1253 1808 1300 recte
1825 1245 1987 1310 dicet,
2023 1245 2118 1316 qui

552 1335 894 1403 sequentium
931 1336 1106 1406 legum
1143 1336 1394 1404 respiciet
1423 1335 1680 1401 indolem,
1721 1337 1941 1406 quibus,
1977 1338 2122 1406 inju-

549 1427 632 1478 ria
685 1426 738 1480 in
771 1431 1072 1496 proximum
1123 1431 1324 1498 passim
1357 1437 1572 1482 velatur
1611 1448 1624 1483 :
1657 1431 1782 1484 licet
1827 1441 2118 1485 consenta-

549 1531 710 1570 neum
743 1518 938 1571 rationi
963 1519 1208 1572 videatur
1243 1521 1596 1589 quibusdam,
1627 1529 1687 1574 ut
1715 1521 1818 1576 hac
1849 1523 2118 1577 industria

548 1609 716 1664 Judaei
751 1610 922 1680 pretia
961 1625 1058 1664 sua
1085 1611 1152 1666 ab
1180 1611 1451 1684 Egyptiis
1488 1613 1788 1683 exigerent.
1823 1612 1940 1668 Non
1974 1615 2118 1670 enim

549 1703 730 1756 minus
775 1703 1175 1759 eommittemus
1209 1705 1438 1770 crimen,
1503 1706 1550 1761 si
1593 1707 1698 1760 tale
1727 1715 2054 1778 praeceptum
2089 1723 2118 1762 a

549 1793 828 1846 mendacio
859 1803 912 1848 et
949 1793 1139 1850 fraude
1171 1811 1276 1850 non
1311 1797 1668 1852 defendamus
1695 1813 1758 1853 ac
1801 1799 2115 1854 liberemus.

547 1881 680 1936 Nam
711 1885 802 1953 qui
831 1888 1176 1940 commodato
1209 1887 1483 1958 quidpiam
1509 1891 1737 1960 accepit,
1757 1905 1932 1961 neque
1963 1905 2114 1944 com-

547 1977 787 2030 modanti
835 1993 1028 2032 rursus
1081 1980 1278 2044 reddit,
1333 1981 1378 2034 si
1427 1983 1646 2050 quidem
1696 1983 1930 2036 alienum
1985 1983 2116 2036 illud

547 2067 729 2134 fuerit,
767 2079 824 2123 ut
871 2071 1133 2140 spoliator
1179 2071 1432 2139 injuriaut
1501 2073 1723 2126 intulit:
1775 2074 1858 2127 sin
1891 2074 1943 2128 id
1973 2074 2117 2144 quod

547 2175 704 2212 suum
736 2172 851 2214 erat
879 2161 1178 2218 retinuerit.
1206 2173 1258 2214 ut
1291 2163 1382 2231 qui
1425 2178 1547 2216 eum
1596 2161 1870 2222 fefellerit,
1901 2165 1992 2234 qui
2022 2179 2117 2234 spe

549 2253 840 2320 recipiendi
875 2253 1260 2314 commodavit,
1324 2253 1547 2307 omnino
1583 2255 1838 2324 deceptor
1886 2257 2118 2325 appella-

547 2353 653 2397 lur.
689 2343 1110 2398 Convenientior
1139 2355 1220 2399 est
1256 2345 1540 2399 sublimior
1581 2361 1772 2402 sensus
1822 2361 1888 2400 eo
1929 2348 2022 2416 qui
2049 2349 2116 2402 ad

547 2435 778 2489 litteram
821 2437 1104 2504 exponenti
1159 2439 1422 2498 occurrit,
1481 2439 1638 2507 quasi
1672 2439 1925 2492 nimirum
1970 2437 2118 2493 Scri-

545 2537 702 2598 ptura
761 2529 968 2598 jubeat,
999 2539 1058 2584 ut
1108 2531 1142 2584 ii
1176 2531 1268 2600 qui
1323 2531 1547 2586 honeste
1589 2545 1652 2584 ac
1705 2531 2000 2586 liberaliter
2050 2549 2117 2588 ex

547 2623 748 2674 virtute
779 2622 943 2674 vitam
999 2621 1313 2684 instituunt,
1355 2621 1680 2676 eruditionis
1730 2621 2006 2690 gentilium
2035 2623 2118 2676 di-

545 2713 704 2766 vitias
745 2713 847 2766 sibi
875 2725 1208 2782 comparent,
1246 2713 1446 2784 quibus
1467 2713 1628 2767 alieni
1665 2729 1694 2766 a
1731 2715 1834 2768 lide
1867 2715 2117 2770 homines

543 2811 912 2859 exornantur:
947 2806 1227 2870 moralem,
1253 2805 1662 2874 naturalemque
1695 2806 2115 2876 philosophiam,

543 2895 948 2960 astronomiam,
1011 2897 1384 2964 geometriam,
1447 2896 1727 2957 musicam,
1757 2897 2120 2970 dialecticam,

423 3043 428 3062 τ
525 2997 885 3062 paterasque
941 2987 1226 3050 scientias,
1287 2987 1489 3057 quibus
1541 2988 1702 3042 alieni
1757 2989 1824 3042 ab
1873 2989 2116 3045 Ecclesia

317 3059 342 3110 ἰ
401 3059 756 3154 "titillat-ent,
800 3079 1046 3148 accipere
1076 3080 1298 3143 abillis,
1331 3095 1394 3134 ac
1429 3081 1550 3134 illos
1577 3083 1862 3135 abutentes
1907 3083 2113 3152 privare

2221 604 2314 658 τοῦ
2339 601 2632 670 Αἰγυπτίου
2659 600 2910 664 πλούτου,
2949 599 3082 670 μηδὲ
3115 597 3224 652 τῶν
3255 587 3565 666 ἀλλοφύλων
3601 612 3784 666 κειμη-

2220 694 2346 747 λίων
2383 694 2692 762 ἀκτήμονας
2717 731 2732 754 .
2767 691 2901 746 ἀλλὰ
2943 692 3011 746 τά
3057 691 3324 762 προσόντα
3369 691 3480 752 τοῖς
3527 687 3782 753 ἐναντίοις

2221 785 2396 838 πάντα
2421 785 2702 846 λαϐόντας,
2729 785 2792 835 ὲν
2818 784 3011 855 χρήσει
3047 783 3173 852 παρ’
3207 782 3417 843 ἑαυτοῖς
3455 781 3600 851 ἔχειν
3617 797 3632 810 ’
3653 781 3782 851 ὅπερ

2219 877 2340 928 τότε
2371 875 2590 945 ποιῆσαι
2621 876 2769 946 παρὰ
2789 875 2882 928 τοῦ
2913 875 3188 937 Μωῦσέως
3211 874 3240 926 ὁ
3268 874 3393 936 λαὸς
3416 872 3784 943 παραγγέλλε-

2220 987 2327 1023 ται.
2359 969 2526 1022 Τοῦτο
2549 967 2604 1020 δὲ
2633 969 2732 1022 οὐκ
2771 967 2836 1020 ἄν
2877 985 2960 1030 τις
2993 969 3060 1020 ὲκ
3103 965 3196 1019 τοῦ
3243 966 3531 1038 προχείρου
3562 966 3782 1036 νοήσας,

2221 1061 2541 1127 ἀποδέξαιτο
2569 1059 2661 1113 τοῦ
2689 1059 2974 1128 νομοθέτου
3005 1058 3102 1130 τὴν
3127 1056 3370 1130 γνώμην,
3387 1059 3436 1110 εί
3469 1059 3786 1127 ἀποστερεῖν

2219 1156 2344 1216 τοὺς
2390 1153 2698 1224 χρήσαντας
2746 1151 3110 1219 ἐγκελεύεται,
3137 1151 3232 1203 καὶ
3255 1149 3539 1220 ὑφηγητὴς
3575 1147 3786 1208 ἀδικίας

2220 1247 2446 1316 γίνεται.
2492 1245 2630 1298 Ἀλλ’
2675 1244 2780 1297 οὐδ’
2810 1243 2874 1298 ἂν
2899 1242 3017 1296 κατ’
3051 1240 3310 1310 ἀλήθειάν
3333 1258 3414 1304 τις
3446 1241 3590 1293 εῖποι
3613 1237 3788 1292 ταῦτα

2220 1339 2528 1394 διατάσσειν
2573 1339 2664 1392 τὸν
2709 1335 3038 1407 νομοθέτην,
3077 1335 3212 1405 πρὸς
3251 1335 3375 1397 τοὺς
3416 1331 3616 1402 ἑφεξῆς
3663 1331 3786 1402 βλέ-

2219 1447 2334 1483 πων
2373 1431 2589 1498 νόμους,
2619 1427 2744 1490 τοὺς
2771 1427 2882 1480 ἄνω
2905 1427 3000 1479 καὶ
3022 1425 3172 1478 κάτω
3199 1424 3296 1496 τὴν
3329 1423 3470 1478 κατά
3497 1423 3590 1478 τοῦ
3619 1425 3786 1486 πέλας

2218 1522 2430 1575 ἀδικίαν
2473 1520 2794 1583 κωλύοντας,
2823 1517 2926 1574 κάν
2965 1535 3077 1572 τισι
3123 1518 3252 1588 δοκῇ
3282 1515 3500 1584 εὔλογον
3539 1511 3684 1570 εἶναι
3727 1515 3786 1568 τὸ

2218 1615 2398 1684 ἔργον,
2447 1614 2515 1666 τά
2571 1611 2896 1682 μισθώματα
2945 1611 3094 1682 παρὰ
3139 1609 3246 1662 τῶν
3301 1609 3613 1676 Αἰγυπτίων
3663 1611 3784 1672 τοὺς

2232 1705 2564 1776 Ἰσραηλίτας
2601 1704 2686 1758 διά
2714 1705 2810 1774 τῆς
2843 1702 3084 1765 ἐπινοίας
3105 1701 3308 1772 ταύτης
3341 1701 3782 1772 εἰσπράττεσθαι.

2221 1800 2354 1852 Ούδὲ
2405 1799 2512 1868 γὰρ
2557 1791 2718 1870 ἧττον
2771 1795 3022 1867 ἐγκλημά
3061 1795 3114 1849 τί
3163 1796 3310 1858 ἐστι,
3347 1793 3420 1866 μὴ
3462 1793 3785 1864 καθαρεύειν

2218 1891 2442 1954 ψεύδους
2459 1907 2518 1942 τε
2566 1891 2658 1942 καὶ
2687 1890 2900 1958 ἀπάτης
2927 1887 2985 1942 τὸ
3019 1887 3256 1941 τοιοῦτον
3303 1886 3684 1956 παράγγελμα.
3729 1887 3784 1940 Ὀ

2219 1985 2327 2056 γὰρ
2356 1985 2412 2036 ὲν
2445 1983 2638 2055 χρήσει
2671 1980 2846 2034 λαϐών
2878 1998 2950 2044 τι,
2983 1981 3076 2036 καὶ
3118 1979 3190 2050 μὴ
3217 1977 3499 2040 ἀποδιδοὺς
3525 1977 3688 2032 πάλιν
3709 1977 3782 2048 τῷ

2218 2077 2500 2146 χρήσαντι,
2543 2075 2590 2127 εί
2639 2072 2738 2142 μὲν
2790 2071 3064 2140 ἀλλότριον
3122 2073 3228 2140 εἴη,
3281 2069 3357 2132 ὡς
3407 2069 3782 2138 ἀποστερήσας

2216 2169 2466 2238 ἠδίκησεν
2486 2183 2502 2200 ο
2533 2168 2579 2220 εί
2622 2166 2677 2219 δὲ
2711 2165 2770 2218 τὸ
2802 2164 2992 2218 ἑαυτοῦ
3025 2163 3274 2234 κρατοίη,
3315 2162 3392 2226 ὡς
3419 2161 3784 2232 παραλογισά-

2221 2278 2378 2332 μενος
2413 2261 2504 2314 τὺν
2543 2259 2714 2312 ἑλπίδι
2741 2257 2834 2312 τοῦ
2863 2257 3045 2310 λαϐεῖν
3077 2256 3372 2326 χρήσαντα,
3409 2255 3628 2318 πάντως
3653 2255 3788 2307 ἀπα-

2216 2350 2351 2403 τεὼν
2404 2348 2734 2418 ὠνόμασται.
2793 2345 3000 2401 Οὐκοῦν
3035 2348 3064 2400 ὁ
3101 2346 3426 2417 ὑψηλότερος
3485 2345 3642 2414 λόγος
3685 2345 3784 2416 τῆς

2217 2443 2507 2514 προχείρου
2531 2440 2766 2503 διανοίας
2791 2438 3206 2510 ἁρμοδιώτερος,
3225 2437 3254 2489 ὁ
3281 2435 3518 2491 κελεύων
3543 2437 3670 2498 τοὺς
3693 2437 3782 2488 τὸν

2217 2534 2499 2605 ἐλεύθερον
2541 2533 2650 2602 βίον
2687 2531 2964 2602 μετιόντας
2993 2529 3059 2582 δι’
3089 2530 3310 2600 ἀρετῆς,
3341 2527 3436 2582 καὶ
3465 2527 3560 2580 τὸν
3585 2527 3782 2592 ἔξωθεν

2215 2629 2314 2696 τῆς
2343 2623 2672 2685 παιδεύσεως
2697 2621 2924 2675 πλοῦτον
2955 2619 3484 2691 παρασκευάζεσθαι,
3505 2612 3552 2686 ᾧ
3569 2621 3618 2672 oi
3643 2620 3782 2673 κατά

2216 2716 2314 2782 τὴν
2357 2714 2536 2766 πίστιν
2577 2712 2862 2780 ἀλλόφυλοι
2915 2709 3359 2774 καλλωπίζονται.
3393 2707 3507 2779 Τήν
3563 2725 3624 2782 τε
3673 2709 3784 2780 γάρ

3495 2787 3528 2796 ην
3539 2781 3652 2796 ωηο-υ,
3661 2789 3762 2796 -—.__.—

2217 2803 2813 2892 ﬂOLtﬂiﬂlnppctxijy
2851 2801 3192 2892 φιλοσοφίαν,
3221 2791 3563 2890 γεωμετρίαν
3600 2791 3784 2874 τεῇ

2209 2885 2575 2972 ’ἀστρονομίαν
2596 2935 2609 2962 ,
2667 2896 2760 2948 καὶ
2806 2895 2904 2964 τὴν
2959 2885 3192 2964 λογικήν
3231 2885 3786 2968 πραγματείανμκαὶ

2219 2973 2396 3041 πάντα
2426 2988 2525 3039 ὅσα
2561 2986 2711 3054 παρά
2733 2988 2853 3064 ’τοῖς
2880 2986 2984 3052 ἔξω
3003 2987 3100 3056 τῆς
3133 2985 3466 3068 Ἐκκλησίας-
3485 2985 3786 3068 spagit-

2217 3071 2748 3148 ται,’ἷίελὲύει’ὁτῆς
2779 3078 2979 3149 ἀρετῆς
3025 3077 3432 3150 καθηγούμενος
3479 3077 3630 3149 παρά
3671 3079 3786 3130 τῶν

541 3169 586 3222 si
629 3171 886 3240 possibile
929 3179 1034 3236 est,
1078 3179 1132 3226 ct
1167 3173 1220 3226 in
1264 3173 1514 3226 meliores
1544 3187 1678 3227 usus
1709 3175 2113 3244 transl‘erreju-

2217 3167 2540 3224 caremus;
2588 3159 2958 3224 πλουτούντων
2985 3173 3042 3223 ὲν
3069 3170 3328 3240 Αἰγύπτῳ
3364 3169 3594 3254 λαρῥντα
3641 3167 3786 3240 λόγῳ

542 3262 751 3320 lunnur.
800 3273 858 3315 ut
887 3278 1006 3334 qua:
1057 3265 1214 3318 nobis
1259 3267 1382 3318 usui
1417 3263 1613 3318 futura:
1650 3265 1780 3328 sint,
1827 3281 1948 3319 cum
1976 3281 2114 3336 opus

543 3351 705 3404 fuerit
729 3353 892 3406 divini
915 3355 1160 3424 mysterii
1197 3355 1456 3424 templum
1481 3356 1566 3410 his
1596 3357 1974 3424 spiritualibus
2005 3359 2116 3428 opi-

541 3443 648 3496 luts
671 3459 958 3498 exornare.
985 3445 1085 3510 Qui
1117 3447 1262 3499 enim
1291 3447 1424 3502 tales
1453 3462 1584 3517 opes
1617 3449 1722 3503 sibi
1756 3451 2113 3520 collegerunt,

541 3533 710 3604 Moysi
735 3535 882 3588 circa
907 3537 1320 3591 tabernaculum
1369 3541 1673 3594 testimonii
1736 3541 2006 3596 laboranti
2049 3542 2116 3598 de

543 3635 706 3680 rebus
737 3628 852 3682 suis
875 3631 940 3682 ad
967 3639 1282 3684 sanctorum
1312 3633 1776 3688 constructionem
1805 3633 2112 3700 conferunt,

539 3721 682 3788 quod
720 3721 1014 3774 etiamnum
1045 3723 1161 3776 fieri
1191 3723 1458 3778 videmus.
1503 3723 1656 3777 Multi
1691 3725 1967 3794 gentilium
1990 3743 2114 3780 eru-

540 3809 804 3863 ditionem
853 3821 1110 3879 tanquam
1141 3815 1342 3868 donum
1391 3815 1662 3885 quoddam
1697 3815 1954 3872 Ecclesia:
1981 3817 2112 3872 olfe-

539 3909 670 3954 runt
717 3903 1076 3970 :cujusmodi
1131 3921 1360 3977 magnus
1419 3909 1510 3961 ille
1559 3907 1660 3961 fttit
1711 3909 1964 3976 Basilius,
2016 3911 2108 3980 qui

537 4007 660 4045 cum
705 3991 991 4065 Egyptias
1017 4011 1148 4068 opes
1191 4000 1244 4052 in
1299 4001 1524 4068 juvenili
1567 4009 1720 4056 astate
1768 4003 1868 4057 sibi
1898 4005 2111 4073 egregie

537 4097 930 4156 comparasset,
969 4087 1185 4158 Dcoque
1212 4101 1609 4156 consecrasset,
1631 4108 1820 4147 verum
1852 4093 2109 4149 Ecclesia:

537 4179 950 4236 tabernaculum
974 4183 1240 4253 ejusmodi
1269 4188 1463 4255 opibus
1489 4188 1792 4243 exornavit.

3495 3233 3694 3248 ...ι-ιβ-

2219 3255 2466 3348 χρήσεως
2497 3253 2868 3328 ὑποδέξασθαι,
2903 3247 2976 3326 ὡς
3023 3264 3079 3316 ἑν
3117 3253 3291 3334 καιρῷ
3319 3247 3782 3334 χρησιμευύντων,

2217 3347 2468 3436 m3!ng
2514 3355 2604 3408 τὸν
2649 3355 2790 3422 θεῖον
2819 3353 2910 3407 τοῦ
2945 3355 3242 3428 μυστηρίου
3283 3352 3408 3406 ναὸν
3435 3351 3656 3430 Staio}?
3689 3351 3786 3404 λο-

2219 3447 2374 3517 γικοῦ
2403 3447 2630 3500 πλούτου
2675 3446 3132 3516 καλλωπισθῆναι.
3174 3447 3236 3498 Οί
3281 3445 3388 3514 γὰρ
3427 3445 3516 3497 τὸν
3545 3443 3784 3498 τοιοῦτον

2220 3521 2430 3602 ἑαυτοῖς
2449 3519 2861 3610 θησαυρίζοντες
2883 3521 3126 3600 πλοῦτον,
3151 3535 3482 3607 προσάγουσι
3513 3534 3592 3606 τῷ
3619 3535 3784 3588 Marii-

2223 3637 2305 3687 σεῖ
2325 3635 2449 3703 περὶ
2481 3631 2576 3702 τὴν
2605 3632 2806 3701 σκηνὴν
2825 3629 2920 3682 τοῦ
2953 3629 3246 3701 μαρτυρίου
3269 3629 3518 3682 πονοῦντι
3543 3628 3603 3681 τὸ
3649 3629 3782 3700 παρ’

2219 3724 2410 3778 ἑαυτοῦ
2463 3724 2710 3786 ἕκαστος,
2751 3722 2888 3792 πρὸς
2909 3722 3010 3790 τὴν
3061 3720 3170 3773 τῶν
3223 3721 3390 3790 ἁγίων
3436 3720 3782 3792 κατασκευὴν

2218 3815 2580 3886 συνεισφέρων
2613 3831 2630 3844 ⁸
2671 3813 2700 3866 ὃ
2733 3813 2797 3884 δὴ
2843 3811 2934 3866 καὶ
2981 3813 3075 3867 νῦν
3107 3813 3254 3866 ἐστιν
3309 3813 3436 3867 ίδεῖν
3477 3815 3776 3884 γινόμενον.

2217 3906 2404 3960 Πολλοὶ
2447 3907 2545 3976 τὴν
2573 3905 2677 3972 ἔξω
2721 3905 2997 3958 παίδευσιν
3021 3907 3088 3975 τῇ
3135 3903 3270 3958 Θεοῦ
3317 3905 3614 3977 Ἐκκλησία
3649 3905 3782 3960 καθ-

2216 3999 2357 4070 άπερ
2389 4017 2441 4052 τι
2472 3997 2640 4068 δῶρον
2681 3997 3062 4068 προσάγουσιν,
3099 3993 3219 4076 ..οἶος
3241 3993 3308 4068 ἦν
3333 3997 3578 4072 opera;
3617 3999 3782 4080 Βασίς

2214 4089 2372 4154 λειος,
2403 4091 2430 4141 ὁ
2450 4088 2627 4164 καλῶς
2653 4087 2742 4140 τὸν
2772 4088 3062 4163 ᾼίγύπτιον
3101 4088 3323 4140 πλοῦτον
3367 4089 3782 4162 ἐμπορεεεεᾴὲε-

2209 4167 2320 4252 νος,
2355 4181 2493 4234 κατά
2535 4182 2624 4233 τὸν
2657 4181 2754 4252 τῆς
2804 4181 3050 4250 νεότητος
3089 4181 3293 4252 χρόνον,
3323 4181 3413 4233 καὶ
3453 4181 3668 4244 ἀναθεὶς
3699 4181 3780 4252 τῷ

2213 4259 2350 4343 Θεῷ,
2399 4259 2492 4326 καὶ
2535 4261 2612 4344 τῷ
2661 4273 2888 4344 τοιούτῳ
2940 4273 3151 4346 πλούτῳ
3203 4273 3778 4348 κατακοσμήσεις-τὴν

2213 4365 2387 4434 ἁληθῆ
2425 4365 2525 4434 τῆς
2569 4343 2894 4434 Ἐκκλησίας
2917 4343 3139 4433 σκηνήνξ
3454 4343 3461 4344 7
3511 4343 3522 4346 ν

609 4459 714 4514 Sed
773 4461 1058 4516 redeamus
1101 4461 1261 4522 illuc,
1307 4463 1450 4517 unde
1501 4465 1728 4535 digressi
1777 4483 1984 4524 sumus.
2029 4471 2108 4524 Illi

2291 4441 2434 4508 ’Ἀλλ’
2471 4455 2749 4508 ἐπανιτέον
2784 4455 2903 4508 ὅθεν
2931 4455 3212 4525 ἐξέϐημεν,
3234 4457 3313 4510 ὅτι
3345 4459 3458 4520 τοῖς
3483 4457 3618 4528 πρὸς
3649 4459 3776 4529 ἀρε-

536 4565 688 4618 crgo,
727 4553 818 4622 qtti
849 4555 1105 4607 virtutem
1151 4555 1362 4616 colunt,
1413 4565 1466 4611 et
1519 4558 1882 4628 legislaturem
1915 4563 1966 4615 in
2003 4564 2110 4616 vita

537 4653 858 4713 sequuntur,
887 4661 1013 4700 cum
1041 4645 1304 4717 Egyptian
1328 4648 1554 4703 ditionis
1583 4651 1720 4706 lines
1751 4653 2107 4717 excesserint,

536 4735 723 4790 multis
777 4739 1130 4791 tentationum
1189 4739 1502 4795 incursibus
1558 4741 1907 4806 infestantur,
1964 4744 2110 4798 unde

537 4829 719 4882 multae
756 4829 1094 4894 alllictioncs,
1147 4829 1384 4888 terrores
1430 4841 1483 4888 et
1540 4835 1605 4888 de
1657 4837 1764 4888 vita
1831 4837 2107 4906 periclita-

537 4922 716 4975 tiones
797 4921 1070 4984 oriuntur,
1127 4925 1324 4986 quibus
1412 4927 1586 4980 territi
1643 4941 1830 4981 eorum
1917 4929 2107 4992 animi,

537 5011 629 5080 qui
687 5027 860 5080 nuper
928 5011 982 5064 in
1070 5013 1172 5068 fide
1225 5015 1436 5070 fundati
1502 5026 1648 5080 sunt,
1723 5019 1773 5070 in
1853 5019 2111 5086 despera-

537 5103 737 5156 tionem
770 5104 1011 5157 omnium
1069 5106 1330 5160 bonorum
1363 5119 1615 5179 aguntur.
1676 5108 1778 5164 Sed
1822 5113 1866 5166 si
1895 5111 2108 5182 Moyses

537 5207 628 5266 aut
661 5197 854 5250 similis
893 5198 1159 5267 quispiam
1206 5201 1386 5268 populi
1441 5209 1618 5255 rector
1675 5202 1863 5267 fuerit,
1911 5203 2108 5257 terrori

535 5285 826 5338 consilium
888 5294 1144 5355 opponet.
1179 5304 1477 5358 eorumque
1517 5291 1732 5346 animos
1769 5293 1961 5346 timore
1985 5309 2109 5346 cor-

536 5383 723 5443 reptos
764 5375 933 5428 divini
987 5377 1174 5430 auxilii
1219 5393 1314 5447 spe
1347 5381 1709 5436 confirmabit.
1739 5381 1794 5435 Id
1825 5399 1952 5436 vero
1988 5381 2102 5436 ﬁeri

535 5467 743 5534 nequit,
787 5467 891 5521 nisi
923 5481 1018 5520 cor
1070 5469 1212 5536 ejus,
1239 5471 1330 5538 qui
1379 5472 1580 5541 populo
1637 5481 1852 5541 praeest,
1893 5471 2003 5528 Deo
2029 5475 2106 5526 lo-

534 5567 752 5628 quatur.
775 5557 984 5613 Etenim
1007 5561 1286 5631 plerisque
1311 5565 1402 5634 qui
1429 5565 1695 5633 ejusmodi
1727 5567 2102 5636 magistratum

534 5661 747 5720 gerunt,
808 5651 862 5705 id
907 5661 1117 5707 tantum
1174 5671 1320 5710 curae
1370 5665 1472 5720 est,
1507 5669 1566 5712 ut
1597 5658 1738 5728 quod
1764 5659 2104 5713 extrinsecus

535 5750 775 5812 apparet,
799 5747 936 5798 bene
961 5762 1016 5800 se
1032 5747 1226 5801 habeat
1255 5767 1268 5802 :
1300 5765 1486 5802 eorum
1507 5765 1630 5804 vero
1649 5767 1768 5820 quae
1785 5751 2098 5806 abscondita

535 5841 682 5894 sunt,
732 5849 850 5904 quae
887 5849 916 5888 a
947 5835 1055 5892 Deo
1089 5839 1206 5892 solo
1257 5849 1576 5910 cernuntur,
1610 5841 1958 5914 perexiguam
2013 5857 2100 5895 ra-

2217 4549 2311 4620 τὴν
2355 4549 2454 4618 ἤδη
2490 4547 2764 4618 βλέπουσι,
2803 4549 2897 4601 καὶ
2934 4548 3010 4618 τῷ
3039 4549 3298 4620 νομοθέτῃ
3329 4551 3468 4602 κατά
3509 4552 3606 4622 τὴν
3633 4551 3776 4620 ζωήν

2216 4640 2539 4710 ἑπομένοις,
2582 4641 2708 4692 ὅταν
2759 4637 3096 4692 καταλίπωσι
3143 4639 3242 4708 τῆς
3297 4639 3404 4692 τῶν
3465 4643 3776 4708 Αἰγυπτίων

2213 4729 2522 4793 δυναστείας
2551 4731 2675 4793 τοὺς
2724 4732 2900 4802 ὅρους,
2952 4729 3368 4782 ἐπακολουθοῦσί
3414 4748 3528 4792 πως
3567 4731 3622 4782 αἱ
3663 4731 3776 4784 τῶν

2213 4822 2530 4894 πειρασμῶν
2550 4822 2860 4894 προσῦολαὶ,
2887 4821 3237 4891 στενοχωρίας
3256 4839 3312 4873 τε
3339 4821 3434 4874 καὶ
3457 4821 3648 4889 φόὸους
3675 4823 3774 4874 καὶ

2209 4917 2334 4978 τοὺς
2355 4916 2482 4986 περὶ
2509 4915 2615 4968 τῶν
2641 4915 2881 4986 ἐσχάτων
2914 4915 3188 4978 κινδύνους
3226 4916 3528 4984 ὲπάγουσαι
3547 4934 3560 4946 ·
3597 4917 3662 4969 δι’
3689 4911 3774 4968 ὧν

2209 5009 2644 5078 καταπτοηθεῖσα
2687 5010 2794 5062 τῶν
2847 5009 2984 5062 κατά
3030 5009 3126 5080 τὴν
3180 5009 3359 5062 πίστιν
3413 5011 3686 5078 νεοπαγῶν
3731 5014 3770 5078 ἡ

2209 5103 2432 5164 διάνοια,
2465 5104 2542 5165 εἰς
2577 5103 2810 5171 παντελῆ
2862 5101 2969 5154 τῶν
3021 5101 3240 5169 ἀγαθῶν
3287 5103 3628 5156 ἀνελπιστίαν
3671 5103 3778 5152 ex-

2211 5196 2416 5250 πίπτει.
2458 5195 2597 5247 Ἀλλ’
2623 5197 2670 5247 εἰ
2700 5194 3013 5264 Μωῦσῆς,ῆ
3047 5211 3131 5256 τις
3154 5194 3261 5246 τῶν
3307 5197 3428 5247 κατ’
3455 5195 3610 5247 αὑτὸν
3643 5195 3774 5246 ἐπι-

2211 5288 2417 5341 στατῶν
2459 5285 2551 5340 τοῦ
2597 5287 2724 5340 λαοῦ
2756 5286 2907 5356 τύχοι
2932 5327 2944 5348 ,
2987 5288 3292 5358 ἀντιστήσει
3339 5285 3416 5356 τῷ
3471 5285 3614 5356 φόϐῳ
3659 5285 3774 5354 τὴν

2211 5380 2533 5452 συμϐουλὴν,
2567 5383 2630 5450 τῇ
2661 5381 2761 5449 τῆς
2799 5379 2947 5442 θείας
2983 5379 3296 5451 συμμαχίας
3325 5377 3498 5431 ἐλπίδι
3525 5377 3584 5429 τὸ
3623 5393 3772 5427 κατ-

2207 5473 2438 5542 επτηχὺς
2481 5474 2580 5542 τῆς
2611 5472 2844 5536 διανοίας
2893 5472 3322 5544 παραθαρσύνων
3342 5511 3356 5534 ,
3387 5473 3520 5541 ὅπερ
3549 5469 3638 5522 οὐκ
3697 5469 3776 5521 ἆυ

2207 5563 2432 5631 γένοιτο,
2485 5563 2556 5632 μὴ
2589 5565 2687 5632 τῆς
2722 5563 2944 5634 καρδίας
2981 5563 3072 5616 τοῦ
3109 5565 3502 5634 προεστηκότος
3527 5562 3598 5630 τῷ
3631 5560 3774 5630 Θεῷ

2205 5654 2487 5724 λαλούσης.
2525 5655 2646 5716 Τοῖς
2679 5655 2790 5725 γὰρ
2819 5655 3030 5712 πολλοῖς
3065 5653 3172 5706 τῶν
3219 5655 3276 5706 ὲν
3322 5652 3612 5724 προστασίᾳ
3639 5667 3776 5702 τοι-

2205 5746 2342 5817 αύτῃ
2365 5747 2832 5816 προτεταγμένων,
2861 5747 2918 5798 τὸ
2949 5749 3288 5816 φαινόμενον,
3311 5747 3486 5816 μόνον,
3517 5747 3652 5803 ὅπως
3695 5744 3772 5796 ἂν

2206 5835 2264 5892 εὖ
2313 5837 2597 5908 διατεθείη,
2632 5835 3009 5899 σπουδάζεται·
3042 5837 3148 5890 τῶν
3191 5837 3246 5889 δὲ
3288 5837 3692 5909 κεκρυμμένων,
3735 5835 3778 5890 II
