3982 6512
210 424 303 475 361

207 629 263 682 δὲ
287 625 385 679 τοῦ
437 626 716 691 Μωῦσέως
748 629 845 697 οὐχ
892 627 1063 692 οὕτως
1100 623 1169 699 ἦν
1198 645 1213 659 ⁸
1245 629 1357 683 ἀλλ’
1386 632 1444 682 ἐν
1472 623 1517 698 ᾧ
1559 630 1774 701 θαρσεῖν

206 722 315 781 τοῖς
374 719 743 788 Ἰσραηλίταις
791 720 1179 784 διακελεύεται,
1232 722 1496 792 μηδεμίαν
1543 723 1681 776 κατὰ
1715 722 1776 776 τὺ

206 808 532 877 φαινόμενον
580 811 763 880 φωνὴν
803 812 937 879 πρὸς
971 811 1061 862 τὸν
1088 810 1217 863 Θεὸν
1246 811 1623 881 ποιησάμενος,
1648 812 1774 883 βοᾷν

206 898 330 968 παρ’
358 897 532 950 αὐτοῦ
575 899 668 951 τοῦ
702 898 836 951 Θεοῦ
890 902 1271 969 μαρτυρεῖται’
1306 900 1663 963 διδάσκοντος,
1695 898 1773 954 οἴ-

204 1006 319 1058 μαι,
354 987 452 1040 τοῦ
484 988 665 1057 λόγου,
694 990 774 1041 ὅτι
800 988 993 1060 εὓηχός
1025 990 1172 1042 ἐστιν
1198 990 1377 1059 ἐκείνη
1410 993 1441 1061 ἡ
1475 992 1645 1061 φωνὴ,
1681 992 1773 1044 καὶ

204 1081 362 1150 μέχρι
395 1080 504 1150 τῆς
534 1082 684 1144 Θείας
722 1082 1083 1135 ἀναϐαίνουσα
1115 1082 1304 1150 ἀκοῆς,
1332 1083 1427 1152 οὐχ
1458 1086 1483 1152 ἡ
1524 1084 1661 1153 μετά
1695 1101 1770 1137 τι·

200 1172 609 1237 νοςδιατάσεως
638 1174 893 1245 γινομένη
939 1175 1172 1245 κραυγὴ,
1202 1174 1362 1246 ἀλλ’ἢ
1384 1175 1491 1228 ἀπὸ
1529 1176 1774 1247 καθαρᾶς

200 1263 564 1331 συνειδήσεως
615 1265 1044 1334 ἀναπεμπομένη
1090 1263 1402 1335 ἐνθύμησις.
1437 1266 1525 1334 Τῷ
1579 1266 1633 1319 δὲ
1678 1267 1771 1319 οὖ-

199 1372 297 1417 cm;
334 1354 521 1422 ἔχοντι
569 1357 764 1426 μικρὸς
793 1356 891 1427 ἤδη
923 1356 1054 1427 πρὸς
1085 1356 1396 1426 συμμαχίαν
1416 1357 1523 1409 τῶν
1556 1357 1771 1428 νομιζο-

201 1446 371 1514 μένων
419 1445 653 1513 ἀγώνων
703 1449 732 1500 ὁ
773 1446 996 1516 ἀδελφὸς
1043 1449 1472 1517 καταφαίνεται,
1513 1449 1714 1514 ἐκεῖνος
1742 1452 1771 1505 6

197 1534 441 1602 ἀδελφὸς,
466 1538 495 1587 6
524 1534 765 1588 κατιόντι
786 1535 920 1607 πρὸς
941 1537 1288 1605 Αἰγυπτίους,
1312 1539 1450 1592 κατά
1485 1539 1623 1593 θεῖον
1650 1539 1771 1609 βού-

196 1624 359 1693 λημα,
392 1624 478 1695 τῷ
508 1626 735 1679 Μωῦσεί
777 1628 1133 1695 συναντήσας,
1160 1628 1218 1680 ὃν
1248 1630 1326 1691 είς
1359 1629 1588 1697 ἀγγέλου
1618 1630 1769 1696 τάξιν

195 1719 221 1769 ὀ
248 1717 403 1783 λόγος
433 1718 682 1787 ἐνόησεν.
722 1718 881 1771 Ἀλλά
909 1720 1028 1772 τότε
1074 1720 1279 1788 γίνεται
1314 1720 1414 1790 τῆς
1437 1722 1767 1792 ὑπερκειμέ-

196 1825 283 1877 νης
326 1807 553 1875 φύσεως
588 1812 620 1879 ἡ
654 1810 935 1879 ἐμφάνεια,
966 1810 1140 1873 οὕτως
1171 1813 1562 1885 ἐμφαινομένη,
1584 1814 1763 1879 καθὼς

1570 421 1657 475 DE
1691 421 1845 476 VITA
1870 420 2119 478 MOYSIS

212 538 358 607 μόνῳ
382 532 463 604 τῷ
489 534 609 604 Θεῷ
658 535 974 606 καθορᾶται,
997 536 1171 605 ὀλίγος
1213 536 1418 606 γίνεται
1452 536 1625 606 λόγος.
1656 537 1754 591 Ἐπ

1883 538 2083 592 tionem
2114 536 2336 592 habent.
2371 536 2439 590 At
2486 536 2699 609 Moyses
2739 552 2845 591 non
2881 537 2954 591 ita

3333 425 3440 483 362

3012 556 3027 593 :
3071 536 3164 593 sed
3194 535 3319 591 dum
3362 538 3437 593 ls-

1880 628 2102 682 raelitas
2188 626 2332 683 bono
2383 630 2566 681 animo
2619 626 2945 696 essejubet,
2984 626 3199 681 tametsi
3232 626 3433 679 nullam

1875 715 2116 770 exterius
2150 729 2336 769 vocem
2368 716 2506 784 apud
2538 714 2702 768 Deum
2752 715 3017 785 proferat,
3044 716 3305 772 divinitus
3332 719 3433 771 sibi

1873 806 2076 860 dictum
2102 805 2349 870 aliirmat,
2384 824 2402 857 ι
2432 804 2569 871 Quid
2598 815 2655 859 tu
2687 806 2753 860 ad
2780 823 2864 862 me
2897 810 3138 863 clamas?
3177 830 3194 860 ι
3231 810 3435 874 Quam-

1873 897 2059 952 obrem
2096 905 2296 961 monet,
2329 904 2389 951 ut
2424 912 2525 968 ego
2565 898 2821 961 arbitror,
2862 914 3114 954 sonoram
3140 916 3259 955 esse
3286 902 3431 953 illam

1872 1004 2083 1051 vocem,
2116 997 2170 1044 et
2201 1005 2371 1059 usque
2399 990 2465 1043 ad
2500 989 2710 1044 divinas
2738 1005 2898 1045 aures
2924 981 3296 1061 magnitudine
3331 1007 3431 1045 sua

1875 1080 2170 1149 pervenire,
2211 1095 2331 1149 quae
2371 1095 2481 1133 non
2515 1080 2859 1134 contentione
2887 1080 3172 1144 clamoris,
3205 1083 3294 1136 sed
3329 1097 3431 1151 pu-

1872 1171 2036 1224 ritate
2062 1172 2243 1227 cordis
2269 1187 2367 1226 sua
2413 1170 2769 1225 meditatione
2813 1171 3139 1240 concipitur.
3161 1170 3221 1227 Ei
3251 1180 3428 1226 autem

1872 1265 1963 1333 qui
2000 1266 2078 1318 sic
2102 1264 2167 1318 ad
2194 1263 2479 1317 Dominum
2508 1273 2648 1327 orat,
2675 1278 2901 1333 parvum
2919 1262 3031 1333 jam
3051 1261 3216 1319 frater
3241 1258 3433 1318 alierre

1872 1356 2129 1411 auxilium
2163 1372 2319 1427 posse
2346 1356 2581 1411 videtur.
2604 1354 2794 1433 Frater
2824 1356 2948 1410 dico
2971 1356 3058 1409 ille
3081 1354 3174 1424 qui
3205 1354 3433 1409 descen-

1870 1447 2019 1502 denti
2049 1462 2079 1500 a
2111 1457 2287 1501 monte
2336 1445 2528 1517 Moysi,
2592 1445 2702 1501 Deo
2741 1444 2813 1499 ita
2846 1436 3190 1516 disponente,
3220 1445 3429 1499 obviam

1871 1538 2049 1593 fuerat
2096 1552 2435 1609 progressus,
2477 1554 2638 1607 quem
2684 1536 2944 1593 divinitus
2990 1538 3177 1593 datum
3224 1536 3428 1592 homini

1870 1632 2118 1703 angelum
2157 1630 2415 1686 diximus.
2453 1628 2555 1685 Sed
2601 1631 2668 1685 ab
2716 1632 2835 1701 ipso
2867 1629 2977 1686 Deo
3007 1631 3234 1685 mirifice
3275 1647 3303 1683 a
3343 1639 3429 1701 ty-

1870 1722 2056 1777 rannis
2085 1736 2147 1776 ac
2187 1721 2360 1776 hostis
2406 1722 2625 1776 humani
2656 1724 2869 1792 generis
2932 1722 3146 1777 insidiis
3181 1722 3429 1775 homines

1869 1820 2151 1867 eruuntur.
2181 1812 2317 1866 Tum
2344 1829 2468 1868 vero
2488 1813 2683 1867 divinm
2712 1822 2919 1867 naturae
2941 1828 3060 1868 sese
3084 1813 3262 1882 prodit
3286 1829 3425 1882 pra:-

200 1900 259 1950 ἀν
308 1904 468 1971 χωρῇ
503 1902 565 1954 τὸ
612 1903 933 1973 δεχόμενον·
976 1903 1003 1956 ὃ
1034 1904 1095 1974 δὴ
1154 1905 1247 1957 καὶ
1280 1904 1399 1957 τότε
1444 1906 1754 1978 γεγενῆσθαι

1867 1904 2060 1967 sentin,
2091 1918 2212 1972 qua:
2251 1902 2331 1958 sic
2353 1913 2596 1973 apparet,
2652 1912 2707 1956 ut
2732 1920 2921 1972 capere
2971 1913 3147 1973 potest
3191 1902 3243 1957 id
3282 1908 3426 1973 quod

198 1990 338 2058 παρὰ
377 1991 484 2060 τῆς
540 1994 777 2063 ἱστορίας
823 1994 1110 2065 ἀκούομεν,
1151 1996 1246 2048 καλ⁹
1280 1998 1454 2049 εἰσαεὶ
1501 1998 1763 2065 γίνεσθαι,

199 2082 337 2151 παρὰ
368 2083 480 2151 τῆς
506 2082 601 2136 τοῦ
625 2084 782 2151 λόγου
807 2085 1036 2156 θεωρίας
1072 2087 1430 2158 μανθάνομεν.
1470 2089 1635 2143 Ὅταν
1660 2091 1767 2161 γὰρ

198 2173 364 2242 φεύγῃ
384 2192 479 2237 τις
508 2176 601 2227 τὸν
654 2177 961 2244 Αίγύπτιον,
988 2179 1078 2232 καὶ
1107 2178 1211 2243 ἔξω
1240 2180 1347 2233 τῶν
1372 2181 1513 2250 ὅρων
1542 2181 1769 2251 γενόμεο

195 2282 293 2326 νϋς.
334 2266 479 2335 πρὸς
525 2266 623 2329 τὰς
670 2269 970 2339 προσϐολὰς
995 2270 1101 2322 τῶν
1143 2273 1459 2342 πειρασμῶν
1490 2272 1762 2344 δειλιάσῃ·

193 2356 391 2409 ἀνωθεν
425 2358 528 2427 τὴν
559 2361 623 2411 ἐκ
656 2360 966 2429 παραλόγου
996 2362 1263 2433 σωτηρίαν
1289 2366 1317 2416 6
1338 2364 1526 2436 ὁδηγὸς
1555 2365 1765 2421 ὑποδεῖ-

194 2462 398 2506 κνυσιν,
439 2451 571 2502 ὅταν
602 2449 1142 2523 περιστοιχισάμενος
1178 2457 1205 2507 6
1235 2455 1422 2527 ἐχθρὸς
1466 2459 1535 2526 τῇ
1572 2456 1761 2510 ἑαυτοῦ

190 2538 410 2608 δυνάμει
472 2540 563 2591 τὸν
601 2540 965 2610 διωκόμενον,
1012 2542 1179 2613 βατὴν
1218 2544 1306 2597 ὑπ’
1332 2546 1575 2616 ἀνάγκης
1618 2546 1763 2618 αύτῴ

192 2631 575 2701 κατασκευάσῃ
604 2632 703 2702 τὴν
730 2632 1021 2698 θάλασσαν,
1050 2636 1128 2698 εἰς
1154 2637 1222 2706 ἢν
1245 2637 1563 2707 καθηγεῖται
1592 2639 1619 2690 6
1649 2640 1763 2710 ὁδη-

190 2720 324 2791 γὺςὴ
356 2724 563 2794 νεφέλη
615 2725 793 2782 (τοῦτο
821 2725 927 2796 γὰρ
972 2726 1141 2797 ὄνομα
1182 2727 1259 2798 τῷ
1292 2728 1594 2799 ὀδηγοῦντι,
1626 2733 1762 2803 ὅπερ

190 2814 524 2879 taking/coit;
568 2817 675 2887 πρὸ
723 2819 881 2889 ἡμῶν
911 2820 989 2882 είς
1021 2821 1119 2890 τὴν
1144 2822 1236 2874 τοῦ
1261 2822 1414 2890 ἁγίου
1451 2823 1761 2893 Πνεύματος

191 2907 503 2978 μετελήφθη
560 2910 781 2979 χάριν)·
815 2913 942 2980 παρ’
986 2903 1047 2962 οὗ
1101 2913 1307 2981 γίνεται
1358 2917 1471 2976 τοῖς
1521 2914 1758 2985 ἀξίοιςή

190 2998 316 3069 πρὸς
368 3000 438 3052 τὸ
492 3001 699 3067 ἀγαθὸν
736 3002 953 3073 ὀδηγία·
985 2996 1028 3070 ᾧ
1076 3021 1159 3077 τις
1198 3005 1477 3074 ἑπόμενος,
1504 3006 1562 3058 τὸ
1617 3006 1759 3077 ὕδωρ

187 3088 473 3155 διέξεισιν,
509 3092 879 3155 ὁδοποιοῦντος
931 3094 1033 3163 τὴν
1077 3093 1142 3147 δι’
1177 3094 1339 3147 αὐτοῦ
1394 3097 1614 3165 πορείαν
1664 3096 1755 3148 τοῦ

188 3181 489 3251 ἡγουμένου
516 3199 531 3213 ·
562 3181 628 3235 δι’
657 3178 716 3236 οὗ
745 3183 953 3251 γίνεται
986 3184 1047 3237 τὸ
1074 3184 1311 3252 ἀσφαλὲς
1341 3188 1405 3256 τῇ
1454 3186 1752 3261 ἐλευθερίᾳ,

188 3270 270 3321 τοῦ
318 3273 420 3324 ἐπὶ
450 3271 669 3342 δουλεία
712 3273 1157 3340 καταδιώκοντος,
1196 3277 1649 3347 ἐναφανιζομένου
1677 3279 1754 3348 τῷ

189 3360 352 3417 ὕδατι.
387 3363 485 3426 Τίς
534 3363 645 3433 γὰρ
701 3365 799 3417 οὐκ
843 3360 1012 3430 οἶδεν,
1056 3367 1137 3418 ὅτι
1188 3368 1413 3436 στρατὸς
1456 3368 1753 3436 Αίγύπτιός

188 3452 289 3505 ἐστι
321 3454 393 3507 τὰ
427 3456 649 3529 ποικίλα
684 3455 784 3526 τῆς
810 3457 985 3528 ψυχῆς
1025 3457 1191 3529 πάθη,
1228 3455 1307 3523 οἷς
1334 3461 1751 3515 καταδουλοῦται

187 3544 211 3594 ὁ
238 3526 557 3614 ἀνθρωτῖοςς
590 3549 812 3601 Ἐκεῖνοι
840 3550 889 3602 οἱ
922 3553 1088 3611 ἵπποι,
1106 3552 1285 3603 ἐκεῖνα
1304 3551 1369 3605 τὰ
1397 3553 1633 3623 ἅρματα,
1656 3554 1752 3607 καὶ

188 3638 230 3686 oi
256 3638 337 3687 ἐπ’
360 3638 545 3691 αὐτῶν
572 3639 853 3699 ἀναϐάται.
881 3644 1111 3708 τοξόται,
1149 3644 1242 3698 καὶ
1276 3645 1641 3715 σφενδονῆται,
1658 3646 1749 3698 καὶ

188 3730 518 3800 ὁπλομάχοι,
554 3734 647 3784 καὶ
697 3735 725 3787 6
771 3733 954 3797 λοιπὸς
985 3736 1167 3806 ὅμιλος
1219 3736 1321 3807 τῆς
1379 3737 1487 3789 τῶν
1538 3737 1750 3809 ἐχθρῶν

189 3825 559 3893 παρατάξεως.
592 3826 656 3877 Τί
687 3825 794 3896 γὰρ
826 3828 890 3880 ἄν
918 3844 999 3890 τις
1024 3828 1294 3899 διαφέρειν
1327 3829 1469 3887 εἴποι
1501 3830 1626 3893 τοὺς
1653 3830 1746 3883 θυ-

190 3914 376 3981 μώδεις
405 3916 514 3969 τῶν
559 3917 853 3987 λογισμῶν,
878 3917 911 3988 ἢ
934 3918 1032 3981 τὰς
1068 3920 1204 3989 πρὸς
1224 3921 1416 3992 ἡδονήν
1441 3939 1499 3974 τε
1524 3922 1617 3976 καὶ
1652 3923 1745 3976 λύ-

187 4023 281 4077 πην
299 4009 394 4061 καὶ
424 4008 732 4073 πλεονεξίαν
754 4010 950 4080 ὁρμὰς,
975 4013 1074 4082 τῆς
1105 4016 1562 4084 μνημονευθείσης
1585 4032 1745 4087 στρα-

184 4101 291 4161 τιᾶς
315 4142 329 4164 ,
364 4100 528 4162 Λίθος
579 4102 834 4172 ἄντικρυς
883 4103 989 4155 ἀπὸ
1021 4104 1304 4174 σφενδόνης
1333 4106 1479 4158 ἐστὶν
1509 4108 1542 4176 ἡ
1574 4107 1744 4160 λοιδο-

186 4190 285 4260 pia,
321 4190 421 4243 καὶ
471 4190 640 4260 λόγχη
687 4193 785 4262 τὴν
830 4195 1032 4263 αἰχμὴν
1083 4195 1394 4271 ἐπισείουσα
1427 4198 1458 4269 ἡ
1491 4197 1742 4269 θυμώδης

182 4283 313 4350 ὁρμή
336 4298 349 4309 ·
367 4282 427 4333 τὸ
455 4281 511 4336 δὲ
539 4282 669 4352 περὶ
698 4282 794 4345 τὰς
816 4284 1006 4355 ἡδονὰς
1033 4286 1221 4349 πάθος,
1240 4289 1286 4339 οί
1320 4288 1471 4341 ἵπποι
1492 4289 1742 4343 νοείσθω-

184 4386 291 4436 σαν,
323 4372 536 4443 ἀσχέτῳ
575 4375 681 4426 τινὶ
722 4376 863 4446 ὁρμῇ
895 4375 951 4428 τὸ
992 4376 1141 4447 ἅρμα
1188 4379 1255 4431 δι’
1279 4379 1482 4433 ἑαυτῶν
1515 4381 1738 4450 ἐφελκό-

183 4477 322 4528 μενοι
349 4499 365 4523 ,
397 4462 452 4513 ὲν
481 4455 525 4526 ᾧ
548 4464 597 4514 oi
625 4466 770 4532 τρεῖς
791 4464 1068 4526 ἐπιϐάται,
1099 4465 1191 4529 οὓς
1216 4469 1507 4538 τριστάτας
1534 4471 1737 4541 ὀνομά-
1762 4528 1777 4541 ρ

1866 2010 1983 2049 eam
2014 1995 2225 2063 recipit.
2256 1994 2370 2050 Hoc
2423 1998 2605 2064 utique
2643 2004 2752 2048 tum
2797 1996 3058 2049 accidisse
3103 2012 3167 2048 ex
3201 1995 3425 2048 historia

1867 2083 2141 2146 audimus,
2176 2092 2229 2138 et
2289 2094 2547 2152 perpetuo
2584 2085 2698 2138 ﬁeri
2728 2100 2791 2138 ex
2820 2084 3087 2153 spirituali
3142 2099 3306 2139 sensu
3345 2084 3426 2139 di-

1865 2176 2092 2230 scimus.
2121 2174 2255 2229 Nam
2285 2176 2376 2246 qui
2418 2176 2711 2248 IEgyptnm
2743 2174 2975 2247 fugiens,
3013 2174 3423 2246 Aigyptiosjam

1866 2270 1999 2322 lines
2028 2267 2129 2322 ﬁde
2156 2267 2424 2331 transivit,
2455 2269 2501 2322 si
2524 2271 2882 2323 tentationum
2923 2276 3112 2322 aestum
3158 2268 3426 2321 extimue-

1865 2361 1956 2423 rit,
1979 2361 2046 2413 ah
2075 2361 2192 2429 ipso
2223 2360 2327 2415 Deo
2351 2360 2635 2430 petendam
2665 2374 2786 2415 esse
2819 2360 2924 2416 sibi
2948 2361 3199 2425 salutem,
3229 2376 3259 2414 a
3289 2359 3427 2415 duce

1864 2450 2172 2505 instruitur.
2196 2451 2328 2505 Cum
2359 2455 2501 2506 enim
2551 2450 2790 2522 undique
2820 2454 3190 2507 circumdatus
3220 2452 3426 2508 inimici

1862 2544 2068 2597 viribus
2095 2544 2185 2607 sit,
2242 2552 2371 2597 tunc
2410 2545 2722 2599 necessario
2752 2548 2884 2615 (non
2913 2544 3061 2601 enim
3090 2544 3252 2600 datur
3284 2546 3426 2602 alius

1861 2637 2061 2703 exitus)
2120 2651 2269 2691 mare
2300 2636 2559 2690 divinitus
2610 2636 2683 2689 ita
2739 2636 3025 2701 scinditur,
3057 2646 3117 2691 ut
3150 2652 3244 2708 per
3293 2637 3425 2693 illud

1861 2726 2139 2781 ambulare
2172 2725 2344 2795 possit
2375 2727 2441 2791 ³³,
2497 2727 2563 2782 ad
2604 2728 2747 2797 quod
2780 2727 2951 2783 nubes
2980 2729 2999 2797 (
3026 2728 3077 2782 id
3125 2729 3269 2784 enim
3299 2730 3423 2785 duci

1860 2818 2079 2887 nomen)
2104 2817 2383 2887 ductusuo
2403 2817 2639 2882 deducit,
2667 2835 2772 2889 qua
2787 2819 3002 2889 quidem
3028 2820 3170 2875 nube
3188 2819 3425 2891 Spiritus

1860 2912 2033 2970 sancti
2055 2909 2283 2976 gratiam
2320 2908 2473 2961 multi
2505 2909 2668 2963 etiam
2693 2919 2817 2965 ante
2836 2924 2937 2965 nos
2967 2911 3260 2981 signiﬁcari
3281 2922 3425 2968 recte

1858 3008 2242 3055 asseverarunt
2276 3018 2288 3053 :
2327 3015 2355 3052 a
2382 3000 2579 3068 spiritu
2609 3001 2752 3055 enim
2770 3002 2837 3056 ad
2862 3002 3060 3057 bonum
3083 3004 3424 3074 reducitnur;

1858 3091 2109 3160 spiritum
2135 3092 2229 3161 qui
2289 3092 2587 3161 sequimur,
2616 3106 2811 3161 aquam
2847 3093 3266 3163 pertransimus.
3303 3097 3423 3164 δρί-

1860 3182 1998 3237 ritus
2028 3182 2129 3236 iter
2150 3181 2217 3236 ad
2247 3197 2306 3238 se
2333 3198 2430 3252 per
2453 3197 2647 3252 aquam
2669 3192 2962 3254 praeparat;
2980 3185 3172 3253 spiritu
3203 3185 3423 3241 libertas

1857 3278 2231 3340 conlirmatur,
2284 3276 2509 3346 spiritus
2536 3276 2603 3338 is,
2637 3276 2731 3345 qui
2758 3291 2858 3331 nos
2890 3276 2945 3330 in
2969 3276 3281 3331 servitutem
3314 3286 3425 3331 tra-

1855 3366 1984 3420 here
2033 3376 2283 3433 conatur,
2343 3381 2482 3437 aqua
2537 3366 2855 3421 conteritur.
2914 3368 3041 3423 Haec
3101 3368 3193 3438 qui
3246 3370 3417 3429 audit.

1853 3471 2006 3526 aquae
2034 3465 2437 3512 sacramentum
2483 3472 2589 3510 non
2650 3457 2938 3527 ignorabit,
2967 3458 3019 3512 in
3055 3475 3215 3529 quam
3245 3460 3421 3516 tidelis

1852 3565 1975 3603 cum
2025 3549 2281 3604 universo
2322 3549 2497 3604 nostri
2550 3548 2726 3603 hostis
2769 3549 3107 3606 descendens
3148 3552 3417 3620 exercitu,

1850 3644 2000 3699 solus
2033 3642 2258 3713 emergit
2288 3641 2432 3705 inde,
2464 3642 2716 3697 hostihus
2754 3643 2988 3697 detentis
3012 3653 3173 3713 atque
3194 3659 3413 3715 oppres-

1848 3733 1927 3789 sis
1958 3748 2117 3802 aqua.
2154 3732 2287 3798 Quis
2322 3733 2465 3788 enirn
2506 3749 2615 3786 non
2642 3733 2794 3787 novit
2820 3749 2989 3803 equos
3019 3733 3416 3806 Egyptiorum,

1848 3824 2185 3895 sagittarios,
2219 3823 2542 3887 funditores,
2573 3834 2835 3889 armatos,
2862 3825 3072 3895 equites
3099 3842 3162 3880 ac
3186 3828 3415 3897 pedites,

1847 3933 2066 3980 currus,
2122 3916 2545 3985 universamque
2605 3916 2846 3985 ipsorum
2884 3917 3204 3984 potentiam,
3235 3920 3415 3973 varias

1844 4025 1965 4063 esse
1992 4009 2157 4060 animi
2206 4008 2510 4078 passiones,
2552 4007 2751 4075 quibus
2778 4007 3027 4061 servituti
3053 4008 3216 4061 homo
3245 4010 3414 4081 suliji-

1843 4099 2022 4154 citur?
2050 4098 2189 4163 Quid
2244 4098 2389 4152 enim
2425 4098 2494 4151 ab
2523 4098 2613 4151 illo
2647 4096 3022 4167 Egyptiorum
3071 4102 3309 4155 exercitu
3340 4103 3411 4155 ita

1840 4191 2006 4246 ell'usa
2034 4190 2284 4260 voluptas
2332 4190 2610 4256 eﬂ'renata,
2641 4192 2799 4246 dolor
2846 4190 3257 4264 immoderatus,
3286 4210 3411 4250 ava-

1840 4281 1986 4347 ritia,
2020 4281 2234 4337 {reditas
2260 4281 2474 4338 differt?
2520 4281 2680 4352 Lapis
2707 4291 2789 4338 est
2834 4283 2978 4337 haud
3008 4283 3169 4339 dubie
3208 4288 3410 4343 missus

1838 4371 2005 4426 funda
2031 4371 2379 4433 contumelia.
2412 4380 2466 4426 et
2528 4371 2683 4425 hasta
2731 4372 3012 4442 cuspidem
3060 4373 3280 4431 vibrans
3325 4386 3411 4432 est

1839 4464 2072 4533 impetus
2098 4464 2392 4519 iracundiae
2424 4483 2436 4517 :
2471 4464 2637 4519 libido
2660 4473 2837 4518 autem
2865 4475 2917 4520 et
2961 4467 3232 4536 c'upiditas
3256 4469 3409 4523 volu-

180 4550 254 4613 ζει
294 4554 328 4620 ὴ
370 4552 599 4623 ἱστορία.
639 4554 872 4624 Νοήσεις
911 4556 968 4608 δὲ
1011 4556 1137 4620 τοὺς
1170 4561 1315 4627 τρεῖς
1348 4560 1571 4625 τούτους
1600 4563 1731 4616 πάνι

1855 4564 2043 4610 )tatum
2082 4555 2454 4626 intelligantur
2481 4557 2606 4625 equi
2654 4556 2919 4612 effrenato
2940 4559 3177 4628 quodam
3204 4561 3406 4634 impetu

176 4658 293 4706 τως,
325 4645 453 4707 τοὺς
478 4645 806 4716 φερομένους
829 4648 932 4700 ὑπὸ
957 4648 1050 4701 τοῦ
1078 4650 1339 4719 ἅρματος,
1364 4653 1735 4723 προδιδαχθεὶς

179 4737 228 4787 ἐν
251 4736 330 4807 τῷ
370 4738 509 4791 κατά
535 4739 663 4803 τοὺς
700 4741 973 4809 σταθμοὺς
999 4744 1091 4794 καὶ
1112 4742 1208 4814 τὴν
1240 4744 1399 4813 φλιάν
1430 4750 1730 4820 μυστηρίῳ,

176 4828 263 4896 τὴν
290 4831 525 4901 τριμερῆ
548 4831 648 4901 τῆς
668 4832 845 4902 ψυχῆς
870 4833 1155 4902 διαίρεσιν,
1183 4838 1264 4899 είς
1290 4837 1351 4890 τὸ
1374 4838 1608 4907 λογικὸν,
1639 4842 1733 4895 καὶ

177 4918 578 4991 ἐπιθυμητικὸν,
610 4922 703 4975 καὶ
752 4922 1028 4990 θυμοειδὲς
1064 4926 1402 4999 ἀναπέμπων
1440 4930 1501 4983 τὸ
1530 4932 1726 5002 νόημα.

235 5102 420 5155 Ταῦτα
440 5098 532 5155 οὖν
562 5102 759 5166 πάντα,
785 5104 877 5158 καὶ
894 5106 993 5158 ὅσα
1017 5106 1224 5172 τούτοις
1253 5111 1514 5180 ὁμόφυλα,
1533 5114 1610 5184 τῷ
1636 5133 1735 5168 κα-

178 5193 486 5267 θηγουμένῳ
541 5198 639 5267 τῆς
701 5202 943 5271 πονηρᾶς
1002 5202 1191 5269 ἐφόδου
1256 5205 1633 5260 συνεισπίπτει
1657 5208 1732 5279 τῷ

186 5285 477 5357 Ἰσραηλίτῃ
508 5288 601 5339 ἐπὶ
627 5287 688 5339 τὸ
714 5287 882 5359 ὓδωρσ
926 5291 1009 5358 ἐφ’
1036 5286 1111 5343 ὧν
1139 5293 1171 5359 ἠ
1202 5291 1294 5343 τοῦ
1320 5292 1507 5357 ὓδατος
1535 5294 1695 5362 φύσις
1715 5336 1729 5357 ,

176 5377 468 5448 ἡγουμένης
505 5378 603 5449 τῆς
641 5379 783 5433 κατὰ
829 5385 927 5451 τὴν
970 5382 1274 5453 βακτηρίαν
1321 5385 1555 5449 πίστεως
1583 5426 1597 5449 ,
1637 5389 1731 5441 καὶ

175 5464 261 5534 ἧς
306 5468 641 5539 φωτιζούσης
670 5471 898 5539 νεφέλης
919 5513 933 5536 ,
965 5472 1225 5538 ζωοποιὸς
1259 5475 1357 5545 μὲν
1386 5477 1593 5544 γίνεται
1620 5479 1728 5532 τῶν

172 5558 246 5614 είς
287 5559 453 5629 αὐτὴν
494 5562 975 5629 καταφευγόντων,
1019 5565 1334 5637 ἀναιρετικὴ
1364 5566 1420 5619 δὲ
1464 5567 1570 5620 τῶν
1606 5568 1728 5621 διω·

173 5648 382 5703 κόντων.
416 5651 557 5721 Πρὸς
584 5651 618 5704 ἃ
640 5652 879 5707 παιδεύει
901 5654 990 5708 διὰ
1015 5655 1218 5709 τούτων
1253 5660 1278 5727 ἡ
1312 5658 1518 5729 ἱστορία
1537 5700 1553 5725 ,
1582 5661 1726 5725 οἴους

237 5833 275 5862 ³⁵
308 5832 467 5887 Exod.
510 5848 627 5890 xm.
670 5834 750 5886 Η.

465 5930 731 5989 Ρηιιοιη
763 5930 882 5987 (in.
932 5931 1147 5994 XLIV.

1838 4664 1936 4717 per
1973 4663 2031 4703 se
2095 4664 2314 4702 currum
2368 4647 2671 4711 trahentes,
2722 4648 2912 4717 inquo
2956 4658 3068 4706 tres
3113 4653 3323 4721 equites
3343 4669 3407 4706 an

1834 4739 2145 4814 bellatores,
2189 4756 2325 4808 quos
2361 4738 2603 4793 tristatas
2639 4742 2874 4810 appellat
2916 4744 3161 4808 historia,
3210 4745 3407 4814 quibus

1833 4806 1899 4885 tri
1909 4834 2157 4901 partitam
2181 4806 2347 4884 animi
2380 4806 2960 4903 potestatem—intelligi
2985 4806 3279 4899 credimus,
3302 4852 3399 4889 ra-

1831 4921 2087 4975 tionalem
2116 4920 2344 4985 scilicet,
2380 4919 2881 4989 concupiscibilem,
2919 4923 3270 4990 iraseibilem,
3305 4926 3402 4982 has

1832 5021 1943 5068 tres
1982 5013 2251 5082 potentias
2280 5011 2624 5081 depravatas.

1908 5106 2038 5170 Quae
2070 5105 2251 5159 omnia
2281 5119 2577 5173 eorumque
2606 5105 2781 5161 aliinia
2821 5122 2943 5161 cum
2973 5107 3113 5163 duce
3142 5089 3243 5164 suo
3271 5127 3399 5174 una,

1836 5197 2044 5253 scilicet
2074 5213 2196 5251 cum
2230 5196 2396 5259 ﬁdeli,
2431 5196 2485 5251 in
2517 5209 2711 5264 aquam
2760 5198 3098 5269 baptismatis
3135 5202 3403 5268 incidunt;

1834 5298 2028 5343 natura
2058 5304 2187 5343 vero
2236 5304 2407 5358 aquae,
2445 5289 2783 5356 praecedente
2832 5290 2978 5360 virga
3016 5290 3135 5346 [idei
3167 5302 3223 5345 et
3252 5299 3400 5359 pote-

1832 5390 1974 5436 state
2030 5382 2388 5436 illumiuantis
2455 5380 2816 5451 ducentisque
2885 5382 3113 5441 nebulm.
3173 5382 3399 5451 spiritus

1833 5474 2086 5529 videlicet
2115 5474 2312 5537 sancti,
2354 5473 2605 5529 ﬁdelibus
2632 5475 2847 5543 quidem
2877 5474 2970 5543 qui
3003 5474 3068 5527 ad
3098 5489 3214 5529 eam
3246 5472 3398 5527 retu-

1834 5570 2007 5639 giunt,
2034 5570 2199 5621 vitam
2225 5574 2465 5636 praestat,
2499 5566 2942 5636 persecutoribus
2966 5573 3145 5619 autem
3170 5572 3398 5619 mortem

1832 5661 2019 5716 infert.
2067 5661 2247 5727 Quare
2284 5659 2416 5714 illud
2461 5674 2679 5730 quoque
2730 5658 2799 5713 ab
2835 5658 3062 5713 historia
3109 5656 3401 5727 discimus,

3067 5934 3137 6003 ια
