3982 6476
609 409 714 467 363

1870 418 1926 475 S.
1958 419 2279 479 GREGORII
2303 423 2595 483 NYS‘iENl

3709 435 3801 489 ὅθι

608 526 797 599 quales
832 543 931 583 nos
989 536 1110 597 post
1148 543 1303 600 aqua:
1348 532 1636 588 transitum
1683 549 1806 591 esse
1846 537 2139 596 debeamus

2245 546 2535 617 arpoaﬁxer
2579 541 2718 600 εἶναι
2762 563 2885 610 τους
2920 545 3151 610 διῖόντας
3188 546 3249 599 τὸ
3296 546 3459 619 ὕδωρ,
3515 549 3673 620 μηδὲν
3713 553 3800 618 τῆς

605 618 742 673 nihil
762 620 905 674 enim
922 620 988 673 ah
1002 621 1245 675 exercitu
1261 622 1457 687 hostis,
1475 626 1569 696 qui
1588 627 1870 684 nobiscum
1894 631 1947 685 in
1968 646 2165 701 aquam

606 707 818 773 incidit,
862 708 1147 765 nobiscum
1182 712 1587 780 attrahendum,
1638 731 1762 770 cum
1811 721 2161 790 emergimus,

602 806 705 853 est.
740 798 871 853 Nam
896 790 1116 869 quicum
1142 801 1317 858 hostis
1340 818 1593 874 egressus
1618 806 1687 861 ab
1712 823 1850 877 aqua
1872 809 2031 864 simul
2057 819 2162 875 est,

603 889 650 943 is
701 891 955 958 quoniam
1007 891 1064 946 in
1098 906 1239 962 aqua
1290 894 1500 951 hostem
1534 912 1644 951 non
1695 901 2009 968 submersit,
2067 904 2162 959 sed

601 981 781 1035 vivum
810 983 934 1038 inde
958 997 1141 1039 secum
1168 984 1371 1050 eduxit,
1398 987 1560 1042 etiam
1590 998 1712 1060 post
1739 1007 1932 1061 aquam
1968 992 2021 1048 in
2047 1009 2163 1050 ser—

598 1073 771 1128 vitute
806 1076 1092 1133 remansit.
1138 1076 1215 1130 ita
1248 1070 1355 1132 tale
1387 1080 1519 1149 quid
1544 1090 1648 1147 est,
1703 1090 1758 1137 ut
1790 1085 1953 1140 latius
1986 1089 2158 1153 expli-

598 1173 774 1231 cetur,
805 1166 948 1237 quod
978 1176 1227 1237 oporteat
1250 1183 1440 1226 omnes
1460 1173 1555 1242 qui
1586 1178 2033 1234 sacramentalem
2066 1181 2159 1235 ba-

596 1254 869 1325 ptismatis
923 1271 1120 1327 aquam
1172 1265 1481 1327 transeunt,
1534 1264 1851 1321 universum
1902 1269 2156 1324 vitiorum

597 1347 895 1402 exercitum
925 1347 979 1402 in
1008 1364 1148 1419 aqua
1178 1350 1448 1419 occidere,
1479 1361 1537 1407 ut
1563 1356 1867 1423 avaritiam,
1904 1374 2155 1430 rapacem

595 1448 852 1501 mentem,
871 1440 1165 1505 luxuriam,
1186 1442 1489 1512 libidinem,
1516 1448 1849 1516 superbiam,
1867 1451 2155 1508 elationem

590 1541 778 1601 animi,
804 1540 938 1594 iram
963 1580 976 1605 ,
1016 1540 1299 1607 invidiam,
1338 1550 1535 1597 cuncta
1569 1538 1685 1593 haec
1718 1548 1772 1594 et
1809 1540 1896 1596 his
1928 1545 2146 1600 similia.

587 1630 697 1685 Nec
722 1633 894 1684 solum
917 1631 1143 1688 affectus
1168 1633 1452 1695 vitiorum,
1472 1630 1567 1689 sed
1590 1629 1756 1685 animi
1780 1640 1959 1689 motus
1988 1642 2152 1705 atque

591 1709 1052 1779 perturbationes,
1102 1731 1222 1784 qua:
1275 1715 1555 1773 hominum
1602 1729 1852 1777 naturam
1896 1726 2155 1793 quodam-

590 1798 753 1852 modo
787 1811 1216 1872 consequuntur,
1263 1804 1317 1859 in
1356 1814 1618 1875 quantum
1654 1812 1914 1879 possibile
1945 1820 2046 1880 est,
2097 1814 2150 1868 in

2273 635 2520 702 ἐναντίας
2574 640 2831 709 στρατιᾶς
2887 637 3026 709 μετά
3073 638 3135 691 τὸ
3184 639 3441 692 ἀναδῦναι
3487 640 3579 694 τοῦ
3634 642 3801 707 ὕδατος

2272 727 2685 799 ἐφελκομένους.
2729 729 2923 800 Είγάρ
2970 728 3240 800 συναναόᾔ
3276 730 3423 801 αὐτῷ
3470 734 3499 783 ό
3538 732 3799 802 πολέμιος,

2272 820 2422 889 μένει
2454 822 2548 874 καὶ
2588 820 2725 891 μετά
2753 821 2813 874 τδ
2844 820 2987 892 ὕδωρ
3013 822 3071 875 ἐν
3097 824 3162 892 τῇ
3202 822 3411 876 δουλεία
3431 863 3445 885 ,
3485 824 3801 878 συνεκϐαλὼν

2269 910 2444 983 ἐαυτῷ
2475 912 2650 977 ζῶντα
2688 912 2778 966 τὸν
2806 912 3084 984 τύραννον,
3134 914 3194 966 ὃν
3233 916 3290 968 ἐν
3324 915 3403 986 τῷ
3435 915 3576 986 βυθῷ
3605 918 3663 970 οὐ
3691 935 3802 971 κατ-

2267 1001 2440 1059 έδυσε,
2482 1003 2651 1057 Τοῦτο
2692 1005 2748 1058 δέ
2793 1005 3028 1058 τοιοῦτόν
3070 1007 3240 1067 ἐστιν,
3274 1008 3350 1071 ὼς
3386 1007 3449 1061 ἀν
3477 1026 3560 1071 τις
3602 1009 3801 1080 πρὸςτὸ

2265 1094 2594 1166 γυμνότερον
2641 1094 2702 1148 τὸ
2753 1092 2980 1164 αἴνιγμα
3026 1095 3348 1165 μεταϐαλὼν
3389 1098 3714 1167 σαφηνίσειε,
3750 1100 3803 1152 τὺ

2264 1184 2371 1237 δεῖν
2401 1184 2610 1249 πάντας
2639 1187 2765 1250 τοὺς
2795 1187 3181 1259 διερχομένους
3226 1187 3282 1240 τὸ
3315 1189 3571 1257 μυστικὸν
3598 1189 3733 1261 ὕδωρ
3753 1192 3803 1243 ἐι

2263 1276 2340 1348 τῷ
2374 1276 2737 1348 βαπτίσματι,
2785 1280 2964 1331 πᾶσαν
2994 1279 3093 1350 τὴν
3119 1278 3219 1349 τῆς
3247 1279 3445 1343 κακίας
3479 1281 3803 1351 παρεμξολὴν

2261 1368 2459 1438 νεκρὰν
2493 1372 2661 1421 ποιεῖν
2693 1370 2750 1422 ἐν
2779 1369 2856 1441 τῷ
2872 1369 3024 1423 ὕδατι
3043 1385 3057 1400 ο
3098 1364 3210 1422 οἷον
3237 1368 3336 1439 τὴν
3366 1368 3699 1439 πλεονεξίαν,
3717 1371 3804 1441 τὴν

2262 1460 2556 1513 ἀκόλαστον
2603 1460 2924 1531 ἐπιθυμίαν,
2969 1461 3065 1532 τὴν
3093 1461 3439 1532 ἀρπακτικὴν
3482 1461 3725 1525 διάνοιαν,
3751 1463 3809 1515 τὸ

2262 1552 2401 1604 κατὰ
2421 1551 2511 1604 τὸν
2532 1550 2696 1621 τύφον
2719 1553 2811 1606 καὶ
2840 1552 3218 1624 ὑπερηφανίαν
3249 1550 3441 1617 πάθος,
3478 1552 3574 1622 τὴν
3600 1552 3802 1625 θυμώδη

2260 1640 2455 1711 ὁρμὴν,
2503 1643 2599 1713 τὴν
2635 1644 2824 1715 ὀργὴν,
2863 1644 2961 1716 τὴν
3012 1644 3191 1714 μῆνιν,
3235 1643 3334 1714 τὴν
3378 1642 3688 1713 βασκανίαν,
3724 1646 3805 1698 τὸν

2259 1731 2469 1800 φθόνον,
2501 1732 2669 1786 ταῦτα
2702 1735 2899 1799 πάντα,
2936 1735 3031 1787 καὶ
3083 1732 3154 1787 τά
3197 1734 3441 1797 τοιαῦτα,
3488 1724 3665 1803 ἐπειδή
3700 1753 3805 1799 πως

2259 1824 2498 1891 πέφυκεν
2535 1825 2760 1880 ἕπεσθαι
2806 1830 2873 1898 τῇ
2922 1825 3082 1896 φύσει
3117 1826 3187 1879 τά
3220 1826 3366 1897 πάθη
3389 1866 3403 1888 ,
3446 1828 3611 1897 νεκρά
3645 1829 3803 1880 ποιεῖν

587 1902 729 1958 aqua
778 1892 1093 1950 submersas
1132 1896 1441 1967 relinquere
1487 1899 1767 1957 debemus.
1829 1900 1962 1957 Nam
2016 1905 2141 1959 sicu1

2260 1920 2319 1971 ἐν
2346 1917 2424 1989 τῷ
2451 1918 2601 1972 ὕδατι
2622 1936 2635 1949 ·
2668 1919 2807 1972 αὐτά
2921 1892 2989 1973 τά
3021 1917 3233 1990 πονηρά
3260 1892 3366 1990 τῆς.
3400 1892 3632 1981 διανοίας
3661 1918 3803 1991 κινή-

584 1981 749 2034 etiam
782 1981 834 2035 in
876 1984 1078 2053 pascha
1112 1984 1252 2041 dixit
1285 1987 1371 2059 (id
1401 1990 1545 2044 enim
1577 1999 1661 2047 est
1706 2008 1903 2048 nomen
1939 1994 2145 2060 hostiae,

584 2071 743 2139 cujus
784 2074 1009 2143 sanguis
1027 2065 1270 2132 'mortem
1306 2079 1374 2133 ab
1412 2087 1596 2136 utente
1635 2082 1884 2151 repellit)
1928 2098 2148 2155 azymos

582 2177 750 2234 panes
772 2163 931 2221 edere
948 2164 1103 2235 jubet
1126 2168 1193 2224 “.
1227 2169 1496 2242 Azymum
1528 2180 1705 2228 autem
1738 2183 1841 2240 est,
1875 2176 2019 2246 quod
2041 2175 2149 2231 fer-

583 2263 847 2322 mentum,
879 2272 992 2312 rem
1021 2266 1262 2331 tempore
1284 2262 1588 2324 rancidam,
1633 2280 1818 2319 secum
1846 2265 2145 2323 immistum

580 2360 690 2399 non
725 2347 903 2401 habet.
935 2346 1055 2415 Quo
1086 2362 1246 2420 pacto
1276 2352 1480 2417 docuit,
1504 2370 1573 2410 ne
1600 2355 1855 2412 vitiorum
1886 2359 2147 2430 reliquias

580 2438 827 2506 sequenti
858 2448 983 2508 post
1019 2439 1176 2495 (idem
1215 2442 1340 2497 vitae
1380 2443 1811 2514 immisceamus,
1863 2448 1961 2504 sed
1987 2450 2146 2518 quasi

580 2529 648 2583 ab
674 2529 782 2584 alio
817 2529 976 2586 initio
1018 2532 1200 2587 vivere
1236 2532 1586 2604 incipiamus,
1640 2536 1903 2607 peccandi
1947 2541 2144 2597 seriem

577 2619 645 2673 ad
673 2620 832 2676 lldem
867 2636 1042 2692 usque
1069 2623 1441 2679 continuatam
1470 2624 1877 2699 dirumpe‘ntes:
1932 2631 2007 2686 ita
2040 2631 2145 2688 hoc

577 2709 633 2764 in
662 2711 784 2765 loco
811 2710 1107 2784 Egyptum
1139 2729 1377 2780 omnem,
1407 2716 1460 2770 id
1486 2726 1591 2781 est,
1640 2734 1854 2775 omnem
1882 2724 2145 2792 peccandi

575 2802 811 2870 speciem
853 2804 908 2857 in
941 2818 1082 2873 aqua
1120 2805 1573 2875 submergendam
1619 2824 1679 2864 re
1707 2809 1824 2880 ipsa
1859 2812 2140 2879 instruxit,

576 2902 636 2947 ut
664 2893 789 2949 inde
819 2894 922 2950 soli
965 2896 1173 2966 absque
1214 2906 1439 2967 peccato
1473 2912 1838 2971 emergamus.
1874 2900 2029 2969 Quod
2058 2903 2143 2957 hi-

572 2983 758 3041 storiae
811 2985 1013 3041 factum
1062 2995 1191 3043 tunc
1246 2989 1497 3061 legimus,
1548 3000 1771 3049 enectos
1828 2995 2037 3052 scilicet
2085 2996 2141 3052 in

568 3076 731 3147 aquis
775 3076 980 3143 hostes,
1035 3085 1090 3133 et
1128 3078 1346 3136 Judazos
1393 3081 1519 3137 inde
1548 3084 1699 3140 solos
1730 3088 1995 3144 evasisse.
2036 3089 2140 3145 Sed

572 3167 726 3222 multi
757 3170 840 3223 vel
866 3170 1177 3240 ignorantia
1205 3165 1598 3244 praeceptorum
1625 3177 1782 3248 legis,
1806 3180 1893 3234 vel
1924 3182 2141 3236 temeri-

570 3269 679 3317 tate
727 3276 792 3315 ac
832 3262 1221 3329 inconstantia,
1283 3266 1569 3324 sordidum
1610 3271 1815 3340 prioris
1854 3274 1978 3327 vitae
2028 3274 2139 3330 fer-

570 3361 813 3407 mentum
851 3353 905 3406 in
950 3356 1304 3424 posteriorem
1339 3357 1509 3412 vitam
1561 3360 1873 3427 traducunt,
1906 3372 1961 3419 et
1994 3364 2137 3422 feros

574 3441 788 3514 Egypti
827 3444 1028 3500 milites
1071 3455 1195 3516 post
1232 3449 1563 3518 baptismum
1612 3467 1799 3507 secum
1838 3454 2132 3512 adducunt.

570 3530 701 3585 Nam
739 3532 833 3601 qui
866 3534 1056 3602 rapina
1083 3534 1240 3589 ditati
1287 3544 1437 3601 sunt,
1479 3546 1574 3592 aut
1615 3540 1855 3610 perjurio
1898 3542 2137 3613 praedam

570 3622 866 3691 possident,
899 3633 992 3678 aut
1022 3624 1294 3682 adulterio
1321 3642 1522 3684 uxores
1557 3629 1851 3696 duxerunt,
1903 3643 1998 3688 aut
2039 3636 2138 3691 ali-

569 3713 697 3785 quid
721 3715 944 3769 vetitum
969 3724 1095 3772 ante
1120 3717 1374 3788 baptismi
1406 3720 1606 3777 donum
1641 3726 2054 3791 commiserunt,
2088 3729 2135 3784 si

566 3805 767 3860 lavacri
809 3808 981 3877 gratia
1012 3807 1081 3862 ab
1123 3808 1210 3865 his
1260 3826 1319 3865 se
1368 3813 1608 3882 peccatis
1641 3814 1896 3873 liberatos
1924 3828 2132 3889 putant,

564 3913 620 3953 In
670 3898 869 3967 injuria
920 3910 1321 3969 permanentes,
1363 3904 1714 3963 vehementer
1761 3918 1974 3976 errant,
2032 3928 2134 3968 nec

563 3996 791 4059 possunt
822 3989 1147 4061 intelligere,
1181 3993 1333 4050 duris
1357 3984 1585 4052 nimi-um
1619 4015 1679 4055 se
1708 4002 1944 4059 dominis
1975 4005 2131 4075 quasi

563 4097 733 4138 nexos
777 4082 1065 4139 inservire.
1097 4084 1347 4142 Crudelis
1379 4089 1524 4145 enim
1568 4090 1786 4148 domina
1821 4111 1883 4150 ac
1915 4099 2132 4155 rabiosa

564 4172 778 4227 luxuria
800 4181 907 4241 est,
935 4174 1162 4231 libidine
1182 4178 1336 4248 quasi
1362 4179 1600 4238 stimulis
1625 4186 1874 4241 servilem
1896 4199 2128 4244 mentem

563 4267 865 4335 exagitans.
912 4266 1032 4320 Alia
1067 4282 1175 4322 non
1208 4269 1390 4327 minus
1432 4272 1673 4330 crudelis
1701 4275 1920 4333 domina
1951 4283 2130 4336 avari-

562 4355 669 4409 tia:
701 4356 902 4426 quippe
946 4357 1151 4410 nullam
1181 4374 1423 4429 unquam
1469 4366 1711 4434 requiem
1763 4371 2128 4429 servientibus

561 4445 605 4500 ei
636 4447 875 4515 praebere
918 4449 1073 4512 solet,
1132 4450 1226 4504 sed
1273 4462 1478 4522 quanto
1522 4457 1675 4527 plura
1707 4460 1813 4515 diei
1853 4477 1917 4517 ac
1950 4467 2128 4521 noctis

2255 2025 2418 2076 ματα,
2454 2009 2547 2062 καὶ
2570 2009 2637 2062 τά
2676 2012 2738 2062 ἐκ
2767 2009 2970 2064 τούτων
3004 2010 3414 2080 ἀποτελέσματα
3440 2050 3454 2071 .
3485 2010 3724 2081 καθάπερ
3751 2012 3802 2062 ἐν

2248 2096 2324 2164 τῷ
2353 2097 2631 2168 μυστηρίῳ
2654 2098 2745 2150 τοῦ
2769 2099 2949 2170 πάσχα
2968 2114 2983 2131 °
3006 2098 3164 2152 τοῦτο
3190 2099 3299 2170 γάρ
3320 2099 3489 2168 ὄνομα
3513 2100 3588 2169 τῷ
3613 2100 3796 2170 ἱερείῳ,

2248 2178 2306 2237 οὗ
2344 2186 2404 2238 τὸ
2436 2181 2571 2256 αἷμα
2609 2188 2910 2241 κωλυτικδν
2952 2190 3184 2243 θανάτου
3217 2190 3293 2261 τῷ
3332 2192 3655 2261 χρησαμένῳ
3680 2192 3801 2259 γίνε-

2246 2293 2356 2330 ται.
2400 2278 2607 2350 Ὠσπερ
2645 2280 2823 2333 τοίνυν
2863 2282 2978 2333 ἐκεῖ
3015 2281 3106 2336 τὸν
3153 2282 3316 2352 ἀρτον
3357 2282 3563 2353 ἄζυμον
3608 2282 3801 2336 κελεύει

2246 2367 2514 2422 ἐπεσθίειν
2540 2369 2602 2423 τὸ
2631 2370 2814 2442 πάσχα
2849 2372 2866 2443 (
2889 2370 3095 2438 ἀζυμος
3116 2372 3161 2426 δ’
3196 2373 3265 2426 ἂν
3292 2372 3378 2445 εἴη
3405 2376 3435 2427 ό
3462 2374 3559 2444 τῆς
3587 2375 3800 2428 ἐωλοτέ-

2251 2477 2347 2530 ρας
2373 2460 2727 2532 ἀνεπίμικτος
2758 2461 2999 2534 ζύμης),
3018 2467 3159 2518 νοεῖν
3196 2482 3258 2518 τε
3288 2464 3468 2518 δίδωσι
3505 2464 3590 2519 διὰ
3613 2465 3801 2519 τούτων

2244 2553 2273 2605 ό
2305 2550 2488 2621 νόμος,
2534 2552 2593 2605 τὸ
2630 2554 2796 2623 μηδὲν
2835 2554 2937 2625 τῆς
2978 2554 3175 2617 κακίας
3217 2553 3470 2624 λείψανον
3500 2553 3578 2626 τῷ
3619 2556 3801 2627 ἐφεξῆς

2246 2643 2632 2713 καταμιγνύειν
2665 2643 2763 2714 βίῳ
2788 2684 2802 2710 ,
2833 2644 2947 2697 ἀλλ’
2992 2646 3100 2698 ἀπὸ
3147 2645 3280 2709 ιδίας
3321 2647 3495 2716 ἀρχῆς
3535 2646 3633 2716 τῆς
3677 2648 3802 2716 μετά

2242 2734 2413 2788 ταῦτα
2450 2733 2593 2807 ζωῆς
2624 2735 2908 2805 ἄρξασθαι,
2949 2737 3041 2791 τὸν
3073 2737 3133 2791 τὺ
3171 2737 3393 2808 συνεχὲς
3429 2739 3525 2808 τῆς
3550 2739 3655 2791 τῶν
3688 2756 3800 2791 και-

2248 2827 2353 2897 ρῶν
2383 2828 2701 2892 ἀκολουθίας
2743 2832 2808 2900 τῇ
2841 2828 2976 2901 πρὸς
3018 2830 3078 2882 τὸ
3116 2833 3360 2901 κρεῖττον
3389 2829 3656 2901 μεταϐολῇ
3692 2828 3800 2883 δια·

2247 2919 2505 2988 κόψανταε
2534 2918 2677 2973 οὕτω
2706 2921 2799 2974 καὶ
2829 2921 3061 2974 ἐνταῦθα
3109 2922 3353 2991 βούλεται
3380 2923 3488 2975 πᾶν
3520 2921 3801 2990 Αίγύπτιον

2242 3010 2550 3082 πρόσωπον,
2578 3012 2841 3077 τουτέστι,
2872 3014 2980 3065 πᾶν
3011 3014 3285 3084 ἁμαρτίας
3307 3010 3466 3077 εἶδος,
3489 3014 3673 3084 ῶσπερ
3695 3012 3794 3067 τινὶ

2246 3102 2391 3173 βυθῷ
2416 3102 2493 3173 τῷ
2505 3103 2755 3174 σωτηρίῳ
2775 3102 3108 3175 βαπτίσματι
3131 3105 3586 3170 καταπνίξαντας,
3616 3105 3798 3174 μόνους

2242 3196 2529 3260 ἀναδῦναι,
2560 3198 2724 3268 μηδὲν
2758 3197 2899 3251 κατά
2928 3199 3019 3252 τὸν
3049 3198 3160 3269 βίον
3185 3200 3613 3270 ἐπισυρομένους
3649 3197 3796 3252 ἀλλό·

2241 3287 2423 3355 φυλον.
2447 3287 2615 3341 Τοῦτο
2638 3290 2742 3365 γάρ
2768 3290 2913 3343 ἐστιν
2933 3289 2961 3341 ὃ
2990 3290 3078 3343 διὰ
3107 3290 3205 3359 τῆς
3241 3290 3481 3361 ἱστορίας
3514 3289 3793 3359 ἀκούομεν,

2237 3375 2482 3447 ἥφησιν,
2518 3378 2576 3429 ἐν
2614 3376 2691 3447 τῷ
2734 3377 2882 3448 αὑτῷ
2932 3376 3106 3445 ὕδατι,
3149 3378 3363 3450 θανάτῳ
3403 3382 3498 3434 καὶ
3547 3380 3655 3451 ζωῇ
3688 3381 3796 3433 δια-

2237 3469 2513 3540 κρίνεσθαι
2539 3471 2598 3523 τὸ
2612 3469 2802 3542 ἐχθρὸν
2823 3471 2916 3525 καὶ⁸
2930 3471 2990 3525 τὸ
3020 3471 3190 3541 φίλον·
3212 3472 3304 3526 τοῦ
3326 3471 3424 3543 μέν
3452 3472 3644 3544 ἐχθροῦ
3658 3472 3797 3541 φθει-

2239 3559 2487 3633 ρομένου,
2522 3560 2616 3615 τοῦ
2645 3561 2701 3616 δέ
2730 3563 2884 3632 φίλου
2916 3562 3369 3634 ζωογονουμένου,
3402 3563 3478 3626 ὼς
3501 3564 3555 3616 οῖ
3581 3581 3643 3631 γε
3679 3563 3791 3615 πολι

2234 3650 2317 3704 λο“ι
2342 3651 2450 3705 τῶν
2485 3653 2545 3706 τὸ
2574 3653 2830 3723 μυστικὸν
2865 3652 3145 3724 βάπτισμα
3184 3653 3652 3725 προσδεξαμένων,
3698 3656 3790 3721 ἀγ-

2235 3745 2351 3817 νοίᾳ
2382 3746 2488 3799 τῶν
2525 3746 2617 3800 τοῦ
2651 3748 2816 3817 νόμου
2846 3747 3336 3819 παραγγελμάτων,
3372 3748 3471 3819 τὴν
3504 3748 3787 3820 παρελθοῶ

2236 3855 2336 3892 σαν
2369 3839 2468 3909 τῆς
2494 3841 2689 3905 κακίας
2712 3840 2911 3912 ζύμην.
2938 3844 3003 3913 τῇ
3040 3841 3150 3913 ζωῇ
3182 3840 3277 3895 τοῦ
3316 3841 3455 3913 μετά
3486 3841 3653 3895 ταῦτα
3686 3842 3787 3912 βίον

2234 3932 2661 4002 καταμιγνύουσι
2681 3974 2695 3996 ,
2724 3934 2818 3987 καὶ
2856 3933 2950 3986 τὸν
2989 3934 3215 4007 στρατὸν
3236 3934 3327 3988 τὸν
3359 3933 3672 4003 Αίγύπτιον,
3708 3937 3785 3986 καὶ

2236 4023 2374 4092 μετά
2419 4023 2478 4077 τὸ
2525 4026 2759 4096 περάσαι
2804 4024 2863 4077 τὸ
2895 4025 3060 4096 ὕδωρ,
3098 4026 3275 4090 ζῶντα
3319 4026 3438 4097 μεθ’
3482 4027 3684 4079 ἐαυτῶν
3713 4028 3782 4079 διὸ

2231 4114 2337 4167 τῶν
2379 4115 2821 4185 ἐπιτηδευμάτων
2863 4116 3178 4185 ἐπάγονται.
3232 4118 3291 4171 '0
3317 4119 3424 4189 γὰρ
3449 4118 3516 4172 δι’
3554 4119 3778 4188 ἁρπαγῆς

2230 4206 2263 4276 ἦ
2310 4206 2520 4271 ἀδικίας
2574 4208 2917 4280 πλουτήσας,
2972 4211 3005 4280 ἦ
3048 4228 3168 4265 τινα
3208 4210 3383 4282 χῶρον
3432 4210 3491 4275 ἐξ
3523 4214 3777 4282 ἐπιορκίας

2231 4298 2600 4369 κτησάμενος,
2636 4301 2668 4371 ἢ
2714 4300 2804 4354 διὰ
2845 4301 3090 4373 μοιχείας
3119 4304 3339 4371 γυναικὶ
3372 4305 3691 4373 συνοικήσας
3712 4304 3774 4367 ,ἦ

2230 4388 2357 4443 ἀλλο
2391 4408 2443 4443 τι
2475 4392 2581 4444 τῶν
2615 4394 3004 4466 ἀπειρημένων
3032 4394 3137 4465 πρὸ
3173 4395 3271 4465 τῆς
3302 4393 3395 4448 τοῦ
3428 4394 3775 4464 ﬂaminum;

2228 4482 2435 4549 δωρεᾶς
2463 4486 2610 4555 παρά
2634 4485 2725 4537 τὸν
2756 4486 2868 4556 βίον
2891 4486 3192 4556 τολμήσας.
3221 4487 3391 4539 οἴεται
3418 4490 3482 4557 τῇ
3508 4487 3772 4540 ἀπολαύσει

561 4536 840 4593 laboribus
870 4548 922 4592 ct
947 4543 1283 4599 cruciatibus
1307 4546 1535 4615 imperio
1557 4549 1790 4606 dominae
1811 4556 2123 4624 quaeritant,

561 4627 1012 4649 -___u=._.-___,,_
1072 4648 1075 4649 ν
1354 4638 1365 4649 .

2306 4536 2317 4549 .
2380 4536 2431 4546 ν.
2510 4536 2556 4555 τ,
2600 4536 2608 4538 ν
2648 4536 2686 4537 η
2756 4536 2777 4556 ,γ
2818 4536 2855 4538 ψ
2905 4536 2944 4539 η
2987 4536 3192 4556 ,ιη-ρ..
3229 4536 3242 4539 -
3430 4536 3697 4557 -ε,

2245 4572 2337 4625 τῶν
2368 4576 2553 4639 κακῶς
2578 4576 2725 4646 αὐτῷ
2747 4578 3193 4649 προσγενομένων
3213 4580 3307 4631 καὶ
3325 4578 3463 4649 μετὰ
3490 4578 3551 4631 τὺ
3579 4577 3775 4645 λουτρὸν

559 4627 1022 4701 cupiditatemque
1063 4648 1218 4688 suam
1245 4638 1462 4705 explere
1489 4652 1776 4709 conantur,
1826 4655 1977 4702 tanto
2011 4667 2125 4706 ma-

559 4719 639 4788 gis
667 4734 958 4791 anguntur,
991 4727 1147 4792 quasi
1175 4728 1311 4783 nihil
1335 4728 1583 4796 fecerint,
1621 4737 1901 4808 magisque
1934 4742 2123 4799 inanes

559 4825 621 4863 ac
645 4809 1004 4869 famescentes
1025 4818 1391 4887 reperiuntur.
1417 4822 1729 4895 Eodemque
1752 4831 1911 4885 modo
1927 4845 2121 4890 caatera

557 4902 683 4955 vitia
729 4903 1109 4962 dominantur:
1167 4912 1366 4980 quibus
1410 4916 1502 4985 qui
1541 4919 1727 4984 servit,
1773 4926 2021 4992 quamvis
2064 4929 2119 4983 in

556 5009 748 5064 aquam
799 4996 1158 5068 descenderit,
1213 5004 1453 5059 nondum
1488 5016 1691 5078 tamen,
1739 5029 1857 5068 mea
1902 5018 2118 5086 quidem

556 5090 844 5153 sententia,
908 5095 1358 5151 sacramentalem
1426 5101 1603 5169 tetigit
1682 5118 1898 5173 aquam,
1963 5110 2121 5179 cujus

554 5177 830 5244 proprium
890 5188 976 5236 est
1006 5184 1299 5242 perniciosi
1346 5192 1559 5259 tyranni
1602 5207 1666 5248 ac
1708 5199 1979 5256 exercitus
2031 5177 2117 5257 sui

553 5266 866 5323 Jestructio.

2232 4662 2609 4732 παραμείνας,
2648 4663 3052 4735 ἠλευθερῶσθαι
3090 4669 3190 4736 τῆς
3228 4665 3337 4719 τῶν
3384 4666 3776 4737 ἁμαρτημάτων

2229 4752 2489 4817 δουλείας,
2521 4753 2708 4826 ὥσπερ
2736 4755 2832 4825 οὐχ
2855 4755 2995 4827 ὁρῶν
3022 4756 3210 4808 ἐαυτὸν
3234 4759 3347 4821 τοῖς
3376 4762 3638 4829 πονηροῖς
3668 4757 3775 4808 ὑπο.

2230 4846 2504 4915 κεκυφότα
2534 4847 2840 4912 δεσπόταις.
2885 4849 3160 4921 Δεσπότης
3187 4852 3294 4920 γάρ
3319 4849 3402 4911 τίς
3432 4851 3580 4902 ἐστιν
3609 4850 3777 4918 ἄγριος

2229 4937 2323 4989 καὶ
2356 4936 2649 5009 λυσσώδης,
2684 4938 2744 4992 τὸ
2781 4938 3071 4994 ἀκόλαστον
3107 4938 3297 5000 πάθος,
3332 4938 3411 5007 τῷ
3450 4936 3778 5010 ἀνδραποδώ-

2226 5028 2304 5081 δει
2348 5028 2609 5100 λογισμῷ,
2645 5026 2757 5083 οἷόν
2783 5046 2893 5082 τισι
2936 5030 3152 5100 μάστιξι
3180 5033 3299 5093 ταῖς
3327 5030 3545 5100 ἡδοναῖς
3587 5027 3778 5089 αἰκιζόο

2229 5136 2406 5191 μενος.
2442 5120 2633 5183 Ἀλλος
2661 5119 2898 5183 τοιοῦτος
2925 5120 3188 5190 δεσπότης
3208 5122 3242 5191 ἠ
3272 5120 3554 5184 πλεονεξία
3576 5159 3592 5182 ,
3626 5119 3771 5189 μηδεο

2229 5211 2356 5281 μίαν
2391 5212 2573 5264 ἄνεσιν
2610 5211 2690 5282 τῷ
2729 5212 3034 5265 δουλεύοντι
3080 5213 3488 5283 παρεχόμενος.
3527 5211 3663 5265 ἀλλά
3690 5208 3775 5263 κᾶν

2227 5302 2395 5355 πολλὰ
2450 5304 2786 5374 ἐργάσηται,
2818 5306 2927 5368 τοῖς
2961 5304 3326 5375 ἐπιτάγμασιν
3364 5305 3653 5377 ὑπηρετῶν
3693 5300 3771 5352 τοῦ

546 5356 828 5425 δεσπότονν
861 5360 954 5415 καὶ
988 5362 1050 5415 τδ
1078 5366 1213 5436 πρὸς
1248 5368 1544 5440 ἐπιθυμίαν
1586 5375 1734 5445 αὐτῷ
1783 5382 2220 5454 κατακτώμενος,
2274 5394 2409 5465 πρὸς
2451 5356 2731 5449 τέιπλεῖον
2773 5356 3321 5450 ’ἀεὶ1συνελαύνεταμ
3374 5356 3493 5449 Καί.ι
3539 5396 3608 5449 τά
3655 5392 3767 5446 ἀλλα

553 5450 741 5512 πάντα.
765 5453 865 5506 ὅσα
897 5453 984 5507 διὰ
1007 5457 1202 5511 κακίαν
1230 5462 1552 5533 ἐνεργεῖται,
1580 5469 1857 5538 τυράννων
1888 5475 1981 5527 καὶ
2041 5477 2313 5537 δεσποτῶν
2365 5489 2511 5540 ἐστιν
2554 5487 2946 5558 ἀπαρίθμησις,
2980 5482 3061 5552 οἷς
3089 5487 3350 5542 δουλεύων
3380 5506 3486 5552 τις,
3514 5488 3612 5540 κᾶν
3650 5484 3760 5543 διεξ-

545 5543 814 5648 εξηλυθὼς
848 5547 984 5654 τέχῃ
1019 5550 1082 5603 τὸ
1122 5543 1282 5623 ὕδωρ,
1329 5554 1517 5622 οὔπω,
1553 5563 1692 5616 κατά
1738 5580 1801 5634 γε
1852 5566 1943 5621 τὸν
2001 5570 2129 5641 ἐμὸν
2177 5577 2351 5647 λόγον,
2387 5580 2478 5633 τοῦ
2509 5543 2774 5653 μυστικού
2804 5543 2993 5647 ύδατος
3041 5543 3263 5652 ’ἔοι-τεν,
3292 5576 3353 5636 οὗ
3396 5543 3547 5655 ἔργον
3575 5572 3760 5642 ἐστὶνή

546 5637 657 5690 τῶν
692 5641 939 5709 πονηοῶν
970 5646 1247 5716 τυράννων
1273 5649 1536 5709 ἀπώλεια.

616 5812 661 5844 ³⁸
699 5811 870 5868 Exod.
900 5832 996 5883 xu,
1025 5818 1113 5885 27,
