3982 6468
481 477 584 534 567
1737 466 1796 522 S.
1835 463 2166 522 GREGOBII
2203 460 2497 518 NYSSENI
3609 454 3714 511 568

479 588 788 660 dereliquit,
838 595 892 642 et
933 597 1118 639 amara
1172 582 1320 653 ligno
1344 579 1525 636 crucis
1552 578 1734 634 d’ulcia
1785 579 1891 635 sibi
1922 567 2040 633 con-

2156 574 2360 648 θείσης.
2427 572 2565 627 Ἀλλ’
2614 571 2788 635 οὐδεὶς
2823 570 2982 635 πόνος
3037 570 3416 643 προσαρμόσαι
3461 571 3527 642 τῇ
3571 569 3716 624 κατά

482 684 631 744 fecit,
657 689 712 736 et
739 677 1084 733 abundanter
1113 689 1179 729 ex
1212 673 1457 729 fontibus
1496 672 1811 742 apostolicis
1845 685 1907 725 ac
1947 671 2040 725 sub

2150 665 2439 737 ἀναγωγὴν
2479 664 2679 738 θεωρίᾳ
2722 664 2818 736 τὴν
2850 665 2947 736 τῆς
2993 663 3231 735 ἱστορίας
3263 663 3597 717 ἀκολουθίαν.
3656 662 3714 716 Ὁ

479 776 674 828 umbra
698 770 998 840 palmarum
1023 766 1310 836 requievit.
1342 766 1388 818 is
1409 765 1521 834 jam
1550 765 1616 818 ad
1643 760 2040 833 suscipiendum

2150 759 2259 833 γὰρ
2300 762 2356 812 ἐν
2398 759 2476 830 τῷ
2509 759 2660 811 ὕδατι
2705 755 3018 812 καταλιπὼν
3053 756 3242 827 νεκρὸν
3269 757 3358 809 τὸν
3390 753 3714 823 Αίγύπτιον,

484 865 650 919 Deum
676 865 732 916 lit
763 860 1011 914 idoneus.
1034 858 1196 928 Lapis
1218 857 1388 921 enim,
1422 866 1481 910 ut
1502 855 1766 924 Apostolo
1783 855 1960 924 placet
1981 853 2040 918 ⁸⁸,

2150 855 2244 907 καὶ
2266 852 2342 922 τῷ
2372 851 2512 923 ξύλῳ
2540 850 2859 920 γλυκανθεὶς
2879 892 2894 916 ,
2931 849 3026 902 καὶ
3071 853 3190 911 ταῖς
3217 847 3599 911 ἀποστολικαῖς
3628 847 3716 901 ὲν-

480 953 862 1016 (Jhristusest,
920 950 1102 1006 siccus
1140 958 1194 1004 et
1241 949 1412 1003 durus
1450 949 1676 1002 nimium
1718 945 2040 1008 infidelibus,

2147 946 2427 1017 τρυφήσας
2454 947 2676 1015 πηγαῖς.
2702 942 2806 996 ὑπό
2829 959 2888 995 τε
2919 945 2984 1014 τῇ
3015 941 3141 1012 σκιᾷ
3166 941 3272 994 τῶν
3300 941 3555 1008 φοινίκων
3591 941 3718 994 ἀνα·

479 1044 569 1099 cui
597 1026 644 1099 si
678 1044 772 1114 qui
803 1043 1010 1113 virgam
1040 1040 1163 1096 ﬁdei
1203 1041 1496 1102 adducant,
1527 1046 1686 1110 potus
1727 1038 1783 1092 lit
1811 1037 2040 1093 sitienti-

2149 1036 2514 1106 παυσάμενος,
2539 1031 2690 1099 οὗτος
2719 1035 2818 1106 ῆδη
2835 1032 3034 1088 καὶτοῦ
3057 1031 3189 1086 Θεοῦ
3211 1032 3454 1095 δεκτικὸς
3485 1031 3714 1100 γίνεται.

477 1136 582 1191 bus
613 1135 758 1190 intro
780 1135 834 1188 in
863 1135 1012 1204 ipsos
1039 1132 1216 1187 ﬂuens
1243 1139 1405 1202 atque
1436 1147 1685 1185 manans.
1723 1151 1738 1181 ‹
1763 1131 1873 1200 Ego
1903 1131 2040 1183 enim

2159 1129 2224 1181 'H
2257 1128 2364 1199 γὰρ
2384 1127 2578 1199 πέτρα,
2603 1126 2782 1190 καθώς
2816 1144 2975 1196 φησιν
2996 1128 3024 1179 6
3066 1123 3400 1187 Ἀπόστολος,
3430 1124 3458 1175 6
3485 1123 3720 1196 Χριστός

479 1237 534 1284 et
554 1227 716 1283 Pater
747 1242 922 1291 meus,
943 1245 961 1276 ι
1002 1226 1199 1296 inquit,
1239 1243 1257 1275 ι
1277 1224 1582 1286 veniemus,
1624 1231 1694 1305 et,
1716 1222 2040 1276 mansionem

2149 1219 2295 1270 ἐστιν
2317 1258 2332 1282 ,
2370 1217 2598 1288 ἄνικμός
2637 1234 2720 1280 τις
2759 1217 2853 1270 καὶ
2882 1217 3177 1287 ἀντιτυπὴς
3203 1217 3315 1278 τοῖς
3356 1215 3635 1276 ἀπίστοις”
3667 1215 3718 1266 εί

477 1320 536 1376 in
582 1321 702 1391 ipso
753 1317 1144 1374 faciemus’m
1194 1315 1333 1370 Illud
1359 1330 1486 1370 vero
1528 1311 2040 1384 pra~termittendum

2146 1309 2201 1362 δέ
2240 1327 2322 1374 τις
2356 1310 2623 1381 προσάγοι
2651 1309 2749 1380 τὴν
2775 1307 2968 1378 ῥάϐδον
2992 1309 3091 1378 τῆς
3127 1308 3378 1370 πίστεως.
3416 1306 3574 1369 ποτὸς
3601 1307 3719 1364 τοῖς

478 1409 628 1466 nullo
644 1418 809 1480 pacto
826 1397 932 1475 est,
960 1407 1106 1478 quod
1139 1417 1488 1476 posteaquam
1518 1422 1664 1460 mare
1689 1405 2044 1466 transierunt,

477 1511 850 1574 posteaquam.
889 1499 1194 1554 amaritudo
1247 1513 1512 1568 aquarum
1583 1497 1787 1552 sitienti
1848 1496 2048 1550 virtute

475 1592 608 1662 ligni
652 1593 710 1646 in
753 1589 1094 1647 dulcedinem
1141 1603 1405 1646 conversa
1433 1595 1536 1649 est.
1574 1595 1924 1658 posteaquam
1955 1587 2041 1641 de-

476 1683 666 1738 liciose
699 1680 846 1752 apud
875 1680 1052 1736 fontes
1082 1689 1136 1735 et
1167 1681 1378 1750 palmas
1405 1678 1644 1742 fuerunt,
1688 1689 1874 1749 postea
1902 1678 2048 1733 deni-

473 1790 581 1844 que
610 1789 775 1844 quam
808 1789 874 1828 ex
908 1773 1084 1843 lapide
1111 1773 1388 1834 biberunt,
1423 1780 1552 1827 tunc
1576 1787 1696 1842 qua:
1717 1771 1785 1828 ab
1812 1770 2046 1842 Egypto

471 1863 670 1918 viatica
703 1871 758 1918 et
780 1863 942 1918 cibos
969 1863 1077 1918 sibi
1120 1872 1536 1933 assumpserunt
1581 1862 1798 1931 penitus
1829 1876 1924 1916 eos
1952 1861 2044 1916 de-
2076 1905 2084 1933 ε

2076 1920 2120 1980 Β
2147 1920 2244 2027 νῆν
2273 1920 2582 2025 δίαγωγὴνί
2619 1920 2716 2026 τῆν
2747 1920 2904 2008 κατὰ·
2923 1920 3020 2019 τὰς
3052 1920 3231 2025 πηγὰς
3261 1920 3355 2006 καὶ
3387 1920 3511 2016 τοὺς
3540 1952 3716 2021 φοίνι-

472 1954 737 2021 fecerunt,
794 1962 924 2008 tunc
953 1955 1097 2008 omni
1146 1954 1479 2008 nutrimento
1524 1953 1669 2023 quod
1706 1953 1774 2007 ab
1808 1950 2045 2022 {Egypto

471 2046 722 2120 ferebant
749 2045 1057 2118 absumpto,
1088 2045 1322 2114 desuper
1347 2044 1449 2098 sibi
1475 2044 1664 2098 deﬂuit
1687 2045 1841 2098 cibus
1861 2045 2046 2099 varius

469 2139 633 2193 simul
661 2148 714 2193 et
751 2138 998 2210 simplex.
1041 2125 1278 2206 Simplex
1313 2137 1430 2191 visu
1459 2146 1621 2206 atque
1664 2136 1878 2194 unicus,
1911 2151 2048 2204 qua-

470 2229 624 2286 litate
660 2229 866 2294 varius,
902 2230 966 2284 ad
999 2230 1336 2298 singulorum
1370 2229 1695 2297 cupiditates
1717 2244 1776 2283 se
1805 2239 2042 2283 vertens.

470 2321 615 2386 Quid
653 2321 820 2391 igitur
847 2321 973 2376 hinc
1007 2320 1301 2376 discimus?
1333 2321 1477 2389 quod
1508 2331 1754 2388 Oporteat
1797 2321 2046 2376 videlicet

468 2413 596 2478 ﬁde,
627 2414 979 2484 baptismate,
1020 2414 1227 2477 labore,
1260 2414 1405 2467 omni
1437 2413 1655 2476 virtute,
1687 2414 1836 2467 omni
1870 2412 2047 2468 Evan-

468 2505 641 2575 gelica
669 2503 940 2567 doctrina,
973 2503 1206 2558 mundos
1244 2517 1520 2573 purosque
1559 2502 1773 2558 animos
1827 2512 2044 2559 nostros

469 2599 670 2660 facere,
693 2597 767 2652 ita
790 2604 850 2650 ut
865 2595 1087 2650 omnino
1105 2593 1394 2663 alienigeni
1419 2607 1619 2659 mores,
1652 2601 1706 2647 et
1725 2592 2044 2664 Egyptiaca

467 2691 601 2753 vita,
645 2690 899 2748 vitiorum
932 2689 1141 2744 scilicet
1170 2686 1411 2741 omnium
1458 2686 1640 2752 turba,
1684 2701 1784 2740 nos
1807 2685 2041 2752 deﬁciat,

467 2791 521 2836 et
551 2780 770 2837 demum
805 2779 1072 2849 depurato
1108 2777 1480 2846 defaecatoque
1524 2777 1728 2841 animo,
1763 2777 2042 2832 caelestem

467 2871 650 2925 cibum
689 2885 812 2926 esse
842 2867 1273 2938 suscipiendum,
1312 2882 1474 2936 quem
1509 2867 1659 2922 nulla
1705 2867 1862 2922 nobis
1902 2867 2044 2922 satio

468 2963 813 3034 agriculturae
849 2961 1060 3014 artibus
1083 2959 1360 3029 produxit.
1395 2958 1502 3014 Sed
1534 2960 1688 3029 panis
1716 2966 1802 3014 est
1835 2959 2044 3029 absque

468 3056 700 3120 semine,
723 3057 929 3125 absque
959 3053 1222 3119 aratione,
1252 3053 1460 3123 absque
1483 3052 1590 3106 alio
1614 3053 1853 3106 humano
1877 3067 2045 3123 opere

468 3147 625 3203 nobis
680 3154 925 3218 paratus.
978 3143 1026 3199 ls
1077 3145 1312 3215 desuper
1367 3143 1612 3200 deﬂuens
1641 3145 1695 3198 in
1743 3144 1909 3198 terris
1960 3145 2044 3200 in-

2145 1401 2339 1471 διψῶσι
2366 1402 2670 1471 γινόμενος,
2700 1402 2793 1455 καὶ
2828 1401 2976 1465 ἐντὸς
3007 1400 3113 1453 τῶν
3144 1391 3527 1470 εἰσδεχομένων
3553 1399 3720 1453 αὐτὸν

2152 1495 2430 1567 είσρέων.ι
2452 1493 2593 1563 Ἐγὼ
2620 1493 2749 1565 γὰρ,
2791 1494 2942 1564 φησι,
2976 1493 3068 1546 καὶ
3097 1495 3125 1546 6
3155 1492 3342 1564 Πατήρ
3373 1509 3474 1561 μου
3503 1489 3719 1544 ἐλευσό-

2150 1588 2322 1660 μεθα,
2357 1590 2451 1643 καὶ
2483 1587 2648 1659 μονὴν
2677 1589 2804 1660 παρ’
2837 1586 2987 1658 αὐτῷ
3038 1586 3392 1658 ποιησόμεθα.
3412 1583 3623 1651 »Ἀξιον
3655 1585 3716 1640 δὲ

2149 1681 2282 1752 μηδὲ
2322 1680 2480 1734 τοῦτο
2509 1680 2908 1754 ,παραδραμεῖν
2951 1677 3261 1748 ἀθεώρητον
3285 1717 3302 1743 ,
3344 1677 3426 1729 ὅτι
3470 1676 3605 1747 μετά
3654 1677 3718 1730 τὸ

2144 1772 2394 1842 διαϐῆναι
2436 1774 2533 1844 τὴν
2579 1773 2872 1835 θάλασσαν,
2920 1772 3013 1824 καὶ
3055 1768 3421 1840 γλυκανθῆναι
3468 1771 3576 1832 τοῖς
3614 1769 3719 1838 τῆς

2149 1853 2349 1936 ἀρετῆς
2377 1865 2673 1936 ὁδοιπόροις
2695 1864 2756 1917 τὸ
2781 1861 2943 1932 ὕδωρ,
2967 1862 3059 1914 καὶ
3083 1861 3219 1932 μετὰ
3239 1862 3337 1932 τὴν
3361 1860 3536 1932 ἁδρὰν
3567 1860 3717 1913 ὲκεί-

2147 2065 2271 2112 κας,
2305 2049 2398 2101 καὶ
2423 2045 2560 2118 μετά
2585 2045 2646 2100 τὸ
2671 2052 2814 2102 πιεῖν
2827 2050 2890 2102 ὲκ
2904 2048 3002 2119 τῆς
3022 2046 3222 2120 πέτρας
3234 2045 3354 2100 τότε
3379 2042 3653 2105 παντελῶς
3679 2045 3716 2113 ἡ

2145 2139 2253 2192 τῶν
2283 2139 2594 2207 Αἰγυπτίων
2624 2136 2850 2206 ἐφοδίων
2873 2136 3142 2207 ἐπίλειψις
3172 2136 3397 2206 γίνεται.
3436 2137 3542 2189 Kal.
3573 2133 3720 2189 οὕτω

2151 2230 2417 2301 μηδεμιᾶς
2461 2230 2640 2292 αὐτοῖς
2684 2228 3104 2300 ὑπολειφθείσης
3143 2227 3437 2297 ἀλλοφύλου
3475 2227 3717 2298 τροφῆς,

2145 2322 2212 2392 ἢν
2239 2320 2297 2386 ἐξ
2326 2321 2596 2389 Αἰγύπτου
2635 2320 3028 2383 ἐπεσιτίσαντο,
3062 2319 3266 2374 ἄνωθεν
3291 2321 3561 2391 ὲπιρρεῖή
3589 2336 3720 2391 τρο-

2146 2411 2241 2483 φὴ,
2276 2411 2490 2482 ποικίλη
2522 2429 2604 2474 τις
2633 2413 2748 2482 ἆμα
2777 2411 2872 2464 καὶ⁵
2899 2411 3176 2482 μονοειδὴς
3203 2404 3356 2467 οὖσα.
3381 2409 3454 2464 Τὸ
3479 2411 3578 2483 μὲν
3605 2411 3717 2482 γὰρ

2147 2502 2466 2573 φαινόμενον
2511 2501 2780 2572 μονοειδὲς
2823 2498 2910 2573 ἦν,
2955 2502 3074 2572 ἠδὲ
3123 2503 3342 2572 ποιότης
3382 2501 3443 2554 τὸ
3474 2503 3720 2554 ποικίλον

2144 2590 2309 2665 εἶχεν,
2363 2594 2578 2664 ἑκάστῳ
2611 2594 2933 2664 προσφόρως
2969 2592 3106 2647 κατὰ
3138 2594 3198 2647 τὸ
3227 2589 3366 2656 εἶδος
3396 2595 3492 2664 τῆς
3525 2592 3718 2646 ἐπιθυ-

2148 2685 2273 2754 μίας
2304 2683 2646 2755 ὲγγινομένη.
2672 2683 2736 2735 Τί
2756 2679 2849 2736 οὖν
2871 2683 3016 2737 ἐστιν
3036 2682 3065 2736 ὃ
3087 2683 3427 2753 μανθάνομεν
3446 2699 3460 2747 ;
3481 2682 3545 2735 δι’
3574 2683 3718 2736 ὅσων

2145 2777 2411 2847 προσήκει
2443 2775 2756 2846 καθαρσίων
2789 2775 2979 2828 ἑαυτὸν
3003 2773 3307 2845 ὲκκαθᾶραί
3344 2791 3465 2828 τινα
3495 2773 3595 2843 τῆς
3614 2776 3716 2828 Αἱ-

2143 2867 2378 2936 γυπτίας
2417 2883 2472 2918 τε
2515 2866 2606 2918 καὶ
2635 2863 2934 2933 ἀλλοφύλου
2960 2863 3105 2934 ζωῆς
3128 2882 3140 2895 ·
3177 2864 3318 2918 ὥστε
3350 2865 3579 2919 κενῶσαι
3622 2864 3719 2917 τὸν

2142 2959 2243 3029 τῆς
2289 2957 2466 3028 ψυχῆς
2509 2955 2674 3011 αὑτοῦ
2711 2956 2946 3010 θύλακον
2983 2956 3163 3027 πάσης
3203 2956 3304 3026 τῆς
3340 2955 3482 3010 κατὰ
3513 2955 3716 3010 κακίαν

2141 3051 2380 3122 τροφῆς,
2426 3051 2493 3120 ἢν
2533 3047 2896 3104 σιτοτυοιοῦσιν
2940 3050 2990 3102 οί
3037 3048 3358 3118 Αἰγύπτιοι·
3401 3049 3494 3103 καὶ
3540 3048 3720 3112 οὕτως

2143 3144 2240 3216 τὴν
2269 3143 2473 3198 ἄνωθεν
2505 3143 2794 3198 κατιοῦσαν
2839 3140 3045 3212 τροφὴν
3073 3143 3129 3194 ὲν
3172 3141 3368 3212 ὲαυτῷτ
3390 3142 3603 3214 καθαρᾷ
3645 3141 3714 3213 τῇ

468 3243 708 3308 venitur;
759 3240 914 3309 panis
966 3237 1111 3293 enim
1167 3238 1263 3308 qui
1311 3237 1379 3292 de
1425 3238 1565 3293 coelo
1607 3237 1906 3301 descendit,
1946 3237 2037 3307 qui

2142 3236 2284 3308 ψυχῇ
2314 3234 2564 3300 δέξασθαι
2591 3251 2603 3264 ·
2637 3236 2702 3304 ἣν
2729 3234 2788 3287 ού
2819 3232 2996 3304 σπορὰ
3023 3235 3154 3303 ἡμῖν
3175 3235 3289 3296 τοῖς
3315 3234 3380 3285 ὲκ
3413 3233 3718 3300 γεωπονίας

469 3349 630 3388 verus
655 3332 810 3388 cibus
842 3339 948 3395 est,
978 3330 1070 3398 qui
1103 3329 1448 3400 aanigmatice
1477 3328 1581 3383 hac
1606 3329 1837 3384 historia
1869 3329 2041 3399 signi-

469 3426 683 3484 licatur,
723 3437 828 3474 non
861 3421 1183 3488 incorporea
1209 3417 1458 3488 quadam
1492 3433 1581 3472 res
1611 3427 1714 3472 est.
1752 3417 1871 3484 Quo
1896 3418 2039 3472 enim

469 3525 627 3585 pacto
660 3530 748 3568 res
789 3513 1111 3582 incorporea
1153 3510 1368 3580 corpori
1417 3509 1573 3564 cibus
1617 3509 1750 3564 ﬁet?
1794 3525 1881 3564 res
1915 3525 2042 3564 vero

467 3617 589 3672 qua:
616 3601 938 3669 incorporea
975 3613 1082 3653 non
1115 3606 1221 3658 est,
1245 3612 1448 3668 corpus
1487 3597 1710 3652 omnino
1731 3605 1836 3653 est.
1866 3596 2040 3667 Hujus

467 3692 716 3764 corporis
745 3705 938 3761 panem
981 3705 1088 3745 non
1116 3691 1312 3752 aratio,
1355 3704 1462 3744 non
1495 3690 1656 3751 satio,
1690 3704 1797 3744 non
1825 3692 2036 3762 agrico-

467 3786 641 3840 larum
670 3798 808 3853 opus
852 3782 1036 3845 elllcit,
1091 3782 1188 3858 sed
1217 3789 1364 3836 terra
1395 3783 1598 3836 intacta
1627 3783 1948 3852 permansit,
1982 3792 2036 3838 et

468 3885 647 3930 tamen
676 3889 814 3943 pane
848 3873 1005 3944 plena
1036 3872 1160 3937 fuit,
1189 3887 1306 3942 quo
1338 3871 1695 3929 famesceutes
1719 3875 2033 3944 mysterium

470 3963 709 4035 Virginis
725 3965 969 4035 perdocti
995 3965 1151 4023 facile
1213 3973 1551 4020 saturantur.
1588 3963 1636 4020 ls
1671 3965 1836 4036 igitur
1873 3967 2038 4021 mira-

466 4055 591 4110 bilis
621 4056 740 4110 siue
759 4057 1094 4126 agricultura
1125 4058 1281 4128 panis
1303 4066 1355 4112 et
1379 4058 1601 4114 verbum
1627 4065 1739 4114 est:
1775 4059 2038 4114 varietate

465 4144 745 4215 qualitatis
779 4146 846 4200 ad
893 4147 1308 4220 suscipientium
1343 4147 1742 4212 habitudinem,
1778 4153 2034 4205 virtutem

463 4251 618 4292 suam
654 4247 976 4294 commutat.

2139 3330 2424 3401 ἀνέφυσεν,
2455 3327 2570 3382 ἀλλ’
2601 3328 2813 3397 ἕτοιμος
2843 3328 3008 3398 ἄρτος
3045 3326 3284 3398 ἄσπορός
3305 3343 3366 3379 τε
3399 3326 3492 3379 καὶ
3513 3326 3718 3398 ἀνήρο-

2138 3440 2256 3487 τος,
2287 3421 2492 3477 ἄνωθεν
2522 3421 2620 3491 μὲν
2649 3419 2852 3474 κατιὼν
2873 3459 2886 3480 ,
2929 3419 3021 3472 ἐπὶ
3063 3419 3120 3472 δὲ
3161 3418 3263 3489 γῆς
3293 3417 3710 3489 εὑρισκόμενος.

2137 3515 2294 3578 Νοείς
2322 3515 2380 3570 δὲ
2412 3514 2632 3577 πάντως
2677 3511 2775 3582 τὴν
2808 3510 2982 3582 ἀληθῆ
3011 3508 3213 3582 ταύτην
3259 3509 3461 3583 βρῶσιν
3496 3509 3585 3564 διὰ
3612 3509 3713 3563 τοῦ

2138 3605 2279 3660 κατᾶ
2317 3607 2415 3676 τὴν
2458 3604 2696 3674 ἱστορίαν
2726 3603 3065 3672 αἰνίγματος,
3095 3603 3182 3656 ,ὅτι
3221 3603 3249 3656 6
3286 3597 3447 3673 ἄρτος
3468 3602 3505 3660 ,ό
3529 3603 3592 3656 ἐκ
3615 3602 3714 3656 τοῦ

2139 3696 2370 3768 οὐρανοῦ
2405 3695 2668 3760 κατασὰς,
2690 3697 2788 3748 οὐκ
2817 3692 3108 3764 ἀσώματόν
3133 3710 3186 3746 τι
3208 3693 3397 3765 χρῆμά
3419 3695 3552 3747 ἐστι.
3583 3694 3714 3758 Πῶς

2141 3789 2247 3860 γὰρ
2283 3788 2348 3842 ἂν
2399 3788 2609 3858 σώματι
2640 3787 2812 3858 τροφὴ
2849 3785 3055 3852 γένοιτο
3095 3785 3156 3838 τὸ
3186 3784 3510 3856 ἀσώματον;
3540 3787 3614 3840 Τδ
3651 3786 3714 3840 δὲ

2147 3879 2220 3949 μὴ
2243 3878 2529 3949 ἀσώματον
2550 3919 2564 3941 ,
2599 3877 2758 3947 σῶμα
2802 3876 3020 3940 πάντως
3057 3876 3196 3930 ὲστί.
3228 3877 3302 3930 Τὸ
3323 3877 3380 3930 δὲ
3411 3878 3568 3949 σῶμα
3596 3877 3717 3932 τού-

2141 3989 2233 4025 του
2255 3971 2347 4025 τοῦ
2373 3971 2537 4042 ἄρτου
2567 3969 2690 4024 οὒτε
2725 3969 2917 4041 ἄροσις
2961 3967 3085 4022 οὔτε
3113 3969 3292 4041 σπορὰ
3321 3969 3669 4041 ἐγεώργησεν
3694 3986 3709 3999 ·

2142 4062 2255 4117 ἀλλ’
2304 4064 2348 4130 ἡ,
2369 4062 2441 4131 γῆ
2463 4062 2550 4114 οἷα
2582 4060 2700 4118 ἐστὶ
2737 4059 3000 4131 μείνασα,
3021 4059 3235 4132 πλήρης
3271 4060 3582 4131 εὑρίσκεται
3609 4060 3715 4132 τῆς

2143 4151 2289 4214 θείας
2322 4151 2524 4221 ταύτης
2549 4149 2774 4220 τροφῆς,
2813 4143 2880 4220 ἧς
2918 4151 2966 4201 οἱ
2993 4149 3283 4213 πεινῶντες
3313 4150 3616 4220 μετέχουσι,
3648 4150 3714 4203 τὸ

2143 4243 2289 4296 κατὰ
2312 4243 2410 4314 τὴν
2430 4241 2706 4313 Παρθένον
2733 4241 3031 4311 μυστήριον
3050 4240 3138 4294 διά
3160 4243 3257 4311 τῆς
3281 4241 3712 4311 θαυματοποιῖας

462 4329 666 4401 ταύτης
694 4330 1198 4401 προπαιδευόμενοι.
1225 4322 1391 4394 Οὗτος
1405 4330 1582 4384 τοίνυν
1606 4332 1633 4383 6
1661 4330 2012 4402 ἀγεώργητος
2031 4333 2190 4404 ἄρτος
2210 4337 2303 4389 καὶ
2331 4335 2499 4404 Λόγος
2517 4336 2654 4398 ἐστὶ,
2669 4332 2748 4404 τῷ
2765 4332 3038 4385 πολυειδεῖ
3050 4333 3147 4404 τῆς
3164 4334 3444 4404 ποιότητος
3455 4332 3592 4388 κατά
3607 4333 3710 4395 τὰς

460 4424 570 4480 τῶν
606 4422 892 4480 ἐσθιόντων
937 4418 1372 4494 ἐπιτηδειότητας
1415 4420 1849 4488 συνεξαλλάσσων
1885 4425 1996 4496 τὴν,
2022 4426 2268 4498 δύναμιν.

537 4516 700 4570 Novit
734 4516 880 4570 enim
921 4530 1027 4569 non
1063 4515 1238 4571 solum
1276 4517 1430 4586 panis
1469 4531 1609 4582 esse,
1649 4532 1830 4572 verum
1861 4525 1916 4572 et
1947 4517 2032 4571 lac

465 4607 579 4664 fieri
627 4616 844 4672 etraro,
883 4618 936 4663 et
971 4608 1116 4665 olus.
1154 4607 1414 4677 quidquid
1461 4608 1691 4677 denique
1730 4611 2031 4665 assumenti

463 4793 606 4848 lianc
635 4795 795 4849 nobis
825 4809 1072 4848 mensam
1100 4793 1448 4862 praeparavit,
1489 4793 1541 4845 in
1573 4792 1621 4845 itl
1647 4801 2033 4848 commutatur.

465 4888 562 4946 Sic,
586 4887 732 4942 enim
756 4887 976 4940 divinus
1025 4887 1113 4940 ille
1138 4886 1220 4938 vir
1245 4884 1662 4954 perfectioribus
1689 4886 2030 4953 solidiorem,

461 4986 516 5033 et
575 4979 628 5032 in
677 4978 861 5032 carnis
907 4978 1145 5046 speciem
1183 4978 1404 5031 verbum
1449 4977 1629 5031 cibum
1679 4978 1794 5030 ﬁeri
1851 4977 2032 5040 docet,

464 5065 866 5124 inﬁrmioribus
924 5069 1090 5130 olus,
1148 5068 1448 5122 infantibus
1513 5068 1617 5123 Iac.
1683 5068 2035 5140 Quazcunque

463 5169 644 5216 autem
697 5162 763 5214 de
791 5160 918 5214 cibo
978 5160 1072 5214 illo
1135 5169 1320 5213 narrat
1385 5159 1650 5223 historia,
1691 5170 2035 5230 praecepta,

463 5259 779 5320 statutaque
849 5258 980 5305 sunt
1055 5249 1120 5303 ad
1187 5250 1324 5304 bene
1383 5258 1636 5319 recteque
1695 5251 2035 5307 vivendum:

460 5343 745 5413 aequaliter
795 5343 939 5397 enim
977 5343 1232 5396 omnibus
1264 5343 1603 5411 propositum
1650 5342 1818 5398 fuisse
1852 5345 2035 5400 cibum

461 5444 781 5503 asseverat;
821 5451 920 5489 nec
961 5436 1084 5505 plus
1113 5443 1206 5488 aut
1260 5435 1463 5498 minus,
1523 5450 1686 5502 quam
1743 5436 2038 5506 indigentia

459 5528 730 5598 exigebat,
763 5545 793 5582 a
825 5527 1184 5583 validioribus
1239 5537 1333 5582 aut
1370 5527 1826 5583 imbecillioribus
1879 5529 2036 5583 colli-

459 5619 708 5686 gebatur.
744 5618 898 5684 Quod
935 5633 1056 5672 meo
1080 5618 1290 5688 judicio
1319 5618 1614 5688 praeceptio
1644 5616 1888 5687 quaedam
1925 5626 2031 5684 est,

459 5721 654 5762 «innes
709 5709 1078 5762 communiter
1134 5709 1450 5772 instruens,
1528 5723 1598 5763 ne
1651 5708 1807 5778 plura
1865 5722 2030 5778 quam

529 5881 573 5912 "
615 5879 634 5931 Ι
673 5881 800 5935 Cor.
836 5899 890 5946 x,
926 5885 976 5939 ι.
1056 5885 1098 5917 ³⁸
1124 5883 1279 5939 Joan.
1310 5901 1420 5950 xtv,
1453 5882 1544 5938 93.

2212 4517 2333 4576 Οἵδε
2383 4522 2488 4592 γὰρ
2525 4522 2587 4575 οὐ
2640 4521 2799 4592 μόνον
2851 4521 3015 4592 ἄρτος
3056 4515 3216 4586 εἶναι,
3262 4520 3396 4575 ἀλλὰ
3439 4521 3534 4574 καὶ
3564 4519 3709 4590 γάλα

2140 4613 2404 4681 γίνεσθαι,
2463 4615 2558 4666 καὶ
2619 4613 2806 4684 κρέας,
2833 4613 2929 4666 καὶ
2965 4613 3220 4682 λάχανον,
3258 4614 3350 4666 καὶ
3372 4610 3708 4684 ὅτιπερᾶνῇ

357 4689 360 4694 ’
462 4701 798 4756 conveniens
827 4707 880 4756 et
905 4701 1201 4769 expetitum
1233 4702 1323 4764 sit,
1351 4709 1407 4753 ut
1442 4700 1741 4770 Apostolus
1774 4701 1907 4759 vult.
1939 4701 2031 4770 qui

2142 4703 2244 4756 τῶν
2265 4683 2722 4773 προσφερομένων
2769 4702 3101 4772 κατάλληλόν
3129 4720 3188 4755 τε
3215 4702 3306 4756 καὶ
3337 4683 3706 4774 καταθύμιονῖ

2131 4795 2207 4858 ὡς
2232 4795 2472 4848 διδάσκει
2523 4797 2551 4847 6
2587 4794 2685 4865 τὴν
2726 4794 2985 4864 τοιαύτην
3034 4797 3148 4857 τοῖς
3177 4794 3341 4848 αὑτοῦ
3383 4793 3710 4865 παρατιθεὶς

2133 4887 2266 4954 ἡμῖν
2320 4883 2616 4956 τράπεζαν,
2654 4885 2863 4949 Παῦλος
2902 4888 2930 4939 6
2980 4885 3120 4949 θεῖος
3169 4885 3479 4948 ἀπόστολος,
3529 4886 3558 4938 6
3592 4887 3710 4949 τοῖς

2132 4975 2484 5048 τελειοτέροις
2515 4976 2872 5048 στερροτέραν
2901 4995 2960 5030 τε
3005 4978 3098 5030 καὶ
3133 4976 3341 5048 κρεώδη
3374 4975 3574 5046 βρῶσιν
3613 4976 3709 5030 τὸν

2133 5065 2288 5134 λόγον
2343 5066 2532 5127 ποιῶν,
2584 5068 2677 5120 καὶ
2725 5066 2955 5137 λάχανον
2986 5071 3096 5132 τοῖς
3151 5068 3576 5140 ἀσθενεστέροις.
3611 5069 3710 5123 καὶ

2138 5158 2280 5226 γάλα
2334 5162 2446 5221 τοῖς
2490 5157 2834 5230 νηπιᾶζουσι.
2876 5159 2954 5211 Τά
3000 5159 3044 5212 δ’
3081 5161 3178 5213 ὅσα
3209 5160 3333 5231 περὶ
3363 5161 3460 5232 τὴν
3501 5162 3710 5233 τροφὴν

2139 5250 2351 5320 ἐκείνην
2393 5251 2427 5317 ἡ
2487 5249 2692 5318 ἱστορία
2738 5249 2957 5316 διέξεισι
2988 5249 3258 5321 θαύματα,
3301 5251 3545 5322 δόγματα
3569 5253 3709 5324 πρὸς

2137 5340 2229 5394 τὸν
2253 5340 2371 5394 κατ’
2401 5340 2600 5411 ἀρετὴν
2628 5339 2740 5410 βίον
2774 5341 2908 5395 ἐστί.
2932 5342 3067 5412 Φησὶ
3099 5342 3228 5412 γὰρ.
3256 5343 3375 5413 ἴσην
3410 5346 3542 5400 πᾶσι
3566 5362 3709 5417 προ-

2140 5433 2350 5486 κεῖσθαι
2395 5433 2494 5504 τὴν
2526 5432 2625 5502 τῆς
2657 5433 2859 5502 τροφῆς
2895 5435 3204 5504 μετουσίαν,
3235 5435 3386 5489 οὐδὲν
3421 5436 3560 5489 κατά
3587 5436 3711 5491 δια-

2141 5524 2311 5596 φορὰν
2339 5527 2440 5594 τῆς
2459 5523 2568 5576 τῶν
2601 5522 2962 5592 συλλεγόντων
2991 5525 3292 5596 δυνάμεως,
3328 5527 3448 5580 οὔτε
3483 5527 3713 5583 πλεονᾶ-

2145 5618 2344 5682 ζουσαν
2370 5615 2511 5670 κατά
2533 5615 2738 5686 χρείαν,
2767 5614 2888 5668 οὔτε
2910 5616 3278 5672 ἐλλείπουσαν.
3295 5618 3464 5672 Τοῦτο
3486 5619 3541 5672 δέ
3567 5620 3709 5683 ἐστι,

2138 5710 2280 5765 κατά
2311 5726 2375 5780 γε
2394 5708 2632 5780 τὸνὲμὸν
2655 5707 2830 5778 λόγον,
2859 5708 3135 5781 συμϐουλή
3172 5728 3256 5775 τις
3275 5711 3353 5784 τῷ
3383 5710 3544 5782 κοινῷ
3574 5728 3713 5783 προο
