3982 6510
260 343 357 400 869

1555 345 1643 397 DE
1670 344 1832 401 VITA
1866 347 2136 407 MOYSIS.

3364 359 3469 417 570

262 453 497 526 κειμένη,
557 455 627 523 μὴ
673 452 925 522 παριέναι
953 454 1077 517 τοὺς
1106 454 1261 525 ὅρους
1301 455 1399 524 τῆς
1446 455 1654 527 χρείας,
1680 461 1804 521 τοὺς

1906 471 2112 516 natura:
2140 461 2429 528 sulliciant,
2462 478 2625 520 causa
2651 465 2869 521 vivendi
2892 482 2956 522 ex
2975 467 3063 523 his
3092 469 3467 530 materialibus

257 544 348 605 τὰς
378 540 631 611 ἀφορμὰς
661 540 755 593 τοῦ
786 540 882 611 ζῇν
908 541 971 593 ὲκ
997 541 1105 594 τῶν
1136 541 1335 596 ύλικῶν
1365 544 1567 599 τούτων
1595 546 1811 619 ποριζο-

260 634 462 705 μένους,
504 632 616 683 ἀλλ’
652 627 709 684 εὖ
753 631 967 697 ειδέναι,
1000 634 1082 686 ὅτι
1126 632 1184 685 ἓν
1218 634 1412 706 μέτρον
1438 638 1502 706 τῇ
1529 636 1687 706 φύσει
1710 639 1811 708 τῆς

256 724 448 793 ἐδωδῆς
479 724 571 775 ἐπὶ
606 724 819 777 πάντων
843 724 1042 794 ἐστὶνὴ
1074 724 1209 797 πρὸς
1239 726 1449 797 ἡμέραν
1477 728 1775 793 ἀπόλαυσις
1794 747 1807 759 ·

255 811 361 889 ὲνῇ
390 816 498 869 κᾶν
551 816 920 870 πολλαπλάσια
959 820 1381 890 παρασκευασθῇ
1412 819 1510 890 τῆς
1542 822 1806 894 χρείας,ὴ

254 910 457 980 γαστὴρ
483 910 554 963 τὰ
586 910 689 963 ἴδια
722 911 893 980 μέτρα
937 909 1185 979 διαϐῆναι
1213 910 1371 979 φύσιν
1395 913 1494 965 οὑκ
1527 912 1660 983 ἔχει,
1689 915 1810 967 οὐδὲ

254 1004 312 1071 τῇ
341 1001 619 1073 ἀπληστία
667 1002 763 1071 τῆς
792 1000 1141 1071 παρασκευῆς
1168 1003 1584 1058 συνεκτείνεται.
1628 1004 1808 1072 Ἀλλὰ,

255 1093 425 1156 καθώς
493 1110 658 1164 φησιν
688 1096 721 1163 ἡ
766 1094 1007 1163 ἱστορία.
1054 1092 1176 1145 οὔτε
1240 1095 1269 1147 6
1320 1094 1382 1147 τὸ
1434 1094 1568 1148 πολὺ
1608 1095 1806 1163 λαϐὼν,

253 1185 540 1239 ἐπλεόνασε
563 1202 577 1215 ο
614 1183 716 1237 ποῦ
746 1184 854 1254 γὰρ
897 1183 1164 1254 ἀπόθηται
1193 1185 1253 1237 τὸ
1298 1185 1478 1251 πλέον,
1519 1186 1618 1240 οὐκ
1664 1186 1805 1257 ἔχει·

252 1275 363 1330 οὔτε
387 1278 415 1328 6
454 1276 518 1328 τὸ
544 1275 737 1344 ὀλίγον,
774 1276 1100 1348 ἡλαττόνησε
1125 1292 1138 1307 ⁸
1169 1276 1305 1348 πρὸς
1352 1280 1458 1347 γὰρ
1492 1276 1552 1330 τὸ
1592 1278 1809 1351 εὑρεθὲν

254 1372 575 1426 συσταλεῖσα
619 1374 652 1444 ἠ
700 1373 859 1443 χρεία
910 1372 1305 1444 συνεμετρήθη.
1371 1373 1443 1426 Τὸ
1501 1373 1556 1426 δὲ
1598 1375 1709 1437 τοῖς
1747 1373 1809 1426 τὸ

254 1463 496 1535 περιττὸν
542 1465 920 1534 ταμιεύουσιν,
955 1467 1033 1529 είς
1068 1464 1361 1535 σκωλήκων
1395 1465 1606 1533 γένεσιν
1642 1483 1807 1536 μετα-

252 1553 511 1606 ποιεῖσθαι
542 1553 641 1623 τὴν
674 1552 996 1624 ἀπληστίαν,
1027 1553 1121 1624 βοᾷ
1136 1554 1335 1625 τρόπον
1361 1554 1481 1607 τινὰ
1512 1558 1623 1617 τοῖς
1653 1553 1809 1609 πλεο-

251 1640 458 1703 νέκταις
519 1640 610 1693 διὰ
662 1640 864 1694 τούτων
907 1645 935 1697 6
992 1642 1166 1711 λόγος,
1214 1644 1294 1696 ὃτι
1327 1646 1432 1697 πᾶν
1484 1643 1543 1697 τὸ
1581 1643 1684 1708 ἔξω
1710 1645 1808 1716 τῆς

251 1728 458 1801 χρείας,
521 1731 628 1785 ὑπὸ
678 1734 777 1804 τῆς
824 1733 1208 1803 πλεονεκτικῆς
1262 1735 1462 1806 ταύτης
1516 1736 1807 1807 ἐπιθυμίας

1912 560 2251 619 appetamus,
2282 553 2379 608 sed
2411 554 2577 622 probe
2611 564 2894 612 teneamus
2942 573 3105 612 unam
3159 575 3284 616 esse
3315 578 3465 617 com-

1912 657 2130 697 munem
2191 644 2243 696 in
2302 645 2556 699 omnibus
2605 645 2799 701 edendi
2838 664 3173 714 mensuram,
3215 652 3463 706 diurnam

1911 730 2307 791 suﬁicientiam.
2349 733 2484 788 Nam
2514 736 2559 789 si
2586 738 2749 790 etiam
2784 739 2935 806 plura
2970 756 3131 809 quam
3165 725 3463 813 indigentia

1910 822 2152 893 ﬂagitat,
2199 835 2495 894 praeparata
2554 826 2776 894 fuerint,
2838 842 3027 886 venter
3080 840 3261 889 tamen
3321 837 3460 889 ultra

1910 921 2158 966 naturam
2194 930 2344 969 suam
2374 917 2651 985 suscipere
2682 932 2790 970 non
2831 926 3027 986 potest,
3052 936 3228 991 neque
3258 937 3462 992 praepa-

1909 1002 2140 1058 rationis
2168 1007 2527 1076 magnitudini
2564 1010 2973 1079 correspondet.
3019 1012 3125 1067 Sed
3160 1014 3305 1069 sicut
3346 1015 3461 1069 his-

1909 1094 2048 1148 toria
2085 1082 2269 1162 tradit,
2298 1113 2397 1153 nec
2425 1100 2518 1170 qui
2549 1100 2778 1155 multum
2808 1103 3098 1171 acceperit,
3119 1106 3460 1174 superabun-

1887 1184 2137 1247 .daverit,
2158 1200 2281 1237 cum
2301 1200 2406 1237 non
2432 1184 2683 1239 habuerit
2712 1187 2803 1241 ubi
2834 1193 3287 1257 superabundans
3312 1197 3462 1249 Ioca-

1906 1277 2077 1343 verit;
2100 1290 2199 1329 nec
2212 1276 2305 1345 qui
2321 1290 2553 1345 paucum
2576 1277 3113 1351 coliegit,indiguerit
3144 1301 3156 1338 :
3176 1293 3460 1340 contracta

1893 1360 2050 1419 'enim
2103 1365 2401 1436 indigentia
2450 1376 2999 1436 commensurataque
3047 1368 3113 1421 ad
3168 1366 3455 1440 acceptum

1834 1471 1838 1477 ·
1908 1453 2031 1508 fuit.
2064 1454 2221 1520 Quod
2249 1470 2400 1516 vero,
2426 1455 2471 1510 si
2495 1456 2619 1524 quis
2644 1455 2811 1509 stulta
2831 1456 3127 1525 cupiditate
3154 1456 3457 1525 deponendi

1905 1544 2203 1615 quidquam
2236 1560 2303 1600 ex
2360 1545 2454 1599 illo
2484 1546 2609 1638 cibo
2655 1546 2709 1600 in
2764 1548 3065 1601 crastinum
3119 1547 3456 1618 deposuerit,

1906 1644 2078 1690 totum
2147 1636 2202 1690 in
2259 1650 2471 1693 vermes
2528 1636 2922 1693 Vcommutatum
2983 1638 3154 1695 fuisse
3210 1641 3454 1696 dicitur:

1906 1726 2062 1796 quasi
2114 1728 2241 1780 tuba
2278 1716 2509 1797 quadam
2544 1743 2607 1783 ea
2648 1744 2706 1784 re
2742 1728 2969 1783 historia
3021 1730 3269 1793 intonuit,
3302 1746 3461 1787 omne

253 1820 655 1892 περιεχόμενον,
702 1823 758 1873 ἐν
788 1825 855 1894 τῇ
894 1822 1021 1894 ἑξῆς
1064 1823 1263 1894 ἡμέρα,
1308 1824 1605 1890 τουτέστιν,
1638 1826 1694 1877 ὲν
1727 1825 1804 1895 τῷ

1903 1818 2049 1888 quod
2081 1819 2221 1872 ultra
2252 1820 2604 1890 indigentiam
2654 1832 2832 1876 mente
2864 1835 3027 1876 avara
3078 1828 3457 1885 conservatur,

252 1908 682 1982 προςδοκωμένῳ
696 1911 815 1980 βίῳ,
829 1916 856 1967 ὁ
875 1911 1173 1983 σκώληξτῷ
1190 1913 1541 1983 ταμιεύσαντι
1574 1915 1802 1984 γίνεται.

250 2000 369 2052 Noti
393 1998 452 2051 δὲ
507 2000 726 2062 πάντως
757 2003 785 2053 ό
813 2000 1023 2053 ἀκούων
1054 2000 1141 2054 διὰ
1182 2003 1274 2055 τοῦ
1316 2004 1591 2075 σκώληκος
1619 2006 1805 2058 τούτου

250 2092 331 2145 τὸν
373 2089 736 2161 ticali-261mm
768 2090 1041 2163 σκώληκα,
1074 2092 1165 2145 τὸν
1218 2092 1306 2146 διὰ
1342 2096 1440 2165 τῆς
1497 2096 1808 2161 πλεονεξίας

252 2179 697 2251 ζωογονούμενον.
737 2181 809 2234 Τὸ
845 2182 899 2234 δὲ
927 2186 983 2236 ὲν
1018 2182 1161 2254 μόνῳ
1194 2183 1269 2255 τῷ
1296 2185 1545 2256 σαϐϐάτῳ
1567 2187 1806 2257 διαρκεῖν

250 2271 303 2324 τὸ
327 2269 614 2334 ἀπόθετον,
642 2273 908 2343 μηδεμίαν
929 2274 1219 2345 διαφθορὰν
1253 2276 1808 2351 ὑπομένον.τοιαύτην

251 2362 360 2414 τινά
390 2363 709 2434 συμϐουλὴν
733 2366 972 2437 περιέχει
1000 2382 1014 2395 ⁶
1047 2366 1127 2420 ὅτι
1146 2384 1227 2420 τοι
1252 2369 1372 2421 τότε
1402 2371 1666 2441 χρηστέον
1691 2372 1806 2425 ἐστὶ

250 2458 305 2525 τῇ
326 2456 683 2529 πλεονεκτικῇ
712 2460 1041 2531 προαιρέσει,
1067 2462 1123 2513 ὲν
1151 2456 1229 2524 οἷς
1244 2461 1303 2513 τὸ
1324 2462 1681 2531 συναγόμενον
1696 2464 1809 2519 δια-

250 2547 442 2619 φθοράν
472 2550 541 2601 ού
572 2550 853 2621 προσίεται
873 2568 886 2581 ·
918 2552 1037 2603 τότε
1063 2553 1475 2623 χρήσιμονήμῖν
1497 2556 1804 2623 γενόμενον,

250 2641 363 2693 ὅταν
411 2641 779 2711 παρελθόντες
802 2642 899 2713 τὴν
930 2640 1022 2694 τοῦ
1074 2643 1185 2712 βίου
1212 2642 1400 2697 τούτου
1433 2647 1804 2717 παρασκευὴν,

249 2730 299 2782 ὲν
326 2734 389 2801 τῇ
425 2733 571 2802 μετά
609 2732 835 2786 θάνατον
863 2733 1104 2805 ἀπραξίᾳ
1124 2733 1430 2804 γενώμεθα.
1471 2736 1534 2789 Ἦ
1564 2737 1671 2808 γὰρ
1701 2738 1806 2808 πρὸ

248 2821 332 2874 τοῦ
364 2823 643 2878 σαϐϐάτου
696 2824 895 2895 ἡμέρα,
930 2827 1245 2897 παρασκευὴ
1285 2827 1419 2898 πρὸς
1447 2827 1508 2879 τὸ
1540 2828 1805 2882 σάϐϐατον

249 2916 330 2967 καὶ
353 2914 471 2968 ἐστι
517 2914 611 2968 καὶ
643 2915 979 2986 ὀνομάζεται.

310 3002 450 3075 Αὕτη
512 3004 556 3056 δ’
610 3005 694 3074 εἴη
722 3006 750 3057 6
784 3004 896 3074 βίος
926 2998 1097 3068 οὗτος,
1129 3006 1186 3057 ἐν
1208 2997 1251 3073 ᾧ
1287 3004 1353 3059 τὰ
1381 3008 1479 3077 τῆς
1498 3006 1800 3077 ἐρχομένης

248 3095 377 3166 ζωῆς
406 3098 626 3160 ἑαυτοῖς
648 3097 1034 3167 εὐτρεπίζομεν
1052 3114 1065 3128 '
1096 3091 1196 3169 ὲνῇ
1219 3097 1376 3168 ἔργον
1395 3099 1546 3151 οὐδὲν
1566 3098 1675 3151 τῶν
1703 3099 1798 3151 νῦν

250 3190 365 3258 ἡμῖν
409 3190 924 3259 συγκεχωρημένων
954 3189 1295 3249 ἐπιτελεῖται,
1320 3190 1378 3241 ού
1410 3190 1668 3260 γεωργία,
1704 3190 1802 3241 οὐκ

248 3280 499 3350 ἐμπορία,
545 3280 605 3332 ού
640 3280 916 3351 στρατεία,
948 3281 1047 3331 ούκ
1082 3280 1206 3333 ἄλλο
1229 3297 1280 3331 τι
1308 3279 1414 3331 τῶν
1438 3273 1537 3332 ὧδε
1576 3280 1804 3333 σπουδα-

248 3369 478 3440 ζομένων
519 3370 641 3423 οὐδέ
672 3389 721 3423 τι
737 3385 750 3398 ⁶
772 3370 884 3423 ἀλλ’
913 3371 968 3421 ὲν
993 3370 1230 3440 ἀπραξίᾳ
1252 3370 1399 3441 πάσῃ
1418 3372 1524 3422 τῶν
1552 3370 1802 3423 τοιούτων

248 3460 405 3530 ἔργων
432 3461 736 3530 διάγοντες,
785 3462 892 3514 τῶν
918 3461 1010 3514 νῦν
1046 3464 1175 3531 ἡμῖν
1211 3461 1358 3531 παρά
1380 3461 1468 3513 τὸν
1500 3460 1611 3531 βίον
1637 3479 1803 3513 κατα-

247 3551 589 3625 ϐεϐλημένων
645 3552 969 3622 σπερμάτων
1001 3553 1123 3615 τοὺς
1161 3554 1406 3621 καρποὺς
1434 3552 1798 3623 νομιζόμεθαο

247 3645 553 3718 ἀφθάρτους
596 3646 715 3716 μὲν,
756 3646 913 3715 είπερ
945 3644 1124 3711 ἀγαθὰ
1159 3646 1243 3713 εἴη
1273 3643 1365 3697 τοῦ
1398 3644 1511 3714 βίου
1541 3645 1608 3698 τὰ
1637 3645 1802 3716 σπέρ-

249 3754 380 3807 ματα
400 3754 414 3768 ο
462 3736 794 3808 φθαρτικοὺς
825 3737 881 3790 δὲ
908 3738 1001 3789 καὶ
1022 3736 1312 3808 ὀλεθρίους,
1350 3739 1397 3789 εί
1420 3737 1640 3790 τοιαῦτα
1669 3739 1800 3808 ἡμῖν

247 3829 307 3882 τὰ
333 3829 582 3901 γεώργια
600 3830 697 3899 τῆς
723 3830 868 3898 ζωῆς
896 3827 1096 3897 ταύτης
1117 3828 1420 3895 ἐκφύσειεν.
1451 3828 1509 3880 '0
1531 3828 1636 3899 γάρ
1656 3827 1803 3881 σπεί-

250 3938 344 3991 ρων
368 3924 449 3984 είς
481 3921 541 3972 τὸ
575 3920 808 3989 πνεῦμα,
837 3921 1016 3990 φησὶν,
1043 3922 1105 3972 ἐκ
1137 3919 1228 3971 τοῦ
1260 3920 1565 3989 πνεύματος
1599 3919 1800 3989 θερίσει

248 4008 376 4080 ζωὴν
435 4009 657 4063 αἰώνιον
678 4025 691 4039 ·
718 4011 746 4061 6
779 4009 833 4060 δὲ
867 4009 1102 4078 σπείρων
1136 4008 1215 4069 είς
1244 4008 1343 4077 τὴν
1378 4008 1574 4077 σάρκα,
1603 4009 1666 4059 ἐκ
1703 4009 1801 4077 τῆς

248 4103 436 4175 σαρκὸς
491 4101 694 4171 θερίσει
744 4101 965 4169 φθοράν.
1006 4098 1142 4151 Ἀλλ’
1182 4101 1213 4169 ἡ
1273 4100 1408 4169 πρὸς
1449 4100 1513 4152 τὸ
1557 4102 1801 4168 κρεῖττον

245 4194 527 4266 ἑτοιμασία
578 4194 712 4265 μόνη
745 4194 946 4264 κυρίως
978 4192 1293 4264 παρασκευὴ
1325 4191 1643 4262 ὀνομάζεται
1663 4209 1677 4222 ο
1708 4192 1800 4245 καὶ

246 4287 496 4356 κυροῦται
532 4286 595 4357 δή
626 4286 787 4339 ποθεν
814 4285 890 4356 τῷ
917 4285 1083 4356 νόμῳ,
1106 4280 1172 4356 ἧς
1194 4286 1254 4337 τὸ
1280 4285 1561 4346 ἀπόθετον,
1593 4285 1801 4354 ἀφθαρο

250 4374 329 4425 σία
356 4375 495 4428 ὲστί.
532 4376 605 4426 Τὸ
634 4374 689 4426 δὲ
713 4375 775 4427 ὲκ
799 4373 891 4426 τοῦ
926 4375 1165 4427 ἐναντίου
1198 4372 1503 4443 νοούμενον,
1540 4374 1599 4425 ού
1620 4390 1797 4444 παρα-

246 4467 460 4537 σκευὴν,
520 4465 635 4518 ἀλλ’
669 4465 939 4517 ἔκπτωσιν
975 4465 1323 4535 παρασκευῆς
1358 4464 1659 4533 ὀνομάσειε.
1710 4464 1799 4516 Διὸ
1831 4485 1876 4543 D

250 4556 406 4627 μόνην
467 4555 566 4626 τὴν
608 4556 743 4627 πρὸς
779 4556 839 4608 τὸ
881 4558 1124 4626 κρεῖττον
1157 4553 1590 4624 κατορθουμένην
1624 4571 1801 4624 παρα-

249 4648 437 4719 σκευὴν
461 4646 740 4718 νομοθετεί
765 4649 877 4709 τοῖς
924 4644 1226 4717 ἀνθρώποις
1244 4647 1277 4715 ἡ
1315 4645 1541 4714 ἱστορία,
1575 4644 1633 4697 τὺ
1661 4647 1804 4697 ὲναν-

246 4740 349 4793 τίον
374 4740 467 4795 διὰ
493 4740 591 4809 τῆς
625 4738 997 4809 παραλείψεως
1010 4740 1149 4790 νοεῖν
1165 4738 1274 4799 τοῖς
1296 4739 1531 4798 συνετοῖς
1552 4736 1800 4789 καταλεί-

247 4848 432 4885 πουσα.
457 4829 722 4897 Καθάπερ
743 4828 797 4880 δὲ
824 4829 881 4879 ὲν
903 4830 1013 4889 τοῖς
1034 4828 1437 4896 στρατιωτικοῖς
1465 4825 1797 4893 καταλόγοις,

247 4924 501 4996 πρότερον
518 4919 730 4991 πορίζει
748 4920 808 4972 τὸ
836 4919 1140 4990 σιτηρέσιον
1170 4919 1198 4970 6
1218 4918 1319 4988 τῆς
1342 4917 1623 4989 στρατείας
1646 4916 1802 4987 ἡγού-

250 5032 418 5085 μενος,
482 5008 581 5067 εἶθ’
614 5012 754 5065 οὕτω
798 5010 977 5063 δίδωσι
1023 5010 1114 5062 τοῦ
1156 5011 1389 5080 πολέμου
1424 5009 1485 5062 τὸ
1512 5007 1757 5077 σύνθημα
1781 5024 1795 5038 ·

247 5102 326 5154 τὴν
346 5101 504 5155 αὐτὸν
535 5099 734 5170 τρόπον
768 5099 862 5152 xa‘t
893 5099 940 5149 οἱ
991 5098 1088 5167 τῆς
1120 5099 1315 5169 ἀρετῆς
1365 5096 1690 5168 στρατιῶται
1741 5095 1800 5149 τὸ

251 5192 498 5262 μυστικὸν
520 5189 800 5260 δεξάμενοι
835 5188 1158 5258 σιτηρέσιον,
1186 5188 1325 5241 οὓτω
1344 5189 1483 5242 κατά
1510 5189 1616 5241 τῶν
1650 5188 1799 5241 ἀλλο-

248 5284 417 5353 φύλων
461 5284 669 5339 κινοῦσι
715 5282 804 5335 τὸν
857 5281 1112 5351 πόλεμον,
1166 5282 1337 5352 Ἰησοῦ
1385 5281 1478 5334 τοῦ
1524 5281 1798 5345 Μωῦσέως

249 5375 478 5447 διαδόχου
537 5374 944 5445 καθηγουμένου
999 5375 1097 5443 τῆς
1149 5374 1346 5445 μάχης.
1397 5374 1561 5445 ὐρᾷς
1587 5375 1652 5427 δι’
1682 5374 1799 5437 οἵας

249 5468 480 5535 πρόεισιν
500 5465 818 5529 ἀκολουθίας
834 5468 859 5518 6
876 5466 1029 5534 λόγος
1046 5483 1060 5530 ;
1084 5466 1226 5533 Ἕως
1252 5465 1632 5537 ἀσθενέστερός
1653 5467 1798 5520 ἐστιν

250 5557 274 5608 6
315 5557 596 5631 ἅνθρωπος
628 5560 689 5629 τῇ
724 5559 930 5629 πονηρᾷ
978 5557 1248 5629 τυραννίδι
1300 5558 1700 5628 κεκακωμένος,
1730 5558 1799 5610 δι’

252 5648 427 5703 ἑαυτοῦ
458 5651 549 5703 τὸν
582 5649 772 5720 ἐχθρὸν
804 5650 903 5703 οὐκ
932 5650 1226 5721 ἀμύνεται”
1266 5652 1387 5705 οὐδὲ
1423 5651 1531 5723 γὰρ
1557 5651 1795 5704 δύναται.

260 5740 387 5796 Ἀλλ’
412 5740 598 5813 ἕτερός
627 5744 775 5797 ἐστιν
804 5743 833 5795 6
858 5742 965 5797 τῶν
993 5742 1358 5798 ἀσθενούντων
1389 5742 1741 5814 ὑπερμαχῶν,
1770 5746 1798 5797 6

1903 1907 1959 1961 in
2018 1908 2266 1976 sequenti
2329 1909 2454 1971 die,
2489 1909 2542 1963 in
2596 1908 2781 1963 futuro
2834 1910 3087 1965 videlicet
3131 1912 3352 1974 sarculo,
3403 1912 3459 1965 in

1903 2012 2116 2052 vermes
2138 1999 2401 2054 adversus
2423 2015 2517 2055 eos
2545 2002 2637 2070 qui
2667 2012 3084 2069 conservarunt,
3109 2007 3454 2059 commutari.

1904 2083 1981 2138 Ita
2014 2100 2111 2154 per
2140 2087 2286 2141 hunc
2322 2104 2555 2144 vermem
2592 2091 2744 2145 illum
2791 2106 2892 2161 ego
2938 2092 3297 2148 immortalem
3336 2110 3460 2147 ver-

1905 2190 2045 2230 mem
2079 2177 2340 2248 intelligo,
2373 2180 2464 2248 qui
2495 2180 2615 2250 plus
2650 2180 2883 2236 habendi
2934 2182 3234 2251 cupiditate
3283 2183 3460 2237 viviﬁ-

1906 2274 2083 2321 catur.
2130 2266 2225 2323 Die
2280 2278 2460 2323 autem
2509 2270 2721 2326 sabbati
2769 2274 2946 2326 solum
2999 2274 3251 2341 illaesum,
3313 2276 3459 2345 quod

1906 2354 2303 2426 deponebatur,
2354 2361 2724 2430 permanebat.
2762 2362 2877 2428 Qua
2935 2380 3003 2419 ex
3065 2380 3126 2419 re
3168 2374 3301 2419 tunc
3358 2366 3459 2419 hac

1906 2446 2211 2517 deponendi
2254 2452 2634 2522 superﬂuitate
2684 2456 2911 2523 provida
2965 2466 3146 2511 mente
3198 2458 3458 2512 utendum

1905 2537 2185 2603 docemur,
2216 2543 2434 2610 quando
2472 2544 2649 2612 ipsum
2685 2544 2992 2613 depositum
3048 2547 3457 2616 corruptionem

1904 2631 2010 2699 pati
2042 2646 2149 2684 non
2180 2640 2377 2700 potest.
2415 2632 2469 2687 Id
2502 2636 2645 2690 enim
2676 2644 2801 2705 post
2834 2636 2997 2706 hujus
3051 2639 3173 2691 vitae
3208 2653 3460 2707 parasce-

1902 2736 2000 2775 ven
2033 2722 2088 2775 in
2122 2723 2323 2791 quiete,
2350 2740 2470 2794 qua:
2512 2736 2635 2797 post
2677 2738 2904 2783 mortem
2952 2736 3055 2794 est,
3105 2729 3458 2783 utilissimum

1900 2813 2040 2865 erit:
2104 2815 2218 2870 dies
2251 2832 2484 2886 namque
2522 2827 2648 2873 ante
2704 2820 3013 2885 sabbatum,
3046 2836 3355 2891 parasceve.
3407 2822 3459 2875 id

1898 2911 2002 2964 est,
2030 2908 2351 2975 praeparatio
2381 2909 2445 2961 ad
2482 2910 2798 2975 Sabbatum,
2828 2919 2881 2967 et
2928 2921 3010 2967 est
3044 2921 3097 2967 et
3127 2913 3451 2981 appellatur.

1976 2991 2099 3047 Haec
2147 3011 2277 3051 vero
2331 3001 2743 3067 przeparationis
2792 3002 2928 3063 dies,
2965 3002 3077 3056 haec
3124 3004 3233 3056 vita
3264 3011 3367 3065 est,
3400 3003 3453 3055 in

1904 3100 2010 3154 qna
2064 3102 2433 3157 praeparemus
2484 3106 2605 3160 qua:
2656 3093 2722 3146 ad
2779 3092 3013 3146 luturam
3074 3095 3239 3147 vitam
3296 3094 3459 3148 nobis

1828 3158 1870 3213 (λ
1906 3188 2102 3246 ρνωειο
2148 3189 2327 3233 erunt.
2360 3158 2517 3235 Nam
2550 3182 2604 3236 in
2644 3182 2732 3235 illa
2779 3200 2885 3237 non
2942 3184 3297 3253 agricultura,
3350 3199 3457 3238 non

1904 3277 2231 3337 mercatura,
2269 3286 2376 3325 non
2420 3272 2631 3338 militia,
2662 3288 2768 3326 non
2797 3273 3090 3344 quidquam
3122 3275 3314 3329 horum
3338 3291 3459 3345 quae

1903 3357 1992 3413 hic
2045 3358 2300 3427 facimus,
2351 3363 2511 3419 nobis
2566 3366 2946 3433 concedetur;
3010 3367 3103 3421 sed
3164 3369 3219 3421 in
3273 3367 3459 3438 quiete

1902 3452 2144 3505 omnium
2171 3469 2291 3524 qua:
2315 3455 2401 3508 hic
2425 3456 2656 3525 agimus,
2681 3472 2743 3511 ac
2768 3459 3073 3514 cessatione
3096 3459 3455 3521 versabimur,

1902 3541 2114 3600 fructus
2170 3545 2439 3601 duntaxat
2490 3563 2715 3619 operum
2760 3566 2882 3618 qua:
2929 3550 3020 3605 hic
3068 3550 3459 3605 seminavimus

1902 3636 2219 3707 colligentes
2250 3656 2265 3705 ;
2304 3638 2514 3695 fructus
2554 3641 2886 3697 immortales
2925 3642 3177 3711 quidem,
3214 3642 3260 3698 si
3296 3642 3458 3711 hujus

1902 3727 2026 3781 vita:
2050 3729 2258 3783 semina
2291 3731 2431 3785 bona
2480 3741 2674 3787 erant:
2713 3733 2941 3789 lethales
2977 3740 3155 3787 autem
3190 3748 3251 3786 ac
3280 3734 3460 3802 perni-

1902 3819 2107 3884 ciosos,
2142 3821 2189 3875 si
2222 3822 2489 3892 ejusmodi
2523 3824 2731 3879 semina
2764 3825 2886 3878 vitae
2916 3825 3081 3893 hujus
3127 3824 3241 3894 agri
3270 3834 3458 3893 protu-

1903 3912 2086 3965 lerint.
2120 3912 2253 3967 Nam
2282 3915 2375 3983 qui
2419 3916 2475 3968 in
2513 3916 2707 3984 spiritu
2761 3916 3013 3978 seminat,
3062 3915 3259 3984 inquit,
3294 3914 3456 3968 vitam

1901 4015 2153 4058 aeternam
2193 4021 2258 4059 ex
2298 4007 2491 4075 spiritu
2544 4015 2746 4070 metet;
2784 4007 2876 4075 qui
2921 4007 2976 4059 in
3008 4020 3172 4060 carne
3204 4006 3453 4071 seminat,

1901 4096 2308 4163 corruptionem
2354 4105 2519 4151 metet
2570 4113 2635 4152 ex
2679 4113 2862 4153 carne.
2911 4096 3243 4168 Praeparatio
3292 4096 3459 4167 igitur

1901 4203 2023 4256 quae
2050 4187 2116 4240 ad
2148 4188 2342 4242 melius
2367 4197 2471 4256 est,
2496 4190 2611 4243 sola
2641 4190 2861 4259 proprie
2887 4203 3181 4259 parasceve
3209 4189 3459 4242 nomina-

1900 4286 1990 4332 tur
2020 4297 2030 4329 :
2066 4288 2119 4333 et
2165 4281 2237 4333 ita
2272 4296 2466 4334 nomen
2501 4282 2620 4349 ejus
2671 4296 2700 4333 a
2751 4282 2866 4351 lege
2899 4280 3270 4345 constituitur,
3301 4278 3458 4348 cujus

1900 4369 2203 4440 depositum
2242 4371 2581 4443 incorruptio
2620 4383 2724 4428 est.
2758 4373 2814 4428 Si
2846 4373 2969 4443 quis
3008 4379 3190 4427 autem
3218 4374 3271 4427 in
3303 4373 3457 4447 pejus

1902 4460 2143 4531 deponit,
2175 4478 2275 4516 nec
2301 4474 2405 4525 est,
2438 4479 2538 4518 nec
2562 4464 2762 4518 dicitur
2790 4465 3115 4534 praeparatio
3144 4482 3157 4519 :
3189 4464 3455 4518 bonorum

1901 4553 2044 4605 enim
2075 4554 2431 4622 privationem
2467 4556 2647 4609 nullus
2692 4556 2814 4625 jure
2856 4557 3325 4626 praeparationem,
3361 4555 3457 4611 sed

1900 4646 2315 4713 praeparatiuuis
2346 4648 2615 4711 jar-turam
2657 4651 3014 4718 nuncupabit.
3047 4650 3254 4705 Idcirco
3283 4651 3454 4705 solam

1901 4737 1967 4789 ad
2000 4738 2199 4793 melius
2233 4740 2679 4809 prazparationem
2710 4741 2937 4794 historia
2965 4742 3122 4796 nobis
3147 4743 3454 4812 proposuit,

1899 4828 2233 4879 contrarium
2282 4828 2403 4895 ejus
2455 4828 2752 4897 inquirenti
2790 4830 3084 4899 prudenter
3116 4832 3451 4900 relinquens.

1901 4913 2101 4969 Verum
2133 4919 2585 4987 quemadmodum
2632 4935 2755 4975 cum
2804 4922 3150 4992 conscriptus
3180 4924 3454 4977 exercitus

1902 5005 2080 5071 fuerit,
2137 5010 2372 5078 primum
2421 5023 2782 5067 commeatum
2823 5022 2980 5083 parat
3025 5016 3299 5071 exercitus
3321 5016 3453 5081 dux,

1898 5113 1962 5153 ac
1985 5100 2181 5156 deinde
2210 5102 2335 5157 belli
2366 5103 2458 5158 dat
2494 5111 2754 5159 tesseram
2784 5125 2796 5160 :
2826 5106 3017 5161 eodem
3048 5107 3211 5161 modo
3235 5122 3453 5175 quoque

1896 5191 2117 5247 virtutis
2171 5193 2371 5250 milites
2431 5198 2667 5266 primum
2734 5200 3022 5269 mysticum
3086 5206 3451 5253 commeatum

1900 5283 2195 5352 accipiunt,
2210 5292 2265 5339 et
2289 5286 2368 5340 sic
2392 5287 2657 5342 adversus
2680 5288 3011 5359 alienigenas
3027 5298 3246 5349 exeunt,
3266 5287 3452 5341 Jesum

1898 5378 1989 5446 qui
2019 5376 2188 5450 Moysi
2215 5380 2483 5434 successit
2503 5380 2697 5435 ducem
2738 5381 3097 5449 possidentes.
3130 5380 3293 5436 Vides
3341 5395 3449 5449 qua

1898 5470 2040 5526 serie
2090 5471 2318 5526 historia
2368 5472 2657 5540 procedit?
2716 5473 2868 5528 vides
2931 5474 3201 5543 quomodo
3264 5480 3456 5526 nostro

1898 5570 2095 5617 cuncta
2129 5563 2409 5633 proposito
2442 5565 2793 5634 congmunt?
2822 5564 3118 5633 Quousque
3166 5563 3452 5618 imbecillis

1898 5651 2064 5707 homo
2122 5652 2180 5706 in
2231 5650 2338 5707 ﬁde
2394 5659 2480 5707 est
2542 5652 2853 5722 perniciosa
2909 5651 3126 5721 tyranni
3189 5651 3454 5705 servitute

1899 5760 2214 5817 oppressus,
2245 5760 2353 5801 non
2384 5745 2499 5814 ipse
2523 5759 2583 5800 se
2611 5744 2679 5799 ab
2702 5744 2859 5800 hoste
2889 5750 3097 5798 tutatur
3126 5765 3139 5800 :
3174 5760 3274 5802 nec
3302 5746 3450 5801 enim
