3982 6502
196 374 288 430 373

1468 369 1558 426 DE
1596 369 1758 427 VITA
1796 367 2070 426 MOYSIS.

3300 367 3406 423 ὅτι

208 490 309 561 pia;
337 483 483 549 τάξιν
532 484 596 555 τῇ
640 472 958 557 ἀναγωγικῇ
1008 485 1388 558 προσαρμόσαι
1431 487 1492 539 τὸ
1539 486 1740 557 νόημα.

1859 483 2061 555 lloyses
2087 481 2305 554 quidem
2336 499 2435 554 pro
2489 484 2605 555 lege
2646 481 2893 554 legisque
2947 481 3259 553 praceptis,
3309 498 3415 538 nu-

214 575 443 633 Ἐπειδὰν
468 574 571 645 γάρ
594 576 622 627 ὁ
649 574 786 646 πρὸς
832 576 923 629 τὸν
975 577 1209 631 Μωῦσέα
1256 577 1351 631 καὶ
1378 576 1477 648 τὴν
1518 576 1746 647 νεφέλην

204 670 415 743 βλέπων,
459 667 528 719 δι’
557 659 630 720 ὧν
657 667 979 738 ἀμφοτέρων
1012 668 1219 737 γίνεται
1246 670 1358 732 τοῖς
1399 670 1520 723 κατ’
1546 667 1746 740 ἀρετὴν

200 760 461 834 προϊοῦσιν
509 761 540 831 ἡ
578 759 800 829 όδηγία·
854 760 938 830 εἴη
986 759 1030 812 δ’
1081 758 1147 813 ἂν
1177 761 1235 814 ὲν
1266 758 1345 831 τῷ
1379 759 1533 832 μέρει
1573 759 1747 830 τούτῳ

198 854 420 922 Μωῦσῆς
460 850 577 922 μὲν,
626 851 696 904 τά
726 849 925 921 νομικὰ
972 850 1423 922 παραγγέλματα,
1456 850 1652 923 νεφέλη
1690 852 1746 905 δὲ

197 940 667 1016 προκαθηγουμένη
692 939 787 993 τοῦ
815 939 978 1010 νόμου
1005 956 1016 967 ·
1050 940 1109 1003 ὃς
1129 938 1337 1011 διανοίᾳ
1364 938 1748 1011 κεκαθαρμένη

199 1040 249 1090 ὲν
269 1037 332 1105 τῇ
356 1032 597 1086 διαϐάσει
622 1030 715 1085 τοῦ
761 1031 972 1096 ὓδατος,
1004 1030 1285 1102 νεκρώσας
1312 1048 1372 1084 τε
1398 1032 1493 1084 καὶ
1520 1031 1750 1103 ἀποκρί-

195 1146 280 1193 νας
316 1124 504 1180 ἑαυτοῦ
547 1124 608 1177 τὸ
650 1124 967 1194 ἀλλόφυλον,
1000 1123 1253 1197 γεύσεταί
1292 1140 1352 1176 τε
1377 1123 1479 1193 τῆς
1514 1125 1743 1195 μερρᾶς,

192 1217 442 1281 τουτέστι,
472 1214 565 1269 τοῦ
617 1215 1021 1287 κεχωρισμένοι)
1068 1214 1175 1269 τῶν
1202 1213 1404 1286 ἡδονῶν
1433 1213 1570 1284 βίου,
1605 1214 1635 1267 ὃ
1659 1231 1749 1267 πι-

194 1309 310 1381 κρόν
335 1324 392 1361 τε
432 1307 531 1361 καὶ¹
567 1306 733 1379 ἀηδὲς
768 1306 919 1379 παρά
944 1306 1043 1377 τὴν
1079 1305 1302 1378 πρώτην
1329 1309 1442 1371 τοῖς
1474 1305 1749 1377 γευσαμέ-

192 1417 291 1464 νοις
339 1398 692 1469 φαινόμενον,
752 1398 1011 1467 γλυκεῖαν
1048 1398 1277 1469 παρέχει
1319 1401 1434 1462 τοῖς
1487 1398 1548 1451 τὸ
1595 1396 1749 1463 ξύλον

194 1491 643 1564 παραδεξαμένοις
669 1490 770 1563 τὴν
790 1490 1040 1561 αἴσθησιν
1063 1507 1077 1521 ·
1111 1486 1231 1544 εἶτα
1253 1492 1365 1553 τοῖς
1391 1490 1611 1544 κάλλεσι
1639 1490 1749 1545 τῶν

193 1581 433 1650 φοινίκων
480 1580 590 1633 τῶν
653 1578 1025 1648 εύαγγελικῶν
1067 1581 1157 1633 καὶ
1203 1579 1311 1633 τῶν
1345 1580 1537 1650 πηγῶν
1563 1581 1751 1652 ὲντρυ-

192 1677 371 1747 φήσας,
404 1675 499 1727 καὶ
534 1673 626 1727 τοῦ
681 1673 884 1737 ζῶντος
911 1673 1121 1737 ὕδατος,
1144 1674 1280 1742 ὅπερ
1301 1674 1449 1727 ἐστὶν
1481 1676 1513 1743 ἡ
1551 1673 1747 1743 πέτρα,

193 1769 388 1838 πλήρης
417 1767 734 1837 γενόμενος,
792 1766 882 1819 τόν
909 1783 968 1818 τε
1014 1766 1262 1837 οὐράνιον
1288 1766 1450 1836 ἄρτον
1481 1767 1538 1818 ὲν
1571 1763 1750 1835 ἑαυτῷ

190 1861 372 1927 λαϐὼν,
397 1863 491 1914 καὶ
518 1860 659 1914 κατὰ
673 1859 780 1914 τῶν
811 1858 1122 1928 ἀλλοφύλων
1145 1858 1555 1930 ἀνδρισάμενος,
1584 1850 1628 1924 ᾧ
1648 1857 1749 1927 τῆς

192 1954 329 2021 νίκης
374 1952 551 2015 αίτία,
584 1954 618 2022 ἡ
653 1951 873 2014 ἐκτασις
918 1950 1025 2003 τῶν
1079 1949 1275 2020 χειρῶν
1319 1948 1413 2003 τοῦ
1464 1948 1750 2020 νομοθέτου

192 2043 401 2108 γίνεται,
426 2042 459 2112 ή
489 2041 557 2094 τὸ
601 2041 898 2111 μυστήριον
936 2039 1030 2093 τοῦ
1061 2039 1294 2111 σταυροῦ
1326 2039 1756 2111 προδεικνύουσα

193 2135 299 2188 τότε
325 2133 666 2205 προσάγεται
694 2135 760 2201 τῇ
806 2133 903 2203 τῆς
943 2130 1344 2202 ὑπερκειμένης
1373 2131 1585 2201 φύσεως
1624 2131 1757 2183 θεω-

197 2228 293 2298 ρίᾳ.
328 2226 474 2289 Ὀδὸς
508 2226 567 2279 δὲ
599 2224 750 2295 αύτῷ
778 2224 913 2298 πρὸς
928 2224 1026 2294 τὴν
1058 2223 1312 2295 τοιαύτην
1339 2223 1559 2293 γνῶσιν,
1589 2222 1757 2276 καθα-

197 2321 339 2390 ρότης
353 2318 593 2387 γίνεται,
622 2319 682 2371 ού
698 2316 791 2370 τοῦ
807 2316 1057 2387 σώματος
1072 2315 1254 2386 μόνον,
1278 2315 1756 2389 περιρραντηρίοις

194 2413 321 2465 τισὶν
350 2411 805 2481 ἀφαγνισθέντος,
831 2408 967 2462 ἀλλά
987 2407 1082 2460 καὶ
1109 2407 1217 2460 τῶν
1244 2408 1554 2479 ἐνδυμάτων
1577 2408 1757 2476 πάσης

196 2504 392 2575 κηλῖδος
446 2503 908 2559 ἀποκλυσθέντων
941 2502 1018 2573 τῷ
1054 2501 1226 2555 ὕδατι.
1249 2501 1420 2555 Τοῦτο
1440 2501 1497 2553 δέ
1526 2503 1663 2564 ἐστι,
1697 2500 1758 2553 τὸ

194 2597 273 2650 διὰ
311 2596 538 2650 πάντων
581 2595 916 2667 καθαρεῦσαι
948 2596 1058 2648 δεῖν
1077 2595 1165 2648 τὸν
1202 2594 1458 2665 μέλλοντα
1494 2591 1760 2665 προσϐαί-

196 2705 294 2741 νειν
316 2689 380 2758 τῇ
397 2686 514 2739 τῶν
565 2687 731 2740 ὄντων
774 2687 997 2758 θεωρία,
1020 2687 1094 2749 ὡς
1120 2686 1213 2741 καὶ
1247 2686 1392 2757 ψυχῇ
1428 2686 1522 2738 καὶ
1546 2684 1758 2755 σώματι

197 2779 416 2851 καθαρὸν
438 2777 591 2832 εἶναι
616 2781 709 2832 καὶ
741 2778 1093 2851 ἀκηλίδωτον,
1110 2778 1199 2831 τὸν
1231 2779 1288 2832 έν
1313 2777 1556 2847 ἑκατέρῳ
1588 2776 1758 2847 ῥύπον

198 2872 540 2942 καταλλήλως
591 2870 1034 2941 ἀποκλυσάμενον
1055 2887 1068 2901 ·
1104 2872 1179 2934 ὡς
1204 2870 1270 2924 ἂν
1297 2870 1529 2942 καθαροὶ
1563 2870 1655 2923 καὶ
1682 2869 1760 2940 τῷ

198 2966 251 3017 τὸ
275 2965 519 3036 κρυπτὸν
561 2963 755 3034 ὁρῶντι
795 2964 1115 3034 φανείημεν,
1147 2964 1243 3017 καὶ
1262 2966 1296 3034 ὴ
1326 2963 1466 3017 κατά
1491 2963 1551 3016 τὸ
1576 2962 1761 3031 φαινό-

200 3072 346 3125 μενον
392 3056 779 3126 εὐσχημοσύνη
832 3057 899 3125 τῇ
954 3054 1162 3108 ἔνδοθεν
1187 3057 1285 3126 τῆς
1304 3054 1484 3125 ψυχῆς
1523 3054 1761 3107 διαθέσει

1845 576 1946 632 bes
1971 583 2152 632 autem
2178 573 2288 629 dux
2318 574 2493 647 legis;
2542 590 2668 642 cum
2716 572 2921 629 mundo
2956 573 3125 629 corde
3161 572 3218 627 in
3257 574 3414 644 aquis

1848 676 2142 738 tyrannum
2167 664 2525 730 interfecerit,
2560 680 2683 720 cum
2729 679 2898 734 aquas
2931 678 3145 718 amaras
3186 662 3410 726 biberit,

1849 761 2081 815 alienam
2117 774 2148 814 a
2194 759 2564 830 voluptatibus
2602 758 2769 813 vitam
2799 756 3019 821 vixerit,
3068 770 3189 826 qua;
3224 767 3412 809 amara

1848 864 1898 910 et
1933 853 2168 910 dillicilis
2194 854 2462 925 primum,
2502 852 2699 907 deinde
2722 840 2901 906 facilis
2946 859 3001 906 et
3022 848 3264 919 jucunda
3312 863 3413 917 gu—

1851 941 2125 997 stantibus
2164 942 2509 997 immissione
2532 941 2661 1012 ligni
2682 940 2916 995 videtur.
2936 939 3072 994 Cum
3105 938 3413 1009 palmarum

1848 1049 1911 1089 ac
1961 1032 2193 1088 fontium
2260 1034 2608 1097 amoenitate,
2670 1031 3006 1102 Evangelicae
3064 1031 3278 1085 scilicet
3325 1029 3417 1084 do-

1849 1124 2040 1179 ctrinae
2070 1123 2293 1180 ﬂuentis
2319 1125 2533 1181 labores
2559 1124 2844 1194 depulerit,
2883 1123 2932 1179 si
2979 1137 3118 1193 aqua
3149 1122 3270 1177 viva
3297 1137 3419 1192 qua:

1848 1216 1987 1284 lapis
2035 1224 2141 1282 est,
2193 1216 2448 1272 videlicet
2497 1217 2771 1281 Christus,
2815 1216 2959 1271 sitim
3009 1213 3310 1279 sedaverit,
3368 1214 3415 1269 si

1849 1307 2056 1365 caelesti
2085 1309 2208 1364 cibo
2224 1312 2462 1379 seipsum
2478 1307 2783 1379 repleverit,
2803 1308 2851 1363 si
2876 1307 3148 1362 consertis
3165 1307 3417 1363 manibus

1849 1414 1973 1454 cum
2004 1401 2161 1456 hoste
2189 1400 2403 1457 vicerit.
2426 1399 2601 1467 Quam
2633 1397 2855 1470 quidem
2902 1397 3187 1453 victoriam
3217 1406 3415 1452 exten-

1850 1491 1932 1546 sio
1985 1507 2243 1546 manuum
2279 1491 2475 1563 Moysi,
2534 1507 2632 1562 per
2665 1505 2827 1561 quam
2862 1488 3183 1561 mysterium
3235 1489 3418 1543 crucis

1853 1582 2141 1656 ﬁguratur,
2192 1585 2476 1655 praestitit;
2521 1600 2630 1655 quo
2699 1584 2961 1655 mysterio
3026 1598 3192 1639 verus
3252 1583 3420 1638 lsrael

1850 1694 2069 1749 quoque
2096 1679 2290 1743 vincit,
2344 1694 2469 1734 cum
2498 1678 2614 1734 haec
2640 1678 2821 1733 omnia
2863 1677 3155 1749 peregerit,
3188 1683 3304 1731 tum
3326 1674 3421 1730 de-

1852 1786 2000 1825 mum
2025 1771 2093 1826 ad
2121 1771 2551 1842 speculationem
2579 1784 2847 1842 supremae
2868 1778 3074 1824 naturae
3109 1768 3419 1833 adducitur,

1854 1861 1920 1916 ad
1955 1878 2117 1933 quam
2140 1879 2248 1918 non
2276 1863 2444 1918 animi
2477 1872 2687 1917 tantum
2710 1870 2764 1917 et
2799 1861 3047 1932 corporis
3084 1859 3417 1931 aspersioni-

1852 1954 1954 2010 bus
1983 1955 2310 2026 quibusdam
2345 1955 2650 2029 depurgati,
2693 1954 2784 2011 sed
2812 1955 3045 2010 vestium
3067 1969 3284 2025 quoque
3328 1952 3425 2007 de-

1852 2049 2005 2105 ducit
2046 2050 2368 2113 mundities,
2428 2060 2489 2105 ut
2522 2050 2735 2105 scilicet
2784 2064 2892 2103 non
2949 2046 3166 2103 occulta
3215 2046 3420 2112 solum,

1854 2142 2213 2196 verumetiam
2272 2142 2561 2198 manifesta
2619 2149 2673 2196 et
2722 2140 3036 2210 apparentia
3103 2139 3301 2193 decora
3347 2138 3424 2192 ita

1854 2233 2011 2295 liant,
2061 2240 2120 2286 ut
2169 2232 2422 2288 interiori
2469 2232 2638 2286 animi
2679 2230 3031 2301 dispositioni
3066 2229 3418 2285 conveniant.

1855 2324 1970 2380 Non
2003 2327 2146 2381 enim
2181 2325 2415 2380 vestium
2454 2324 2697 2386 macula,
2742 2338 2812 2377 ne
2845 2322 2913 2377 ad
2953 2321 3120 2376 Deum
3159 2320 3427 2376 ascenda-

1856 2433 1999 2483 mus,
2033 2431 2271 2486 unquam
2296 2416 2522 2480 vetabit,
2558 2415 2655 2471 sed
2693 2414 2898 2480 studia,
2939 2428 3060 2483 quae
3086 2414 3138 2466 in
3162 2413 3267 2467 hac
3314 2413 3423 2466 vita

1857 2509 2209 2576 suscipimus,
2241 2507 2395 2576 quasi
2422 2515 2604 2563 vestes
2632 2513 2780 2570 sunt,
2824 2505 3209 2577 quibushomo
3245 2504 3427 2559 indui-

1857 2608 1967 2654 tur.
1994 2598 2119 2655 Haec
2142 2600 2307 2669 igitur
2327 2598 2530 2662 studia,
2585 2605 2640 2654 et
2670 2598 2773 2653 hos
2802 2598 3039 2651 amictus
3066 2612 3173 2651 non
3214 2604 3424 2667 turpes,

1858 2693 1952 2747 sed
1982 2692 2309 2762 purissimos
2335 2707 2458 2747 esse
2486 2691 2661 2746 decet.
2696 2688 2808 2743 llac
2836 2705 2893 2743 re
2921 2688 3211 2760 diligenter
3252 2688 3419 2749 facta.

1860 2785 2229 2853 armentisque
2280 2785 2566 2838 brutorum
2626 2782 2785 2851 longe
2836 2797 2867 2835 a
2906 2790 3090 2835 monte
3116 2780 3309 2850 pulsis,
3349 2779 3429 2835 sic

1861 2875 1925 2928 ad
1957 2875 2254 2930 altissimas
2281 2873 2529 2929 ascendit
2561 2872 2984 2944 speculationes.
3010 2870 3126 2936 Qua
3151 2887 3217 2926 ex
3253 2886 3334 2935 re,
3370 2879 3431 2925 ut

1859 2981 1960 3037 ego
1990 2966 2249 3028 arbitror,
2282 2964 2417 3019 illud
2440 2963 2600 3019 nobis
2648 2963 3013 3034 signiﬁcatur,
3052 2961 3196 3032 quod
3227 2961 3430 3017 debea-

1863 3072 1984 3111 mus
2023 3055 2167 3109 hanc
2200 3070 2266 3110 ex
2290 3070 2457 3110 sensu
2490 3055 2690 3109 factam
2732 3053 3128 3124 cognitionem,
3169 3068 3293 3107 cum
3321 3068 3429 3123 qua

204 3145 493 3214 συμϐαίνοι.
541 3145 639 3198 Διά
682 3145 836 3199 τοῦτο
891 3145 997 3215 πρὸ
1029 3147 1129 3215 τῆς
1175 3144 1268 3197 ἐπὶ
1294 3144 1354 3198 τὸ
1396 3145 1520 3216 ὅρος
1550 3146 1758 3209 ἀνόδου,

1864 3148 2204 3218 intelligibile
2258 3148 2715 3217 contemplamur,
2769 3146 2995 3202 omnino
3043 3154 3431 3214 contemnere;

201 3237 268 3306 τῷ
286 3236 407 3307 θείῳ
424 3235 898 3308 προστάγματιτά
927 3235 1118 3304 ἱμάτια
1141 3234 1418 3299 πλύνεται,
1445 3237 1542 3306 τῆς
1572 3236 1766 3306 εὐσχή-

203 3348 346 3400 μονος
371 3329 462 3383 τοῦ
488 3330 615 3400 βίου
661 3327 950 3399 περιϐολῆς
997 3327 1478 3398 παραδηλουμένης
1508 3329 1640 3398 ἡμῖν
1690 3326 1767 3398 τῷ

202 3420 297 3471 τῶν
331 3419 569 3489 ἱματίων
626 3419 924 3487 αἰνίγματι.
972 3416 1045 3469 Οὐ
1075 3416 1183 3487 γὰρ
1229 3416 1293 3469 ἄν
1342 3433 1424 3479 τις
1466 3417 1633 3481 εἴποι,
1676 3416 1767 3469 τὸν

203 3510 441 3580 αἰσθητὸν
492 3509 691 3570 τοῦτον
735 3508 902 3579 ῥύπον
937 3508 1044 3561 τῶν
1100 3509 1347 3578 ἱματίων,
1384 3508 1639 3578 ἐμπόδιον
1666 3507 1768 3577 τῆς

202 3600 373 3652 ἀνόδου
414 3602 537 3662 τοῖς
594 3599 732 3670 πρὸς
769 3600 861 3652 τὸν
913 3596 1044 3651 Θεὸν
1088 3596 1299 3651 ἀνιοῦσι
1337 3598 1579 3666 γίνεσθαι
1609 3616 1621 3630 ⁸
1654 3599 1766 3652 ἀλλ’

203 3687 341 3760 οἶμαι
372 3688 561 3751 καλῶς
588 3688 650 3741 τὸ
678 3688 887 3759 ἱμάτιον
915 3687 1013 3757 τὴν
1034 3686 1141 3739 τῶν
1159 3687 1297 3739 κατὰ
1317 3686 1405 3738 τὸν
1438 3685 1549 3755 βίον
1581 3687 1768 3740 τοῦτον

207 3781 641 3853 ἐπιτηδευμάτων
697 3778 984 3849 περιϐολὴν
1032 3778 1408 3850 ὀνομάζεσθαι.
1455 3778 1656 3831 Τούτου
1712 3780 1769 3833 δὲ

207 3873 668 3944 κατορθωθέντος,
707 3872 801 3924 καὶ
854 3871 954 3939 τῆς
993 3870 1098 3923 τῶν
1147 3871 1351 3937 ἀλόγων
1409 3870 1607 3942 ἀγέλης
1639 3874 1770 3944 mp-

208 3968 422 4039 ρωτάτω
472 3966 574 4019 τοῦ
630 3966 788 4038 ὅρους
838 3964 1220 4035 ἀπελαθείσης,
1270 3964 1410 4017 οὕτω
1457 3965 1772 4035 προσϐαίνει

205 4062 265 4129 τῇ
309 4058 577 4113 ἀναϐάσει
633 4057 741 4110 τῶν
796 4056 1013 4127 ὑψηλῶν
1063 4057 1365 4127 νοημάτων.
1411 4056 1485 4109 Τὸ
1521 4056 1578 4108 δὲ
1610 4056 1771 4127 μηδὲν

206 4152 304 4204 τῶν
341 4151 558 4219 ἀλόγων
606 4149 952 4220 συγχωρῆσαι
1000 4148 1092 4200 ἐπὶ
1141 4147 1234 4201 τοῦ
1272 4148 1431 4218 ὅρους
1464 4146 1769 4217 φαίνεσθαι,

208 4220 667 4313 σημαίνει,’κατά
715 4243 811 4311 τὴν
844 4239 1117 4311 ἡμετέραν
1156 4240 1445 4312 ὑπόληψιν,
1501 4239 1561 4293 τὸ
1603 4240 1773 4309 ὑπερ-

209 4335 361 4405 ϐῆναι
405 4336 506 4407 τὴν
565 4335 624 4401 ἐξ
667 4334 967 4405 αίσθήσεως
1006 4333 1300 4403 γενομένην
1350 4332 1551 4400 γνῶσιν
1612 4333 1668 4385 έν
1704 4334 1771 4403 τῇ

207 4428 309 4479 τῶν
362 4427 571 4498 νοητῶν
606 4425 834 4498 θεωρίᾳ·
870 4425 998 4478 ἴδιον
1025 4424 1134 4496 γὰρ
1172 4424 1269 4492 τῆς
1315 4422 1423 4477 τῶν
1449 4423 1655 4492 ἀλόγων
1676 4423 1775 4493 φύ-

1867 3239 2149 3310 proprium
2200 3239 2347 3293 enim
2418 3247 2631 3293 natura:
2672 3237 2961 3293 brutorum
3006 3245 3112 3302 est,
3164 3252 3231 3292 ex
3266 3251 3433 3293 sensu

1867 3332 1985 3385 solo
2035 3330 2245 3400 absque
2286 3329 2600 3385 intellectus
2652 3328 2974 3399 operatione
3012 3329 3191 3397 aliqua
3237 3328 3435 3400 guber-

1866 3422 2022 3488 nari;
2052 3438 2175 3475 nam
2199 3430 2292 3475 aut
2325 3422 2498 3483 visus,
2518 3406 2613 3474 aut
2646 3420 2885 3484 auditus,
2908 3427 3003 3474 aut
3022 3421 3255 3474 aliorum
3280 3420 3436 3490 quis-

1868 3514 2011 3582 piam
2046 3527 2330 3575 sensuum,
2376 3527 2484 3565 non
2520 3512 2797 3573 voluntas,
2844 3526 3023 3580 neque
3052 3511 3193 3565 ratio
3228 3511 3435 3582 appeti-

1869 3604 2048 3657 tiones
2070 3602 2359 3656 brutorum
2402 3608 2603 3656 movet.
2646 3599 2829 3667 Quare
2861 3608 3045 3655 motus
3090 3600 3174 3655 sui
3220 3616 3433 3668 omnes,

1868 3705 1923 3749 et
1949 3709 2113 3762 opera
2164 3708 2422 3749 sensuum
2482 3699 2633 3748 sunt.
2697 3689 3015 3761 Speculatio
3067 3700 3272 3757 autem,
3327 3707 3435 3763 qua

1870 3784 2037 3841 Deum
2066 3785 2522 3855 contemplamur,
2554 3798 2655 3839 nec
2676 3784 2819 3849 visu,
2856 3799 2961 3839 nec
2990 3784 3204 3848 auditu,
3254 3799 3431 3855 quan-

1870 3886 1983 3930 tum
2020 3879 2071 3931 in
2112 3894 2171 3933 se
2227 3871 2344 3939 est,
2388 3876 2628 3946 indiget;
2682 3891 2860 3946 neque
2898 3885 3162 3931 consueta
3200 3874 3435 3946 quadam

1871 3969 2361 4039 comprehensione
2382 3966 2859 4035 intellectioneque
2887 3966 3216 4036 percipitur;
3245 3966 3440 4019 oculus

1870 4059 2014 4113 enim
2053 4072 2161 4110 non
2205 4056 2360 4120 vidit,
2404 4070 2505 4109 nec
2558 4056 2707 4109 auris
2730 4054 3159 4111 audivit“:non
3179 4062 3264 4109 est
3292 4053 3436 4109 enim

1872 4149 2168 4220 quidquam
2200 4162 2410 4211 eorum,
2448 4162 2570 4217 quae
2623 4147 2679 4201 in
2722 4161 2820 4201 cor
2862 4144 3100 4199 hominis
3144 4143 3441 4199 ascendere

1874 4249 2296 4299 consueverunt.
2339 4238 2518 4306 Quare
2543 4246 2779 4310 oportet.
2810 4239 2856 4293 si
2897 4237 3025 4308 quis
3073 4235 3141 4290 ad
3192 4243 3441 4292 contem-

1881 4336 2177 4406 plationem
2206 4333 2329 4404 ejus
2362 4331 2625 4388 accedere
2642 4331 2791 4396 velit,
2828 4331 2898 4385 ab
2919 4328 3069 4385 omni
3105 4327 3353 4384 sensuali
3388 4333 3443 4382 et

1876 4428 2180 4484 irrationali
2221 4434 2375 4481 motu
2420 4435 2656 4481 mentem
2714 4440 2870 4480 suam
2908 4422 3315 4493 permundare;
3377 4434 3443 4476 ac

212 4535 359 4581 σεως,
412 4520 473 4573 τὸ
527 4517 650 4571 κατ’
704 4516 953 4588 αἴσθησιν
996 4516 1163 4586 μόνην
1190 4514 1311 4585 δίχα
1347 4514 1584 4580 διανοίας
1627 4517 1759 4569 οἰκο-

1877 4520 1950 4574 ita
1975 4534 2100 4573 cum
2136 4532 2353 4572 omnem
2385 4517 2701 4587 opinionem
2735 4530 2856 4586 quae
2888 4531 2951 4569 ex
2986 4514 3238 4569 sensibus
3277 4512 3444 4583 origi-

209 4609 504 4679 νομεῖσθαι.
552 4608 805 4663 Ἐκείνων
856 4608 1179 4679 καθηγεῖται
1240 4609 1275 4679 ἡ
1320 4608 1543 4680 ὅρασις,
1588 4609 1682 4662 καὶ
1738 4609 1772 4680 ἡ

210 4704 340 4774 ἀκοὴ
383 4703 650 4766 πολλάκις
714 4701 849 4774 πρός
913 4719 966 4753 τι
1015 4702 1113 4773 τὴν
1174 4702 1350 4774 ὁρμὴν
1422 4703 1772 4773 παρεκίνησε.

212 4793 314 4846 Καὶ
344 4794 411 4846 τά
444 4794 583 4848 ἀλλα
614 4792 813 4854 πάντα,
838 4792 903 4845 δι’
939 4786 1012 4845 ὧν
1042 4793 1317 4863 ἐνεργὸςὴ
1346 4792 1595 4863 αἴσθησις
1628 4794 1776 4861 γίνε-

1876 4628 1999 4667 nem
2022 4610 2235 4675 habeat,
2284 4624 2353 4664 ex
2392 4617 2576 4664 mente
2611 4607 2965 4671 abstruserit,
3012 4604 3443 4660 consuetudine-

1875 4721 1982 4776 que
2014 4703 2267 4772 conjugis
2301 4716 2415 4757 suae
2447 4701 2688 4757 caruerit
2743 4699 2970 4768 (conjux
3016 4713 3146 4752 vero
3186 4696 3275 4750 hic
3315 4711 3443 4752 sen—

1878 4815 1973 4855 sus
2007 4796 2354 4867 intelligitur,
2379 4795 2471 4866 qui
2502 4793 2832 4862 conjunctus
2863 4798 3075 4844 naturae
3116 4797 3317 4844 nostra:
3346 4805 3445 4844 no-

212 4905 314 4951 ται,
364 4886 572 4957 πολλὴν
617 4888 673 4938 ὲν
704 4889 814 4949 τοῖς
847 4886 1058 4954 ἀλόγοις
1098 4885 1210 4955 ἔχει
1245 4885 1345 4957 τὴν
1373 4884 1575 4956 χώραν.
1613 4886 1677 4939 Ἦ
1718 4886 1759 4938 δί

1877 4890 2089 4945 biscum
2116 4886 2326 4941 habitat
2369 4881 2538 4955 ),hac
2573 4884 2739 4955 igitur
2760 4898 2883 4937 cum
2925 4882 3185 4945 caruerit,
3226 4882 3306 4935 sic
3347 4881 3443 4934 de-

209 4979 297 5033 τοῦ
323 4982 460 5034 Θεοῦ
486 4979 708 5050 θεωρία,
735 4977 858 5030 οὔτε
886 4977 1026 5029 κατὰ
1044 4978 1103 5030 τὸ
1135 4981 1475 5047 φαινόμενον,
1493 4978 1615 5033 οὔτε
1637 4980 1759 5034 κατέ

1884 4982 2049 5050 nique
2073 4978 2272 5048 poterit
2300 4976 2368 5031 ad
2397 4981 2636 5029 montem
2668 4973 2950 5030 accedere.

206 5076 264 5133 τὸ
308 5077 646 5146 ἀκουόμενον
696 5076 991 5145 ἐνεργεῖται
1016 5112 1031 5136 ,
1085 5071 1207 5126 οὗτε
1265 5075 1371 5126 τινὶ
1416 5074 1522 5127 τῶν
1578 5076 1818 5147 συνήθων
1859 5074 2143 5146 νοημάτων
2185 5069 2685 5139 καταλαμϐάνεται·
2742 5067 2864 5121 οὔτε
2912 5066 3018 5137 γὰρ
3049 5065 3322 5136 ὀφθαλμὸς
3374 5060 3449 5117 εῖ-

208 5172 309 5240 δεν,
348 5172 475 5227 οὔτε
525 5167 616 5235 οὖς
657 5171 920 5241 ἤκουσεν,
969 5168 1093 5224 οὕτε
1145 5187 1197 5222 τι
1234 5170 1342 5223 τῶν
1375 5171 1467 5224 ἐπὶ
1514 5171 1740 5243 καρδίαν
1790 5169 2077 5243 ἀνθρώπου
2123 5166 2366 5237 συνήθως
2404 5164 2800 5219 ἀναϐαινόντων
2823 5161 2988 5219 ἐστίν.
3036 5160 3196 5214 Ἀλλά
3223 5156 3328 5229 χρὴ
3358 5156 3449 5209 τὸν

213 5270 475 5341 μέλλοντα
526 5266 870 5338 προσϐαίνειν
911 5269 977 5338 τῇ
1010 5265 1118 5319 τῶν
1158 5265 1375 5337 ὑψηλῶν
1421 5269 1764 5340 κατανοήσει,
1814 5268 1994 5337 πάσης
2043 5262 2362 5335 αἱσθητικῆς
2414 5278 2472 5314 τε
2514 5260 2607 5317 καὶ
2631 5259 2843 5328 ἀλόγου
2874 5258 3138 5329 κινήσεως
3175 5252 3451 5325 προκαθᾶ-

213 5379 296 5415 οαι
322 5360 415 5415 τὸν
440 5358 665 5429 τρόπον,
703 5360 794 5413 καὶ
820 5360 995 5412 πᾶσαν
1020 5358 1200 5423 δόξαν,
1244 5358 1341 5430 τὴν
1374 5360 1437 5412 ὲκ
1484 5360 1803 5432 προλήψεὼς
1859 5376 2000 5422 τινος
2028 5355 2420 5427 γεγενημένην,
2472 5352 2572 5422 τῆς
2614 5350 2848 5415 διανοίας
2874 5350 3233 5410 έκπλύναντα,
3266 5349 3365 5417 τῆς
3393 5364 3451 5399 τε

217 5451 475 5523 συνήθους
520 5450 731 5521 ὁμιλίας
771 5449 1106 5521 χωρισθέντα
1145 5450 1243 5521 τῆς
1288 5451 1422 5522 πρὸς
1468 5451 1568 5523 τὴν
1605 5452 1741 5506 ἰδίαν
1785 5453 2048 5513 σύνοικον,
2094 5448 2358 5509 τουτέστι,
2401 5446 2499 5515 τὴν
2549 5443 2819 5514 αἴσθησιν,
2854 5445 2887 5513 ὴ
2937 5441 3141 5511 συζυγή
3181 5455 3296 5501 πως
3334 5436 3454 5491 ἐστὶ

212 5547 271 5617 τῇ
297 5545 552 5615 ἡμετέρα
580 5544 736 5613 φύσει
766 5545 859 5598 καὶ
886 5544 1128 5608 σύνοικος
1147 5562 1160 5576 ·
1194 5546 1289 5599 καὶ
1316 5546 1519 5618 ταύτης
1546 5547 1781 5619 καθαρὸν
1818 5548 2127 5620 γενόμενον,
2165 5543 2306 5597 οῦτω
2339 5539 2744 5611 κατατολμῆσαι
2770 5537 2863 5591 τοῦ
2888 5538 3064 5608 ὅρους.

286 5642 452 5705 Ὄρος
469 5638 579 5709 γάρ
597 5640 742 5692 ἐστιν
758 5640 981 5702 ἄναντες
994 5640 1068 5702 ὼς
1087 5639 1412 5714 άληθῶςθκαὶ
1430 5643 1759 5717 δυσπρόσιτα

1962 5642 2117 5700 Mons
2160 5646 2336 5697 autem
2375 5637 2580 5694 arduus
2634 5650 2761 5694 vere
2810 5649 2875 5689 ac
2928 5645 3155 5688 accessu
3197 5628 3450 5692 diﬂicilis.

287 5825 326 5856 δ’
369 5824 479 5881 lsa.
516 5840 658 5892 utv,
682 5826 745 5892 4;
781 5822 798 5877 ι
830 5824 954 5880 Cor.
991 5841 1050 5890 ll,
1082 5824 1134 5881 9.
