3982 6468
609 345 713 404 375

1831 355 1885 410 S.
1925 351 2246 410 GREGORII
2285 305 2574 416 NYSSED/il

3685 389 3768 450 3'16

607 461 900 536 ’l‘beologia
953 473 1072 537 est;
1104 467 1264 538 cujus
1311 471 1402 528 vix
1447 474 1740 530 multitudo
1813 479 1881 532 ad
1949 479 2112 535 radic:

2213 478 2236 534 ι
2261 480 2294 547 ἡ
2319 479 2584 550 θεολογία,
2599 477 2668 554 ἧς
2685 483 2836 554 μόλις
2849 487 2878 538 ὁ
2903 485 3066 552 πολὺς
3079 487 3212 554 λεὼς
3227 490 3330 563 τὴν
3349 493 3608 568 ὑπώρειαν
3619 507 3764 575 φθάνει

607 557 892 624 pervenire
923 567 1122 628 potest.
1153 559 1210 616 Si
1257 563 1381 632 quis
1411 579 1553 620 -vero
1596 565 1773 623 Moses
1831 569 2013 636 fuerit,
2035 587 2112 626 Clll

607 646 766 670 ..1.3---
820 649 1126 670 Δ....-.1...ς.
1290 665 1301 670 -
1375 657 1407 670 ι.
1569 659 1582 670 .
1787 663 1799 670 .

2267 571 2338 640 (εί
2357 571 2412 625 δέ
2439 591 2522 636 τις
2543 576 2780 646 Μωῦσῆς
2803 579 2910 649 εἴη,
2935 579 3146 647 γένοιτο
3166 581 3232 635 ἂν
3263 557 3358 638 καὶ
3376 557 3582 661 ἐπὶ-τῆς

603 646 767 704 altius
817 649 1152 714 ascenderit.
1215 657 1414 723 poterit
1463 659 1676 715 sonitus
1724 663 1974 718 tubarum
2017 665 2159 719 auri-

2265 663 2456 734 χωρῶν
2481 669 2545 736 τῇ
2575 667 2708 738 ἀκοῇ
2731 669 2832 731 τὰς
2861 670 2966 724 τῶν
2995 672 3310 742 σαλπίγγων
3341 678 3542 746 φωνὰς,
3563 683 3620 749 ἃς
3640 663 3764 762 φησιιᾲ

599 738 703 794 bus
733 742 957 806 sentire,
981 759 1118 814 quas
1147 756 1337 802 narrat
1381 751 1610 806 historia
1651 755 1996 822 procedendo
2041 757 2106 811 lie

602 827 852 854 l'....a:-_--
919 831 1010 854 l1.-.
1062 847 1146 854 _,,-
1204 853 1207 854 ,
1286 852 1293 854 _
1343 841 1358 854 ι

2261 757 2290 808 ό
2309 757 2401 826 τῆς
2423 758 2658 829 ἱστορίας
2676 761 2852 830 λόγος,
2880 738 3228 838 ἰσχυροτέρας
3247 769 3304 821 ὲν
3319 738 3397 840 rip
3423 738 3770 854 xpetunt”.

601 827 876 886 fortiores.
918 831 1014 890 Est
1057 847 1238 893 autem
1281 841 1432 904 tuba,
1472 859 1576 896 non
1629 860 1853 913 parvum
1879 856 2112 916 stuporel

2260 847 2462 917 νεσθαι)
2473 861 2488 876 '
2505 827 2718 920 ἀληθῶς
2735 827 2966 925 σάλπιγξ
3024 827 3318 930 τὴν-ἀκοὴν
3347 827 3764 940 καταπλήττοόσζ,

597 934 692 988 per
737 923 980 978 auditum
1033 927 1272 986 elliciens
1321 939 1531 989 naturae
1573 935 1772 992 divinae
1811 938 2145 1008 pmdicatio,

597 1026 848 1082 magnum
877 1019 1093 1086 quidem
1117 1023 1300 1076 statim
1329 1025 1396 1079 ab
1421 1027 1580 1081 initio
1609 1044 1834 1096 sonans,
1855 1031 2027 1102 magis
2053 1049 2152 1087 au-

2256 939 2318 993 τὸ
2351 943 2477 1012 περὶ
2517 946 2618 1014 τῆς
2661 944 2810 1010 θείας
2845 947 3058 1016 φύσεως
3111 952 3390 1024 κήρυγμα,
3425 956 3562 1026 μέγα
3597 963 3678 1032 μὲν
3695 971 3770 1024 καὶ

2257 1038 2406 1106 παρὰ
2433 1037 2528 1107 τὴν
2563 1038 2787 1110 πρώτην
2819 1042 3160 1113 φαινόμενον,
3191 1045 3376 1115 μεῖζον
3400 1048 3456 1102 δὲ
3489 1054 3575 1106 καὶ
3607 1059 3768 1124 μᾶλλον

593 1109 700 1158 tem
733 1114 898 1174 atque
923 1112 1096 1182 magis
1131 1115 1185 1168 in
1215 1115 1420 1172 ultimis
1467 1119 1747 1186 intonans,
1785 1121 2031 1180 Insonuit
2061 1127 2110 1181 lc

2253 1128 2354 1196 τῆς
2421 1129 2592 1198 ἀκοῆς
2649 1109 3106 1204 καθικνούμενον,
3183 1109 3242 1188 έν
3297 1141 3408 1203 τοῖς
3467 1109 3764 1218 τελευταίοις.

589 1203 645 1248 ct
697 1200 974 1267 propheta:
1025 1201 1270 1260 divinum
1317 1208 1719 1270 incarnationis
1779 1219 2144 1288 mysterium;

2254 1216 2574 1273 Ἐσάλπισεν
2592 1221 2620 1274 ό
2647 1221 2810 1293 νόμος
2830 1224 2924 1278 καὶ
2939 1227 2986 1278 οἱ
3009 1226 3282 1299 προφῆται
3301 1231 3362 1282 τὸ
3389 1226 3526 1286 θεῖον
3549 1237 3638 1307 τῆς
3658 1216 3768 1299 κατᾷ

590 1286 683 1342 sed
710 1287 1092 1350 imbecilliores
1119 1305 1276 1352 erant
1307 1299 1410 1356 illa;
1441 1303 1630 1371 primae
1654 1321 1838 1373 voces,
1889 1326 2050 1377 quam
2093 1329 2112 1365 ι]

590 1389 806 1404 ἰιι-ιιι.-.
849 1381 1007 1404 Δ-----
1041 1401 1142 1404 --νη
1443 1393 1458 1404 ι
1531 1395 1563 1404 ..
1702 1397 1754 1404 --
1795 1399 1808 1404 -
1941 1397 1965 1404 ..
2027 1403 2036 1404 κ

2250 1309 2533 1380 ἄνθρωπον
2564 1286 2872 1386 οἰκονομίας
2914 1286 3238 1392 μυστηριον·
3279 1323 3394 1376 ἀλλ’
3431 1286 3765 1404 deder-gitis};

588 1389 812 1446 possent
845 1381 1010 1440 duros
1032 1401 1396 1446 commovere.
1428 1393 1660 1452 Auditus
1702 1397 1909 1454 idcirco
1935 1397 2149 1456 Iudam-

587 1485 707 1526 rum
766 1475 1007 1534 surditas
1066 1481 1319 1538 tubarum
1373 1499 1568 1541 sonum
1619 1491 1843 1546 minime
1884 1495 2144 1564 suscepit,

587 1563 684 1618 sed
743 1569 1128 1637 prophetarum
1181 1575 1323 1630 tubae
1357 1578 1618 1648 paulatim
1665 1586 2024 1652 procedentes
2052 1563 2147 1643 iso-

583 1657 809 1714 nantius
834 1661 1173 1719 cecinerunt.
1201 1663 1334 1720 Nam
1362 1669 1568 1726 ultima:
1599 1689 1764 1730 voces
1793 1693 1914 1746 qua:
1957 1676 2140 1734 Evano

2245 1395 2386 1472 ἦσαν
2427 1405 2483 1456 αἱ
2523 1407 2734 1475 πρῶται
2777 1411 2973 1477 φωναὶ,
3017 1411 3051 1483 ἢ
3101 1411 3242 1468 ὥστε
3294 1415 3650 1476 καθικνεῖσθαι

2245 1494 2500 1559 ἀπειθοῦς
2528 1500 2713 1568 ἀκοῆς.
2741 1500 2831 1554 Διὸ
2859 1505 2892 1573 ἠ
2927 1501 3226 1575 βαρυηκοΐα
3253 1507 3364 1560 τῶν
3391 1508 3663 1579 Ἰουδαίων,
3685 1494 3762 1590 την

2247 1586 2436 1662 φωνὴν,
2455 1587 2562 1642 τῶν
2593 1591 2910 1662 σαλπίγγων
2945 1595 3006 1648 οὐ
3039 1599 3390 1668 παρεδέξατο.
3415 1586 3766 1672 Προϐαίνουσαι

2242 1679 2299 1732 δὲ
2323 1722 2339 1747 ,
2382 1681 2560 1747 καθώς
2608 1701 2774 1755 φησιν
2803 1687 2832 1740 ό
2879 1687 3054 1756 λόγος,
3100 1693 3158 1744 αἱ
3211 1693 3527 1764 σάλπιγγες,
3563 1698 3768 1768 ἐγένοντο

579 1748 752 1817 gelica
789 1749 1177 1819 praedicatione
1210 1757 1370 1814 facta:
1394 1769 1546 1823 sunt.
1596 1765 1849 1820 auditum
1893 1786 2105 1824 comma

579 1849 774 1872 uolt-In.
833 1846 1028 1872 ιονιξ-ξι.-
1059 1849 1137 1872 ...2,-
1163 1866 1256 1872 ..-ρ
1295 1867 1447 1872 _.____,,
1474 1869 1489 1872 -
1599 1857 1612 1872 I
1803 1861 1836 1872 --
1957 1863 1969 1872 ι

2213 1830 2216 1863 ὲ
2247 1772 2602 1846 ἰσχυρότεραι.
2620 1748 2632 1754 ⁹
2657 1748 2722 1830 At
2767 1777 2876 1850 γὰρ
2921 1748 3223 1838 τελευταῖαι
3267 1748 3446 1853 φωναὶ
3485 1748 3770 1852 3513...;

579 1849 795 1906 verunt,
832 1846 1028 1914 Spiritu
1057 1849 1138 1902 sic
1163 1866 1256 1917 per
1289 1867 1498 1922 organa
1530 1857 1908 1916 vehementius
1957 1863 2010 1916 in
2046 1880 2141 1933 po-

577 1929 902 1989 sterioribus
938 1935 1243 1995 intonante.
1265 1940 1480 2014 Organa
1512 1959 1645 2000 vero
1667 1963 1730 2002 ac
1759 1949 2133 2008 instrumenta

575 2033 742 2074 unum
777 2039 971 2080 sonum
1006 2029 1348 2098 spiritualem
1388 2035 1632 2101 edcntia,
1667 2041 1948 2110 propheta:
1973 2052 2139 2110 atque

573 2113 812 2181 apostoli
856 2125 989 2172 sunt
1047 2137 1330 2190 :quorum
1375 2141 1568 2192 sonus,
1613 2139 1672 2184 ut
1715 2131 2006 2190 Psalmista
2055 2136 2138 2190 di-

571 2199 667 2262 cit,
688 2201 756 2258 in
787 2217 1002 2260 omnem
1037 2217 1234 2263 terram
1249 2212 1438 2279 exivit,
1459 2223 1512 2269 et
1537 2217 1590 2270 in
1628 2217 1761 2275 ﬁnes
1789 2222 1940 2278 orbis
1973 2231 2134 2281 terrae

571 2293 735 2348 verba
761 2298 1035 2352 eorum“.
1073 2299 1229 2367 Quod
1255 2319 1386 2360 vero
1421 2307 1724 2364 multitudo
1745 2327 1934 2368 vocem
1971 2315 2119 2370 illam

570 2385 760 2442 audire
823 2404 932 2444 non
969 2393 1168 2460 potuit,
1231 2395 1330 2451 sed
1377 2401 1654 2455 commisit
1693 2401 1888 2475 Moysi,
1935 2408 2134 2476 utipse

569 2491 665 2542 per
691 2491 750 2530 se
773 2476 950 2546 ipsum
1004 2491 1215 2538 secreta
1258 2486 1351 2540 illa
1387 2489 1712 2558 perciperet,
1757 2495 2130 2566 populumque

567 2577 756 2636 postea
799 2569 1044 2636 doceret,
1099 2589 1443 2647 quaecunque
1497 2581 1682 2637 divina
1743 2587 1991 2642 doctrina
2045 2591 2130 2643 di-

564 2659 785 2726 dicerit,
822 2662 874 2717 id
910 2680 1131 2736 quoque
1161 2668 1215 2722 in
1243 2668 1486 2727 Ecclesia
1513 2674 1624 2729 ﬂeri
1654 2685 1824 2732 totum
1847 2681 2124 2748 videmus;

563 2765 678 2805 non
731 2753 876 2808 enim
927 2760 1266 2828 permittitur
1325 2765 1581 2821 omnibus
1631 2769 1695 2822 ad
1739 2771 2123 2841 mysteriorum

560 2844 926 2911 cognitionem
957 2849 1176 2919 seipsos
1207 2853 1509 2919 intrudere.
1549 2859 1644 2914 sed
1680 2861 1900 2932 eligitur
1927 2881 2068 2920 imus
2095 2883 2126 2922 ο

559 2933 748 2990 multis
794 2936 1107 2996 divinarum
1155 2959 1339 3000 rerum
1373 2963 1563 3019 capax,
1595 2953 1684 3006 cui
1721 2955 1908 3010 caeteri
1964 2957 2124 3011 audi-

555 3028 672 3076 tum
700 3039 823 3080 cum
857 3029 1174 3088 obedientia-
1215 3039 1515 3106 praebcant,
1575 3043 1710 3098 illud
1753 3046 1856 3101 sibi
1898 3050 2124 3104 creden-

553 3115 684 3170 dum
717 3117 1138 3194 faciendumque
1169 3137 1447 3196 putantes.
1493 3135 1638 3202 quod
1672 3137 1739 3189 ah
1765 3153 1849 3201 eo,
1882 3141 1973 3208 qui
2009 3141 2114 3194 ini-

551 3205 724 3263 tiatus
807 3221 891 3268 est
977 3215 1308 3274 audiverim.
1377 3221 1539 3278 «Non
1600 3243 1812 3290 onmes.
1849 3249 1866 3282 ι
1915 3231 2113 3302 inquit,

558 3311 578 3346 ι
629 3298 860 3364 “apostoli
900 3309 1060 3370 sunt,
1115 3321 1216 3361 nec
1263 3311 1542 3380 prophetze
1577 3331 1768 3373 omnes
1788 3320 1872 3375 ‘3:
1913 3341 1932 3374 ι
1971 3298 2116 3392 quod

549 3384 712 3443 hodie
766 3389 820 3444 in
879 3395 1064 3452 multis
1095 3396 1360 3458 Ecclesiis
1411 3421 1600 3474 parum
1662 3423 1934 3471 servatur.
1981 3384 2113 3473 fiam

549 3481 706 3534 multi
741 3498 866 3536 cum
899 3485 1081 3542 adhuc
1132 3493 1336 3560 prioris
1378 3497 1501 3551 vitae
1547 3504 1812 3558 maculam
1861 3523 1970 3562 non
2017 3509 2112 3564 ab-

549 3574 877 3634 sterserint.
943 3578 1048 3646 ipsi
1106 3581 1282 3650 illoti,
1335 3603 1398 3640 ac
1433 3593 1653 3646 'amictu
1711 3598 1832 3652 vitae
1887 3601 2110 3656 sordido

547 3673 790 3730 utentes,
831 3667 1199 3730 irrationalem
1249 3693 1472 3734 sensum
1533 3685 1584 3738 in
1627 3690 1882 3746 omnibus
1936 3695 2107 3763 pluris

545 3756 830 3822 facientes.
865 3761 1111 3819 divinum
1148 3767 1292 3824 hunc
1321 3786 1608 3828 ascensum
1644 3793 1836 3848 rapere
1879 3786 2102 3855 audent,

543 3847 688 3936 unde
732 3849 834 3920 ipsi
887 3854 1004 3909 suis
1037 3857 1462 3928 cogitationibus
1509 3847 1908 3936 lapidahuntur.
1968 3847 2100 3933 Nam

541 3923 922 4000 luereticorum
945 3923 1233 4019 opiniones
1271 3955 1479 4025 lapides
1506 3961 1726 4028 quidem
1761 3975 1910 4028 sunt,
1976 3972 2102 4039 qui-

538 4035 644 4089 bus
683 4053 976 4106 pravorum
1039 4042 1355 4104 inventores
1404 4049 1722 4122 dogmatum
1769 4057 2097 4119 obruuntur.

536 4123 678 4192 Quid
711 4139 888 4186 autem
919 4134 1211 4204 signiﬁcat,
1258 4141 1402 4209 quod
1442 4143 1494 4196 in
1531 4147 1820 4218 caliginem
1852 4155 2093 4225 seipsum

536 4220 691 4288 prius
723 4221 936 4294 Moyses
967 4226 1286 4295 intromisit,
1335 4234 1534 4292 deinde
1567 4237 1618 4292 in
1654 4255 1718 4294 ea
1755 4220 1952 4300 Deum—
1977 4265 2099 4318 pro-

533 4313 752 4382 spexit?
785 4315 1130 4374 Contrarium
1169 4324 1314 4377 enim
1358 4327 1410 4381 id
1441 4331 1842 4398 quodammodo
1881 4313 2098 4398 videtur

529 4402 718 4470 primae
750 4404 946 4460 ι’ίείοηί
980 4426 994 4462 :
1027 4423 1152 4464 nam
1181 4419 1313 4468 tunc
1353 4415 1407 4470 in
1431 4417 1574 4484 luce,
1599 4439 1745 4479 nunc
1767 4428 1820 4481 in
1857 4433 2092 4499 caligine

2243 1865 2628 1935 εὐαγγελικῶν-
2661 1873 3033 1943 κηρυγμάτων
3083 1880 3479 1950 γεγενημέναι,
3526 1886 3768 1944 καθίκοντο

2239 1957 2338 2027 τῆς
2367 1961 2536 2032 ἀκοῆς
2554 1977 2567 1990 ·
2597 1960 2736 2017 οὕτω
2765 1963 2858 2018 τοῦ
2892 1966 3200 2038 πνεύματος
3227 1969 3348 2044 [τῷ]
3381 1973 3472 2028 διὰ
3499 1977 3606 2030 τῶν
3633 1979 3769 2051 ὀργά-

2239 2067 2343 2103 νων
2375 2052 2631 2121 ἠχοῦντος
2655 2058 3024 2130 γενναιότερον
3064 2062 3121 2115 ὲν
3144 2064 3254 2127 τοῖς
3284 2065 3506 2137 ἑφεξῆς.
3537 2070 3622 2122 καὶ
3643 2073 3766 2127 εὐτο-

2237 2139 2468 2212 νώτερον
2499 2147 2816 2218 ποιουμένου
2846 2147 2935 2203 τὸν
2954 2145 3104 2222 ἦχον.
3135 2155 3379 2224 Ὄργανα
3408 2157 3454 2210 δ’
3483 2157 3548 2212 ἃν
3575 2156 3673 2215 εῐεν
3697 2164 3770 2218 ἕνα

2235 2236 2603 2301 πνευματικὸν
2637 2241 2870 2312 φθόγγον
2917 2245 3172 2316 ἠχοῦντα,
3219 2251 3496 2321 προφῆται
3539 2253 3627 2306 καὶ
3658 2257 3766 2309 ἀπό.

2235 2325 2408 2378 στολοι
2426 2343 2438 2356 '
2482 2321 2578 2392 ὧν,
2606 2330 2786 2394 καθώς
2818 2335 2980 2404 φησιν
3003 2335 3036 2406 ἡ
3063 2335 3366 2417 ψαλμῳδία,
3393 2342 3478 2404 εἰς
3505 2344 3674 2397 πᾶσαν
3693 2345 3771 2417 τὴν

2233 2417 2332 2486 γῆν
2383 2417 2601 2490 ὲξῆλθεν
2633 2423 2662 2475 ὁ
2694 2423 2927 2494 φθόγγος
2973 2427 3168 2492 αὐτῶν,
3203 2431 3299 2484 καὶ
3335 2413 3427 2495 ἐίς
3485 2435 3553 2488 τὰ
3590 2413 3770 2508 πέρατα

2229 2507 2328 2578 τῆς
2355 2512 2676 2584 οἰκουμένης
2701 2517 2769 2570 τὰ
2800 2517 3018 2588 ῥήματα
3042 2521 3237 2576 αὐτῶν.
3279 2525 3344 2577 Εἰ
3373 2525 3432 2578 δὲ
3465 2527 3526 2580 οὐ
3559 2507 3772 2600 χωρεῐτδ

2230 2597 2432 2671 πλῆθος
2465 2604 2562 2676 τὴν
2589 2605 2794 2662 ἄνωθεν
2821 2611 3110 2683 γινομένην
3132 2616 3334 2686 φωνὴν,
3367 2616 3488 2670 ἀλλ’
3519 2597 3768 2692 ἐπιτρέπει

2226 2693 2304 2763 τῷ
2342 2697 2582 2762 Μωῦσεῖ,
2612 2701 2815 2768 γνῶναι
2863 2703 2960 2774 μὲν
2989 2707 3054 2758 δι’
3088 2707 3251 2761 αὑτοῦ
3281 2711 3348 2763 τὰ
3385 2711 3686 2784 ἀπόρρητα,
3711 2715 3773 2768 δι-

2225 2787 2379 2853 δάξαι
2417 2789 2474 2843 δὲ
2519 2791 2608 2844 τὸν
2636 2793 2780 2858 λαδν,
2827 2797 2962 2867 ὅπερ
2994 2798 3060 2852 ἂν
3086 2797 3172 2852 διὰ
3195 2803 3292 2871 τῆς
3316 2803 3528 2862 ἄνωθεν
3551 2805 3772 2859 διδασκα-

2224 2877 2342 2943 λίας
2363 2881 2498 2953 τύχῃ
2527 2883 2710 2952 μαθὼν
2738 2885 2931 2955 δόγμα,
2954 2889 3046 2941 καὶ
3069 2891 3228 2944 τοῦτο
3255 2891 3362 2946 τῶν
3393 2895 3540 2947 κατὰ
3563 2897 3770 2966 τὴνἜκ-

2223 2971 2446 3042 κλησίαν
2489 2973 2868 3047 διοικουμένων
2913 2981 3026 3034 ὲστί
3050 2997 3065 3011 ·
3115 2981 3175 3034 τὸ
3201 2983 3274 3054 μὴ
3324 2985 3540 3050 πάντας
3574 2987 3770 3050 ἑαυτοὺς

2221 3065 2463 3118 είσωθεῖν
2502 3067 2636 3138 πρὸς
2675 3071 2774 3140 τὴν
2816 3070 2924 3124 τῶν
2967 3079 3280 3146 μυστηρίων
3321 3078 3646 3149 κατάληψιν,
3676 3081 3770 3135 ἀλλ’

2145 3176 2188 3234 C
2219 3153 2571 3220 ὲπιλέξαντας
2599 3157 2656 3224 ἐξ
2688 3159 2895 3214 ἑαυτῶν
2923 3163 3014 3216 τὸν
3049 3165 3292 3236 χωρῆσαι
3318 3167 3386 3220 τὰ
3415 3168 3542 3222 θεῖα
3565 3171 3767 3240 δυνάμε-

2219 3261 2338 3310 νον,
2371 3247 2564 3319 ὲκείνῳ
2599 3250 2696 3320 τὴν
2726 3252 2892 3323 ἀκοὴν
2925 3254 3280 3326 εὐγνωμόνως
3325 3260 3573 3330 ὑπέχειν,
3603 3262 3772 3316 πιστὺν

2215 3339 2546 3411 ἡγουμένους
2561 3343 2723 3409 ἆπαν,
2743 3345 2932 3418 ὅτιπερ
2951 3345 3016 3401 ἂν
3037 3351 3187 3420 παρὰ
3205 3349 3297 3405 τοῦ
3319 3353 3386 3406 τὰ
3409 3355 3532 3408 θεῖα
3557 3356 3768 3426 μυηθέν-

2213 3448 2304 3494 τος
2327 3433 2648 3490 ἀκούσωσιν.
2667 3455 2687 3488 ι
2711 3438 2785 3491 οὐ
2807 3439 3002 3504 πάντες
3022 3443 3149 3514 γὰρ,
3179 3463 3196 3495 ι
3221 3445 3402 3514 φησὶν,
3434 3467 3454 3498 ι
3479 3449 3768 3509 ἀπόστολοι,

2211 3522 2330 3576 οὐδὲ
2357 3524 2553 3590 πάντες
2579 3529 2917 3614 προφῆται..)
2945 3533 3111 3588 Τοῦτο
3134 3535 3189 3588 δὲ
3213 3538 3310 3589 οὐκ
3331 3537 3450 3591 ἔστι
3473 3539 3570 3592 νῦν
3589 3535 3646 3594 ἐν
3668 3545 3770 3604 ταῖς

2211 3612 2428 3677 πολλαϊς
2459 3616 2565 3669 τῶν
2609 3612 2941 3691 Ἐκκλησιῶν
2981 3625 3404 3698 φυλασσόμενον.
3455 3631 3644 3684 Πολλοῖ
3673 3633 3768 3704 γὰρ

2209 3705 2520 3777 καθαρσίων
2559 3708 2636 3762 ἔτι
2665 3713 2729 3764 ἐκ
2763 3713 2872 3766 τῶν
2917 3715 3260 3787 βεϐιωμένων
3298 3722 3488 3784 αὐτοῖς
3519 3723 3764 3794 δεόμενοι.

2207 3795 2429 3850 ἄπλυτοι
2459 3817 2604 3864 τινες
2641 3803 2733 3856 καὶ
2765 3807 3228 3878 κατεσπιλωμένοι
3259 3815 3323 3882 τῇ
3353 3812 3452 3865 τοῦ
3477 3815 3596 3884 βίου
3625 3833 3760 3886 περι-

2205 3885 2356 3959 ϐολῇ,
2395 3891 2494 3962 τὴν
2525 3892 2716 3962 ἄλογον
2743 3897 2991 3968 αἴσθησιν
3015 3901 3191 3954 αὐτῶν
3229 3905 3650 3977 προσαλὸμενοι,
3679 3885 3766 3978 τῆς

2203 3977 2351 4043 θείας
2387 3981 2573 4036 ἀνόδου
2625 3989 3066 4060 κατατολμῶσιν,
3118 3993 3240 4048 ὃθεν
3283 3996 3442 4050 αὐτοὶ
3485 4001 3604 4062 τοῖς
3632 3998 3764 4061 ιδεοις

2200 4071 2380 4124 αὐτῶν
2428 4071 2705 4147 λογισμοῖς
2741 4082 3216 4140 κατασαλεύονται.
3262 4087 3329 4139 Ai
3359 4089 3478 4161 γὰρ
3509 4093 3766 4162 αἱρετικαὶ

2201 4159 2515 4233 ὑπολήψεις,
2547 4165 2678 4220 λίθοι
2708 4169 2852 4232 τινὲς
2883 4173 3120 4242 ἀτεχνῶς
3142 4175 3278 4229 εἰσιν
3299 4159 3468 4232 αὑτὸν
3499 4159 3594 4233 τὸν
3625 4181 3764 4250 εὕρεο

2199 4251 2295 4323 τὴν
2327 4255 2435 4309 τῶν
2458 4259 2710 4328 πονηρῶν
2729 4260 3011 4331 δογμάτων
3045 4269 3514 4337 καταχωννύντες.
3545 4273 3614 4324 Τί
3639 4273 3690 4326 δὲ
3709 4273 3764 4342 δὴ

2201 4345 2444 4414 βούλεται
2465 4349 2530 4402 ’τὸ
2561 4351 2712 4415 ἐντὸς
2741 4353 2836 4406 τοῦ
2863 4357 3061 4424 γνόφου
3101 4361 3354 4427 γενέσθαι
3383 4363 3486 4417 τὸν
3513 4365 3760 4428 Μωῦσέα,

2197 4437 2290 4489 καὶ
2327 4438 2498 4504 οὕτως
2533 4443 2592 4496 ὲν
2627 4443 2774 4516 αὐτῷ
2811 4447 2902 4500 τὸν
2942 4449 3072 4504 Θεὸν
3115 4451 3278 4520 ἰδεϊν;
3347 4453 3636 4512 Ἐναντίον
3671 4457 3764 4526 γὰρ

527 4491 696 4548 Deum
735 4493 899 4552 videt.
931 4495 1036 4554 Sed
1073 4500 1126 4554 id
1159 4517 1380 4574 quoque
1414 4522 1442 4561 a
1472 4511 1614 4566 serie
1655 4521 1932 4590 anagOgici
1962 4521 2090 4578 seu.

528 4601 623 4622 εηε
682 4587 979 4622 enim"-.-
1028 4608 1134 4622 πη..
1215 4604 1470 4622 .....-κ..-ν-
1535 4621 1539 4622 ,
1598 4619 1651 4622 τί
1747 4608 1760 4622 .
2018 4617 2029 4622 -

2406 4491 2496 4504 νη.
2536 4491 2585 4496 --
2630 4491 2771 4516 an...
2821 4491 2897 4500 η.
2946 4491 3069 4504 νυ...
3117 4491 3278 4520 .......,
3361 4491 3636 4512 υνυινιιυν
3681 4491 3762 4526 μμ

2213 4532 2340 4584 ῖοκεί
2373 4551 2489 4596 πως
2515 4531 2652 4590 εἶναι
2676 4539 2740 4608 τῇ
2776 4538 2962 4612 πρώτη
2987 4541 3271 4617 θεοφανεία
3297 4545 3358 4600 τὸ
3392 4549 3498 4602 νῦν
3535 4551 3762 4622 ἱστορούο

527 4601 624 4641 sus
681 4587 980 4646 abhorrere
1027 4608 1134 4648 non
1215 4604 1470 4665 putamus
1530 4621 1544 4657 :
1593 4619 1692 4674 per
1747 4587 1888 4666 hanc
1943 4617 2088 4670 enim

525 4673 900 4737 diversitatem
935 4683 1178 4742 historiae
1201 4673 1650 4765 docemur,quod
1688 4701 1969 4772 religionis
1994 4721 2090 4762 c0-

521 4769 696 4837 gnitio
741 4771 832 4825 lux
895 4785 980 4829 est
1025 4775 1096 4830 ab
1153 4777 1309 4835 initio
1345 4783 1475 4849 illis,
1528 4803 1556 4840 a
1589 4769 2082 4870 quibusvpercepta

519 4869 603 4916 est
637 4865 1030 4933 :quamobrem
1072 4871 1216 4940 quod
1265 4875 1516 4946 religioni
1565 4885 1877 4953 oppositum
1921 4865 2084 4947 intel-

517 4955 757 5032 ligimus,
782 4960 1020 5016 tenebrae
1049 4971 1176 5017 sunt
1196 5005 1210 5028 .
1238 4981 1471 5036 quarum
1519 4971 1772 5043 depulsio
1803 4997 1914 5038 non
1973 4985 2078 5042 nisi

511 5041 656 5104 lucis
694 5050 1117 5121 participatione
1169 5055 1247 5112 ﬁt.
1302 5055 1506 5116 Verum
1548 5041 1700 5125 mens
1737 5071 1975 5132 hominis
2007 5079 2079 5136 ad

509 5145 718 5215 majora
762 5162 977 5217 semper
1022 5157 1076 5204 et
1109 5151 1442 5220 perfectiora
1485 5165 1812 5232 procedens,
1868 5183 2078 5240 quanto

508 5239 684 5309 magis
716 5239 782 5293 ad
819 5239 910 5294 Dei
951 5245 1381 5311 speculationem
1427 5253 1660 5322 accedit,
1699 5265 1849 5316 tanto
1897 5267 2072 5338 magis

2197 4639 2382 4693 μενονο
2417 4628 2538 4680 τότε
2573 4627 2672 4699 μὲν
2703 4630 2810 4702 γὰρ
2853 4634 2910 4686 ἐν
2953 4636 3122 4703 φωτὶ,
3168 4637 3261 4691 νῦν
3289 4639 3347 4692 δὲ
3389 4642 3454 4695 ἐν
3484 4643 3672 4712 γνόφῳ
3713 4643 3764 4692 τ’,

2191 4715 2358 4770 Θεῖον.
2387 4719 2535 4789 Μηδὲ
2582 4721 2736 4774 τοῦτο
2771 4724 2863 4777 τοῦ
2912 4727 3102 4797 είρμοῦ
3131 4730 3236 4782 τῶν
3283 4733 3426 4787 κατὰ
3479 4735 3760 4804 ἀναγωγὴν

2187 4809 2320 4877 ἡμῖν
2359 4809 2737 4882 θεωρηθέντων
2767 4817 2994 4888 ἀπᾴδειν
3043 4821 3368 4891 νομίσωμεν.
3431 4827 3690 4880 Διδάσκει
3711 4826 3760 4878 δὲ

2186 4898 2273 4952 διὰ
2299 4901 2503 4955 τούτων
2533 4903 2561 4956 ό
2590 4903 2764 4974 λόγος,
2799 4909 2934 4978 ὁτιὴ
2969 4912 3168 4978 γνῶσις
3199 4914 3296 4984 τῆς
3328 4915 3629 4980 εὐσεϐείας
3655 4915 3758 4984 φῶς

2187 4991 2394 5060 γίνεται
2429 4997 2577 5068 παρὰ
2602 4998 2698 5070 τὴν
2725 4999 2948 5072 πρώτην
2972 4997 3052 5066 οἷς
3075 5001 3140 5056 ἂν
3173 5005 3482 5078 ἐγγίνηται.
3535 5011 3678 5064 Διότι
3707 5009 3760 5064 τὸ

2188 5085 2247 5149 ἐξ
2268 5087 2514 5153 ἐναντίας
2561 5093 2625 5162 τῇ
2659 5093 2907 5166 εὐσεϐείᾳ
2933 5095 3235 5167 νοούμενον,
3269 5100 3468 5166 σκότος
3513 5103 3694 5156 ἐστίν·
3723 5105 3752 5174 ἠ

2182 5175 2238 5229 δὲ
2277 5178 2590 5251 ἀποστροφὴ
2623 5180 2715 5235 τοῦ
2765 5183 3007 5250 σκότους,
3043 5189 3106 5255 τῇ
3150 5190 3408 5260 μετουσίᾳ
3447 5191 3552 5244 τοῦ
3593 5191 3756 5261 φωτὸς

2178 5267 2407 5336 γίνεται.
2439 5271 2648 5342 Προϊὼν
2692 5275 2746 5328 δὲ
2783 5279 2811 5331 ό
2836 5275 2978 5344 νοῦς,
3011 5282 3104 5334 καὶ
3143 5283 3231 5335 διὰ
3271 5285 3536 5353 μείζονος
3563 5287 3651 5340 ἀεὶ
3671 5285 3754 5336 καὶ

503 5330 793 5399 perspicit.
851 5331 994 5400 quod
1041 5332 1225 5388 divina
1298 5343 1496 5392 natura
1557 5341 1849 5403 invisibilis
1903 5330 2067 5424 atque

505 5421 1080 5494 incomprehensibilis
1126 5435 1230 5479 est.
1283 5425 1420 5482 Nam
1453 5446 1576 5486 cum
1625 5437 1910 5508 reliquerit
1955 5421 2069 5502 non

501 5514 678 5566 solum
708 5515 892 5569 omnia
921 5532 1044 5585 qua:
1075 5533 1239 5574 sensu
1265 5523 1668 5593 percipiuntur,
1694 5547 1880 5588 verum
1902 5539 2068 5595 etiam

499 5613 694 5658 cuncta
727 5621 850 5675 quae
879 5617 1062 5664 mente
1098 5609 1496 5682 inspiciuntur,
1537 5633 1600 5674 ac
1648 5637 1864 5696 semper
1885 5631 1952 5684 ad
1982 5635 2068 5688 in-

2175 5360 2515 5435 τελειοτέρας
2535 5368 2805 5437 προσοχῆς
2821 5369 2878 5420 ὲν
2901 5373 3143 5443 περινοίᾳ
3162 5372 3448 5442 γινόμενος
3467 5375 3576 5445 τῆς
3597 5375 3750 5436 ὅντως

2175 5454 2582 5526 κατανοήσεως,
2635 5457 2744 5530 ὅσῳ
2771 5464 3118 5531 προσεγγίζει
3169 5465 3368 5536 μᾶλλον
3407 5468 3482 5538 τῇ
3531 5468 3748 5538 θεωρίᾳ,

2169 5545 2408 5617 τοσούτῳ
2441 5547 2600 5602 πλέον
2628 5551 2728 5622 ὁρᾷ
2752 5552 2812 5604 τὸ
2847 5552 2948 5622 τῆς
2987 5553 3133 5618 θείας
3159 5555 3370 5624 φύσεως
3405 5559 3745 5630 ἀθεώρητον.

2169 5639 2496 5697 Καταλιπὼν
2516 5643 2624 5716 γὰρ
2647 5647 2755 5700 πᾶν
2777 5645 2837 5699 τὸ
2864 5648 3200 5720 φαινόμενον,
3229 5651 3290 5703 οὐ
3319 5651 3496 5721 μόνον
3529 5655 3632 5706 ὅσα
3655 5669 3744 5706 κα-

560 5781 606 5812 ⁵¹
638 5780 778 5835 Ρλιιι.
823 5801 976 5846 xviii,
1000 5785 1050 5840 5.
1133 5789 1172 5819 ⁸³
1211 5787 1378 5846 lCor.
1411 5809 1482 5860 st,
1517 5795 1600 5850 9.9.
