  <div class='ocr_page' id='page_1' title='image "/cluster/home/n/w/nwhite01/storage/ocr_20150623/44/hvd.32044012542270/198.png"; bbox 0 0 3982 6500; ppageno 0'>
   <div class='ocr_carea' id='block_1_1' title="bbox 253 388 338 442">
    <p class='ocr_par' dir='ltr' id='par_1_1' title="bbox 253 388 338 442">
     <span class='ocr_line' id='line_1_1' title="bbox 253 388 338 442; baseline -0.024 0"><span class='ocrx_word' id='word_1_1' title='bbox 253 388 338 442; x_wconf 74' lang='grc'><strong>577</strong></span> 
     </span>
    </p>
   </div>
   <div class='ocr_carea' id='block_1_2' title="bbox 1534 388 2106 445">
    <p class='ocr_par' dir='ltr' id='par_1_2' title="bbox 1534 388 2106 445">
     <span class='ocr_line' id='line_1_2' title="bbox 1534 388 2106 445; baseline 0 0"><span class='ocrx_word' id='word_1_2' title='bbox 1534 388 1620 445; x_wconf 88' lang='lat' dir='ltr'><strong>DE</strong></span> <span class='ocrx_word' id='word_1_3' title='bbox 1661 388 1812 444; x_wconf 79' lang='lat' dir='ltr'><strong>ViTA</strong></span> <span class='ocrx_word' id='word_1_4' title='bbox 1841 388 2106 445; x_wconf 67' lang='lat' dir='ltr'><strong>MOYSSS.</strong></span> 
     </span>
    </p>
   </div>
   <div class='ocr_carea' id='block_1_3' title="bbox 3366 395 3470 457">
    <p class='ocr_par' dir='ltr' id='par_1_3' title="bbox 3366 395 3470 457">
     <span class='ocr_line' id='line_1_3' title="bbox 3366 395 3470 457; baseline 0.029 -4"><span class='ocrx_word' id='word_1_5' title='bbox 3366 395 3470 457; x_wconf 69' lang='lat'><strong>578</strong></span> 
     </span>
    </p>
   </div>
   <div class='ocr_carea' id='block_1_4' title="bbox 252 497 1817 575">
    <p class='ocr_par' dir='ltr' id='par_1_4' title="bbox 252 497 1809 572">
     <span class='ocr_line' id='line_1_4' title="bbox 252 497 1809 572; baseline 0 -16"><span class='ocrx_word' id='word_1_6' title='bbox 252 500 574 572; x_wconf 76' lang='grc' dir='ltr'>ταλαμϐάνει</span> <span class='ocrx_word' id='word_1_7' title='bbox 607 502 640 570; x_wconf 80' lang='grc' dir='ltr'><strong>ἡ</strong></span> <span class='ocrx_word' id='word_1_8' title='bbox 670 497 940 569; x_wconf 84' lang='grc' dir='ltr'>αἴσθησις,</span> <span class='ocrx_word' id='word_1_9' title='bbox 964 497 1100 553; x_wconf 80' lang='grc' dir='ltr'>ἀλλὰ</span> <span class='ocrx_word' id='word_1_10' title='bbox 1128 499 1220 553; x_wconf 57' lang='grc' dir='ltr'><strong>καὶ⁸</strong></span> <span class='ocrx_word' id='word_1_11' title='bbox 1249 500 1348 554; x_wconf 83' lang='grc' dir='ltr'>ὅσα</span> <span class='ocrx_word' id='word_1_12' title='bbox 1375 501 1408 572; x_wconf 82' lang='grc' dir='ltr'><strong>ή</strong></span> <span class='ocrx_word' id='word_1_13' title='bbox 1437 501 1642 556; x_wconf 82' lang='grc' dir='ltr'><strong>διάνοια</strong></span> <span class='ocrx_word' id='word_1_14' title='bbox 1663 502 1809 556; x_wconf 88' lang='grc' dir='ltr'>δοκεῖ</span> 
     </span>
    </p>
   </div>
   <div class='ocr_carea' id='block_1_5' title="bbox 1907 497 3470 575">
    <p class='ocr_par' dir='ltr' id='par_1_5' title="bbox 1911 502 3470 575">
     <span class='ocr_line' id='line_1_5' title="bbox 1911 502 3470 575; baseline 0.003 -19"><span class='ocrx_word' id='word_1_15' title='bbox 1911 503 2110 557; x_wconf 88' lang='lat' dir='ltr'><strong>teriora</strong></span> <span class='ocrx_word' id='word_1_16' title='bbox 2151 502 2554 574; x_wconf 84' lang='lat' dir='ltr'><strong>progrediatur,</strong></span> <span class='ocrx_word' id='word_1_17' title='bbox 2616 509 2750 558; x_wconf 90' lang='lat' dir='ltr'><strong>tunc</strong></span> <span class='ocrx_word' id='word_1_18' title='bbox 2793 503 3028 575; x_wconf 73' lang='lat' dir='ltr'><strong>caligine</strong></span> <span class='ocrx_word' id='word_1_19' title='bbox 3077 503 3320 574; x_wconf 83' lang='lat' dir='ltr'><strong>undique</strong></span> <span class='ocrx_word' id='word_1_20' title='bbox 3361 511 3470 561; x_wconf 84' lang='lat' dir='ltr'><strong>cir-</strong></span> 
     </span>
    </p>
   </div>
   <div class='ocr_carea' id='block_1_6' title="bbox 253 591 1806 664">
    <p class='ocr_par' dir='ltr' id='par_1_6' title="bbox 253 591 1806 664">
     <span class='ocr_line' id='line_1_6' title="bbox 253 591 1806 664; baseline 0.003 -19"><span class='ocrx_word' id='word_1_21' title='bbox 253 593 490 662; x_wconf 81' lang='grc' dir='ltr'>βλέπειν·</span> <span class='ocrx_word' id='word_1_22' title='bbox 543 592 631 646; x_wconf 78' lang='grc' dir='ltr'><strong>ἀεὶ</strong></span> <span class='ocrx_word' id='word_1_23' title='bbox 678 591 812 664; x_wconf 80' lang='grc' dir='ltr'>πρὸς</span> <span class='ocrx_word' id='word_1_24' title='bbox 846 591 909 646; x_wconf 83' lang='grc' dir='ltr'>τὸ</span> <span class='ocrx_word' id='word_1_25' title='bbox 950 591 1222 663; x_wconf 69' lang='grc' dir='ltr'>ἐνδότερον</span> <span class='ocrx_word' id='word_1_26' title='bbox 1261 593 1417 658; x_wconf 79' lang='grc' dir='ltr'>ἵεται,</span> <span class='ocrx_word' id='word_1_27' title='bbox 1453 595 1557 656; x_wconf 76' lang='grc' dir='ltr'>ἓως</span> <span class='ocrx_word' id='word_1_28' title='bbox 1594 595 1660 649; x_wconf 81' lang='grc' dir='ltr'>ἂν</span> <span class='ocrx_word' id='word_1_29' title='bbox 1690 595 1806 649; x_wconf 87' lang='grc' dir='ltr'>δια-</span> 
     </span>
    </p>
   </div>
   <div class='ocr_carea' id='block_1_7' title="bbox 251 682 1806 758">
    <p class='ocr_par' dir='ltr' id='par_1_7' title="bbox 251 682 1806 758">
     <span class='ocr_line' id='line_1_7' title="bbox 251 682 1806 758; baseline 0.002 -21"><span class='ocrx_word' id='word_1_30' title='bbox 251 685 336 754; x_wconf 79' lang='grc' dir='ltr'><strong>δυῇ</strong></span> <span class='ocrx_word' id='word_1_31' title='bbox 378 687 445 755; x_wconf 74' lang='grc' dir='ltr'><strong>τῇ</strong></span> <span class='ocrx_word' id='word_1_32' title='bbox 472 682 967 755; x_wconf 77' lang='grc' dir='ltr'>πολυπραγμοσύνῃ</span> <span class='ocrx_word' id='word_1_33' title='bbox 995 686 1095 754; x_wconf 84' lang='grc' dir='ltr'>τῆς</span> <span class='ocrx_word' id='word_1_34' title='bbox 1135 683 1366 748; x_wconf 78' lang='grc' dir='ltr'><strong>διανοίας</strong></span> <span class='ocrx_word' id='word_1_35' title='bbox 1389 685 1526 758; x_wconf 76' lang='grc' dir='ltr'>πρὸς</span> <span class='ocrx_word' id='word_1_36' title='bbox 1556 687 1615 740; x_wconf 83' lang='grc' dir='ltr'>τὸ</span> <span class='ocrx_word' id='word_1_37' title='bbox 1641 686 1806 740; x_wconf 81' lang='grc' dir='ltr'>ἀθέα-</span> 
     </span>
    </p>
   </div>
   <div class='ocr_carea' id='block_1_8' title="bbox 251 775 1833 850">
    <p class='ocr_par' dir='ltr' id='par_1_8' title="bbox 251 775 1833 850">
     <span class='ocr_line' id='line_1_8' title="bbox 251 775 1833 850; baseline -0.001 -20"><span class='ocrx_word' id='word_1_38' title='bbox 251 777 331 830; x_wconf 88' lang='grc' dir='ltr'><strong>τόν</strong></span> <span class='ocrx_word' id='word_1_39' title='bbox 366 793 426 829; x_wconf 85' lang='grc' dir='ltr'><strong>τε</strong></span> <span class='ocrx_word' id='word_1_40' title='bbox 473 777 567 829; x_wconf 81' lang='grc' dir='ltr'>καὶ</span> <span class='ocrx_word' id='word_1_41' title='bbox 603 775 1016 846; x_wconf 76' lang='grc' dir='ltr'><strong>ἀκατάληπτον,</strong></span> <span class='ocrx_word' id='word_1_42' title='bbox 1047 776 1210 832; x_wconf 77' lang='grc' dir='ltr'>κάκεῖ</span> <span class='ocrx_word' id='word_1_43' title='bbox 1254 776 1344 830; x_wconf 86' lang='grc' dir='ltr'>τὸν</span> <span class='ocrx_word' id='word_1_44' title='bbox 1388 777 1520 831; x_wconf 83' lang='grc' dir='ltr'><strong>Θεὸν</strong></span> <span class='ocrx_word' id='word_1_45' title='bbox 1565 778 1667 850; x_wconf 83' lang='grc' dir='ltr'>ίδῃ.</span> <span class='ocrx_word' id='word_1_46' title='bbox 1717 778 1833 831; x_wconf 63' lang='grc' dir='ltr'>Ἐντ</span> 
     </span>
    </p>
   </div>
   <div class='ocr_carea' id='block_1_9' title="bbox 250 863 1802 937">
    <p class='ocr_par' dir='ltr' id='par_1_9' title="bbox 250 863 1802 937">
     <span class='ocr_line' id='line_1_9' title="bbox 250 863 1802 937; baseline -0.001 -18"><span class='ocrx_word' id='word_1_47' title='bbox 250 865 414 937; x_wconf 83' lang='grc' dir='ltr'>τούτῳ</span> <span class='ocrx_word' id='word_1_48' title='bbox 451 865 561 935; x_wconf 87' lang='grc' dir='ltr'>γὰρ</span> <span class='ocrx_word' id='word_1_49' title='bbox 599 867 631 934; x_wconf 79' lang='grc' dir='ltr'>ἡ</span> <span class='ocrx_word' id='word_1_50' title='bbox 669 863 874 934; x_wconf 80' lang='grc' dir='ltr'>ἀληθής</span> <span class='ocrx_word' id='word_1_51' title='bbox 913 866 1058 926; x_wconf 67' lang='grc' dir='ltr'>ἐστιν</span> <span class='ocrx_word' id='word_1_52' title='bbox 1089 863 1291 934; x_wconf 84' lang='grc' dir='ltr'>είδησις</span> <span class='ocrx_word' id='word_1_53' title='bbox 1325 865 1418 919; x_wconf 88' lang='grc' dir='ltr'><strong>τοῦ</strong></span> <span class='ocrx_word' id='word_1_54' title='bbox 1453 865 1802 937; x_wconf 76' lang='grc' dir='ltr'>ζητουμένου,</span> 
     </span>
    </p>
   </div>
   <div class='ocr_carea' id='block_1_10' title="bbox 249 955 1804 1030">
    <p class='ocr_par' dir='ltr' id='par_1_10' title="bbox 249 955 1804 1030">
     <span class='ocr_line' id='line_1_10' title="bbox 249 955 1804 1030; baseline -0.001 -19"><span class='ocrx_word' id='word_1_55' title='bbox 249 959 306 1012; x_wconf 80' lang='grc' dir='ltr'>τὸ</span> <span class='ocrx_word' id='word_1_56' title='bbox 330 957 572 1028; x_wconf 76' lang='grc' dir='ltr'>ἐντούτῳ</span> <span class='ocrx_word' id='word_1_57' title='bbox 596 957 657 1010; x_wconf 80' lang='grc' dir='ltr'>τὸ</span> <span class='ocrx_word' id='word_1_58' title='bbox 683 958 830 1020; x_wconf 77' lang='grc' dir='ltr'>ἰδεῖν,</span> <span class='ocrx_word' id='word_1_59' title='bbox 859 956 918 1009; x_wconf 78' lang='grc' dir='ltr'>ὲν</span> <span class='ocrx_word' id='word_1_60' title='bbox 945 959 1023 1030; x_wconf 80' lang='grc' dir='ltr'>τῷ</span> <span class='ocrx_word' id='word_1_61' title='bbox 1057 955 1132 1027; x_wconf 80' lang='grc' dir='ltr'>μὴ</span> <span class='ocrx_word' id='word_1_62' title='bbox 1168 956 1296 1009; x_wconf 73' lang='grc' dir='ltr'>ἰδεῖν</span> <span class='ocrx_word' id='word_1_63' title='bbox 1323 972 1336 984; x_wconf 86' lang='grc'><strong>·</strong></span> <span class='ocrx_word' id='word_1_64' title='bbox 1367 958 1448 1011; x_wconf 87' lang='grc' dir='ltr'>ὃτι</span> <span class='ocrx_word' id='word_1_65' title='bbox 1487 958 1804 1029; x_wconf 77' lang='grc' dir='ltr'><strong>ὑπέρκειται</strong></span> 
     </span>
    </p>
   </div>
   <div class='ocr_carea' id='block_1_11' title="bbox 249 1039 1803 1118">
    <p class='ocr_par' dir='ltr' id='par_1_11' title="bbox 249 1039 1803 1118">
     <span class='ocr_line' id='line_1_11' title="bbox 249 1039 1803 1118; baseline 0.001 -20"><span class='ocrx_word' id='word_1_66' title='bbox 249 1045 422 1113; x_wconf 87' lang='grc' dir='ltr'>πάσης</span> <span class='ocrx_word' id='word_1_67' title='bbox 458 1044 714 1112; x_wconf 80' lang='grc' dir='ltr'>είδήσεως</span> <span class='ocrx_word' id='word_1_68' title='bbox 761 1043 822 1097; x_wconf 77' lang='grc' dir='ltr'>τὸ</span> <span class='ocrx_word' id='word_1_69' title='bbox 850 1042 1196 1116; x_wconf 81' lang='grc' dir='ltr'>ζητούμενον,</span> <span class='ocrx_word' id='word_1_70' title='bbox 1238 1039 1348 1099; x_wconf 77' lang='grc' dir='ltr'>οἷόν</span> <span class='ocrx_word' id='word_1_71' title='bbox 1379 1062 1484 1100; x_wconf 87' lang='grc' dir='ltr'>τινι</span> <span class='ocrx_word' id='word_1_72' title='bbox 1524 1047 1707 1118; x_wconf 80' lang='grc' dir='ltr'>γνόφῳ</span> <span class='ocrx_word' id='word_1_73' title='bbox 1735 1049 1803 1118; x_wconf 82' lang='grc' dir='ltr'><strong>τῇ</strong></span> 
     </span>
    </p>
   </div>
   <div class='ocr_carea' id='block_1_12' title="bbox 249 1132 1805 1209">
    <p class='ocr_par' dir='ltr' id='par_1_12' title="bbox 249 1132 1805 1209">
     <span class='ocr_line' id='line_1_12' title="bbox 249 1132 1805 1209; baseline 0.004 -22"><span class='ocrx_word' id='word_1_74' title='bbox 249 1135 588 1206; x_wconf 75' lang='grc' dir='ltr'>ἀκαταληψίᾳ</span> <span class='ocrx_word' id='word_1_75' title='bbox 620 1134 953 1205; x_wconf 82' lang='grc' dir='ltr'><strong>πανταχόθεν</strong></span> <span class='ocrx_word' id='word_1_76' title='bbox 991 1132 1382 1206; x_wconf 77' lang='grc' dir='ltr'><strong>διειλημμένον.</strong></span> <span class='ocrx_word' id='word_1_77' title='bbox 1425 1137 1517 1191; x_wconf 85' lang='grc' dir='ltr'>Διό</span> <span class='ocrx_word' id='word_1_78' title='bbox 1545 1155 1679 1209; x_wconf 91' lang='grc' dir='ltr'>φησι</span> <span class='ocrx_word' id='word_1_79' title='bbox 1709 1141 1805 1194; x_wconf 78' lang='grc' dir='ltr'>καὶ</span> 
     </span>
    </p>
   </div>
   <div class='ocr_carea' id='block_1_13' title="bbox 247 1213 1804 1302">
    <p class='ocr_par' dir='ltr' id='par_1_13' title="bbox 247 1213 1804 1302">
     <span class='ocr_line' id='line_1_13' title="bbox 247 1213 1804 1302; baseline 0.003 -24"><span class='ocrx_word' id='word_1_80' title='bbox 247 1226 276 1278; x_wconf 90' lang='grc' dir='ltr'><strong>ό</strong></span> <span class='ocrx_word' id='word_1_81' title='bbox 301 1224 499 1295; x_wconf 74' lang='grc' dir='ltr'>ὑψηλὸς</span> <span class='ocrx_word' id='word_1_82' title='bbox 537 1225 808 1292; x_wconf 82' lang='grc' dir='ltr'><strong>Ἰωάννης,</strong></span> <span class='ocrx_word' id='word_1_83' title='bbox 844 1226 874 1278; x_wconf 85' lang='grc' dir='ltr'><strong>ό</strong></span> <span class='ocrx_word' id='word_1_84' title='bbox 907 1213 983 1277; x_wconf 76' lang='grc' dir='ltr'><strong>ὲν¹</strong></span> <span class='ocrx_word' id='word_1_85' title='bbox 1009 1224 1087 1295; x_wconf 89' lang='grc' dir='ltr'>τῷ</span> <span class='ocrx_word' id='word_1_86' title='bbox 1136 1225 1371 1298; x_wconf 81' lang='grc' dir='ltr'>λαμπρῷ</span> <span class='ocrx_word' id='word_1_87' title='bbox 1416 1228 1596 1300; x_wconf 80' lang='grc' dir='ltr'>γνόφῳ</span> <span class='ocrx_word' id='word_1_88' title='bbox 1631 1229 1804 1302; x_wconf 83' lang='grc' dir='ltr'>τούτῳ</span> 
     </span>
    </p>
   </div>
   <div class='ocr_carea' id='block_1_14' title="bbox 248 1316 1804 1392">
    <p class='ocr_par' dir='ltr' id='par_1_14' title="bbox 248 1316 1804 1392">
     <span class='ocr_line' id='line_1_14' title="bbox 248 1316 1804 1392; baseline 0.004 -24"><span class='ocrx_word' id='word_1_89' title='bbox 248 1316 548 1387; x_wconf 84' lang='grc' dir='ltr'>γενόμενος,</span> <span class='ocrx_word' id='word_1_90' title='bbox 572 1317 654 1369; x_wconf 87' lang='grc' dir='ltr'>ὃτι</span> <span class='ocrx_word' id='word_1_91' title='bbox 670 1339 692 1376; x_wconf 73' lang='grc' dir='ltr'><strong>ι</strong></span> <span class='ocrx_word' id='word_1_92' title='bbox 708 1317 842 1372; x_wconf 79' lang='grc' dir='ltr'>Θεὸν</span> <span class='ocrx_word' id='word_1_93' title='bbox 851 1316 1023 1384; x_wconf 81' lang='grc' dir='ltr'>οὐδεὶς</span> <span class='ocrx_word' id='word_1_94' title='bbox 1035 1317 1247 1392; x_wconf 81' lang='grc' dir='ltr'>ἑώρακε</span> <span class='ocrx_word' id='word_1_95' title='bbox 1262 1320 1497 1377; x_wconf 78' lang='grc' dir='ltr'>πώποτε·</span> <span class='ocrx_word' id='word_1_96' title='bbox 1509 1341 1530 1379; x_wconf 76' lang='grc' dir='ltr'><strong>ι</strong></span> <span class='ocrx_word' id='word_1_97' title='bbox 1553 1324 1611 1377; x_wconf 85' lang='grc' dir='ltr'><strong>ού</strong></span> <span class='ocrx_word' id='word_1_98' title='bbox 1647 1322 1804 1392; x_wconf 81' lang='grc' dir='ltr'>μόνον</span> 
     </span>
    </p>
   </div>
   <div class='ocr_carea' id='block_1_15' title="bbox 246 1406 1804 1482">
    <p class='ocr_par' dir='ltr' id='par_1_15' title="bbox 246 1406 1804 1482">
     <span class='ocr_line' id='line_1_15' title="bbox 246 1406 1804 1482; baseline 0.004 -22"><span class='ocrx_word' id='word_1_99' title='bbox 246 1411 350 1471; x_wconf 83' lang='grc' dir='ltr'>τοῖς</span> <span class='ocrx_word' id='word_1_100' title='bbox 374 1407 698 1480; x_wconf 84' lang='grc' dir='ltr'>ἀνθρώποις,</span> <span class='ocrx_word' id='word_1_101' title='bbox 725 1406 861 1460; x_wconf 83' lang='grc' dir='ltr'>ἀλλὰ</span> <span class='ocrx_word' id='word_1_102' title='bbox 887 1407 979 1460; x_wconf 81' lang='grc' dir='ltr'>καὶ</span> <span class='ocrx_word' id='word_1_103' title='bbox 995 1407 1143 1480; x_wconf 81' lang='grc' dir='ltr'>πάσῃ</span> <span class='ocrx_word' id='word_1_104' title='bbox 1166 1412 1328 1480; x_wconf 82' lang='grc' dir='ltr'>νοητῇ</span> <span class='ocrx_word' id='word_1_105' title='bbox 1351 1409 1510 1478; x_wconf 88' lang='grc' dir='ltr'>φύσει</span> <span class='ocrx_word' id='word_1_106' title='bbox 1530 1412 1627 1482; x_wconf 84' lang='grc' dir='ltr'>τῆς</span> <span class='ocrx_word' id='word_1_107' title='bbox 1655 1412 1804 1477; x_wconf 80' lang='grc' dir='ltr'><strong>Θείας</strong></span> 
     </span>
    </p>
   </div>
   <div class='ocr_carea' id='block_1_16' title="bbox 245 1496 1804 1575">
    <p class='ocr_par' dir='ltr' id='par_1_16' title="bbox 245 1496 1804 1575">
     <span class='ocr_line' id='line_1_16' title="bbox 245 1496 1804 1575; baseline 0.003 -20"><span class='ocrx_word' id='word_1_108' title='bbox 245 1501 427 1564; x_wconf 81' lang='grc' dir='ltr'>οὐσίας</span> <span class='ocrx_word' id='word_1_109' title='bbox 477 1502 576 1571; x_wconf 77' lang='grc' dir='ltr'>τὴν</span> <span class='ocrx_word' id='word_1_110' title='bbox 629 1501 828 1570; x_wconf 84' lang='grc' dir='ltr'>γνῶσιν</span> <span class='ocrx_word' id='word_1_111' title='bbox 870 1501 1158 1571; x_wconf 79' lang='grc' dir='ltr'>ἀνέφικτον</span> <span class='ocrx_word' id='word_1_112' title='bbox 1199 1496 1370 1569; x_wconf 73' lang='grc' dir='ltr'>εἶναι,</span> <span class='ocrx_word' id='word_1_113' title='bbox 1430 1507 1497 1574; x_wconf 81' lang='grc' dir='ltr'>τῇ</span> <span class='ocrx_word' id='word_1_114' title='bbox 1533 1506 1804 1575; x_wconf 84' lang='grc' dir='ltr'><strong>ἀποφάσει</strong></span> 
     </span>
    </p>
   </div>
   <div class='ocr_carea' id='block_1_17' title="bbox 245 1592 822 1665">
    <p class='ocr_par' dir='ltr' id='par_1_17' title="bbox 245 1592 822 1665">
     <span class='ocr_line' id='line_1_17' title="bbox 245 1592 822 1665; baseline 0 -19"><span class='ocrx_word' id='word_1_115' title='bbox 245 1593 414 1665; x_wconf 81' lang='grc' dir='ltr'>ταύτῃ</span> <span class='ocrx_word' id='word_1_116' title='bbox 440 1592 822 1664; x_wconf 81' lang='grc' dir='ltr'>διοριζόμενος.</span> 
     </span>
    </p>
   </div>
   <div class='ocr_carea' id='block_1_18' title="bbox 316 1680 1804 1761">
    <p class='ocr_par' dir='ltr' id='par_1_18' title="bbox 316 1680 1804 1761">
     <span class='ocr_line' id='line_1_18' title="bbox 316 1680 1804 1761; baseline -0.003 -15"><span class='ocrx_word' id='word_1_117' title='bbox 316 1688 444 1746; x_wconf 87' lang='grc' dir='ltr'><strong>Ὅτε</strong></span> <span class='ocrx_word' id='word_1_118' title='bbox 471 1686 564 1744; x_wconf 83' lang='grc' dir='ltr'>οὖν</span> <span class='ocrx_word' id='word_1_119' title='bbox 593 1689 792 1761; x_wconf 74' lang='grc' dir='ltr'>μείζων</span> <span class='ocrx_word' id='word_1_120' title='bbox 823 1680 1044 1760; x_wconf 75' lang='grc' dir='ltr'>ἐγένετο</span> <span class='ocrx_word' id='word_1_121' title='bbox 1076 1689 1216 1744; x_wconf 80' lang='grc' dir='ltr'>κατὰ</span> <span class='ocrx_word' id='word_1_122' title='bbox 1239 1688 1336 1761; x_wconf 82' lang='grc' dir='ltr'>τὴν</span> <span class='ocrx_word' id='word_1_123' title='bbox 1364 1688 1560 1759; x_wconf 82' lang='grc' dir='ltr'>γνῶσιν</span> <span class='ocrx_word' id='word_1_124' title='bbox 1589 1692 1617 1742; x_wconf 82' lang='grc' dir='ltr'>ὁ</span> <span class='ocrx_word' id='word_1_125' title='bbox 1644 1690 1804 1743; x_wconf 83' lang='grc' dir='ltr'>Μωῦ-</span> 
     </span>
    </p>
   </div>
   <div class='ocr_carea' id='block_1_19' title="bbox 247 1779 1800 1852">
    <p class='ocr_par' dir='ltr' id='par_1_19' title="bbox 247 1779 1800 1852">
     <span class='ocr_line' id='line_1_19' title="bbox 247 1779 1800 1852; baseline -0.001 -18"><span class='ocrx_word' id='word_1_126' title='bbox 247 1780 365 1851; x_wconf 84' lang='grc' dir='ltr'>σῆς,</span> <span class='ocrx_word' id='word_1_127' title='bbox 390 1781 507 1834; x_wconf 76' lang='grc' dir='ltr'>τότε</span> <span class='ocrx_word' id='word_1_128' title='bbox 527 1780 775 1852; x_wconf 81' lang='grc' dir='ltr'>ὁμολογεῖ</span> <span class='ocrx_word' id='word_1_129' title='bbox 797 1779 888 1832; x_wconf 84' lang='grc' dir='ltr'>τὸν</span> <span class='ocrx_word' id='word_1_130' title='bbox 906 1779 1037 1833; x_wconf 85' lang='grc' dir='ltr'><strong>Θεὸν</strong></span> <span class='ocrx_word' id='word_1_131' title='bbox 1065 1779 1125 1832; x_wconf 82' lang='grc' dir='ltr'>ὲν</span> <span class='ocrx_word' id='word_1_132' title='bbox 1149 1779 1332 1850; x_wconf 83' lang='grc' dir='ltr'>γνόφῳ</span> <span class='ocrx_word' id='word_1_133' title='bbox 1357 1780 1504 1843; x_wconf 81' lang='grc' dir='ltr'>ἰδεῖν,</span> <span class='ocrx_word' id='word_1_134' title='bbox 1537 1780 1800 1845; x_wconf 81' lang='grc' dir='ltr'><strong>τουτέστι,</strong></span> 
     </span>
    </p>
   </div>
   <div class='ocr_carea' id='block_1_20' title="bbox 244 1841 1876 1942">
    <p class='ocr_par' dir='ltr' id='par_1_20' title="bbox 244 1841 1876 1942">
     <span class='ocr_line' id='line_1_20' title="bbox 244 1841 1876 1942; baseline 0 -17"><span class='ocrx_word' id='word_1_135' title='bbox 394 1841 617 1940; x_wconf 69' lang='grc' dir='ltr'>γνῶναι,</span> <span class='ocrx_word' id='word_1_136' title='bbox 662 1841 743 1924; x_wconf 78' lang='grc' dir='ltr'>ὅτι</span> <span class='ocrx_word' id='word_1_137' title='bbox 785 1870 960 1924; x_wconf 78' lang='grc' dir='ltr'><strong>ὲκεῖνὸ</strong></span> <span class='ocrx_word' id='word_1_138' title='bbox 1003 1871 1120 1926; x_wconf 79' lang='grc' dir='ltr'>ἐστι</span> <span class='ocrx_word' id='word_1_139' title='bbox 1152 1841 1218 1942; x_wconf 80' lang='grc' dir='ltr'>τῇ</span> <span class='ocrx_word' id='word_1_140' title='bbox 1259 1841 1420 1940; x_wconf 66' lang='grc' dir='ltr'>φύσει</span> <span class='ocrx_word' id='word_1_141' title='bbox 1454 1841 1516 1924; x_wconf 75' lang='grc' dir='ltr'><strong>ἰδ</strong></span> <span class='ocrx_word' id='word_1_142' title='bbox 1550 1871 1723 1935; x_wconf 84' lang='grc' dir='ltr'>Θεῐον,</span> <span class='ocrx_word' id='word_1_143' title='bbox 1834 1841 1876 1896; x_wconf 75' lang='grc' dir='ltr'><strong>Β</strong></span> 
     </span>
    </p>
   </div>
   <div class='ocr_carea' id='block_1_21' title="bbox 246 1956 1796 2040">
    <p class='ocr_par' dir='ltr' id='par_1_21' title="bbox 246 1956 1796 2036">
     <span class='ocr_line' id='line_1_21' title="bbox 246 1956 1796 2036; baseline 0.003 -22"><span class='ocrx_word' id='word_1_144' title='bbox 246 1964 422 2030; x_wconf 82' lang='grc' dir='ltr'>πάσης</span> <span class='ocrx_word' id='word_1_145' title='bbox 451 1960 701 2032; x_wconf 82' lang='grc' dir='ltr'>γνώσεώς</span> <span class='ocrx_word' id='word_1_146' title='bbox 737 1979 798 2014; x_wconf 89' lang='grc' dir='ltr'><strong>τε</strong></span> <span class='ocrx_word' id='word_1_147' title='bbox 829 1956 923 2015; x_wconf 66' lang='grc' dir='ltr'>καὶ</span> <span class='ocrx_word' id='word_1_148' title='bbox 955 1960 1307 2033; x_wconf 79' lang='grc' dir='ltr'>καταλήψεώς</span> <span class='ocrx_word' id='word_1_149' title='bbox 1334 1963 1480 2015; x_wconf 73' lang='grc' dir='ltr'>ἐστιν</span> <span class='ocrx_word' id='word_1_150' title='bbox 1510 1963 1796 2036; x_wconf 79' lang='grc' dir='ltr'>ἀνώτερον.</span> 
     </span>
    </p>
   </div>
   <div class='ocr_carea' id='block_1_22' title="bbox 244 2039 1802 2126">
    <p class='ocr_par' dir='ltr' id='par_1_22' title="bbox 244 2039 1802 2126">
     <span class='ocr_line' id='line_1_22' title="bbox 244 2039 1802 2126; baseline 0.001 -20"><span class='ocrx_word' id='word_1_151' title='bbox 244 2046 470 2126; x_wconf 80' lang='grc' dir='ltr'>Εἰσῆλθε</span> <span class='ocrx_word' id='word_1_152' title='bbox 495 2053 624 2126; x_wconf 81' lang='grc' dir='ltr'>γὰρ,</span> <span class='ocrx_word' id='word_1_153' title='bbox 661 2054 812 2125; x_wconf 78' lang='grc' dir='ltr'>φησὶ,</span> <span class='ocrx_word' id='word_1_154' title='bbox 839 2054 1078 2126; x_wconf 83' lang='grc' dir='ltr'><strong>Μωῦσῆς</strong></span> <span class='ocrx_word' id='word_1_155' title='bbox 1111 2055 1190 2118; x_wconf 87' lang='grc' dir='ltr'><strong>είς</strong></span> <span class='ocrx_word' id='word_1_156' title='bbox 1216 2054 1307 2108; x_wconf 80' lang='grc' dir='ltr'>τὸν</span> <span class='ocrx_word' id='word_1_157' title='bbox 1338 2039 1553 2125; x_wconf 82' lang='grc' dir='ltr'>γνόφον,</span> <span class='ocrx_word' id='word_1_158' title='bbox 1593 2048 1653 2108; x_wconf 74' lang='grc' dir='ltr'><strong>οὗ</strong></span> <span class='ocrx_word' id='word_1_159' title='bbox 1681 2051 1747 2126; x_wconf 81' lang='grc' dir='ltr'>ἦν</span> <span class='ocrx_word' id='word_1_160' title='bbox 1772 2055 1802 2108; x_wconf 83' lang='grc' dir='ltr'><strong>ὁ</strong></span> 
     </span>
    </p>
   </div>
   <div class='ocr_carea' id='block_1_23' title="bbox 242 2145 1803 2220">
    <p class='ocr_par' dir='ltr' id='par_1_23' title="bbox 242 2145 1803 2220">
     <span class='ocr_line' id='line_1_23' title="bbox 242 2145 1803 2220; baseline 0.001 -21"><span class='ocrx_word' id='word_1_161' title='bbox 242 2145 393 2210; x_wconf 90' lang='grc' dir='ltr'>Θεός.</span> <span class='ocrx_word' id='word_1_162' title='bbox 422 2146 516 2210; x_wconf 88' lang='grc' dir='ltr'><strong>Τίς</strong></span> <span class='ocrx_word' id='word_1_163' title='bbox 544 2149 574 2200; x_wconf 89' lang='grc' dir='ltr'><strong>ό</strong></span> <span class='ocrx_word' id='word_1_164' title='bbox 600 2146 751 2212; x_wconf 85' lang='grc' dir='ltr'>Θεός;</span> <span class='ocrx_word' id='word_1_165' title='bbox 791 2145 851 2210; x_wconf 79' lang='grc' dir='ltr'>ὃς</span> <span class='ocrx_word' id='word_1_166' title='bbox 877 2145 1028 2200; x_wconf 78' lang='grc' dir='ltr'>ἔθετο</span> <span class='ocrx_word' id='word_1_167' title='bbox 1054 2146 1117 2200; x_wconf 81' lang='grc' dir='ltr'>τὸ</span> <span class='ocrx_word' id='word_1_168' title='bbox 1145 2146 1336 2211; x_wconf 82' lang='grc' dir='ltr'>σκότος</span> <span class='ocrx_word' id='word_1_169' title='bbox 1359 2147 1683 2220; x_wconf 85' lang='grc' dir='ltr'>άποκρυφὴν</span> <span class='ocrx_word' id='word_1_170' title='bbox 1711 2147 1803 2202; x_wconf 87' lang='grc' dir='ltr'>αύ-</span> 
     </span>
    </p>
   </div>
   <div class='ocr_carea' id='block_1_24' title="bbox 240 2235 1802 2312">
    <p class='ocr_par' dir='ltr' id='par_1_24' title="bbox 240 2235 1802 2312">
     <span class='ocr_line' id='line_1_24' title="bbox 240 2235 1802 2312; baseline 0.002 -23"><span class='ocrx_word' id='word_1_171' title='bbox 240 2236 357 2301; x_wconf 88' lang='grc' dir='ltr'>τοῦ,</span> <span class='ocrx_word' id='word_1_172' title='bbox 389 2235 569 2300; x_wconf 83' lang='grc' dir='ltr'>καθώς</span> <span class='ocrx_word' id='word_1_173' title='bbox 611 2255 743 2308; x_wconf 91' lang='grc' dir='ltr'>φησι</span> <span class='ocrx_word' id='word_1_174' title='bbox 774 2237 956 2302; x_wconf 81' lang='grc' dir='ltr'>Δαϐὶδ,</span> <span class='ocrx_word' id='word_1_175' title='bbox 1000 2239 1030 2291; x_wconf 88' lang='grc' dir='ltr'><strong>ό</strong></span> <span class='ocrx_word' id='word_1_176' title='bbox 1073 2240 1131 2290; x_wconf 82' lang='grc' dir='ltr'>ὲν</span> <span class='ocrx_word' id='word_1_177' title='bbox 1157 2237 1241 2309; x_wconf 86' lang='grc' dir='ltr'><strong>τῷ</strong></span> <span class='ocrx_word' id='word_1_178' title='bbox 1273 2238 1421 2310; x_wconf 85' lang='grc' dir='ltr'><strong>αύτῷ</strong></span> <span class='ocrx_word' id='word_1_179' title='bbox 1469 2239 1693 2312; x_wconf 70' lang='grc' dir='ltr'>μυηθεὶς</span> <span class='ocrx_word' id='word_1_180' title='bbox 1734 2238 1802 2293; x_wconf 81' lang='grc' dir='ltr'><strong>τά</strong></span> 
     </span>
    </p>
   </div>
   <div class='ocr_carea' id='block_1_25' title="bbox 225 2328 1802 2407">
    <p class='ocr_par' dir='ltr' id='par_1_25' title="bbox 225 2328 1802 2407">
     <span class='ocr_line' id='line_1_25' title="bbox 225 2328 1802 2407; baseline 0.001 -24"><span class='ocrx_word' id='word_1_181' title='bbox 225 2329 576 2407; x_wconf 49' lang='grc' dir='ltr'><strong>ἐξέρρηξε...</strong></span> <span class='ocrx_word' id='word_1_182' title='bbox 603 2328 659 2383; x_wconf 90' lang='lat'><strong>&#39;0</strong></span> <span class='ocrx_word' id='word_1_183' title='bbox 689 2328 748 2382; x_wconf 82' lang='grc' dir='ltr'>δὲ</span> <span class='ocrx_word' id='word_1_184' title='bbox 785 2330 902 2382; x_wconf 67' lang='grc' dir='ltr'>ἐκεῖ</span> <span class='ocrx_word' id='word_1_185' title='bbox 937 2328 1193 2398; x_wconf 81' lang='grc' dir='ltr'>γεγονὼς,</span> <span class='ocrx_word' id='word_1_186' title='bbox 1219 2329 1255 2383; x_wconf 74' lang='grc' dir='ltr'><strong>ἃ</strong></span> <span class='ocrx_word' id='word_1_187' title='bbox 1295 2329 1689 2401; x_wconf 82' lang='grc' dir='ltr'>προεπαιδεύθη</span> <span class='ocrx_word' id='word_1_188' title='bbox 1715 2330 1802 2384; x_wconf 81' lang='grc' dir='ltr'><strong>διά</strong></span> 
     </span>
    </p>
   </div>
   <div class='ocr_carea' id='block_1_26' title="bbox 241 2419 1800 2490">
    <p class='ocr_par' dir='ltr' id='par_1_26' title="bbox 241 2419 1800 2490">
     <span class='ocr_line' id='line_1_26' title="bbox 241 2419 1800 2490; baseline -0.001 -17"><span class='ocrx_word' id='word_1_189' title='bbox 241 2420 338 2473; x_wconf 88' lang='grc' dir='ltr'><strong>τοῦ</strong></span> <span class='ocrx_word' id='word_1_190' title='bbox 370 2421 588 2490; x_wconf 82' lang='grc' dir='ltr'>γνόφου,</span> <span class='ocrx_word' id='word_1_191' title='bbox 614 2420 772 2474; x_wconf 86' lang='grc' dir='ltr'>πάλιν</span> <span class='ocrx_word' id='word_1_192' title='bbox 797 2419 882 2474; x_wconf 80' lang='grc' dir='ltr'>διὰ</span> <span class='ocrx_word' id='word_1_193' title='bbox 907 2419 1000 2473; x_wconf 90' lang='grc' dir='ltr'><strong>τοῦ</strong></span> <span class='ocrx_word' id='word_1_194' title='bbox 1017 2420 1212 2490; x_wconf 86' lang='grc' dir='ltr'>γνόφου</span> <span class='ocrx_word' id='word_1_195' title='bbox 1227 2421 1545 2475; x_wconf 78' lang='grc' dir='ltr'>διδάσκεται</span> <span class='ocrx_word' id='word_1_196' title='bbox 1568 2436 1582 2450; x_wconf 89' lang='grc'><strong>·</strong></span> <span class='ocrx_word' id='word_1_197' title='bbox 1614 2420 1688 2483; x_wconf 84' lang='grc' dir='ltr'>ὡς</span> <span class='ocrx_word' id='word_1_198' title='bbox 1713 2421 1800 2486; x_wconf 83' lang='grc' dir='ltr'>ἂν,</span> 
     </span>
    </p>
   </div>
   <div class='ocr_carea' id='block_1_27' title="bbox 239 2507 1802 2584">
    <p class='ocr_par' dir='ltr' id='par_1_27' title="bbox 239 2507 1802 2584">
     <span class='ocr_line' id='line_1_27' title="bbox 239 2507 1802 2584; baseline -0.001 -19"><span class='ocrx_word' id='word_1_199' title='bbox 239 2507 418 2582; x_wconf 77' lang='grc' dir='ltr'>οἶμαι,</span> <span class='ocrx_word' id='word_1_200' title='bbox 432 2511 766 2584; x_wconf 86' lang='grc' dir='ltr'>παγιώτερον</span> <span class='ocrx_word' id='word_1_201' title='bbox 782 2513 914 2583; x_wconf 83' lang='grc' dir='ltr'>ἡμῖν</span> <span class='ocrx_word' id='word_1_202' title='bbox 940 2511 1002 2564; x_wconf 80' lang='grc' dir='ltr'>τὸ</span> <span class='ocrx_word' id='word_1_203' title='bbox 1024 2529 1091 2564; x_wconf 88' lang='grc' dir='ltr'><strong>πε</strong></span> <span class='ocrx_word' id='word_1_204' title='bbox 1099 2516 1150 2584; x_wconf 84' lang='grc' dir='ltr'><strong>ρί</strong></span> <span class='ocrx_word' id='word_1_205' title='bbox 1165 2509 1352 2565; x_wconf 86' lang='grc' dir='ltr'>τούτου</span> <span class='ocrx_word' id='word_1_206' title='bbox 1368 2515 1590 2584; x_wconf 82' lang='grc' dir='ltr'>γένηται</span> <span class='ocrx_word' id='word_1_207' title='bbox 1609 2511 1802 2582; x_wconf 83' lang='grc' dir='ltr'>δόγμα,</span> 
     </span>
    </p>
   </div>
   <div class='ocr_carea' id='block_1_28' title="bbox 237 2601 1805 2675">
    <p class='ocr_par' dir='ltr' id='par_1_28' title="bbox 237 2601 1805 2675">
     <span class='ocr_line' id='line_1_28' title="bbox 237 2601 1805 2675; baseline 0.001 -21"><span class='ocrx_word' id='word_1_208' title='bbox 237 2605 308 2674; x_wconf 74' lang='grc' dir='ltr'><strong>τῇ</strong></span> <span class='ocrx_word' id='word_1_209' title='bbox 347 2601 468 2673; x_wconf 71' lang='grc' dir='ltr'>θείᾳ</span> <span class='ocrx_word' id='word_1_210' title='bbox 513 2605 658 2674; x_wconf 82' lang='grc' dir='ltr'>φωνῇ</span> <span class='ocrx_word' id='word_1_211' title='bbox 707 2602 1169 2674; x_wconf 86' lang='grc' dir='ltr'>μαρτυρούμενον.</span> <span class='ocrx_word' id='word_1_212' title='bbox 1225 2603 1580 2675; x_wconf 81' lang='grc' dir='ltr'>’Δπαγορεύει</span> <span class='ocrx_word' id='word_1_213' title='bbox 1617 2602 1723 2672; x_wconf 85' lang='grc' dir='ltr'><strong>γάρ</strong></span> <span class='ocrx_word' id='word_1_214' title='bbox 1748 2604 1805 2655; x_wconf 80' lang='grc' dir='ltr'>ὲν</span> 
     </span>
    </p>
   </div>
   <div class='ocr_carea' id='block_1_29' title="bbox 238 2695 1806 2774">
    <p class='ocr_par' dir='ltr' id='par_1_29' title="bbox 238 2695 1806 2774">
     <span class='ocr_line' id='line_1_29' title="bbox 238 2695 1806 2774; baseline 0 -27"><span class='ocrx_word' id='word_1_215' title='bbox 238 2695 481 2774; x_wconf 68' lang='grc' dir='ltr'>πρῴτοις</span> <span class='ocrx_word' id='word_1_216' title='bbox 507 2695 535 2747; x_wconf 89' lang='grc' dir='ltr'><strong>ό</strong></span> <span class='ocrx_word' id='word_1_217' title='bbox 565 2696 704 2758; x_wconf 85' lang='grc' dir='ltr'>θεῖος</span> <span class='ocrx_word' id='word_1_218' title='bbox 726 2695 901 2764; x_wconf 81' lang='grc' dir='ltr'>λόγος,</span> <span class='ocrx_word' id='word_1_219' title='bbox 925 2696 1059 2767; x_wconf 83' lang='grc' dir='ltr'>πρὸς</span> <span class='ocrx_word' id='word_1_220' title='bbox 1083 2695 1246 2766; x_wconf 78' lang='grc' dir='ltr'>μηδὲν</span> <span class='ocrx_word' id='word_1_221' title='bbox 1269 2695 1375 2748; x_wconf 85' lang='grc' dir='ltr'><strong>τῶν</strong></span> <span class='ocrx_word' id='word_1_222' title='bbox 1396 2695 1806 2767; x_wconf 84' lang='grc' dir='ltr'>γινωσκομένων</span> 
     </span>
    </p>
   </div>
   <div class='ocr_carea' id='block_1_30' title="bbox 235 2783 1808 2854">
    <p class='ocr_par' dir='ltr' id='par_1_30' title="bbox 235 2783 1808 2854">
     <span class='ocr_line' id='line_1_30' title="bbox 235 2783 1808 2854; baseline -0.003 -17"><span class='ocrx_word' id='word_1_223' title='bbox 235 2783 561 2853; x_wconf 79' lang='grc' dir='ltr'>ὁμοιοῦσθαι</span> <span class='ocrx_word' id='word_1_224' title='bbox 587 2783 736 2853; x_wconf 81' lang='grc' dir='ltr'>παρὰ</span> <span class='ocrx_word' id='word_1_225' title='bbox 758 2783 865 2836; x_wconf 81' lang='grc' dir='ltr'><strong>τῶν</strong></span> <span class='ocrx_word' id='word_1_226' title='bbox 897 2783 1199 2854; x_wconf 84' lang='grc' dir='ltr'>ἀνθρώπων</span> <span class='ocrx_word' id='word_1_227' title='bbox 1223 2783 1278 2837; x_wconf 78' lang='grc' dir='ltr'>τὸ</span> <span class='ocrx_word' id='word_1_228' title='bbox 1294 2783 1444 2837; x_wconf 84' lang='grc' dir='ltr'>Θεῖον</span> <span class='ocrx_word' id='word_1_229' title='bbox 1464 2799 1476 2810; x_wconf 87' lang='grc'><strong>·</strong></span> <span class='ocrx_word' id='word_1_230' title='bbox 1505 2784 1579 2847; x_wconf 85' lang='grc' dir='ltr'>ὡς</span> <span class='ocrx_word' id='word_1_231' title='bbox 1614 2783 1808 2845; x_wconf 83' lang='grc' dir='ltr'>παντὸς</span> 
     </span>
    </p>
   </div>
   <div class='ocr_carea' id='block_1_31' title="bbox 236 2861 1810 2944">
    <p class='ocr_par' dir='ltr' id='par_1_31' title="bbox 236 2861 1810 2944">
     <span class='ocr_line' id='line_1_31' title="bbox 236 2861 1810 2944; baseline -0.001 -18"><span class='ocrx_word' id='word_1_232' title='bbox 236 2861 513 2944; x_wconf 68' lang='grc' dir='ltr'>νᾶήματος</span> <span class='ocrx_word' id='word_1_233' title='bbox 544 2871 635 2926; x_wconf 87' lang='grc' dir='ltr'><strong>τοῦ</strong></span> <span class='ocrx_word' id='word_1_234' title='bbox 655 2872 808 2928; x_wconf 72' lang='grc' dir='ltr'>’κατά</span> <span class='ocrx_word' id='word_1_235' title='bbox 843 2889 964 2925; x_wconf 90' lang='grc' dir='ltr'>τινα</span> <span class='ocrx_word' id='word_1_236' title='bbox 1005 2871 1399 2943; x_wconf 80' lang='grc' dir='ltr'>περιληπτικὴν</span> <span class='ocrx_word' id='word_1_237' title='bbox 1425 2871 1723 2940; x_wconf 86' lang='grc' dir='ltr'>φαντασίαν</span> <span class='ocrx_word' id='word_1_238' title='bbox 1752 2872 1810 2924; x_wconf 82' lang='grc' dir='ltr'>ὲν</span> 
     </span>
    </p>
   </div>
   <div class='ocr_carea' id='block_1_32' title="bbox 237 2961 1807 3042">
    <p class='ocr_par' dir='ltr' id='par_1_32' title="bbox 237 2961 1807 3042">
     <span class='ocr_line' id='line_1_32' title="bbox 237 2961 1807 3042; baseline -0.005 -23"><span class='ocrx_word' id='word_1_239' title='bbox 237 2965 497 3042; x_wconf 50' lang='grc' dir='ltr'>περινοίᾳ</span> <span class='ocrx_word' id='word_1_240' title='bbox 544 2964 650 3017; x_wconf 74' lang='grc' dir='ltr'>τινὶ</span> <span class='ocrx_word' id='word_1_241' title='bbox 673 2963 763 3016; x_wconf 70' lang='grc' dir='ltr'>καὶ</span> <span class='ocrx_word' id='word_1_242' title='bbox 799 2961 1088 3033; x_wconf 76' lang='grc' dir='ltr'>στοχασμῷ</span> <span class='ocrx_word' id='word_1_243' title='bbox 1136 2963 1236 3034; x_wconf 86' lang='grc' dir='ltr'>τῆς</span> <span class='ocrx_word' id='word_1_244' title='bbox 1267 2963 1477 3031; x_wconf 88' lang='grc' dir='ltr'>φύσεως</span> <span class='ocrx_word' id='word_1_245' title='bbox 1502 2961 1807 3030; x_wconf 82' lang='grc' dir='ltr'>γινομένου,</span> 
     </span>
    </p>
   </div>
   <div class='ocr_carea' id='block_1_33' title="bbox 229 3035 1808 3122">
    <p class='ocr_par' dir='ltr' id='par_1_33' title="bbox 229 3035 1808 3122">
     <span class='ocr_line' id='line_1_33' title="bbox 229 3035 1808 3122; baseline -0.004 -11"><span class='ocrx_word' id='word_1_246' title='bbox 229 3035 464 3112; x_wconf 58' lang='grc' dir='ltr'>’ἓίἕῶἷὸν</span> <span class='ocrx_word' id='word_1_247' title='bbox 482 3056 615 3109; x_wconf 89' lang='grc' dir='ltr'>Θεοῦ</span> <span class='ocrx_word' id='word_1_248' title='bbox 643 3054 971 3118; x_wconf 80' lang='grc' dir='ltr'>πλάσσοντος</span> <span class='ocrx_word' id='word_1_249' title='bbox 998 3056 1091 3108; x_wconf 75' lang='grc' dir='ltr'>καὶ</span> <span class='ocrx_word' id='word_1_250' title='bbox 1110 3055 1168 3106; x_wconf 83' lang='grc' dir='ltr'>οὐ</span> <span class='ocrx_word' id='word_1_251' title='bbox 1187 3055 1318 3106; x_wconf 82' lang='grc' dir='ltr'>Θεὸν</span> <span class='ocrx_word' id='word_1_252' title='bbox 1337 3053 1808 3122; x_wconf 80' lang='grc' dir='ltr'>καταγγέλλοντος.</span> 
     </span>
    </p>
   </div>
   <div class='ocr_carea' id='block_1_34' title="bbox 1903 592 3466 664">
    <p class='ocr_par' dir='ltr' id='par_1_34' title="bbox 1903 592 3466 664">
     <span class='ocr_line' id='line_1_34' title="bbox 1903 592 3466 664; baseline 0.003 -16"><span class='ocrx_word' id='word_1_253' title='bbox 1903 603 2216 664; x_wconf 87' lang='lat' dir='ltr'><strong>cumseptus</strong></span> <span class='ocrx_word' id='word_1_254' title='bbox 2263 592 2529 650; x_wconf 81' lang='lat' dir='ltr'><strong>invisibili</strong></span> <span class='ocrx_word' id='word_1_255' title='bbox 2567 601 2622 648; x_wconf 90' lang='lat' dir='ltr'><strong>et</strong></span> <span class='ocrx_word' id='word_1_256' title='bbox 2666 595 3244 664; x_wconf 84' lang='lat' dir='ltr'><strong>incomprehensibili,</strong></span> <span class='ocrx_word' id='word_1_257' title='bbox 3294 595 3466 652; x_wconf 91' lang='lat' dir='ltr'><strong>Deum</strong></span> 
     </span>
    </p>
   </div>
   <div class='ocr_carea' id='block_1_35' title="bbox 1902 685 3468 757">
    <p class='ocr_par' dir='ltr' id='par_1_35' title="bbox 1902 685 3468 757">
     <span class='ocr_line' id='line_1_35' title="bbox 1902 685 3468 757; baseline 0.003 -19"><span class='ocrx_word' id='word_1_258' title='bbox 1902 687 2069 740; x_wconf 90' lang='lat' dir='ltr'><strong>videt.</strong></span> <span class='ocrx_word' id='word_1_259' title='bbox 2110 685 2170 740; x_wconf 84' lang='lat' dir='ltr'><strong>In</strong></span> <span class='ocrx_word' id='word_1_260' title='bbox 2208 686 2314 740; x_wconf 86' lang='lat' dir='ltr'><strong>hoc</strong></span> <span class='ocrx_word' id='word_1_261' title='bbox 2349 687 2493 741; x_wconf 92' lang='lat' dir='ltr'><strong>enim</strong></span> <span class='ocrx_word' id='word_1_262' title='bbox 2529 687 2788 741; x_wconf 75' lang='lat' dir='ltr'><strong>consistit</strong></span> <span class='ocrx_word' id='word_1_263' title='bbox 2821 685 2915 741; x_wconf 90' lang='lat' dir='ltr'><strong>Dei</strong></span> <span class='ocrx_word' id='word_1_264' title='bbox 2950 702 3076 742; x_wconf 82' lang='lat' dir='ltr'><strong>vera</strong></span> <span class='ocrx_word' id='word_1_265' title='bbox 3105 688 3364 757; x_wconf 75' lang='lat' dir='ltr'><strong>cognitio,</strong></span> <span class='ocrx_word' id='word_1_266' title='bbox 3411 689 3468 743; x_wconf 92' lang='lat' dir='ltr'><strong>in</strong></span> 
     </span>
    </p>
   </div>
   <div class='ocr_carea' id='block_1_36' title="bbox 1905 775 3468 849">
    <p class='ocr_par' dir='ltr' id='par_1_36' title="bbox 1905 775 3468 849">
     <span class='ocr_line' id='line_1_36' title="bbox 1905 775 3468 849; baseline 0.002 -19"><span class='ocrx_word' id='word_1_267' title='bbox 1905 775 2008 832; x_wconf 89' lang='lat' dir='ltr'><strong>hoc</strong></span> <span class='ocrx_word' id='word_1_268' title='bbox 2031 784 2116 832; x_wconf 90' lang='lat' dir='ltr'><strong>est</strong></span> <span class='ocrx_word' id='word_1_269' title='bbox 2143 777 2267 847; x_wconf 85' lang='lat' dir='ltr'><strong>ejus</strong></span> <span class='ocrx_word' id='word_1_270' title='bbox 2289 777 2448 845; x_wconf 85' lang='lat' dir='ltr'><strong>visio,</strong></span> <span class='ocrx_word' id='word_1_271' title='bbox 2494 784 2556 831; x_wconf 88' lang='lat' dir='ltr'><strong>ut</strong></span> <span class='ocrx_word' id='word_1_272' title='bbox 2585 775 2775 832; x_wconf 88' lang='lat' dir='ltr'><strong>videas</strong></span> <span class='ocrx_word' id='word_1_273' title='bbox 2807 778 2952 847; x_wconf 90' lang='lat' dir='ltr'><strong>quod</strong></span> <span class='ocrx_word' id='word_1_274' title='bbox 2987 778 3159 832; x_wconf 90' lang='lat' dir='ltr'><strong>videri</strong></span> <span class='ocrx_word' id='word_1_275' title='bbox 3207 794 3313 832; x_wconf 91' lang='lat' dir='ltr'><strong>non</strong></span> <span class='ocrx_word' id='word_1_276' title='bbox 3341 794 3468 849; x_wconf 92' lang='lat' dir='ltr'><strong>pos-</strong></span> 
     </span>
    </p>
   </div>
   <div class='ocr_carea' id='block_1_37' title="bbox 1904 868 3468 939">
    <p class='ocr_par' dir='ltr' id='par_1_37' title="bbox 1904 868 3468 939">
     <span class='ocr_line' id='line_1_37' title="bbox 1904 868 3468 939; baseline 0.003 -17"><span class='ocrx_word' id='word_1_277' title='bbox 1904 871 1998 933; x_wconf 89' lang='lat' dir='ltr'><strong>sit,</strong></span> <span class='ocrx_word' id='word_1_278' title='bbox 2037 868 2182 938; x_wconf 90' lang='lat' dir='ltr'><strong>quod</strong></span> <span class='ocrx_word' id='word_1_279' title='bbox 2204 884 2418 924; x_wconf 90' lang='lat' dir='ltr'><strong>omnem</strong></span> <span class='ocrx_word' id='word_1_280' title='bbox 2453 869 2821 939; x_wconf 75' lang='lat' dir='ltr'><strong>cognitionem</strong></span> <span class='ocrx_word' id='word_1_281' title='bbox 2847 870 3087 938; x_wconf 77' lang='lat' dir='ltr'><strong>cognitio</strong></span> <span class='ocrx_word' id='word_1_282' title='bbox 3134 871 3255 939; x_wconf 82' lang='lat' dir='ltr'><strong>ejus</strong></span> <span class='ocrx_word' id='word_1_283' title='bbox 3301 886 3468 926; x_wconf 84' lang='lat' dir='ltr'><strong>exce-</strong></span> 
     </span>
    </p>
   </div>
   <div class='ocr_carea' id='block_1_38' title="bbox 1903 961 3459 1033">
    <p class='ocr_par' dir='ltr' id='par_1_38' title="bbox 1903 961 3459 1033">
     <span class='ocr_line' id='line_1_38' title="bbox 1903 961 3459 1033; baseline 0.001 -17"><span class='ocrx_word' id='word_1_284' title='bbox 1903 961 2002 1027; x_wconf 91' lang='lat' dir='ltr'><strong>dit,</strong></span> <span class='ocrx_word' id='word_1_285' title='bbox 2022 963 2178 1032; x_wconf 91' lang='lat' dir='ltr'><strong>quasi</strong></span> <span class='ocrx_word' id='word_1_286' title='bbox 2197 962 2430 1032; x_wconf 80' lang='lat' dir='ltr'><strong>caligine</strong></span> <span class='ocrx_word' id='word_1_287' title='bbox 2457 961 2692 1033; x_wconf 89' lang='lat' dir='ltr'><strong>quadam</strong></span> <span class='ocrx_word' id='word_1_288' title='bbox 2730 962 2849 1032; x_wconf 89' lang='lat' dir='ltr'><strong>ipsa</strong></span> <span class='ocrx_word' id='word_1_289' title='bbox 2881 963 3459 1032; x_wconf 87' lang='lat' dir='ltr'><strong>incomprehensibili-</strong></span> 
     </span>
    </p>
   </div>
   <div class='ocr_carea' id='block_1_39' title="bbox 1907 1053 3459 1123">
    <p class='ocr_par' dir='ltr' id='par_1_39' title="bbox 1907 1053 3459 1123">
     <span class='ocr_line' id='line_1_39' title="bbox 1907 1053 3459 1123; baseline 0.003 -19"><span class='ocrx_word' id='word_1_290' title='bbox 1907 1060 2016 1106; x_wconf 92' lang='lat' dir='ltr'><strong>tate</strong></span> <span class='ocrx_word' id='word_1_291' title='bbox 2052 1053 2293 1122; x_wconf 88' lang='lat' dir='ltr'><strong>undique</strong></span> <span class='ocrx_word' id='word_1_292' title='bbox 2321 1061 2599 1109; x_wconf 82' lang='lat' dir='ltr'><strong>contenta.</strong></span> <span class='ocrx_word' id='word_1_293' title='bbox 2650 1053 2994 1123; x_wconf 80' lang='lat' dir='ltr'><strong>Quapropter</strong></span> <span class='ocrx_word' id='word_1_294' title='bbox 3035 1053 3257 1110; x_wconf 85' lang='lat' dir='ltr'><strong>divinus</strong></span> <span class='ocrx_word' id='word_1_295' title='bbox 3294 1056 3459 1109; x_wconf 89' lang='lat' dir='ltr'><strong>etiam</strong></span> 
     </span>
    </p>
   </div>
   <div class='ocr_carea' id='block_1_40' title="bbox 1903 1142 3461 1216">
    <p class='ocr_par' dir='ltr' id='par_1_40' title="bbox 1903 1142 3461 1216">
     <span class='ocr_line' id='line_1_40' title="bbox 1903 1142 3461 1216; baseline 0 -18"><span class='ocrx_word' id='word_1_296' title='bbox 1903 1142 2165 1208; x_wconf 82' lang='lat' dir='ltr'><strong>Joannes,</strong></span> <span class='ocrx_word' id='word_1_297' title='bbox 2201 1144 2294 1216; x_wconf 91' lang='lat' dir='ltr'><strong>qui</strong></span> <span class='ocrx_word' id='word_1_298' title='bbox 2329 1145 2384 1199; x_wconf 90' lang='lat' dir='ltr'><strong>in</strong></span> <span class='ocrx_word' id='word_1_299' title='bbox 2444 1145 2945 1216; x_wconf 83' lang='lat' dir='ltr'><strong>splendidissimam</strong></span> <span class='ocrx_word' id='word_1_300' title='bbox 2979 1145 3123 1198; x_wconf 88' lang='lat' dir='ltr'><strong>hanc</strong></span> <span class='ocrx_word' id='word_1_301' title='bbox 3172 1146 3461 1216; x_wconf 78' lang='lat' dir='ltr'><strong>caliginem</strong></span> 
     </span>
    </p>
   </div>
   <div class='ocr_carea' id='block_1_41' title="bbox 1905 1235 3464 1307">
    <p class='ocr_par' dir='ltr' id='par_1_41' title="bbox 1905 1235 3464 1307">
     <span class='ocr_line' id='line_1_41' title="bbox 1905 1235 3464 1307; baseline -0.001 -16"><span class='ocrx_word' id='word_1_302' title='bbox 1905 1246 2246 1307; x_wconf 83' lang='lat' dir='ltr'><strong>pervenerat,</strong></span> <span class='ocrx_word' id='word_1_303' title='bbox 2270 1251 2375 1290; x_wconf 89' lang='lat' dir='ltr'><strong>non</strong></span> <span class='ocrx_word' id='word_1_304' title='bbox 2405 1237 2676 1291; x_wconf 84' lang='lat' dir='ltr'><strong>dubitavit</strong></span> <span class='ocrx_word' id='word_1_305' title='bbox 2697 1235 3003 1290; x_wconf 83' lang='lat' dir='ltr'><strong>exclamare</strong></span> <span class='ocrx_word' id='word_1_306' title='bbox 3029 1255 3042 1291; x_wconf 92' lang='lat'><strong>:</strong></span> <span class='ocrx_word' id='word_1_307' title='bbox 3078 1255 3096 1288; x_wconf 79' lang='grc' dir='ltr'><strong>ι</strong></span> <span class='ocrx_word' id='word_1_308' title='bbox 3122 1239 3290 1292; x_wconf 89' lang='lat' dir='ltr'><strong>Deum</strong></span> <span class='ocrx_word' id='word_1_309' title='bbox 3325 1254 3464 1290; x_wconf 90' lang='lat' dir='ltr'><strong>nun-</strong></span> 
     </span>
    </p>
   </div>
   <div class='ocr_carea' id='block_1_42' title="bbox 1903 1328 3464 1396">
    <p class='ocr_par' dir='ltr' id='par_1_42' title="bbox 1903 1328 3464 1396">
     <span class='ocr_line' id='line_1_42' title="bbox 1903 1328 3464 1396; baseline -0.001 -15"><span class='ocrx_word' id='word_1_310' title='bbox 1903 1342 2065 1396; x_wconf 89' lang='lat' dir='ltr'><strong>quam</strong></span> <span class='ocrx_word' id='word_1_311' title='bbox 2120 1328 2265 1384; x_wconf 91' lang='lat' dir='ltr'><strong>ullus</strong></span> <span class='ocrx_word' id='word_1_312' title='bbox 2312 1328 2543 1383; x_wconf 75' lang='lat' dir='ltr'><strong>vidit“:</strong></span> <span class='ocrx_word' id='word_1_313' title='bbox 2577 1348 2596 1380; x_wconf 75' lang='grc' dir='ltr'><strong>ι</strong></span> <span class='ocrx_word' id='word_1_314' title='bbox 2628 1343 2736 1381; x_wconf 90' lang='lat' dir='ltr'><strong>non</strong></span> <span class='ocrx_word' id='word_1_315' title='bbox 2779 1328 2955 1384; x_wconf 91' lang='lat' dir='ltr'><strong>solum</strong></span> <span class='ocrx_word' id='word_1_316' title='bbox 2999 1329 3332 1393; x_wconf 83' lang='lat' dir='ltr'><strong>hominibus,</strong></span> <span class='ocrx_word' id='word_1_317' title='bbox 3369 1329 3464 1382; x_wconf 87' lang='lat' dir='ltr'><strong>sed</strong></span> 
     </span>
    </p>
   </div>
   <div class='ocr_carea' id='block_1_43' title="bbox 1903 1419 3524 1491">
    <p class='ocr_par' dir='ltr' id='par_1_43' title="bbox 1903 1419 3524 1491">
     <span class='ocr_line' id='line_1_43' title="bbox 1903 1419 3524 1491; baseline 0.001 -17"><span class='ocrx_word' id='word_1_318' title='bbox 1903 1419 2254 1476; x_wconf 90' lang='lat' dir='ltr'><strong>intellectuali</strong></span> <span class='ocrx_word' id='word_1_319' title='bbox 2286 1422 2435 1476; x_wconf 89' lang='lat' dir='ltr'><strong>omni</strong></span> <span class='ocrx_word' id='word_1_320' title='bbox 2465 1432 2674 1475; x_wconf 62' lang='lat' dir='ltr'><strong>natura:</strong></span> <span class='ocrx_word' id='word_1_321' title='bbox 2702 1423 3092 1491; x_wconf 85' lang='lat' dir='ltr'><strong>impossibilem</strong></span> <span class='ocrx_word' id='word_1_322' title='bbox 3122 1424 3317 1477; x_wconf 70' lang='lat' dir='ltr'><strong>divinae</strong></span> <span class='ocrx_word' id='word_1_323' title='bbox 3339 1425 3468 1477; x_wconf 82' lang='lat' dir='ltr'><strong>sub-</strong></span> <span class='ocrx_word' id='word_1_324' title='bbox 3508 1466 3524 1481; x_wconf 91' lang='lat'><strong>.</strong></span> 
     </span>
    </p>
   </div>
   <div class='ocr_carea' id='block_1_44' title="bbox 1903 1513 3390 1584">
    <p class='ocr_par' dir='ltr' id='par_1_44' title="bbox 1903 1513 3390 1584">
     <span class='ocr_line' id='line_1_44' title="bbox 1903 1513 3390 1584; baseline -0.001 -17"><span class='ocrx_word' id='word_1_325' title='bbox 1903 1513 2119 1568; x_wconf 70' lang='lat' dir='ltr'><strong>stantia:</strong></span> <span class='ocrx_word' id='word_1_326' title='bbox 2149 1513 2515 1584; x_wconf 75' lang='lat' dir='ltr'><strong>cognitionem</strong></span> <span class='ocrx_word' id='word_1_327' title='bbox 2551 1514 2654 1568; x_wconf 89' lang='lat' dir='ltr'><strong>hac</strong></span> <span class='ocrx_word' id='word_1_328' title='bbox 2682 1515 2968 1583; x_wconf 84' lang='lat' dir='ltr'><strong>negatione</strong></span> <span class='ocrx_word' id='word_1_329' title='bbox 2999 1514 3390 1568; x_wconf 85' lang='lat' dir='ltr'><strong>determinans.</strong></span> 
     </span>
    </p>
   </div>
   <div class='ocr_carea' id='block_1_45' title="bbox 1971 1689 3468 1763">
    <p class='ocr_par' dir='ltr' id='par_1_45' title="bbox 1971 1689 3468 1763">
     <span class='ocr_line' id='line_1_45' title="bbox 1971 1689 3468 1763; baseline 0.001 -18"><span class='ocrx_word' id='word_1_330' title='bbox 1971 1689 2152 1758; x_wconf 82' lang='lat' dir='ltr'><strong>Quare</strong></span> <span class='ocrx_word' id='word_1_331' title='bbox 2179 1691 2389 1762; x_wconf 84' lang='lat' dir='ltr'><strong>Moyses</strong></span> <span class='ocrx_word' id='word_1_332' title='bbox 2415 1692 2574 1746; x_wconf 90' lang='lat' dir='ltr'><strong>etiam</strong></span> <span class='ocrx_word' id='word_1_333' title='bbox 2607 1706 2728 1746; x_wconf 89' lang='lat' dir='ltr'><strong>cum</strong></span> <span class='ocrx_word' id='word_1_334' title='bbox 2753 1693 3062 1763; x_wconf 85' lang='lat' dir='ltr'><strong>cognitione</strong></span> <span class='ocrx_word' id='word_1_335' title='bbox 3089 1693 3264 1761; x_wconf 87' lang='lat' dir='ltr'><strong>major</strong></span> <span class='ocrx_word' id='word_1_336' title='bbox 3290 1692 3468 1747; x_wconf 74' lang='lat' dir='ltr'><strong>factus</strong></span> 
     </span>
    </p>
   </div>
   <div class='ocr_carea' id='block_1_46' title="bbox 1905 1773 3632 1860">
    <p class='ocr_par' dir='ltr' id='par_1_46' title="bbox 1905 1773 3632 1860">
     <span class='ocr_line' id='line_1_46' title="bbox 1905 1773 3632 1860; baseline 0.003 -24"><span class='ocrx_word' id='word_1_337' title='bbox 1905 1783 2042 1848; x_wconf 77' lang='lat' dir='ltr'><strong>fuit,</strong></span> <span class='ocrx_word' id='word_1_338' title='bbox 2079 1791 2209 1836; x_wconf 90' lang='lat' dir='ltr'><strong>tunc</strong></span> <span class='ocrx_word' id='word_1_339' title='bbox 2237 1782 2550 1846; x_wconf 90' lang='lat' dir='ltr'><strong>conﬁtetur,</strong></span> <span class='ocrx_word' id='word_1_340' title='bbox 2590 1783 2642 1835; x_wconf 94' lang='lat' dir='ltr'><strong>in</strong></span> <span class='ocrx_word' id='word_1_341' title='bbox 2673 1785 2906 1853; x_wconf 88' lang='lat' dir='ltr'><strong>caligine</strong></span> <span class='ocrx_word' id='word_1_342' title='bbox 2938 1783 3107 1837; x_wconf 89' lang='lat' dir='ltr'><strong>Deum</strong></span> <span class='ocrx_word' id='word_1_343' title='bbox 3140 1783 3378 1846; x_wconf 81' lang='lat' dir='ltr'><strong>vidisse,</strong></span> <span class='ocrx_word' id='word_1_344' title='bbox 3413 1784 3464 1836; x_wconf 88' lang='lat' dir='ltr'><strong>id</strong></span> <span class='ocrx_word' id='word_1_345' title='bbox 3591 1773 3632 1841; x_wconf 63' lang='grc' dir='ltr'>’ν</span> 
     </span>
    </p>
   </div>
   <div class='ocr_carea' id='block_1_47' title="bbox 1900 1875 3542 1946">
    <p class='ocr_par' dir='ltr' id='par_1_47' title="bbox 1900 1875 3542 1946">
     <span class='ocr_line' id='line_1_47' title="bbox 1900 1875 3542 1946; baseline -0.002 -16"><span class='ocrx_word' id='word_1_346' title='bbox 1900 1883 2022 1936; x_wconf 87' lang='lat' dir='ltr'><strong>est.</strong></span> <span class='ocrx_word' id='word_1_347' title='bbox 2057 1881 2186 1929; x_wconf 91' lang='lat' dir='ltr'><strong>tunc</strong></span> <span class='ocrx_word' id='word_1_348' title='bbox 2215 1875 2434 1929; x_wconf 87' lang='lat' dir='ltr'><strong>demum</strong></span> <span class='ocrx_word' id='word_1_349' title='bbox 2487 1878 2814 1946; x_wconf 83' lang='lat' dir='ltr'><strong>cognovisse</strong></span> <span class='ocrx_word' id='word_1_350' title='bbox 2862 1877 3008 1929; x_wconf 83' lang='lat' dir='ltr'><strong>illam</strong></span> <span class='ocrx_word' id='word_1_351' title='bbox 3059 1890 3183 1930; x_wconf 87' lang='lat' dir='ltr'><strong>esse</strong></span> <span class='ocrx_word' id='word_1_352' title='bbox 3220 1875 3468 1929; x_wconf 87' lang='lat' dir='ltr'><strong>divinam</strong></span> <span class='ocrx_word' id='word_1_353' title='bbox 3531 1881 3542 1911; x_wconf 77' lang='grc' dir='ltr'><strong>ί</strong></span> 
     </span>
    </p>
   </div>
   <div class='ocr_carea' id='block_1_48' title="bbox 1901 1966 3473 2036">
    <p class='ocr_par' dir='ltr' id='par_1_48' title="bbox 1901 1966 3473 2036">
     <span class='ocr_line' id='line_1_48' title="bbox 1901 1966 3473 2036; baseline -0.002 -14"><span class='ocrx_word' id='word_1_354' title='bbox 1901 1976 2147 2022; x_wconf 89' lang='lat' dir='ltr'><strong>naturam</strong></span> <span class='ocrx_word' id='word_1_355' title='bbox 2173 1982 2294 2036; x_wconf 67' lang='lat' dir='ltr'><strong>qua:</strong></span> <span class='ocrx_word' id='word_1_356' title='bbox 2318 1968 2680 2036; x_wconf 87' lang='lat' dir='ltr'><strong>cognitionem</strong></span> <span class='ocrx_word' id='word_1_357' title='bbox 2707 1974 2760 2022; x_wconf 87' lang='lat' dir='ltr'><strong>et</strong></span> <span class='ocrx_word' id='word_1_358' title='bbox 2790 1966 3331 2036; x_wconf 81' lang='lat' dir='ltr'><strong>comprehensionem</strong></span> <span class='ocrx_word' id='word_1_359' title='bbox 3359 1981 3473 2019; x_wconf 83' lang='lat' dir='ltr'><strong>om-</strong></span> 
     </span>
    </p>
   </div>
   <div class='ocr_carea' id='block_1_49' title="bbox 1900 2055 3462 2128">
    <p class='ocr_par' dir='ltr' id='par_1_49' title="bbox 1900 2055 3462 2128">
     <span class='ocr_line' id='line_1_49' title="bbox 1900 2055 3462 2128; baseline -0.003 -16"><span class='ocrx_word' id='word_1_360' title='bbox 1900 2072 2020 2112; x_wconf 86' lang='lat' dir='ltr'><strong>nem</strong></span> <span class='ocrx_word' id='word_1_361' title='bbox 2045 2057 2275 2112; x_wconf 81' lang='lat' dir='ltr'><strong>excedit.</strong></span> <span class='ocrx_word' id='word_1_362' title='bbox 2307 2055 2532 2110; x_wconf 85' lang='lat' dir='ltr'><strong>intravit</strong></span> <span class='ocrx_word' id='word_1_363' title='bbox 2552 2058 2694 2110; x_wconf 92' lang='lat' dir='ltr'><strong>enim</strong></span> <span class='ocrx_word' id='word_1_364' title='bbox 2726 2055 2937 2128; x_wconf 84' lang='lat' dir='ltr'><strong>Moyses</strong></span> <span class='ocrx_word' id='word_1_365' title='bbox 2965 2058 3230 2126; x_wconf 85' lang='lat' dir='ltr'><strong>(historia</strong></span> <span class='ocrx_word' id='word_1_366' title='bbox 3261 2058 3462 2126; x_wconf 87' lang='lat' dir='ltr'><strong>inquit)</strong></span> 
     </span>
    </p>
   </div>
   <div class='ocr_carea' id='block_1_50' title="bbox 1899 2147 3462 2216">
    <p class='ocr_par' dir='ltr' id='par_1_50' title="bbox 1899 2147 3462 2216">
     <span class='ocr_line' id='line_1_50' title="bbox 1899 2147 3462 2216; baseline -0.002 -13"><span class='ocrx_word' id='word_1_367' title='bbox 1899 2148 1955 2203; x_wconf 89' lang='lat' dir='ltr'><strong>in</strong></span> <span class='ocrx_word' id='word_1_368' title='bbox 1983 2147 2267 2216; x_wconf 84' lang='lat' dir='ltr'><strong>caliginem</strong></span> <span class='ocrx_word' id='word_1_369' title='bbox 2287 2184 2303 2211; x_wconf 88' lang='lat'><strong>,</strong></span> <span class='ocrx_word' id='word_1_370' title='bbox 2331 2148 2421 2202; x_wconf 90' lang='lat' dir='ltr'><strong>ubi</strong></span> <span class='ocrx_word' id='word_1_371' title='bbox 2455 2147 2594 2203; x_wconf 88' lang='lat' dir='ltr'><strong>Deus</strong></span> <span class='ocrx_word' id='word_1_372' title='bbox 2623 2155 2740 2202; x_wconf 82' lang='lat' dir='ltr'><strong>erat</strong></span> <span class='ocrx_word' id='word_1_373' title='bbox 2773 2148 2838 2202; x_wconf 72' lang='lat'><strong>&quot;.</strong></span> <span class='ocrx_word' id='word_1_374' title='bbox 2869 2148 3129 2214; x_wconf 83' lang='lat' dir='ltr'><strong>Quisnam</strong></span> <span class='ocrx_word' id='word_1_375' title='bbox 3164 2148 3340 2202; x_wconf 89' lang='lat' dir='ltr'><strong>Deus?</strong></span> <span class='ocrx_word' id='word_1_376' title='bbox 3369 2148 3462 2216; x_wconf 90' lang='lat' dir='ltr'><strong>qui</strong></span> 
     </span>
    </p>
   </div>
   <div class='ocr_carea' id='block_1_51' title="bbox 1899 2236 3470 2308">
    <p class='ocr_par' dir='ltr' id='par_1_51' title="bbox 1899 2236 3470 2308">
     <span class='ocr_line' id='line_1_51' title="bbox 1899 2236 3470 2308; baseline -0.001 -16"><span class='ocrx_word' id='word_1_377' title='bbox 1899 2237 2081 2308; x_wconf 88' lang='lat' dir='ltr'><strong>posuit</strong></span> <span class='ocrx_word' id='word_1_378' title='bbox 2109 2237 2358 2293; x_wconf 82' lang='lat' dir='ltr'><strong>tenebras</strong></span> <span class='ocrx_word' id='word_1_379' title='bbox 2383 2238 2798 2302; x_wconf 81' lang='lat' dir='ltr'><strong>occultationem</strong></span> <span class='ocrx_word' id='word_1_380' title='bbox 2832 2254 2985 2292; x_wconf 88' lang='lat' dir='ltr'><strong>suam</strong></span> <span class='ocrx_word' id='word_1_381' title='bbox 3011 2278 3023 2301; x_wconf 88' lang='lat'><strong>,</strong></span> <span class='ocrx_word' id='word_1_382' title='bbox 3050 2248 3109 2292; x_wconf 90' lang='lat' dir='ltr'><strong>ut</strong></span> <span class='ocrx_word' id='word_1_383' title='bbox 3139 2239 3336 2292; x_wconf 85' lang='lat' dir='ltr'><strong>cecinit</strong></span> <span class='ocrx_word' id='word_1_384' title='bbox 3367 2236 3470 2291; x_wconf 86' lang='lat' dir='ltr'><strong>Da-</strong></span> 
     </span>
    </p>
   </div>
   <div class='ocr_carea' id='block_1_52' title="bbox 1899 2327 3466 2398">
    <p class='ocr_par' dir='ltr' id='par_1_52' title="bbox 1899 2327 3466 2398">
     <span class='ocr_line' id='line_1_52' title="bbox 1899 2327 3466 2398; baseline 0 -15"><span class='ocrx_word' id='word_1_385' title='bbox 1899 2329 1989 2384; x_wconf 80' lang='lat' dir='ltr'><strong>vid</strong></span> <span class='ocrx_word' id='word_1_386' title='bbox 2011 2329 2100 2383; x_wconf 92' lang='lat' dir='ltr'><strong>ille</strong></span> <span class='ocrx_word' id='word_1_387' title='bbox 2119 2328 2186 2394; x_wconf 74' lang='grc'><strong>⁸⁸,</strong></span> <span class='ocrx_word' id='word_1_388' title='bbox 2211 2329 2301 2398; x_wconf 90' lang='lat' dir='ltr'><strong>qui</strong></span> <span class='ocrx_word' id='word_1_389' title='bbox 2327 2329 2491 2383; x_wconf 91' lang='lat' dir='ltr'><strong>etiam</strong></span> <span class='ocrx_word' id='word_1_390' title='bbox 2522 2329 2576 2382; x_wconf 89' lang='lat' dir='ltr'><strong>in</strong></span> <span class='ocrx_word' id='word_1_391' title='bbox 2602 2327 2790 2384; x_wconf 89' lang='lat' dir='ltr'><strong>eadem</strong></span> <span class='ocrx_word' id='word_1_392' title='bbox 2817 2329 3051 2398; x_wconf 87' lang='lat' dir='ltr'><strong>caligine</strong></span> <span class='ocrx_word' id='word_1_393' title='bbox 3065 2328 3323 2383; x_wconf 85' lang='lat' dir='ltr'><strong>initiatus</strong></span> <span class='ocrx_word' id='word_1_394' title='bbox 3349 2337 3466 2383; x_wconf 79' lang='lat' dir='ltr'><strong>est:</strong></span> 
     </span>
    </p>
   </div>
   <div class='ocr_carea' id='block_1_53' title="bbox 1903 2419 3471 2490">
    <p class='ocr_par' dir='ltr' id='par_1_53' title="bbox 1903 2419 3471 2490">
     <span class='ocr_line' id='line_1_53' title="bbox 1903 2419 3471 2490; baseline -0.002 -15"><span class='ocrx_word' id='word_1_395' title='bbox 1903 2421 1996 2490; x_wconf 88' lang='lat' dir='ltr'><strong>qui</strong></span> <span class='ocrx_word' id='word_1_396' title='bbox 2023 2433 2155 2474; x_wconf 87' lang='lat' dir='ltr'><strong>vero</strong></span> <span class='ocrx_word' id='word_1_397' title='bbox 2194 2419 2322 2473; x_wconf 90' lang='lat' dir='ltr'><strong>illuc</strong></span> <span class='ocrx_word' id='word_1_398' title='bbox 2353 2420 2610 2482; x_wconf 89' lang='lat' dir='ltr'><strong>intravit,</strong></span> <span class='ocrx_word' id='word_1_399' title='bbox 2643 2433 2704 2473; x_wconf 87' lang='lat' dir='ltr'><strong>ea</strong></span> <span class='ocrx_word' id='word_1_400' title='bbox 2736 2419 2804 2473; x_wconf 90' lang='lat' dir='ltr'><strong>de</strong></span> <span class='ocrx_word' id='word_1_401' title='bbox 2832 2419 3031 2488; x_wconf 87' lang='lat' dir='ltr'><strong>quibus</strong></span> <span class='ocrx_word' id='word_1_402' title='bbox 3057 2428 3182 2473; x_wconf 87' lang='lat' dir='ltr'><strong>ante</strong></span> <span class='ocrx_word' id='word_1_403' title='bbox 3212 2435 3305 2488; x_wconf 90' lang='lat' dir='ltr'><strong>per</strong></span> <span class='ocrx_word' id='word_1_404' title='bbox 3336 2419 3471 2472; x_wconf 86' lang='lat' dir='ltr'><strong>cali-</strong></span> 
     </span>
    </p>
   </div>
   <div class='ocr_carea' id='block_1_54' title="bbox 1904 2509 3473 2581">
    <p class='ocr_par' dir='ltr' id='par_1_54' title="bbox 1904 2509 3473 2581">
     <span class='ocr_line' id='line_1_54' title="bbox 1904 2509 3473 2581; baseline -0.001 -17"><span class='ocrx_word' id='word_1_405' title='bbox 1904 2511 2080 2581; x_wconf 89' lang='lat' dir='ltr'><strong>ginem</strong></span> <span class='ocrx_word' id='word_1_406' title='bbox 2118 2509 2294 2564; x_wconf 73' lang='lat' dir='ltr'><strong>fuerat</strong></span> <span class='ocrx_word' id='word_1_407' title='bbox 2326 2511 2608 2572; x_wconf 89' lang='lat' dir='ltr'><strong>eruditus,</strong></span> <span class='ocrx_word' id='word_1_408' title='bbox 2644 2525 2836 2566; x_wconf 86' lang='lat' dir='ltr'><strong>rursus</strong></span> <span class='ocrx_word' id='word_1_409' title='bbox 2870 2527 2965 2579; x_wconf 89' lang='lat' dir='ltr'><strong>per</strong></span> <span class='ocrx_word' id='word_1_410' title='bbox 2999 2511 3280 2580; x_wconf 81' lang='lat' dir='ltr'><strong>caliginem</strong></span> <span class='ocrx_word' id='word_1_411' title='bbox 3312 2509 3473 2563; x_wconf 87' lang='lat' dir='ltr'><strong>doce—</strong></span> 
     </span>
    </p>
   </div>
   <div class='ocr_carea' id='block_1_55' title="bbox 1907 2600 3471 2670">
    <p class='ocr_par' dir='ltr' id='par_1_55' title="bbox 1907 2600 3471 2670">
     <span class='ocr_line' id='line_1_55' title="bbox 1907 2600 3471 2670; baseline -0.001 -16"><span class='ocrx_word' id='word_1_412' title='bbox 1907 2611 2012 2666; x_wconf 88' lang='lat' dir='ltr'><strong>tur,</strong></span> <span class='ocrx_word' id='word_1_413' title='bbox 2060 2609 2120 2655; x_wconf 88' lang='lat' dir='ltr'><strong>ut</strong></span> <span class='ocrx_word' id='word_1_414' title='bbox 2159 2600 2283 2666; x_wconf 88' lang='lat' dir='ltr'><strong>ﬁat,</strong></span> <span class='ocrx_word' id='word_1_415' title='bbox 2323 2600 2537 2670; x_wconf 88' lang='lat' dir='ltr'><strong>opinor,</strong></span> <span class='ocrx_word' id='word_1_416' title='bbox 2582 2600 2793 2655; x_wconf 90' lang='lat' dir='ltr'><strong>ﬁrmius</strong></span> <span class='ocrx_word' id='word_1_417' title='bbox 2827 2601 2929 2654; x_wconf 90' lang='lat' dir='ltr'><strong>hoc</strong></span> <span class='ocrx_word' id='word_1_418' title='bbox 2962 2600 3240 2655; x_wconf 87' lang='lat' dir='ltr'><strong>decretum</strong></span> <span class='ocrx_word' id='word_1_419' title='bbox 3289 2601 3471 2655; x_wconf 88' lang='lat' dir='ltr'><strong>divina</strong></span> 
     </span>
    </p>
   </div>
   <div class='ocr_carea' id='block_1_56' title="bbox 1906 2690 3468 2762">
    <p class='ocr_par' dir='ltr' id='par_1_56' title="bbox 1906 2690 3468 2762">
     <span class='ocr_line' id='line_1_56' title="bbox 1906 2690 3468 2762; baseline -0.001 -16"><span class='ocrx_word' id='word_1_420' title='bbox 1906 2707 2038 2748; x_wconf 82' lang='lat' dir='ltr'><strong>voce</strong></span> <span class='ocrx_word' id='word_1_421' title='bbox 2066 2704 2226 2762; x_wconf 90' lang='lat' dir='ltr'><strong>atque</strong></span> <span class='ocrx_word' id='word_1_422' title='bbox 2275 2693 2604 2748; x_wconf 84' lang='lat' dir='ltr'><strong>auctoritate</strong></span> <span class='ocrx_word' id='word_1_423' title='bbox 2637 2692 3074 2762; x_wconf 87' lang='lat' dir='ltr'><strong>comprobatum.</strong></span> <span class='ocrx_word' id='word_1_424' title='bbox 3125 2690 3284 2745; x_wconf 81' lang='lat' dir='ltr'><strong>Vetat</strong></span> <span class='ocrx_word' id='word_1_425' title='bbox 3327 2693 3468 2745; x_wconf 89' lang='lat' dir='ltr'><strong>enim</strong></span> 
     </span>
    </p>
   </div>
   <div class='ocr_carea' id='block_1_57' title="bbox 1908 2768 3470 2853">
    <p class='ocr_par' dir='ltr' id='par_1_57' title="bbox 1908 2768 3470 2853">
     <span class='ocr_line' id='line_1_57' title="bbox 1908 2768 3470 2853; baseline -0.001 -16"><span class='ocrx_word' id='word_1_426' title='bbox 1908 2783 1962 2837; x_wconf 92' lang='lat' dir='ltr'><strong>in</strong></span> <span class='ocrx_word' id='word_1_427' title='bbox 2010 2782 2202 2853; x_wconf 88' lang='lat' dir='ltr'><strong>primis</strong></span> <span class='ocrx_word' id='word_1_428' title='bbox 2231 2781 2476 2837; x_wconf 88' lang='lat' dir='ltr'><strong>divinum</strong></span> <span class='ocrx_word' id='word_1_429' title='bbox 2519 2793 2847 2853; x_wconf 60' lang='lat' dir='ltr'><strong>praeceptum</strong></span> <span class='ocrx_word' id='word_1_430' title='bbox 2881 2783 2952 2846; x_wconf 69' lang='lat'><strong>‘7,</strong></span> <span class='ocrx_word' id='word_1_431' title='bbox 2997 2799 3065 2836; x_wconf 90' lang='lat' dir='ltr'><strong>ne</strong></span> <span class='ocrx_word' id='word_1_432' title='bbox 3118 2768 3352 2851; x_wconf 77' lang='lat' dir='ltr'><strong>alicujus</strong></span> <span class='ocrx_word' id='word_1_433' title='bbox 3392 2783 3470 2836; x_wconf 89' lang='lat' dir='ltr'><strong>rei</strong></span> 
     </span>
    </p>
   </div>
   <div class='ocr_carea' id='block_1_58' title="bbox 1908 2874 3469 2946">
    <p class='ocr_par' dir='ltr' id='par_1_58' title="bbox 1908 2874 3469 2946">
     <span class='ocr_line' id='line_1_58' title="bbox 1908 2874 3469 2946; baseline 0.001 -20"><span class='ocrx_word' id='word_1_434' title='bbox 1908 2890 2069 2944; x_wconf 89' lang='lat' dir='ltr'><strong>quam</strong></span> <span class='ocrx_word' id='word_1_435' title='bbox 2094 2889 2396 2945; x_wconf 86' lang='lat' dir='ltr'><strong>cognoscas</strong></span> <span class='ocrx_word' id='word_1_436' title='bbox 2417 2915 2430 2938; x_wconf 92' lang='lat'><strong>,</strong></span> <span class='ocrx_word' id='word_1_437' title='bbox 2456 2874 2624 2929; x_wconf 89' lang='lat' dir='ltr'><strong>Deum</strong></span> <span class='ocrx_word' id='word_1_438' title='bbox 2649 2876 2878 2929; x_wconf 81' lang='lat' dir='ltr'><strong>similem</strong></span> <span class='ocrx_word' id='word_1_439' title='bbox 2905 2884 3060 2946; x_wconf 88' lang='lat' dir='ltr'><strong>putes</strong></span> <span class='ocrx_word' id='word_1_440' title='bbox 3088 2894 3099 2929; x_wconf 92' lang='lat'><strong>:</strong></span> <span class='ocrx_word' id='word_1_441' title='bbox 3125 2876 3301 2929; x_wconf 87' lang='lat' dir='ltr'><strong>omnis</strong></span> <span class='ocrx_word' id='word_1_442' title='bbox 3326 2875 3469 2928; x_wconf 85' lang='lat' dir='ltr'><strong>enim</strong></span> 
     </span>
    </p>
   </div>
   <div class='ocr_carea' id='block_1_59' title="bbox 1909 2965 3528 3035">
    <p class='ocr_par' dir='ltr' id='par_1_59' title="bbox 1909 2965 3528 3035">
     <span class='ocr_line' id='line_1_59' title="bbox 1909 2965 3528 3035; baseline 0.001 -17"><span class='ocrx_word' id='word_1_443' title='bbox 1909 2965 2256 3031; x_wconf 90' lang='lat' dir='ltr'><strong>intellectus,</strong></span> <span class='ocrx_word' id='word_1_444' title='bbox 2299 2966 2394 3035; x_wconf 89' lang='lat' dir='ltr'><strong>qui</strong></span> <span class='ocrx_word' id='word_1_445' title='bbox 2438 2966 2783 3035; x_wconf 88' lang='lat' dir='ltr'><strong>phantastica</strong></span> <span class='ocrx_word' id='word_1_446' title='bbox 2821 2968 3055 3035; x_wconf 84' lang='lat' dir='ltr'><strong>quadam</strong></span> <span class='ocrx_word' id='word_1_447' title='bbox 3107 2966 3470 3035; x_wconf 84' lang='lat' dir='ltr'><strong>cogitatione,</strong></span> <span class='ocrx_word' id='word_1_448' title='bbox 3525 2969 3528 2972; x_wconf 87' lang='grc'><strong>’</strong></span> 
     </span>
    </p>
   </div>
   <div class='ocr_carea' id='block_1_60' title="bbox 1909 3056 3522 3126">
    <p class='ocr_par' dir='ltr' id='par_1_60' title="bbox 1909 3056 3522 3126">
     <span class='ocr_line' id='line_1_60' title="bbox 1909 3056 3522 3126; baseline 0.002 -17"><span class='ocrx_word' id='word_1_449' title='bbox 1909 3058 2064 3126; x_wconf 89' lang='lat' dir='ltr'><strong>quasi</strong></span> <span class='ocrx_word' id='word_1_450' title='bbox 2091 3057 2405 3124; x_wconf 85' lang='lat' dir='ltr'><strong>conjectura</strong></span> <span class='ocrx_word' id='word_1_451' title='bbox 2427 3057 2668 3111; x_wconf 82' lang='lat' dir='ltr'><strong>divinam</strong></span> <span class='ocrx_word' id='word_1_452' title='bbox 2703 3067 2953 3109; x_wconf 89' lang='lat' dir='ltr'><strong>naturam</strong></span> <span class='ocrx_word' id='word_1_453' title='bbox 2982 3056 3365 3124; x_wconf 85' lang='lat' dir='ltr'><strong>apprehendit,</strong></span> <span class='ocrx_word' id='word_1_454' title='bbox 3397 3056 3474 3110; x_wconf 79' lang='lat' dir='ltr'><strong>si-</strong></span> <span class='ocrx_word' id='word_1_455' title='bbox 3515 3059 3522 3112; x_wconf 76' lang='grc' dir='ltr'><em>ἕ</em></span> 
     </span>
    </p>
   </div>
   <div class='ocr_carea' id='block_1_61' title="bbox 188 3141 1817 3246">
    <p class='ocr_par' dir='ltr' id='par_1_61' title="bbox 188 3144 1811 3228">
     <span class='ocr_line' id='line_1_61' title="bbox 188 3144 1811 3228; baseline -0.006 -25"><span class='ocrx_word' id='word_1_456' title='bbox 188 3146 192 3147; x_wconf 22' lang='grc' dir='ltr'><strong>ί</strong></span> <span class='ocrx_word' id='word_1_457' title='bbox 237 3151 378 3220; x_wconf 86' lang='grc' dir='ltr'><strong>Διχῆ</strong></span> <span class='ocrx_word' id='word_1_458' title='bbox 408 3149 465 3202; x_wconf 84' lang='grc' dir='ltr'>δὲ</span> <span class='ocrx_word' id='word_1_459' title='bbox 509 3149 606 3220; x_wconf 80' lang='grc' dir='ltr'>τῆς</span> <span class='ocrx_word' id='word_1_460' title='bbox 641 3150 757 3202; x_wconf 79' lang='grc' dir='ltr'>κατ’</span> <span class='ocrx_word' id='word_1_461' title='bbox 793 3145 1312 3228; x_wconf 68' lang='grc' dir='ltr'>εὐσέϐειανάρετὴς</span> <span class='ocrx_word' id='word_1_462' title='bbox 1339 3145 1693 3220; x_wconf 79' lang='grc' dir='ltr'>διῃρημένης,</span> <span class='ocrx_word' id='word_1_463' title='bbox 1731 3144 1811 3206; x_wconf 77' lang='grc' dir='ltr'>εἷς</span> 
     </span>
    </p>
   </div>
   <div class='ocr_carea' id='block_1_62' title="bbox 1907 3141 3523 3246">
    <p class='ocr_par' dir='ltr' id='par_1_62' title="bbox 1911 3141 3523 3217">
     <span class='ocr_line' id='line_1_62' title="bbox 1911 3141 3523 3217; baseline -0.002 -16"><span class='ocrx_word' id='word_1_464' title='bbox 1911 3149 2212 3201; x_wconf 89' lang='lat' dir='ltr'><strong>mulacrum</strong></span> <span class='ocrx_word' id='word_1_465' title='bbox 2240 3149 2455 3217; x_wconf 92' lang='lat' dir='ltr'><strong>quidem</strong></span> <span class='ocrx_word' id='word_1_466' title='bbox 2493 3148 2582 3202; x_wconf 87' lang='lat' dir='ltr'><strong>Dei</strong></span> <span class='ocrx_word' id='word_1_467' title='bbox 2612 3147 2765 3201; x_wconf 83' lang='lat' dir='ltr'><strong>ﬁnxit</strong></span> <span class='ocrx_word' id='word_1_468' title='bbox 2789 3151 2841 3201; x_wconf 91' lang='lat' dir='ltr'><strong>in</strong></span> <span class='ocrx_word' id='word_1_469' title='bbox 2868 3161 3074 3212; x_wconf 84' lang='lat' dir='ltr'><strong>mente,</strong></span> <span class='ocrx_word' id='word_1_470' title='bbox 3101 3147 3266 3203; x_wconf 92' lang='lat' dir='ltr'><strong>Deum</strong></span> <span class='ocrx_word' id='word_1_471' title='bbox 3294 3157 3471 3201; x_wconf 90' lang='lat' dir='ltr'><strong>autem</strong></span> <span class='ocrx_word' id='word_1_472' title='bbox 3510 3141 3523 3175; x_wconf 69' lang='grc' dir='ltr'><strong>ί</strong></span> 
     </span>
    </p>
   </div>
   <div class='ocr_carea' id='block_1_63' title="bbox 235 3223 1802 3309">
    <p class='ocr_par' dir='ltr' id='par_1_63' title="bbox 235 3223 1802 3309">
     <span class='ocr_line' id='line_1_63' title="bbox 235 3223 1802 3309; baseline -0.006 -14"><span class='ocrx_word' id='word_1_473' title='bbox 235 3259 306 3295; x_wconf 80' lang='grc' dir='ltr'>τε</span> <span class='ocrx_word' id='word_1_474' title='bbox 331 3242 394 3296; x_wconf 84' lang='grc' dir='ltr'>τὸ</span> <span class='ocrx_word' id='word_1_475' title='bbox 416 3243 586 3305; x_wconf 83' lang='grc' dir='ltr'>Θείον,</span> <span class='ocrx_word' id='word_1_476' title='bbox 613 3240 704 3294; x_wconf 81' lang='grc' dir='ltr'>καὶ</span> <span class='ocrx_word' id='word_1_477' title='bbox 731 3241 809 3303; x_wconf 89' lang='grc' dir='ltr'><strong>είς</strong></span> <span class='ocrx_word' id='word_1_478' title='bbox 825 3240 921 3308; x_wconf 83' lang='grc' dir='ltr'>τὴν</span> <span class='ocrx_word' id='word_1_479' title='bbox 940 3236 1032 3290; x_wconf 87' lang='grc' dir='ltr'><strong>τοῦ</strong></span> <span class='ocrx_word' id='word_1_480' title='bbox 1058 3223 1218 3308; x_wconf 66' lang='grc' dir='ltr'>ἤθους</span> <span class='ocrx_word' id='word_1_481' title='bbox 1241 3237 1571 3309; x_wconf 84' lang='grc' dir='ltr'>κατόρθωσιν</span> <span class='ocrx_word' id='word_1_482' title='bbox 1595 3251 1609 3266; x_wconf 80' lang='grc'><strong><em>⁸</em></strong></span> <span class='ocrx_word' id='word_1_483' title='bbox 1639 3235 1802 3306; x_wconf 81' lang='grc' dir='ltr'>μέρος</span> 
     </span>
    </p>
   </div>
   <div class='ocr_carea' id='block_1_64' title="bbox 237 3329 1799 3404">
    <p class='ocr_par' dir='ltr' id='par_1_64' title="bbox 237 3329 1799 3404">
     <span class='ocr_line' id='line_1_64' title="bbox 237 3329 1799 3404; baseline -0.003 -19"><span class='ocrx_word' id='word_1_484' title='bbox 237 3332 355 3404; x_wconf 83' lang='grc' dir='ltr'><strong>γὰρ</strong></span> <span class='ocrx_word' id='word_1_485' title='bbox 400 3332 705 3395; x_wconf 84' lang='grc' dir='ltr'>εὐσεϐείας,</span> <span class='ocrx_word' id='word_1_486' title='bbox 756 3331 850 3385; x_wconf 72' lang='grc' dir='ltr'>καὶ</span> <span class='ocrx_word' id='word_1_487' title='bbox 885 3333 919 3403; x_wconf 80' lang='grc' dir='ltr'>ἠ</span> <span class='ocrx_word' id='word_1_488' title='bbox 966 3331 1059 3384; x_wconf 86' lang='grc' dir='ltr'><strong>τοῦ</strong></span> <span class='ocrx_word' id='word_1_489' title='bbox 1098 3330 1260 3402; x_wconf 77' lang='grc' dir='ltr'>ἤθους</span> <span class='ocrx_word' id='word_1_490' title='bbox 1303 3330 1610 3400; x_wconf 79' lang='grc' dir='ltr'>καθαρότης</span> <span class='ocrx_word' id='word_1_491' title='bbox 1653 3329 1799 3381; x_wconf 86' lang='grc' dir='ltr'>ὲστί·</span> 
     </span>
    </p>
   </div>
   <div class='ocr_carea' id='block_1_65' title="bbox 241 3418 1809 3495">
    <p class='ocr_par' dir='ltr' id='par_1_65' title="bbox 241 3418 1809 3495">
     <span class='ocr_line' id='line_1_65' title="bbox 241 3418 1809 3495; baseline -0.004 -17"><span class='ocrx_word' id='word_1_492' title='bbox 241 3423 437 3495; x_wconf 84' lang='grc' dir='ltr'>μαθὼν</span> <span class='ocrx_word' id='word_1_493' title='bbox 469 3426 526 3476; x_wconf 83' lang='grc' dir='ltr'>ὲν</span> <span class='ocrx_word' id='word_1_494' title='bbox 551 3423 804 3494; x_wconf 80' lang='grc' dir='ltr'>πρώτοις,</span> <span class='ocrx_word' id='word_1_495' title='bbox 832 3422 868 3477; x_wconf 82' lang='grc' dir='ltr'><strong>ἂ.</strong></span> <span class='ocrx_word' id='word_1_496' title='bbox 897 3421 1002 3494; x_wconf 82' lang='grc' dir='ltr'><strong>χρὴ</strong></span> <span class='ocrx_word' id='word_1_497' title='bbox 1039 3423 1166 3493; x_wconf 72' lang='grc' dir='ltr'>περὶ</span> <span class='ocrx_word' id='word_1_498' title='bbox 1202 3420 1334 3474; x_wconf 86' lang='grc' dir='ltr'>Θεοῦ</span> <span class='ocrx_word' id='word_1_499' title='bbox 1373 3420 1694 3490; x_wconf 82' lang='grc' dir='ltr'><strong>γινώσκειν⁸</strong></span> <span class='ocrx_word' id='word_1_500' title='bbox 1747 3418 1809 3472; x_wconf 82' lang='grc' dir='ltr'>τὸ</span> 
     </span>
    </p>
   </div>
   <div class='ocr_carea' id='block_1_66' title="bbox 233 3510 1809 3587">
    <p class='ocr_par' dir='ltr' id='par_1_66' title="bbox 233 3510 1809 3587">
     <span class='ocr_line' id='line_1_66' title="bbox 233 3510 1809 3587; baseline -0.004 -17"><span class='ocrx_word' id='word_1_501' title='bbox 233 3517 299 3570; x_wconf 78' lang='grc' dir='ltr'><strong>δέ</strong></span> <span class='ocrx_word' id='word_1_502' title='bbox 327 3533 393 3586; x_wconf 86' lang='grc' dir='ltr'>γε</span> <span class='ocrx_word' id='word_1_503' title='bbox 423 3515 710 3586; x_wconf 86' lang='grc' dir='ltr'>γινώσκειν</span> <span class='ocrx_word' id='word_1_504' title='bbox 737 3512 828 3587; x_wconf 78' lang='grc' dir='ltr'>ἦν,</span> <span class='ocrx_word' id='word_1_505' title='bbox 855 3515 916 3568; x_wconf 85' lang='grc' dir='ltr'>τὸ</span> <span class='ocrx_word' id='word_1_506' title='bbox 947 3515 1110 3586; x_wconf 85' lang='grc' dir='ltr'>μηδὲν</span> <span class='ocrx_word' id='word_1_507' title='bbox 1149 3513 1276 3584; x_wconf 76' lang='grc' dir='ltr'>περὶ</span> <span class='ocrx_word' id='word_1_508' title='bbox 1300 3511 1463 3568; x_wconf 80' lang='grc' dir='ltr'>αὐτοῦ</span> <span class='ocrx_word' id='word_1_509' title='bbox 1495 3511 1602 3565; x_wconf 84' lang='grc' dir='ltr'>τῶν</span> <span class='ocrx_word' id='word_1_510' title='bbox 1636 3510 1694 3575; x_wconf 75' lang='grc' dir='ltr'><strong>ἐξ</strong></span> <span class='ocrx_word' id='word_1_511' title='bbox 1718 3513 1809 3565; x_wconf 82' lang='grc' dir='ltr'>άν-</span> 
     </span>
    </p>
   </div>
   <div class='ocr_carea' id='block_1_67' title="bbox 235 3604 1808 3680">
    <p class='ocr_par' dir='ltr' id='par_1_67' title="bbox 235 3604 1808 3680">
     <span class='ocr_line' id='line_1_67' title="bbox 235 3604 1808 3680; baseline -0.003 -20"><span class='ocrx_word' id='word_1_512' title='bbox 235 3610 524 3680; x_wconf 78' lang='grc' dir='ltr'>θρωπίνης</span> <span class='ocrx_word' id='word_1_513' title='bbox 547 3608 903 3680; x_wconf 79' lang='grc' dir='ltr'>καταλήψεως</span> <span class='ocrx_word' id='word_1_514' title='bbox 935 3607 1350 3676; x_wconf 81' lang='grc' dir='ltr'>γινωσκομένων</span> <span class='ocrx_word' id='word_1_515' title='bbox 1375 3605 1568 3658; x_wconf 83' lang='grc' dir='ltr'>εἰδέναι</span> <span class='ocrx_word' id='word_1_516' title='bbox 1589 3621 1602 3634; x_wconf 88' lang='grc'><strong>·</strong></span> <span class='ocrx_word' id='word_1_517' title='bbox 1638 3604 1808 3669; x_wconf 76' lang='grc' dir='ltr'>οὕτως</span> 
     </span>
    </p>
   </div>
   <div class='ocr_carea' id='block_1_68' title="bbox 231 3695 1807 3774">
    <p class='ocr_par' dir='ltr' id='par_1_68' title="bbox 231 3695 1807 3774">
     <span class='ocr_line' id='line_1_68' title="bbox 231 3695 1807 3774; baseline -0.005 -17"><span class='ocrx_word' id='word_1_518' title='bbox 231 3705 300 3757; x_wconf 79' lang='grc' dir='ltr'>τὸ</span> <span class='ocrx_word' id='word_1_519' title='bbox 333 3702 527 3774; x_wconf 77' lang='grc' dir='ltr'>ἕτερον</span> <span class='ocrx_word' id='word_1_520' title='bbox 560 3701 658 3770; x_wconf 79' lang='grc' dir='ltr'>τῆς</span> <span class='ocrx_word' id='word_1_521' title='bbox 681 3701 877 3771; x_wconf 84' lang='grc' dir='ltr'>ἀρετῆς</span> <span class='ocrx_word' id='word_1_522' title='bbox 915 3696 1052 3762; x_wconf 81' lang='grc' dir='ltr'>εἶδος</span> <span class='ocrx_word' id='word_1_523' title='bbox 1082 3695 1408 3761; x_wconf 77' lang='grc' dir='ltr'>διδάσκεται,</span> <span class='ocrx_word' id='word_1_524' title='bbox 1441 3696 1724 3767; x_wconf 78' lang='grc' dir='ltr'>μανθάνων</span> <span class='ocrx_word' id='word_1_525' title='bbox 1749 3700 1807 3750; x_wconf 84' lang='grc' dir='ltr'>ὲν</span> 
     </span>
    </p>
   </div>
   <div class='ocr_carea' id='block_1_69' title="bbox 232 3787 1804 3863">
    <p class='ocr_par' dir='ltr' id='par_1_69' title="bbox 232 3787 1804 3863">
     <span class='ocr_line' id='line_1_69' title="bbox 232 3787 1804 3863; baseline -0.004 -14"><span class='ocrx_word' id='word_1_526' title='bbox 232 3797 374 3858; x_wconf 71' lang='grc' dir='ltr'>οἵοις</span> <span class='ocrx_word' id='word_1_527' title='bbox 425 3792 849 3863; x_wconf 74' lang='grc' dir='ltr'>ἐπιτηδεύμασιν</span> <span class='ocrx_word' id='word_1_528' title='bbox 892 3793 921 3844; x_wconf 88' lang='grc' dir='ltr'><strong>ό</strong></span> <span class='ocrx_word' id='word_1_529' title='bbox 982 3791 1231 3861; x_wconf 75' lang='grc' dir='ltr'>ἐνάρετος</span> <span class='ocrx_word' id='word_1_530' title='bbox 1265 3788 1625 3855; x_wconf 79' lang='grc' dir='ltr'>κατορθοῦται</span> <span class='ocrx_word' id='word_1_531' title='bbox 1671 3787 1804 3858; x_wconf 83' lang='grc' dir='ltr'>βίος.</span> 
     </span>
    </p>
   </div>
   <div class='ocr_carea' id='block_1_70' title="bbox 231 3880 1809 3956">
    <p class='ocr_par' dir='ltr' id='par_1_70' title="bbox 231 3880 1809 3956">
     <span class='ocr_line' id='line_1_70' title="bbox 231 3880 1809 3956; baseline -0.008 -12"><span class='ocrx_word' id='word_1_532' title='bbox 231 3887 400 3944; x_wconf 77' lang='grc' dir='ltr'>Μετὰ</span> <span class='ocrx_word' id='word_1_533' title='bbox 443 3886 600 3940; x_wconf 86' lang='grc' dir='ltr'>τοῦτο</span> <span class='ocrx_word' id='word_1_534' title='bbox 646 3889 702 3939; x_wconf 81' lang='grc' dir='ltr'>ὲν</span> <span class='ocrx_word' id='word_1_535' title='bbox 736 3887 802 3956; x_wconf 84' lang='grc' dir='ltr'><strong>τῇ</strong></span> <span class='ocrx_word' id='word_1_536' title='bbox 831 3883 1226 3954; x_wconf 78' lang='grc' dir='ltr'>ἀχειροποιήτῳ</span> <span class='ocrx_word' id='word_1_537' title='bbox 1255 3885 1426 3952; x_wconf 68' lang='grc' dir='ltr'>σκη.ῇ</span> <span class='ocrx_word' id='word_1_538' title='bbox 1454 3882 1679 3950; x_wconf 89' lang='grc' dir='ltr'>γίνεται.</span> <span class='ocrx_word' id='word_1_539' title='bbox 1713 3880 1809 3942; x_wconf 89' lang='grc' dir='ltr'>Τίς</span> 
     </span>
    </p>
   </div>
   <div class='ocr_carea' id='block_1_71' title="bbox 227 3969 1808 4048">
    <p class='ocr_par' dir='ltr' id='par_1_71' title="bbox 227 3969 1808 4048">
     <span class='ocr_line' id='line_1_71' title="bbox 227 3969 1808 4048; baseline -0.006 -15"><span class='ocrx_word' id='word_1_540' title='bbox 227 3977 596 4048; x_wconf 75' lang='grc' dir='ltr'>ἀκολουθήσει</span> <span class='ocrx_word' id='word_1_541' title='bbox 630 3975 708 4046; x_wconf 81' lang='grc' dir='ltr'>τῷ</span> <span class='ocrx_word' id='word_1_542' title='bbox 743 3975 829 4028; x_wconf 81' lang='grc' dir='ltr'>διὰ</span> <span class='ocrx_word' id='word_1_543' title='bbox 863 3974 971 4026; x_wconf 85' lang='grc' dir='ltr'>τῶν</span> <span class='ocrx_word' id='word_1_544' title='bbox 1003 3971 1254 4026; x_wconf 85' lang='grc' dir='ltr'>τοιούτων</span> <span class='ocrx_word' id='word_1_545' title='bbox 1288 3969 1545 4034; x_wconf 79' lang='grc' dir='ltr'>ὁδεύοντι,</span> <span class='ocrx_word' id='word_1_546' title='bbox 1583 3971 1676 4023; x_wconf 73' lang='grc' dir='ltr'>καὶ</span> <span class='ocrx_word' id='word_1_547' title='bbox 1717 3972 1808 4024; x_wconf 77' lang='grc' dir='ltr'><strong>ἐπὶ</strong></span> 
     </span>
    </p>
   </div>
   <div class='ocr_carea' id='block_1_72' title="bbox 226 4062 1805 4138">
    <p class='ocr_par' dir='ltr' id='par_1_72' title="bbox 226 4062 1805 4138">
     <span class='ocr_line' id='line_1_72' title="bbox 226 4062 1805 4138; baseline -0.007 -14"><span class='ocrx_word' id='word_1_548' title='bbox 226 4070 491 4124; x_wconf 84' lang='grc' dir='ltr'>τοσοῦτον</span> <span class='ocrx_word' id='word_1_549' title='bbox 518 4067 802 4138; x_wconf 72' lang='grc' dir='ltr'>ὑψουμένῳ</span> <span class='ocrx_word' id='word_1_550' title='bbox 829 4065 919 4119; x_wconf 80' lang='grc' dir='ltr'>τὸν</span> <span class='ocrx_word' id='word_1_551' title='bbox 941 4065 1096 4130; x_wconf 87' lang='grc' dir='ltr'>νοῦν;</span> <span class='ocrx_word' id='word_1_552' title='bbox 1141 4063 1198 4128; x_wconf 83' lang='grc' dir='ltr'>ὃς</span> <span class='ocrx_word' id='word_1_553' title='bbox 1224 4062 1474 4134; x_wconf 86' lang='grc' dir='ltr'>καθάπερ</span> <span class='ocrx_word' id='word_1_554' title='bbox 1497 4063 1620 4115; x_wconf 81' lang='grc' dir='ltr'>τινὰ</span> <span class='ocrx_word' id='word_1_555' title='bbox 1643 4080 1805 4133; x_wconf 86' lang='grc' dir='ltr'>κορυ-</span> 
     </span>
    </p>
   </div>
   <div class='ocr_carea' id='block_1_73' title="bbox 229 4153 1806 4234">
    <p class='ocr_par' dir='ltr' id='par_1_73' title="bbox 229 4153 1806 4234">
     <span class='ocr_line' id='line_1_73' title="bbox 229 4153 1806 4234; baseline -0.006 -20"><span class='ocrx_word' id='word_1_556' title='bbox 229 4164 352 4234; x_wconf 22' lang='grc' dir='ltr'>φὴν,</span> <span class='ocrx_word' id='word_1_557' title='bbox 371 4164 438 4214; x_wconf 79' lang='grc' dir='ltr'>ὲκ</span> <span class='ocrx_word' id='word_1_558' title='bbox 473 4159 717 4230; x_wconf 81' lang='grc' dir='ltr'>κορυφῆς</span> <span class='ocrx_word' id='word_1_559' title='bbox 756 4155 1202 4227; x_wconf 85' lang='grc' dir='ltr'>μεταλαμϐάνων,</span> <span class='ocrx_word' id='word_1_560' title='bbox 1231 4155 1317 4206; x_wconf 81' lang='grc' dir='ltr'><strong>διά</strong></span> <span class='ocrx_word' id='word_1_561' title='bbox 1338 4155 1434 4225; x_wconf 80' lang='grc' dir='ltr'>τῆς</span> <span class='ocrx_word' id='word_1_562' title='bbox 1461 4155 1567 4208; x_wconf 84' lang='grc' dir='ltr'><strong>τῶν</strong></span> <span class='ocrx_word' id='word_1_563' title='bbox 1589 4153 1806 4225; x_wconf 68' lang='grc' dir='ltr'>ὑψηλῶν</span> 
     </span>
    </p>
   </div>
   <div class='ocr_carea' id='block_1_74' title="bbox 226 4245 1802 4314">
    <p class='ocr_par' dir='ltr' id='par_1_74' title="bbox 226 4245 1802 4314">
     <span class='ocr_line' id='line_1_74' title="bbox 226 4245 1802 4314; baseline -0.006 -7"><span class='ocrx_word' id='word_1_564' title='bbox 226 4252 582 4314; x_wconf 87' lang='grc' dir='ltr'>ἀναϐάσεως,</span> <span class='ocrx_word' id='word_1_565' title='bbox 605 4250 690 4303; x_wconf 76' lang='grc' dir='ltr'><strong>ἀεὶ</strong></span> <span class='ocrx_word' id='word_1_566' title='bbox 721 4247 912 4302; x_wconf 78' lang='grc' dir='ltr'>ἑαυτοῦ</span> <span class='ocrx_word' id='word_1_567' title='bbox 953 4246 1156 4314; x_wconf 80' lang='grc' dir='ltr'>γίνεται</span> <span class='ocrx_word' id='word_1_568' title='bbox 1187 4245 1531 4314; x_wconf 76' lang='grc' dir='ltr'>ὑψηλότερος.</span> <span class='ocrx_word' id='word_1_569' title='bbox 1586 4245 1802 4314; x_wconf 74' lang='grc' dir='ltr'>Πρῶτον</span> 
     </span>
    </p>
   </div>
   <div class='ocr_carea' id='block_1_75' title="bbox 225 4335 1801 4412">
    <p class='ocr_par' dir='ltr' id='par_1_75' title="bbox 225 4335 1801 4412">
     <span class='ocr_line' id='line_1_75' title="bbox 225 4335 1801 4412; baseline -0.007 -14"><span class='ocrx_word' id='word_1_570' title='bbox 225 4344 502 4401; x_wconf 83' lang='grc' dir='ltr'>κατέλιπε</span> <span class='ocrx_word' id='word_1_571' title='bbox 525 4342 624 4412; x_wconf 80' lang='grc' dir='ltr'>τὴν</span> <span class='ocrx_word' id='word_1_572' title='bbox 654 4339 949 4410; x_wconf 71' lang='grc' dir='ltr'>ὑπώρειαν,</span> <span class='ocrx_word' id='word_1_573' title='bbox 977 4338 1190 4390; x_wconf 83' lang='grc' dir='ltr'>πάντων</span> <span class='ocrx_word' id='word_1_574' title='bbox 1207 4337 1312 4388; x_wconf 81' lang='grc' dir='ltr'>τῶν</span> <span class='ocrx_word' id='word_1_575' title='bbox 1333 4336 1466 4407; x_wconf 71' lang='grc' dir='ltr'>πρὸς</span> <span class='ocrx_word' id='word_1_576' title='bbox 1491 4335 1588 4406; x_wconf 76' lang='grc' dir='ltr'>τὴν</span> <span class='ocrx_word' id='word_1_577' title='bbox 1619 4335 1801 4389; x_wconf 85' lang='grc' dir='ltr'>ἄνοδον</span> 
     </span>
    </p>
   </div>
   <div class='ocr_carea' id='block_1_76' title="bbox 223 4425 1801 4508">
    <p class='ocr_par' dir='ltr' id='par_1_76' title="bbox 223 4425 1801 4508">
     <span class='ocr_line' id='line_1_76' title="bbox 223 4425 1801 4508; baseline -0.003 -23"><span class='ocrx_word' id='word_1_578' title='bbox 223 4435 617 4507; x_wconf 59' lang='grc' dir='ltr'>ἀξωηβρντωεθ</span> <span class='ocrx_word' id='word_1_579' title='bbox 656 4430 985 4508; x_wconf 41' lang='grc' dir='ltr'>ά-ποκριθείς.</span> <span class='ocrx_word' id='word_1_580' title='bbox 1034 4425 1163 4481; x_wconf 80' lang='grc' dir='ltr'>Εἶτα</span> <span class='ocrx_word' id='word_1_581' title='bbox 1201 4429 1410 4498; x_wconf 81' lang='grc' dir='ltr'>δέχεται</span> <span class='ocrx_word' id='word_1_582' title='bbox 1443 4431 1506 4498; x_wconf 77' lang='grc' dir='ltr'><strong>τῇ</strong></span> <span class='ocrx_word' id='word_1_583' title='bbox 1541 4430 1673 4498; x_wconf 74' lang='grc' dir='ltr'>ἀκοῇ</span> <span class='ocrx_word' id='word_1_584' title='bbox 1703 4428 1801 4491; x_wconf 76' lang='grc' dir='ltr'>τὰς</span> 
     </span>
    </p>
   </div>
   <div class='ocr_carea' id='block_1_77' title="bbox 1911 3233 3474 3312">
    <p class='ocr_par' dir='ltr' id='par_1_77' title="bbox 1911 3233 3474 3312">
     <span class='ocr_line' id='line_1_77' title="bbox 1911 3233 3474 3312; baseline 0 -20"><span class='ocrx_word' id='word_1_585' title='bbox 1911 3254 2016 3292; x_wconf 93' lang='lat' dir='ltr'><strong>non</strong></span> <span class='ocrx_word' id='word_1_586' title='bbox 2042 3239 2324 3294; x_wconf 74' lang='lat' dir='ltr'><strong>intellexit.</strong></span> <span class='ocrx_word' id='word_1_587' title='bbox 2345 3236 2543 3312; x_wconf 83' lang='lat' dir='ltr'><strong>Veru_m</strong></span> <span class='ocrx_word' id='word_1_588' title='bbox 2571 3233 2908 3304; x_wconf 53' lang='lat' dir='ltr'><strong>cum&#39;virtus,</strong></span> <span class='ocrx_word' id='word_1_589' title='bbox 2935 3254 3053 3308; x_wconf 63' lang='lat' dir='ltr'><strong>quae</strong></span> <span class='ocrx_word' id='word_1_590' title='bbox 3071 3237 3368 3292; x_wconf 87' lang='lat' dir='ltr'><strong>secundum</strong></span> <span class='ocrx_word' id='word_1_591' title='bbox 3393 3252 3474 3292; x_wconf 84' lang='lat' dir='ltr'><strong>ve-</strong></span> 
     </span>
    </p>
   </div>
   <div class='ocr_carea' id='block_1_78' title="bbox 1908 3328 3469 3400">
    <p class='ocr_par' dir='ltr' id='par_1_78' title="bbox 1908 3328 3469 3400">
     <span class='ocr_line' id='line_1_78' title="bbox 1908 3328 3469 3400; baseline -0.002 -16"><span class='ocrx_word' id='word_1_592' title='bbox 1908 3331 2122 3385; x_wconf 84' lang='lat' dir='ltr'><strong>ritatem</strong></span> <span class='ocrx_word' id='word_1_593' title='bbox 2151 3341 2230 3385; x_wconf 88' lang='lat' dir='ltr'><strong>est</strong></span> <span class='ocrx_word' id='word_1_594' title='bbox 2257 3370 2272 3396; x_wconf 92' lang='lat'><strong>,</strong></span> <span class='ocrx_word' id='word_1_595' title='bbox 2305 3330 2558 3397; x_wconf 75' lang='lat' dir='ltr'><strong>bipertita</strong></span> <span class='ocrx_word' id='word_1_596' title='bbox 2589 3330 2692 3393; x_wconf 90' lang='lat' dir='ltr'><strong>sit,</strong></span> <span class='ocrx_word' id='word_1_597' title='bbox 2723 3330 3027 3400; x_wconf 86' lang='lat' dir='ltr'><strong>partimque</strong></span> <span class='ocrx_word' id='word_1_598' title='bbox 3056 3329 3157 3383; x_wconf 90' lang='lat' dir='ltr'><strong>ﬁde</strong></span> <span class='ocrx_word' id='word_1_599' title='bbox 3185 3330 3237 3382; x_wconf 91' lang='lat' dir='ltr'><strong>in</strong></span> <span class='ocrx_word' id='word_1_600' title='bbox 3270 3328 3434 3382; x_wconf 92' lang='lat' dir='ltr'><strong>Deum</strong></span> <span class='ocrx_word' id='word_1_601' title='bbox 3454 3368 3469 3391; x_wconf 90' lang='lat'><strong>,</strong></span> 
     </span>
    </p>
   </div>
   <div class='ocr_carea' id='block_1_79' title="bbox 1907 3419 3472 3490">
    <p class='ocr_par' dir='ltr' id='par_1_79' title="bbox 1907 3419 3472 3490">
     <span class='ocr_line' id='line_1_79' title="bbox 1907 3419 3472 3490; baseline -0.001 -16"><span class='ocrx_word' id='word_1_602' title='bbox 1907 3422 2106 3490; x_wconf 87' lang='lat' dir='ltr'><strong>partim</strong></span> <span class='ocrx_word' id='word_1_603' title='bbox 2139 3430 2286 3477; x_wconf 89' lang='lat' dir='ltr'><strong>recta</strong></span> <span class='ocrx_word' id='word_1_604' title='bbox 2321 3422 2538 3476; x_wconf 77' lang='lat' dir='ltr'><strong>vivendi</strong></span> <span class='ocrx_word' id='word_1_605' title='bbox 2571 3422 2783 3475; x_wconf 86' lang='lat' dir='ltr'><strong>ratione</strong></span> <span class='ocrx_word' id='word_1_606' title='bbox 2815 3421 3184 3476; x_wconf 86' lang='lat' dir='ltr'><strong>constituatur</strong></span> <span class='ocrx_word' id='word_1_607' title='bbox 3214 3419 3472 3490; x_wconf 86' lang='lat' dir='ltr'><strong>(pietatis</strong></span> 
     </span>
    </p>
   </div>
   <div class='ocr_carea' id='block_1_80' title="bbox 1908 3511 3474 3584">
    <p class='ocr_par' dir='ltr' id='par_1_80' title="bbox 1908 3511 3474 3584">
     <span class='ocr_line' id='line_1_80' title="bbox 1908 3511 3474 3584; baseline -0.003 -15"><span class='ocrx_word' id='word_1_608' title='bbox 1908 3515 2052 3569; x_wconf 91' lang='lat' dir='ltr'><strong>enim</strong></span> <span class='ocrx_word' id='word_1_609' title='bbox 2085 3513 2333 3584; x_wconf 82' lang='lat' dir='ltr'><strong>profecto</strong></span> <span class='ocrx_word' id='word_1_610' title='bbox 2365 3529 2492 3584; x_wconf 86' lang='lat' dir='ltr'><strong>pars</strong></span> <span class='ocrx_word' id='word_1_611' title='bbox 2529 3529 2636 3567; x_wconf 90' lang='lat' dir='ltr'><strong>non</strong></span> <span class='ocrx_word' id='word_1_612' title='bbox 2673 3529 2836 3582; x_wconf 86' lang='lat' dir='ltr'><strong>parva</strong></span> <span class='ocrx_word' id='word_1_613' title='bbox 2871 3521 2956 3566; x_wconf 93' lang='lat' dir='ltr'><strong>est</strong></span> <span class='ocrx_word' id='word_1_614' title='bbox 2987 3511 3282 3565; x_wconf 86' lang='lat' dir='ltr'><strong>mundities</strong></span> <span class='ocrx_word' id='word_1_615' title='bbox 3312 3511 3474 3578; x_wconf 65' lang='lat' dir='ltr'><strong>vitae)</strong></span> 
     </span>
    </p>
   </div>
   <div class='ocr_carea' id='block_1_81' title="bbox 1907 3600 3471 3675">
    <p class='ocr_par' dir='ltr' id='par_1_81' title="bbox 1907 3600 3471 3675">
     <span class='ocr_line' id='line_1_81' title="bbox 1907 3600 3471 3675; baseline -0.003 -18"><span class='ocrx_word' id='word_1_616' title='bbox 1907 3605 2141 3675; x_wconf 91' lang='lat' dir='ltr'><strong>primum</strong></span> <span class='ocrx_word' id='word_1_617' title='bbox 2173 3603 2396 3667; x_wconf 90' lang='lat' dir='ltr'><strong>didicit,</strong></span> <span class='ocrx_word' id='word_1_618' title='bbox 2445 3603 2573 3673; x_wconf 92' lang='lat' dir='ltr'><strong>quid</strong></span> <span class='ocrx_word' id='word_1_619' title='bbox 2606 3609 2852 3670; x_wconf 79' lang='lat' dir='ltr'><strong>oporteat</strong></span> <span class='ocrx_word' id='word_1_620' title='bbox 2906 3601 2973 3654; x_wconf 90' lang='lat' dir='ltr'><strong>de</strong></span> <span class='ocrx_word' id='word_1_621' title='bbox 3023 3600 3128 3654; x_wconf 89' lang='lat' dir='ltr'><strong>Deo</strong></span> <span class='ocrx_word' id='word_1_622' title='bbox 3175 3614 3471 3671; x_wconf 88' lang='lat' dir='ltr'><strong>cognosce-</strong></span> 
     </span>
    </p>
   </div>
   <div class='ocr_carea' id='block_1_82' title="bbox 1908 3692 3470 3765">
    <p class='ocr_par' dir='ltr' id='par_1_82' title="bbox 1908 3692 3470 3765">
     <span class='ocr_line' id='line_1_82' title="bbox 1908 3692 3470 3765; baseline -0.005 -15"><span class='ocrx_word' id='word_1_623' title='bbox 1908 3710 1967 3750; x_wconf 88' lang='lat' dir='ltr'><strong>re</strong></span> <span class='ocrx_word' id='word_1_624' title='bbox 1993 3715 2006 3750; x_wconf 88' lang='lat'><strong>:</strong></span> <span class='ocrx_word' id='word_1_625' title='bbox 2039 3695 2185 3765; x_wconf 90' lang='lat' dir='ltr'><strong>quod</strong></span> <span class='ocrx_word' id='word_1_626' title='bbox 2209 3695 2426 3765; x_wconf 87' lang='lat' dir='ltr'><strong>quidem</strong></span> <span class='ocrx_word' id='word_1_627' title='bbox 2454 3708 2784 3762; x_wconf 66' lang='lat' dir='ltr'><strong>cognoscere</strong></span> <span class='ocrx_word' id='word_1_628' title='bbox 2811 3692 2947 3746; x_wconf 89' lang='lat' dir='ltr'><strong>nihil</strong></span> <span class='ocrx_word' id='word_1_629' title='bbox 2980 3692 3128 3746; x_wconf 87' lang='lat' dir='ltr'><strong>aliud</strong></span> <span class='ocrx_word' id='word_1_630' title='bbox 3158 3704 3276 3752; x_wconf 87' lang='lat' dir='ltr'><strong>est,</strong></span> <span class='ocrx_word' id='word_1_631' title='bbox 3311 3706 3470 3760; x_wconf 91' lang='lat' dir='ltr'><strong>quam</strong></span> 
     </span>
    </p>
   </div>
   <div class='ocr_carea' id='block_1_83' title="bbox 1908 3782 3472 3854">
    <p class='ocr_par' dir='ltr' id='par_1_83' title="bbox 1908 3782 3472 3854">
     <span class='ocr_line' id='line_1_83' title="bbox 1908 3782 3472 3854; baseline -0.004 -12"><span class='ocrx_word' id='word_1_632' title='bbox 1908 3788 2042 3842; x_wconf 86' lang='lat' dir='ltr'><strong>nihil</strong></span> <span class='ocrx_word' id='word_1_633' title='bbox 2080 3803 2268 3842; x_wconf 88' lang='lat' dir='ltr'><strong>eorum</strong></span> <span class='ocrx_word' id='word_1_634' title='bbox 2303 3801 2424 3840; x_wconf 82' lang='lat' dir='ltr'><strong>esse</strong></span> <span class='ocrx_word' id='word_1_635' title='bbox 2457 3782 2625 3838; x_wconf 85' lang='lat' dir='ltr'><strong>Deum</strong></span> <span class='ocrx_word' id='word_1_636' title='bbox 2668 3799 3000 3854; x_wconf 86' lang='lat' dir='ltr'><strong>cognoscere</strong></span> <span class='ocrx_word' id='word_1_637' title='bbox 3023 3824 3037 3845; x_wconf 96' lang='lat'><strong>,</strong></span> <span class='ocrx_word' id='word_1_638' title='bbox 3080 3799 3201 3853; x_wconf 73' lang='lat' dir='ltr'><strong>quae</strong></span> <span class='ocrx_word' id='word_1_639' title='bbox 3239 3784 3472 3836; x_wconf 86' lang='lat' dir='ltr'><strong>humana</strong></span> 
     </span>
    </p>
   </div>
   <div class='ocr_carea' id='block_1_84' title="bbox 1909 3874 3473 3948">
    <p class='ocr_par' dir='ltr' id='par_1_84' title="bbox 1909 3874 3473 3948">
     <span class='ocr_line' id='line_1_84' title="bbox 1909 3874 3473 3948; baseline -0.005 -15"><span class='ocrx_word' id='word_1_640' title='bbox 1909 3895 2061 3934; x_wconf 89' lang='lat' dir='ltr'><strong>mens</strong></span> <span class='ocrx_word' id='word_1_641' title='bbox 2093 3885 2269 3948; x_wconf 87' lang='lat' dir='ltr'><strong>potest</strong></span> <span class='ocrx_word' id='word_1_642' title='bbox 2297 3893 2649 3948; x_wconf 77' lang='lat' dir='ltr'><strong>cognoscere.</strong></span> <span class='ocrx_word' id='word_1_643' title='bbox 2680 3876 2884 3931; x_wconf 90' lang='lat' dir='ltr'><strong>Deinde</strong></span> <span class='ocrx_word' id='word_1_644' title='bbox 2910 3877 3070 3929; x_wconf 88' lang='lat' dir='ltr'><strong>aliam</strong></span> <span class='ocrx_word' id='word_1_645' title='bbox 3102 3874 3318 3939; x_wconf 84' lang='lat' dir='ltr'><strong>virtutis</strong></span> <span class='ocrx_word' id='word_1_646' title='bbox 3348 3890 3473 3944; x_wconf 87' lang='lat' dir='ltr'><strong>par-</strong></span> 
     </span>
    </p>
   </div>
   <div class='ocr_carea' id='block_1_85' title="bbox 1908 3966 3470 4039">
    <p class='ocr_par' dir='ltr' id='par_1_85' title="bbox 1908 3966 3470 4039">
     <span class='ocr_line' id='line_1_85' title="bbox 1908 3966 3470 4039; baseline -0.002 -17"><span class='ocrx_word' id='word_1_647' title='bbox 1908 3979 2014 4024; x_wconf 87' lang='lat' dir='ltr'><strong>tem</strong></span> <span class='ocrx_word' id='word_1_648' title='bbox 2057 3970 2341 4039; x_wconf 87' lang='lat' dir='ltr'><strong>diligenter</strong></span> <span class='ocrx_word' id='word_1_649' title='bbox 2389 3971 2588 4023; x_wconf 88' lang='lat' dir='ltr'><strong>docet:</strong></span> <span class='ocrx_word' id='word_1_650' title='bbox 2632 3967 2860 4022; x_wconf 83' lang='lat' dir='ltr'><strong>docetur</strong></span> <span class='ocrx_word' id='word_1_651' title='bbox 2903 3968 3046 4020; x_wconf 86' lang='lat' dir='ltr'><strong>enini</strong></span> <span class='ocrx_word' id='word_1_652' title='bbox 3095 3966 3292 4036; x_wconf 89' lang='lat' dir='ltr'><strong>quibus</strong></span> <span class='ocrx_word' id='word_1_653' title='bbox 3343 3982 3470 4035; x_wconf 88' lang='lat' dir='ltr'><strong>ope-</strong></span> 
     </span>
    </p>
   </div>
   <div class='ocr_carea' id='block_1_86' title="bbox 1909 4057 3468 4127">
    <p class='ocr_par' dir='ltr' id='par_1_86' title="bbox 1909 4057 3468 4127">
     <span class='ocr_line' id='line_1_86' title="bbox 1909 4057 3468 4127; baseline -0.005 -14"><span class='ocrx_word' id='word_1_654' title='bbox 1909 4060 2058 4113; x_wconf 82' lang='lat' dir='ltr'><strong>ribus</strong></span> <span class='ocrx_word' id='word_1_655' title='bbox 2099 4062 2234 4113; x_wconf 83' lang='lat' dir='ltr'><strong>bene</strong></span> <span class='ocrx_word' id='word_1_656' title='bbox 2275 4060 2491 4112; x_wconf 78' lang='lat' dir='ltr'><strong>vivendi</strong></span> <span class='ocrx_word' id='word_1_657' title='bbox 2524 4059 2663 4111; x_wconf 90' lang='lat' dir='ltr'><strong>ratio</strong></span> <span class='ocrx_word' id='word_1_658' title='bbox 2689 4059 3040 4127; x_wconf 88' lang='lat' dir='ltr'><strong>perﬁciatur:</strong></span> <span class='ocrx_word' id='word_1_659' title='bbox 3075 4073 3137 4110; x_wconf 87' lang='lat' dir='ltr'><strong>ac</strong></span> <span class='ocrx_word' id='word_1_660' title='bbox 3165 4058 3384 4110; x_wconf 87' lang='lat' dir='ltr'><strong>demum</strong></span> <span class='ocrx_word' id='word_1_661' title='bbox 3416 4057 3468 4109; x_wconf 77' lang='lat' dir='ltr'><strong>in</strong></span> 
     </span>
    </p>
   </div>
   <div class='ocr_carea' id='block_1_87' title="bbox 1909 4147 3470 4218">
    <p class='ocr_par' dir='ltr' id='par_1_87' title="bbox 1909 4147 3470 4218">
     <span class='ocr_line' id='line_1_87' title="bbox 1909 4147 3470 4218; baseline -0.001 -16"><span class='ocrx_word' id='word_1_662' title='bbox 1909 4151 2317 4204; x_wconf 82' lang='lat' dir='ltr'><strong>tabernaculum</strong></span> <span class='ocrx_word' id='word_1_663' title='bbox 2345 4191 2358 4210; x_wconf 85' lang='lat'><strong>,</strong></span> <span class='ocrx_word' id='word_1_664' title='bbox 2393 4150 2534 4218; x_wconf 86' lang='lat' dir='ltr'><strong>quod</strong></span> <span class='ocrx_word' id='word_1_665' title='bbox 2569 4165 2766 4203; x_wconf 86' lang='lat' dir='ltr'><strong>manus</strong></span> <span class='ocrx_word' id='word_1_666' title='bbox 2794 4150 2943 4202; x_wconf 91' lang='lat' dir='ltr'><strong>nulla</strong></span> <span class='ocrx_word' id='word_1_667' title='bbox 2977 4149 3152 4202; x_wconf 79' lang='lat' dir='ltr'><strong>fuerat</strong></span> <span class='ocrx_word' id='word_1_668' title='bbox 3186 4147 3470 4212; x_wconf 80' lang='lat' dir='ltr'><strong>fabricata,</strong></span> 
     </span>
    </p>
   </div>
   <div class='ocr_carea' id='block_1_88' title="bbox 1909 4240 3471 4311">
    <p class='ocr_par' dir='ltr' id='par_1_88' title="bbox 1909 4240 3471 4311">
     <span class='ocr_line' id='line_1_88' title="bbox 1909 4240 3471 4311; baseline -0.001 -17"><span class='ocrx_word' id='word_1_669' title='bbox 1909 4242 2232 4311; x_wconf 87' lang='lat' dir='ltr'><strong>ingreditur.</strong></span> <span class='ocrx_word' id='word_1_670' title='bbox 2262 4240 2396 4306; x_wconf 91' lang='lat' dir='ltr'><strong>Quis</strong></span> <span class='ocrx_word' id='word_1_671' title='bbox 2425 4248 2684 4310; x_wconf 81' lang='lat' dir='ltr'><strong>sequetur</strong></span> <span class='ocrx_word' id='word_1_672' title='bbox 2715 4242 2860 4294; x_wconf 90' lang='lat' dir='ltr'><strong>hunc</strong></span> <span class='ocrx_word' id='word_1_673' title='bbox 2880 4279 2894 4303; x_wconf 92' lang='lat'><strong>,</strong></span> <span class='ocrx_word' id='word_1_674' title='bbox 2919 4240 3010 4310; x_wconf 90' lang='lat' dir='ltr'><strong>qui</strong></span> <span class='ocrx_word' id='word_1_675' title='bbox 3048 4255 3143 4310; x_wconf 90' lang='lat' dir='ltr'><strong>per</strong></span> <span class='ocrx_word' id='word_1_676' title='bbox 3173 4247 3254 4293; x_wconf 90' lang='lat' dir='ltr'><strong>tot</strong></span> <span class='ocrx_word' id='word_1_677' title='bbox 3289 4247 3471 4292; x_wconf 87' lang='lat' dir='ltr'><strong>tanta-</strong></span> 
     </span>
    </p>
   </div>
   <div class='ocr_carea' id='block_1_89' title="bbox 1907 4330 3473 4404">
    <p class='ocr_par' dir='ltr' id='par_1_89' title="bbox 1907 4330 3473 4404">
     <span class='ocr_line' id='line_1_89' title="bbox 1907 4330 3473 4404; baseline -0.003 -16"><span class='ocrx_word' id='word_1_678' title='bbox 1907 4350 2011 4404; x_wconf 89' lang='lat' dir='ltr'><strong>que</strong></span> <span class='ocrx_word' id='word_1_679' title='bbox 2045 4333 2292 4397; x_wconf 84' lang='lat' dir='ltr'><strong>scandit,</strong></span> <span class='ocrx_word' id='word_1_680' title='bbox 2331 4348 2394 4388; x_wconf 89' lang='lat' dir='ltr'><strong>ac</strong></span> <span class='ocrx_word' id='word_1_681' title='bbox 2432 4343 2662 4388; x_wconf 86' lang='lat' dir='ltr'><strong>mentem</strong></span> <span class='ocrx_word' id='word_1_682' title='bbox 2699 4349 2913 4404; x_wconf 86' lang='lat' dir='ltr'><strong>semper</strong></span> <span class='ocrx_word' id='word_1_683' title='bbox 2945 4333 2998 4386; x_wconf 92' lang='lat' dir='ltr'><strong>in</strong></span> <span class='ocrx_word' id='word_1_684' title='bbox 3031 4331 3194 4386; x_wconf 89' lang='lat' dir='ltr'><strong>altius</strong></span> <span class='ocrx_word' id='word_1_685' title='bbox 3221 4330 3473 4390; x_wconf 69' lang='lat' dir='ltr'><strong>extollit!</strong></span> 
     </span>
    </p>
   </div>
   <div class='ocr_carea' id='block_1_90' title="bbox 1906 4423 3472 4495">
    <p class='ocr_par' dir='ltr' id='par_1_90' title="bbox 1906 4423 3472 4495">
     <span class='ocr_line' id='line_1_90' title="bbox 1906 4423 3472 4495; baseline -0.003 -17"><span class='ocrx_word' id='word_1_686' title='bbox 1906 4424 1998 4495; x_wconf 88' lang='lat' dir='ltr'><strong>qui</strong></span> <span class='ocrx_word' id='word_1_687' title='bbox 2027 4440 2150 4479; x_wconf 89' lang='lat' dir='ltr'><strong>cum</strong></span> <span class='ocrx_word' id='word_1_688' title='bbox 2183 4425 2235 4479; x_wconf 92' lang='lat' dir='ltr'><strong>in</strong></span> <span class='ocrx_word' id='word_1_689' title='bbox 2272 4440 2438 4478; x_wconf 91' lang='lat' dir='ltr'><strong>unum</strong></span> <span class='ocrx_word' id='word_1_690' title='bbox 2475 4440 2735 4480; x_wconf 89' lang='lat' dir='ltr'><strong>cacumen</strong></span> <span class='ocrx_word' id='word_1_691' title='bbox 2765 4423 3110 4490; x_wconf 87' lang='lat' dir='ltr'><strong>ascenderit,</strong></span> <span class='ocrx_word' id='word_1_692' title='bbox 3140 4423 3206 4476; x_wconf 90' lang='lat' dir='ltr'><strong>ad</strong></span> <span class='ocrx_word' id='word_1_693' title='bbox 3239 4423 3472 4481; x_wconf 83' lang='lat' dir='ltr'><strong>alterum</strong></span> 
     </span>
    </p>
   </div>
   <div class='ocr_carea' id='block_1_91' title="bbox 224 4511 1817 4594">
    <p class='ocr_par' dir='ltr' id='par_1_91' title="bbox 224 4511 1803 4594">
     <span class='ocr_line' id='line_1_91' title="bbox 224 4511 1803 4594; baseline -0.008 -11"><span class='ocrx_word' id='word_1_694' title='bbox 224 4530 347 4583; x_wconf 81' lang='grc' dir='ltr'>τῶν</span> <span class='ocrx_word' id='word_1_695' title='bbox 398 4511 714 4594; x_wconf 77' lang='grc' dir='ltr'>σαλπίγγων</span> <span class='ocrx_word' id='word_1_696' title='bbox 748 4524 951 4592; x_wconf 78' lang='grc' dir='ltr'>φωνὰς,</span> <span class='ocrx_word' id='word_1_697' title='bbox 986 4521 1064 4593; x_wconf 82' lang='grc' dir='ltr'><strong>τῷ</strong></span> <span class='ocrx_word' id='word_1_698' title='bbox 1099 4521 1220 4590; x_wconf 65' lang='grc' dir='ltr'>ὕψει</span> <span class='ocrx_word' id='word_1_699' title='bbox 1255 4522 1350 4590; x_wconf 79' lang='grc' dir='ltr'>τῆς</span> <span class='ocrx_word' id='word_1_700' title='bbox 1384 4520 1569 4572; x_wconf 64' lang='grc' dir='ltr'>ἀνῶου</span> <span class='ocrx_word' id='word_1_701' title='bbox 1610 4537 1803 4572; x_wconf 78' lang='grc' dir='ltr'>συνεπ-</span> 
     </span>
    </p>
   </div>
   <div class='ocr_carea' id='block_1_92' title="bbox 1907 4511 3473 4594">
    <p class='ocr_par' dir='ltr' id='par_1_92' title="bbox 1910 4513 3473 4593">
     <span class='ocr_line' id='line_1_92' title="bbox 1910 4513 3473 4593; baseline -0.005 -15"><span class='ocrx_word' id='word_1_702' title='bbox 1910 4517 2040 4570; x_wconf 80' lang='lat' dir='ltr'><strong>illud</strong></span> <span class='ocrx_word' id='word_1_703' title='bbox 2061 4555 2076 4579; x_wconf 78' lang='grc' dir='ltr'><strong>ν</strong></span> <span class='ocrx_word' id='word_1_704' title='bbox 2107 4521 2210 4579; x_wconf 90' lang='lat' dir='ltr'><strong>sibi</strong></span> <span class='ocrx_word' id='word_1_705' title='bbox 2226 4521 2287 4575; x_wconf 83' lang='lat' dir='ltr'><strong>fit</strong></span> <span class='ocrx_word' id='word_1_706' title='bbox 2304 4520 2524 4593; x_wconf 81' lang='lat' dir='ltr'><strong>gradus,</strong></span> <span class='ocrx_word' id='word_1_707' title='bbox 2542 4526 2593 4573; x_wconf 89' lang='lat' dir='ltr'><strong>ct</strong></span> <span class='ocrx_word' id='word_1_708' title='bbox 2609 4516 2676 4571; x_wconf 87' lang='lat' dir='ltr'><strong>ad</strong></span> <span class='ocrx_word' id='word_1_709' title='bbox 2699 4516 2829 4570; x_wconf 90' lang='lat' dir='ltr'><strong>illud</strong></span> <span class='ocrx_word' id='word_1_710' title='bbox 2845 4517 3242 4584; x_wconf 88' lang='lat' dir='ltr'><strong>iterum,atque</strong></span> <span class='ocrx_word' id='word_1_711' title='bbox 3272 4513 3473 4570; x_wconf 82' lang='lat' dir='ltr'><strong>iterum</strong></span> 
     </span>
    </p>
   </div>
   <div class='ocr_carea' id='block_1_93' title="bbox 223 4611 1780 4694">
    <p class='ocr_par' dir='ltr' id='par_1_93' title="bbox 223 4611 1780 4694">
     <span class='ocr_line' id='line_1_93' title="bbox 223 4611 1780 4694; baseline -0.008 -18"><span class='ocrx_word' id='word_1_712' title='bbox 223 4622 550 4694; x_wconf 77' lang='grc' dir='ltr'>αιρόμενος.</span> <span class='ocrx_word' id='word_1_713' title='bbox 595 4618 714 4670; x_wconf 73' lang='grc' dir='ltr'>Ἐπὶ</span> <span class='ocrx_word' id='word_1_714' title='bbox 735 4617 962 4679; x_wconf 86' lang='grc' dir='ltr'>τούτοις,</span> <span class='ocrx_word' id='word_1_715' title='bbox 1001 4616 1080 4676; x_wconf 78' lang='grc' dir='ltr'><strong>είς</strong></span> <span class='ocrx_word' id='word_1_716' title='bbox 1113 4613 1171 4665; x_wconf 87' lang='grc' dir='ltr'>τὸ</span> <span class='ocrx_word' id='word_1_717' title='bbox 1203 4613 1427 4681; x_wconf 74' lang='grc' dir='ltr'>ἀόρατον</span> <span class='ocrx_word' id='word_1_718' title='bbox 1453 4611 1551 4681; x_wconf 82' lang='grc' dir='ltr'>τῆς</span> <span class='ocrx_word' id='word_1_719' title='bbox 1580 4611 1780 4680; x_wconf 86' lang='grc' dir='ltr'>θεογνω</span> 
     </span>
    </p>
   </div>
   <div class='ocr_carea' id='block_1_94' title="bbox 227 4705 1802 4782">
    <p class='ocr_par' dir='ltr' id='par_1_94' title="bbox 227 4705 1802 4782">
     <span class='ocr_line' id='line_1_94' title="bbox 227 4705 1802 4782; baseline -0.007 -13"><span class='ocrx_word' id='word_1_720' title='bbox 227 4717 365 4779; x_wconf 73' lang='grc' dir='ltr'>σίας</span> <span class='ocrx_word' id='word_1_721' title='bbox 416 4716 606 4768; x_wconf 81' lang='grc' dir='ltr'>ἄδυτον</span> <span class='ocrx_word' id='word_1_722' title='bbox 646 4706 1006 4782; x_wconf 82' lang='grc' dir='ltr'>παραδύεται·</span> <span class='ocrx_word' id='word_1_723' title='bbox 1073 4709 1166 4760; x_wconf 72' lang='grc' dir='ltr'>καὶ</span> <span class='ocrx_word' id='word_1_724' title='bbox 1203 4707 1321 4760; x_wconf 78' lang='grc' dir='ltr'>οὐδὲ</span> <span class='ocrx_word' id='word_1_725' title='bbox 1350 4708 1409 4758; x_wconf 84' lang='grc' dir='ltr'>ὲν</span> <span class='ocrx_word' id='word_1_726' title='bbox 1436 4705 1608 4775; x_wconf 82' lang='grc' dir='ltr'>τούτῳ</span> <span class='ocrx_word' id='word_1_727' title='bbox 1633 4705 1802 4776; x_wconf 83' lang='grc' dir='ltr'>μένει,</span> 
     </span>
    </p>
   </div>
   <div class='ocr_carea' id='block_1_95' title="bbox 222 4795 1812 4876">
    <p class='ocr_par' dir='ltr' id='par_1_95' title="bbox 222 4795 1812 4876">
     <span class='ocr_line' id='line_1_95' title="bbox 222 4795 1812 4876; baseline -0.008 -14"><span class='ocrx_word' id='word_1_728' title='bbox 222 4798 355 4862; x_wconf 67' lang='grc' dir='ltr'>ἄλλ’</span> <span class='ocrx_word' id='word_1_729' title='bbox 380 4809 478 4860; x_wconf 74' lang='grc' dir='ltr'><strong>ἐπὶ</strong></span> <span class='ocrx_word' id='word_1_730' title='bbox 516 4805 619 4876; x_wconf 27' lang='grc' dir='ltr'>τὴν.</span> <span class='ocrx_word' id='word_1_731' title='bbox 654 4802 1062 4873; x_wconf 76' lang='grc' dir='ltr'>ἀχειροποίητον</span> <span class='ocrx_word' id='word_1_732' title='bbox 1100 4797 1411 4870; x_wconf 83' lang='grc' dir='ltr'>μεταϐαίνει</span> <span class='ocrx_word' id='word_1_733' title='bbox 1443 4796 1666 4868; x_wconf 85' lang='grc' dir='ltr'>σκηνήν.</span> 
     </span>
    </p>
   </div>
   <div class='ocr_carea' id='block_1_96' title="bbox 223 4884 1805 4968">
    <p class='ocr_par' dir='ltr' id='par_1_96' title="bbox 223 4884 1805 4968">
     <span class='ocr_line' id='line_1_96' title="bbox 223 4884 1805 4968; baseline -0.011 -14"><span class='ocrx_word' id='word_1_734' title='bbox 223 4902 352 4954; x_wconf 73' lang='grc' dir='ltr'>ὄντι</span> <span class='ocrx_word' id='word_1_735' title='bbox 379 4898 490 4967; x_wconf 83' lang='grc' dir='ltr'>γὰρ</span> <span class='ocrx_word' id='word_1_736' title='bbox 505 4895 774 4952; x_wconf 70' lang='grc' dir='ltr'>ἐπὶτοῦτο</span> <span class='ocrx_word' id='word_1_737' title='bbox 793 4893 1031 4964; x_wconf 81' lang='grc' dir='ltr'>καταντᾷ</span> <span class='ocrx_word' id='word_1_738' title='bbox 1043 4891 1110 4968; x_wconf 69' lang='grc' dir='ltr'>τὸ</span> <span class='ocrx_word' id='word_1_739' title='bbox 1139 4890 1327 4962; x_wconf 82' lang='grc' dir='ltr'>πέρας,</span> <span class='ocrx_word' id='word_1_740' title='bbox 1349 4887 1377 4940; x_wconf 89' lang='grc' dir='ltr'><strong>ό</strong></span> <span class='ocrx_word' id='word_1_741' title='bbox 1395 4887 1481 4942; x_wconf 77' lang='grc' dir='ltr'>διὰ</span> <span class='ocrx_word' id='word_1_742' title='bbox 1506 4887 1610 4940; x_wconf 85' lang='grc' dir='ltr'>τῶν</span> <span class='ocrx_word' id='word_1_743' title='bbox 1634 4884 1805 4939; x_wconf 88' lang='grc' dir='ltr'>τοιού-</span> 
     </span>
    </p>
   </div>
   <div class='ocr_carea' id='block_1_97' title="bbox 223 4975 1806 5054">
    <p class='ocr_par' dir='ltr' id='par_1_97' title="bbox 223 4975 1806 5054">
     <span class='ocr_line' id='line_1_97' title="bbox 223 4975 1806 5054; baseline -0.013 -9"><span class='ocrx_word' id='word_1_744' title='bbox 223 4985 578 5045; x_wconf 70' lang='grc' dir='ltr'>τῶνάνὸδων</span> <span class='ocrx_word' id='word_1_745' title='bbox 595 4983 913 5054; x_wconf 67' lang='grc' dir='ltr'>ὑψοῦμενος.</span> <span class='ocrx_word' id='word_1_746' title='bbox 945 4981 1098 5034; x_wconf 86' lang='grc' dir='ltr'>Δοκεῖ</span> <span class='ocrx_word' id='word_1_747' title='bbox 1116 4979 1222 5049; x_wconf 87' lang='grc' dir='ltr'><strong>γάρ</strong></span> <span class='ocrx_word' id='word_1_748' title='bbox 1250 4995 1336 5048; x_wconf 86' lang='grc' dir='ltr'><strong>μοι</strong></span> <span class='ocrx_word' id='word_1_749' title='bbox 1359 4977 1451 5030; x_wconf 68' lang='grc' dir='ltr'>καὶ</span> <span class='ocrx_word' id='word_1_750' title='bbox 1475 4975 1595 5028; x_wconf 85' lang='grc' dir='ltr'>καθ’</span> <span class='ocrx_word' id='word_1_751' title='bbox 1623 4976 1806 5046; x_wconf 75' lang='grc' dir='ltr'>ἕτερον</span> 
     </span>
    </p>
   </div>
   <div class='ocr_carea' id='block_1_98' title="bbox 223 5065 1812 5144">
    <p class='ocr_par' dir='ltr' id='par_1_98' title="bbox 223 5065 1812 5144">
     <span class='ocr_line' id='line_1_98' title="bbox 223 5065 1812 5144; baseline -0.009 -11"><span class='ocrx_word' id='word_1_752' title='bbox 223 5065 365 5134; x_wconf 63' lang='grc' dir='ltr'><strong>νῦῧν</strong></span> <span class='ocrx_word' id='word_1_753' title='bbox 391 5075 706 5137; x_wconf 83' lang='grc' dir='ltr'>διδάσκαλος</span> <span class='ocrx_word' id='word_1_754' title='bbox 732 5075 765 5144; x_wconf 85' lang='grc' dir='ltr'>ἠ</span> <span class='ocrx_word' id='word_1_755' title='bbox 790 5070 1014 5142; x_wconf 83' lang='grc' dir='ltr'>οὐρανία</span> <span class='ocrx_word' id='word_1_756' title='bbox 1045 5068 1272 5136; x_wconf 79' lang='grc' dir='ltr'>σάλπιγξ</span> <span class='ocrx_word' id='word_1_757' title='bbox 1287 5069 1380 5138; x_wconf 84' lang='grc' dir='ltr'>τῆς</span> <span class='ocrx_word' id='word_1_758' title='bbox 1422 5069 1515 5119; x_wconf 74' lang='grc' dir='ltr'><strong>ἐπὶ</strong></span> <span class='ocrx_word' id='word_1_759' title='bbox 1536 5067 1634 5136; x_wconf 85' lang='grc' dir='ltr'>τὴν</span> <span class='ocrx_word' id='word_1_760' title='bbox 1667 5069 1812 5136; x_wconf 81' lang='grc' dir='ltr'>ἀχει-</span> 
     </span>
    </p>
   </div>
   <div class='ocr_carea' id='block_1_99' title="bbox 224 5153 1803 5242">
    <p class='ocr_par' dir='ltr' id='par_1_99' title="bbox 224 5153 1803 5242">
     <span class='ocr_line' id='line_1_99' title="bbox 224 5153 1803 5242; baseline -0.012 -19"><span class='ocrx_word' id='word_1_761' title='bbox 224 5169 535 5242; x_wconf 79' lang='grc' dir='ltr'>ροποίητον</span> <span class='ocrx_word' id='word_1_762' title='bbox 582 5164 815 5236; x_wconf 66' lang='grc' dir='ltr'>παρόδον</span> <span class='ocrx_word' id='word_1_763' title='bbox 856 5161 932 5231; x_wconf 83' lang='grc' dir='ltr'>τῷ</span> <span class='ocrx_word' id='word_1_764' title='bbox 967 5159 1238 5211; x_wconf 75' lang='grc' dir='ltr'>ἐπανιόντι</span> <span class='ocrx_word' id='word_1_765' title='bbox 1275 5153 1534 5223; x_wconf 88' lang='grc' dir='ltr'>γίνεσθαι.</span> <span class='ocrx_word' id='word_1_766' title='bbox 1589 5153 1652 5206; x_wconf 87' lang='lat' dir='ltr'><strong>&#39;H</strong></span> <span class='ocrx_word' id='word_1_767' title='bbox 1697 5154 1803 5224; x_wconf 83' lang='grc' dir='ltr'>γὰρ</span> 
     </span>
    </p>
   </div>
   <div class='ocr_carea' id='block_1_100' title="bbox 223 5246 1809 5327">
    <p class='ocr_par' dir='ltr' id='par_1_100' title="bbox 223 5246 1809 5327">
     <span class='ocr_line' id='line_1_100' title="bbox 223 5246 1809 5327; baseline -0.011 -11"><span class='ocrx_word' id='word_1_768' title='bbox 223 5263 350 5316; x_wconf 80' lang='grc' dir='ltr'>τῶν</span> <span class='ocrx_word' id='word_1_769' title='bbox 384 5257 507 5314; x_wconf 84' lang='grc' dir='ltr'>κατ’</span> <span class='ocrx_word' id='word_1_770' title='bbox 539 5256 764 5327; x_wconf 79' lang='grc' dir='ltr'>οὐρανὸν</span> <span class='ocrx_word' id='word_1_771' title='bbox 796 5254 1082 5324; x_wconf 79' lang='grc' dir='ltr'>θαυμάτων</span> <span class='ocrx_word' id='word_1_772' title='bbox 1121 5247 1399 5317; x_wconf 76' lang='grc' dir='ltr'>διασκευὴ,</span> <span class='ocrx_word' id='word_1_773' title='bbox 1432 5246 1528 5316; x_wconf 81' lang='grc' dir='ltr'>τὴν</span> <span class='ocrx_word' id='word_1_774' title='bbox 1564 5248 1809 5315; x_wconf 83' lang='grc' dir='ltr'>ἐκφαινο-</span> 
     </span>
    </p>
   </div>
   <div class='ocr_carea' id='block_1_101' title="bbox 224 5337 1808 5426">
    <p class='ocr_par' dir='ltr' id='par_1_101' title="bbox 224 5337 1808 5426">
     <span class='ocr_line' id='line_1_101' title="bbox 224 5337 1808 5426; baseline -0.013 -19"><span class='ocrx_word' id='word_1_775' title='bbox 224 5358 416 5426; x_wconf 81' lang='grc' dir='ltr'>μένην</span> <span class='ocrx_word' id='word_1_776' title='bbox 451 5355 562 5414; x_wconf 87' lang='grc' dir='ltr'>τοῖς</span> <span class='ocrx_word' id='word_1_777' title='bbox 607 5346 726 5402; x_wconf 84' lang='grc' dir='ltr'>οῦσι</span> <span class='ocrx_word' id='word_1_778' title='bbox 757 5347 945 5416; x_wconf 83' lang='grc' dir='ltr'>σοφίαν</span> <span class='ocrx_word' id='word_1_779' title='bbox 976 5343 1264 5402; x_wconf 83' lang='grc' dir='ltr'>διαϐοῶσα,</span> <span class='ocrx_word' id='word_1_780' title='bbox 1308 5341 1400 5393; x_wconf 86' lang='grc' dir='ltr'><strong>καί</strong></span> <span class='ocrx_word' id='word_1_781' title='bbox 1442 5342 1540 5411; x_wconf 82' lang='grc' dir='ltr'>τὴν</span> <span class='ocrx_word' id='word_1_782' title='bbox 1568 5337 1808 5408; x_wconf 85' lang='grc' dir='ltr'>μεγάλην</span> 
     </span>
    </p>
   </div>
   <div class='ocr_carea' id='block_1_102' title="bbox 219 5430 1807 5516">
    <p class='ocr_par' dir='ltr' id='par_1_102' title="bbox 219 5430 1807 5516">
     <span class='ocr_line' id='line_1_102' title="bbox 219 5430 1807 5516; baseline -0.012 -15"><span class='ocrx_word' id='word_1_783' title='bbox 219 5447 338 5501; x_wconf 75' lang='grc' dir='ltr'><strong>τοῦ</strong></span> <span class='ocrx_word' id='word_1_784' title='bbox 379 5448 518 5516; x_wconf 83' lang='grc' dir='ltr'>Θεοῦ</span> <span class='ocrx_word' id='word_1_785' title='bbox 575 5444 730 5510; x_wconf 77' lang='grc' dir='ltr'>δόξαν</span> <span class='ocrx_word' id='word_1_786' title='bbox 774 5441 882 5494; x_wconf 84' lang='grc' dir='ltr'><strong>τῶν</strong></span> <span class='ocrx_word' id='word_1_787' title='bbox 920 5437 1252 5510; x_wconf 81' lang='grc' dir='ltr'>φαινομένων</span> <span class='ocrx_word' id='word_1_788' title='bbox 1285 5433 1631 5516; x_wconf 79' lang='grc' dir='ltr'>διηγουμένη,</span> <span class='ocrx_word' id='word_1_789' title='bbox 1668 5430 1807 5484; x_wconf 77' lang='grc' dir='ltr'>κατὰ</span> 
     </span>
    </p>
   </div>
   <div class='ocr_carea' id='block_1_103' title="bbox 223 5513 1806 5609">
    <p class='ocr_par' dir='ltr' id='par_1_103' title="bbox 223 5513 1806 5609">
     <span class='ocr_line' id='line_1_103' title="bbox 223 5513 1806 5609; baseline -0.008 -17"><span class='ocrx_word' id='word_1_790' title='bbox 223 5541 295 5593; x_wconf 67' lang='grc' dir='ltr'>τὸ</span> <span class='ocrx_word' id='word_1_791' title='bbox 353 5513 673 5609; x_wconf 83' lang='grc' dir='ltr'>εἰρημένον,</span> <span class='ocrx_word' id='word_1_792' title='bbox 730 5536 810 5588; x_wconf 79' lang='grc' dir='ltr'>ὅτι</span> <span class='ocrx_word' id='word_1_793' title='bbox 867 5535 976 5587; x_wconf 66' lang='lat' dir='ltr'><strong>«Ol</strong></span> <span class='ocrx_word' id='word_1_794' title='bbox 1023 5532 1238 5602; x_wconf 74' lang='grc' dir='ltr'>οὐρανοὶ</span> <span class='ocrx_word' id='word_1_795' title='bbox 1293 5513 1806 5600; x_wconf 77' lang='grc' dir='ltr'>διηγοῦνταιδόξαν</span> 
     </span>
    </p>
   </div>
   <div class='ocr_carea' id='block_1_104' title="bbox 225 5615 1868 5696">
    <p class='ocr_par' dir='ltr' id='par_1_104' title="bbox 225 5615 1868 5696">
     <span class='ocr_line' id='line_1_104' title="bbox 225 5615 1868 5696; baseline -0.01 -14"><span class='ocrx_word' id='word_1_796' title='bbox 225 5627 374 5682; x_wconf 73' lang='grc' dir='ltr'>Θεοῦ</span> <span class='ocrx_word' id='word_1_797' title='bbox 401 5643 414 5656; x_wconf 76' lang='grc'><strong><em>⁸</em></strong></span> <span class='ocrx_word' id='word_1_798' title='bbox 443 5646 462 5678; x_wconf 74' lang='grc' dir='ltr'><strong>ι</strong></span> <span class='ocrx_word' id='word_1_799' title='bbox 516 5624 652 5695; x_wconf 89' lang='grc' dir='ltr'>α’ύτη</span> <span class='ocrx_word' id='word_1_800' title='bbox 688 5623 764 5694; x_wconf 76' lang='grc' dir='ltr'><strong>τῷ</strong></span> <span class='ocrx_word' id='word_1_801' title='bbox 796 5622 974 5696; x_wconf 86' lang='grc' dir='ltr'>τρανῴ</span> <span class='ocrx_word' id='word_1_802' title='bbox 1009 5639 1068 5674; x_wconf 91' lang='grc' dir='ltr'><strong>τε</strong></span> <span class='ocrx_word' id='word_1_803' title='bbox 1104 5621 1192 5675; x_wconf 72' lang='grc' dir='ltr'>καὶ</span> <span class='ocrx_word' id='word_1_804' title='bbox 1231 5619 1408 5689; x_wconf 81' lang='grc' dir='ltr'><strong>εὺήχῳ</strong></span> <span class='ocrx_word' id='word_1_805' title='bbox 1447 5616 1541 5687; x_wconf 80' lang='grc' dir='ltr'>τῆς</span> <span class='ocrx_word' id='word_1_806' title='bbox 1562 5615 1806 5668; x_wconf 81' lang='grc' dir='ltr'>διδασκα-</span> <span class='ocrx_word' id='word_1_807' title='bbox 1863 5689 1868 5692; x_wconf 24' lang='grc'>.</span> 
     </span>
    </p>
   </div>
   <div class='ocr_carea' id='block_1_105' title="bbox 303 5804 699 5866">
    <p class='ocr_par' dir='ltr' id='par_1_105' title="bbox 303 5804 699 5866">
     <span class='ocr_line' id='line_1_105' title="bbox 303 5804 699 5866; baseline -0.013 -4"><span class='ocrx_word' id='word_1_808' title='bbox 303 5807 357 5840; x_wconf 66' lang='grc' dir='ltr'><strong>δθ</strong></span> <span class='ocrx_word' id='word_1_809' title='bbox 389 5804 551 5862; x_wconf 77' lang='lat' dir='ltr'><strong>Joan.</strong></span> <span class='ocrx_word' id='word_1_810' title='bbox 567 5805 699 5866; x_wconf 55' lang='grc'>4,-8,</span> 
     </span>
    </p>
   </div>
   <div class='ocr_carea' id='block_1_106' title="bbox 267 5927 798 6025">
    <p class='ocr_par' dir='ltr' id='par_1_106' title="bbox 267 5927 798 6025">
     <span class='ocr_line' id='line_1_106' title="bbox 267 5927 798 6025; baseline -0.002 -22"><span class='ocrx_word' id='word_1_811' title='bbox 267 5945 324 6003; x_wconf 94' lang='lat'><strong><em>/</em></strong></span> <span class='ocrx_word' id='word_1_812' title='bbox 537 5951 798 6025; x_wconf 18' lang='lat'><strong>1&quot;];-</strong></span> 
     </span>
    </p>
   </div>
   <div class='ocr_carea' id='block_1_107' title="bbox 1910 4605 3462 4676">
    <p class='ocr_par' dir='ltr' id='par_1_107' title="bbox 1910 4605 3462 4676">
     <span class='ocr_line' id='line_1_107' title="bbox 1910 4605 3462 4676; baseline -0.003 -14"><span class='ocrx_word' id='word_1_813' title='bbox 1910 4608 1976 4662; x_wconf 90' lang='lat' dir='ltr'><strong>ad</strong></span> <span class='ocrx_word' id='word_1_814' title='bbox 2021 4608 2166 4663; x_wconf 90' lang='lat' dir='ltr'><strong>aliud</strong></span> <span class='ocrx_word' id='word_1_815' title='bbox 2189 4649 2204 4673; x_wconf 97' lang='lat'><strong>,</strong></span> <span class='ocrx_word' id='word_1_816' title='bbox 2251 4608 2326 4661; x_wconf 89' lang='lat' dir='ltr'><strong>ita</strong></span> <span class='ocrx_word' id='word_1_817' title='bbox 2360 4616 2420 4662; x_wconf 93' lang='lat' dir='ltr'><strong>ut</strong></span> <span class='ocrx_word' id='word_1_818' title='bbox 2451 4608 2517 4661; x_wconf 91' lang='lat' dir='ltr'><strong>de</strong></span> <span class='ocrx_word' id='word_1_819' title='bbox 2547 4607 2724 4660; x_wconf 89' lang='lat' dir='ltr'><strong>altiori</strong></span> <span class='ocrx_word' id='word_1_820' title='bbox 2762 4607 2817 4660; x_wconf 92' lang='lat' dir='ltr'><strong>in</strong></span> <span class='ocrx_word' id='word_1_821' title='bbox 2846 4605 3008 4660; x_wconf 88' lang='lat' dir='ltr'><strong>altius</strong></span> <span class='ocrx_word' id='word_1_822' title='bbox 3039 4621 3252 4676; x_wconf 85' lang='lat' dir='ltr'><strong>semper</strong></span> <span class='ocrx_word' id='word_1_823' title='bbox 3279 4621 3462 4660; x_wconf 85' lang='lat' dir='ltr'><strong>ascen-</strong></span> 
     </span>
    </p>
   </div>
   <div class='ocr_carea' id='block_1_108' title="bbox 1908 4697 3476 4771">
    <p class='ocr_par' dir='ltr' id='par_1_108' title="bbox 1908 4697 3476 4771">
     <span class='ocr_line' id='line_1_108' title="bbox 1908 4697 3476 4771; baseline -0.004 -16"><span class='ocrx_word' id='word_1_824' title='bbox 1908 4702 2032 4762; x_wconf 89' lang='lat' dir='ltr'><strong>dat,</strong></span> <span class='ocrx_word' id='word_1_825' title='bbox 2067 4716 2391 4771; x_wconf 87' lang='lat' dir='ltr'><strong>semperque</strong></span> <span class='ocrx_word' id='word_1_826' title='bbox 2432 4700 2613 4770; x_wconf 85' lang='lat' dir='ltr'><strong>scipso</strong></span> <span class='ocrx_word' id='word_1_827' title='bbox 2663 4697 2755 4752; x_wconf 89' lang='lat' dir='ltr'><strong>ﬁat</strong></span> <span class='ocrx_word' id='word_1_828' title='bbox 2800 4698 3192 4768; x_wconf 63' lang='lat' dir='ltr'><strong>praestantior?</strong></span> <span class='ocrx_word' id='word_1_829' title='bbox 3225 4697 3476 4755; x_wconf 79' lang='lat' dir='ltr'><strong>Primum</strong></span> 
     </span>
    </p>
   </div>
   <div class='ocr_carea' id='block_1_109' title="bbox 1908 4789 3477 4853">
    <p class='ocr_par' dir='ltr' id='par_1_109' title="bbox 1908 4789 3477 4853">
     <span class='ocr_line' id='line_1_109' title="bbox 1908 4789 3477 4853; baseline -0.006 -6"><span class='ocrx_word' id='word_1_830' title='bbox 1908 4808 2030 4847; x_wconf 90' lang='lat' dir='ltr'><strong>cum</strong></span> <span class='ocrx_word' id='word_1_831' title='bbox 2071 4792 2251 4846; x_wconf 60' lang='lat' dir='ltr'><strong>caeteri</strong></span> <span class='ocrx_word' id='word_1_832' title='bbox 2295 4807 2486 4845; x_wconf 91' lang='lat' dir='ltr'><strong>omnes</strong></span> <span class='ocrx_word' id='word_1_833' title='bbox 2521 4791 2584 4844; x_wconf 87' lang='lat' dir='ltr'><strong>ad</strong></span> <span class='ocrx_word' id='word_1_834' title='bbox 2618 4797 2907 4844; x_wconf 86' lang='lat' dir='ltr'><strong>ascensum</strong></span> <span class='ocrx_word' id='word_1_835' title='bbox 2942 4789 3271 4853; x_wconf 82' lang='lat' dir='ltr'><strong>deﬁcerent,</strong></span> <span class='ocrx_word' id='word_1_836' title='bbox 3322 4790 3477 4844; x_wconf 57' lang='lat' dir='ltr'><strong>radi.</strong></span> 
     </span>
    </p>
   </div>
   <div class='ocr_carea' id='block_1_110' title="bbox 1907 4878 3471 4950">
    <p class='ocr_par' dir='ltr' id='par_1_110' title="bbox 1907 4878 3471 4950">
     <span class='ocr_line' id='line_1_110' title="bbox 1907 4878 3471 4950; baseline -0.001 -14"><span class='ocrx_word' id='word_1_837' title='bbox 1907 4898 1998 4936; x_wconf 81' lang='lat' dir='ltr'><strong>ces</strong></span> <span class='ocrx_word' id='word_1_838' title='bbox 2044 4881 2242 4936; x_wconf 91' lang='lat' dir='ltr'><strong>montis</strong></span> <span class='ocrx_word' id='word_1_839' title='bbox 2289 4881 2440 4935; x_wconf 86' lang='lat' dir='ltr'><strong>solus</strong></span> <span class='ocrx_word' id='word_1_840' title='bbox 2487 4879 2920 4950; x_wconf 86' lang='lat' dir='ltr'><strong>supergreditur:</strong></span> <span class='ocrx_word' id='word_1_841' title='bbox 2958 4879 3163 4934; x_wconf 82' lang='lat' dir='ltr'><strong>Deinde</strong></span> <span class='ocrx_word' id='word_1_842' title='bbox 3208 4878 3471 4935; x_wconf 71' lang='lat' dir='ltr'><strong>tubarum.</strong></span> 
     </span>
    </p>
   </div>
   <div class='ocr_carea' id='block_1_111' title="bbox 1909 4971 3474 5042">
    <p class='ocr_par' dir='ltr' id='par_1_111' title="bbox 1909 4971 3474 5042">
     <span class='ocr_line' id='line_1_111' title="bbox 1909 4971 3474 5042; baseline -0.004 -14"><span class='ocrx_word' id='word_1_843' title='bbox 1909 4973 2122 5030; x_wconf 88' lang='lat' dir='ltr'><strong>sonitus</strong></span> <span class='ocrx_word' id='word_1_844' title='bbox 2166 4971 2389 5025; x_wconf 88' lang='lat' dir='ltr'><strong>auribus</strong></span> <span class='ocrx_word' id='word_1_845' title='bbox 2427 4972 2665 5042; x_wconf 85' lang='lat' dir='ltr'><strong>percepit</strong></span> <span class='ocrx_word' id='word_1_846' title='bbox 2712 4972 3003 5027; x_wconf 87' lang='lat' dir='ltr'><strong>altitudine</strong></span> <span class='ocrx_word' id='word_1_847' title='bbox 3055 4973 3257 5027; x_wconf 88' lang='lat' dir='ltr'><strong>montis</strong></span> <span class='ocrx_word' id='word_1_848' title='bbox 3303 4972 3474 5026; x_wconf 38' lang='lat' dir='ltr'><strong>mirae</strong></span> 
     </span>
    </p>
   </div>
   <div class='ocr_carea' id='block_1_112' title="bbox 1909 5063 3468 5136">
    <p class='ocr_par' dir='ltr' id='par_1_112' title="bbox 1909 5063 3468 5136">
     <span class='ocr_line' id='line_1_112' title="bbox 1909 5063 3468 5136; baseline -0.004 -15"><span class='ocrx_word' id='word_1_849' title='bbox 1909 5069 2002 5122; x_wconf 86' lang='lat' dir='ltr'><strong>bili</strong></span> <span class='ocrx_word' id='word_1_850' title='bbox 2030 5085 2044 5132; x_wconf 90' lang='lat'><strong>;</strong></span> <span class='ocrx_word' id='word_1_851' title='bbox 2097 5066 2215 5136; x_wconf 88' lang='lat' dir='ltr'><strong>ipse</strong></span> <span class='ocrx_word' id='word_1_852' title='bbox 2247 5080 2462 5135; x_wconf 85' lang='lat' dir='ltr'><strong>quoque</strong></span> <span class='ocrx_word' id='word_1_853' title='bbox 2495 5063 2722 5119; x_wconf 89' lang='lat' dir='ltr'><strong>miriﬁce</strong></span> <span class='ocrx_word' id='word_1_854' title='bbox 2750 5065 2996 5120; x_wconf 87' lang='lat' dir='ltr'><strong>elevatus</strong></span> <span class='ocrx_word' id='word_1_855' title='bbox 3021 5104 3034 5126; x_wconf 91' lang='lat'><em>.</em></span> <span class='ocrx_word' id='word_1_856' title='bbox 3073 5064 3137 5118; x_wconf 87' lang='lat' dir='ltr'><strong>ad</strong></span> <span class='ocrx_word' id='word_1_857' title='bbox 3177 5064 3293 5118; x_wconf 72' lang='lat' dir='ltr'><strong>haec</strong></span> <span class='ocrx_word' id='word_1_858' title='bbox 3325 5063 3468 5116; x_wconf 87' lang='lat' dir='ltr'><strong>invi-</strong></span> 
     </span>
    </p>
   </div>
   <div class='ocr_carea' id='block_1_113' title="bbox 1910 5151 3475 5224">
    <p class='ocr_par' dir='ltr' id='par_1_113' title="bbox 1910 5151 3475 5224">
     <span class='ocr_line' id='line_1_113' title="bbox 1910 5151 3475 5224; baseline -0.004 -12"><span class='ocrx_word' id='word_1_859' title='bbox 1910 5157 2087 5212; x_wconf 87' lang='lat' dir='ltr'><strong>sibilia</strong></span> <span class='ocrx_word' id='word_1_860' title='bbox 2109 5155 2306 5209; x_wconf 79' lang='lat' dir='ltr'><strong>divina:</strong></span> <span class='ocrx_word' id='word_1_861' title='bbox 2335 5154 2666 5224; x_wconf 82' lang='lat' dir='ltr'><strong>cognitionis</strong></span> <span class='ocrx_word' id='word_1_862' title='bbox 2689 5153 3330 5224; x_wconf 50' lang='lat' dir='ltr'><strong>penetraliazingreditur.</strong></span> <span class='ocrx_word' id='word_1_863' title='bbox 3362 5151 3475 5206; x_wconf 77' lang='lat' dir='ltr'><strong>Nec</strong></span> 
     </span>
    </p>
   </div>
   <div class='ocr_carea' id='block_1_114' title="bbox 1908 5243 3474 5318">
    <p class='ocr_par' dir='ltr' id='par_1_114' title="bbox 1908 5243 3474 5318">
     <span class='ocr_line' id='line_1_114' title="bbox 1908 5243 3474 5318; baseline -0.007 -15"><span class='ocrx_word' id='word_1_864' title='bbox 1908 5250 1979 5303; x_wconf 88' lang='lat' dir='ltr'><strong>ibi</strong></span> <span class='ocrx_word' id='word_1_865' title='bbox 2015 5247 2342 5318; x_wconf 86' lang='lat' dir='ltr'><strong>permansit,</strong></span> <span class='ocrx_word' id='word_1_866' title='bbox 2370 5245 2463 5300; x_wconf 89' lang='lat' dir='ltr'><strong>sed</strong></span> <span class='ocrx_word' id='word_1_867' title='bbox 2496 5247 2549 5299; x_wconf 94' lang='lat' dir='ltr'><strong>in</strong></span> <span class='ocrx_word' id='word_1_868' title='bbox 2583 5247 2993 5300; x_wconf 87' lang='lat' dir='ltr'><strong>tabernaculum</strong></span> <span class='ocrx_word' id='word_1_869' title='bbox 3027 5247 3174 5300; x_wconf 89' lang='lat' dir='ltr'><strong>nulla</strong></span> <span class='ocrx_word' id='word_1_870' title='bbox 3205 5260 3367 5298; x_wconf 89' lang='lat' dir='ltr'><strong>manu</strong></span> <span class='ocrx_word' id='word_1_871' title='bbox 3393 5243 3474 5296; x_wconf 49' lang='lat' dir='ltr'><strong>fa-</strong></span> 
     </span>
    </p>
   </div>
   <div class='ocr_carea' id='block_1_115' title="bbox 1907 5335 3470 5408">
    <p class='ocr_par' dir='ltr' id='par_1_115' title="bbox 1907 5335 3470 5408">
     <span class='ocr_line' id='line_1_115' title="bbox 1907 5335 3470 5408; baseline -0.003 -15"><span class='ocrx_word' id='word_1_872' title='bbox 1907 5351 2052 5393; x_wconf 87' lang='lat' dir='ltr'><strong>ctum</strong></span> <span class='ocrx_word' id='word_1_873' title='bbox 2091 5337 2426 5408; x_wconf 88' lang='lat' dir='ltr'><strong>pertransit:</strong></span> <span class='ocrx_word' id='word_1_874' title='bbox 2470 5344 2618 5392; x_wconf 85' lang='lat' dir='ltr'><strong>certe</strong></span> <span class='ocrx_word' id='word_1_875' title='bbox 2659 5353 2894 5408; x_wconf 90' lang='lat' dir='ltr'><strong>namque</strong></span> <span class='ocrx_word' id='word_1_876' title='bbox 2942 5337 3007 5392; x_wconf 90' lang='lat' dir='ltr'><strong>ad</strong></span> <span class='ocrx_word' id='word_1_877' title='bbox 3055 5338 3203 5392; x_wconf 90' lang='lat' dir='ltr'><strong>hunc</strong></span> <span class='ocrx_word' id='word_1_878' title='bbox 3252 5335 3470 5389; x_wconf 79' lang='lat' dir='ltr'><strong>tandem</strong></span> 
     </span>
    </p>
   </div>
   <div class='ocr_carea' id='block_1_116' title="bbox 1907 5423 3472 5498">
    <p class='ocr_par' dir='ltr' id='par_1_116' title="bbox 1907 5423 3472 5498">
     <span class='ocr_line' id='line_1_116' title="bbox 1907 5423 3472 5498; baseline -0.004 -17"><span class='ocrx_word' id='word_1_879' title='bbox 1907 5429 1995 5483; x_wconf 91' lang='lat' dir='ltr'><strong>ille</strong></span> <span class='ocrx_word' id='word_1_880' title='bbox 2026 5429 2182 5482; x_wconf 87' lang='lat' dir='ltr'><strong>ﬁnem</strong></span> <span class='ocrx_word' id='word_1_881' title='bbox 2212 5426 2488 5498; x_wconf 88' lang='lat' dir='ltr'><strong>pervenit,</strong></span> <span class='ocrx_word' id='word_1_882' title='bbox 2519 5425 2612 5494; x_wconf 89' lang='lat' dir='ltr'><strong>qui</strong></span> <span class='ocrx_word' id='word_1_883' title='bbox 2640 5425 2952 5494; x_wconf 87' lang='lat' dir='ltr'><strong>hujusmodi</strong></span> <span class='ocrx_word' id='word_1_884' title='bbox 2981 5424 3302 5480; x_wconf 90' lang='lat' dir='ltr'><strong>ascensibus</strong></span> <span class='ocrx_word' id='word_1_885' title='bbox 3331 5423 3472 5477; x_wconf 76' lang='lat' dir='ltr'><strong>exal-</strong></span> 
     </span>
    </p>
   </div>
   <div class='ocr_carea' id='block_1_117' title="bbox 1907 5515 3470 5589">
    <p class='ocr_par' dir='ltr' id='par_1_117' title="bbox 1907 5515 3470 5589">
     <span class='ocr_line' id='line_1_117' title="bbox 1907 5515 3470 5589; baseline -0.003 -14"><span class='ocrx_word' id='word_1_886' title='bbox 1907 5530 2070 5578; x_wconf 87' lang='lat' dir='ltr'><strong>tatur.</strong></span> <span class='ocrx_word' id='word_1_887' title='bbox 2107 5518 2209 5574; x_wconf 90' lang='lat' dir='ltr'><strong>Sed</strong></span> <span class='ocrx_word' id='word_1_888' title='bbox 2242 5519 2334 5572; x_wconf 82' lang='lat' dir='ltr'><strong>illa</strong></span> <span class='ocrx_word' id='word_1_889' title='bbox 2361 5534 2576 5589; x_wconf 90' lang='lat' dir='ltr'><strong>quoque</strong></span> <span class='ocrx_word' id='word_1_890' title='bbox 2604 5520 2872 5573; x_wconf 81' lang='lat' dir='ltr'><strong>sententia</strong></span> <span class='ocrx_word' id='word_1_891' title='bbox 2902 5519 2968 5572; x_wconf 90' lang='lat' dir='ltr'><strong>de</strong></span> <span class='ocrx_word' id='word_1_892' title='bbox 2995 5516 3202 5573; x_wconf 76' lang='lat' dir='ltr'><strong>caelesti</strong></span> <span class='ocrx_word' id='word_1_893' title='bbox 3238 5515 3366 5568; x_wconf 82' lang='lat' dir='ltr'><strong>tuba</strong></span> <span class='ocrx_word' id='word_1_894' title='bbox 3404 5515 3470 5568; x_wconf 86' lang='lat' dir='ltr'><strong>ad</strong></span> 
     </span>
    </p>
   </div>
   <div class='ocr_carea' id='block_1_118' title="bbox 1905 5607 3470 5682">
    <p class='ocr_par' dir='ltr' id='par_1_118' title="bbox 1905 5607 3470 5682">
     <span class='ocr_line' id='line_1_118' title="bbox 1905 5607 3470 5682; baseline -0.01 -12"><span class='ocrx_word' id='word_1_895' title='bbox 1905 5613 2142 5670; x_wconf 80' lang='lat' dir='ltr'><strong>divinam</strong></span> <span class='ocrx_word' id='word_1_896' title='bbox 2177 5611 2510 5682; x_wconf 89' lang='lat' dir='ltr'><strong>perducente</strong></span> <span class='ocrx_word' id='word_1_897' title='bbox 2539 5611 2937 5681; x_wconf 79' lang='lat' dir='ltr'><strong>cognitionem,</strong></span> <span class='ocrx_word' id='word_1_898' title='bbox 2982 5625 3089 5663; x_wconf 90' lang='lat' dir='ltr'><strong>non</strong></span> <span class='ocrx_word' id='word_1_899' title='bbox 3136 5616 3221 5662; x_wconf 87' lang='lat' dir='ltr'><strong>est</strong></span> <span class='ocrx_word' id='word_1_900' title='bbox 3267 5607 3470 5681; x_wconf 47' lang='lat' dir='ltr'><strong>i‘mproa</strong></span> 
     </span>
    </p>
   </div>
   <div class='ocr_carea' id='block_1_119' title="bbox 814 5795 2332 5864">
    <p class='ocr_par' dir='ltr' id='par_1_119' title="bbox 814 5795 2332 5864">
     <span class='ocr_line' id='line_1_119' title="bbox 814 5795 2332 5864; baseline -0.005 -7"><span class='ocrx_word' id='word_1_901' title='bbox 814 5802 854 5836; x_wconf 68' lang='lat'><strong>&quot;&#39;</strong></span> <span class='ocrx_word' id='word_1_902' title='bbox 879 5801 1048 5856; x_wconf 77' lang='lat' dir='ltr'><strong>Exod.</strong></span> <span class='ocrx_word' id='word_1_903' title='bbox 1084 5817 1136 5864; x_wconf 84' lang='lat' dir='ltr'><strong>x,</strong></span> <span class='ocrx_word' id='word_1_904' title='bbox 1162 5797 1250 5854; x_wconf 70' lang='grc'><strong>2⁸1.</strong></span> <span class='ocrx_word' id='word_1_905' title='bbox 1326 5799 1366 5830; x_wconf 71' lang='grc'><strong>⁸⁵</strong></span> <span class='ocrx_word' id='word_1_906' title='bbox 1401 5797 1538 5853; x_wconf 75' lang='lat' dir='ltr'><strong>i’sul.</strong></span> <span class='ocrx_word' id='word_1_907' title='bbox 1580 5815 1704 5856; x_wconf 78' lang='lat' dir='ltr'><strong>xvii.</strong></span> <span class='ocrx_word' id='word_1_908' title='bbox 1741 5797 1821 5852; x_wconf 86' lang='grc' dir='ltr'><strong>ιο.</strong></span> <span class='ocrx_word' id='word_1_909' title='bbox 1877 5797 1919 5829; x_wconf 71' lang='grc'><strong>⁸⁷</strong></span> <span class='ocrx_word' id='word_1_910' title='bbox 1952 5795 2118 5851; x_wconf 79' lang='lat' dir='ltr'><strong>Exod.</strong></span> <span class='ocrx_word' id='word_1_911' title='bbox 2153 5811 2240 5856; x_wconf 75' lang='lat' dir='ltr'><strong>xx,</strong></span> <span class='ocrx_word' id='word_1_912' title='bbox 2280 5795 2332 5850; x_wconf 69' lang='grc'><strong>4.</strong></span> 
     </span>
    </p>
   </div>
  </div>
