3982 6450
531 362 635 420 579

1754 363 1794 418 S
1853 362 2179 419 GREGORII
2209 361 2495 418 NYSSENI

3658 363 3760 424 380

534 479 732 545 nanda,
753 477 951 533 coelum
971 479 1115 531 enim
1139 485 1190 531 et
1213 475 1395 531 omnia
1417 493 1539 548 qua:
1561 475 1614 530 in
1638 477 1778 532 caelo
1801 486 1950 539 sunt,
1977 479 2092 531 sive

2206 473 2308 538 ιίας
2331 472 2566 542 σάλπιγξ
2586 472 2965 544 μεγαλόφωνος
2976 474 3181 544 γίνεται
3197 516 3212 543 ,
3231 476 3371 532 καθά
3393 495 3524 551 φησι
3547 497 3633 544 τις
3652 483 3761 536 τῶν

532 569 669 625 varii
694 576 896 633 motus,
918 568 1033 622 sive
1052 566 1281 623 diversae
1312 567 1738 639 magnitudines,
1766 569 1882 625 sive
1909 569 2065 638 splen

411 655 422 700 τ’
532 659 693 714 dores
723 657 862 712 alius
893 657 1056 712 alium
1094 656 1304 728 fulgore
1331 660 1793 731 perstringentes,
1826 659 2094 714 mirabilis

533 750 739 806 fabrica
797 751 1116 821 sapientiam
1134 748 1223 805 Dei
1237 765 1368 808 voce
1382 764 1574 821 magna
1594 748 1883 813 exclamat,
1915 750 2093 804 maxi-

533 855 787 912 mamque
816 840 990 910 ipsius
1019 839 1359 908 majestatem
1411 855 1475 895 ac
1524 847 1847 910 potestatem
1891 856 1988 910 per
2029 853 2094 894 ea

531 949 651 1002 qua:
705 928 979 994 videntur,
1025 941 1268 986 enarrat.
1323 930 1479 987 Unde
1518 932 1720 987 dictum
1752 942 1874 988 est:
1908 951 1927 983 ι
1961 931 2095 986 Caeli

529 1033 790 1082 euarrant
816 1027 1043 1095 gloriam
1076 1023 1171 1080 Dei
1201 1025 1266 1080 “.
1301 1045 1319 1076 ι
1347 1025 1470 1080 Haec
1503 1025 1670 1096 igitur
1699 1033 1784 1080 est
1815 1024 1906 1078 illa
1933 1025 2060 1078 tuba
2079 1065 2095 1090 ,

530 1135 652 1188 qua:
682 1133 914 1178 sonora,
952 1119 1133 1182 clara,
1164 1133 1468 1188 magnaque
1499 1133 1630 1172 voce
1661 1117 1922 1171 continue
1950 1115 2093 1192 veri-

533 1216 660 1266 tatis
687 1211 992 1266 doctrinam
1029 1211 1325 1280 przedicat,
1359 1220 1417 1266 ut
1465 1212 1729 1282 propheta
1768 1210 1930 1265 etiam
1973 1209 2099 1279 qui-

531 1307 654 1360 dam
689 1307 764 1361 ait
790 1325 804 1360 :
835 1323 855 1358 ι
887 1305 1028 1360 Deus
1059 1306 1187 1360 tuba
1220 1305 1455 1374 desuper
1487 1318 1682 1358 sonum
1712 1300 1915 1355 dedit.»
1936 1297 2094 1353 Hunc

531 1411 726 1450 sonum
765 1411 832 1450 ex
873 1385 1214 1465 inspectione
1259 1408 1442 1449 rerum
1487 1391 1732 1446 omnium
1768 1388 2007 1451 factum,
2039 1385 2086 1440 si

2193 565 2510 636 προφητῶν.
2539 565 2622 618 ὅτι
2663 582 2682 614 ι
2716 565 3040 619 Ἐσάλπισεν
3064 567 3093 619 ὁ
3123 566 3254 630 Θεὸς
3286 569 3509 622 ἄνωθεν.
3539 590 3557 620 ι
3615 570 3762 647 δὲ

2194 657 2599 748 κεκαθαρμένος
2636 674 2696 709 τε
2735 659 2833 748 καλ.
2866 657 2992 725 ὀξὺς
3033 657 3130 730 τὴν
3167 661 3333 732 ἀκοὴν
3376 662 3477 732 τῆς
3514 640 3764 748 καρδῖιςξ

2192 749 2289 817 τὴν
2315 749 2452 818 ὴχὴν
2498 747 2700 820 ταύτην
2739 747 3051 820 δεξάμενος,
3103 751 3244 820 λέγω
3297 752 3359 824 δὴ
3409 753 3509 825 τήν
3553 747 3615 808 ἐκ
3664 756 3763 826 τῆς

2194 835 2425 907 Θεωρίας
2463 836 2570 890 τῶν
2616 837 2786 892 ὄντων
2814 841 3104 912 γινομένην
3143 831 3276 912 πρῆς
3323 843 3419 915 τὴν
3464 845 3560 916 τῆς
3611 845 3763 910 θείας

2198 927 2477 997 δυνάμεως
2513 928 2729 995 γνῶσιν,
2768 931 3037 1002 ὁδηγεῖται
3084 931 3151 984 δι’
3180 933 3348 1002 αὑτῆς
3387 935 3613 1008 πρὸςτὸ
3646 939 3766 996 ὲκεῖί

2199 1019 2438 1100 διαδῦναι
2463 1024 2529 1092 τῇ
2550 1020 2777 1094 διανοίᾳ,
2807 1011 2942 1077 ὅπου
2970 1024 3116 1078 ἐστὶν
3139 1027 3168 1078 ό
3192 1015 3340 1088 Θεός.
3373 1027 3541 1080 Τοῦτο
3555 1027 3769 1097 eam.

2203 1101 2300 1179 φος
2335 1099 2436 1165 ὑπὸ
2478 1110 2574 1182 τῆς
2601 1105 3202 1187 Γραφῆςόνομάζεται,
3233 1118 3262 1170 ὃ
3287 1119 3351 1188 δὴ
3380 1119 3784 1190 ἑρμηνεύεταῖ

2203 1202 2384 1268 καθὼς
2415 1203 2652 1275 εἴρηται,
2680 1207 2739 1259 τὸ
2768 1207 3039 1276 ἀγνωστόν
3064 1226 3121 1262 τε
3155 1211 3248 1263 καὶ
3281 1211 3608 1283 ἀθεώρητον,
3634 1215 3692 1267 ἑν
3719 1210 3770 1284 ᾦ

2198 1295 2478 1366 γινόμενος
2502 1298 2600 1369 τὴν
2644 1299 3056 1370 ἀχειροποίητον
3087 1302 3300 1372 ἐκείνην
3329 1305 3531 1375 σκηνὴν
3556 1305 3768 1375 βλέπει,

2195 1386 2261 1455 ἣν
2283 1385 2370 1439 διὰ
2402 1389 2500 1460 τῆς
2538 1389 2729 1460 ὑλικῆς
2763 1393 3049 1463 μιμήσεως
3079 1397 3192 1458 τοῖς
3222 1396 3373 1449 κάτω
3397 1397 3653 1452 δείκνυσι.

531 1489 655 1559 quis
687 1488 871 1543 cordis
905 1486 1146 1541 auditum
1177 1501 1240 1541 ac
1277 1488 1472 1540 ductus
1498 1484 1672 1553 ipsius
1704 1499 1812 1539 non
1841 1481 2022 1550 segnis
2057 1485 2201 1533 recte
2229 1481 2489 1550 suscipit,
2524 1484 2740 1538 tandem
2775 1502 2842 1540 eo
2874 1486 3072 1541 mentis
3103 1486 3454 1556 inquisitione
3485 1491 3769 1563 pervenit,

532 1581 623 1633 ubi
657 1578 798 1634 Deus
827 1588 930 1634 est.
961 1577 1019 1632 Id
1053 1593 1180 1633 vero
1207 1578 1384 1647 caligo
1413 1592 1442 1630 a
1477 1575 1758 1646 Scriptura
1795 1583 2157 1643 nuncupatur,
2187 1588 2296 1642 quo
2329 1575 2752 1647 iucoguoscibile
2789 1594 2854 1634 ac
2887 1579 3437 1650 incomprehensibile
3468 1584 3641 1655 ipsius
3661 1626 3676 1649 ,
3706 1593 3774 1640 ut

531 1674 805 1736 diximus,
850 1673 1208 1741 signiﬁcatur.
1251 1671 1388 1727 illuc
1436 1681 1622 1728 autem
1665 1686 1791 1726 cum
1827 1665 2174 1741 pervenerit,
2204 1667 2618 1726 tabernaculum
2650 1673 2799 1727 nulla
2833 1689 2998 1730 manu
3033 1673 3354 1731 fabricatum
3392 1679 3683 1749 perspicit,
3714 1689 3775 1734 et

531 1769 836 1824 imitatione
866 1767 1219 1823 inferioribus
1248 1767 1528 1824 materiale
1556 1766 1813 1822 ostendit.

601 1859 759 1926 Quod
813 1867 994 1913 autem
1050 1859 1319 1929 qualeque
1373 1871 1459 1914 εει
1504 1857 1917 1914 tabernaculum
1966 1851 2099 1908 illud

2270 1855 2336 1907 Τί
2373 1852 2466 1910 οὖν
2509 1859 2542 1930 ή
2574 1859 2984 1934 άχειροποίητος
3011 1864 3192 1935 ἐκείνη
3221 1866 3427 1938 σκηνή;
3497 1871 3531 1942 ή
3590 1884 3775 1940 παρα-

532 1953 740 2021 absque
776 1967 939 2004 manu
975 1950 1346 2006 fabricatum?
1377 1951 1521 2021 quod
1553 1950 1709 2020 quasi
1740 1946 2016 2017 exemplar
2046 1945 2100 1998 in

534 2054 720 2098 monte
773 2041 947 2115 Moysi
1003 2043 1353 2113 praponitur,
1397 2049 1457 2096 ut
1508 2041 1575 2096 ad
1622 2040 1756 2095 illud
1804 2035 2103 2106 respiciens

540 2152 706 2192 manu
740 2144 1049 2207 praeparet,
1082 2135 1388 2205 efﬁciatque
1416 2133 1730 2190 hominibus
1765 2141 1974 2186 tantum
2005 2129 2106 2183 nti-

531 2229 804 2283 raculum.
837 2247 856 2279 ι
883 2226 1017 2282 Vide
1047 2225 1529 2298 namque,»inquit
1549 2265 1564 2288 ,
1589 2245 1607 2276 ι
1635 2234 1691 2278 ut
1723 2224 1904 2277 omnia
1933 2221 2104 2275 facias

533 2318 835 2374 secundum
871 2316 1288 2373 similitudinem
1313 2356 1329 2382 ,
1362 2332 1486 2388 quae
1532 2316 1631 2371 tibi
1678 2323 1978 2368 monstrata
2019 2320 2107 2367 est

532 2413 588 2466 in
643 2423 826 2466 monte
854 2411 921 2465 δ’.
957 2430 974 2461 ι
1005 2410 1286 2465 Columna:
1339 2423 1519 2464 aurea:
1565 2407 1788 2462 basibus
1836 2403 2105 2475 argenteis

535 2504 896 2567 inhaerentes,
934 2504 1211 2575 argenteis
1245 2505 1450 2574 pariter
1484 2501 1794 2570 capitibus:
1831 2498 1952 2552 aliae
1982 2512 2106 2549 rur-

533 2611 632 2650 sus
685 2596 989 2659 columnae.
1045 2611 1276 2665 quarum
1330 2594 1512 2665 capita
1553 2600 1606 2648 et
1660 2593 1816 2646 bases
1851 2607 1917 2645 ex
1960 2604 2104 2644 tere:

533 2686 683 2758 quod
717 2703 852 2743 vero
899 2692 1046 2742 inter
1090 2698 1332 2743 extrema
1376 2695 1524 2749 erat,
1573 2701 1638 2739 ex
1687 2694 1909 2754 argento
1951 2692 2104 2746 erat,

532 2780 734 2850 quibus
786 2780 1043 2836 omnibus
1095 2780 1253 2850 quasi
1307 2778 1616 2849 subjectum
1669 2793 1734 2831 ex
1794 2776 1940 2845 ligno
1991 2781 2110 2828 erat

533 2869 972 2941 incorruptibili,
1021 2871 1380 2926 circumcirca
1432 2886 1562 2924 vero
1626 2883 1721 2939 per
1768 2865 2107 2936 superficiem

535 2959 798 3029 splendor
846 2959 1087 3030 praedita:
1137 2959 1382 3014 materiei
1437 2957 2002 3018 circumfundebatur,
2055 2963 2110 3010 et

536 3065 664 3104 arca
693 3051 943 3106 similiter
975 3050 1274 3120 purissimo
1303 3065 1438 3104 auro
1471 3048 1724 3120 fulgens:
1756 3046 1902 3118 quod
1929 3056 2109 3100 autem

535 3159 730 3198 aurum
766 3144 871 3198 hoc
905 3143 1250 3206 sustinebat,
1289 3143 1465 3212 ipsum
1497 3158 1717 3214 quoque
1749 3142 1956 3212 lignum
1989 3147 2105 3195 erat

540 3237 985 3307 iucorruptibile.
1016 3236 1418 3290 Candelabrum
1451 3235 1708 3304 deinceps
1737 3235 1853 3289 basi
1885 3231 2102 3303 quidem

540 3329 762 3382 unicum
781 3365 796 3389 ,
829 3327 883 3381 in
912 3334 1116 3396 septem
1149 3335 1330 3378 autem
1358 3340 1542 3379 ramus
1574 3328 1627 3378 in
1657 3324 1941 3378 cacumine
1968 3321 2108 3376 divi-

538 3435 658 3473 sum
680 3457 695 3481 ,
719 3427 926 3488 septem
960 3419 1211 3470 lucernas
1243 3431 1338 3486 per
1367 3431 1549 3470 ramos
1578 3417 1900 3470 sustinebat.
1932 3413 2106 3482 llujus

537 3509 851 3565 candelabri
893 3507 1119 3561 materia
1166 3507 1520 3576 purissimum
1558 3515 1676 3562 erat
1712 3522 1940 3569 aurum,
1997 3520 2104 3559 non

539 3614 863 3663 concavum,
881 3615 982 3653 nec
1002 3599 1146 3669 ligno
1166 3607 1550 3662 sustentatum,
1567 3599 1660 3653 sed
1683 3598 1940 3653 solidum.
1957 3597 2102 3652 Prte-

540 3703 624 3746 ter
675 3691 790 3746 hrcc
833 3690 1278 3761 propitiatorium
1328 3699 1477 3753 erat,
1529 3698 1582 3744 et
1634 3691 1834 3755 altare,
1883 3698 1937 3744 et
1988 3705 2110 3760 quae

537 3783 804 3838 dicuntur
834 3782 1099 3837 cherubin
1121 3823 1135 3847 ,
1177 3796 1410 3852 quorum
1443 3782 1545 3835 alis
1579 3797 1706 3834 arca
1748 3781 2113 3835 adumbraba-

541 3887 653 3929 tur.
685 3872 811 3928 Haec
837 3874 1018 3927 omnia
1053 3889 1117 3926 ex
1149 3887 1284 3925 auro
1313 3879 1472 3927 erant
1503 3887 1610 3925 non
1639 3871 1924 3942 superficie
1954 3881 2110 3928 tenus

540 3969 832 4039 pulchrum
863 3966 1105 4020 colorem
1138 3964 1466 4032 exhibcnle,
1517 3963 1611 4018 sed
1654 3965 1726 4016 ita
1774 3971 1834 4017 ut
1875 3963 2110 4018 solidum

537 4067 722 4123 esset,
760 4066 815 4114 et
863 4056 931 4111 ad
987 4055 1216 4110 fundum
1286 4071 1460 4127 usque
1509 4056 1737 4110 materia
1784 4063 2109 4124 permearet.

538 4149 808 4207 Praeterea
833 4149 1055 4205 cortinae
1083 4151 1221 4202 mira
1247 4149 1510 4202 varietate
1536 4147 1836 4212 distinctae,
1861 4163 1926 4201 ac
1950 4147 2112 4202 inau-

539 4245 657 4298 dito
680 4249 950 4298 contextae
976 4239 1231 4302 artificio,
1255 4238 1489 4294 diversis
1511 4240 1789 4295 coloribus
1815 4240 1922 4294 alio
1945 4240 2112 4294 alium

541 4334 973 4406 suscipientibus
993 4373 1010 4398 ,
1039 4333 1104 4385 ad
1139 4330 1598 4402 pulchritudinem
1627 4335 1964 4386 cortinarum
1991 4333 2114 4402 qui-

543 4427 646 4480 bus
689 4425 743 4477 in
787 4421 898 4476 duo
939 4420 1284 4474 dividebatur
1316 4419 1760 4486 tabernaculum,
1797 4421 1851 4474 in
1904 4430 2109 4490 partem

2199 1946 2519 2021 δεικνυμένη
2542 1952 2619 2021 τῷ
2637 1955 2860 2008 Μωῦσεῖ
2887 1955 3029 2009 κατά
3055 1957 3116 2010 τὸ
3143 1957 3287 2029 ὅρος,
3315 1958 3450 2029 πρὸς
3471 1960 3538 2031 ἢν
3559 1960 3776 2013 κελεύε-

2200 2053 2289 2091 ται
2318 2039 2553 2109 βλέπειν,
2579 2041 2655 2106 ὡς
2684 2046 2764 2108 είς
2802 2046 3129 2117 ἀρχέτυπον,
3161 2033 3249 2101 διὰ
3277 2048 3378 2118 τῆς
3407 2052 3774 2123 χειροτμήτου

2202 2133 2548 2204 κατασκευῆς
2584 2134 2751 2200 δεῖξαι
2804 2137 2867 2190 τὸ
2917 2139 3324 2210 ἀχειροποίητον
3366 2140 3778 2214 Θαῦμα.ι⁹’ορα

2201 2222 2332 2294 γάρ,
2362 2225 2514 2295 φησὶ,
2548 2228 2795 2298 ποιήσεις
2823 2230 3000 2284 πάντα
3055 2233 3191 2285 κατὰ
3225 2232 3316 2286 τὸν
3352 2233 3519 2287 τύπον
3540 2234 3631 2289 τὸν
3655 2234 3775 2288 δει-

2203 2312 2396 2383 χθέντα
2422 2331 2502 2368 σοι
2531 2316 2588 2370 έν
2617 2317 2692 2387 τῷ
2708 2317 3070 2389 δρει.ιΣτύλοι
3097 2319 3314 2392 χρύσεοι
3345 2320 3565 2391 βάσεσιν
3592 2323 3778 2394 ἀργυ-

2207 2405 2324 2475 ραῖς
2346 2405 2744 2476 ὲρηρεισμένοι,
2775 2408 2870 2462 καὶ
2893 2409 3151 2479 κεφαλαῖς
3176 2410 3436 2474 ὡσαύτως
3462 2412 3738 2482 ἀργυραῖς
3758 2429 3773 2443 ο

2206 2497 2601 2567 ὲπιπρέποντες
2638 2498 2798 2551 πάλιν
2840 2499 3015 2572 ἕτεροι
3049 2501 3250 2564 στύλοι,
3293 2495 3368 2555 ὧν
3407 2501 3638 2572 κεφαλαὶ
3671 2485 3781 2573 μὲν

2206 2589 2300 2642 καὶ
2335 2587 2518 2659 βάσεις
2543 2590 2606 2642 ὲκ
2636 2589 2836 2660 χαλκοῦ
2871 2593 2970 2662 τῆς
2997 2591 3156 2664 ὑληςο
3189 2593 3250 2647 τὸ
3273 2594 3328 2647 δὲ
3355 2594 3442 2648 διὰ
3466 2595 3634 2666 μέσου¹
3659 2596 3781 2652 τῶν

2205 2678 2409 2751 ἄκρων,
2445 2681 2701 2752 ἄργυρος.
2745 2683 2882 2734 Πᾶσι
2915 2683 2970 2736 δὲ
2999 2683 3207 2748 τούτοις
3236 2684 3463 2756 ἔρεισμα
3503 2687 3598 2756 μὲν
3623 2685 3782 2751 ξύλι-

2207 2791 2296 2828 νον
2344 2769 2440 2844 ἦν,
2499 2775 2766 2844 σηπεδόνα
2816 2777 2891 2846 μὴ
2937 2776 3385 2849 προσδεχόμενον.
3452 2779 3540 2833 Ἐν
3585 2779 3782 2850 κύκλῳ

2207 2865 2294 2928 δὲ,
2349 2865 2487 2920 κατὰ
2517 2867 2576 2920 τὸ
2597 2869 2936 2939 φαινόμενον,
2958 2864 3006 2940 κή
3030 2870 3171 2939 αὑγὴ
3202 2870 3310 2923 τῶν
3343 2870 3594 2924 τοιούτων
3628 2871 3784 2926 ὑλῶν

2209 2955 2580 3025 περιεκέχυτο,
2613 2956 2708 3009 καὶ
2755 2957 2982 3020 κιϐωτός
3013 2975 3096 3021 τις
3128 2957 3387 3023 ὡσαύτως
3419 2961 3476 3013 ὲν
3508 2960 3784 3032 ἀκηράτῳ

2211 3046 2495 3100 στίλϐουσα
2533 3047 2612 3118 τῷ
2645 3046 2862 3120 χρυσῷ·
2905 3048 2966 3102 τὸ
3001 3049 3058 3102 δὲ
3097 3049 3354 3120 διερεῖδον
3384 3051 3483 3120 τὴν
3515 3049 3608 3103 τοῦ
3641 3068 3788 3122 χρυ-

2213 3138 2324 3192 σίου
2352 3138 2671 3211 περιϐολὴν,
2727 3140 2822 3194 καὶ
2861 3139 2992 3194 αὑτὸ
3029 3139 3183 3208 ξύλον
3210 3137 3279 3213 ἦν
3308 3141 3470 3213 σῆψιν
3503 3143 3563 3196 οὑ
3603 3159 3784 3213 προσ·

2203 3229 2508 3303 δεχόμενον.
2562 3232 2765 3303 Λυχνία
2814 3249 2898 3296 τις
2939 3234 3033 3286 ἐπὶ
3075 3233 3304 3298 τούτοις.
3343 3234 3441 3304 μία
3487 3233 3585 3305 μὲν
3630 3235 3788 3290 κατά

2205 3323 2294 3375 τὸν
2345 3323 2592 3394 πυθμένα
2641 3324 2741 3394 τῆς
2793 3324 3024 3394 βάσεως,
3087 3325 3229 3379 ἑπτὰ
3281 3325 3338 3379 δὲ
3381 3325 3592 3390 κλάδοις
3634 3327 3787 3382 κατά

2206 3412 2265 3466 τὸ
2301 3413 2466 3485 ἄκρον
2509 3415 2838 3486 διῃρημένη,
2904 3416 3219 3487 ἰσαρίθμους
3257 3417 3486 3482 κύκλους
3522 3417 3616 3470 ἐπὶ
3661 3417 3786 3471 τῶν

2207 3502 2416 3557 κλάδων
2471 3504 2757 3575 ἀνέχουσα.
2821 3506 3036 3577 Χρυσὸς
3083 3506 3143 3560 δὲ
3203 3503 3271 3579 ἦν
3318 3508 3416 3580 τῆς
3469 3506 3686 3578 λυχνίας
3745 3509 3786 3580 ἡ

2210 3593 2344 3666 ὑλη,
2403 3595 2555 3649 οὐδὲν
2623 3597 2724 3666 τῆς
2791 3599 3130 3669 κατασκευῆς
3200 3599 3377 3653 κοῖλον
3426 3599 3602 3670 ἔχων,
3684 3599 3784 3653 οὐ-

2207 3684 2264 3738 δὲ
2303 3683 2442 3756 ξύλῳ
2476 3687 2883 3758 διερειδόμενον.
2937 3689 3326 3762 Θυσιαστήριον
3375 3688 3433 3742 δὲ
3479 3689 3612 3761 πρὸς
3647 3689 3788 3743 τού-

2209 3791 2320 3838 τοις
2367 3776 2459 3828 καὶ
2505 3775 2812 3849 ἱλαστήριον
2837 3793 2851 3807 ⁸
2901 3777 2996 3831 καὶ
3037 3778 3105 3831 τὰ
3166 3778 3433 3848 λεγόμενα
3483 3779 3785 3850 χερουϐὶμ,

2208 3858 2283 3920 ὧν
2337 3871 2458 3931 ταῖς
2514 3869 2770 3942 πτέρυξιν
2826 3872 2860 3942 ή
2906 3864 3159 3934 ’κιϐωτὸς
3233 3870 3531 3935 ὲσκιάζετο.
3586 3871 3789 3928 Πάντα

2208 3959 2381 4014 ταῦτα
2417 3963 2616 4032 χρυσὸς
2651 3957 2739 4034 ἦν,
2772 3963 2871 4016 οὑκ
2913 3963 3223 4017 ἐπιπόλαιον
3271 3967 3522 4035 παρέχων
3552 3966 3618 4035 τῇ
3651 3967 3786 4020 ἔπι-

2213 4052 2406 4124 φανείᾳ
2454 4053 2550 4125 τήν
2602 4053 2874 4125 εὔχροιαν,
2928 4055 3062 4109 ἀλλὰ
3108 4055 3172 4109 δι’
3203 4055 3324 4110 ὅλου
3376 4057 3404 4110 ὁ
3460 4057 3622 4120 αὐτὸς
3681 4052 3786 4128 ἦν,

2215 4143 2377 4216 μέχρι
2408 4145 2501 4198 τοῦ
2535 4144 2731 4214 βάθους
2777 4145 3066 4218 διηκούσης
3107 4149 3204 4220 τῆς
3261 4148 3410 4219 ὕλης.
3452 4148 3679 4203 Ποικίλα
3723 4166 3788 4203 τε

2213 4236 2351 4305 πρὸς
2413 4235 2622 4301 τούτοις
2694 4236 2752 4304 ὲξ
2813 4239 3111 4310 ὑφαντικῆς
3187 4239 3517 4310 φιλοτεχνίας
3602 4257 3789 4294 κατα-

2214 4329 2554 4398 πετάσματα,
2598 4327 2865 4400 διαφόρων
2914 4330 3090 4384 ἀνθῶν
3129 4331 3449 4404 ἐπαλλήλοις
3499 4332 3636 4405 πρὸς
3677 4334 3790 4406 τὴν

2213 4417 2306 4471 τοῦ
2331 4417 2650 4487 ὑφάσματος
2677 4419 2828 4492 ὤραν
2859 4423 3316 4494 συμπλεκομένων
3333 4439 3348 4454 ο
3378 4417 3458 4486 οἷς
3480 4422 3790 4492 διεκρίνετο

541 4517 753 4573 scilicet
794 4513 1066 4569 visibilem
1093 4551 1108 4576 ,
1149 4512 1205 4566 in
1236 4525 1399 4580 quam
1432 4511 1636 4564 aditum
1667 4513 1982 4568 sacerdotes
2017 4512 2105 4566 ba-

2213 4509 2312 4580 τῆς
2351 4512 2553 4581 σκηνῆς
2597 4510 2719 4564 ὅσον
2765 4512 2957 4582 ὁρατόν
3003 4529 3062 4566 τε
3110 4515 3204 4566 καὶ
3253 4513 3478 4584 βάσιμόν
3517 4531 3628 4567 τισι
3667 4515 3789 4571 τῶν

548 4611 780 4670 bebant,
811 4612 866 4660 et
894 4606 948 4658 in
981 4613 1187 4674 partem
1214 4603 1564 4657 secretiorem
1615 4613 1778 4668 atque
1825 4604 2062 4659 abditam
2093 4623 2108 4659 :

545 4712 742 4751 nomen
773 4704 954 4750 autem
999 4693 1163 4764 priori
1212 4692 1356 4762 parti
1385 4689 1645 4748 Sanctum
1683 4701 1842 4760 erat;
1883 4697 2111 4750 occultae

542 4803 672 4842 vero
703 4785 843 4857 parti
873 4793 1037 4854 atque
1084 4783 1379 4838 recondita:
1406 4822 1421 4845 ,
1464 4781 1726 4838 Sanctum
1770 4793 2108 4841 sanctorum.

541 4879 771 4933 Luteres
804 4885 1098 4946 praeterea,
1129 4885 1181 4928 et
1221 4874 1468 4935 foculos.
1523 4885 1578 4931 et
1617 4884 1904 4931 externum
1947 4879 2114 4932 corti-

542 4984 738 5025 narum
769 4967 1062 5029 amictum,
1094 4977 1147 5022 et
1173 4967 1290 5022 vela
1322 4982 1388 5022 ex
1427 4966 1583 5036 pilis,
1616 4968 1872 5038 coriaque
1903 4985 2109 5041 purpu-

542 5077 638 5118 reo
667 5061 856 5117 colore
889 5060 1206 5116 rubricata:
1235 5069 1291 5115 et
1321 5076 1660 5130 quaecunque
1687 5061 1792 5115 alia
1823 5071 2072 5118 recenset
2095 5101 2112 5127 ,

541 5155 670 5225 quis
699 5152 978 5224 exquisita
1012 5152 1224 5207 ratione
1260 5153 1462 5222 poterit
1499 5153 1866 5223 spiritualiter
1912 5154 2114 5210 intelli-

541 5261 709 5316 gere,
759 5260 878 5314 quae
931 5244 988 5298 in
1045 5243 1138 5298 illo
1188 5244 1543 5298 tabernaculo
1596 5242 1800 5298 fuerint
1852 5245 2114 5304 divinitus

541 5335 856 5392 fabricata?
901 5332 1037 5402 Quis
1085 5334 1236 5398 haec,
1282 5349 1516 5404 quorum
1568 5341 1697 5390 sunt
1746 5334 2012 5404 imagines
2050 5351 2114 5392 ac

544 5430 905 5494 imitationes,
960 5428 1238 5498 exponet?
1288 5427 1543 5498 quisnam
1605 5443 1768 5498 quam
1822 5430 2110 5484 utilitatem

546 5519 794 5576 videntes
829 5519 958 5574 hinc
989 5528 1414 5589 consequantur,
1466 5515 1666 5588 quidve
1711 5518 1996 5572 lucrentur
2046 5535 2111 5574 ex

548 5612 815 5668 materiali
870 5612 1306 5668 immaterialium
1355 5610 1562 5682 ﬁgui'a,
1617 5613 1956 5682 explicabit?
2004 5611 2112 5670 Re-

652 5794 698 5828 “
728 5795 866 5852 Psal.
901 5813 1053 5866 xvm,
1095 5799 1149 5854 2.
1225 5797 1269 5831 ⁸³
1293 5797 1460 5855 Exod.
1501 5813 1626 5858 xxv.
1667 5794 1756 5854 40.

2215 4599 2635 4671 ίερουργούντων
2671 4597 2758 4673 ἦν,
2804 4603 2897 4655 καὶ
2926 4604 3048 4657 ὅσον
3088 4604 3276 4658 ἄδυτόν
3306 4622 3364 4658 τε
3402 4607 3496 4659 καὶ
3515 4607 3792 4661 ἀνεπίϐα-

2212 4708 2331 4745 τον’
2367 4692 2534 4763 δνομα
2572 4692 2648 4758 δὲ,
2680 4693 2741 4746 τὸ
2777 4694 2873 4764 μὲν
2923 4696 3376 4766 προτεταγμένον,
3407 4696 3559 4766 ἅγιον
3587 4693 3677 4766 ἦν,
3718 4699 3792 4753 τὸ

2210 4783 2268 4837 δὲ
2327 4783 2848 4856 ἀποκεκρυμμένον,
2905 4786 3060 4854 ἅγιον
3121 4787 3310 4855 ἁγίων.
3364 4788 3638 4861 Λουτῆρες
3687 4792 3793 4846 ἐπὶ

2212 4874 2440 4941 τούτοις,
2468 4877 2561 4929 καὶ
2586 4879 2803 4948 πυρεῖα.
2828 4876 2924 4930 καὶ
2948 4879 2982 4947 ἡ
3010 4877 3204 4944 ἔξωθεν
3225 4877 3332 4931 τῶν
3360 4879 3597 4934 αὑλαίων
3624 4899 3691 4934 πε
3703 4899 3794 4952 ρι-

2212 4968 2363 5040 ϐολὴ,
2395 4970 2486 5023 καὶ
2516 4969 2726 5040 δέρρεις
2769 4973 2832 5022 ἐκ
2871 4969 3093 5041 τριχῶν,
3131 4971 3223 5024 καὶ
3265 4971 3506 5043 δέρματα
3538 4990 3796 5042 πεφοινι-

2212 5060 2390 5130 γμένα
2421 5060 2499 5131 τῷ
2527 5060 2862 5132 ἐρυθήματι·
2898 5062 2993 5116 καὶ
3020 5063 3120 5116 ὅσα
3147 5062 3280 5116 ἄλλα
3315 5064 3662 5129 διασκευάζει
3703 5067 3795 5138 τῷ

2211 5151 2372 5225 λόγῳ,
2403 5152 2484 5217 τίς
2512 5153 2578 5206 ἂν
2607 5152 2674 5206 δι’
2699 5153 2980 5225 ἀκριϐείας
3006 5155 3161 5224 λόγος
3198 5158 3576 5227 κατανοήσειεε
3610 5159 3795 5211 ποίων

2209 5243 2634 5316 άχειροποιήτων
2674 5245 2789 5299 ἐστὶ
2829 5247 2998 5301 ταῦτα
3039 5250 3361 5319 μιμήματα;
3402 5249 3496 5301 καὶ
3535 5247 3588 5300 τί
3624 5249 3797 5320 φέρει

2210 5339 2323 5400 τοῖς
2348 5337 2516 5409 ὁρῶσι
2543 5337 2750 5408 κέρδος.
2779 5339 2888 5393 τῶν
2923 5341 3039 5394 ἐκεῖ
3067 5341 3336 5410 ὀφθέντων
3362 5340 3466 5394 ὑπὸ
3493 5338 3585 5392 τοῦ
3615 5340 3796 5392 Μωῦ-

2216 5430 2372 5495 σέως,
2406 5431 2440 5502 ἡ
2469 5431 2561 5484 ἐπὶ
2593 5431 2688 5502 τῆς
2721 5431 2853 5504 ὑλης
2883 5413 3140 5506 μίμησις;
3183 5432 3342 5486 Ἀλλά
3371 5451 3458 5504 μοι
3506 5433 3652 5487 δοκεῖ
3683 5449 3798 5484 κα-

2214 5519 2320 5585 λῶς
2348 5521 2510 5591 ἔχειν,
2545 5521 2635 5584 τὸν
2663 5523 2760 5594 μὲν
2798 5525 2997 5596 ἀκριϐῆ
3030 5526 3154 5596 περὶ
3197 5526 3398 5578 τούτων
3423 5525 3577 5594 λόγον
3607 5541 3789 5586 κατα-

2218 5613 2667 5693 λιπείννὲκείνοις,
2718 5616 2768 5669 οἳ
2805 5617 2890 5670 διὰ
2931 5616 3024 5670 τοῦ
3063 5617 3388 5688 Πνεύματος,
3411 5614 3795 5691 τάηβᾲβηρῖρῦ
