3982 6514
213 395 300 452 381
1424 393 1511 452 DE
1551 394 1710 450 VITA
1746 393 1785 449 Μ

1860 392 2023 455 YSIS.
3327 393 3432 449 389.

210 507 604 587 Θερῦμὲρευνᾷν
654 507 879 587 δύναμιν
906 506 1166 587 έχουσιχ·
1209 512 1258 563 εἰ
1301 509 1363 582 δή
1406 527 1491 574 τις
1527 509 1764 574 τοιοῦτός

1865 510 2006 565 ctius
2034 517 2182 565 certe
2208 516 2322 577 est,
2367 509 2851 581 exquisitissimam
2893 514 3058 578 atque
3103 506 3430 561 altissimam

210 580 774 673 tumnvsdpart
792 580 1311 673 ’iaiézv’pta,
1339 580 1533 667 καθώς
1554 620 1716 673 φησιν
1744 606 1773 657 ὁ

1869 599 2061 654 horum
2090 602 2359 656 rationem
2390 580 2467 656 ab,
2487 602 2596 656 illis
2625 608 2812 672 petere
2832 641 2850 667 ,
2894 600 2987 671 qui
3008 601 3177 671 gratia
3196 597 3431 666 Spiritus

223 690 549 753 ’Δπόστολος.
578 692 643 742 Ὀ
664 691 719 743 δὲ
752 692 877 761 παρ’
905 691 1061 760 ήμῶν
1094 692 1460 761 ποχαστικῶς
1488 693 1774 746 ὑπονοούν-

1867 690 2136 762 profunda
2167 692 2257 747 Dei
2287 703 2490 763 queant
2516 693 2831 763 perquirere
2858 709 2871 745 :
2906 689 2953 744 si
2986 690 3110 759 quis
3134 703 3279 741 nunc
3307 688 3430 739 talis

208 796 310 834 των
345 781 471 849 περὶ
500 768 984 851 τοῦπροκειμένου
1014 782 1282 853 νοήματος
1325 783 1540 853 λέγεται
1559 824 1573 848 ,
1612 785 1773 855 τοῦτο

1865 790 1983 847 est,
2020 792 2079 837 ut
2107 777 2309 851 Spiritu
2328 787 2599 855 mysteria
2636 785 2914 854 loquatur,
2949 781 3091 835 sicut
3138 780 3213 832 ait
3253 780 3428 847 Apos-

207 858 293 923 ἐπὶ
337 873 402 941 τῇ
452 870 625 943 κρίσει
675 871 782 925 τῶν
826 874 1257 942 ἐντυγχανόντων
1297 876 1594 945 ποιήσομεν
1630 876 1765 946 ὠςῆ

1866 875 2009 929 tolus
2044 875 2112 928 '°.
2142 872 2296 940 Quod
2329 881 2506 930 autem
2552 889 2582 928 a
2620 874 2779 929 nobis
2810 870 3151 941 conjectione
3195 869 3429 939 quadam

206 956 521 1032 ἀπόϐλητον,
548 963 581 1032 ἢ
610 964 898 1019 ἀπόδεκτον
930 965 1268 1035 νομισθῆναι,
1288 948 1447 1030 ὅπως
1482 965 1548 1021 ἀν
1578 968 1611 1037 ἡ
1650 967 1764 1021 διά-

1869 963 1983 1017 haec
2032 961 2099 1017 ad
2152 962 2490 1034 propositum
2538 952 3082 1018 accommodantibus
3124 961 3341 1027 dicitur,
3376 960 3431 1016 id

204 1070 316 1107 νοια
344 1054 439 1109 τοῦ
473 1056 678 1126 κρίνειν
709 1056 1115 1129 ὲπεσκεμμένου
1150 1055 1448 1128 λογίσηται.

1867 1054 2072 1126 judicio
2111 1054 2403 1125 legentium
2440 1061 2614 1109 totum
2659 1054 3020 1123 relinquimus
3045 1094 3061 1118 ,
3109 1069 3210 1110 nec
3258 1053 3430 1109 recla-

1866 1146 2138 1201 mabimus
2180 1146 2227 1202 si
2270 1146 2588 1216 rejcceriut,
2637 1161 2739 1201 nec
2788 1145 3095 1200 laetabimur
3145 1145 3191 1201 si
3241 1161 3432 1201 susce-

1864 1238 2061 1306 perint.

262 1326 446 1395 Φαμὲν
466 1325 662 1389 τοίνυν,
686 1326 744 1381 ὲν
774 1325 927 1398 μέρει
949 1326 1009 1381 τὸ
1035 1330 1093 1382 ἐν
1116 1326 1324 1393 τούτοις
1354 1330 1644 1402 μυστήριον
1664 1327 1758 1383 τοῦ

1934 1327 2174 1382 Dicimus
2204 1342 2333 1397 ergo
2367 1327 2612 1382 nonnihil
2643 1342 2708 1382 ex
2740 1325 2932 1388 Paulo,
2974 1325 3068 1396 qui
3104 1327 3425 1398 mysterium

200 1417 407 1471 Παύλου
431 1435 505 1470 πα
510 1408 649 1489 ράγυ
656 1417 982 1488 μνώσαντος,
1001 1419 1256 1491 βραχεῖαν
1267 1422 1330 1474 ὲκ
1338 1420 1446 1473 τῶν
1457 1438 1481 1473 ε
1490 1423 1575 1492 ἱρη
1584 1422 1757 1493 μένων

1865 1414 2102 1471 breviter
2135 1418 2352 1488 tetigit,
2388 1417 2582 1486 adjuti,
2623 1417 2766 1486 quod
2812 1418 2867 1470 in
2908 1415 3081 1485 ﬁgura
3124 1410 3428 1485 praedoctus

197 1507 446 1578 ἀφορμὴν
468 1507 738 1571 λαϐόντες,
760 1509 843 1585 ὅτι
861 1511 918 1562 ὲν
936 1510 1089 1581 τύπῳ
1104 1510 1500 1585 προεπαιδεύθη
1519 1513 1758 1584 Μωῦσῆς

1865 1506 1968 1561 luit
1997 1507 2211 1579 Moyses
2243 1508 2685 1572 tabernaculum,
2723 1522 2832 1576 quo
2866 1508 3115 1560 universa
3141 1506 3427 1559 continen-

195 1597 531 1677 τῆς
566 1597 768 1667 σκηνῆς
806 1583 988 1667 {ﬁgas
1015 1601 1121 1652 πᾶν
1163 1584 1531 1672 περιεχούσης
1545 1583 1755 1672 μυστή-

1862 1607 1974 1659 tur,
2013 1598 2066 1653 id
2103 1614 2232 1653 vero
2262 1598 2515 1654 Christus
2545 1599 2639 1653 Dei
2684 1598 2858 1651 virtus
2885 1604 2939 1652 et
2974 1595 3069 1653 Dei
3116 1597 3420 1667 sapientia:

196 1672 667 1767 ΜΔῦξῆἛτᾶν
700 1688 789 1759 ἐἴη
842 1690 1093 1767 Χριστὸς,
1147 1695 1179 1764 ὴ
1222 1692 1317 1745 τοῦ
1349 1693 1481 1746 Θεοῦ
1523 1693 1751 1765 δύναμις

1861 1703 1982 1758 quas
2018 1689 2237 1758 quidem
2269 1690 2533 1759 sapientia
2566 1688 2662 1743 Dei
2695 1704 2802 1743 non
2833 1703 2994 1743 manu
3026 1687 3191 1752 facta,
3224 1686 3319 1743 sed
3351 1688 3425 1742 in-

162 1750 369 1771 ψηκ-

395 1758 651 1831 mhi-{oi}
696 1758 872 1849 σοφία,
897 1758 1400 1853 ἲΙγνάχειροποίητος
1444 1780 1578 1838 οὖσα
1616 1758 1755 1839 κατά

1862 1788 2042 1834 creata
2094 1795 2217 1833 cum
2258 1780 2327 1835 sit
2357 1780 2656 1835 secundum
2702 1788 2951 1833 naturam
2988 1795 3174 1845 suam,
3204 1787 3423 1835 cream-

192 1870 282 1938 τὴν
304 1869 444 1922 ἰδίαν
472 1868 651 1938 φύσιν,
672 1870 884 1941 δέχεται
909 1872 970 1925 τὸ
994 1874 1521 1945 κατασκευασθῆναι,
1547 1877 1673 1929 ὅταν
1698 1877 1756 1929 ὲν

1864 1887 1981 1925 ram
2014 1872 2277 1941 suscepit,
2320 1871 2539 1939 quando
2569 1871 2868 1928 secundum
2924 1887 3025 1927 nos
3058 1885 3222 1925 carne
3261 1886 3425 1941 opor—

190 1961 319 2029 ἡμῖν
359 1959 453 2031 δέῃ
479 1960 576 2031 τὴν
614 1963 814 2032 σκηνὴν
844 1962 1045 2034 ταύτην
1071 1965 1341 2035 παγῆναι·
1369 1966 1507 2019 ὥστε
1535 1968 1631 2039 τὴν
1660 1969 1757 2021 αῦ-

1862 1960 1965 2014 tuit
2011 1961 2420 2015 tabernaculum
2462 1962 2567 2015 hoc
2622 1960 2901 2016 fabricari.
2953 1964 3085 2016 ltem
3130 1960 3273 2015 idem
3317 1961 3425 2015 alio

190 2050 297 2121 τὴν,
317 2052 521 2121 τρόπον
542 2052 682 2119 τινὰ,
700 2054 794 2107 καὶ
815 2055 1186 2110 ἀκατάσκευον
1209 2059 1302 2111 καὶ
1328 2061 1758 2130 κατεσκευασμέ-

1861 2049 2025 2103 modo
2059 2048 2261 2103 factum
2292 2057 2346 2103 et
2374 2063 2483 2101 non
2517 2048 2719 2101 factum
2752 2058 2874 2103 est:
2915 2057 3131 2111 natura,
3162 2046 3219 2100 in
3249 2061 3425 2116 quan-

188 2160 277 2214 νην
298 2138 443 2198 εἶναι
462 2161 475 2176 ⁸
505 2145 584 2216 τῷ
618 2147 714 2217 μὲν
742 2149 1133 2222 προϋπάρχειν,
1158 2153 1425 2218 ἄκτιστον,
1455 2154 1531 2225 τῷ
1561 2156 1617 2208 δὲ
1642 2155 1755 2208 ὑλι-

1860 2146 1974 2193 tum
2010 2147 2135 2193 ante
2168 2140 2366 2193 saacula
2402 2138 2526 2202 fuit,
2568 2139 2871 2193 increatum
2903 2147 2988 2193 est
3020 2155 3033 2191 :
3071 2138 3124 2191 in
3156 2145 3421 2207 quantum

184 2236 281 2307 κὴν
322 2236 530 2289 ταύττιν
570 2237 821 2304 δέξασθαι
873 2239 1147 2309 σύστασιν,
1182 2244 1401 2317 κτιστὴν
1434 2247 1748 2317 γενομένην.

1856 2232 2193 2299 corporalem
2248 2230 2390 2284 hanc
2441 2228 2844 2285 concretionem
2898 2227 3161 2299 suscepit,
3181 2236 3420 2281 creatum

1856 2321 2167 2390 factumque
2198 2327 2305 2375 εει.

245 2416 406 2487 Τάχα
430 2418 528 2471 οὐκ
552 2419 759 2489 ἀσαφὲς
797 2420 857 2474 τὸ
903 2421 1191 2493 λεγόμενον
1221 2426 1331 2489 τοῖς
1369 2402 1749 2569 παραῗξαμέ-

245 2526 283 2569 ις
311 2510 561 2569 ἀκριϐῶς
600 2511 660 2564 τὸ
690 2512 788 2569 τῆς
828 2512 1057 2569 πίστεως
1101 2514 1258 2569 ἡμῶν
1308 2519 1537 2569 nuarum
1571 2535 1618 2569 ν.
1655 2520 1749 2569 Ἓν

1924 2411 2034 2466 Nec
2081 2412 2379 2465 obscurum
2415 2417 2499 2467 est
2549 2410 2695 2480 quod
2736 2409 2997 2476 dicimus,
3050 2408 3119 2465 iis
3161 2408 3255 2479 qui
3307 2406 3413 2462 lide

1854 2511 2058 2559 nostrae
2091 2504 2408 2569 mysterium
2435 2503 2913 2569 complectuntur:
2951 2515 3116 2554 unum
3147 2498 3292 2552 enim
3338 2501 3413 2551 εει

179 2526 283 2571 νοις
311 2510 561 2580 ἀκριϐῶς
600 2511 660 2564 τὸ
690 2512 788 2583 τῆς
828 2512 1057 2577 πίστεως
1101 2514 1258 2584 ἡμῶν
1308 2498 1618 2587 μυστήριῦν.
1655 2520 1749 2571 Ἓν

1854 2511 2058 2559 nostrae
2091 2504 2408 2573 mysterium
2435 2503 2913 2571 complectuntur:
2951 2515 3116 2554 unum
3147 2498 3292 2552 enim
3338 2501 3423 2551 est

177 2600 280 2670 γάρ
330 2604 483 2655 ἐστιν
525 2604 589 2656 ὲκ
635 2604 870 2668 πάντων,
912 2604 941 2657 ὃ
992 2606 1084 2659 καὶ
1131 2606 1240 2677 πρὸ
1285 2586 1493 2660 αἰώνων
1531 2605 1621 2678 ἦν.
1657 2594 1749 2662 καὶ

1852 2609 1918 2647 ει
1961 2594 2215 2647 omnibus
2271 2592 2703 2656 tabernaculum,
2750 2591 2896 2660 quod
2940 2598 2993 2644 et
3054 2597 3179 2643 ante
3224 2586 3422 2643 saecula

177 2692 258 2744 ἐπ’
284 2692 536 2762 ἐσχάτων
566 2692 672 2747 τῶν
700 2694 907 2749 αἰώνων
938 2696 1166 2765 ἐγένετο,
1195 2696 1224 2750 6
1250 2697 1342 2751 τοῦ
1380 2699 1477 2767 μὲν
1500 2700 1749 2769 γενέσθαι

1854 2684 1974 2743 fuit.
2007 2694 2060 2739 et
2086 2684 2400 2739 novissimis
2420 2685 2759 2754 temporibus
2781 2683 2982 2736 factum
3004 2690 3107 2737 est.
3130 2679 3188 2735 ld
3212 2688 3423 2750 tempo-

175 2782 446 2851 χρονικιῖκ
476 2784 574 2836 οὐκ
607 2784 812 2837 ἐδέετο·
845 2784 962 2849 πῶς
1012 2787 1121 2858 γάρ
1169 2787 1228 2841 τὸ
1275 2787 1383 2855 πρὸ
1413 2790 1619 2861 χρόνων
1657 2792 1747 2844 καὶ

1852 2777 2038 2830 raliter
2068 2777 2140 2829 ita
2167 2775 2282 2831 lieri
2311 2790 2419 2829 non
2450 2776 2727 2845 indigebat
2754 2793 2769 2828 :
2796 2772 3073 2845 quomodo
3100 2773 3244 2827 enim
3273 2770 3419 2842 quod

174 2873 390 2928 αἰώνων
433 2875 648 2947 δεηθείη
721 2878 976 2949 χρονικῆς
1034 2879 1323 2947 γενέσεωςς
1374 2881 1441 2934 δι’
1497 2883 1643 2951 ἡμᾶς
1692 2882 1746 2935 δὲ

1854 2876 1978 2922 ante
2012 2868 2193 2920 omnia
2223 2874 2339 2921 erat
2370 2874 2635 2936 tempora,
2658 2865 2894 2920 factione
2922 2863 3183 2934 indigebit
3215 2872 3422 2932 tempo-

171 2968 290 3029 τοὺς
319 2964 389 3030 ἐξ
413 2964 666 3031 ἀϐουλίας
691 2968 751 3020 τὸ
777 2964 912 3022 εἶναι
942 2969 1439 3040 παραφθείραντας,
1466 2973 1751 3039 ἀνεδέξατο
1849 2958 1988 3011 r3“?
2010 2956 2207 3012 verum
2241 2966 2460 3026 Ρτοίηθτ
2490 2972 2592 3011 “05
2622 2956 2713 3025 (ἰυί
2747 2971 2840 3026 Per
2872 2953 3291 3025 ίηιρνιιάειιιῑοιη
3321 2969 3422 3007 ηο⁹

171 3056 229 3107 τὸ
261 3056 393 3109 καθ’
421 3050 569 3128 ἡμᾶς
598 3057 868 3126 γενέσθαι,
921 3060 1007 3113 ῖνα
1048 3061 1109 3113 τὸ
1147 3061 1250 3128 ἔξω
1281 3063 1374 3116 τοῦ
1421 3064 1571 3127 ὄντος
1601 3065 1743 3134 γενό-

1848 3059 2016 3106 stram
2041 3059 2285 3104 naturam
2303 3063 2747 3118 corruperamus,
2767 3047 2961 3102 similis
2984 3047 3141 3101 nobis
3162 3046 3419 3115 dignatus

173 3162 357 3214 μενον,
404 3148 485 3210 εἰς
534 3147 593 3200 τὸ
636 3146 696 3201 ὃν
742 3148 901 3202 πάλιν
946 3150 1285 3224 ὲπαναγάγῃ.
1318 3152 1486 3206 Τοῦτο
1520 3155 1577 3207 δέ
1606 3158 1745 3209 ἐστιν

1847 3148 1931 3195 εει
1965 3140 2099 3205 fieri,
2136 3148 2194 3192 ut
2226 3139 2278 3193 id
2310 3139 2454 3209 quod
2485 3146 2639 3193 extra
2667 3148 2914 3191 naturam
2950 3144 3086 3201 erat,
3129 3152 3322 3191 rursus
3350 3136 3415 3192 ad

168 3237 197 3288 6
229 3236 533 3307 μονογενὴς
558 3238 710 3302 Θεὸς,
748 3241 776 3292 6
819 3242 877 3294 ἐν
918 3240 1065 3311 αὑτῷ
1106 3242 1205 3312 μὲν
1234 3245 1500 3314 περιέχων
1528 3245 1587 3298 τὸ
1621 3249 1740 3312 πᾶν,

1850 3238 2099 3283 naturam
2129 3244 2230 3284 nos
2264 3229 2565 3283 reduceret.
2607 3226 2664 3281 ld
2691 3242 2820 3281 vero
2850 3236 2932 3282 est
2963 3227 3276 3296 unigenitus
3304 3226 3420 3297 ipse

167 3328 489 3398 πηξάμενος
532 3328 587 3381 δὲ
629 3330 720 3383 καὶ
768 3330 826 3383 ὲν
866 3333 995 3413 ἡμῖν
1037 3332 1134 3403 τὴν
1169 3334 1301 3387 ἰδίαν
1336 3337 1557 3408 σκηνήν.
1598 3336 1661 3390 Εἰ
1693 3339 1739 3391 δὲ

1852 3322 2013 3385 Deus,
2042 3322 2131 3390 qui
2155 3320 2406 3374 universa
2427 3318 2644 3389 quidem
2680 3320 2921 3372 continet
2946 3319 2999 3372 in
3021 3319 3221 3387 seipsa,
3247 3317 3345 3373 sed
3365 3325 3419 3372 et

170 3418 345 3487 σκηνὴ
414 3417 661 3471 τοσοῦτον
722 3419 924 3489 ἀγαθὸν
977 3406 1337 3493 όνομάζεται,
1393 3406 1742 3496 ταρασσέσθω

1849 3412 1902 3465 in
1943 3411 2101 3465 nobis
2135 3409 2549 3463 tabernaculum
2585 3423 2743 3462 suum
2772 3407 3071 3462 fabricatus
3101 3416 3206 3463 est.
3245 3406 3418 3461 Nemo

167 3506 334 3574 μηδὲν
365 3508 399 3559 6
429 3507 788 3580 φιλόχριστος,
815 3511 890 3574 ὡς
921 3515 1464 3586 κατασμικρυνούσης
1490 3517 1550 3570 τὸ
1580 3535 1739 3587 μεγα-

1850 3512 2027 3556 autem
2072 3516 2138 3555 ex
2187 3500 2516 3554 zelatoribus
2553 3498 2757 3553 Christi
2793 3498 3172 3562 conturbetur,
3208 3498 3256 3553 si
3293 3507 3416 3552 tan-

164 3597 303 3650 λεῖον
332 3598 445 3669 τῆς
476 3599 686 3667 φύσεως
708 3601 799 3654 τοῦ
824 3601 979 3666 Θεοῦ,
1012 3604 1111 3671 τῆς
1137 3607 1459 3678 ἐγκειμένης
1497 3612 1564 3681 τῇ
1605 3610 1736 3675 λέξει

1846 3602 1957 3646 tam
2000 3607 2137 3659 rem,
2187 3590 2600 3645 tabernaculum
2637 3590 3010 3659 appellamus,
3064 3592 3220 3660 quasi
3252 3591 3415 3658 quid-

163 3687 486 3756 ἐμφάσεως.
518 3688 651 3741 Οὐδὲ
680 3690 787 3759 γὰρ
812 3691 937 3745 ἀλλο
957 3710 1010 3747 τι
1029 3694 1137 3748 τῶν
1165 3696 1440 3767 ὀνομάτων
1472 3699 1618 3767 ἀξιον
1646 3703 1735 3774 τῆςΙ

1847 3700 2009 3754 quam
2056 3682 2372 3760 detrahatur
2400 3682 2599 3736 divina:
2644 3692 2854 3736 natura:
2905 3693 3124 3752 propter
3164 3682 3414 3737 vocabuli

164 3776 389 3843 φύσεως
412 3776 507 3829 τοῦ
541 3781 933 3851 σημαινομένου
969 3784 1114 3837 ἐστίν
1133 3802 1146 3814 ·
1175 3786 1308 3841 ἁλλά
1340 3789 1514 3842 πάντα
1546 3792 1736 3862 ὁμοίως

1846 3777 2158 3833 vilitatem:
2193 3791 2294 3831 nec
2322 3776 2467 3830 enim
2518 3790 2757 3846 unquam
2806 3775 3033 3845 dignum
3082 3777 3172 3829 illa
3215 3784 3412 3832 natura

158 3870 540 3923 ἀποπέπτωκε
587 3871 687 3941 τῆς
718 3871 977 3944 ἀκριϐοῦς
1027 3877 1316 3946 σημασίας,
1357 3880 1428 3933 τά
1470 3898 1529 3933 τε
1575 3883 1730 3955 μικρέ

1845 3872 2070 3925 verbum
2105 3869 2431 3924 invenietur.
2460 3868 2593 3922 Nam
2627 3884 2747 3938 qua:
2784 3869 2851 3922 ab
2877 3868 3189 3923 hominibus
3230 3871 3414 3939 profe-

158 3960 520 4030 νομιζόμενα,
551 3960 643 4012 καὶ
685 3956 765 4025 οἷς
810 3978 863 4014 τι
918 3962 1143 4032 μέγεθος
1185 3967 1469 4037 νοημάτων
1515 3969 1573 4034 ἐξ
1611 3971 1730 4024 ὐπο-

1933 3973 2062 4030 itur,
2097 3964 2383 4034 aequaliter
2420 3980 2451 4018 a
2482 3964 2839 4035 signiﬁcanda
2871 3965 2960 4018 illa
3003 3975 3199 4019 natura
3229 3966 3412 4020 omnia
3503 4025 3505 4029 ,

158 4050 385 4121 λήψεως
404 4051 684 4121 ἐνορᾶται.
722 4051 861 4105 Ἀλλ’
893 4052 1081 4126 ὥσπερ
1116 4055 1184 4110 τὰ
1211 4055 1342 4110 ἄλλα
1375 4059 1570 4123 πάντα,
1606 4061 1730 4115 κατά

1846 4055 2072 4109 distant.
2109 4055 2213 4111 Sed
2244 4063 2440 4109 caetera
2479 4071 2599 4125 qua:
2644 4055 2712 4110 de
2754 4055 2864 4110 Deo
2902 4056 3180 4116 dicuntur,
3213 4057 3301 4126 pie
3344 4057 3410 4111 ad

154 4159 207 4193 τι
240 4141 671 4212 σημαινόμενον,
702 4142 928 4196 ἕκαστον
955 4144 1193 4208 εὐσεϐῶς
1231 4147 1363 4218 πρὸς
1402 4148 1623 4216 ἔνδειξιν
1647 4153 1726 4223 τῆς

1844 4149 2219 4205 ostentandam
2243 4150 2480 4205 divinam
2503 4149 2794 4219 quamdam
2816 4152 3069 4206 virtutem
3097 4151 3411 4220 capiuntur,

156 4231 307 4295 θείας
339 4233 630 4301 δυνάμεως
658 4232 892 4300 λέγεται,
929 4229 1038 4287 οἷον
1081 4238 1109 4288 6
1153 4237 1350 4307 ἰατρὸς,
1387 4240 1416 4291 6
1468 4241 1728 4312 ποιμὴν,ί

1846 4249 1904 4291 ιιι
1933 4238 2195 4302 medicus,
2231 4246 2439 4308 pastor,
2480 4245 2774 4308 protector,
2820 4241 2998 4307 panis,
3058 4241 3302 4310 angelus,
3331 4238 3412 4292 vi-

154 4322 602 4394 ὑπερασπιστὴς,
634 4325 664 4376 6
713 4323 894 4396 ἄρτος,
946 4327 975 4379 6
1019 4325 1267 4395 ἄγγελος,
1324 4330 1365 4400 η’
1404 4330 1664 4400 ἄμπελος,
1708 4335 1726 4385 'l

1843 4329 1937 4393 tis,
1970 4330 2076 4392 via,
2101 4330 2289 4398 janua,
2342 4330 2578 4395 mansio,
2615 4345 2778 4401 aqua,
2809 4330 2968 4399 lapis,
3007 4329 3151 4392 fons,
3196 4331 3410 4399 aliaque

150 4415 293 4478 ὁδὸς.
332 4417 372 4485 ἡ
415 4414 571 4486 θύρα.
607 4418 640 4486 ἡ
686 4416 838 4487 μονῆι
883 4416 944 4469 τὸ
971 4416 1132 4489 ὕδωρ»
1175 4421 1209 4491 ή
1254 4421 1447 4493 πέτραν
1484 4425 1517 4494 ἡ
1569 4424 1719 4497 πηγὴ

1844 4422 2153 4492 hujusmodi
2186 4439 2198 4475 :
2231 4422 2311 4477 sic
2343 4430 2709 4478 consentanea
2740 4424 2973 4493 quadam
3009 4421 3409 4492 signiﬁcatione

150 4509 246 4560 καὶ
271 4509 389 4561 ὅσα
429 4507 566 4561 ἄλλα
602 4508 730 4577 περὶ
769 4508 931 4561 αὑτοῦ
982 4508 1224 4578 λέγεται·
1261 4511 1422 4579 οὕτω,
1452 4516 1592 4568 κατά
1620 4534 1722 4570 τινα

1842 4516 2250 4571 tabernaculum
2291 4530 2510 4585 quoque
2551 4515 2806 4570 dicimus.
2837 4513 3025 4569 Virtus
3071 4516 3240 4576 enim,
3284 4530 3406 4583 quae

152 4596 452 4668 θεοπρεπῆ
497 4599 787 4667 σημασίαν,
838 4599 931 4652 καὶ
958 4599 1035 4671 τῷ
1067 4600 1165 4670 τῆς
1211 4604 1412 4673 σκηνῆς
1443 4610 1724 4678 κατονομά

1844 4611 2026 4665 omnia
2066 4611 2333 4673 continet,
2372 4609 2425 4662 in
2477 4624 2583 4677 qua
2618 4610 2872 4662 universa
2917 4608 3139 4663 deitatis
3174 4608 3406 4677 plenitu-

147 4689 304 4752 ζεται
348 4690 584 4761 ῥήματι.
629 4689 691 4741 Ἦ
719 4689 828 4760 γὰρ
873 4668 1188 4764 περιεκτικὴ
1228 4668 1335 4746 τῶν
1368 4668 1544 4749 ’ὄντων
1582 4668 1719 4754 δύνα⁴

1843 4701 1914 4755 do
1949 4701 2235 4764 inhabitat,
2272 4715 2394 4754 cum
2423 4716 2710 4754 commune
2737 4700 2786 4753 id
2811 4700 3052 4753 omnium
3076 4707 3277 4753 tectum
3310 4700 3402 4762 sit,

150 4798 264 4849 μις.
300 4783 368 4834 ἐν
462 4784 704 4835 κατοικεί
744 4783 850 4834 πᾶν
874 4782 934 4835 τὸ
960 4782 1229 4854 πλήρωμα
1261 4787 1359 4856 τῆς
1397 4786 1663 4859 θεότητος,
1700 4794 1722 4846 ,ε

1843 4808 2074 4863 cumque
2103 4794 2357 4847 universa
2390 4793 2441 4846 in
2475 4794 2593 4861 ipso
2622 4793 2914 4854 conti-neat,
2943 4807 3057 4845 non
3083 4791 3281 4860 injuria
3329 4800 3406 4845 ta-

145 4874 306 4944 κοινὴ
359 4872 460 4925 τοῦ
510 4873 708 4937 παντὸς
747 4874 943 4945 σκέπη,
987 4878 1015 4928 6
1060 4878 1117 4928 ὲν
1159 4877 1306 4949 αὐτῷ
1346 4878 1407 4931 τὸ
1449 4883 1554 4935 πᾶν
1590 4901 1717 4955 περι

1841 4886 2193 4940 bernaculum
2222 4876 2590 4952 nuncupatur:
2614 4882 2842 4952 Oportet
2867 4891 3047 4937 autem
3077 4893 3133 4936 nt
3157 4878 3405 4938 taberna-

143 4963 287 5031 έχων
311 5004 328 5028 ,
396 4963 569 5033 σκηνὴ
620 4962 820 5034 κυρίως
882 4965 1326 5035 κατονομάζεται.
1388 4960 1624 5041 Ἀνάγκη
1679 4973 1715 5025 δέ

1841 4978 1947 5033 culi
2009 4978 2149 5032 visio
2195 4976 2426 5046 mystico
2468 4976 2823 5030 tabernaculo
2855 4975 2936 5030 sic
2975 4976 3296 5041 conveniat,
3346 4986 3404 5029 ut

142 5056 476 5126 πρόσφορον
518 5051 653 5108 εἷναι
689 5054 767 5126 τῷ
809 5055 1031 5125 ὀνόματι
1070 5058 1168 5129 τὴν
1198 5058 1480 5125 ὀπτασίαν,
1508 5063 1714 5117 ἑκάστω

1836 5068 2047 5138 singula
2093 5068 2265 5137 ipsius
2297 5067 2362 5120 ad
2414 5066 2625 5136 aliquid
2667 5082 2777 5121 non
2818 5067 3099 5137 indignum
3146 5069 3402 5139 mysterio

140 5148 251 5199 τῶν
278 5145 567 5215 ὀφθέντων
590 5146 726 5217 πρός
759 5164 877 5199 τινα
904 5148 1233 5217 θεοπρεποῦς
1255 5152 1569 5222 ὑπολήψεως
1599 5156 1712 5208 θεω

1833 5175 1939 5214 nos
1983 5158 2255 5213 deducant
2302 5158 2492 5217 "~.Ac
2544 5159 2797 5228 quoniam
2849 5158 3068 5214 divinus
3108 5160 3401 5230 Apostolus

140 5241 266 5311 ρίαν
300 5239 794 5311 χειραγωγοῦντος.
842 5240 992 5294 Ἐπεὶ
1032 5234 1122 5293 οῦν
1153 5243 1181 5294 6
1211 5242 1380 5312 μέγας
1421 5244 1712 5300 ’Δπόστολοε

1838 5252 2100 5306 visionem
2135 5250 2250 5319 ipse
2283 5264 2500 5319 quoque
2543 5251 2711 5303 totius
2742 5250 3076 5304 tabernaculi
3131 5267 3396 5306 consecu-

138 5333 563 5401 καταπέτασμα
605 5332 706 5402 τῆς
754 5333 903 5387 κάτω
959 5333 1161 5405 σκηνῆς
1210 5334 1303 5406 τὴν
1349 5337 1523 5408 σάρκα
1571 5340 1710 5409 φησὶ·

1840 5350 1950 5405 tus,
1991 5356 2114 5395 cum
2162 5341 2216 5395 in
2266 5340 2581 5395 cmlestibus
2610 5340 2787 5411 adytis
2840 5356 2937 5410 per
2989 5342 3240 5410 spiritum
3295 5342 3395 5395 sibi

136 5421 287 5477 εἶναι
310 5442 326 5457 ο
362 5423 460 5476 διά
477 5424 537 5476 τὸ
562 5426 626 5476 ὲκ
655 5424 934 5489 ποικίλων,
954 5419 1127 5495 οἶμαι,
1149 5424 1257 5478 τῶν
1282 5427 1563 5499 τεσσάρων
1592 5448 1708 5484 στοι

1838 5436 2093 5508 mysteria
2127 5434 2364 5506 paradisi
2405 5433 2640 5488 revelata
2690 5433 2799 5487 sint
2825 5434 2914 5496 "',
2962 5434 3225 5487 cortinam
3260 5431 3395 5485 infe-

134 5517 308 5587 χείων
336 5516 491 5586 ἔχειν
518 5516 613 5586 τὴν
652 5514 904 5568 σύστασιν
923 5531 937 5546 ο
992 5515 1132 5586 τάχα
1168 5516 1263 5570 καὶ
1293 5518 1451 5581 αὐτὸς
1482 5522 1541 5573 ὲν
1566 5522 1702 5575 ὀπτα

1838 5528 1999 5583 rioris
2026 5524 2360 5582 tabernaculi
2388 5539 2608 5580 carnem
2634 5522 2837 5578 Christi
2863 5539 2985 5578 esse
3012 5524 3088 5576 ait
3116 5542 3129 5577 :
3153 5530 3395 5593 propter-

136 5607 234 5679 σίᾳ
283 5609 403 5680 τῆς
445 5607 646 5678 σκηνῆς
690 5608 1003 5677 γενόμενος,
1057 5610 1113 5661 ὲν
1163 5612 1273 5672 τοῖς
1327 5610 1708 5668 ὑπεοουοανίοιι

1835 5637 1896 5677 ea
1936 5619 2079 5691 quod
2130 5632 2195 5674 ex
2243 5615 2497 5677 diversis,
2569 5612 2781 5685 opinor,
2831 5621 3066 5668 otiatuor
3110 5613 3395 5669 elementis

246 5815 302 5849 ³⁸
332 5816 359 5872 ι
389 5815 515 5874 Cor.
548 5836 659 5887 xiv,
691 5821 747 5876 2.
821 5820 863 5853 "
898 5820 1059 5883 Hebr.
1090 5841 1163 5896 Ix,
1190 5828 1224 5880 2
1251 5843 1370 5900 sqq.
1481 5830 1545 5862 ⁸¹⁴
1572 5829 1614 5882 ιι
1643 5830 1765 5885 Cor.
1792 5845 1885 5894 xu,
1911 5828 1962 5885 4.
