3982 6488
573 359 680 418 385
1813 362 1870 418 S.
1915 360 2146 417 GBEGO

2284 361 2576 420 NYSSENI
3734 364 3838 420 εει

571 481 872 548 composita
905 489 1022 534 est:
1059 495 1165 533 non
1203 478 1308 533 erit
1341 479 1578 534 alienum
1609 479 1678 535 ad
1707 479 1848 534 hanc
1890 479 2148 550 apostoli-

2254 482 2485 546 ἀδύτοις,
2516 475 2560 550 ᾧ
2596 480 2689 536 διὰ
2729 481 2822 537 τοῦ
2875 483 3181 554 πνεύματος
3229 479 3584 552 ἀπεκαλύφθη
3631 480 3702 534 τὰ
3742 479 3835 534 τοῦ

571 585 691 627 cam
729 575 890 628 unius
923 573 1093 642 partis
1123 574 1516 642 expositionem
1561 573 1935 642 respicientes,
1975 581 2142 627 totam

2253 574 2575 644 παραδείσου
2635 575 2944 645 μυστήρια·
2999 575 3180 638 καλῶς
3229 573 3295 627 ἂν
3349 573 3460 643 ἔχοι
3506 575 3572 643 τῇ
3633 575 3833 642 μερικῇ

571 664 638 718 de
669 664 1020 718 tabernaculo
1051 671 1295 717 nostram
1337 663 1658 719 sententiam
1703 664 1996 732 explicare.
2031 663 2146 718 Fiet

2253 667 2611 736 προσέχοντας
2647 667 2939 740 ἑρμηνείᾳ,
2975 669 3154 721 πᾶσαν
3185 665 3283 738 τὴν
3328 667 3425 737 τῆς
3466 665 3675 736 σκηνῆς
3704 664 3836 718 θεω-

571 764 750 810 autem
776 756 932 810 nobis
965 771 1060 824 per
1081 755 1253 824 ipsius
1283 755 1529 826 Apostoli
1555 756 1719 810 verba
1755 755 1807 808 in
1843 755 2147 824 intelligen-

2253 759 2368 829 ρίαν
2430 760 2790 830 συναρμόζειν
2838 746 2923 828 ’τῷ
2986 758 3162 829 μέρει.
3219 759 3259 811 Γ
3262 758 3433 811 ένοιτο
3482 757 3526 810 δ’
3571 757 3638 810 ἂν
3679 758 3832 828 ἡμῖν,

571 852 643 902 tia
675 850 1020 918 aenigmatum
1050 849 1384 902 tabernaculi
1407 847 1617 902 facilior
1641 849 1821 904 aditus
1851 866 1865 902 :
1901 849 1975 902 ait
1998 850 2142 902 enim

2253 851 2308 903 δι’
2357 850 2537 904 αὐτῶν
2582 851 2692 904 τῶν
2738 850 2833 904 τοῦ
2890 849 3213 903 Ἀποστόλου
3258 848 3452 916 λόγων,
3499 849 3534 918 ἠ
3582 846 3693 901 τῶν
3736 847 3835 918 τῆς

569 940 636 993 de
666 939 974 1011 Unigrnito,
1018 955 1180 1009 quem
1214 941 1435 995 nomine
1467 941 1804 995 tabernaculi
1840 941 2143 1010 nuncupari

2253 943 2452 1012 σκηνῆς
2495 943 2833 1014 αἰνιγμάτων
2883 947 3169 1014 σαφήνεια.
3215 941 3350 1013 Φησὶ
3397 942 3503 1012 γάρ
3555 957 3660 994 που
3703 945 3833 1010 περ).

568 1032 826 1094 diximus,
859 1037 984 1102 quia
1018 1032 1073 1086 in
1105 1048 1172 1088 eo
1202 1044 1382 1088 creata
1425 1042 1551 1088 sunt
1582 1033 1785 1097 omnia,
1829 1034 2059 1089 visibilia
2091 1043 2145 1088 et

2253 1032 2336 1086 τοῦ
2367 1033 2725 1103 Μονογενοῦς,
2755 1033 2816 1088 ὃν
2842 1035 2964 1087 ἀντὶ
2991 1033 3090 1104 τῆς
3120 1033 3323 1103 σκηνῆς
3372 1031 3722 1101 νενοήκαμεν,
3752 1030 3834 1082 ὃτι

565 1123 883 1186 invisibilia,
938 1125 1054 1180 sive
1095 1123 1306 1188 throni,
1352 1127 1466 1180 sive
1495 1132 1815 1195 potestates,
1848 1126 1961 1180 sive
1989 1127 2142 1195 prin-

2253 1129 2303 1179 ὲν
2342 1126 2490 1197 αὐτῷ
2526 1125 2747 1196 ὲκτίσθη
2801 1126 2869 1180 τὰ
2913 1126 3128 1190 πάντα,
3183 1124 3251 1177 τὰ
3295 1123 3468 1195 ὁρατά
3509 1139 3569 1174 τε
3621 1121 3718 1174 καὶ
3767 1121 3836 1173 τὰ

565 1216 807 1287 cipatus,
838 1219 953 1272 sive
984 1218 1406 1283 dominationes,
1436 1219 1548 1272 sive
1581 1217 1811 1274 virtutes
1834 1218 1903 1271 ".

2253 1219 2472 1288 ἀόρατα,
2517 1218 2625 1271 εἴτε
2669 1218 2867 1290 θρόνοι,
2904 1217 3013 1270 εἴτε
3051 1216 3310 1282 ἐξουσίαι,
3347 1215 3457 1268 εἴτε
3501 1214 3689 1286 ἁρχαὶ,
3723 1212 3834 1264 εἴτε

637 1403 784 1468 Quas
816 1401 886 1456 ob
927 1417 1014 1456 res
1047 1403 1312 1457 columna:
1351 1414 1576 1474 argento
1609 1414 1772 1473 atque
1801 1418 1936 1459 auro
1974 1403 2144 1458 reful-

569 1507 778 1567 gentes,
815 1505 868 1549 et
906 1505 1107 1558 vectes,
1151 1510 1214 1549 ac
1239 1497 1447 1556 annuli.
1490 1499 1754 1551 cherubin
1786 1513 2000 1567 quoque
2029 1498 2141 1564 illa,

567 1603 688 1657 quae
729 1586 845 1641 suis
881 1601 1063 1639 arcam
1093 1592 1392 1655 contegunt
1435 1586 1559 1648 alis,
1603 1594 1905 1656 caeteraque
1935 1585 2140 1652 omnia,

567 1694 688 1748 quae
738 1677 804 1731 ad
848 1676 1227 1731 sustinendum
1263 1677 1774 1747 contegendumque
1821 1678 2146 1732 tabernacu-

568 1771 678 1824 lum
707 1770 1118 1831 describuntur,
1151 1771 1194 1824 si
1229 1771 1352 1838 quis
1380 1769 1446 1824 ad
1481 1772 1736 1839 superius
1767 1771 2010 1839 respicit,
2043 1785 2143 1824 an-

2249 1311 2582 1381 κυριότητες,
2631 1310 2741 1362 εἴτε
2784 1309 3060 1379 δυνάμεις.

2317 1403 2524 1456 Οὐκοῦν
2577 1401 2757 1454 στύλοι
2799 1400 3270 1472 ἀργυρολαμπεῖς,
3325 1399 3420 1452 καὶ
3466 1399 3834 1470 χρυσήλατοι,

2246 1495 2340 1548 καὶ
2389 1496 2714 1565 ἀναφορεῖς,
2784 1495 2878 1548 καὶ
2934 1492 3245 1553 δακτύλιοι,
3307 1492 3401 1544 καὶ
3453 1491 3522 1544 τὰ
3569 1490 3838 1561 χερουϐὶμ

2246 1588 2456 1648 ἐκεῖνα,
2501 1587 2570 1640 τὰ
2612 1589 2732 1648 ταῖς
2762 1584 2987 1656 πτέρυξι
3018 1583 3115 1654 τὴν
3143 1583 3374 1637 κιϐωτὸν
3405 1582 3835 1654 ὲπικρύπτοντα,

2247 1679 2339 1732 καὶ
2369 1677 2536 1731 τᾶλλα
2574 1678 2771 1736 πάντα,
2805 1679 2904 1731 ὅσα
2933 1680 2964 1748 ἡ
3007 1677 3109 1746 τῆς
3137 1674 3512 1746 σκηνοπηγίας
3541 1675 3835 1746 ὑπογραφὴ

2246 1771 2509 1840 περιέχει.
2547 1771 2594 1821 εί
2631 1771 2728 1838 μέν
2759 1786 2842 1832 τις
2878 1769 3013 1840 πρὸς
3044 1768 3112 1820 τὰ
3144 1768 3257 1820 ἄνω
3289 1767 3472 1837 βλέποι
3498 1766 3741 1829 σκοπῶν,
3777 1767 3836 1817 αἱ

567 1865 812 1934 gelorum
843 1873 927 1918 est
960 1863 1254 1917 multitudo
1288 1864 1341 1917 in
1375 1865 1727 1918 tabernaculo
1755 1864 1874 1934 ipso
1909 1880 2142 1935 conspe—

2253 1863 2608 1935 ὑπερκόσμιοι
2659 1863 2916 1931 δυνάμεις
2957 1859 3110 1923 εἰσὶν,
3155 1861 3211 1911 αί
3264 1859 3321 1911 ἐν
3367 1861 3436 1929 τῇ
3491 1860 3663 1927 σκηνῇ
3699 1857 3836 1909 θεω-

565 1963 804 2022 cta,qua
846 1967 1108 2023 corporea
1161 1953 1274 2008 lucc
1322 1955 1622 2010 secundum
1666 1954 1759 2010 Dei
1811 1958 2142 2014 voluntatem

566 2047 916 2100 sustinentur
949 2055 1110 2116 atque
1145 2056 1424 2116 teguntur.
1460 2049 1515 2102 In
1567 2049 1659 2102 illo
1697 2049 1842 2104 enim
1895 2051 2146 2104 taberna-

567 2141 693 2193 culo
723 2139 836 2192 veri
871 2149 1053 2194 vectes
1087 2140 1264 2193 nostri
1313 2149 1366 2193 et
1399 2139 1646 2193 habitant
1679 2149 1730 2195 et
1778 2148 1925 2206 sunt,
1953 2141 2044 2210 qui
2075 2139 2144 2193 ad

567 2230 934 2286 ministerium
985 2231 1279 2284 mittuntur
1309 2240 1532 2301 propter
1565 2231 1775 2286 futuros
1809 2233 2002 2288 salutis
2037 2233 2145 2287 ha:—

568 2323 748 2383 redes.
783 2322 875 2390 qui
907 2322 1069 2377 sicuti
1116 2321 1338 2390 quidam
1371 2320 1556 2374 annuli
1600 2323 1652 2375 in
1687 2324 1900 2375 animos
1931 2323 2144 2377 salvan-

567 2415 763 2468 dorum
813 2414 1204 2476 immittuntur,
1259 2415 1324 2468 ad
1373 2415 1765 2469 sublimitatem
1809 2414 2025 2468 virtutis
2076 2414 2143 2468 ad

568 2517 770 2561 terram
816 2507 1059 2576 dejectos
1107 2509 1402 2562 elevantes.
1463 2505 1617 2560 Iluuc
1667 2515 1846 2560 autem
1896 2508 2142 2561 altiorem

567 2615 688 2654 esse
711 2615 930 2654 sensum
953 2599 1249 2670 Scriptura:
1277 2601 1329 2653 in
1362 2600 1463 2653 hoc
1495 2599 1635 2665 loco,
1660 2600 1784 2654 inde
1806 2608 1971 2669 patet,
1999 2601 2141 2670 quod

567 2685 841 2747 cherubin
879 2693 968 2746 illa
1007 2694 1312 2747 materialia
1361 2694 1478 2748 suis
1513 2694 1638 2756 alis.
1663 2696 1915 2764 tegebant
1943 2703 2144 2764 myste-

569 2787 674 2849 ria,
713 2801 834 2855 qua:
865 2785 918 2838 in
951 2801 1078 2838 arca
1102 2795 1278 2846 erant.
1317 2795 1376 2839 ut
1411 2785 1588 2840 littera
1615 2786 1768 2839 dicit.
1796 2786 1927 2840 Nam
1963 2789 2014 2840 id
2049 2802 2146 2840 no-

569 2894 693 2932 tuen
734 2878 799 2933 iis
855 2878 1065 2947 angelis
1105 2879 1447 2942 attribuitur,
1497 2887 1556 2932 ut
1591 2877 1757 2933 Isaias
1802 2888 1854 2933 et
1898 2878 2144 2934 Ezechiel

570 2973 747 3035 aiunt,
787 2972 882 3042 qui
930 2973 1075 3026 circa
1115 2973 1353 3027 divinam
1383 2972 1718 3042 maiestatem
1756 2976 2143 3046 inspiciuntur.

571 3063 710 3116 Area
744 3079 875 3118 vero
907 3064 1130 3120 Imderis
1161 3066 1262 3118 alis
1296 3067 1537 3135 ipsorum
1578 3067 1843 3121 cherubin
1874 3076 2142 3134 contecta,

2250 1956 2536 2026 ρούμεναι,
2593 1957 2648 2007 αί
2696 1954 2834 2006 κατὰ
2874 1953 3024 2006 Θείαν
3060 1951 3311 2023 βούλησιν
3346 1949 3408 2002 τὸ
3451 1951 3558 2002 πᾶν
3611 1949 3834 2019 ὑπερεί-

2245 2049 2448 2102 δουσαι.
2509 2047 2738 2098 Ἐκεῖνοι
2785 2044 3027 2115 ἀληθινοὶ
3081 2043 3371 2113 ἀναφορεῖς
3418 2040 3592 2110 ἡμῶν,
3649 2041 3701 2091 οί
3749 2040 3834 2102 είς

2243 2141 2518 2195 διακονίαν
2561 2137 3012 2208 ἀναστελλόμενοι
3053 2135 3158 2206 διὰι
3183 2136 3309 2197 τοὺς
3353 2132 3643 2204 μέλλοντας
3697 2132 3834 2201 κληο

2247 2239 2494 2308 ρονομεῖν
2534 2233 2824 2304 σωτηρίαν,
2877 2234 2925 2284 οί
2959 2230 3210 2301 καθάπερ
3234 2225 3535 2289 δακτυλίοις
3564 2225 3676 2278 τισὶ
3707 2227 3836 2287 ταῖς

2243 2329 2438 2400 ψυχαῖς
2468 2327 2623 2400 ήμῶν
2671 2325 3002 2395 ἐνειρόμενοι
3054 2321 3164 2375 τῶν
3215 2319 3555 2389 σωζομένων,
3593 2317 3659 2368 δι’
3704 2317 3835 2369 ἑαυ-

2242 2422 2351 2474 τῶν
2381 2420 2516 2492 πρὸς
2543 2419 2605 2471 τὸ
2636 2418 2768 2488 ὕψος
2799 2417 2896 2488 τῆς
2927 2417 3127 2486 ἀρετῆς
3153 2413 3276 2476 τοὺς
3305 2410 3588 2482 κειμένους
3611 2410 3707 2463 ἐπὶ
3733 2410 3837 2481 τῆς

2244 2514 2346 2583 γῆς
2393 2512 2775 2583 ἀναφέροντες.
2810 2507 3089 2578 Χερουϐὶμ
3129 2505 3187 2558 δὲ
3219 2503 3387 2559 εἰπὼν
3413 2505 3442 2556 6
3471 2502 3627 2573 λόγος
3657 2518 3834 2557 κατα-

2245 2603 2586 2658 καλύπτοντα
2619 2602 2738 2664 ταῖς
2788 2595 3012 2668 πτέρυξι
3061 2595 3128 2649 τὰ
3175 2593 3469 2664 ὲγκείμενα
3503 2595 3569 2662 τῇ
3612 2590 3838 2662 κιϐωτῷ

2244 2700 2341 2768 τῆς
2401 2695 2664 2766 διαθήκης
2719 2694 3012 2764 μυστήρια,
3067 2688 3271 2760 βεϐαιοῖ
3318 2681 3413 2758 τὴν
3476 2685 3838 2740 ἀποδοθεῖσαν

2246 2787 2375 2856 ήμῖν
2401 2785 2553 2855 παρὰ
2586 2784 2683 2853 τῆς
2716 2781 2917 2851 σκηνῆς
2949 2779 3197 2850 θεωρίαν.
3230 2778 3303 2830 Τὸ
3332 2777 3440 2848 γὰρ
3468 2776 3637 2845 ὕνομα
3670 2775 3839 2828 τοῦτο

2244 2878 2354 2929 τῶν
2393 2877 2522 2948 περὶ
2567 2876 2666 2945 τὴν
2717 2873 2866 2927 θείαν
2918 2870 3079 2939 φύσιν
3129 2869 3514 2940 θεωρουμένων
3549 2867 3836 2937 δυνάμεων

2251 2969 2668 3042 μεμαθήκαμεν,
2695 2967 2758 3031 ἃς
2787 2969 2816 3020 6
2855 2965 3079 3027 Ἡσαΐας
3110 2967 3203 3017 καὶ
3233 2965 3262 3016 6
3289 2961 3546 3034 Ἰεζεκιὴλ
3573 2962 3840 3032 κατενόη-

2250 3079 2370 3116 σαν.
2413 3062 2476 3114 Ἦ
2507 3060 2564 3113 δὲ
2593 3058 2822 3120 κιϐωτὸς
2848 3057 2946 3127 τῆς
2979 3055 3259 3126 διαθήκης,
3290 3052 3678 3123 κεκαλυμμένη
3707 3053 3837 3114 ταῖς

570 3154 661 3208 hic
691 3153 822 3209 illud
852 3155 1074 3221 dicitur,
1110 3157 1255 3227 quod
1297 3157 1441 3226 apud
1480 3159 1674 3212 Isaiam
1708 3157 1842 3212 facie
1869 3159 2143 3228 significa-

2253 3152 2496 3226 πτέρυξιν
2543 3153 2618 3224 μὴ
2666 3149 2917 3216 ξενιξέτω
2967 3149 3063 3220 τὴν
3110 3147 3334 3231 ἀκοήνᾘ
3365 3145 3459 3200 καὶ
3504 3146 3612 3216 γὰρ
3656 3147 3715 3198 ὲν
3750 3143 3838 3215 τῷ

573 3256 682 3302 tur.
717 3247 850 3302 Nam
893 3259 952 3304 ut
983 3265 1109 3304 area
1142 3250 1249 3314 hic,
1285 3251 1356 3304 ita
1391 3250 1462 3305 ibi
1500 3249 1668 3304 facies
1705 3251 2014 3306 cherubicis
2044 3251 2145 3307 alis

571 3339 784 3409 contegi
811 3339 1132 3394 allirmatur.
1166 3340 1342 3396 Unum
1375 3342 1541 3412 igitur
1571 3345 1637 3397 ab
1673 3345 1918 3412 utrisque
1943 3345 2146 3415 signiti-

573 3433 687 3487 cari
735 3448 841 3485 non
886 3433 1227 3489 dubitamus.
1263 3433 1486 3489 Videtur
1536 3445 1714 3489 autem
1760 3437 1890 3490 mihi
1943 3437 2150 3491 incom-

575 3523 936 3595 prehensibile
967 3525 1128 3590 hujus
1157 3526 1569 3594 spcculationis,
1611 3521 1732 3594 qua:
1761 3527 1828 3581 de
1863 3528 2150 3582 ineﬂ‘ahili-

575 3618 677 3672 bus
706 3625 811 3677 est,
844 3617 1188 3686 a-uigutatiee
1215 3617 1536 3688 signiﬁcari.
1578 3619 1711 3674 Cum
1743 3635 1873 3674 vero
1906 3620 1972 3674 de
2004 3621 2151 3690 lych-

575 3707 683 3769 nis.
717 3706 768 3760 id
801 3715 906 3773 est,
931 3709 1168 3761 lucernis
1188 3709 1364 3772 audis,
1387 3707 1530 3778 quod
1564 3719 1771 3778 septem
1801 3709 2062 3780 partito“
2085 3727 2150 3766 ex

577 3815 684 3853 una
709 3799 824 3854 basi
853 3815 917 3853 ac
944 3799 1128 3854 radice
1156 3800 1468 3854 candelabri
1493 3800 1962 3861 sustentabantur,
1986 3810 2042 3854 ut
2064 3801 2152 3855 lux

576 3892 920 3948 abundanter
968 3892 1208 3962 undique
1258 3892 1584 3961 perluceret,
1625 3892 1749 3961 jure
1792 3892 2153 3947 multiformes

577 3987 805 4058 spiritus
831 3986 1068 4058 fulgores
1096 3987 1151 4042 in
1177 3986 1279 4040 hoc
1311 3987 1662 4040 tabernaculo
1679 3985 1982 4056 perfulgere
1999 3986 2155 4040 intel-

577 4081 750 4152 liges;
785 4089 990 4151 septem
1028 4080 1228 4150 partito
1250 4078 1297 4110 “
1333 4079 1478 4134 enim
1519 4079 1745 4148 spiritus
1781 4080 1963 4132 radios
1991 4078 2152 4133 etiam

577 4171 748 4227 Isaias
785 4173 1018 4242 partitus
1061 4180 1165 4228 est.
1209 4169 1656 4240 PrOpitiatorium
1688 4179 1867 4225 antem
1898 4171 2028 4240 quid
2060 4170 2150 4234 sit,

577 4281 688 4320 non
718 4281 858 4337 opus
887 4267 1229 4336 expositione
1260 4265 1369 4318 ulla
1401 4276 1459 4319 ut
1489 4265 1843 4334 intelligatur,
1867 4279 1988 4317 cum
2014 4264 2158 4333 Apo-

579 4357 752 4414 stolus
776 4356 827 4410 id
855 4358 1190 4421 euodaverit,
1223 4356 1314 4424 qui
1347 4355 1419 4408 ait
1451 4374 1462 4408 :
1498 4374 1514 4405 ι
1538 4371 1696 4424 quem
1727 4356 2030 4408 animarqu
2056 4369 2157 4408 no-

577 4459 815 4509 strarum
859 4449 1294 4519 propitiatorium
1330 4448 1634 4518 proposuit.
1677 4466 1694 4498 ι
1734 4448 1916 4500 Altare
1944 4461 2071 4500 vero
2103 4453 2156 4501 et

2261 3247 2458 3318 Ἡσαΐᾳ
2488 3245 2549 3299 τὸ
2587 3245 2770 3315 ὅμοιον
2821 3242 2935 3295 ἐστι
2987 3239 3198 3311 μαθεῖν,
3248 3229 3627 3306 ὲνάίνίγματι
3677 3237 3839 3307 παρὰ

2248 3337 2340 3391 τοῦ
2392 3337 2672 3408 προφήτου
2724 3334 2852 3405 περὶ
2899 3332 3008 3384 τῶν
3053 3329 3338 3402 πτερύγων
3379 3329 3696 3399 λεγόμενον·
3727 3321 3839 3381 ὧδε

2253 3431 2349 3500 μὲν
2375 3431 2408 3499 ή
2434 3428 2686 3491 κιϐωτὸς,
2719 3429 2834 3480 ἐκεῖ
2872 3424 2925 3478 δὲ
2963 3423 3270 3496 πρόσωπον,
3301 3421 3376 3486 ὼς
3405 3422 3521 3484 ἐνὸς
3547 3421 3699 3485 ὄντος
3735 3419 3840 3474 τοῦ

2250 3522 2308 3574 ὲν
2341 3521 2668 3591 ἀμφοτέροις
2696 3516 3004 3588 νοουμένου,
3043 3517 3178 3586 ὅπερ
3228 3532 3316 3584 μοι
3359 3512 3592 3566 δοκεῖτὸ
3623 3511 3841 3564 ἀκατά-

2251 3611 2453 3681 ληπτον
2502 3611 2600 3681 τῆς
2645 3609 2752 3662 τῶν
2811 3609 3134 3679 ἀπορρήτων
3185 3605 3413 3676 θεωρίας
3468 3603 3835 3657 αἰνίσσεσθαι.

2252 3705 2369 3758 Κᾶν
2411 3705 2537 3774 περὶ
2579 3703 2786 3773 λύχνων
2824 3700 3060 3769 ἀκούσῃς
3110 3695 3441 3766 πολυσχιδῶς
3483 3697 3547 3748 ὲκ
3577 3695 3709 3764 μιᾶς
3737 3693 3841 3747 λυ-

2252 3800 2402 3870 χνίας
2434 3797 2801 3867 ἀνεχομένων,
2851 3793 2987 3846 ὥστε
3034 3791 3260 3860 ἄφθονον
3299 3786 3436 3842 εἶναι
3473 3787 3567 3841 καὶ
3607 3787 3840 3856 δαψιλὲς

2229 3891 2311 3942 ’τὸ
2343 3890 2455 3960 φῶς
2485 3886 2818 3956 πανταχόθεν
2871 3885 3248 3954 λαμπόμενον⁹
3299 3881 3400 3934 οὐκ
3437 3878 3502 3932 ἂν
3541 3879 3835 3949 ἁμάρτοις,

2229 3977 2350 4047 ’τὰς
2393 3982 2688 4044 πολυειδεῖς
2725 3979 2817 4032 τοῦ
2862 3976 3167 4046 πνεύματος
3211 3973 3574 4045 μαρμαρυγὰς
3604 3971 3839 4043 διαπρέτ

2254 4093 2374 4128 πειν
2421 4075 2592 4147 ταύτῃ
2645 4074 2710 4143 τῇ
2755 4072 2924 4140 σκηνῇ
2963 4067 3328 4137 λογιζόμενος,
3379 4062 3558 4128 καθὼς
3601 4063 3841 4128 Ἡσαΐας

2255 4167 2439 4236 φησὶν,
2480 4162 2687 4232 ἐπταχῆ
2724 4149 2951 4230 ’διαιρῶν
3003 4157 3101 4220 τὰς
3147 4155 3498 4226 λαμπηδόνας
3541 4149 3635 4206 τοῦ
3669 4153 3844 4206 πνεύ-

2258 4275 2441 4328 ματος.
2471 4256 2544 4308 Τὸ
2574 4255 2631 4309 δὲ
2658 4253 2964 4323 ἱλαστήριον
2995 4249 3115 4303 οὐδὲ
3156 4247 3447 4320 ἑρμηνείας
3472 4243 3620 4317 οἶμαι
3664 4263 3841 4318 προσ·

2253 4351 2489 4413 δέεσθαι,
2515 4346 2611 4400 τοῦ
2637 4342 2960 4398 Ἀποστόλου
2993 4343 3050 4396 τὸ
3097 4340 3474 4415 κεκδνμμένον
3507 4339 3841 4409 γυμνώσαν-

2254 4460 2364 4506 τος,
2386 4443 2442 4505 ὃς
2463 4435 2771 4508 φησίνοδτιι
2806 4438 2864 4489 ὃν
2889 4433 3147 4506 προέθετο
3171 4434 3198 4485 6
3228 4433 3360 4495 Θεὸς
3396 4432 3705 4502 ἱλαστήριον
3726 4429 3843 4483 τῶν

579 4541 917 4596 tburibulum
941 4556 1064 4594 cum
1094 4540 1276 4602 audio,
1307 4540 1678 4592 adorationem
1703 4539 1962 4609 intelligo,
1988 4553 2149 4607 quam

2255 4533 2440 4607 ψυχῶν
2509 4532 2734 4604 ἡμῶνοι
2763 4528 3141 4597 θυσιαστήριον
3205 4524 3261 4576 δὲ
3329 4524 3422 4576 καὶ
3481 4522 3843 4592 θυμιατήριον

579 4634 708 4691 huic
724 4633 1076 4689 tabernacqu
1091 4633 1344 4688 cmlestes
1360 4633 1590 4686 virtutes
1609 4631 1856 4686 aﬂ‘erunt.
1877 4631 1990 4685 Non
2010 4632 2154 4686 enim

581 4726 756 4782 solum
784 4724 1104 4780 inferiorum
1133 4733 1296 4794 atque
1321 4725 1683 4787 terrestrium,
1719 4725 1811 4778 sed
1847 4724 2154 4779 cmlestium

580 4832 800 4887 quoque
839 4818 1081 4888 linguam
1113 4817 1188 4870 ait
1231 4816 1443 4894 Iaudem
1475 4825 1638 4886 atque
1687 4816 1935 4887 gloriam,
1980 4824 2034 4869 ut
2073 4832 2156 4869 re-

581 4926 707 4966 rum
746 4912 989 4964 ntiinium
1035 4911 1327 4982 principio,
1359 4910 1585 4966 reddere
1626 4929 1639 4965 :
1683 4909 1734 4964 id
1765 4912 1908 4964 enim
1945 4920 2160 4981 gratum

580 5013 668 5060 est
699 5005 800 5074 ipsi
838 5003 1192 5070 sacrificium,
1236 5004 1504 5060 Iabiorum
1533 5004 1766 5064 fructus.
1809 5013 1862 5059 ut
1913 5007 1987 5058 ait
2016 5005 2162 5074 Apo-

583 5095 760 5154 stolus
783 5096 852 5160 ",
907 5105 961 5150 et
1006 5095 1142 5150 odor
1183 5096 1468 5150 orationis.
1523 5095 1675 5161 Quod
1729 5096 1773 5150 si
1823 5098 2030 5151 rorium
2077 5097 2162 5154 his

582 5189 746 5244 etiam
786 5187 929 5243 inest
954 5189 1137 5243 colore
1163 5204 1458 5259 purpureo,
1485 5195 1539 5243 et
1571 5189 1663 5258 pili
1697 5189 1906 5250 intexti.
1939 5203 2045 5244 non
2079 5197 2158 5244 ta-

585 5292 709 5336 men
743 5279 1136 5348 speculationis
1166 5277 1330 5347 hujus
1366 5279 1538 5335 series
1569 5280 1994 5348 perturbabitur.
2025 5276 2158 5332 Nam

585 5371 782 5426 oculus
817 5370 907 5425 ille
939 5371 1288 5440 propheticus
1321 5370 1378 5424 in
1425 5371 1812 5426 altissimarum
1846 5369 1946 5424 hac
1977 5385 2159 5424 rerum

588 5464 823 5527 visione,
866 5445 1160 5520 salutarem
1194 5480 1411 5534 quoque
1449 5463 1661 5519 Domini
1698 5464 2004 5534 passionem
2035 5470 2160 5516 tan-

589 5571 754 5628 quam
783 5572 815 5612 e
839 5557 1060 5623 specula
1093 5559 1389 5628 prospexit,
1421 5573 1582 5628 quam
1614 5574 1680 5612 ex
1726 5565 1957 5626 utroque
1981 5555 2158 5610 dicto-

591 5667 714 5710 rum
748 5652 1107 5724 signiﬁcatam
1141 5650 1309 5706 fuisse
1338 5666 1443 5706 non
1475 5651 1712 5720 ambigo.
1754 5647 1983 5703 Rubedo
2013 5649 2159 5703 enim

673 5832 720 5867 ⁸³
753 5831 964 5889 Coloss.
995 5849 1030 5897 ι,
1067 5831 1154 5888 l6.
1242 5832 1286 5864 "
1317 5827 1422 5890 lsa.
1453 5833 1602 5897 111,2.
1680 5832 1724 5864 ⁵ο
1765 5828 1927 5885 Ichr.
1966 5846 2043 5892 tv,
2070 5827 2121 5883 5.

2261 4628 2493 4692 ἀκούων,
2523 4644 2627 4680 νοω
2670 4641 2767 4696 την
2802 4620 3064 4692 διηνεκῶς
3105 4615 3520 4686 ἐπιτελουμένην
3558 4618 3624 4685 τῇ
3660 4615 3843 4684 σκηνῇ

2259 4721 2434 4792 ταύτῃ
2476 4719 2584 4773 τῶν
2629 4715 2961 4787 ἐπουρανίων
3001 4711 3384 4783 προσκύνησιν.
3419 4708 3490 4760 Ού
3535 4707 3642 4777 γὰρ
3677 4705 3847 4777 μόνον

2261 4814 2518 4880 ἐπιγείων
2568 4808 2661 4862 καὶ
2711 4801 3096 4875 ύπερχθονίων,
3128 4800 3260 4853 ἀλλὰ
3309 4799 3403 4851 καὶ
3459 4797 3566 4850 τῶν
3608 4797 3845 4866 ἐπουρα-

2255 4905 2384 4957 νίων
2425 4902 2524 4974 τὴν
2563 4896 2809 4968 γλῶσσάν
2852 4911 3013 4965 φησιν
3048 4891 3391 4961 ἀναπέμπειν
3438 4889 3530 4942 τὸν
3571 4883 3721 4939 αἶνον
3768 4890 3841 4957 τῇ

2254 4997 2363 5051 τῶν
2395 4995 2611 5049 πάντων
2641 4991 2801 5062 ἀρχῇ.
2833 4986 3002 5040 Τοῦτο
3030 4984 3088 5037 δέ
3127 4984 3328 5052 ἐστινὴ
3362 4979 3730 5052 κεχαρισμένη
3757 4979 3846 5048 τῷ

2259 5089 2378 5161 θεῷ
2401 5087 2579 5154 θυσία,
2610 5085 2668 5138 τὸ
2699 5083 2976 5154 κάρπωμα
3000 5076 3106 5130 τῶν
3135 5073 3380 5146 χειλέων,
3407 5069 3586 5133 καθώς
3616 5086 3786 5140 φησιν
3815 5073 3846 5122 6

2279 5181 2620 5244 Ἀπόστολος,
2671 5175 2764 5229 καὶ
2812 5171 2922 5226 τῶν
2969 5166 3284 5242 προσευχῶν
3334 5167 3366 5235 ή
3423 5162 3636 5216 εὐωδία.
3672 5161 3738 5214 EI
3784 5161 3847 5213 δὲ

2268 5276 2363 5331 καὶ
2406 5274 2580 5344 δέρμα
2621 5271 2679 5322 ὲν
2729 5266 2934 5327 τούτοις
2982 5263 3172 5332 δρᾶται
3219 5253 3632 5344 πεφοινιγμένον
3668 5253 3846 5344 βαφῇ,

2270 5370 2362 5422 καὶ
2398 5341 2579 5435 τρίχες
2625 5357 3031 5428 ὲξυιρανθεῖσαι·
3072 5351 3190 5405 οὐδὲ
3217 5341 3370 5412 οὗτος
3428 5347 3458 5399 6
3506 5345 3695 5417 είρμὸς
3733 5343 3847 5435 ,τῆς

2271 5459 2500 5530 θεωρίας
2551 5453 2956 5523 διακοπήσεται.
3013 5446 3070 5499 '0
3116 5444 3222 5516 γὰρ
3269 5438 3603 5510 ποοφητικὸς
3646 5434 3849 5530 όφθαλ·

2273 5525 2394 5627 μὸς,
2427 5553 2483 5604 ἐν
2510 5553 2574 5620 τῇ
2601 5547 2707 5600 τῶν
2749 5541 2905 5597 θείων
2943 5538 3174 5607 ὀπτασίᾳ
3212 5536 3516 5627 γινόμενος..
3535 5529 3660 5627 έκεῖ
3709 5525 3848 5627 καθ’

2269 5620 2503 5715 εώραται
2551 5635 2993 5713 προσωρισμένον
3039 5631 3098 5686 τὸ
3149 5629 3410 5699 σωτήριον
3452 5622 3618 5685 πάθος
3638 5639 3650 5651 ο
3708 5620 3846 5687 ὅπερ

2233 5827 2278 5858 ⁸⁵
2312 5823 2475 5879 Ilebv.
2502 5834 2620 5883 xui,
2653 5815 2736 5871 l5.
