3982 6462
154 440 259 496 385

1483 425 1568 479 DE
1601 419 1759 477 VITA
1788 415 2060 472 MOYSIS.
2152 460 2155 471 ς

3294 409 3397 463 588

153 556 208 604 ὲν
236 546 483 617 ἐκατέρῳ
503 540 608 595 τῶν
634 534 936 609 εἰρημένων
968 528 1320 601 σημαίνεται·
1347 525 1440 578 τοῦ
1480 526 1574 595 μὲν
1606 526 1723 594 ἐρυ-

1846 537 2171 604 sanguincm,
2202 533 2293 603 pili
2319 542 2496 587 autem
2527 542 2752 586 mortem
2778 532 3093 587 ostendunt.
3113 527 3247 583 Nam
3274 544 3396 583 cum

157 613 495 713 θήματος-τὸ
530 627 689 703 αἷμα,
724 629 823 699 τῆς
863 625 921 678 δὲ
970 622 1152 694 τριχὸς
1183 616 1584 713 ἑρμηνευούσης
1623 613 1721 713 τήν

160 707 446 805 νέκρωσιν,
479 729 737 796 Ἀμοιρος
770 722 876 789 γὰρ
924 716 1225 785 αἰσθήσεως
1256 714 1288 783 ή
1334 709 1577 805 sprge;
1612 707 1721 760 σώ-

165 802 297 899 ματι
324 840 340 855 ο
372 820 453 875 διὸ
481 817 686 888 κυρίως
717 811 1037 882 νεκρότητος
1054 806 1262 874 γίνεται
1294 802 1576 872 σύμὸολον.

227 918 405 970 Ὅταν
446 912 544 983 μὲν
573 905 665 962 οὖν
695 906 792 974 τὴν
826 902 935 955 άνω
976 898 1175 977 σκηνὴν
1207 896 1406 967 βλέπη-
1439 892 1608 946 ταύτα
1636 888 1723 943 διὰ

148 1013 362 1069 τούτων
395 1010 423 1060 6
476 1002 760 1075 προφήτης
788 997 907 1066 ὁρᾷ.
961 994 1024 1045 Ei
1067 991 1123 1043 δέ
1160 1008 1243 1053 τις
1270 988 1369 1059 τὴν
1407 987 1557 1039 κάτω
1594 1000 1724 1053 σκη-

153 1106 251 1176 νὴν
282 1099 511 1171 θεωροίη
534 1114 549 1128 ·
597 1090 782 1162 ἐπειδὴ
817 1086 1054 1156 πολλαχῆ
1098 1081 1332 1154 Χριστὸς
1362 1083 1396 1151 ή
1435 1077 1726 1148 Ἐκκλησία

157 1198 311 1267 παρὰ
358 1194 449 1246 τοῦ
502 1188 713 1244 Παύλου
771 1180 1238 1249 κατονομάζεται·
1290 1173 1468 1236 καλῶς
1501 1173 1565 1225 ἂν
1612 1171 1725 1242 ἔχοι

157 1291 288 1351 τοὺς
321 1284 601 1355 ὑπηρέτας
628 1279 721 1332 τοῦ
754 1278 897 1330 θείου
923 1273 1242 1346 μυστηρίου,
1269 1270 1360 1334 οὒς
1386 1270 1479 1323 καὶ
1504 1268 1727 1329 στύλους

155 1384 257 1451 τῆς
323 1373 647 1445 Ἐκκλησίας
700 1368 1057 1439 κατονομάζει
1104 1369 1132 1419 6
1170 1364 1345 1432 λόγος,
1402 1361 1727 1424 ἀποστόλους

158 1449 221 1527 τε
249 1469 343 1538 καὶ
373 1463 719 1524 διδασκάλους
748 1460 841 1513 καὶ⁵
868 1458 1171 1530 προφήτας,
1202 1454 1271 1507 τὰ
1290 1454 1523 1524 ὀνόματα
1556 1449 1727 1505 ταῦτα

155 1560 451 1630 ὀνομάζειν
484 1550 643 1607 εἶναι.
675 1552 749 1605 Οὐ
789 1550 897 1619 γὰρ
927 1548 1085 1618 μόνον
1112 1546 1314 1617 Πέτρος
1347 1546 1439 1597 καὶ
1478 1542 1727 1613 Ἰωάννης

156 1657 257 1711 καὶ
321 1647 615 1710 Ἰάκωϐος,
664 1643 844 1696 στύλοι
887 1642 986 1711 τῆς
1028 1638 1349 1708 Ἐκκλησίας
1399 1636 1569 1689 είσίν’
1610 1634 1728 1686 οὐδὲ

161 1749 326 1819 μόνος
374 1746 401 1796 6
452 1735 764 1807 Βαπτιστὴς
825 1732 1076 1800 Ἰωάννης
1121 1733 1149 1783 ὀ
1197 1730 1386 1799 λύχνος
1413 1724 1480 1799 ἦν
1510 1726 1729 1797 καιόμεο

160 1857 281 1903 νος·
336 1835 471 1890 ἀλλὰ
521 1833 719 1889 πάντες
767 1829 814 1880 οἱ
867 1826 933 1879 δι’
989 1822 1195 1877 ἑαυτῶν
1240 1824 1337 1894 τὴν
1405 1821 1730 1887 Ἐκκλησίαν

159 1932 485 2003 ἐρείδοντες,
529 1924 621 1977 καὶ
669 1922 718 1974 οἱ
767 1918 854 1972 διὰ
901 1917 1008 1971 τῶν
1055 1917 1198 1970 ἰδίων
1221 1915 1394 1986 ἔργων
1448 1912 1731 1982 φωστῆρες

158 2024 461 2094 γινόμενοι,
508 2015 602 2069 καὶ
631 2012 809 2066 στύλοι
842 2010 935 2063 καὶ
967 2008 1145 2078 λύχνοι
1174 2006 1441 2074 λέγονται.
1479 2024 1498 2056 ι
1545 2004 1733 2073 Ὑμεῖς

158 2093 291 2170 ἐστε
314 2113 377 2167 τὸ
418 2109 535 2180 φῶς
562 2106 655 2161 τοῦ
686 2105 912 2175 κόσμου,
956 2120 975 2155 ι
1017 2100 1149 2169 φησὶ
1179 2099 1314 2168 πρὸς
1351 2097 1475 2159 τοὺς
1504 2093 1733 2147 ἀποστό-

157 2210 291 2269 λους
330 2206 360 2256 6
402 2202 626 2271 Κύριος.
656 2197 766 2250 Καὶ
794 2194 954 2248 πάλιν
993 2192 1213 2261 ἐτέρους
1240 2192 1268 2243 6
1299 2188 1451 2251 Θεῖος
1489 2186 1738 2239 ’Δπόστο-

155 2303 254 2361 λος
286 2295 507 2354 στύλους
537 2289 673 2343 εἶναι
687 2286 1073 2348 διακελεύεται,
1092 2283 1264 2351 λέγων
1284 2299 1297 2313 ο
1333 2301 1351 2333 ‹
1391 2282 1625 2352 Ἐδραῖοι
1647 2278 1733 2348 γί-

152 2377 319 2433 νεσθε
364 2377 459 2430 καὶ
500 2373 1068 2445 άμετακίνητοι.»Καὶ
1120 2371 1212 2424 τὸν
1259 2369 1521 2440 Τιμόθεον
1577 2368 1738 2420 καλὸν

152 2468 358 2525 στύλον
407 2468 750 2536 ἐτεκτήνατο,
799 2466 1026 2535 ποιήσας
1071 2463 1230 2516 αὐτὸν
1271 2460 1470 2531 (καθώς
1503 2476 1634 2529 φησι
1669 2460 1735 2528 τῇ

154 2563 274 2635 ἰδίᾳ
338 2564 512 2631 φωνῇ)
561 2559 748 2612 στύλον
801 2558 896 2611 καίΙ
946 2555 1222 2626 ἑδραίωμα
1267 2555 1365 2623 τῆς
1418 2549 1740 2619 Ἐκκλησίας

156 2653 449 2724 ἀληθείας.
494 2649 582 2703 Ἐν
618 2648 788 2721 ταύτῃ
823 2648 890 2717 τῇ
937 2646 1107 2715 σκηνῇ
1143 2644 1235 2695 καὶ
1270 2641 1429 2695 θυσία
1461 2640 1560 2711 τῆς
1599 2638 1740 2692 αίνέ-

164 2727 333 2809 τέως,
374 2744 465 2797 καὶ
498 2742 743 2813 θυμίαμα
786 2739 885 2809 τῆς
916 2730 1233 2809 προσευχῆς,
1267 2735 1300 2804 ἡ
1341 2732 1421 2804 τῷ
1446 2730 1625 2802 ὄρθρῳ
1651 2731 1741 2783 καλ⁵

153 2838 230 2905 τῇ
271 2833 482 2904 ἑσπέρα
519 2829 878 2900 ὲνεργουμένῃ
907 2826 994 2879 διὰ
1022 2823 1219 2886 παντὸς
1234 2823 1545 2893 ζκαθορᾶται
1564 2837 1576 2849 ·
1603 2820 1741 2872 νοεῖν

151 2925 214 2977 δὲ
273 2923 457 2976 δίδωσι
512 2920 682 2974 ταῦτα
720 2922 748 2973 6
796 2918 967 2988 μέγας
1027 2916 1210 2978 Δαυῖδ,
1270 2913 1609 2967 κατευθύνων
1664 2912 1741 2974 είς

150 3016 345 3085 ὀσμὴν
385 3013 608 3075 εὐωδίας
646 3010 721 3082 τῷ
758 3010 875 3080 Θεῷ
907 3010 1005 3080 τῆς
1032 3008 1338 3079 προσευχῆς
1375 3004 1436 3057 τὸ
1475 3003 1738 3072 θυμίαμα·

152 3110 263 3162 καὶ
296 3105 389 3161 διὰ
423 3106 522 3176 τῆς
581 3104 853 3165 ἐκτάσεως
889 3100 997 3153 τῶν
1045 3099 1265 3170 χειρῶν,
1311 3095 1606 3168 ἱερουργῶν
1648 3094 1743 3163 τὴν

1832 626 1886 681 in
1917 641 2144 696 corpore
2171 626 2315 695 pilus
2339 626 2544 694 absque
2577 640 2740 680 sensu
2773 624 2863 689 sit,
2896 638 3006 679 non
3031 621 3230 691 injuria
3254 634 3400 674 mor-

1832 722 1902 776 tis
1941 720 2245 792 symbolum
2278 719 2499 773 dicitur.

1900 906 2027 961 Haec
2058 905 2220 975 igitur
2249 906 2302 958 in
2333 904 2614 974 superiore
2646 901 2998 955 tabernaculo
3025 899 3399 955 materialibus

1834 996 1941 1052 illis
1967 996 2271 1067 signiﬁcata
2304 1006 2577 1064 putamus.
2608 992 2662 1044 ln
2685 990 2942 1044 inferiore
2965 1005 3111 1053 vero,
3141 990 3399 1059 quoniam

1836 1090 2029 1158 saepius
2054 1104 2082 1140 a
2117 1087 2284 1141 Paulo
2313 1087 2552 1140 Ecclesia
2606 1082 2856 1137 Christus
2897 1082 3219 1151 appellatur,
3246 1082 3398 1134 Chri-

1835 1191 1953 1238 stus
1984 1190 2184 1244 autem,
2215 1188 2272 1233 ut
2296 1180 2554 1237 diximus,
2586 1176 2837 1245 superius
2862 1174 3267 1229 tabernaculum
3296 1181 3400 1238 est,

1837 1290 1944 1329 non
1973 1282 2058 1329 est
2104 1273 2365 1338 alienum,
2391 1272 2435 1326 si
2479 1271 2601 1340 quis
2631 1268 2931 1323 Ecclesiam
2977 1282 3128 1321 suam
3175 1266 3403 1320 inferius

1836 1365 2395 1422 esse‘tabernaculum
2424 1364 2741 1423 arbitretur,
2774 1361 2826 1413 in
2850 1374 2957 1429 quo
2987 1360 3251 1413 columna:
3276 1366 3405 1411 sunt

1836 1456 2217 1526 mysteriorum
2252 1454 2507 1507 Ecclesia:
2543 1450 2801 1514 ministri,
2842 1463 2982 1519 quos
3016 1449 3119 1501 hoc
3160 1450 3277 1516 ipso
3308 1463 3404 1499 no-

1838 1548 1985 1601 mine
2033 1560 2424 1616 nonnunquam
2472 1544 2808 1613 appellamus
2852 1541 3182 1594 :ministros
3226 1549 3402 1593 autem

1837 1641 2132 1711 apostolos,
2163 1639 2472 1710 prOphetas,
2500 1636 2769 1690 doctores.
2798 1632 2908 1687 Nec
2935 1633 3077 1687 enim
3108 1633 3281 1685 solum
3307 1626 3405 1681 Pe-

1837 1743 1956 1786 trus
1985 1740 2037 1784 et
2060 1729 2298 1784 Joannes
2327 1736 2379 1783 et
2408 1727 2643 1782 Jacobus
2665 1728 2932 1781 columnae
2965 1723 3221 1777 Ecclesiae
3248 1731 3402 1781 sunt,

1837 1838 1938 1878 nec
1966 1821 2209 1876 Joannes
2240 1819 2483 1888 Baptista
2513 1825 2725 1871 tantum
2774 1815 2973 1869 ardens
3002 1822 3117 1868 erat
3152 1812 3399 1881 lychnus.

1839 1913 1932 1968 sed
1974 1927 2163 1966 omnes
2201 1911 2399 1980 quibus
2447 1909 2688 1962 Ecclesia
2740 1914 3099 1965 sustentatur,
3145 1906 3237 1971 qui
3290 1904 3403 1956 suis

1838 2005 2095 2075 operibus
2118 2002 2408 2057 luminaria
2436 2000 2562 2053 facti
2595 2007 2746 2061 sunt,
2770 1998 2823 2051 hi
2847 1998 3112 2051 columnae
3140 2004 3193 2049 et
3224 1996 3400 2064 lychni

1838 2104 2241 2163 nuncupantur.
2308 2110 2327 2143 ‹
2366 2090 2477 2146 Vos
2529 2092 2662 2145 estis
2716 2090 2804 2142 lux
2859 2088 3078 2151 mundi,
3129 2106 3148 2139 ι
3194 2084 3403 2141 Veritas

1840 2188 2101 2257 apostolis
2141 2187 2214 2239 ait
2239 2185 2286 2215 ⁸⁸
2320 2203 2332 2238 :
2368 2199 2429 2237 ac
2470 2196 2690 2236 rursum
2742 2182 2885 2236 alios
2910 2181 3069 2234 divus
3114 2179 3407 2248 Apostolus

1839 2279 1992 2348 quasi
2022 2278 2305 2331 columnas
2330 2275 2600 2334 hortatur,
2628 2288 2750 2326 cum
2777 2272 2913 2326 dicit
2943 2289 2955 2324 :
2994 2290 3010 2320 ι
3042 2270 3205 2324 Firmi
3235 2278 3407 2325 estote

1840 2379 2001 2440 atque
2034 2369 2339 2424 immobiles
2370 2368 2436 2421 ".
2478 2386 2497 2418 ι
2542 2368 2608 2420 At
2638 2381 2771 2420 vero
2810 2363 3153 2419 Timotheum
3201 2365 3409 2419 colum-

1839 2476 1963 2516 nam
1993 2460 2414 2530 pulcherrimam
2462 2458 2762 2512 fabricatus
2803 2467 2909 2519 est,
2949 2473 3070 2509 cum
3114 2456 3292 2525 ipsum
3326 2455 3409 2508 tir-

1840 2553 2078 2606 mitatem
2110 2550 2356 2604 veritatis
2378 2564 2489 2603 sua:
2508 2551 2654 2603 vocis
2684 2548 2931 2602 doctrina
2956 2547 3274 2602 effecerit".
3296 2546 3410 2601 Hoc

1841 2646 1895 2699 in
1921 2644 2269 2699 tabernaculo
2296 2650 2348 2695 et
2383 2640 2714 2695 sacriﬁcium
2749 2639 2945 2703 laudis,
2980 2648 3032 2691 et
3062 2641 3189 2693 thus
3215 2639 3410 2692 oratio-

1841 2737 1928 2791 nis
1958 2736 2010 2789 in
2046 2749 2205 2788 mane
2226 2748 2288 2786 ac
2313 2747 2596 2801 vesperum
2628 2731 2874 2784 adhiberi
2901 2746 3113 2798 semper
3142 2731 3405 2785 videmus.

1843 2825 1956 2880 Hoc
1983 2827 2062 2879 sic
2092 2824 2394 2892 intelligere
2427 2821 2592 2874 David
2636 2821 2729 2874 ille
2772 2835 2872 2873 nos
2917 2819 3147 2882 inducit,
3198 2821 3288 2888 qui
3325 2824 3408 2873 in-
3478 2874 3481 2877 ,

1843 2932 2067 2970 censum
2116 2915 2382 2967 orationis
2420 2913 2471 2965 in
2506 2914 2724 2964 odorem
2774 2911 3062 2965 suavitatis
3110 2911 3312 2979 dirigit,
3356 2918 3411 2965 et

1845 3022 2104 3060 manuum
2155 3007 2528 3071 extensionem
2561 3003 2889 3058 sacriﬁcium
2929 3018 3052 3057 esse
3096 3004 3289 3058 asserit
3322 3019 3413 3057 vc-

1847 3099 2148 3166 spertinum
2182 3098 2249 3152 ‘9.
2288 3097 2464 3151 Urnas
2509 3111 2658 3159 vero,
2710 3094 2763 3147 id
2812 3104 2918 3161 est,
2950 3110 3079 3148 vasa
3116 3094 3181 3147 ad
3230 3096 3413 3147 lavan-

153 3199 385 3253 θυσίαν.
446 3196 730 3267 Λουτῆρας
780 3194 836 3247 δέ
886 3210 969 3255 τις
1012 3192 1244 3253 ἁκούων,
1301 3192 1478 3259 νοήσει
1530 3187 1740 3247 πάντως

1847 3188 1997 3251 dum,
2020 3190 2143 3259 quis
2170 3190 2406 3257 ambiget
2437 3204 2531 3243 eos
2556 3202 2699 3250 esse,
2728 3189 2817 3257 qui
2838 3202 2934 3256 per
2968 3187 3412 3240 sacramentalem

150 3295 297 3354 τοὺς
354 3289 443 3343 διὰ
487 3288 581 3341 τοῦ
624 3286 884 3358 μυστικοῦ
932 3284 1120 3345 ὓδατος
1167 3282 1258 3334 τὸν
1315 3280 1585 3351 μολυσμὸν
1622 3279 1748 3330 άποο

154 3384 469 3448 κλύζοντας
497 3381 605 3434 τῶν
641 3377 941 3449 ἁμαρτιῶν.
982 3375 1192 3447 Λουτὴρ
1220 3370 1286 3445 ἦν
1315 3376 1343 3426 6
1391 3372 1656 3439 Ἰωάννης,
1691 3369 1749 3422 ὲν

155 3478 246 3548 τῷ
289 3476 531 3548 Ἰορδάνῃ
582 3473 780 3534 λούων,
836 3473 893 3523 ὲν
947 3470 1024 3538 τῷ
1092 3470 1190 3539 τῆς
1240 3466 1541 3538 μετανοίας,
1569 3462 1752 3533 βαπτί-

160 3585 343 3639 σματι
364 3588 379 3598 ο
419 3565 614 3636 λουτὴρ
659 3560 727 3635 ἦν
761 3564 789 3615 6
826 3562 1048 3631 Πέτρος,
1102 3559 1425 3630 τρισχιλίους
1453 3559 1594 3610 κατὰ
1618 3556 1750 3609 ταύ-

158 3663 264 3715 τὸν
324 3658 581 3722 καθάπαξ
626 3655 878 3722 κατάγων
927 3653 1020 3704 ἐπὶ
1066 3651 1127 3704 τὸ
1174 3650 1334 3721 ὕδωρ.
1388 3648 1599 3718 Λουτὴρ
1654 3645 1749 3699 τοῦ

161 3751 465 3806 Κανδάκω
527 3750 556 3800 6
610 3747 910 3808 Φίλιππος,
966 3743 1059 3797 καὶ
1114 3743 1329 3795 πάντων
1385 3740 1584 3802 πάντες
1641 3736 1751 3789 τῶν

166 3842 516 3916 μετεχόντων
561 3839 662 3910 τῆς
707 3838 932 3907 δωρεᾶς,
962 3839 1009 3890 οἱ
1052 3834 1398 3907 ἐνεργοῦντες
1442 3834 1539 3902 τὴν
1569 3832 1746 3901 χάριν.

162 3939 288 3999 Τὰς
340 3935 400 3989 δὲ
449 3932 704 3995 αὐλαίας,
755 3930 811 3984 αἳ
860 3928 948 3982 διὰ
1002 3927 1100 3997 τῆς
1153 3927 1267 3996 μετ’
1312 3923 1553 3994 ἀλλήλων
1601 3938 1751 3991 συμ-

163 4030 342 4097 ϐολῆς
392 4027 491 4095 τὴν
539 4024 743 4095 σκηνὴν
792 4024 848 4075 ὲν
903 4019 1088 4089 κύκλῳ
1148 4016 1602 4088 διαλαμϐάνουσι,
1654 4014 1751 4084 τὴν

164 4119 536 4188 ἀγαπητικήν
563 4133 624 4168 τε
658 4115 752 4168 καὶ
774 4111 1053 4185 εἰρηνικὴν
1099 4110 1206 4163 τῶν
1240 4109 1599 4161 πιστευόντων
1624 4106 1754 4176 ὁμό-

164 4228 329 4266 νοιαν
378 4206 516 4263 εἷναί
558 4225 639 4271 τις
684 4205 945 4267 ύπονοῶν,
993 4204 1091 4256 οὐκ
1122 4203 1186 4255 ἂν
1216 4202 1445 4272 ἁμάρτοι
1482 4199 1574 4252 τοῦ
1621 4199 1753 4269 πρέ-

167 4318 413 4365 ποντος·
456 4300 595 4353 οὕτω
641 4297 734 4351 τοῦ
782 4295 942 4349 Δαὸὶδ
986 4293 1436 4366 ὲρμηνεύσαντος,
1477 4291 1535 4353 ὃς
1568 4306 1749 4358 φησιν,

162 4393 413 4465 ὃτι,Θεὶς
454 4390 523 4443 τά
559 4388 685 4459 ὃριά
709 4404 799 4440 σου
832 4387 1072 4458 εἰρήνην.
1104 4385 1286 4454 Δέρμα
1314 4383 1369 4435 δὲ
1399 4380 1752 4452 πεφοινιγμέ-

164 4504 296 4549 νον,
327 4483 422 4536 καὶ
461 4482 671 4554 δέρρεις
703 4479 809 4534 άπὸ
847 4478 1067 4549 τριχῶν,
1098 4478 1229 4547 πρὸς
1258 4476 1461 4545 κόσμον
1497 4475 1594 4545 τῆς
1621 4489 1752 4543 σκηο

1853 3296 2043 3349 aquam
2101 3288 2445 3349 peccatorum
2505 3280 2699 3333 sordes
2758 3278 3032 3331 auferunt.
3084 3276 3250 3329 Luter
3296 3282 3415 3328 erat

1848 3369 2106 3431 Joannes,
2144 3370 2332 3423 lavans
2376 3371 2432 3423 in
2480 3368 2742 3433 Jordane,
2786 3369 2841 3422 in
2884 3369 3207 3437 baptismate
3253 3371 3417 3436 pumi-

1850 3463 2118 3516 tentiaa“.
2152 3462 2301 3516 Talis
2344 3473 2460 3516 erat
2505 3464 2728 3526 Petrus,
2775 3461 2880 3514 tria
2929 3460 3095 3514 millia
3137 3459 3415 3513 hominum

1850 3556 2011 3610 simul
2037 3553 2102 3607 ad
2140 3554 2391 3622 baptismi
2423 3554 2696 3607 lavacrum
2729 3552 3004 3606 deducens
3033 3550 3097 3603 “.
3134 3550 3418 3619 Philippus

1817 3661 2064 3717 rquoque
2090 3660 2224 3699 urna
2265 3644 2532 3699 Candacis
2573 3645 2696 3698 fuit.
2735 3643 2875 3709 Quid
2921 3645 3127 3698 multa?
3162 3644 3418 3698 omnibus

1819 3736 1940 3809 ‘qui
1966 3739 2031 3793 ad
2062 3738 2319 3809 baptismi
2345 3737 2549 3791 donum
2585 3739 2831 3802 veniunt,
2868 3737 2903 3790 ii
2940 3738 3004 3790 ad
3035 3736 3234 3790 lotoria
3267 3747 3417 3801 sunt,

1850 3831 1939 3901 qui
1988 3830 2294 3884 ministerio
2342 3844 2443 3883 suo
2481 3829 2709 3897 gratiam
2764 3829 3023 3898 praebent.
3058 3828 3238 3881 Aulaaa
3288 3842 3419 3884 vero

1850 3938 1970 3994 qua!
2004 3924 2146 3977 inter
2167 3937 2225 3976 se
2255 3935 2505 3976 connexa
2541 3920 2953 3974 tabernaculum
2976 3918 3031 3971 in
3056 3919 3242 3972 orbem
3278 3908 3422 3974 corii-

1852 4015 2189 4083 plectuntur,
2227 4012 2512 4065 amabilem
2546 4010 2934 4081 pacilicamque
2963 4010 3300 4063 credentium
3332 4028 3413 4065 es-

1850 4120 1911 4160 se
1936 4104 2288 4158 concordiam
2342 4117 2449 4156 non
2487 4102 2721 4155 absurde
2763 4101 3038 4171 quispiam
3072 4100 3290 4154 dixerit.
3328 4100 3419 4156 Sic

1850 4196 1996 4248 enim
2042 4192 2211 4246 David
2256 4193 2401 4246 hunc
2436 4192 2613 4246 locum
2648 4193 2969 4261 exposuisse
3012 4191 3249 4254 videtur,
3296 4208 3418 4247 cum

1850 4286 2042 4341 dicat:
2086 4286 2188 4351 Qui
2236 4285 2393 4355 ponis
2444 4285 2708 4337 terminos
2763 4293 2888 4337 tuos
2935 4298 3144 4353 pacem.
3198 4283 3418 4337 Corium

1838 4388 1982 4428 vero
2021 4386 2383 4442 purpureum,
2416 4378 2470 4424 et
2503 4385 2632 4438 saga
2669 4385 2733 4423 ex
2767 4369 2913 4439 pilis,
2950 4369 3015 4421 ad
3051 4377 3303 4420 ornatum
3337 4375 3419 4419 ta-

1850 4465 2137 4521 bernaculi
2172 4463 2528 4534 pertinentia,
2563 4460 2977 4516 accommodate
3023 4459 3417 4529 intelligentur,

167 4578 284 4646 νῆς
316 4550 687 4629 συντελούσαι,
740 4569 1085 4639 καταλλήλως
1132 4568 1196 4621 ἂν
1230 4566 1469 4636 νοηθεῖεν
1510 4565 1543 4635 ή
1578 4581 1636 4616 τε
1665 4563 1742 4616 νέ-

1857 4560 1903 4615 si
1935 4574 2032 4630 pro
2065 4558 2216 4611 corio
2246 4554 2595 4610 mortiﬁcatio
2625 4567 2807 4623 pronae
2837 4550 2903 4604 ad
2942 4550 3279 4621 peccandum
3301 4564 3423 4604 car-

167 4643 397 4739 κρωσις
441 4665 541 4733 τῆς
588 4663 962 4735 άμαρτητικῆς
1018 4659 1249 4732 σαρκὸς,
1307 4655 1373 4731 ἦς
1421 4659 1645 4726 αῐνιγμα
1696 4655 1742 4708 τί

1861 4653 1969 4715 nis,
2007 4666 2105 4722 pro
2150 4651 2332 4720 sagis,
2364 4647 2605 4702 strictior
2639 4643 2854 4698 vivendi
2910 4658 3123 4708 norma,
3166 4650 3221 4698 et
3265 4643 3419 4713 quasi

168 4733 608 4829 πεφοινιγμένον
649 4733 823 4826 δέρμα
860 4754 995 4816 ἐστὶ,
1046 4753 1141 4806 καὶ
1177 4755 1210 4823 ἡ
1238 4752 1464 4823 τραχεῖα
1514 4746 1742 4817 διαγωγῦ

1846 4744 2054 4799 durior
2087 4742 2450 4810 intelligitur:
2492 4739 2579 4792 his
2609 4738 2752 4792 enim
2790 4736 3022 4788 maxime
3056 4733 3313 4789 Ecclesia:
3349 4744 3423 4786 ta-

167 4824 312 4906 κατ“
336 4824 683 4919 ἐγκράτειαν,
716 4824 795 4909 οἷς
834 4845 1123 4916 ὡραῖζεται
1156 4844 1384 4914 μάλιστα
1429 4843 1461 4911 ή
1493 4844 1591 4911 τῆς
1636 4840 1742 4892 Ἐκ·

1859 4836 2217 4891 bernaculum
2250 4838 2565 4887 exornatur.
2600 4827 2759 4880 Coria
2792 4825 2934 4879 enim
2968 4839 3090 4879 cum
3122 4825 3326 4877 nullam
3367 4824 3423 4879 in

169 4943 425 5013 κλησίας
455 4941 649 5011 σκηνή.
692 4938 775 4991 Τά
798 4938 906 5006 γὰρ
937 4936 1178 5007 δέρματα
1206 4935 1438 5005 ζωτικὴν
1463 4935 1519 4985 ὲν
1551 4932 1758 4994 ἑαυτοῖς

168 5037 293 5090 οὐκ
342 5034 533 5103 ἔχοντα
576 5031 801 5101 δύναμιν
847 5031 943 5099 τὴν
994 5030 1057 5080 ὲκ
1101 5028 1331 5096 φύσεως,
1372 5029 1437 5096 τῇ
1490 5025 1631 5095 βαφῇ
1663 5022 1756 5076 τοῦ

172 5127 543 5199 ἐρυθήματος
571 5124 764 5192 εὐανθῆ
809 5123 1041 5192 γίνεται,
1095 5121 1229 5190 ὅπερ
1254 5119 1514 5180 διδάσκει,
1542 5118 1639 5185 τὴν
1669 5114 1758 5167 διά

171 5216 284 5273 τοῦ
320 5214 636 5285 Πνεύματος
682 5210 1015 5265 ἐπανθοῦσαν
1045 5210 1202 5279 χάριν
1247 5209 1320 5278 μὴ
1352 5209 1407 5259 ὲν
1442 5205 1647 5277 ἑτέροις
1674 5201 1760 5270 γί-

172 5308 406 5372 νεσθαι,
433 5309 482 5360 εί
519 5311 590 5377 μή
621 5323 761 5368 τινες
790 5306 1011 5367 ἑαυτοὺς
1042 5305 1106 5373 τῇ
1141 5302 1385 5375 ἁμαρτίᾳ
1417 5299 1755 5371 ⁵οεκρώσαιεν.

172 5407 249 5459 Εἰ
280 5403 339 5455 δὲ
369 5402 466 5455 καὶ
497 5403 530 5470 ἠ
564 5400 794 5470 σώφρων
821 5397 980 5461 αἰδὼς
1012 5393 1117 5467 [ob]
1149 5398 1213 5466 τῇ
1264 5394 1407 5465 βαφῇ
1437 5392 1528 5445 τοῦ
1566 5390 1761 5463 ἐρυθή-

175 5510 371 5568 ματος
403 5493 509 5545 ὑπὸ
533 5491 625 5544 τοῦ
660 5492 815 5559 λόγου
844 5490 1183 5560 σημαίνεται,
1217 5488 1307 5539 ἐπὶ
1345 5484 1423 5555 τῷ
1454 5483 1762 5555 βουλομένῳ

173 5585 459 5655 ποιοῖμαι
504 5582 604 5653 τὴν
632 5581 827 5652 κρίσιν,
868 5582 931 5633 Ἢ
974 5579 1029 5632 δὲ
1072 5578 1179 5632 τῶν
1207 5577 1408 5649 τριχῶν
1456 5573 1759 5644 συμπλοκὴ,

170 5676 372 5750 τραχύ
396 5693 458 5729 τε
499 5677 591 5728 καὶ
617 5675 845 5736 δυσαφὲς
884 5671 1300 5725 άπεοναῖοαὲνη
1335 5667 1639 5737 ἐξύφασμα,
1666 5666 1764 5735 τὴν

264 5860 315 5890 ⁸⁸
350 5857 540 5913 Matth.
577 5870 629 5920 ν,
663 5854 747 5909 ﬂ.
821 5852 864 5883 ⁸⁷
892 5850 908 5903 1
939 5851 1062 5904 Cor.
1095 5865 1181 5903 xv.
1216 5847 1305 5901 58.

1380 5845 1425 5876 σε
1453 5842 1469 5894 l
1495 5838 1732 5895 Timoth.
1758 5851 1837 5903 ιιι,
1866 5835 1953 5890 15.

1858 4942 1918 4981 se
1946 4924 2161 4980 vivendi
2192 4924 2445 4975 virtutem
2479 4933 2506 4970 a
2554 4925 2753 4971 natura
2784 4915 3076 4977 retineant,
3119 4914 3303 4968 colore
3334 4928 3417 4966 ru-

1864 5018 2080 5075 bedinis
2129 5014 2321 5068 ﬂorere
2357 5012 2609 5065 videntur
2654 5027 2667 5063 :
2717 5006 2861 5077 quod
2893 5005 3131 5061 ostendit
3177 5004 3423 5059 ﬂoridam

1879 5103 2115 5175 Spiritus
2130 5103 2358 5174 gratiam
2385 5118 2493 5157 non
2522 5101 2768 5156 habitare
2802 5100 2852 5153 in
2894 5098 3130 5162 homine,
3171 5098 3272 5152 nisi
3308 5096 3423 5167 pri-

1864 5211 1953 5250 mo
2000 5196 2205 5266 peccati
2235 5194 2342 5247 vim
2388 5194 2441 5247 in
2492 5195 2671 5262 seipso
2718 5190 3145 5246 mortiﬁcaverit.
3201 5187 3257 5244 Si
3295 5204 3425 5243 vero

1864 5288 2121 5359 pudorem
2165 5286 2328 5340 etiam
2362 5284 2666 5339 modestum
2701 5282 2902 5337 coloris
2952 5281 3217 5335 rubedine
3254 5278 3424 5347 signi-

1862 5382 2011 5434 licari
2059 5378 2327 5450 quispiam
2379 5376 2691 5442 contendat,
2737 5390 2847 5430 non
2894 5384 3040 5430 certe
3093 5371 3420 5429 reluctabor.

1862 5473 2102 5528 Pilorum
2128 5479 2307 5527 autem
2349 5468 2622 5524 intricatio
2651 5482 2901 5537 asperam
2950 5466 3116 5519 tactui
3148 5471 3421 5519 texturam

1862 5568 2123 5624 eiliciens.
2168 5578 2416 5634 asperam
2469 5570 2523 5616 et
2558 5560 2869 5630 passionum
2917 5559 3074 5613 nobis
3132 5556 3420 5612 insitarum

1864 5659 2205 5716 domitricem
2254 5656 2643 5713 continentiam
2687 5653 3013 5709 subindicat.
3066 5649 3197 5717 Quae
3241 5649 3422 5704 omnia

2029 5835 2074 5867 "
2096 5833 2240 5889 Psal.
2270 5848 2378 5893 xw,
2410 5830 2465 5883 2.
2526 5830 2570 5861 ”
2594 5828 2726 5881 Luc.
2762 5842 2844 5891 In,
2874 5825 2924 5880 5.
3003 5825 3044 5858 ⁸³
3075 5827 3197 5880 Act.
3223 5841 3279 5891 tt,
3331 5824 3420 5879 Η.
