3982 6476
584 406 690 463 5'57

1816 399 1872 453 S.
1914 397 2243 455 GREGORII
2275 398 2564 455 ΝγςδΕΝι

3733 411 3835 468 5‘88

584 522 661 575 ita
692 533 752 575 se
781 517 981 572 habere
1021 512 1310 569 conﬁrmat
1348 527 1537 567 eorum
1570 511 1704 575 vita,
1744 512 1836 582 qui
1875 512 1931 565 in
1963 526 2158 583 perpe-

2261 514 2519 581 τραχεῑαν
2539 510 2745 583 ταύτην
2764 511 2857 564 καὶ
2875 510 3248 585 δαπανητικὴν
3276 515 3383 569 τῶν
3406 517 3836 590 καθομιλούντων

584 628 678 668 tua
716 610 920 679 degunt
952 608 1282 677 virginitate,
1313 621 1435 675 qua:
1480 620 1699 659 carnem
1750 605 1823 657 ita
1862 605 2157 659 viventium

583 704 837 774 castigat.
875 701 1006 767 Quae
1038 715 1167 755 vero
1206 699 1354 753 intus
1396 706 1573 763 erant,
1601 698 1797 754 Sancta
1843 704 2159 753 sanctorum

585 794 1037 856 nominabantur,
1073 790 1139 844 ad
1168 806 1290 860 quas
1315 787 1605 843 multitudo
1627 788 1905 857 pervenire
1932 804 2040 842 non
2063 804 2162 857 po-

581 893 743 950 terat,
781 884 895 938 baec
924 899 1107 938 rerum
1155 881 1433 936 veritatem
1477 880 1807 951 signiﬁcant.
1862 877 2157 935 Veritatem

583 979 723 1031 lianc
756 976 1000 1047 mysterii
1023 975 1197 1029 nostri
1219 974 1342 1027 dico
1372 986 1485 1026 rem
1519 981 1787 1036 sanctam,
1820 980 1874 1027 et
1904 980 2154 1027 sanctum

582 1079 921 1131 sanctorum,
955 1078 1008 1123 et
1036 1069 1221 1123 multis
1246 1065 1873 1137 incomprehensibilem.
1906 1063 2031 1119 Haec
2060 1080 2155 1120 ve-

586 1157 719 1211 ritas
746 1158 801 1210 in
826 1155 1007 1227 adytis
1052 1155 1394 1211 tabernaculi
1438 1155 1760 1217 constituta,
1813 1153 2020 1224 absque
2057 1169 2158 1209 cu-

582 1248 830 1303 riositate
879 1248 1062 1318 aliqua
1111 1247 1341 1317 intelligi
1376 1261 1442 1301 ac
1478 1245 1647 1315 recipi
1692 1246 1873 1301 debet.
1915 1244 2159 1301 Creden—

580 1340 710 1393 dum
741 1343 884 1394 enim
930 1347 1036 1405 est,
1070 1339 1144 1393 ita
1183 1354 1305 1394 esse
1339 1351 1395 1393 ut
1441 1336 1685 1393 Ecclesia
1734 1337 2009 1407 praedicat,
2046 1351 2158 1392 non

581 1443 761 1487 tamen
806 1433 982 1486 oculis
1024 1431 1269 1484 omnium
1319 1431 1467 1482 cerni
1504 1444 1684 1499 posse.
1733 1429 1829 1483 sed
1870 1428 1926 1482 in
1959 1428 2159 1484 mentis

583 1526 758 1594 ipsius
782 1523 1155 1596 penetralibus
1185 1520 1602 1576 indubitabilem
1630 1518 1915 1573 veritatem
1940 1532 2155 1588 perma-

581 1634 729 1674 nere.

2267 602 2456 656 παθῶν
2520 602 2848 673 ἐγκράτειαν
2902 603 3312 679 ὑπαινίσσεταιο
3370 609 3439 662 τά
3490 610 3547 663 δέ
3614 617 3839 670 τοιαῦτα

2266 694 2443 746 πάντα
2466 692 2736 746 δείκνυσιν
2776 693 2863 763 ἐφ’
2896 695 3095 766 ἑαυτῆς
3139 697 3171 766 ὴ
3226 698 3283 749 ἐν
3331 699 3597 773 παρθενίᾳ
3639 703 3773 775 ζωὴ,
3806 710 3839 777 η

2264 781 2363 851 τὴν
2396 782 2572 853 σάρκα
2599 780 2708 835 τῶν
2740 780 2882 836 οὕτω
2911 784 3167 853 βιούντων
3196 786 3579 853 ὑωπιέζουσα.
3623 792 3763 846 Εἱδέ
3783 796 3843 847 τὸ

2262 873 2289 925 ἔ
2306 874 2429 939 δδον,
2453 875 2587 946 ὅπερ
2606 872 2788 942 Ἀγιον
2814 876 2983 943 ἁγίων
3015 876 3247 945 λέγεται,
3285 881 3397 943 τοῖς
3443 880 3653 946 πολλοῖς
3696 884 3844 938 ἐστιν

2262 966 2610 1036 ἀνεπίϐατον,
2641 968 2775 1038 μηδέ
2826 969 2983 1021 τοῦτο
3020 969 3243 1040 ἀπᾴδειν
3269 973 3366 1042 τῆς
3387 972 3493 1024 τῶν
3537 974 3842 1046 νοηθέντων

2260 1058 2584 1120 ἀκολουθίας
2617 1060 2943 1129 νομίσωμεν.
2975 1059 3218 1130 Ἀληθῶς
3248 1060 3355 1133 γὰρ
3389 1063 3544 1131 ἆγιόν
3572 1082 3623 1118 τι
3649 1067 3843 1137 χρῆμά

2262 1152 2401 1218 ἐστι,
2440 1152 2533 1207 καὶ
2560 1151 2731 1220 ἁγίων
2766 1152 2941 1222 ἆγιον,
2972 1155 3065 1206 καὶ
3106 1156 3220 1216 τοῖς
3256 1153 3470 1220 πολλοῖς
3510 1157 3747 1229 ἄληπτόν
3777 1176 3842 1213 τε

2264 1245 2357 1299 καὶ⁴
2406 1244 2720 1316 ἀπρόσιτον,
2771 1247 2805 1316 ή
2854 1244 2963 1297 τῶν
3013 1246 3181 1298 ὄντων
3226 1244 3471 1318 ἀλήθεια,
3513 1244 3580 1320 ἦς
3625 1251 3681 1303 ἐν
3727 1255 3841 1314 τοῖς

2264 1337 2481 1402 ἀδύτοις
2504 1354 2563 1390 τε
2590 1337 2685 1391 καὶ
2711 1337 3041 1409 ἀπορρήτοις
3063 1339 3162 1408 τῆς
3187 1336 3283 1390 τοῦ
3311 1341 3608 1410 μυστηρίου
3634 1347 3840 1414 σκηνῆς

2266 1428 2705 1500 καθιδρυμένης,
2756 1429 3321 1500 ἀπολυπραγμόνητον
3384 1426 3520 1485 εἶναι
3572 1434 3678 1504 χρὴ
3727 1436 3839 1489 τῶν

2264 1522 2403 1595 ὑπὲρ
2435 1521 2740 1592 κατάληψιν
2769 1522 2937 1575 ὅντων
2962 1522 3060 1593 τὴν
3090 1521 3414 1590 κατανόησιν
3439 1540 3452 1553 ·
3488 1524 3839 1591 πιστεύοντας

2260 1611 2399 1669 εἶναι
2460 1615 2560 1687 μὲν
2609 1615 2669 1668 τὸ
2707 1614 3057 1686 ζητούμενον,
3109 1614 3169 1667 οὑ
3223 1616 3330 1685 μὴν
3379 1617 3491 1679 τοῖς
3543 1617 3839 1688 ὀφθαλμοῖς

2262 1707 2479 1761 πάντων
2505 1705 2845 1777 προκεῖσθαι,
2872 1706 2984 1760 ἀλλ’
3018 1708 3076 1760 ἐν
3100 1709 3211 1770 τοῖς
3241 1705 3453 1771 ἀδύτοις
3479 1710 3577 1779 τῆς
3604 1708 3841 1774 διανοίας

2266 1796 2447 1866 μένειν
2480 1796 2589 1849 ἀπό
2594 1798 2625 1868 ρ
2632 1799 2811 1868 ρητον.

652 1891 777 1946 llaec
807 1890 1021 1961 aliaque
1055 1890 1219 1959 hujus
1276 1887 1613 1946 tabernaculi
1644 1887 1856 1942 visione
1894 1885 1964 1940 ab
2008 1883 2156 1939 omni

2271 1865 2276 1866 ί
2336 1888 2521 1942 Ταῦτα
2547 1865 2604 1941 δέ
2633 1865 2729 1941 καὶ
2758 1888 2826 1940 τά
2851 1886 3074 1941 τοιαῦτα
3111 1888 3416 1951 παιδευθεὶς
3441 1889 3527 1943 διὰ
3565 1893 3660 1960 τῆς
3696 1891 3837 1945 κατὰ

580 1985 746 2041 sorde
778 1984 1071 2038 mundatus
1092 1984 1284 2038 oculus
1314 1983 1407 2063 ille
1437 1981 1633 2035 mentis
1662 1978 1917 2035 Massica:
1937 1979 2155 2042 doctus,

578 2076 994 2145 visionibusque
1020 2076 1105 2130 his
1127 2076 1291 2129 altius
1305 2074 1575 2138 elevatus,
1597 2087 1791 2127 rursus
1807 2070 1875 2124 ad
1897 2085 2158 2125 cacumen

578 2172 805 2224 alterius
849 2169 1063 2223 scandit
1117 2166 1529 2237 speculationis,
1597 2163 1995 2219 sacerdotalem
2030 2178 2157 2233 per-

578 2262 800 2318 discens
834 2262 1113 2325 vestitum,
1166 2259 1223 2313 in
1251 2274 1359 2329 quo
1387 2265 1470 2313 est
1520 2256 1785 2311 subucula
1812 2263 1866 2310 et
1909 2256 2159 2325 superior

578 2356 785 2419 tunica,
803 2365 855 2411 et
880 2354 1173 2425 pectorale,
1201 2351 1344 2421 quod
1367 2350 1534 2405 variis
1556 2365 1619 2402 ac
1647 2347 1881 2402 diversis
1916 2347 2157 2416 lapidum

578 2447 882 2518 fulgoribus
925 2445 1329 2516 resplendebat,
1379 2442 1510 2494 vitta
1551 2439 1760 2493 circum
1811 2445 1995 2508 caput,
2031 2452 2157 2491 cum

578 2541 780 2594 lamina
799 2556 965 2609 super
980 2554 1122 2603 eam,
1154 2536 1563 2604 feminaliaque,
1590 2539 1644 2585 et
1674 2546 1830 2601 poma
1863 2550 1875 2585 :
1907 2541 1961 2585 et
1990 2544 2158 2600 supra

512 2631 521 2641 ’
578 2633 693 2686 haec
723 2630 909 2685 omnia
949 2628 1235 2691 rationale,
1272 2641 1338 2680 ac
1376 2624 1497 2694 ejus
1540 2621 1831 2692 judicium,
1866 2628 1921 2676 et
1948 2636 2069 2691 qua:
2102 2620 2156 2674 in

579 2725 825 2790 utrisque
863 2719 1147 2788 inspicitur
1192 2718 1394 2771 veritas
1450 2714 1517 2779 “,
1566 2721 1621 2765 et
1653 2710 1849 2765 horum
1903 2712 2159 2782 utrinque

576 2811 898 2868 connectiva
944 2810 1414 2881 superliumeralia
1467 2807 1902 2877 patriarcharum
1958 2805 2158 2859 inscul-

577 2913 668 2976 pta
682 2902 1017 2966 nominibus,
1042 2916 1275 2972 quorum
1300 2902 1543 2956 omnium
1568 2901 1789 2956 nomina
1808 2896 2157 2953 multitudine

576 2996 695 3067 ipsa
721 2993 1038 3060 ostendunt,
1084 3011 1194 3049 non
1218 2995 1499 3049 sensualia
1524 2994 1774 3064 quaedam
1805 2990 2099 3060 signiﬁcari
2136 3008 2151 3044 :

575 3090 777 3160 quibus
804 3087 949 3143 enim
979 3087 1227 3157 corporis
1270 3088 1514 3141 vestibus
1560 3088 1677 3140 haec
1719 3086 1963 3145 nomina,
2014 3080 2158 3151 judi-

576 3182 749 3246 cium,
787 3179 1076 3243 rationale,
1112 3178 1315 3234 veritas
1371 3175 1745 3232 conveniunt?
1796 3174 1976 3241 Quare
2004 3181 2152 3244 patet
2181 3207 2225 3268 Ο

577 3287 689 3327 non
717 3270 837 3338 ejus
886 3269 1168 3325 sensibilis
1212 3269 1449 3324 amictus
1480 3268 1655 3339 gratia
1690 3266 1972 3321 historiam
2032 3280 2155 3320 esse

577 3363 935 3431 descriptam,
994 3361 1090 3416 sed
1146 3368 1207 3414 ut
1255 3360 1397 3415 alius
1418 3359 1639 3429 quidam
1684 3366 1913 3412 ornatus
1963 3358 2159 3411 animae

576 3455 846 3510 virtuosis
869 3455 1128 3524 operibus
1165 3452 1506 3508 ostendatur.
1548 3450 1684 3505 Nam
1711 3450 1840 3520 quid
1867 3450 1972 3503 sibi
2008 3448 2157 3503 aliud

576 3548 873 3598 voluerunt
901 3544 1017 3597 haec
1056 3542 1277 3597 nomina
1306 3541 1412 3595 tria
1462 3542 1571 3596 illis
1598 3556 1626 3595 a
1663 3540 1846 3611 Moyse
1881 3540 2155 3609 imposita,

575 3636 867 3709 judicium,
917 3636 1205 3699 rationale,
1244 3634 1472 3689 veritas?
1521 3642 1614 3688 aut
1641 3634 1729 3687 cui
1760 3647 1996 3702 unquam
2032 3648 2157 3687 cor-

577 3728 755 3800 porali
776 3727 912 3783 vesti
947 3727 1062 3781 hinc
1088 3728 1260 3783 indita
1294 3725 1555 3782 luerunt?
1577 3726 1709 3780 nulli
1742 3724 2022 3795 profecto:
2057 3738 2158 3779 nec

576 3820 723 3875 enim
758 3820 1113 3883 conveniunt,
1158 3818 1251 3874 sed
1285 3819 1504 3874 nomina
1547 3817 1663 3887 ipsa
1690 3818 1819 3887 quid
1845 3817 2159 3887 praeﬁgura-

578 3911 775 3975 verint,
792 3911 1066 3980 aperiunt,
1087 3918 1142 3965 et
1166 3909 1407 3965 laborem
1429 3908 1794 3979 expositionis
1817 3907 2155 3962 diminuunt.

581 4003 887 4076 llyacintlio
914 4014 1000 4059 est
1057 4003 1248 4058 talaris
1297 4002 1469 4057 vestis
1501 4002 1691 4063 tincta.
1723 4016 1829 4070 qua
1864 4000 1957 4070 qui
2011 4000 2159 4054 hunc

580 4098 761 4152 locum
792 4105 920 4152 ante
942 4111 1043 4152 nos
1072 4097 1335 4167 speculati
1366 4103 1515 4158 sunt,
1533 4111 1658 4149 aera
1688 4093 1981 4165 signiﬁcari
2013 4093 2159 4147 aﬁir-

579 4196 755 4241 niant.
795 4185 908 4256 Ego
935 4196 1114 4257 autem
1151 4199 1329 4241 utinm
1362 4187 1557 4241 habeat
1582 4186 1649 4240 ad
1672 4200 1892 4241 aereum
1915 4185 2154 4239 colorem

496 4302 507 4313 ι
580 4277 683 4333 llos
746 4278 1137 4348 hyacinthinus
1168 4277 1505 4341 alIinitateIu,
1548 4293 1618 4331 an
1664 4292 1798 4343 non,
1840 4277 1966 4331 nolo
2026 4291 2160 4330 con-

582 4368 827 4425 tendere.
888 4368 1175 4422 Rationem
1234 4384 1367 4423 vero
1415 4369 1557 4423 hanc
1608 4384 1717 4423 non
1785 4369 1995 4439 rejicio,
2048 4382 2159 4421 non

2257 1978 2357 2049 τὴν
2391 1978 2593 2049 σκηνὴν
2639 1978 2924 2040 ὀπτασίας,
2964 1980 2992 2032 ὁ
3035 1977 3443 2049 κεκαθαρμένος
3495 1981 3699 2051 ἐκεῖνος
3740 1983 3837 2051 ὀφ-

2260 2072 2463 2143 θαλμὸς
2511 2072 2609 2141 τῆς
2655 2072 2931 2134 Μωῦσέως
2982 2070 3196 2142 ἐκείνης
3242 2069 3439 2142 ιζωχῆς,
3484 2075 3577 2126 καὶ
3609 2075 3695 2128 διὰ
3726 2074 3837 2129 τῶν

2258 2164 2510 2218 τοιούτων
2559 2162 2795 2233 ὑψωθεὶς
2846 2163 3149 2233 θεαμάτων,
3194 2162 3357 2216 πάλιν
3409 2164 3544 2235 πρὸς
3592 2170 3836 2237 κορυφὴν

2258 2257 2432 2312 ἄλλων
2480 2256 2766 2327 νοημάτων
2819 2255 3228 2320 ἀναϐιϐάζεται,
3263 2256 3354 2310 τὸν
3404 2258 3689 2328 στολισμὸν
3734 2264 3837 2331 τῆς

2262 2350 2557 2421 ἱερωσύνης
2587 2348 3071 2419 ἐκπαιδευόμενος’
3126 2350 3183 2402 ἐν
3216 2343 3294 2412 οἷς
3330 2350 3477 2402 ἐστιν
3519 2350 3548 2401 ὃ
3595 2367 3653 2402 τε
3700 2351 3836 2405 ὑπο-

2256 2443 2441 2514 δύτης,
2493 2443 2587 2495 καὶ
2634 2445 2663 2496 ὁ
2706 2441 3020 2512 ἐπενδύτης,
3051 2440 3145 2495 καὶ
3180 2441 3242 2493 τὸ
3288 2442 3615 2512 προστήθιον
3657 2444 3834 2497 ἐκεῖνο

2256 2537 2376 2599 ταῖς
2424 2535 2695 2599 ποικίλαις
2740 2533 2850 2589 τῶν
2889 2533 3053 2587 λίθων
3088 2533 3304 2602 αῖγλαις
3336 2534 3836 2605 περιλαμπόμενον,

2258 2628 2353 2680 καὶ
2394 2629 2427 2698 ὴ
2464 2629 2592 2698 περὶ
2633 2626 2731 2697 τὴν
2767 2625 3009 2696 κεφαλὴν
3041 2626 3241 2690 ταινία,
3293 2625 3477 2678 καὶτὸ
3527 2626 3611 2679 ἐπ’
3667 2627 3838 2699 αὐτῆς

2258 2720 2507 2783 πέταλον,
2554 2722 2587 2791 ἡ
2617 2717 2954 2790 περισκελὶς,
2990 2718 3040 2770 οί
3077 2718 3303 2789 ροἲσκοι,
3345 2719 3392 2771 oi
3432 2716 3697 2784 κώδωνες,
3717 2713 3839 2773 εἶτα

2259 2812 2516 2883 ὑπεράνω
2578 2811 2818 2874 πάντων,
2848 2808 2910 2863 τδ
2958 2808 3138 2878 λόγιόν
3172 2827 3233 2862 τε
3258 2808 3350 2863 καὶ
3392 2811 3426 2878 ἠ
3459 2809 3707 2879 δήλωσις,
3741 2810 3840 2864 καὶ

2257 2904 2291 2974 ἡ
2322 2905 2407 2956 ἐπ’
2443 2906 2644 2974 ἀμφοῖν
2674 2901 3022 2973 θεωρουμένη
3062 2901 3308 2973 ἀλήθεια,
3344 2902 3403 2956 αῖ
3435 2919 3495 2955 τε
3525 2902 3836 2957 συνδετικαὶ

2255 2995 2459 3049 τούτων
2501 2994 2839 3066 ἑκατέρωθεν
2880 2993 3170 3064 ἐπωμίδες,
3202 2993 3676 3064 ἐγκεκολαμμέναι
3727 2996 3837 3048 τῶν

2258 3086 2611 3159 πατριαρχῶν
2636 3087 2703 3139 τά
2735 3086 2975 3156 ὀνόματα
2995 3100 3009 3113 ’
3051 3078 3126 3138 ὧν
3159 3085 3522 3156 ὑποτέμνεται
3546 3085 3607 3139 τὸ
3635 3087 3839 3156 πλῆθος

2257 3183 2354 3251 τῆς
2388 3180 2506 3234 καθ’
2539 3179 2767 3232 ἕκαστον
2808 3177 3066 3249 ἀκριϐοῦς
3089 3176 3340 3248 θεωρίας,
3371 3177 3511 3232 αὑτά
3541 3181 3640 3250 τῆς
3673 3196 3835 3251 περι-

2257 3272 2513 3345 ϐολῆςτά
2564 3271 2823 3342 ὀνόματα.
2867 3271 3023 3323 Ποῖον
3070 3268 3178 3340 γάρ
3215 3269 3537 3339 σωματικῶν
3591 3269 3838 3340 ἐσθημά-

2256 3381 2365 3417 των
2410 3363 2597 3432 ὄνομα,
2646 3360 2896 3433 δήλωσις,
2937 3360 2971 3430 ἢ
3004 3358 3202 3427 λόγιον,
3238 3359 3270 3430 ἢ
3310 3359 3572 3431 ἀλήθεια;
3611 3356 3647 3433 ἦ
3680 3362 3839 3433 δηλοο

2258 3454 2370 3508 νότι
2441 3454 2711 3507 δείκνυται
2782 3451 2870 3505 διὰ
2947 3450 3169 3517 τούτων,
3223 3450 3283 3504 τὸ
3352 3451 3426 3523 μὴ
3481 3453 3683 3525 ταύτην
3738 3456 3844 3526 τὴν

2258 3542 2519 3613 αἰσθητὴν
2587 3539 2871 3611 περιϐολὴν
2922 3539 3008 3595 διὰ
3074 3544 3174 3612 τῆς
3239 3542 3475 3613 ἱστορίας
3534 3544 3661 3614 ἡμῖν
3703 3544 3839 3598 ὑπο-

2258 3634 2584 3706 γράφεσθαι,
2631 3633 2766 3687 ἀλλά
2814 3649 2935 3686 τινα
2970 3632 3171 3703 κόσμον
3198 3632 3397 3704 ψυχῆς,
3447 3632 3537 3687 διὰ
3562 3634 3671 3687 τῶν
3714 3636 3839 3687 κατ’

2258 3727 2459 3800 ἀρετὴν
2526 3726 2970 3797 ἐπιτηδευμάτων
3044 3725 3480 3795 ἐξυφαινόμενον.
3556 3726 3841 3791 Ὑάκινθός

2259 3823 2406 3875 ἐστιν
2435 3822 2468 3891 ἡ
2500 3818 2593 3872 τοῦ
2624 3819 2893 3891 ποδήρους
2924 3817 3068 3889 βαφή
3094 3832 3108 3848 ο
3147 3818 3278 3887 φασὶ
3305 3818 3363 3872 δέ
3405 3835 3550 3881 τινες
3578 3818 3684 3871 τῶν
3730 3819 3843 3889 πρὸ

2259 3912 2414 3982 ἡμῶν
2439 3909 2859 3982 τεθεωρηκότων
2883 3908 2974 3961 τὸν
3000 3906 3178 3975 λόγον,
3206 3907 3297 3961 τὸν
3316 3908 3454 3979 ἀέρα
3478 3907 3843 3978 σημαίνεσθαι

2258 4007 2324 4075 τῇ
2372 4003 2535 4074 βαφῇ.
2580 4001 2720 4071 Ἐγὼ
2750 4002 2807 4056 δὲ
2842 4002 2890 4055 εί
2919 4001 3017 4070 μέν
3043 4017 3095 4053 τι
3124 3999 3186 4054 τὸ
3212 3999 3450 4053 τοιοῦτον
3487 3997 3580 4051 τοῦ
3615 3997 3843 4069 χρώμα-

2258 4112 2350 4157 τος
2394 4093 2553 4156 ἄνθος
2598 4094 2735 4164 πρὸς
2781 4092 2842 4145 τὸ
2895 4092 3077 4163 ἀέριον
3127 4089 3326 4161 χρῶμα
3372 4088 3647 4158 συγγενῶς
3696 4089 3841 4160 ἔχει,

2260 4185 2503 4257 ἀκριϐῶς
2528 4185 2626 4237 οὑκ
2655 4183 2762 4253 ἔχω
2797 4182 3241 4253 διῖσχυρίζεσθαι.
3291 4180 3393 4234 Τὸν
3438 4181 3535 4251 μέν
3565 4198 3647 4233 τοι
3677 4180 3839 4249 λόγον

2260 4276 2361 4329 οὑκ
2400 4274 2686 4328 ἀποϐάλλω
2710 4289 2724 4303 ⁸
2762 4274 3025 4326 συντείνει
3054 4272 3163 4343 γὰρ
3190 4273 3325 4344 πρὸς
3350 4273 3447 4344 τὴν
3486 4272 3606 4326 κατ’
3635 4274 3842 4345 ἀρετὴν

2263 4368 2494 4437 θεωρίαν
2540 4367 2734 4437 νόημα,
2772 4366 2854 4419 ὅτι
2897 4364 3164 4436 βούλεται,
3196 4365 3284 4419 τὸν
3315 4363 3574 4436 μέλλοντα
3596 4366 3676 4437 τῷ
3716 4366 3844 4438 Θεῷ

581 4463 728 4516 enim
764 4477 961 4532 parum
988 4463 1053 4517 ad
1092 4465 1349 4516 virtutem
1381 4460 1689 4516 conducere
1740 4460 1954 4515 videtur
1984 4479 1997 4513 :
2026 4460 2158 4514 hor-

2260 4460 2537 4532 ίερᾶσθαι,
2568 4460 2663 4513 καὶ
2689 4459 2750 4512 τὸ
2780 4458 2973 4513 ἐαυτοῦ
3018 4458 3310 4531 προσάγειν
3338 4458 3495 4529 σῶμα
3528 4461 3592 4530 τῇ
3625 4461 3833 4531 ἱερουρο

584 4562 732 4608 tatur
758 4554 904 4608 enim
934 4554 1037 4608 hoc
1053 4554 1339 4623 aenigmate
1376 4567 1615 4615 omnem,
1643 4554 1738 4623 qui
1776 4552 1871 4607 Dei
1899 4552 2157 4608 sacerdo-

2261 4553 2358 4624 γίᾳ
2402 4553 2513 4615 ,καὶ
2549 4550 2775 4620 σφάγιον
2828 4549 3066 4619 γίνεσθαι
3124 4551 3201 4621 μὴ
3248 4549 3625 4621 νεκρούμενον,
3654 4553 3713 4604 ἐν
3768 4555 3839 4622 τῇ

583 4644 719 4697 tium
770 4658 1051 4699 assumere
1103 4642 1305 4706 studet,
1357 4644 1595 4712 seipsum
1661 4658 1725 4697 ac
1754 4658 1952 4713 corpus
1993 4658 2153 4699 suum

583 4732 696 4789 Deo
756 4733 953 4789 oﬂerre
1005 4735 1259 4797 hostiam,
1291 4748 1399 4788 non
1428 4741 1737 4799 enecatum,
1794 4746 1888 4791 ant
1929 4746 2154 4803 caesum,

583 4827 797 4897 (vivum
837 4825 983 4881 enim
1019 4826 1121 4881 hoc
1172 4826 1526 4890 sacriﬁcium,
1558 4827 1951 4898 rationalisque
1975 4827 2156 4881 cultus

582 4919 672 4975 hic
721 4917 828 4988 est)
857 4932 957 4972 nec
995 4918 1179 4987 pingui
1215 4918 1450 4988 quodam
1480 4934 1543 4972 ac
1573 4934 1809 4975 carnoso
1844 4918 2007 4989 hujus
2036 4918 2160 4973 vita:

583 5010 810 5074 amictu,
828 5008 923 5063 sed
944 5010 1277 5070 tenue,sicut
1298 5009 1456 5064 telam
1476 5024 1692 5065 aranea:
1718 5010 1922 5065 munda
1938 5010 2160 5065 vivendi

583 5102 799 5156 ratione
824 5101 1155 5167 conlectum,
1183 5109 1245 5155 ut
1270 5100 1486 5156 vivendi
1525 5102 1789 5157 tenuitate
1831 5102 1967 5167 leve,
1993 5110 2160 5172 atque

582 5208 804 5248 aereum
834 5191 1059 5257 factum,
1111 5208 1331 5249 sursum
1366 5210 1531 5265 posse
1586 5195 1715 5250 ferri
1743 5196 2011 5252 videatur.
2046 5194 2160 5250 Hoc

582 5287 729 5341 enim
766 5284 930 5339 modo
946 5300 1071 5339 cum
1095 5286 1449 5342 novissimam
1484 5288 1667 5343 tubam
1685 5288 1831 5342 illam
1850 5288 2156 5353 audiemus,

585 5381 731 5434 omni
769 5394 935 5434 onere
963 5380 1200 5444 liberati.
1240 5381 1390 5438 leves
1419 5382 1486 5438 ad
1515 5383 1757 5453 iubentis
1789 5398 1975 5439 vocem
2011 5383 2157 5438 exsi-

587 5471 785 5525 liemus
815 5488 827 5523 :
855 5484 955 5525 nec
982 5471 1220 5540 pondere
1249 5472 1359 5525 ullo
1415 5472 1481 5526 ad
1516 5478 1718 5527 terram
1764 5472 2153 5541 dcprimemnr,

588 5561 683 5616 sed
708 5576 834 5615 cum
888 5559 1115 5616 Domino
1164 5577 1258 5632 per
1292 5578 1417 5618 aera
1452 5563 1713 5619 sublimes
1752 5562 2009 5617 feremur.
2051 5562 2155 5628 Qui

588 5668 741 5726 ergo,
781 5664 837 5707 ut
892 5654 1178 5709 Psalinista
1210 5654 1365 5722 dicit,
1392 5656 1567 5728 (quasi
1617 5671 1871 5712 araneam
1917 5656 2155 5711 animam

657 5831 703 5865 "
735 5832 900 5891 Exod.
923 5850 1111 5905 xxviii,
1144 5836 1231 5892 30.

2261 4643 2408 4714 ζώσῃ
2442 4643 2602 4714 θυσίᾳ
2642 4644 2734 4697 καὶ
2764 4642 2950 4714 λογικῇ
2988 4641 3234 4712 λατρεία,
3267 4640 3341 4713 μὴ
3364 4641 3562 4711 παχείᾳ
3596 4642 3703 4695 τινὶ
3740 4644 3841 4696 καὶ

2260 4736 2588 4807 πολυσάρκῳ
2602 4736 2691 4790 τοῦ
2710 4736 2825 4806 βίου
2840 4734 3095 4807 περιϐολῇ
3110 4728 3505 4788 καταϐλάπτειν
3515 4734 3612 4805 τὴν
3630 4734 3838 4807 ψυχὴν,

2259 4828 2372 4883 ἀλλ’
2404 4828 2796 4883 ἀπολεπτύνειν
2826 4821 2936 4881 οἷόν
2962 4843 3015 4880 τι
3045 4826 3300 4897 ἀράχνιον
3329 4827 3477 4897 νῆμα
3503 4829 3567 4898 τῇ
3599 4827 3839 4899 καθαρό-

2260 4938 2384 4992 τητι
2407 4920 2507 4991 τῆς
2530 4920 2673 4990 ζωῆς
2701 4920 2875 4975 πάντα
2904 4919 2971 4973 τά
3005 4918 3097 4972 τοῦ
3126 4918 3242 4989 βίου
3284 4918 3706 4990 ἐπιτηδεύματα,
3739 4922 3842 4975 καὶ

2262 5014 2427 5082 ἐγγὺς
2446 5009 2582 5067 εἶναι
2613 5011 2750 5084 πρὸς
2770 5011 2830 5064 τὸ
2846 5010 3125 5083 ἀνωφερές
3155 5027 3215 5064 τε
3263 5012 3357 5065 καὶ
3389 5010 3588 5079 κοῦφον
3629 5010 3726 5065 καὶ
3760 5013 3845 5064 ἐν·

2263 5105 2465 5177 αέριον,
2486 5105 2585 5177 τὴν
2614 5101 2917 5175 σωματώδη
2945 5102 3148 5174 ταύτην
3170 5100 3330 5173 φύσιν
3353 5104 3685 5174 μετακλασαι
3702 5120 3718 5135 ·
3749 5104 3844 5158 ἵνα

2260 5198 2388 5251 ὅταν
2417 5196 2515 5265 τῆς
2553 5196 2787 5267 ἐσχάτης
2822 5194 3142 5266 ἀκούσωμεν
3173 5194 3487 5265 σάλπιγγος,
3508 5196 3730 5267 ἀϐαρεῖς
3776 5214 3843 5251 τε

2263 5289 2357 5341 καὶ
2378 5286 2567 5356 κοῦφοι
2586 5286 2721 5358 πρὸς
2738 5285 2836 5356 τὴν
2856 5285 3038 5356 φωνὴν
3053 5284 3146 5339 τοῦ
3164 5285 3474 5351 κελεύοντος
3496 5286 3841 5358 εὑρεθέντες,

2262 5378 2540 5450 μετάρσιοι
2587 5378 2655 5432 δι’
2687 5377 2848 5447 ἀέρος
2895 5376 3010 5448 ἃμα
3053 5376 3131 5447 τῷ
3163 5378 3349 5449 Κυρίῳ
3388 5377 3699 5449 φερώμεθα,
3729 5378 3846 5432 ὑπὶ

2264 5473 2487 5544 μηδενὸς
2522 5472 2720 5543 βάρους
2745 5472 2837 5525 ἐπὶ
2877 5473 2974 5541 τὴν
2999 5471 3102 5542 γῆν
3137 5471 3536 5543 καθελκόμενοι.
3572 5470 3787 5526 Οὑκοῦν
3812 5474 3844 5525 ὁ

2261 5563 2403 5616 κατά
2451 5560 2548 5633 τὴν
2596 5557 2691 5614 τοῦ
2727 5558 3032 5630 Ψαλμῳδοῦ
3082 5559 3401 5629 ὑποθήκην,
3471 5556 3703 5629 ἐκτήξας
3760 5557 3844 5620 ὡς

2261 5654 2502 5725 ἀράχνην
2541 5652 2638 5725 τὴν
2685 5650 2875 5706 ἑαυτοῦ
2904 5649 3100 5721 ψυχὴν,
3133 5650 3222 5705 τὸν
3254 5648 3465 5721 ἀερώδη
3504 5651 3709 5704 ἐκεῖνον
3749 5664 3841 5720 χι·
