3982 6488
225 434 313 494 $89

1479 407 1565 461 DE
1604 406 1763 462 VITA
1796 404 2069 463 MOYSIS.

3313 398 3418 461 390

225 550 347 609 τῶνα
373 535 709 611 περιεδάλετο
737 534 805 588 ἐκ
842 529 1080 603 κεφαλῆς
1119 530 1198 591 εις
1242 526 1443 598 ἄκρους
1476 523 1643 588 πόδας
1672 524 1750 578 δι-

1869 537 2006 577 suam
2041 519 2323 575 tabescere
2352 516 2497 584 fecit,
2521 517 2569 573 is
2594 517 2754 571 etiam
2782 516 2926 570 illam
2950 522 3151 570 vestem
3178 515 3415 586 seipsum

224 616 409 713 ἠκοντα.
441 628 511 682 Οὐ
544 624 651 696 γὰρ
679 622 927 694 βούλεται
964 616 1338 713 κολοϐοῦσθαιῄ
1353 616 1450 685 τὴν
1488 613 1685 713 ἀρετὴν
1722 614 1750 667 ό

223 707 375 799 νόμος.
416 720 474 773 Ἦ
500 713 590 771 οὖν
633 714 933 787 λαμπηδὼν
962 712 1068 765 τῶν
1099 708 1279 764 καλῶν
1315 707 1509 779 ἔργων,
1538 708 1586 760 οί
1620 724 1750 799 χρυ-

221 822 291 875 got
312 810 537 872 κώδωνές
576 811 702 871 εἰσι,
735 809 847 869 τοῖς
883 805 1120 876 ῥοΐσκοις
1159 800 1615 871 περιδονούμενοι.
1647 798 1750 850 Δύο

220 912 311 981 γάρ
340 910 445 960 ἐστι
468 899 637 955 ταῦτα
677 896 1099 967 ἐπιτηδεύματα,
1149 895 1214 948 δι’
1245 886 1320 947 ὧν
1350 895 1383 963 ή
1415 893 1582 963 ἁρετὴ
1628 909 1752 945 συν-

216 1001 481 1070 αγείρεται’
512 996 545 1064 ή
571 994 652 1054 εἰς
683 991 773 1043 τὸν
794 989 925 1042 Θεὸν
956 988 1160 1049 πίστις,
1180 986 1214 1055 ἦ
1244 1003 1304 1037 τε
1345 984 1493 1054 παρὰ
1519 984 1610 1037 τὸν
1639 984 1750 1053 βίον

220 1091 507 1159 συνείδησις.
537 1084 769 1145 Τούτους
789 1078 1112 1151 προστίθησι
1136 1078 1213 1145 τῷ
1238 1077 1495 1147 ὲνδύματι
1527 1076 1620 1130 τοῦ
1654 1078 1747 1129 Τι-

217 1182 385 1257 μοθέου
409 1178 529 1241 τοὺς
563 1176 808 1246 ῥοΐσκους
840 1188 898 1223 τε
930 1170 1025 1223 καὶ
1054 1171 1179 1233 τοὺς
1223 1169 1479 1233 κώδωνας
1517 1171 1546 1222 ὁ
1578 1169 1751 1240 μέγας

217 1273 421 1334 Παῦλος,
454 1266 621 1322 εἰπὼν
659 1263 820 1317 αὐτὸν
851 1261 996 1333 ἔχειν
1039 1261 1149 1315 δεῖν
1188 1260 1370 1314 πίστιν
1408 1260 1502 1314 κα)⁸
1541 1260 1750 1331 ἀγαθὴν

216 1364 507 1435 συνείδησιν.

267 1584 461 1641 Οὐκοῦν
489 1582 523 1652 ἡ
559 1580 659 1652 μὲν
684 1579 865 1644 πίστις
900 1577 1134 1649 καθαρὸν
1158 1575 1359 1648 ἡχείτω
1390 1577 1484 1631 καὶ
1525 1576 1761 1648 μεγαλόο

210 1694 363 1751 φωνον
399 1677 455 1728 ὲν
491 1671 570 1742 τῷ
598 1672 697 1743 τῆς
742 1670 903 1739 ἁγίας
932 1669 1159 1741 Τριάδος
1205 1667 1539 1739 κηρύγματι.
1595 1670 1655 1723 '0
1695 1669 1753 1723 δὲ

210 1770 307 1842 βίος
358 1760 625 1836 μιμείσθω
669 1759 763 1813 τοῦ
816 1759 1027 1829 καρποῦ
1082 1760 1181 1830 τῆς
1211 1759 1363 1829 ῥοιᾶς
1408 1760 1509 1830 τὴν
1561 1759 1751 1828 φύσιν.

208 1857 395 1924 sum};
427 1868 484 1905 τε
520 1851 631 1921 γὰρ
659 1849 902 1918 ἄϐρωτός
929 1850 1139 1939 ἐστινὴ
1186 1848 1493 1916 ἐπιφάνεια,
1542 1849 1755 1923 στερρῷ
1785 1884 1827 1939 Β

205 1966 257 2002 τε
295 1946 382 1999 καὶ
420 1942 851 2011 κατεστυμμένῳ
885 1939 961 2006 τῷ
1012 1937 1221 2010 ὲλύτρῳ
1260 1938 1639 2011 διειλημμένη.
1683 1942 1757 1994 Τὸ

205 2041 253 2093 δὲ
278 2036 606 2105 ἐγκείμενον,
638 2032 734 2102 ἡδὺ
783 2032 881 2102 μὲν
915 2030 1141 2101 ὀφθῆναι
1179 2029 1257 2101 τῷ
1300 2031 1530 2101 ποικίλῳ
1567 2050 1627 2085 τε
1664 2033 1759 2085 καὶ

204 2129 435 2196 εὐκόσμῳ
478 2122 581 2192 τῆς
621 2121 715 2174 τοῦ
778 2120 989 2192 καρποῦ
1039 2120 1349 2184 διαθέσεως.
1397 2122 1545 2192 ἧδιον
1592 2123 1650 2175 δὲ
1690 2124 1757 2194 τῇ

204 2218 370 2291 γεύσει
406 2215 640 2283 γίνεται,
673 2213 1099 2282 καταγλυκαῖνον
1129 2213 1227 2285 τὴν
1255 2214 1523 2284 αἴσθησιν.
1577 2216 1650 2268 "ﬂ
1699 2233 1759 2269 τε

203 2308 469 2379 φιλόσοφος
512 2306 613 2358 καὶ
633 2304 1033 2375 κατεσκληκυῖα
1065 2304 1305 2376 διαγωγὴ
1342 2304 1640 2376 δύσληπτός
1677 2323 1760 2370 τις

200 2397 321 2454 οὖσα
365 2398 457 2451 καὶ
485 2395 663 2468 ἀηδὴς
698 2398 764 2467 τῇ
794 2396 1064 2467 αἰσθήσει,
1094 2395 1307 2468 πλήρης
1348 2396 1566 2464 ἀγαθῶν
1612 2397 1762 2450 ἐλπί-

199 2492 295 2545 δων
320 2490 454 2554 ἐστὶ,
486 2487 636 2541 κατὰ
666 2488 758 2540 τὸν
788 2486 917 2540 ίδιον
948 2486 1157 2557 καρπὸν
1182 2487 1535 2541 πεπανθεῖσα.
1581 2488 1762 2540 Ἐπει-

1853 613 2051 675 induit,
2083 626 2205 682 quae
2256 625 2287 664 a
2316 610 2491 680 capite
2525 609 2590 663 ad
2622 608 2784 679 pedes
2815 622 2989 676 usque
3021 606 3418 661 circumfundi-

1849 713 1940 761 tur
1968 723 1981 759 :
2019 720 2117 759 nec
2140 704 2284 759 enim
2317 717 2562 756 mancam
2595 708 2690 755 aut
2732 708 2983 753 truncam
3007 714 3127 753 esse
3144 699 3418 762 virtutem,

1850 796 1944 850 sed
1972 796 2236 864 integram
2271 799 2433 861 atque
2486 806 2581 859 per
2603 805 2794 843 omnes
2834 803 3094 843 numeros
3124 788 3418 858 perfectam

1850 887 1933 940 lex
1971 887 2107 943 vult.
2138 886 2313 939 Aurea
2340 898 2467 936 vero
2489 880 2875 943 tintinnabula,
2899 879 3168 934 bonorum
3197 894 3418 948 operum

1851 978 2110 1046 splendor
2138 984 2289 1037 sunt,
2326 974 2485 1029 malis
2518 972 2736 1043 punicis
2782 973 3099 1040 intercepta.
3135 972 3245 1024 Duo
3278 972 3421 1025 enim

1852 1069 1965 1123 haec
2004 1078 2133 1124 sunt
2162 1068 2362 1130 studia,
2399 1064 2600 1136 quibus
2637 1065 2814 1119 virtus
2843 1071 2954 1118 tota
2988 1062 3253 1117 conﬂatur
3276 1072 3422 1117 recta

1852 1161 1905 1215 in
1940 1159 2107 1213 Deum
2143 1157 2297 1222 ﬁdes,
2324 1164 2377 1211 et
2405 1156 2633 1227 probata
2688 1154 2743 1208 in
2783 1153 2885 1208 hac
2918 1154 3024 1207 vita
3068 1156 3421 1209 conscientia.

1854 1251 1975 1306 Haec
2002 1251 2145 1304 mala
2175 1249 2374 1320 punica
2408 1264 2471 1303 ac
2504 1246 2867 1302 tintinnabula
2898 1246 3213 1299 indumento
3237 1246 3423 1301 Timo-

1852 1345 1960 1398 thei
1992 1344 2197 1400 Paulus
2221 1343 2312 1398 ille
2338 1342 2604 1406 innexuit,
2630 1355 2754 1394 cum
2776 1339 2946 1401 dicat,
2977 1347 3227 1409 oportere
3253 1348 3310 1392 ut
3331 1341 3426 1392 ha-

1851 1436 1976 1492 beat
2003 1436 2160 1492 (idem
2191 1444 2247 1491 et
2280 1436 2503 1505 probam
2544 1433 2937 1488 conscientiam
2970 1432 3037 1485 “.

1922 1575 2084 1634 Fides
2158 1576 2325 1647 igitur
2389 1573 2730 1637 sacerdotis,
2778 1571 2944 1624 veluti
3004 1569 3427 1623 tintinnabulum

1852 1675 2000 1733 clare
2021 1680 2182 1742 atque
2208 1682 2409 1725 sonore
2426 1668 2482 1720 in
2507 1674 2711 1720 sancta
2735 1664 3022 1718 Trinitatis
3049 1662 3430 1733 praedicatione

1853 1766 2143 1822 exclamet.
2194 1758 2317 1814 Vita
2342 1773 2474 1813 vero
2511 1763 2764 1811 naturam
2808 1756 3131 1826 punicorum
3190 1754 3431 1807 imitetur

1856 1870 2163 1928 pomorum,
2190 1865 2424 1922 quorum
2452 1847 2787 1903 circumfusa
2815 1846 3059 1900 exterius
3082 1844 3239 1914 quasi
3270 1850 3429 1905 testa,

1855 1945 2275 2005 incomestibilis
2303 1944 2550 2011 duraque
2578 1948 2683 2003 est,
2719 1939 2865 2006 quod
2920 1946 3099 1992 autem
3146 1938 3293 1990 intus
3333 1951 3433 1990 re—

1856 2041 2138 2097 conditum
2178 2044 2283 2099 est,
2338 2043 2392 2089 et
2444 2034 2565 2087 visu
2618 2048 2686 2086 ex
2738 2032 2999 2085 varietate
3044 2029 3246 2084 coloris
3270 2036 3433 2095 atque

1858 2128 2234 2188 collocationis
2264 2124 2773 2195 ordinejncundum
2801 2133 2906 2187 est,
2944 2129 2997 2176 et
3043 2127 3203 2192 gustu
3234 2118 3434 2185 jucun-

1858 2225 2005 2284 dius,
2036 2238 2144 2276 non
2176 2234 2341 2290 parva
2370 2216 2657 2271 dulcedine
2683 2230 2900 2269 sensum
2949 2214 3209 2266 alliciens.
3250 2210 3435 2265 Philo-

1860 2314 2084 2384 sophica
2103 2318 2159 2365 et
2175 2323 2391 2379 quoque
2406 2306 2717 2359 Christiana
2735 2304 2947 2359 vivendi
2969 2303 3108 2356 ratio
3131 2302 3265 2357 dura
3283 2310 3435 2356 este--

1859 2405 2000 2471 rius,
2028 2410 2192 2471 atque
2222 2412 2413 2468 aspera
2448 2399 2633 2451 sensui
2659 2404 2763 2456 est.
2807 2396 2953 2448 intus
2982 2394 3181 2463 saepius
3204 2393 3435 2462 optima-

1860 2514 1979 2551 rum
2016 2494 2613 2566 pulcherrimarumqne
2636 2504 2817 2543 rerum
2853 2488 3032 2556 plena,
3061 2495 3306 2555 tempore
3336 2502 3437 2541 suo

198 2581 284 2634 δὰν
334 2545 452 2649 γὰρ⁷
489 2576 809 2651 ὁϋγεωργὸς
854 2545 1338 2648 ημῶν-ἀναπτύξῃ
1362 2574 1456 2628 τοῦ
1506 2575 1619 2644 βίου
1663 2576 1762 2645 τὴν

1869 2602 1984 2642 cum
2015 2593 2225 2639 matura
2258 2582 2443 2643 fuerit,
2479 2595 2713 2647 cumque
2762 2577 3001 2648 agricola
3048 2584 3233 2630 noster
3278 2590 3436 2651 poma

199 2671 339 2742 ῥοιὰν
364 2648 441 2740 τῷ
473 2649 841 2739 ιδῖῗῇῖξάᾕ
888 2668 983 2721 καὶ
1031 2666 1179 2738 δείξῃ
1222 2667 1329 2719 τῶν
1373 2666 1652 2719 ἀποθέτων
1704 2667 1763 2719 τὸ

1869 2679 2063 2749 punica
2111 2676 2273 2743 hujus
2322 2674 2447 2727 vitaz
2498 2672 2726 2742 aperiet.
2780 2670 3152 2724 dulcissimam
3212 2648 3435 2724 suorum

198 2762 412 2825 κάλλος·
460 2760 589 2813 τότε
641 2759 863 2827 γλυκεῖα
911 2758 1121 2827 γίνεται
1162 2762 1275 2820 τοῖς
1323 2759 1683 2811 ἀπολαύουσιν
1730 2758 1763 2827 ή

1869 2771 2138 2823 fructuum
2181 2764 2461 2836 prmstabit
2518 2765 2894 2834 fragrantiam.
2926 2762 3220 2832 Apostolus
3272 2761 3437 2816 etiam

201 2851 447 2924 μετουσία
491 2850 607 2904 τῶν
652 2850 796 2904 ίδίων
834 2849 1082 2921 καρπῶν.
1135 2850 1272 2919 Φησὶ
1312 2849 1418 2918 γάρ
1462 2865 1563 2900 που
1605 2848 1699 2901 καὶ
1738 2851 1767 2902 ὁ

1869 2859 2017 2920 dicit,
2068 2857 2271 2911 nullam
2302 2855 2648 2925 disciplinam
2704 2855 2757 2908 in
2812 2855 3064 2922 prsesenti
3113 2854 3223 2907 vita
3266 2852 3438 2908 videri

198 2945 323 3005 θεῖος
353 2936 793 3003 ’Δπόστολος,δτι
810 2942 957 2994 πᾶσα
985 2940 1199 2993 παιδεία
1227 2940 1360 3011 πρὸς
1394 2939 1491 3009 μὲν
1516 2939 1576 2991 τὸ
1595 2940 1766 3011 παρὸν

1869 2952 2104 3007 lzetitiam
2136 2950 2349 3011 all‘errc,
2383 2948 2479 3003 sed
2510 2946 2791 3001 tristitiam
2823 2949 2909 3014 εις
2958 2954 3013 3000 et
3066 2944 3119 2999 id
3152 2954 3257 3009 est,
3292 2945 3438 3015 quod

195 3036 251 3087 ού
280 3034 423 3086 δοκεῖ
452 3034 637 3103 χαρᾶς
673 3026 833 3095 εἶναι,
879 3031 1017 3085 ἀλλὰ
1060 3031 1270 3102 λύπης·
1317 3031 1474 3085 τοῦτό
1513 3033 1627 3085 ἐστι
1670 3032 1767 3102 τῆς

1869 3058 1962 3114 per
1995 3041 2263 3096 exteriora
2297 3038 2439 3108 pomi
2476 3037 2659 3106 punici
2696 3036 2979 3105 ﬁguratur.
3035 3033 3165 3089 Post
3197 3037 3309 3089 haec
3338 3050 3438 3088 au-

195 3128 334 3197 ροιᾶς
356 3126 418 3178 τὸ
454 3124 896 3196 προεντυγχάνον
930 3128 1041 3188 τοῖς
1070 3126 1393 3195 ἁπτομένοις
1414 3143 1426 3157 ·
1459 3124 1682 3197 ὕστερον
1712 3125 1767 3179 δὲ

1869 3143 1976 3188 tem
2006 3132 2239 3186 fructum
2260 3128 2543 3199 paciﬁcum
2568 3127 2767 3193 reddit,
2800 3134 2854 3180 et
2906 3126 2959 3180 id
2988 3134 3071 3181 est
3096 3126 3326 3181 dulcedo
3356 3126 3441 3180 in-

178 3217 393 3303 mov
442 3216 727 3288 είρηνικὺν
758 3214 1067 3269 ἀποδίδωσι.
1114 3215 1285 3269 Τοῦτο
1332 3219 1366 3287 ή
1407 3216 1513 3270 τῶν
1560 3216 1768 3270 ἔνδοθεν

1872 3226 2038 3280 terior
2072 3239 2136 3277 ac
2168 3220 2535 3293 pulchritudo.
2590 3217 2743 3273 Hanc
2790 3226 2995 3272 vestem
3039 3218 3440 3288 cossymbotam

192 3308 458 3377 ἐδωδίμων
502 3307 805 3377 γλυκύτης.
833 3307 935 3360 Τὸν
980 3308 1036 3360 δὲ
1083 3307 1285 3378 χιτῶνα
1322 3308 1508 3362 τοῦτον
1545 3310 1639 3362 καὶ
1677 3325 1767 3362 κο-

1870 3318 2034 3371 etiam
2057 3315 2212 3385 jubet
2239 3329 2382 3378 esse,
2410 3320 2470 3367 ut
2500 3327 2529 3365 a
2579 3312 2739 3365 nobis
2770 3325 2986 3380 quoque
3042 3308 3177 3378 ipsis
3237 3308 3443 3379 aliquid

193 3400 471 3469 ωμόωτὸν
518 3395 665 3454 εἶναι
706 3403 733 3453 ὁ
764 3400 920 3468 λόγος
961 3401 1346 3454 διακελεύεται.
1396 3402 1673 3473 Κόσυμϐοι
1710 3402 1767 3456 δέ

1870 3409 2103 3463 ulterius
2132 3407 2198 3461 ad
2235 3406 2456 3461 virtutis
2506 3405 2899 3459 incrementum
2932 3400 3248 3455 adinvenire
3281 3416 3446 3455 cone-

189 3494 308 3554 είσι,
336 3493 407 3545 τά
432 3492 544 3557 ἔξω
574 3493 677 3563 τῆς
713 3493 923 3564 χρείας,
958 3493 1162 3563 κόσμου
1195 3495 1374 3564 χάριν,
1405 3494 1767 3565 ἀπηρτημένα

1872 3515 2013 3563 mnr,
2046 3514 2151 3567 quo
2184 3496 2559 3552 indumentum
2601 3496 2849 3550 ornatius
2889 3493 3001 3554 ﬁat,
3030 3493 3191 3548 siculi
3242 3491 3446 3547 Paulus

192 3585 503 3655 σφαιροειδῆ
528 3586 755 3655 ἀπαρτή
764 3602 928 3655 ματα.
960 3585 1321 3655 Μανθὰνομεν
1344 3585 1399 3639 δὲ
1419 3587 1506 3640 διὰ
1529 3587 1731 3639 τούτων
1750 3602 1764 3617 ο

1874 3590 2130 3651 faciebat,
2153 3588 2246 3655 qui
2279 3586 2663 3641 ornatissimos
2694 3586 2748 3639 in
2777 3584 2895 3639 dies
2918 3584 3240 3654 cossymbos
3256 3583 3445 3637 virtuti

186 3676 243 3729 τὸ
266 3676 373 3730 δεῖν
417 3678 498 3748 μὴ
541 3680 613 3747 τῇ
661 3676 845 3747 ἐντολῇ
880 3676 1037 3747 μόνον
1064 3676 1162 3747 τὴν
1201 3678 1403 3748 ἀρετὴν
1437 3677 1766 3749 μετρεῖσθαι,

1873 3677 2126 3733 addebat.
2159 3676 2293 3731 Nam
2328 3692 2453 3731 cum
2485 3678 2571 3732 lex
2602 3677 2881 3746 permittat
2910 3676 3069 3729 altari
3126 3675 3448 3730 ministran-

187 3771 315 3824 ἀλλά
340 3789 393 3824 τι
418 3771 519 3823 καὶ
542 3771 679 3841 παρ’
712 3768 865 3839 ἡμῶν
898 3768 1302 3840 ὲξευρίσκεσθαι
1331 3770 1418 3822 διὰ
1446 3769 1551 3823 τῶν
1577 3769 1768 3834 ἔξωθεν

1873 3780 1956 3826 tes
1977 3788 2040 3825 ex
2070 3771 2251 3829 altari.
2276 3780 2331 3825 et
2358 3769 2636 3840 Evangelii
2670 3770 2891 3824 nuntios
2927 3780 2993 3819 ex
3036 3768 3329 3838 Evangelia
3368 3770 3450 3821 vi-

186 3861 733 3932 παρεπινοουμένων.
778 3861 865 3923 Ὠς
894 3860 960 3914 ἂν
991 3861 1273 3932 προσθήκη
1302 3878 1386 3923 τις
1430 3860 1524 3914 τοῦ
1564 3862 1768 3930 κόσμου

1874 3876 2020 3921 vere.
2092 3861 2182 3915 ille.
2226 3862 2345 3916 sine
2402 3861 2503 3915 hac
2534 3862 2599 3915 ad
2637 3862 2760 3915 vita:
2788 3860 3166 3915 necessitatem
3198 3862 3449 3915 mercede

186 3956 389 4021 γένοιτο
417 3954 501 4022 τῷ
542 3954 826 4025 ὲνδύματι,
856 3949 968 4018 οἷος
1004 3956 1027 4006 δ
1055 3954 1264 4017 Παῦλος
1304 3951 1392 4025 ἦν,
1419 3955 1544 4017 τοὺς
1577 3954 1772 4018 καλοὺς

185 4048 313 4116 παρ’
349 4044 559 4099 ἑαυτοῦ
614 4044 919 4114 κοσύμὸους
969 4046 1089 4108 ταῖς
1138 4044 1378 4108 ἐντολαῖς
1427 4043 1769 4115 συμπλέκων.

184 4137 287 4190 Τοῦ
338 4138 453 4208 γὰρ
503 4137 681 4199 νόμου
735 4135 1045 4199 κελεύοντος
1108 4136 1231 4200 τοῦς
1287 4137 1364 4206 τῷ
1406 4136 1773 4207 θυσιαστηρίῳ

185 4229 687 4304 προσεδρεύοντας,
705 4226 782 4297 τῷ
796 4226 1166 4297 θυσιαστηρίῳ
1192 4226 1647 4298 συμμερίζεσθαιο
1682 4227 1775 4280 καὶ

185 4322 255 4390 μὴ
298 4320 621 4383 κωλύοντος
656 4319 888 4390 ἀδελφὴν
927 4321 1161 4386 γυναῖκα
1202 4320 1506 4389 περιάγειν,
1534 4318 1775 4381 καὶτοὺς

180 4412 238 4465 τὸ
266 4413 624 4481 Εύαγγέλιον
670 4410 1160 4478 καταγγέλλοντας,
1196 4410 1403 4464 ἐκεῖθεν
1448 4409 1580 4482 ζῇν·
1625 4405 1776 4475 οὗτος

180 4503 459 4557 ἀδάπανον
490 4506 733 4556 ποιεῖται
770 4500 832 4554 τὸ
870 4502 1222 4571 Εύαγγέλιον,
1252 4504 1450 4556 πεινῶν
1490 4505 1581 4557 καὶ
1610 4503 1775 4573 διψῶν

1876 3951 2225 4012 Ενιιηιξοιίυιη
2257 3950 2816 4021 prtedicavitmudus.
2861 3950 3185 4012 l'amescens,
3231 3950 3447 4005 sitiens.

1878 4040 1971 4095 Ha:
1996 4041 2235 4110 pulchrae
2282 4049 2412 4096 sunt
2454 4039 2699 4105 fimbriae,
2752 4055 2872 4109 quae
2916 4048 3119 4094 vestem
3171 4040 3451 4093 mandato-

1878 4148 1998 4187 rum
2024 4136 2341 4188 accessione
2364 4148 2462 4187 sua
2488 4131 3086 4187 redduntornatiorem.
3117 4130 3234 4185 Duo
3255 4132 3451 4188 deinde

1880 4233 2189 4294 tegumenta
2223 4226 2746 4295 superimponuntur
2780 4225 3099 4279 indumento
3142 4225 3217 4279 illi
3269 4225 3450 4288 talari,

1882 4331 2052 4385 usque
2082 4317 2148 4370 ad
2183 4325 2372 4389 pectus
2400 4327 2453 4371 et
2493 4333 2653 4371 renes
2680 4317 2751 4370 ab
2786 4316 3025 4370 humeris
3076 4315 3450 4381 descendenti,

1880 4409 2092 4465 duabus
2116 4409 2330 4464 uncinis
2364 4409 2417 4462 in
2450 4416 2682 4478 utroque
2726 4408 2950 4461 humero
2985 4406 3287 4463 adinvicem
3323 4424 3457 4461 con-

1878 4504 2090 4574 juncta.
2123 4501 2320 4556 Uncini
2360 4510 2539 4556 autem
2590 4510 2719 4557 sunt
2765 4501 2994 4569 lapides,
3024 4500 3454 4569 patriarcharum

181 4595 271 4647 ni.
311 4593 715 4664 γυμνητεύων.
764 4584 921 4647 Οὗτοί
948 4595 1088 4646 εἰσιν
1129 4595 1180 4646 οἱ
1222 4593 1377 4646 καλοὶ
1410 4594 1694 4663 κόσυμὸοι,
1724 4595 1768 4647 οι

1880 4598 2098 4652 nomina
2150 4611 2241 4651 sex
2294 4598 2671 4665 unusquisque
2731 4595 2917 4647 caelata
2957 4593 3213 4647 ferentes.
3250 4591 3454 4646 Horum

176 4689 267 4740 τὸν
300 4688 523 4759 χιτῶνα
567 4686 678 4739 τῶν
718 4685 945 4738 ἐντολῶν
974 4687 1039 4755 τῇ
1079 4686 1207 4753 παρ’
1250 4684 1453 4738 ἑαυτῶν
1492 4686 1774 4757 προσθήκῃ

179 4781 699 4852 κατακοσμοῦντες.
742 4776 872 4831 Εἶτα
902 4777 996 4831 δύο
1021 4777 1217 4831 πέπλοι
1241 4779 1447 4833 ἄνωθεν
1466 4778 1778 4832 ἐπιϐάλλον-

173 4891 262 4928 ται
288 4875 372 4945 τῷ
402 4874 651 4944 ποδήρει
682 4874 747 4924 ὲκ
785 4870 890 4923 τῶν
926 4868 1092 4940 ῶμων
1125 4870 1283 4941 μέχρι
1312 4870 1404 4923 τοῦ
1436 4869 1662 4942 στήθους
1688 4870 1779 4923 καὶ

176 4962 281 5017 τῶν
317 4962 702 5035 μεταφρένων
727 4959 1075 5031 καθήκοντες,
1106 4960 1198 5013 δύο
1224 4960 1461 5032 πόρπαις
1502 4960 1623 5015 καθ’
1652 4961 1780 5015 ἐκά-

172 5070 332 5125 τερον
373 5048 544 5124 ὦμον
588 5051 840 5122 ἀλλήλοις
887 5051 1181 5122 ένούμενοι.
1218 5050 1368 5125 Αί-δὲ
1398 5050 1604 5122 πόρπαι
1643 5051 1782 5104 λίθοι

176 5146 281 5198 elui.
320 5146 397 5199 τὰ
438 5144 566 5197 τῶν
612 5141 964 5223 πατριαρχῶν
1001 5142 1239 5213 ὀνόματα
1262 5140 1321 5206 ἒξ
1358 5141 1478 5195 καθ’
1523 5142 1782 5213 ἑκάτερον

176 5223 775 5307 ὲνῖὂῖῗάῖῥᾶἷμασι
812 5233 1090 5303 φέρουσαι.
1140 5233 1365 5304 Ποικίλη
1416 5233 1472 5286 δὲ
1517 5234 1626 5287 τῶν
1671 5235 1783 5288 πέ-

175 5330 324 5381 πλων
360 5330 397 5399 ἡ
438 5326 761 5397 ίστουργία.
808 5324 1091 5383 Ὑάκινθος
1132 5324 1228 5395 μὲν
1253 5324 1515 5395 πορφύρῳ
1545 5326 1787 5396 συμπλέ-

173 5435 354 5472 κεται.
396 5417 482 5470 Τδ
519 5415 588 5469 δὲ
618 5416 717 5486 τῆς
750 5416 950 5469 κόκκου
983 5413 1233 5486 ἐρύθημα
1261 5417 1327 5485 τῇ
1370 5413 1553 5485 βύσσῳ
1597 5416 1788 5486 μίγνυ⁴

172 5527 283 5565 ται.
325 5511 486 5564 Πᾶσι
526 5506 596 5561 δὲ
628 5507 837 5571 τούτοις
877 5506 972 5560 τοῦ
1020 5508 1085 5559 ὲκ
1131 5506 1353 5576 χρυσίου
1399 5507 1545 5579 νῆμα
1586 5524 1788 5576 συγκα-

169 5600 564 5671 τασπειρεται
596 5611 610 5626 ·
668 5596 745 5660 ῶς
797 5598 860 5649 ὲκ
906 5598 1006 5666 τῆς
1063 5595 1377 5661 πολυειδοῦς
1430 5596 1634 5668 ταύτης
1690 5598 1788 5669 τῆς

174 5688 381 5761 βαφῆς,
422 5691 577 5762 μίαν
607 5688 727 5743 τινὰ
758 5688 1208 5762 συγκεκραμένην
1252 5689 1400 5763 ῶραν
1430 5691 1495 5745 ὲκ
1533 5690 1626 5746 τοῦ
1652 5691 1789 5760 ὑφά-

244 5868 296 5899 “
334 5864 655 5921 lTimoth.
689 5880 728 5932 I,
768 5867 852 5923 19.
917 5863 962 5897 ⁸⁸
984 5862 1150 5922 Hebr.
1193 5880 1288 5931 xii,
1322 5865 1404 5919 ll.

1880 4689 2178 4759 tegminnm
2237 4702 2430 4756 magna
2482 4687 2746 4740 varietate
2792 4688 3036 4739 colorum
3084 4692 3297 4739 textura
3340 4691 3458 4739 erat

1882 4779 2165 4835 confecta:
2210 4778 2535 4850 hyacinthus
2604 4792 2839 4848 purpura
2888 4776 3348 4836 connectebatur‘.
3404 4784 3461 4830 et

1882 4871 2030 4925 cocci
2086 4869 2294 4923 rubedo
2348 4870 2515 4939 bysso
2556 4868 2926 4937 iungebatur:
2981 4874 3034 4921 et
3078 4866 3166 4921 his
3204 4866 3460 4921 omnibus

1883 4976 2045 5015 aurea
2074 4961 2158 5014 lila
2182 4968 2337 5015 erant
2360 4962 2630 5031 inspersa.
2658 4962 2729 5014 ita
2763 4970 2821 5014 ut
2858 4976 2924 5014 ex
2955 4960 3305 5017 multicolore
3353 4961 3457 5014 hac
3522 5020 3525 5027 η

1884 5055 2119 5108 tinctura
2153 5068 2297 5107 unus
2318 5054 2536 5122 quidem
2571 5052 2894 5108 commistus
2919 5052 3178 5123 splendor
3206 5068 3270 5108 ex
3304 5063 3457 5123 tegu-

1884 5146 2125 5200 minibus
2159 5147 2471 5215 rcl'ulgeret.
2522 5144 2596 5199 Ex
2644 5146 2844 5214 quibus
2896 5145 3108 5200 discere
3164 5158 3458 5214 possumus
3524 5142 3535 5199 ἒ

1883 5238 2026 5308 quod
2084 5236 2396 5292 indumenta
2455 5238 2733 5307 superiora
2779 5254 2900 5308 qum
2950 5237 3130 5291 cordis
3156 5242 3282 5290 sunt
3302 5249 3458 5287 orna-
3530 5228 3539 5291 ἰ

1886 5338 2089 5389 menta.
2123 5329 2308 5385 multis
2329 5329 2601 5399 variisque
2636 5337 2893 5385 constant
2936 5327 3249 5381 virtutibus.
3320 5324 3460 5394 Hya-

1888 5418 2108 5475 cinthus
2138 5420 2280 5475 enim
2309 5435 2372 5474 ex
2405 5435 2640 5490 purpura
2665 5420 3022 5489 complicatur
3049 5436 3062 5471 :
3095 5432 3219 5470 nam
3241 5414 3456 5468 vivendi

1888 5512 2099 5580 puritas
2130 5521 2291 5579 atque
2317 5512 2611 5566 mundities
2642 5519 2851 5566 natura
2884 5524 3053 5579 regno
3084 5507 3457 5577 coniungitur.

1889 5599 2092 5654 Natura
2120 5602 2264 5654 enim
2296 5600 2703 5670 quodammodo
2733 5601 2851 5670 ipsa
2882 5600 3040 5663 duce,
3073 5596 3180 5651 una
3208 5611 3328 5649 cum
3361 5610 3463 5664 pn-

1891 5691 2040 5747 doris
2069 5692 2573 5748 ruborelaudabilis
2603 5690 2818 5748 vivendi
2848 5692 3093 5747 nascitur
3133 5688 3295 5745 ratio.
3352 5688 3464 5743 Au-
