  <div class='ocr_page' id='page_1' title='image "/cluster/home/n/w/nwhite01/storage/ocr_20150623/44/hvd.32044012542270/207.png"; bbox 0 0 3982 6480; ppageno 0'>
   <div class='ocr_carea' id='block_1_1' title="bbox 517 431 627 486">
    <p class='ocr_par' dir='ltr' id='par_1_1' title="bbox 517 431 627 486">
     <span class='ocr_line' id='line_1_1' title="bbox 517 431 627 486; baseline 0.018 -2"><span class='ocrx_word' id='word_1_1' title='bbox 517 431 627 486; x_wconf 66' lang='lat'><strong>395</strong></span> 
     </span>
    </p>
   </div>
   <div class='ocr_carea' id='block_1_2' title="bbox 1757 419 2515 477">
    <p class='ocr_par' dir='ltr' id='par_1_2' title="bbox 1757 419 2515 477">
     <span class='ocr_line' id='line_1_2' title="bbox 1757 419 2515 477; baseline -0.003 0"><span class='ocrx_word' id='word_1_2' title='bbox 1757 422 1813 477; x_wconf 87' lang='lat' dir='ltr'><strong>S.</strong></span> <span class='ocrx_word' id='word_1_3' title='bbox 1853 419 2180 477; x_wconf 78' lang='lat' dir='ltr'><strong>GREGORII</strong></span> <span class='ocrx_word' id='word_1_4' title='bbox 2217 420 2515 477; x_wconf 74' lang='lat' dir='ltr'><strong>NYSSENI</strong></span> 
     </span>
    </p>
   </div>
   <div class='ocr_carea' id='block_1_3' title="bbox 3664 419 3755 476">
    <p class='ocr_par' dir='ltr' id='par_1_3' title="bbox 3664 419 3755 476">
     <span class='ocr_line' id='line_1_3' title="bbox 3664 419 3755 476; baseline -0.011 0"><span class='ocrx_word' id='word_1_5' title='bbox 3664 419 3755 476; x_wconf 73' lang='lat'><strong>59$</strong></span> 
     </span>
    </p>
   </div>
   <div class='ocr_carea' id='block_1_4' title="bbox 527 520 2103 623">
    <p class='ocr_par' dir='ltr' id='par_1_4' title="bbox 527 540 2097 623">
     <span class='ocr_line' id='line_1_4' title="bbox 527 540 2097 623; baseline -0.008 -17"><span class='ocrx_word' id='word_1_6' title='bbox 527 552 624 623; x_wconf 88' lang='lat' dir='ltr'><strong>qui</strong></span> <span class='ocrx_word' id='word_1_7' title='bbox 651 549 718 605; x_wconf 91' lang='lat' dir='ltr'><strong>ad</strong></span> <span class='ocrx_word' id='word_1_8' title='bbox 747 551 918 621; x_wconf 91' lang='lat' dir='ltr'><strong>legem</strong></span> <span class='ocrx_word' id='word_1_9' title='bbox 946 561 1008 601; x_wconf 89' lang='lat' dir='ltr'><strong>ac</strong></span> <span class='ocrx_word' id='word_1_10' title='bbox 1038 544 1208 600; x_wconf 87' lang='lat' dir='ltr'><strong>Deum</strong></span> <span class='ocrx_word' id='word_1_11' title='bbox 1249 540 1500 614; x_wconf 90' lang='lat' dir='ltr'><strong>respicit,</strong></span> <span class='ocrx_word' id='word_1_12' title='bbox 1531 540 1801 597; x_wconf 87' lang='lat' dir='ltr'><strong>malorum</strong></span> <span class='ocrx_word' id='word_1_13' title='bbox 1839 540 2097 596; x_wconf 87' lang='lat' dir='ltr'><strong>domesti-</strong></span> 
     </span>
    </p>
   </div>
   <div class='ocr_carea' id='block_1_5' title="bbox 2206 520 3759 623">
    <p class='ocr_par' dir='ltr' id='par_1_5' title="bbox 2206 520 3759 615">
     <span class='ocr_line' id='line_1_5' title="bbox 2206 520 3759 615; baseline -0.001 -19"><span class='ocrx_word' id='word_1_14' title='bbox 2206 520 2394 608; x_wconf 76' lang='grc' dir='ltr'>ποντες</span> <span class='ocrx_word' id='word_1_15' title='bbox 2417 543 2515 614; x_wconf 89' lang='grc' dir='ltr'><strong>τῆς</strong></span> <span class='ocrx_word' id='word_1_16' title='bbox 2545 541 2796 614; x_wconf 78' lang='grc' dir='ltr'><strong>θεωρίας,</strong></span> <span class='ocrx_word' id='word_1_17' title='bbox 2828 541 2910 595; x_wconf 75' lang='grc' dir='ltr'>ὅτι</span> <span class='ocrx_word' id='word_1_18' title='bbox 2941 541 3046 602; x_wconf 77' lang='grc' dir='ltr'><strong>πᾶς</strong></span> <span class='ocrx_word' id='word_1_19' title='bbox 3071 545 3100 597; x_wconf 99' lang='lat'><strong>6</strong></span> <span class='ocrx_word' id='word_1_20' title='bbox 3129 543 3262 615; x_wconf 78' lang='grc' dir='ltr'>πρὸς</span> <span class='ocrx_word' id='word_1_21' title='bbox 3288 541 3379 595; x_wconf 80' lang='grc' dir='ltr'><strong>τὸν</strong></span> <span class='ocrx_word' id='word_1_22' title='bbox 3400 540 3536 594; x_wconf 80' lang='grc' dir='ltr'>Θεὸν</span> <span class='ocrx_word' id='word_1_23' title='bbox 3567 539 3661 594; x_wconf 70' lang='grc' dir='ltr'><strong>καὶ</strong></span> <span class='ocrx_word' id='word_1_24' title='bbox 3681 539 3759 594; x_wconf 74' lang='grc' dir='ltr'><strong>τὸν</strong></span> 
     </span>
    </p>
   </div>
   <div class='ocr_carea' id='block_1_6' title="bbox 527 631 2098 710">
    <p class='ocr_par' dir='ltr' id='par_1_6' title="bbox 527 631 2098 710">
     <span class='ocr_line' id='line_1_6' title="bbox 527 631 2098 710; baseline -0.008 -10"><span class='ocrx_word' id='word_1_25' title='bbox 527 660 719 700; x_wconf 91' lang='lat' dir='ltr'><strong>corum</strong></span> <span class='ocrx_word' id='word_1_26' title='bbox 762 641 906 697; x_wconf 71' lang='lat' dir='ltr'><strong>caede</strong></span> <span class='ocrx_word' id='word_1_27' title='bbox 943 637 1186 710; x_wconf 87' lang='lat' dir='ltr'><strong>purgari.</strong></span> <span class='ocrx_word' id='word_1_28' title='bbox 1224 634 1332 691; x_wconf 80' lang='lat' dir='ltr'><strong>Nec</strong></span> <span class='ocrx_word' id='word_1_29' title='bbox 1369 636 1515 690; x_wconf 88' lang='lat' dir='ltr'><strong>enim</strong></span> <span class='ocrx_word' id='word_1_30' title='bbox 1545 648 1760 704; x_wconf 84' lang='lat' dir='ltr'><strong>semper</strong></span> <span class='ocrx_word' id='word_1_31' title='bbox 1783 631 1973 697; x_wconf 93' lang='lat' dir='ltr'><strong>frater,</strong></span> <span class='ocrx_word' id='word_1_32' title='bbox 2005 639 2098 687; x_wconf 87' lang='lat' dir='ltr'><strong>aut</strong></span> 
     </span>
    </p>
   </div>
   <div class='ocr_carea' id='block_1_7' title="bbox 529 725 2099 802">
    <p class='ocr_par' dir='ltr' id='par_1_7' title="bbox 529 725 2099 802">
     <span class='ocr_line' id='line_1_7' title="bbox 529 725 2099 802; baseline -0.007 -10"><span class='ocrx_word' id='word_1_33' title='bbox 529 738 764 802; x_wconf 89' lang='lat' dir='ltr'><strong>amicus,</strong></span> <span class='ocrx_word' id='word_1_34' title='bbox 810 740 902 787; x_wconf 85' lang='lat' dir='ltr'><strong>aut</strong></span> <span class='ocrx_word' id='word_1_35' title='bbox 943 730 1228 802; x_wconf 87' lang='lat' dir='ltr'><strong>proximus</strong></span> <span class='ocrx_word' id='word_1_36' title='bbox 1284 727 1341 782; x_wconf 93' lang='lat' dir='ltr'><strong>in</strong></span> <span class='ocrx_word' id='word_1_37' title='bbox 1391 727 1672 782; x_wconf 85' lang='lat' dir='ltr'><strong>meliorem</strong></span> <span class='ocrx_word' id='word_1_38' title='bbox 1733 740 1762 778; x_wconf 89' lang='lat' dir='ltr'><strong>a</strong></span> <span class='ocrx_word' id='word_1_39' title='bbox 1813 725 2099 796; x_wconf 72' lang='lat' dir='ltr'><strong>Scriptura</strong></span> 
     </span>
    </p>
   </div>
   <div class='ocr_carea' id='block_1_8' title="bbox 527 805 2106 899">
    <p class='ocr_par' dir='ltr' id='par_1_8' title="bbox 527 805 2106 899">
     <span class='ocr_line' id='line_1_8' title="bbox 527 805 2106 899; baseline -0.008 -17"><span class='ocrx_word' id='word_1_40' title='bbox 527 837 738 899; x_wconf 83' lang='lat' dir='ltr'><strong>partem</strong></span> <span class='ocrx_word' id='word_1_41' title='bbox 768 823 1057 892; x_wconf 77' lang='lat' dir='ltr'><strong>accipitur,</strong></span> <span class='ocrx_word' id='word_1_42' title='bbox 1088 819 1185 875; x_wconf 88' lang='lat' dir='ltr'><strong>sed</strong></span> <span class='ocrx_word' id='word_1_43' title='bbox 1218 825 1348 874; x_wconf 83' lang='lat' dir='ltr'><strong>sunt</strong></span> <span class='ocrx_word' id='word_1_44' title='bbox 1377 817 1627 872; x_wconf 89' lang='lat' dir='ltr'><strong>nonnulli</strong></span> <span class='ocrx_word' id='word_1_45' title='bbox 1658 815 1878 879; x_wconf 89' lang='lat' dir='ltr'><strong>fratres,</strong></span> <span class='ocrx_word' id='word_1_46' title='bbox 1910 805 2106 881; x_wconf 54' lang='lat' dir='ltr'><strong>amici,</strong></span> 
     </span>
    </p>
   </div>
   <div class='ocr_carea' id='block_1_9' title="bbox 526 907 2102 990">
    <p class='ocr_par' dir='ltr' id='par_1_9' title="bbox 526 907 2102 990">
     <span class='ocr_line' id='line_1_9' title="bbox 526 907 2102 990; baseline -0.005 -20"><span class='ocrx_word' id='word_1_47' title='bbox 526 916 783 990; x_wconf 80' lang='lat' dir='ltr'><strong>proximi,</strong></span> <span class='ocrx_word' id='word_1_48' title='bbox 825 913 920 984; x_wconf 90' lang='lat' dir='ltr'><strong>qui</strong></span> <span class='ocrx_word' id='word_1_49' title='bbox 964 911 1121 984; x_wconf 79' lang='lat' dir='ltr'><strong>quasi</strong></span> <span class='ocrx_word' id='word_1_50' title='bbox 1159 910 1322 966; x_wconf 92' lang='lat' dir='ltr'><strong>alieni</strong></span> <span class='ocrx_word' id='word_1_51' title='bbox 1371 925 1436 964; x_wconf 91' lang='lat' dir='ltr'><strong>ac</strong></span> <span class='ocrx_word' id='word_1_52' title='bbox 1481 907 1684 964; x_wconf 89' lang='lat' dir='ltr'><strong>inimici</strong></span> <span class='ocrx_word' id='word_1_53' title='bbox 1732 907 1890 967; x_wconf 90' lang='lat' dir='ltr'><strong>nobis</strong></span> <span class='ocrx_word' id='word_1_54' title='bbox 1917 910 2102 964; x_wconf 89' lang='lat' dir='ltr'><strong>adver-</strong></span> 
     </span>
    </p>
   </div>
   <div class='ocr_carea' id='block_1_10' title="bbox 522 999 2096 1074">
    <p class='ocr_par' dir='ltr' id='par_1_10' title="bbox 522 999 2096 1074">
     <span class='ocr_line' id='line_1_10' title="bbox 522 999 2096 1074; baseline -0.004 -14"><span class='ocrx_word' id='word_1_55' title='bbox 522 1017 752 1072; x_wconf 72' lang='lat' dir='ltr'><strong>santur,</strong></span> <span class='ocrx_word' id='word_1_56' title='bbox 815 1019 954 1074; x_wconf 87' lang='lat' dir='ltr'><strong>quos</strong></span> <span class='ocrx_word' id='word_1_57' title='bbox 1003 1018 1100 1058; x_wconf 89' lang='lat' dir='ltr'><strong>eas</strong></span> <span class='ocrx_word' id='word_1_58' title='bbox 1146 1001 1481 1057; x_wconf 75' lang='lat' dir='ltr'><strong>arbitramur</strong></span> <span class='ocrx_word' id='word_1_59' title='bbox 1544 1014 1668 1055; x_wconf 90' lang='lat' dir='ltr'><strong>esse</strong></span> <span class='ocrx_word' id='word_1_60' title='bbox 1717 999 2096 1070; x_wconf 85' lang='lat' dir='ltr'><strong>cogitationes,</strong></span> 
     </span>
    </p>
   </div>
   <div class='ocr_carea' id='block_1_11' title="bbox 530 1092 2101 1172">
    <p class='ocr_par' dir='ltr' id='par_1_11' title="bbox 530 1092 2101 1172">
     <span class='ocr_line' id='line_1_11' title="bbox 530 1092 2101 1172; baseline -0.003 -20"><span class='ocrx_word' id='word_1_61' title='bbox 530 1113 759 1172; x_wconf 66' lang='lat' dir='ltr'><strong>quarum</strong></span> <span class='ocrx_word' id='word_1_62' title='bbox 789 1098 900 1153; x_wconf 89' lang='lat' dir='ltr'><strong>vita</strong></span> <span class='ocrx_word' id='word_1_63' title='bbox 929 1095 1088 1151; x_wconf 91' lang='lat' dir='ltr'><strong>nobis</strong></span> <span class='ocrx_word' id='word_1_64' title='bbox 1128 1101 1386 1161; x_wconf 90' lang='lat' dir='ltr'><strong>mortem,</strong></span> <span class='ocrx_word' id='word_1_65' title='bbox 1418 1107 1571 1150; x_wconf 87' lang='lat' dir='ltr'><strong>mors</strong></span> <span class='ocrx_word' id='word_1_66' title='bbox 1609 1107 1739 1149; x_wconf 90' lang='lat' dir='ltr'><strong>vero</strong></span> <span class='ocrx_word' id='word_1_67' title='bbox 1765 1092 1930 1147; x_wconf 88' lang='lat' dir='ltr'><strong>vitam</strong></span> <span class='ocrx_word' id='word_1_68' title='bbox 1961 1093 2101 1149; x_wconf 91' lang='lat' dir='ltr'><strong>solet</strong></span> 
     </span>
    </p>
   </div>
   <div class='ocr_carea' id='block_1_12' title="bbox 524 1190 802 1250">
    <p class='ocr_par' dir='ltr' id='par_1_12' title="bbox 524 1190 802 1250">
     <span class='ocr_line' id='line_1_12' title="bbox 524 1190 802 1250; baseline -0.022 0"><span class='ocrx_word' id='word_1_69' title='bbox 524 1190 802 1250; x_wconf 80' lang='lat' dir='ltr'><strong>inducere.</strong></span> 
     </span>
    </p>
   </div>
   <div class='ocr_carea' id='block_1_13' title="bbox 595 1363 2102 1444">
    <p class='ocr_par' dir='ltr' id='par_1_13' title="bbox 595 1363 2102 1444">
     <span class='ocr_line' id='line_1_13' title="bbox 595 1363 2102 1444; baseline -0.007 -16"><span class='ocrx_word' id='word_1_70' title='bbox 595 1371 724 1430; x_wconf 61' lang='lat' dir='ltr'><strong>Haec</strong></span> <span class='ocrx_word' id='word_1_71' title='bbox 760 1370 1030 1444; x_wconf 80' lang='lat' dir='ltr'><strong>expositio</strong></span> <span class='ocrx_word' id='word_1_72' title='bbox 1068 1369 1177 1442; x_wconf 83' lang='lat' dir='ltr'><strong>illis</strong></span> <span class='ocrx_word' id='word_1_73' title='bbox 1209 1368 1375 1424; x_wconf 89' lang='lat' dir='ltr'><strong>etiam</strong></span> <span class='ocrx_word' id='word_1_74' title='bbox 1409 1368 1702 1430; x_wconf 81' lang='lat' dir='ltr'><strong>convenit,</strong></span> <span class='ocrx_word' id='word_1_75' title='bbox 1737 1381 1860 1438; x_wconf 74' lang='lat' dir='ltr'><strong>quze</strong></span> <span class='ocrx_word' id='word_1_76' title='bbox 1895 1363 1963 1420; x_wconf 93' lang='lat' dir='ltr'><strong>de</strong></span> <span class='ocrx_word' id='word_1_77' title='bbox 1993 1365 2102 1418; x_wconf 78' lang='lat' dir='ltr'><strong>Aa-</strong></span> 
     </span>
    </p>
   </div>
   <div class='ocr_carea' id='block_1_14' title="bbox 527 1459 2104 1532">
    <p class='ocr_par' dir='ltr' id='par_1_14' title="bbox 527 1459 2104 1532">
     <span class='ocr_line' id='line_1_14' title="bbox 527 1459 2104 1532; baseline -0.004 -11"><span class='ocrx_word' id='word_1_78' title='bbox 527 1483 627 1521; x_wconf 91' lang='lat' dir='ltr'><strong>ron</strong></span> <span class='ocrx_word' id='word_1_79' title='bbox 661 1465 920 1520; x_wconf 80' lang='lat' dir='ltr'><strong>diximus.</strong></span> <span class='ocrx_word' id='word_1_80' title='bbox 947 1463 1024 1518; x_wconf 91' lang='lat' dir='ltr'><strong>lbi</strong></span> <span class='ocrx_word' id='word_1_81' title='bbox 1046 1463 1189 1518; x_wconf 87' lang='lat' dir='ltr'><strong>enim</strong></span> <span class='ocrx_word' id='word_1_82' title='bbox 1225 1475 1324 1532; x_wconf 89' lang='lat' dir='ltr'><strong>pro</strong></span> <span class='ocrx_word' id='word_1_83' title='bbox 1358 1459 1527 1515; x_wconf 80' lang='lat' dir='ltr'><strong>fratre</strong></span> <span class='ocrx_word' id='word_1_84' title='bbox 1559 1461 1769 1515; x_wconf 91' lang='lat' dir='ltr'><strong>socium</strong></span> <span class='ocrx_word' id='word_1_85' title='bbox 1792 1467 1956 1529; x_wconf 90' lang='lat' dir='ltr'><strong>atque</strong></span> <span class='ocrx_word' id='word_1_86' title='bbox 1977 1473 2104 1528; x_wconf 90' lang='lat' dir='ltr'><strong>pro-</strong></span> 
     </span>
    </p>
   </div>
   <div class='ocr_carea' id='block_1_15' title="bbox 524 1549 2105 1624">
    <p class='ocr_par' dir='ltr' id='par_1_15' title="bbox 524 1549 2105 1624">
     <span class='ocr_line' id='line_1_15' title="bbox 524 1549 2105 1624; baseline -0.006 -9"><span class='ocrx_word' id='word_1_87' title='bbox 524 1569 785 1615; x_wconf 86' lang='lat' dir='ltr'><strong>tectorem</strong></span> <span class='ocrx_word' id='word_1_88' title='bbox 819 1556 1083 1614; x_wconf 86' lang='lat' dir='ltr'><strong>divinitus</strong></span> <span class='ocrx_word' id='word_1_89' title='bbox 1119 1554 1278 1610; x_wconf 87' lang='lat' dir='ltr'><strong>nobis</strong></span> <span class='ocrx_word' id='word_1_90' title='bbox 1316 1551 1502 1608; x_wconf 90' lang='lat' dir='ltr'><strong>datum</strong></span> <span class='ocrx_word' id='word_1_91' title='bbox 1542 1552 1796 1624; x_wconf 78' lang='lat' dir='ltr'><strong>angelum</strong></span> <span class='ocrx_word' id='word_1_92' title='bbox 1832 1549 2105 1607; x_wconf 81' lang='lat' dir='ltr'><strong>intellexi-</strong></span> 
     </span>
    </p>
   </div>
   <div class='ocr_carea' id='block_1_16' title="bbox 528 1642 2103 1721">
    <p class='ocr_par' dir='ltr' id='par_1_16' title="bbox 528 1642 2103 1721">
     <span class='ocr_line' id='line_1_16' title="bbox 528 1642 2103 1721; baseline -0.007 -14"><span class='ocrx_word' id='word_1_93' title='bbox 528 1669 680 1715; x_wconf 90' lang='lat' dir='ltr'><strong>mus,</strong></span> <span class='ocrx_word' id='word_1_94' title='bbox 717 1650 810 1721; x_wconf 93' lang='lat' dir='ltr'><strong>qui</strong></span> <span class='ocrx_word' id='word_1_95' title='bbox 845 1649 1106 1704; x_wconf 87' lang='lat' dir='ltr'><strong>adversus</strong></span> <span class='ocrx_word' id='word_1_96' title='bbox 1151 1646 1438 1719; x_wconf 63' lang='lat' dir='ltr'><strong>Egyptios</strong></span> <span class='ocrx_word' id='word_1_97' title='bbox 1482 1646 1640 1717; x_wconf 86' lang='lat' dir='ltr'><strong>signa</strong></span> <span class='ocrx_word' id='word_1_98' title='bbox 1687 1651 1967 1714; x_wconf 85' lang='lat' dir='ltr'><strong>operatur,</strong></span> <span class='ocrx_word' id='word_1_99' title='bbox 2009 1642 2103 1713; x_wconf 90' lang='lat' dir='ltr'><strong>qui</strong></span> 
     </span>
    </p>
   </div>
   <div class='ocr_carea' id='block_1_17' title="bbox 525 1736 2104 1812">
    <p class='ocr_par' dir='ltr' id='par_1_17' title="bbox 525 1736 2104 1812">
     <span class='ocr_line' id='line_1_17' title="bbox 525 1736 2104 1812; baseline -0.007 -12"><span class='ocrx_word' id='word_1_100' title='bbox 525 1745 690 1800; x_wconf 87' lang='lat' dir='ltr'><strong>etiam</strong></span> <span class='ocrx_word' id='word_1_101' title='bbox 745 1743 922 1812; x_wconf 87' lang='lat' dir='ltr'><strong>major</strong></span> <span class='ocrx_word' id='word_1_102' title='bbox 950 1749 1109 1797; x_wconf 68' lang='lat' dir='ltr'><strong>aetate</strong></span> <span class='ocrx_word' id='word_1_103' title='bbox 1134 1741 1259 1811; x_wconf 86' lang='lat' dir='ltr'><strong>jure</strong></span> <span class='ocrx_word' id='word_1_104' title='bbox 1293 1739 1478 1796; x_wconf 91' lang='lat' dir='ltr'><strong>dictus</strong></span> <span class='ocrx_word' id='word_1_105' title='bbox 1525 1745 1649 1804; x_wconf 85' lang='lat' dir='ltr'><strong>est,</strong></span> <span class='ocrx_word' id='word_1_106' title='bbox 1690 1752 1817 1792; x_wconf 88' lang='lat' dir='ltr'><strong>nam</strong></span> <span class='ocrx_word' id='word_1_107' title='bbox 1857 1736 2104 1808; x_wconf 86' lang='lat' dir='ltr'><strong>angelica</strong></span> 
     </span>
    </p>
   </div>
   <div class='ocr_carea' id='block_1_18' title="bbox 527 1826 2102 1904">
    <p class='ocr_par' dir='ltr' id='par_1_18' title="bbox 527 1826 2102 1904">
     <span class='ocr_line' id='line_1_18' title="bbox 527 1826 2102 1904; baseline -0.008 -11"><span class='ocrx_word' id='word_1_108' title='bbox 527 1850 720 1893; x_wconf 86' lang='lat' dir='ltr'><strong>natura</strong></span> <span class='ocrx_word' id='word_1_109' title='bbox 757 1836 977 1890; x_wconf 89' lang='lat' dir='ltr'><strong>homine</strong></span> <span class='ocrx_word' id='word_1_110' title='bbox 1015 1834 1168 1904; x_wconf 88' lang='lat' dir='ltr'><strong>prius</strong></span> <span class='ocrx_word' id='word_1_111' title='bbox 1201 1840 1385 1887; x_wconf 91' lang='lat' dir='ltr'><strong>creata</strong></span> <span class='ocrx_word' id='word_1_112' title='bbox 1411 1839 1497 1887; x_wconf 89' lang='lat' dir='ltr'><strong>est</strong></span> <span class='ocrx_word' id='word_1_113' title='bbox 1526 1848 1542 1885; x_wconf 90' lang='lat'><strong>:</strong></span> <span class='ocrx_word' id='word_1_114' title='bbox 1593 1827 1764 1884; x_wconf 84' lang='lat' dir='ltr'><strong>frater</strong></span> <span class='ocrx_word' id='word_1_115' title='bbox 1792 1841 1943 1895; x_wconf 89' lang='lat' dir='ltr'><strong>vero,</strong></span> <span class='ocrx_word' id='word_1_116' title='bbox 1975 1826 2102 1898; x_wconf 90' lang='lat' dir='ltr'><strong>quia</strong></span> 
     </span>
    </p>
   </div>
   <div class='ocr_carea' id='block_1_19' title="bbox 526 1920 2106 1998">
    <p class='ocr_par' dir='ltr' id='par_1_19' title="bbox 526 1920 2106 1998">
     <span class='ocr_line' id='line_1_19' title="bbox 526 1920 2106 1998; baseline -0.008 -14"><span class='ocrx_word' id='word_1_117' title='bbox 526 1939 610 1984; x_wconf 82' lang='lat' dir='ltr'><strong>est</strong></span> <span class='ocrx_word' id='word_1_118' title='bbox 645 1928 888 1998; x_wconf 87' lang='lat' dir='ltr'><strong>quaedam</strong></span> <span class='ocrx_word' id='word_1_119' title='bbox 923 1925 1168 1997; x_wconf 81' lang='lat' dir='ltr'><strong>profecto</strong></span> <span class='ocrx_word' id='word_1_120' title='bbox 1200 1922 1584 1979; x_wconf 88' lang='lat' dir='ltr'><strong>intellectualis</strong></span> <span class='ocrx_word' id='word_1_121' title='bbox 1627 1928 1682 1977; x_wconf 91' lang='lat' dir='ltr'><strong>et</strong></span> <span class='ocrx_word' id='word_1_122' title='bbox 1721 1920 1980 1991; x_wconf 80' lang='lat' dir='ltr'><strong>angelicae</strong></span> <span class='ocrx_word' id='word_1_123' title='bbox 2009 1934 2106 1973; x_wconf 88' lang='lat' dir='ltr'><strong>na-</strong></span> 
     </span>
    </p>
   </div>
   <div class='ocr_carea' id='block_1_20' title="bbox 526 2009 2099 2076">
    <p class='ocr_par' dir='ltr' id='par_1_20' title="bbox 526 2009 2099 2076">
     <span class='ocr_line' id='line_1_20' title="bbox 526 2009 2099 2076; baseline -0.006 0"><span class='ocrx_word' id='word_1_124' title='bbox 526 2031 662 2076; x_wconf 71' lang='lat' dir='ltr'><strong>tura:</strong></span> <span class='ocrx_word' id='word_1_125' title='bbox 690 2020 755 2073; x_wconf 86' lang='lat' dir='ltr'><strong>ad</strong></span> <span class='ocrx_word' id='word_1_126' title='bbox 791 2018 1122 2073; x_wconf 87' lang='lat' dir='ltr'><strong>intellectum</strong></span> <span class='ocrx_word' id='word_1_127' title='bbox 1147 2024 1201 2071; x_wconf 92' lang='lat' dir='ltr'><strong>et</strong></span> <span class='ocrx_word' id='word_1_128' title='bbox 1225 2015 1463 2070; x_wconf 90' lang='lat' dir='ltr'><strong>animam</strong></span> <span class='ocrx_word' id='word_1_129' title='bbox 1497 2015 1795 2068; x_wconf 89' lang='lat' dir='ltr'><strong>humanam</strong></span> <span class='ocrx_word' id='word_1_130' title='bbox 1823 2009 2060 2066; x_wconf 80' lang='lat' dir='ltr'><strong>aﬂinitas</strong></span> <span class='ocrx_word' id='word_1_131' title='bbox 2085 2029 2099 2065; x_wconf 89' lang='lat'>:</span> 
     </span>
    </p>
   </div>
   <div class='ocr_carea' id='block_1_21' title="bbox 526 2101 2102 2184">
    <p class='ocr_par' dir='ltr' id='par_1_21' title="bbox 526 2101 2102 2184">
     <span class='ocr_line' id='line_1_21' title="bbox 526 2101 2102 2184; baseline -0.006 -18"><span class='ocrx_word' id='word_1_132' title='bbox 526 2129 663 2184; x_wconf 88' lang='lat' dir='ltr'><strong>quas</strong></span> <span class='ocrx_word' id='word_1_133' title='bbox 697 2111 768 2165; x_wconf 91' lang='lat' dir='ltr'><strong>ob</strong></span> <span class='ocrx_word' id='word_1_134' title='bbox 810 2126 929 2172; x_wconf 91' lang='lat' dir='ltr'><strong>res,</strong></span> <span class='ocrx_word' id='word_1_135' title='bbox 981 2109 1084 2164; x_wconf 90' lang='lat' dir='ltr'><strong>etsi</strong></span> <span class='ocrx_word' id='word_1_136' title='bbox 1117 2115 1350 2178; x_wconf 90' lang='lat' dir='ltr'><strong>utroque</strong></span> <span class='ocrx_word' id='word_1_137' title='bbox 1395 2105 1451 2160; x_wconf 88' lang='lat' dir='ltr'><strong>in</strong></span> <span class='ocrx_word' id='word_1_138' title='bbox 1502 2104 1624 2160; x_wconf 94' lang='lat' dir='ltr'><strong>loco</strong></span> <span class='ocrx_word' id='word_1_139' title='bbox 1661 2101 1830 2158; x_wconf 82' lang='lat' dir='ltr'><strong>frater</strong></span> <span class='ocrx_word' id='word_1_140' title='bbox 1880 2101 2102 2166; x_wconf 92' lang='lat' dir='ltr'><strong>dicitur,</strong></span> 
     </span>
    </p>
   </div>
   <div class='ocr_carea' id='block_1_22' title="bbox 527 2194 2106 2269">
    <p class='ocr_par' dir='ltr' id='par_1_22' title="bbox 527 2194 2106 2269">
     <span class='ocr_line' id='line_1_22' title="bbox 527 2194 2106 2269; baseline -0.006 -10"><span class='ocrx_word' id='word_1_141' title='bbox 527 2222 635 2260; x_wconf 88' lang='lat' dir='ltr'><strong>non</strong></span> <span class='ocrx_word' id='word_1_142' title='bbox 668 2203 833 2259; x_wconf 85' lang='lat' dir='ltr'><strong>habet</strong></span> <span class='ocrx_word' id='word_1_143' title='bbox 862 2211 1042 2257; x_wconf 87' lang='lat' dir='ltr'><strong>tamen</strong></span> <span class='ocrx_word' id='word_1_144' title='bbox 1065 2201 1245 2256; x_wconf 91' lang='lat' dir='ltr'><strong>locum</strong></span> <span class='ocrx_word' id='word_1_145' title='bbox 1271 2197 1568 2269; x_wconf 88' lang='lat' dir='ltr'><strong>oppositio.</strong></span> <span class='ocrx_word' id='word_1_146' title='bbox 1594 2194 1872 2267; x_wconf 93' lang='lat' dir='ltr'><strong>quomodo</strong></span> <span class='ocrx_word' id='word_1_147' title='bbox 1903 2195 1957 2248; x_wconf 91' lang='lat' dir='ltr'><strong>in</strong></span> <span class='ocrx_word' id='word_1_148' title='bbox 1993 2209 2106 2250; x_wconf 89' lang='lat' dir='ltr'><strong>me-</strong></span> 
     </span>
    </p>
   </div>
   <div class='ocr_carea' id='block_1_23' title="bbox 527 2286 2102 2366">
    <p class='ocr_par' dir='ltr' id='par_1_23' title="bbox 527 2286 2102 2366">
     <span class='ocr_line' id='line_1_23' title="bbox 527 2286 2102 2366; baseline -0.006 -14"><span class='ocrx_word' id='word_1_149' title='bbox 527 2299 718 2353; x_wconf 86' lang='lat' dir='ltr'><strong>liorem</strong></span> <span class='ocrx_word' id='word_1_150' title='bbox 771 2303 981 2366; x_wconf 90' lang='lat' dir='ltr'><strong>partem</strong></span> <span class='ocrx_word' id='word_1_151' title='bbox 1029 2292 1202 2364; x_wconf 88' lang='lat' dir='ltr'><strong>accipi</strong></span> <span class='ocrx_word' id='word_1_152' title='bbox 1241 2293 1418 2364; x_wconf 84' lang='lat' dir='ltr'><strong>possit</strong></span> <span class='ocrx_word' id='word_1_153' title='bbox 1465 2289 1806 2345; x_wconf 88' lang='lat' dir='ltr'><strong>consortium</strong></span> <span class='ocrx_word' id='word_1_154' title='bbox 1837 2286 2102 2353; x_wconf 83' lang='lat' dir='ltr'><strong>Aaronis,</strong></span> 
     </span>
    </p>
   </div>
   <div class='ocr_carea' id='block_1_24' title="bbox 527 2379 2106 2460">
    <p class='ocr_par' dir='ltr' id='par_1_24' title="bbox 527 2379 2106 2460">
     <span class='ocr_line' id='line_1_24' title="bbox 527 2379 2106 2460; baseline -0.004 -17"><span class='ocrx_word' id='word_1_155' title='bbox 527 2391 617 2460; x_wconf 89' lang='lat' dir='ltr'><strong>qui</strong></span> <span class='ocrx_word' id='word_1_156' title='bbox 649 2389 903 2445; x_wconf 87' lang='lat' dir='ltr'><strong>lsraelitis</strong></span> <span class='ocrx_word' id='word_1_157' title='bbox 933 2385 1000 2442; x_wconf 89' lang='lat' dir='ltr'><strong>ad</strong></span> <span class='ocrx_word' id='word_1_158' title='bbox 1030 2385 1235 2440; x_wconf 90' lang='lat' dir='ltr'><strong>idolum</strong></span> <span class='ocrx_word' id='word_1_159' title='bbox 1268 2381 1672 2439; x_wconf 79' lang='lat' dir='ltr'><strong>conficiendum</strong></span> <span class='ocrx_word' id='word_1_160' title='bbox 1699 2379 2014 2436; x_wconf 90' lang='lat' dir='ltr'><strong>ministrum</strong></span> <span class='ocrx_word' id='word_1_161' title='bbox 2045 2394 2106 2436; x_wconf 90' lang='lat' dir='ltr'><strong>se</strong></span> 
     </span>
    </p>
   </div>
   <div class='ocr_carea' id='block_1_25' title="bbox 527 2474 2106 2555">
    <p class='ocr_par' dir='ltr' id='par_1_25' title="bbox 527 2474 2106 2555">
     <span class='ocr_line' id='line_1_25' title="bbox 527 2474 2106 2555; baseline -0.006 -18"><span class='ocrx_word' id='word_1_162' title='bbox 527 2481 795 2555; x_wconf 70' lang='lat' dir='ltr'><strong>pnebuit,</strong></span> <span class='ocrx_word' id='word_1_163' title='bbox 843 2494 968 2550; x_wconf 87' lang='lat' dir='ltr'><strong>cum</strong></span> <span class='ocrx_word' id='word_1_164' title='bbox 1012 2478 1289 2547; x_wconf 66' lang='lat' dir='ltr'><strong>aequivoce</strong></span> <span class='ocrx_word' id='word_1_165' title='bbox 1327 2474 1518 2530; x_wconf 86' lang='lat' dir='ltr'><strong>fratris</strong></span> <span class='ocrx_word' id='word_1_166' title='bbox 1565 2488 1799 2540; x_wconf 91' lang='lat' dir='ltr'><strong>nomen,</strong></span> <span class='ocrx_word' id='word_1_167' title='bbox 1851 2486 1999 2527; x_wconf 91' lang='lat' dir='ltr'><strong>nunc</strong></span> <span class='ocrx_word' id='word_1_168' title='bbox 2047 2479 2106 2528; x_wconf 89' lang='lat' dir='ltr'><strong>ut</strong></span> 
     </span>
    </p>
   </div>
   <div class='ocr_carea' id='block_1_26' title="bbox 525 2563 2107 2640">
    <p class='ocr_par' dir='ltr' id='par_1_26' title="bbox 525 2563 2107 2640">
     <span class='ocr_line' id='line_1_26' title="bbox 525 2563 2107 2640; baseline -0.006 -10"><span class='ocrx_word' id='word_1_169' title='bbox 525 2574 788 2634; x_wconf 77' lang='lat' dir='ltr'><strong>diximus,</strong></span> <span class='ocrx_word' id='word_1_170' title='bbox 820 2571 1140 2640; x_wconf 87' lang='lat' dir='ltr'><strong>accipiatur.</strong></span> <span class='ocrx_word' id='word_1_171' title='bbox 1167 2567 1446 2624; x_wconf 87' lang='lat' dir='ltr'><strong>Adversus</strong></span> <span class='ocrx_word' id='word_1_172' title='bbox 1468 2566 1634 2636; x_wconf 90' lang='lat' dir='ltr'><strong>igitur</strong></span> <span class='ocrx_word' id='word_1_173' title='bbox 1658 2565 1760 2620; x_wconf 86' lang='lat' dir='ltr'><strong>hos</strong></span> <span class='ocrx_word' id='word_1_174' title='bbox 1785 2565 1960 2621; x_wconf 86' lang='lat' dir='ltr'><strong>malos</strong></span> <span class='ocrx_word' id='word_1_175' title='bbox 1995 2563 2107 2620; x_wconf 88' lang='lat' dir='ltr'><strong>fra-</strong></span> 
     </span>
    </p>
   </div>
   <div class='ocr_carea' id='block_1_27' title="bbox 529 2654 2104 2734">
    <p class='ocr_par' dir='ltr' id='par_1_27' title="bbox 529 2654 2104 2734">
     <span class='ocr_line' id='line_1_27' title="bbox 529 2654 2104 2734; baseline -0.005 -14"><span class='ocrx_word' id='word_1_176' title='bbox 529 2675 642 2721; x_wconf 89' lang='lat' dir='ltr'><strong>tres</strong></span> <span class='ocrx_word' id='word_1_177' title='bbox 680 2662 982 2734; x_wconf 76' lang='lat' dir='ltr'><strong>gladiorum</strong></span> <span class='ocrx_word' id='word_1_178' title='bbox 1015 2659 1240 2730; x_wconf 90' lang='lat' dir='ltr'><strong>opponit</strong></span> <span class='ocrx_word' id='word_1_179' title='bbox 1277 2658 1451 2713; x_wconf 88' lang='lat' dir='ltr'><strong>aciem</strong></span> <span class='ocrx_word' id='word_1_180' title='bbox 1475 2655 1713 2728; x_wconf 79' lang='lat' dir='ltr'><strong>Moyses.</strong></span> <span class='ocrx_word' id='word_1_181' title='bbox 1751 2654 1909 2724; x_wconf 84' lang='lat' dir='ltr'><strong>Quod</strong></span> <span class='ocrx_word' id='word_1_182' title='bbox 1959 2658 2104 2712; x_wconf 91' lang='lat' dir='ltr'><strong>enim</strong></span> 
     </span>
    </p>
   </div>
   <div class='ocr_carea' id='block_1_28' title="bbox 529 2746 2102 2824">
    <p class='ocr_par' dir='ltr' id='par_1_28' title="bbox 529 2746 2102 2824">
     <span class='ocr_line' id='line_1_28' title="bbox 529 2746 2102 2824; baseline -0.006 -14"><span class='ocrx_word' id='word_1_183' title='bbox 529 2755 654 2810; x_wconf 78' lang='lat' dir='ltr'><strong>aliis</strong></span> <span class='ocrx_word' id='word_1_184' title='bbox 692 2752 816 2824; x_wconf 83' lang='lat' dir='ltr'><strong>quis</strong></span> <span class='ocrx_word' id='word_1_185' title='bbox 847 2751 1021 2822; x_wconf 83' lang='lat' dir='ltr'><strong>jubet,</strong></span> <span class='ocrx_word' id='word_1_186' title='bbox 1063 2748 1169 2804; x_wconf 84' lang='lat' dir='ltr'><strong>sibi</strong></span> <span class='ocrx_word' id='word_1_187' title='bbox 1220 2763 1438 2820; x_wconf 90' lang='lat' dir='ltr'><strong>quoque</strong></span> <span class='ocrx_word' id='word_1_188' title='bbox 1486 2747 1592 2818; x_wconf 82' lang='lat' dir='ltr'><strong>ipsi</strong></span> <span class='ocrx_word' id='word_1_189' title='bbox 1645 2747 1844 2803; x_wconf 83' lang='lat' dir='ltr'><strong>sancit.</strong></span> <span class='ocrx_word' id='word_1_190' title='bbox 1898 2746 2102 2802; x_wconf 87' lang='lat' dir='ltr'><strong>Horum</strong></span> 
     </span>
    </p>
   </div>
   <div class='ocr_carea' id='block_1_29' title="bbox 529 2838 2104 2913">
    <p class='ocr_par' dir='ltr' id='par_1_29' title="bbox 529 2838 2104 2913">
     <span class='ocr_line' id='line_1_29' title="bbox 529 2838 2104 2913; baseline -0.004 -12"><span class='ocrx_word' id='word_1_191' title='bbox 529 2848 764 2902; x_wconf 76' lang='lat' dir='ltr'><strong>fratrum</strong></span> <span class='ocrx_word' id='word_1_192' title='bbox 810 2845 1005 2912; x_wconf 60' lang='lat' dir='ltr'><strong>caedes,</strong></span> <span class='ocrx_word' id='word_1_193' title='bbox 1037 2849 1384 2913; x_wconf 90' lang='lat' dir='ltr'><strong>peccatorum</strong></span> <span class='ocrx_word' id='word_1_194' title='bbox 1421 2840 1678 2896; x_wconf 87' lang='lat' dir='ltr'><strong>interitus</strong></span> <span class='ocrx_word' id='word_1_195' title='bbox 1712 2850 1814 2895; x_wconf 90' lang='lat' dir='ltr'><strong>est.</strong></span> <span class='ocrx_word' id='word_1_196' title='bbox 1846 2838 1981 2893; x_wconf 85' lang='lat' dir='ltr'><strong>Nam</strong></span> <span class='ocrx_word' id='word_1_197' title='bbox 2011 2840 2104 2910; x_wconf 93' lang='lat' dir='ltr'><strong>qui</strong></span> 
     </span>
    </p>
   </div>
   <div class='ocr_carea' id='block_1_30' title="bbox 533 2931 2105 3001">
    <p class='ocr_par' dir='ltr' id='par_1_30' title="bbox 533 2931 2105 3001">
     <span class='ocr_line' id='line_1_30' title="bbox 533 2931 2105 3001; baseline -0.003 -10"><span class='ocrx_word' id='word_1_198' title='bbox 533 2935 829 2993; x_wconf 81' lang='lat' dir='ltr'><strong>adversarii</strong></span> <span class='ocrx_word' id='word_1_199' title='bbox 867 2934 1115 2990; x_wconf 83' lang='lat' dir='ltr'><strong>consiliis</strong></span> <span class='ocrx_word' id='word_1_200' title='bbox 1149 2935 1314 2986; x_wconf 80' lang='lat' dir='ltr'><strong>fixum</strong></span> <span class='ocrx_word' id='word_1_201' title='bbox 1346 2939 1512 3001; x_wconf 83' lang='lat' dir='ltr'><strong>atque</strong></span> <span class='ocrx_word' id='word_1_202' title='bbox 1544 2938 1810 2986; x_wconf 88' lang='lat' dir='ltr'><strong>statutum</strong></span> <span class='ocrx_word' id='word_1_203' title='bbox 1843 2931 1896 2985; x_wconf 90' lang='lat' dir='ltr'><strong>in</strong></span> <span class='ocrx_word' id='word_1_204' title='bbox 1923 2931 2105 2986; x_wconf 88' lang='lat' dir='ltr'><strong>animo</strong></span> 
     </span>
    </p>
   </div>
   <div class='ocr_carea' id='block_1_31' title="bbox 535 3022 2101 3094">
    <p class='ocr_par' dir='ltr' id='par_1_31' title="bbox 535 3022 2101 3094">
     <span class='ocr_line' id='line_1_31' title="bbox 535 3022 2101 3094; baseline -0.001 -15"><span class='ocrx_word' id='word_1_205' title='bbox 535 3027 732 3079; x_wconf 89' lang='lat' dir='ltr'><strong>malum</strong></span> <span class='ocrx_word' id='word_1_206' title='bbox 773 3024 1005 3085; x_wconf 77' lang='lat' dir='ltr'><strong>delevit,</strong></span> <span class='ocrx_word' id='word_1_207' title='bbox 1041 3022 1420 3078; x_wconf 88' lang='lat' dir='ltr'><strong>adversarium</strong></span> <span class='ocrx_word' id='word_1_208' title='bbox 1471 3023 1527 3076; x_wconf 90' lang='lat' dir='ltr'><strong>in</strong></span> <span class='ocrx_word' id='word_1_209' title='bbox 1575 3023 1759 3094; x_wconf 88' lang='lat' dir='ltr'><strong>seipso</strong></span> <span class='ocrx_word' id='word_1_210' title='bbox 1810 3022 2101 3078; x_wconf 82' lang='lat' dir='ltr'><strong>interfecit.</strong></span> 
     </span>
    </p>
   </div>
   <div class='ocr_carea' id='block_1_32' title="bbox 534 3113 2106 3184">
    <p class='ocr_par' dir='ltr' id='par_1_32' title="bbox 534 3113 2106 3184">
     <span class='ocr_line' id='line_1_32' title="bbox 534 3113 2106 3184; baseline 0 -14"><span class='ocrx_word' id='word_1_211' title='bbox 534 3117 657 3172; x_wconf 74' lang='lat' dir='ltr'><strong>Ilzuc</strong></span> <span class='ocrx_word' id='word_1_212' title='bbox 690 3125 869 3171; x_wconf 90' lang='lat' dir='ltr'><strong>autem</strong></span> <span class='ocrx_word' id='word_1_213' title='bbox 907 3117 1173 3172; x_wconf 82' lang='lat' dir='ltr'><strong>sententia</strong></span> <span class='ocrx_word' id='word_1_214' title='bbox 1205 3113 1513 3184; x_wconf 88' lang='lat' dir='ltr'><strong>spiritualis</strong></span> <span class='ocrx_word' id='word_1_215' title='bbox 1544 3113 1754 3170; x_wconf 86' lang='lat' dir='ltr'><strong>firmior</strong></span> <span class='ocrx_word' id='word_1_216' title='bbox 1780 3129 1905 3170; x_wconf 91' lang='lat' dir='ltr'><strong>esse</strong></span> <span class='ocrx_word' id='word_1_217' title='bbox 1940 3122 2106 3184; x_wconf 85' lang='lat' dir='ltr'><strong>atque</strong></span> 
     </span>
    </p>
   </div>
   <div class='ocr_carea' id='block_1_33' title="bbox 2198 630 3761 712">
    <p class='ocr_par' dir='ltr' id='par_1_33' title="bbox 2198 630 3761 712">
     <span class='ocr_line' id='line_1_33' title="bbox 2198 630 3761 712; baseline -0.01 -17"><span class='ocrx_word' id='word_1_218' title='bbox 2198 640 2358 712; x_wconf 88' lang='grc' dir='ltr'>νόμον</span> <span class='ocrx_word' id='word_1_219' title='bbox 2378 641 2608 712; x_wconf 81' lang='grc' dir='ltr'><strong>βλέπων,</strong></span> <span class='ocrx_word' id='word_1_220' title='bbox 2630 637 2709 709; x_wconf 80' lang='grc' dir='ltr'>τῷ</span> <span class='ocrx_word' id='word_1_221' title='bbox 2730 634 2873 706; x_wconf 84' lang='grc' dir='ltr'>φόνῳ</span> <span class='ocrx_word' id='word_1_222' title='bbox 2900 632 3009 687; x_wconf 86' lang='grc' dir='ltr'><strong>τῶν</strong></span> <span class='ocrx_word' id='word_1_223' title='bbox 3032 632 3214 696; x_wconf 81' lang='grc' dir='ltr'>κακῶς</span> <span class='ocrx_word' id='word_1_224' title='bbox 3237 632 3601 707; x_wconf 77' lang='grc' dir='ltr'>ᾠκειωμένων</span> <span class='ocrx_word' id='word_1_225' title='bbox 3624 630 3761 700; x_wconf 75' lang='grc' dir='ltr'>αὐτῷ</span> 
     </span>
    </p>
   </div>
   <div class='ocr_carea' id='block_1_34' title="bbox 2197 722 3764 798">
    <p class='ocr_par' dir='ltr' id='par_1_34' title="bbox 2197 722 3764 798">
     <span class='ocr_line' id='line_1_34' title="bbox 2197 722 3764 798; baseline -0.006 -12"><span class='ocrx_word' id='word_1_226' title='bbox 2197 730 2571 798; x_wconf 79' lang='grc' dir='ltr'><strong>καθαρίζεται.</strong></span> <span class='ocrx_word' id='word_1_227' title='bbox 2607 729 2682 782; x_wconf 80' lang='grc' dir='ltr'><strong>Οὐ</strong></span> <span class='ocrx_word' id='word_1_228' title='bbox 2711 727 2820 798; x_wconf 85' lang='grc' dir='ltr'>γὰρ</span> <span class='ocrx_word' id='word_1_229' title='bbox 2862 727 2970 789; x_wconf 76' lang='grc' dir='ltr'>πᾶς</span> <span class='ocrx_word' id='word_1_230' title='bbox 3002 722 3249 794; x_wconf 79' lang='grc' dir='ltr'>ἀδελφὸς,</span> <span class='ocrx_word' id='word_1_231' title='bbox 3294 726 3408 780; x_wconf 63' lang='grc' dir='ltr'>οδδὲ</span> <span class='ocrx_word' id='word_1_232' title='bbox 3444 724 3621 794; x_wconf 84' lang='grc' dir='ltr'>φίλος,</span> <span class='ocrx_word' id='word_1_233' title='bbox 3654 722 3764 776; x_wconf 66' lang='grc' dir='ltr'>οἵ)δί</span> 
     </span>
    </p>
   </div>
   <div class='ocr_carea' id='block_1_35' title="bbox 2199 814 3760 891">
    <p class='ocr_par' dir='ltr' id='par_1_35' title="bbox 2199 814 3760 891">
     <span class='ocr_line' id='line_1_35' title="bbox 2199 814 3760 891; baseline -0.009 -14"><span class='ocrx_word' id='word_1_234' title='bbox 2199 824 2446 891; x_wconf 80' lang='grc' dir='ltr'><strong>πλησίον,</strong></span> <span class='ocrx_word' id='word_1_235' title='bbox 2475 821 2570 877; x_wconf 72' lang='grc' dir='ltr'><strong>ἐπὶ</strong></span> <span class='ocrx_word' id='word_1_236' title='bbox 2601 821 2662 876; x_wconf 83' lang='grc' dir='ltr'><strong>τὸ</strong></span> <span class='ocrx_word' id='word_1_237' title='bbox 2702 821 2948 891; x_wconf 81' lang='grc' dir='ltr'>κρεῖττον</span> <span class='ocrx_word' id='word_1_238' title='bbox 2973 816 3126 888; x_wconf 78' lang='grc' dir='ltr'>παρὰ</span> <span class='ocrx_word' id='word_1_239' title='bbox 3157 814 3258 885; x_wconf 89' lang='grc' dir='ltr'><strong>τῆς</strong></span> <span class='ocrx_word' id='word_1_240' title='bbox 3291 814 3513 885; x_wconf 69' lang='grc' dir='ltr'>Γραιίίἤς</span> <span class='ocrx_word' id='word_1_241' title='bbox 3540 815 3760 870; x_wconf 78' lang='grc' dir='ltr'>νοεῖται·</span> 
     </span>
    </p>
   </div>
   <div class='ocr_carea' id='block_1_36' title="bbox 2199 903 3768 979">
    <p class='ocr_par' dir='ltr' id='par_1_36' title="bbox 2199 903 3768 979">
     <span class='ocr_line' id='line_1_36' title="bbox 2199 903 3768 979; baseline -0.009 -9"><span class='ocrx_word' id='word_1_242' title='bbox 2199 914 2314 970; x_wconf 83' lang='grc' dir='ltr'>ἀλλ’</span> <span class='ocrx_word' id='word_1_243' title='bbox 2337 913 2450 968; x_wconf 81' lang='grc' dir='ltr'>ἔστι</span> <span class='ocrx_word' id='word_1_244' title='bbox 2474 930 2560 976; x_wconf 88' lang='grc' dir='ltr'><strong>τις</strong></span> <span class='ocrx_word' id='word_1_245' title='bbox 2589 911 2684 966; x_wconf 73' lang='grc' dir='ltr'>καὶ</span> <span class='ocrx_word' id='word_1_246' title='bbox 2703 907 2930 979; x_wconf 76' lang='grc' dir='ltr'>ἀδελφὸς</span> <span class='ocrx_word' id='word_1_247' title='bbox 2953 907 3048 960; x_wconf 63' lang='grc' dir='ltr'><strong>καλ⁹</strong></span> <span class='ocrx_word' id='word_1_248' title='bbox 3067 904 3365 975; x_wconf 83' lang='grc' dir='ltr'>ἀλλότριος,</span> <span class='ocrx_word' id='word_1_249' title='bbox 3390 903 3487 957; x_wconf 75' lang='grc' dir='ltr'><strong>καὶ</strong></span> <span class='ocrx_word' id='word_1_250' title='bbox 3510 905 3661 970; x_wconf 63' lang='grc' dir='ltr'>φαος</span> <span class='ocrx_word' id='word_1_251' title='bbox 3684 904 3768 958; x_wconf 72' lang='grc' dir='ltr'><strong>καὶ</strong></span> 
     </span>
    </p>
   </div>
   <div class='ocr_carea' id='block_1_37' title="bbox 2199 993 3774 1078">
    <p class='ocr_par' dir='ltr' id='par_1_37' title="bbox 2199 993 3774 1078">
     <span class='ocr_line' id='line_1_37' title="bbox 2199 993 3774 1078; baseline -0.008 -19"><span class='ocrx_word' id='word_1_252' title='bbox 2199 1005 2412 1078; x_wconf 79' lang='grc' dir='ltr'>ἐχθρὸς,</span> <span class='ocrx_word' id='word_1_253' title='bbox 2442 1005 2535 1059; x_wconf 68' lang='grc' dir='ltr'><strong>καὶ</strong></span> <span class='ocrx_word' id='word_1_254' title='bbox 2563 1002 2789 1074; x_wconf 76' lang='grc' dir='ltr'><strong>πλησίον</strong></span> <span class='ocrx_word' id='word_1_255' title='bbox 2817 1000 2911 1054; x_wconf 81' lang='grc' dir='ltr'><strong>καί</strong></span> <span class='ocrx_word' id='word_1_256' title='bbox 2942 998 3002 1064; x_wconf 79' lang='grc' dir='ltr'><strong>ἐξ</strong></span> <span class='ocrx_word' id='word_1_257' title='bbox 3027 995 3276 1059; x_wconf 77' lang='grc' dir='ltr'>ἐναντίας</span> <span class='ocrx_word' id='word_1_258' title='bbox 3295 993 3627 1064; x_wconf 83' lang='grc' dir='ltr'>ἰστάμενος.</span> <span class='ocrx_word' id='word_1_259' title='bbox 3648 994 3774 1078; x_wconf 73' lang='grc' dir='ltr'><strong>τοῦ·</strong></span> 
     </span>
    </p>
   </div>
   <div class='ocr_carea' id='block_1_38' title="bbox 2198 1076 3773 1166">
    <p class='ocr_par' dir='ltr' id='par_1_38' title="bbox 2198 1076 3773 1166">
     <span class='ocr_line' id='line_1_38' title="bbox 2198 1076 3773 1166; baseline -0.008 -15"><span class='ocrx_word' id='word_1_260' title='bbox 2198 1076 2324 1161; x_wconf 85' lang='grc' dir='ltr'>τους</span> <span class='ocrx_word' id='word_1_261' title='bbox 2345 1096 2570 1166; x_wconf 81' lang='grc' dir='ltr'>νοοῦμεν</span> <span class='ocrx_word' id='word_1_262' title='bbox 2589 1094 2714 1158; x_wconf 85' lang='grc' dir='ltr'>τοὺς</span> <span class='ocrx_word' id='word_1_263' title='bbox 2743 1089 3161 1163; x_wconf 83' lang='grc' dir='ltr'>συμφυομένους</span> <span class='ocrx_word' id='word_1_264' title='bbox 3189 1089 3322 1159; x_wconf 79' lang='grc' dir='ltr'>ἡμῖν</span> <span class='ocrx_word' id='word_1_265' title='bbox 3343 1083 3643 1155; x_wconf 83' lang='grc' dir='ltr'>λογισμούς</span> <span class='ocrx_word' id='word_1_266' title='bbox 3665 1100 3680 1114; x_wconf 71' lang='grc' dir='ltr'><strong>ο</strong></span> <span class='ocrx_word' id='word_1_267' title='bbox 3707 1076 3773 1138; x_wconf 66' lang='grc' dir='ltr'>ὢν</span> 
     </span>
    </p>
   </div>
   <div class='ocr_carea' id='block_1_39' title="bbox 2199 1176 3774 1262">
    <p class='ocr_par' dir='ltr' id='par_1_39' title="bbox 2199 1176 3774 1262">
     <span class='ocr_line' id='line_1_39' title="bbox 2199 1176 3774 1262; baseline -0.009 -19"><span class='ocrx_word' id='word_1_268' title='bbox 2199 1190 2234 1262; x_wconf 79' lang='grc' dir='ltr'>ἡ</span> <span class='ocrx_word' id='word_1_269' title='bbox 2261 1188 2374 1260; x_wconf 76' lang='grc' dir='ltr'><strong>ζωὴ</strong></span> <span class='ocrx_word' id='word_1_270' title='bbox 2405 1188 2526 1260; x_wconf 87' lang='grc' dir='ltr'>μὲν,</span> <span class='ocrx_word' id='word_1_271' title='bbox 2552 1185 2822 1259; x_wconf 79' lang='grc' dir='ltr'>ἡμέτερον</span> <span class='ocrx_word' id='word_1_272' title='bbox 2863 1182 3123 1239; x_wconf 82' lang='grc' dir='ltr'><strong>θάνατον⁹</strong></span> <span class='ocrx_word' id='word_1_273' title='bbox 3159 1181 3191 1235; x_wconf 91' lang='lat'><strong>6</strong></span> <span class='ocrx_word' id='word_1_274' title='bbox 3217 1180 3275 1234; x_wconf 82' lang='grc' dir='ltr'>δὲ</span> <span class='ocrx_word' id='word_1_275' title='bbox 3307 1178 3538 1242; x_wconf 82' lang='grc' dir='ltr'>θάνατος</span> <span class='ocrx_word' id='word_1_276' title='bbox 3577 1176 3774 1242; x_wconf 76' lang='grc' dir='ltr'>αὐτῶν,</span> 
     </span>
    </p>
   </div>
   <div class='ocr_carea' id='block_1_40' title="bbox 2202 1273 3104 1351">
    <p class='ocr_par' dir='ltr' id='par_1_40' title="bbox 2202 1273 3104 1351">
     <span class='ocr_line' id='line_1_40' title="bbox 2202 1273 3104 1351; baseline -0.009 -16"><span class='ocrx_word' id='word_1_277' title='bbox 2202 1280 2475 1351; x_wconf 75' lang='grc' dir='ltr'>ἡμετέραν</span> <span class='ocrx_word' id='word_1_278' title='bbox 2513 1277 2656 1351; x_wconf 81' lang='grc' dir='ltr'>ζωὴν</span> <span class='ocrx_word' id='word_1_279' title='bbox 2685 1273 3104 1348; x_wconf 80' lang='grc' dir='ltr'><strong>κατεργάζεται.</strong></span> 
     </span>
    </p>
   </div>
   <div class='ocr_carea' id='block_1_41' title="bbox 2273 1362 3779 1438">
    <p class='ocr_par' dir='ltr' id='par_1_41' title="bbox 2273 1362 3779 1438">
     <span class='ocr_line' id='line_1_41' title="bbox 2273 1362 3779 1438; baseline -0.006 -14"><span class='ocrx_word' id='word_1_280' title='bbox 2273 1369 2562 1436; x_wconf 75' lang='grc' dir='ltr'>Συμφωνιϊ</span> <span class='ocrx_word' id='word_1_281' title='bbox 2600 1371 2655 1424; x_wconf 83' lang='grc' dir='ltr'>δὲ</span> <span class='ocrx_word' id='word_1_282' title='bbox 2683 1371 2744 1423; x_wconf 84' lang='grc' dir='ltr'><strong>τὸ</strong></span> <span class='ocrx_word' id='word_1_283' title='bbox 2772 1368 2982 1422; x_wconf 81' lang='grc' dir='ltr'>τοιοῦτο</span> <span class='ocrx_word' id='word_1_284' title='bbox 3023 1367 3205 1438; x_wconf 87' lang='grc' dir='ltr'>νόημα</span> <span class='ocrx_word' id='word_1_285' title='bbox 3235 1367 3346 1429; x_wconf 78' lang='grc' dir='ltr'>τοῖς</span> <span class='ocrx_word' id='word_1_286' title='bbox 3381 1363 3481 1435; x_wconf 81' lang='grc' dir='ltr'><strong>ῆδη</strong></span> <span class='ocrx_word' id='word_1_287' title='bbox 3517 1362 3656 1433; x_wconf 76' lang='grc' dir='ltr'>περὶ</span> <span class='ocrx_word' id='word_1_288' title='bbox 3694 1362 3779 1416; x_wconf 72' lang='grc' dir='ltr'>τὸν</span> 
     </span>
    </p>
   </div>
   <div class='ocr_carea' id='block_1_42' title="bbox 2216 1453 3776 1530">
    <p class='ocr_par' dir='ltr' id='par_1_42' title="bbox 2216 1453 3776 1530">
     <span class='ocr_line' id='line_1_42' title="bbox 2216 1453 3776 1530; baseline -0.006 -15"><span class='ocrx_word' id='word_1_289' title='bbox 2216 1457 2429 1530; x_wconf 84' lang='grc' dir='ltr'>Ἀαρὼν</span> <span class='ocrx_word' id='word_1_290' title='bbox 2466 1454 2854 1522; x_wconf 75' lang='grc' dir='ltr'>ἐξετασθεῖσιν,</span> <span class='ocrx_word' id='word_1_291' title='bbox 2888 1459 2976 1512; x_wconf 73' lang='grc' dir='ltr'><strong>ὅτε</strong></span> <span class='ocrx_word' id='word_1_292' title='bbox 3015 1459 3106 1513; x_wconf 85' lang='grc' dir='ltr'><strong>διὰ</strong></span> <span class='ocrx_word' id='word_1_293' title='bbox 3149 1457 3250 1529; x_wconf 87' lang='grc' dir='ltr'><strong>τῆς</strong></span> <span class='ocrx_word' id='word_1_294' title='bbox 3287 1455 3579 1526; x_wconf 82' lang='grc' dir='ltr'>συντυχίας</span> <span class='ocrx_word' id='word_1_295' title='bbox 3621 1453 3776 1508; x_wconf 81' lang='grc' dir='ltr'>αὑτοῦ</span> 
     </span>
    </p>
   </div>
   <div class='ocr_carea' id='block_1_43' title="bbox 2203 1546 3778 1620">
    <p class='ocr_par' dir='ltr' id='par_1_43' title="bbox 2203 1546 3778 1620">
     <span class='ocr_line' id='line_1_43' title="bbox 2203 1546 3778 1620; baseline -0.003 -16"><span class='ocrx_word' id='word_1_296' title='bbox 2203 1551 2295 1604; x_wconf 84' lang='grc' dir='ltr'><strong>τὸν</strong></span> <span class='ocrx_word' id='word_1_297' title='bbox 2321 1547 2610 1620; x_wconf 80' lang='grc' dir='ltr'>σύμμαχόν</span> <span class='ocrx_word' id='word_1_298' title='bbox 2637 1565 2698 1602; x_wconf 91' lang='grc' dir='ltr'><strong>τε</strong></span> <span class='ocrx_word' id='word_1_299' title='bbox 2745 1546 2841 1601; x_wconf 68' lang='grc' dir='ltr'>καὶ</span> <span class='ocrx_word' id='word_1_300' title='bbox 2887 1547 3246 1618; x_wconf 78' lang='grc' dir='ltr'>παραστάτην</span> <span class='ocrx_word' id='word_1_301' title='bbox 3283 1549 3514 1618; x_wconf 72' lang='grc' dir='ltr'>ἄγγελον</span> <span class='ocrx_word' id='word_1_302' title='bbox 3553 1547 3778 1616; x_wconf 62' lang='grc' dir='ltr'>ὲνοήσαυ</span> 
     </span>
    </p>
   </div>
   <div class='ocr_carea' id='block_1_44' title="bbox 2206 1638 3779 1715">
    <p class='ocr_par' dir='ltr' id='par_1_44' title="bbox 2206 1638 3779 1715">
     <span class='ocr_line' id='line_1_44' title="bbox 2206 1638 3779 1715; baseline -0.003 -19"><span class='ocrx_word' id='word_1_303' title='bbox 2206 1660 2328 1715; x_wconf 92' lang='grc' dir='ltr'>μεν,</span> <span class='ocrx_word' id='word_1_304' title='bbox 2364 1640 2456 1695; x_wconf 80' lang='grc' dir='ltr'>τὸν</span> <span class='ocrx_word' id='word_1_305' title='bbox 2480 1640 2550 1695; x_wconf 89' lang='grc' dir='ltr'><strong>τά</strong></span> <span class='ocrx_word' id='word_1_306' title='bbox 2581 1642 2786 1712; x_wconf 78' lang='grc' dir='ltr'>σημεῖα</span> <span class='ocrx_word' id='word_1_307' title='bbox 2827 1639 2972 1694; x_wconf 89' lang='grc' dir='ltr'><strong>κατά</strong></span> <span class='ocrx_word' id='word_1_308' title='bbox 2995 1639 3104 1693; x_wconf 88' lang='grc' dir='ltr'><strong>τῶν</strong></span> <span class='ocrx_word' id='word_1_309' title='bbox 3139 1639 3454 1708; x_wconf 71' lang='grc' dir='ltr'>Αἰγυπτίων</span> <span class='ocrx_word' id='word_1_310' title='bbox 3479 1638 3779 1712; x_wconf 73' lang='grc' dir='ltr'>ἐργαζόμε-</span> 
     </span>
    </p>
   </div>
   <div class='ocr_carea' id='block_1_45' title="bbox 2204 1729 3779 1806">
    <p class='ocr_par' dir='ltr' id='par_1_45' title="bbox 2204 1729 3779 1806">
     <span class='ocr_line' id='line_1_45' title="bbox 2204 1729 3779 1806; baseline -0.004 -17"><span class='ocrx_word' id='word_1_311' title='bbox 2204 1752 2314 1800; x_wconf 86' lang='grc' dir='ltr'>νον,</span> <span class='ocrx_word' id='word_1_312' title='bbox 2352 1732 2780 1806; x_wconf 80' lang='grc' dir='ltr'>προγενέστερον</span> <span class='ocrx_word' id='word_1_313' title='bbox 2812 1732 3042 1796; x_wconf 80' lang='grc' dir='ltr'>εἰκότως</span> <span class='ocrx_word' id='word_1_314' title='bbox 3086 1730 3373 1802; x_wconf 77' lang='grc' dir='ltr'>νοούμενον</span> <span class='ocrx_word' id='word_1_315' title='bbox 3392 1746 3406 1760; x_wconf 87' lang='grc'><strong>·</strong></span> <span class='ocrx_word' id='word_1_316' title='bbox 3438 1729 3527 1782; x_wconf 81' lang='grc' dir='ltr'>διὰ</span> <span class='ocrx_word' id='word_1_317' title='bbox 3558 1731 3620 1784; x_wconf 80' lang='grc' dir='ltr'>τὸ</span> <span class='ocrx_word' id='word_1_318' title='bbox 3653 1748 3779 1803; x_wconf 84' lang='grc' dir='ltr'>προ-</span> 
     </span>
    </p>
   </div>
   <div class='ocr_carea' id='block_1_46' title="bbox 2205 1821 3778 1898">
    <p class='ocr_par' dir='ltr' id='par_1_46' title="bbox 2205 1821 3778 1898">
     <span class='ocr_line' id='line_1_46' title="bbox 2205 1821 3778 1898; baseline -0.004 -16"><span class='ocrx_word' id='word_1_319' title='bbox 2205 1825 2637 1882; x_wconf 84' lang='grc' dir='ltr'>κατεσκευάσθαι</span> <span class='ocrx_word' id='word_1_320' title='bbox 2673 1826 2772 1897; x_wconf 89' lang='grc' dir='ltr'><strong>τῆς</strong></span> <span class='ocrx_word' id='word_1_321' title='bbox 2801 1825 3016 1893; x_wconf 83' lang='grc' dir='ltr'>φύσεως</span> <span class='ocrx_word' id='word_1_322' title='bbox 3046 1823 3202 1898; x_wconf 75' lang='grc' dir='ltr'>ἡμῶν</span> <span class='ocrx_word' id='word_1_323' title='bbox 3233 1823 3330 1896; x_wconf 78' lang='grc' dir='ltr'>τὴν</span> <span class='ocrx_word' id='word_1_324' title='bbox 3358 1821 3659 1892; x_wconf 76' lang='grc' dir='ltr'><strong>ἀγγελικὴν</strong></span> <span class='ocrx_word' id='word_1_325' title='bbox 3691 1823 3778 1876; x_wconf 81' lang='grc' dir='ltr'><strong>καί</strong></span> 
     </span>
    </p>
   </div>
   <div class='ocr_carea' id='block_1_47' title="bbox 2204 1913 3777 1990">
    <p class='ocr_par' dir='ltr' id='par_1_47' title="bbox 2204 1913 3777 1990">
     <span class='ocr_line' id='line_1_47' title="bbox 2204 1913 3777 1990; baseline -0.006 -16"><span class='ocrx_word' id='word_1_326' title='bbox 2204 1919 2492 1990; x_wconf 88' lang='grc' dir='ltr'>ἀσώματον</span> <span class='ocrx_word' id='word_1_327' title='bbox 2518 1917 2698 1988; x_wconf 83' lang='grc' dir='ltr'>φύσιν.</span> <span class='ocrx_word' id='word_1_328' title='bbox 2735 1916 2984 1988; x_wconf 77' lang='grc' dir='ltr'>Ἀδελφδν</span> <span class='ocrx_word' id='word_1_329' title='bbox 3009 1916 3087 1980; x_wconf 82' lang='grc' dir='ltr'><strong>δὲ,</strong></span> <span class='ocrx_word' id='word_1_330' title='bbox 3111 1915 3200 1970; x_wconf 80' lang='grc' dir='ltr'>διὰ</span> <span class='ocrx_word' id='word_1_331' title='bbox 3219 1916 3320 1987; x_wconf 79' lang='grc' dir='ltr'><strong>τὴν</strong></span> <span class='ocrx_word' id='word_1_332' title='bbox 3347 1914 3672 1984; x_wconf 87' lang='grc' dir='ltr'>συγγένειαν</span> <span class='ocrx_word' id='word_1_333' title='bbox 3689 1913 3777 1966; x_wconf 80' lang='grc' dir='ltr'><strong>τοῦ</strong></span> 
     </span>
    </p>
   </div>
   <div class='ocr_carea' id='block_1_48' title="bbox 2205 2001 3778 2084">
    <p class='ocr_par' dir='ltr' id='par_1_48' title="bbox 2205 2001 3778 2084">
     <span class='ocr_line' id='line_1_48' title="bbox 2205 2001 3778 2084; baseline -0.004 -19"><span class='ocrx_word' id='word_1_334' title='bbox 2205 2011 2397 2084; x_wconf 88' lang='grc' dir='ltr'>νοητοῦ</span> <span class='ocrx_word' id='word_1_335' title='bbox 2435 2010 2642 2064; x_wconf 74' lang='grc' dir='ltr'>ἐκείνου</span> <span class='ocrx_word' id='word_1_336' title='bbox 2675 2009 2814 2082; x_wconf 79' lang='grc' dir='ltr'>πρὸς</span> <span class='ocrx_word' id='word_1_337' title='bbox 2837 2009 2899 2063; x_wconf 78' lang='grc' dir='ltr'>τὸ</span> <span class='ocrx_word' id='word_1_338' title='bbox 2927 2007 3114 2080; x_wconf 84' lang='grc' dir='ltr'>νοητὸν</span> <span class='ocrx_word' id='word_1_339' title='bbox 3140 2007 3202 2062; x_wconf 80' lang='grc' dir='ltr'>τὺ</span> <span class='ocrx_word' id='word_1_340' title='bbox 3231 2006 3518 2080; x_wconf 84' lang='grc' dir='ltr'>ἡμέτερον.</span> <span class='ocrx_word' id='word_1_341' title='bbox 3549 2005 3662 2076; x_wconf 84' lang='grc' dir='ltr'><strong>Τῆς</strong></span> <span class='ocrx_word' id='word_1_342' title='bbox 3691 2001 3778 2060; x_wconf 74' lang='grc' dir='ltr'>οὖν</span> 
     </span>
    </p>
   </div>
   <div class='ocr_carea' id='block_1_49' title="bbox 2203 2095 3777 2174">
    <p class='ocr_par' dir='ltr' id='par_1_49' title="bbox 2203 2095 3777 2174">
     <span class='ocr_line' id='line_1_49' title="bbox 2203 2095 3777 2174; baseline -0.003 -18"><span class='ocrx_word' id='word_1_343' title='bbox 2203 2101 2530 2166; x_wconf 79' lang='grc' dir='ltr'>ἀντιθέσεως</span> <span class='ocrx_word' id='word_1_344' title='bbox 2551 2101 2740 2174; x_wconf 74' lang='grc' dir='ltr'>οὔσης,</span> <span class='ocrx_word' id='word_1_345' title='bbox 2784 2102 2867 2155; x_wconf 83' lang='grc' dir='ltr'><strong>ὄτι</strong></span> <span class='ocrx_word' id='word_1_346' title='bbox 2888 2101 3018 2165; x_wconf 88' lang='grc' dir='ltr'>’πῶς</span> <span class='ocrx_word' id='word_1_347' title='bbox 3046 2095 3183 2173; x_wconf 85' lang='grc' dir='ltr'>πρὸς</span> <span class='ocrx_word' id='word_1_348' title='bbox 3205 2101 3269 2154; x_wconf 80' lang='grc' dir='ltr'><strong>τὸ</strong></span> <span class='ocrx_word' id='word_1_349' title='bbox 3312 2103 3562 2172; x_wconf 85' lang='grc' dir='ltr'>κρεῖττον</span> <span class='ocrx_word' id='word_1_350' title='bbox 3598 2098 3777 2152; x_wconf 73' lang='grc' dir='ltr'>λαϐεῖν</span> 
     </span>
    </p>
   </div>
   <div class='ocr_carea' id='block_1_50' title="bbox 2205 2192 3778 2267">
    <p class='ocr_par' dir='ltr' id='par_1_50' title="bbox 2205 2192 3778 2267">
     <span class='ocr_line' id='line_1_50' title="bbox 2205 2192 3778 2267; baseline -0.003 -18"><span class='ocrx_word' id='word_1_351' title='bbox 2205 2195 2320 2249; x_wconf 74' lang='grc' dir='ltr'>ἐστι</span> <span class='ocrx_word' id='word_1_352' title='bbox 2365 2195 2466 2267; x_wconf 78' lang='grc' dir='ltr'>τὴν</span> <span class='ocrx_word' id='word_1_353' title='bbox 2501 2193 2595 2248; x_wconf 77' lang='grc' dir='ltr'><strong>τοῦ</strong></span> <span class='ocrx_word' id='word_1_354' title='bbox 2651 2193 2862 2261; x_wconf 82' lang='grc' dir='ltr'>’Δαρὼν</span> <span class='ocrx_word' id='word_1_355' title='bbox 2913 2193 3221 2266; x_wconf 82' lang='grc' dir='ltr'>συντυχίαν,</span> <span class='ocrx_word' id='word_1_356' title='bbox 3256 2194 3315 2258; x_wconf 78' lang='grc' dir='ltr'>ὃς</span> <span class='ocrx_word' id='word_1_357' title='bbox 3358 2192 3642 2266; x_wconf 74' lang='grc' dir='ltr'>ὑπηρέτης</span> <span class='ocrx_word' id='word_1_358' title='bbox 3673 2193 3778 2254; x_wconf 76' lang='grc' dir='ltr'>τοῖς</span> 
     </span>
    </p>
   </div>
   <div class='ocr_carea' id='block_1_51' title="bbox 2215 2285 3776 2358">
    <p class='ocr_par' dir='ltr' id='par_1_51' title="bbox 2215 2285 3776 2358">
     <span class='ocr_line' id='line_1_51' title="bbox 2215 2285 3776 2358; baseline -0.002 -18"><span class='ocrx_word' id='word_1_359' title='bbox 2215 2286 2576 2358; x_wconf 83' lang='grc' dir='ltr'>Ἰσραηλίταις</span> <span class='ocrx_word' id='word_1_360' title='bbox 2621 2285 2720 2356; x_wconf 89' lang='grc' dir='ltr'><strong>τῆς</strong></span> <span class='ocrx_word' id='word_1_361' title='bbox 2768 2285 3144 2350; x_wconf 77' lang='grc' dir='ltr'>εἰδωλοποιίας</span> <span class='ocrx_word' id='word_1_362' title='bbox 3189 2286 3437 2355; x_wconf 73' lang='grc' dir='ltr'>ἐγένετοο</span> <span class='ocrx_word' id='word_1_363' title='bbox 3472 2286 3642 2338; x_wconf 86' lang='grc' dir='ltr'>κάκεῖ</span> <span class='ocrx_word' id='word_1_364' title='bbox 3686 2301 3776 2354; x_wconf 79' lang='grc' dir='ltr'>μεο</span> 
     </span>
    </p>
   </div>
   <div class='ocr_carea' id='block_1_52' title="bbox 2202 2375 3778 2449">
    <p class='ocr_par' dir='ltr' id='par_1_52' title="bbox 2202 2375 3778 2449">
     <span class='ocr_line' id='line_1_52' title="bbox 2202 2375 3778 2449; baseline -0.002 -17"><span class='ocrx_word' id='word_1_365' title='bbox 2202 2378 2370 2449; x_wconf 88' lang='grc' dir='ltr'>τρίως</span> <span class='ocrx_word' id='word_1_366' title='bbox 2403 2376 2708 2449; x_wconf 78' lang='grc' dir='ltr'>παρεδήλου</span> <span class='ocrx_word' id='word_1_367' title='bbox 2746 2375 2845 2447; x_wconf 81' lang='grc' dir='ltr'><strong>τὴν</strong></span> <span class='ocrx_word' id='word_1_368' title='bbox 2889 2376 2987 2447; x_wconf 89' lang='grc' dir='ltr'><strong>τῆς</strong></span> <span class='ocrx_word' id='word_1_369' title='bbox 3025 2377 3380 2449; x_wconf 83' lang='grc' dir='ltr'>ἀδελφότητος</span> <span class='ocrx_word' id='word_1_370' title='bbox 3412 2376 3731 2447; x_wconf 82' lang='grc' dir='ltr'>ὁμωνυμίαν</span> <span class='ocrx_word' id='word_1_371' title='bbox 3751 2378 3778 2429; x_wconf 82' lang='grc'>6</span> 
     </span>
    </p>
   </div>
   <div class='ocr_carea' id='block_1_53' title="bbox 2203 2467 3776 2540">
    <p class='ocr_par' dir='ltr' id='par_1_53' title="bbox 2203 2467 3776 2540">
     <span class='ocr_line' id='line_1_53' title="bbox 2203 2467 3776 2540; baseline -0.003 -16"><span class='ocrx_word' id='word_1_372' title='bbox 2203 2470 2381 2539; x_wconf 79' lang='grc' dir='ltr'>λόγος.</span> <span class='ocrx_word' id='word_1_373' title='bbox 2408 2470 2484 2533; x_wconf 84' lang='grc' dir='ltr'>ὡς</span> <span class='ocrx_word' id='word_1_374' title='bbox 2513 2467 2634 2540; x_wconf 72' lang='grc' dir='ltr'>οὐχὶ</span> <span class='ocrx_word' id='word_1_375' title='bbox 2660 2469 2890 2523; x_wconf 83' lang='grc' dir='ltr'>πάντοτε</span> <span class='ocrx_word' id='word_1_376' title='bbox 2918 2467 3014 2521; x_wconf 78' lang='grc' dir='ltr'><strong>τοῦ</strong></span> <span class='ocrx_word' id='word_1_377' title='bbox 3043 2467 3205 2524; x_wconf 81' lang='grc' dir='ltr'>αὐτοῦ</span> <span class='ocrx_word' id='word_1_378' title='bbox 3247 2468 3650 2539; x_wconf 75' lang='grc' dir='ltr'>σημαινομένου</span> <span class='ocrx_word' id='word_1_379' title='bbox 3676 2467 3776 2521; x_wconf 63' lang='grc' dir='ltr'>ἀπὸ</span> 
     </span>
    </p>
   </div>
   <div class='ocr_carea' id='block_1_54' title="bbox 2202 2557 3776 2633">
    <p class='ocr_par' dir='ltr' id='par_1_54' title="bbox 2202 2557 3776 2633">
     <span class='ocr_line' id='line_1_54' title="bbox 2202 2557 3776 2633; baseline -0.003 -16"><span class='ocrx_word' id='word_1_380' title='bbox 2202 2563 2304 2633; x_wconf 89' lang='grc' dir='ltr'><strong>τῆς</strong></span> <span class='ocrx_word' id='word_1_381' title='bbox 2337 2561 2509 2632; x_wconf 81' lang='grc' dir='ltr'>αὐτῆς</span> <span class='ocrx_word' id='word_1_382' title='bbox 2537 2560 2745 2632; x_wconf 85' lang='grc' dir='ltr'>φωνῆς,</span> <span class='ocrx_word' id='word_1_383' title='bbox 2785 2560 2914 2614; x_wconf 80' lang='grc' dir='ltr'>ὅταν</span> <span class='ocrx_word' id='word_1_384' title='bbox 2945 2557 3169 2613; x_wconf 74' lang='grc' dir='ltr'>ἐπὶτῶν</span> <span class='ocrx_word' id='word_1_385' title='bbox 3210 2561 3463 2614; x_wconf 78' lang='grc' dir='ltr'>ἐναντίων</span> <span class='ocrx_word' id='word_1_386' title='bbox 3496 2560 3776 2631; x_wconf 71' lang='grc' dir='ltr'>νοημάτων</span> 
     </span>
    </p>
   </div>
   <div class='ocr_carea' id='block_1_55' title="bbox 2203 2649 3777 2725">
    <p class='ocr_par' dir='ltr' id='par_1_55' title="bbox 2203 2649 3777 2725">
     <span class='ocr_line' id='line_1_55' title="bbox 2203 2649 3777 2725; baseline -0.004 -14"><span class='ocrx_word' id='word_1_387' title='bbox 2203 2657 2265 2711; x_wconf 82' lang='grc' dir='ltr'><strong>τὸ</strong></span> <span class='ocrx_word' id='word_1_388' title='bbox 2306 2654 2436 2710; x_wconf 80' lang='grc' dir='ltr'>αὐτὸ</span> <span class='ocrx_word' id='word_1_389' title='bbox 2477 2653 2830 2725; x_wconf 77' lang='grc' dir='ltr'>λαμϐάνηται</span> <span class='ocrx_word' id='word_1_390' title='bbox 2851 2653 3047 2724; x_wconf 73' lang='grc' dir='ltr'>ὄνομα.</span> <span class='ocrx_word' id='word_1_391' title='bbox 3089 2649 3228 2704; x_wconf 73' lang='grc' dir='ltr'>Ἀλλ’</span> <span class='ocrx_word' id='word_1_392' title='bbox 3265 2649 3454 2721; x_wconf 70' lang='grc' dir='ltr'>ἔτερος</span> <span class='ocrx_word' id='word_1_393' title='bbox 3499 2653 3600 2722; x_wconf 67' lang='grc' dir='ltr'>μὲν</span> <span class='ocrx_word' id='word_1_394' title='bbox 3629 2652 3777 2707; x_wconf 67' lang='grc' dir='ltr'>ἀδελ-</span> 
     </span>
    </p>
   </div>
   <div class='ocr_carea' id='block_1_56' title="bbox 2205 2740 3777 2818">
    <p class='ocr_par' dir='ltr' id='par_1_56' title="bbox 2205 2740 3777 2818">
     <span class='ocr_line' id='line_1_56' title="bbox 2205 2740 3777 2818; baseline -0.006 -16"><span class='ocrx_word' id='word_1_395' title='bbox 2205 2748 2302 2818; x_wconf 82' lang='grc' dir='ltr'><strong>φὺς</strong></span> <span class='ocrx_word' id='word_1_396' title='bbox 2329 2749 2357 2801; x_wconf 87' lang='lat'><strong>6</strong></span> <span class='ocrx_word' id='word_1_397' title='bbox 2404 2744 2683 2814; x_wconf 87' lang='grc' dir='ltr'>καθαιρῶν</span> <span class='ocrx_word' id='word_1_398' title='bbox 2720 2744 2814 2798; x_wconf 82' lang='grc' dir='ltr'><strong>τὸν</strong></span> <span class='ocrx_word' id='word_1_399' title='bbox 2857 2744 3153 2814; x_wconf 76' lang='grc' dir='ltr'>Αἰγύπτιον</span> <span class='ocrx_word' id='word_1_400' title='bbox 3181 2740 3476 2814; x_wconf 75' lang='grc' dir='ltr'>τύραννονο</span> <span class='ocrx_word' id='word_1_401' title='bbox 3528 2742 3686 2806; x_wconf 70' lang='grc' dir='ltr'>ἄλλος</span> <span class='ocrx_word' id='word_1_402' title='bbox 3726 2744 3777 2799; x_wconf 62' lang='grc' dir='ltr'><strong>ἃ</strong></span> 
     </span>
    </p>
   </div>
   <div class='ocr_carea' id='block_1_57' title="bbox 2204 2834 3779 2909">
    <p class='ocr_par' dir='ltr' id='par_1_57' title="bbox 2204 2834 3779 2909">
     <span class='ocr_line' id='line_1_57' title="bbox 2204 2834 3779 2909; baseline -0.003 -15"><span class='ocrx_word' id='word_1_403' title='bbox 2204 2841 2368 2896; x_wconf 83' lang='grc' dir='ltr'>πάλιν</span> <span class='ocrx_word' id='word_1_404' title='bbox 2396 2842 2424 2894; x_wconf 94' lang='lat'><strong>6</strong></span> <span class='ocrx_word' id='word_1_405' title='bbox 2453 2837 2749 2894; x_wconf 88' lang='grc' dir='ltr'>ἀποτυπῶν</span> <span class='ocrx_word' id='word_1_406' title='bbox 2773 2841 2886 2901; x_wconf 84' lang='grc' dir='ltr'>τοῖς</span> <span class='ocrx_word' id='word_1_407' title='bbox 2930 2836 3290 2909; x_wconf 82' lang='grc' dir='ltr'>Ἰσραηλίταις</span> <span class='ocrx_word' id='word_1_408' title='bbox 3317 2835 3378 2889; x_wconf 74' lang='grc' dir='ltr'>τὸ</span> <span class='ocrx_word' id='word_1_409' title='bbox 3409 2834 3652 2907; x_wconf 68' lang='grc' dir='ltr'>εἴᾷολον,</span> <span class='ocrx_word' id='word_1_410' title='bbox 3682 2836 3779 2890; x_wconf 68' lang='grc' dir='ltr'><strong>κᾶν</strong></span> 
     </span>
    </p>
   </div>
   <div class='ocr_carea' id='block_1_58' title="bbox 2205 2928 3778 3008">
    <p class='ocr_par' dir='ltr' id='par_1_58' title="bbox 2205 2928 3778 3008">
     <span class='ocr_line' id='line_1_58' title="bbox 2205 2928 3778 3008; baseline -0.002 -23"><span class='ocrx_word' id='word_1_411' title='bbox 2205 2932 2263 2985; x_wconf 79' lang='grc' dir='ltr'>ἓν</span> <span class='ocrx_word' id='word_1_412' title='bbox 2367 2932 2455 2985; x_wconf 78' lang='grc' dir='ltr'>ἐπ’</span> <span class='ocrx_word' id='word_1_413' title='bbox 2503 2929 2828 3002; x_wconf 81' lang='grc' dir='ltr'>ἀμφοτέρων</span> <span class='ocrx_word' id='word_1_414' title='bbox 2855 2932 2916 2982; x_wconf 83' lang='grc' dir='ltr'>τὸ</span> <span class='ocrx_word' id='word_1_415' title='bbox 2951 2929 3140 2999; x_wconf 76' lang='grc' dir='ltr'>ὄνομα.</span> <span class='ocrx_word' id='word_1_416' title='bbox 3183 2928 3342 2983; x_wconf 83' lang='grc' dir='ltr'>Κατὰ</span> <span class='ocrx_word' id='word_1_417' title='bbox 3380 2928 3490 2982; x_wconf 86' lang='grc' dir='ltr'><strong>τῶν</strong></span> <span class='ocrx_word' id='word_1_418' title='bbox 3527 2928 3778 2983; x_wconf 80' lang='grc' dir='ltr'>τοιούτων</span> 
     </span>
    </p>
   </div>
   <div class='ocr_carea' id='block_1_59' title="bbox 2205 3016 3778 3094">
    <p class='ocr_par' dir='ltr' id='par_1_59' title="bbox 2205 3016 3778 3094">
     <span class='ocr_line' id='line_1_59' title="bbox 2205 3016 3778 3094; baseline -0.003 -14"><span class='ocrx_word' id='word_1_419' title='bbox 2205 3021 2299 3080; x_wconf 75' lang='grc' dir='ltr'><strong>οὖν</strong></span> <span class='ocrx_word' id='word_1_420' title='bbox 2329 3022 2570 3092; x_wconf 82' lang='grc' dir='ltr'>ἀδελφῶν</span> <span class='ocrx_word' id='word_1_421' title='bbox 2599 3023 2909 3093; x_wconf 85' lang='grc' dir='ltr'>ἀπογυμνοῖ</span> <span class='ocrx_word' id='word_1_422' title='bbox 2935 3024 2962 3076; x_wconf 86' lang='grc' dir='ltr'>ὁ</span> <span class='ocrx_word' id='word_1_423' title='bbox 2991 3021 3234 3092; x_wconf 80' lang='grc' dir='ltr'>Μωῦσῆς</span> <span class='ocrx_word' id='word_1_424' title='bbox 3256 3021 3318 3075; x_wconf 80' lang='grc' dir='ltr'>τὸ</span> <span class='ocrx_word' id='word_1_425' title='bbox 3345 3021 3516 3091; x_wconf 79' lang='grc' dir='ltr'>ξίφος.</span> <span class='ocrx_word' id='word_1_426' title='bbox 3550 3022 3686 3094; x_wconf 84' lang='grc' dir='ltr'>Περί</span> <span class='ocrx_word' id='word_1_427' title='bbox 3710 3016 3778 3076; x_wconf 78' lang='grc' dir='ltr'>ὧν</span> 
     </span>
    </p>
   </div>
   <div class='ocr_carea' id='block_1_60' title="bbox 2203 3111 3777 3192">
    <p class='ocr_par' dir='ltr' id='par_1_60' title="bbox 2203 3111 3777 3192">
     <span class='ocr_line' id='line_1_60' title="bbox 2203 3111 3777 3192; baseline -0.004 -19"><span class='ocrx_word' id='word_1_428' title='bbox 2203 3119 2313 3192; x_wconf 88' lang='grc' dir='ltr'><strong>γάρ</strong></span> <span class='ocrx_word' id='word_1_429' title='bbox 2340 3117 2522 3180; x_wconf 77' lang='grc' dir='ltr'>ἄλλοις</span> <span class='ocrx_word' id='word_1_430' title='bbox 2549 3114 2942 3175; x_wconf 80' lang='grc' dir='ltr'>διακελεύεται.</span> <span class='ocrx_word' id='word_1_431' title='bbox 2989 3115 3082 3168; x_wconf 73' lang='grc' dir='ltr'><strong>καὶ</strong></span> <span class='ocrx_word' id='word_1_432' title='bbox 3113 3111 3288 3184; x_wconf 80' lang='grc' dir='ltr'>ἑαυτῷ</span> <span class='ocrx_word' id='word_1_433' title='bbox 3317 3112 3520 3185; x_wconf 78' lang='grc' dir='ltr'>δηλαδὴ</span> <span class='ocrx_word' id='word_1_434' title='bbox 3562 3113 3777 3183; x_wconf 86' lang='grc' dir='ltr'>νομοθε-</span> 
     </span>
    </p>
   </div>
   <div class='ocr_carea' id='block_1_61' title="bbox 531 3204 2103 3291">
    <p class='ocr_par' dir='ltr' id='par_1_61' title="bbox 531 3206 2103 3277">
     <span class='ocr_line' id='line_1_61' title="bbox 531 3206 2103 3277; baseline 0 -15"><span class='ocrx_word' id='word_1_435' title='bbox 531 3210 711 3264; x_wconf 90' lang='lat' dir='ltr'><strong>verior</strong></span> <span class='ocrx_word' id='word_1_436' title='bbox 739 3207 1032 3271; x_wconf 84' lang='lat' dir='ltr'><strong>videbitur,</strong></span> <span class='ocrx_word' id='word_1_437' title='bbox 1079 3206 1124 3262; x_wconf 89' lang='lat' dir='ltr'><strong>si</strong></span> <span class='ocrx_word' id='word_1_438' title='bbox 1157 3206 1402 3277; x_wconf 75' lang='lat' dir='ltr'><strong>quaedam</strong></span> <span class='ocrx_word' id='word_1_439' title='bbox 1445 3206 1612 3262; x_wconf 89' lang='lat' dir='ltr'><strong>etiam</strong></span> <span class='ocrx_word' id='word_1_440' title='bbox 1649 3206 1756 3262; x_wconf 89' lang='lat' dir='ltr'><strong>alia</strong></span> <span class='ocrx_word' id='word_1_441' title='bbox 1787 3207 1844 3261; x_wconf 92' lang='lat' dir='ltr'><strong>in</strong></span> <span class='ocrx_word' id='word_1_442' title='bbox 1876 3206 2103 3262; x_wconf 87' lang='lat' dir='ltr'><strong>historia</strong></span> 
     </span>
    </p>
   </div>
   <div class='ocr_carea' id='block_1_62' title="bbox 2206 3204 3778 3291">
    <p class='ocr_par' dir='ltr' id='par_1_62' title="bbox 2206 3204 3778 3281">
     <span class='ocr_line' id='line_1_62' title="bbox 2206 3204 3778 3281; baseline -0.005 -14"><span class='ocrx_word' id='word_1_443' title='bbox 2206 3215 2291 3267; x_wconf 87' lang='grc' dir='ltr'><strong>τεῖ</strong></span> <span class='ocrx_word' id='word_1_444' title='bbox 2318 3211 2378 3266; x_wconf 81' lang='grc' dir='ltr'><strong>τὸ</strong></span> <span class='ocrx_word' id='word_1_445' title='bbox 2403 3206 2541 3265; x_wconf 84' lang='grc' dir='ltr'>ῐσον.</span> <span class='ocrx_word' id='word_1_446' title='bbox 2586 3209 2888 3281; x_wconf 82' lang='grc' dir='ltr'>Ἀναίρεσις</span> <span class='ocrx_word' id='word_1_447' title='bbox 2916 3207 2975 3262; x_wconf 82' lang='grc' dir='ltr'><strong>δέ</strong></span> <span class='ocrx_word' id='word_1_448' title='bbox 3003 3209 3120 3261; x_wconf 90' lang='grc' dir='ltr'>ὲστι</span> <span class='ocrx_word' id='word_1_449' title='bbox 3141 3204 3236 3260; x_wconf 82' lang='grc' dir='ltr'>τοῦ</span> <span class='ocrx_word' id='word_1_450' title='bbox 3260 3206 3506 3260; x_wconf 85' lang='grc' dir='ltr'>τοιούτου</span> <span class='ocrx_word' id='word_1_451' title='bbox 3530 3205 3778 3275; x_wconf 76' lang='grc' dir='ltr'>ἀδελφοῦ,</span> 
     </span>
    </p>
   </div>
   <div class='ocr_carea' id='block_1_63' title="bbox 533 3298 2103 3369">
    <p class='ocr_par' dir='ltr' id='par_1_63' title="bbox 533 3298 2103 3369">
     <span class='ocr_line' id='line_1_63' title="bbox 533 3298 2103 3369; baseline -0.002 -14"><span class='ocrx_word' id='word_1_452' title='bbox 533 3302 678 3356; x_wconf 90' lang='lat' dir='ltr'><strong>dicta</strong></span> <span class='ocrx_word' id='word_1_453' title='bbox 707 3301 835 3356; x_wconf 82' lang='lat' dir='ltr'><strong>huic</strong></span> <span class='ocrx_word' id='word_1_454' title='bbox 867 3299 1164 3355; x_wconf 88' lang='lat' dir='ltr'><strong>convenire</strong></span> <span class='ocrx_word' id='word_1_455' title='bbox 1189 3298 1564 3354; x_wconf 86' lang='lat' dir='ltr'><strong>ostendemus.</strong></span> <span class='ocrx_word' id='word_1_456' title='bbox 1597 3298 1928 3369; x_wconf 90' lang='lat' dir='ltr'><strong>lmperatum</strong></span> <span class='ocrx_word' id='word_1_457' title='bbox 1956 3298 2103 3354; x_wconf 90' lang='lat' dir='ltr'><strong>enim</strong></span> 
     </span>
    </p>
   </div>
   <div class='ocr_carea' id='block_1_64' title="bbox 534 3390 2107 3453">
    <p class='ocr_par' dir='ltr' id='par_1_64' title="bbox 534 3390 2107 3453">
     <span class='ocr_line' id='line_1_64' title="bbox 534 3390 2107 3453; baseline -0.001 -7"><span class='ocrx_word' id='word_1_458' title='bbox 534 3393 704 3448; x_wconf 85' lang='lat' dir='ltr'><strong>fuisse</strong></span> <span class='ocrx_word' id='word_1_459' title='bbox 727 3392 794 3446; x_wconf 91' lang='lat' dir='ltr'><strong>ab</strong></span> <span class='ocrx_word' id='word_1_460' title='bbox 819 3391 1002 3446; x_wconf 82' lang='lat' dir='ltr'><strong>Aaron</strong></span> <span class='ocrx_word' id='word_1_461' title='bbox 1034 3390 1256 3453; x_wconf 90' lang='lat' dir='ltr'><strong>dicitur,</strong></span> <span class='ocrx_word' id='word_1_462' title='bbox 1286 3399 1346 3444; x_wconf 93' lang='lat' dir='ltr'><strong>ut</strong></span> <span class='ocrx_word' id='word_1_463' title='bbox 1375 3391 1597 3446; x_wconf 83' lang='lat' dir='ltr'><strong>inaures</strong></span> <span class='ocrx_word' id='word_1_464' title='bbox 1621 3390 1690 3444; x_wconf 90' lang='lat' dir='ltr'><strong>ab</strong></span> <span class='ocrx_word' id='word_1_465' title='bbox 1714 3390 1943 3445; x_wconf 88' lang='lat' dir='ltr'><strong>auribus</strong></span> <span class='ocrx_word' id='word_1_466' title='bbox 1971 3405 2107 3445; x_wconf 79' lang='lat' dir='ltr'><strong>uxo-</strong></span> 
     </span>
    </p>
   </div>
   <div class='ocr_carea' id='block_1_65' title="bbox 534 3477 2106 3549">
    <p class='ocr_par' dir='ltr' id='par_1_65' title="bbox 534 3477 2106 3549">
     <span class='ocr_line' id='line_1_65' title="bbox 534 3477 2106 3549; baseline -0.001 -13"><span class='ocrx_word' id='word_1_467' title='bbox 534 3499 654 3536; x_wconf 89' lang='lat' dir='ltr'><strong>rum</strong></span> <span class='ocrx_word' id='word_1_468' title='bbox 693 3479 1096 3549; x_wconf 62' lang='lat' dir='ltr'><strong>lollerent;hae</strong></span> <span class='ocrx_word' id='word_1_469' title='bbox 1123 3478 1370 3534; x_wconf 62' lang='lat' dir='ltr'><strong>conflata;</strong></span> <span class='ocrx_word' id='word_1_470' title='bbox 1405 3479 1684 3534; x_wconf 86' lang='lat' dir='ltr'><strong>simulacri</strong></span> <span class='ocrx_word' id='word_1_471' title='bbox 1717 3480 1945 3535; x_wconf 88' lang='lat' dir='ltr'><strong>materia</strong></span> <span class='ocrx_word' id='word_1_472' title='bbox 1986 3477 2106 3535; x_wconf 86' lang='lat' dir='ltr'><strong>fue-</strong></span> 
     </span>
    </p>
   </div>
   <div class='ocr_carea' id='block_1_66' title="bbox 537 3569 2104 3642">
    <p class='ocr_par' dir='ltr' id='par_1_66' title="bbox 537 3569 2104 3642">
     <span class='ocr_line' id='line_1_66' title="bbox 537 3569 2104 3642; baseline -0.001 -15"><span class='ocrx_word' id='word_1_473' title='bbox 537 3582 661 3628; x_wconf 88' lang='lat' dir='ltr'><strong>runt</strong></span> <span class='ocrx_word' id='word_1_474' title='bbox 689 3573 754 3626; x_wconf 81' lang='lat'><strong>“.</strong></span> <span class='ocrx_word' id='word_1_475' title='bbox 803 3570 1051 3626; x_wconf 89' lang='lat' dir='ltr'><strong>Dicimus</strong></span> <span class='ocrx_word' id='word_1_476' title='bbox 1101 3571 1286 3642; x_wconf 78' lang='lat' dir='ltr'><strong>igitur,</strong></span> <span class='ocrx_word' id='word_1_477' title='bbox 1319 3570 1466 3641; x_wconf 90' lang='lat' dir='ltr'><strong>quod</strong></span> <span class='ocrx_word' id='word_1_478' title='bbox 1503 3569 1719 3642; x_wconf 80' lang='lat' dir='ltr'><strong>Moyses</strong></span> <span class='ocrx_word' id='word_1_479' title='bbox 1749 3569 2104 3626; x_wconf 65' lang='lat' dir='ltr'><strong>Hebrworum</strong></span> 
     </span>
    </p>
   </div>
   <div class='ocr_carea' id='block_1_67' title="bbox 537 3662 2104 3734">
    <p class='ocr_par' dir='ltr' id='par_1_67' title="bbox 537 3662 2104 3734">
     <span class='ocr_line' id='line_1_67' title="bbox 537 3662 2104 3734; baseline 0 -16"><span class='ocrx_word' id='word_1_480' title='bbox 537 3667 790 3719; x_wconf 88' lang='lat' dir='ltr'><strong>virtutem</strong></span> <span class='ocrx_word' id='word_1_481' title='bbox 817 3663 1105 3719; x_wconf 89' lang='lat' dir='ltr'><strong>inauribus</strong></span> <span class='ocrx_word' id='word_1_482' title='bbox 1121 3677 1386 3718; x_wconf 80' lang='lat' dir='ltr'><strong>exornare</strong></span> <span class='ocrx_word' id='word_1_483' title='bbox 1410 3662 1606 3727; x_wconf 91' lang='lat' dir='ltr'><strong>voluit,</strong></span> <span class='ocrx_word' id='word_1_484' title='bbox 1625 3663 1678 3718; x_wconf 95' lang='lat' dir='ltr'><strong>id</strong></span> <span class='ocrx_word' id='word_1_485' title='bbox 1701 3673 1784 3719; x_wconf 91' lang='lat' dir='ltr'><strong>est</strong></span> <span class='ocrx_word' id='word_1_486' title='bbox 1808 3663 1916 3730; x_wconf 86' lang='lat' dir='ltr'><strong>lex,</strong></span> <span class='ocrx_word' id='word_1_487' title='bbox 1941 3678 2104 3734; x_wconf 90' lang='lat' dir='ltr'><strong>quam</strong></span> 
     </span>
    </p>
   </div>
   <div class='ocr_carea' id='block_1_68' title="bbox 535 3754 2108 3830">
    <p class='ocr_par' dir='ltr' id='par_1_68' title="bbox 535 3754 2108 3830">
     <span class='ocr_line' id='line_1_68' title="bbox 535 3754 2108 3830; baseline -0.001 -18"><span class='ocrx_word' id='word_1_488' title='bbox 535 3774 636 3829; x_wconf 92' lang='lat' dir='ltr'><strong>pro</strong></span> <span class='ocrx_word' id='word_1_489' title='bbox 666 3757 848 3830; x_wconf 81' lang='lat' dir='ltr'><strong>Moyse</strong></span> <span class='ocrx_word' id='word_1_490' title='bbox 871 3756 1244 3828; x_wconf 76' lang='lat' dir='ltr'><strong>intelligimus,</strong></span> <span class='ocrx_word' id='word_1_491' title='bbox 1271 3754 1658 3819; x_wconf 89' lang='lat' dir='ltr'><strong>obedientiam,</strong></span> <span class='ocrx_word' id='word_1_492' title='bbox 1678 3771 1800 3826; x_wconf 67' lang='lat' dir='ltr'><strong>quae</strong></span> <span class='ocrx_word' id='word_1_493' title='bbox 1823 3771 1921 3827; x_wconf 91' lang='lat' dir='ltr'><strong>per</strong></span> <span class='ocrx_word' id='word_1_494' title='bbox 1951 3757 2108 3811; x_wconf 86' lang='lat' dir='ltr'><strong>inan-</strong></span> 
     </span>
    </p>
   </div>
   <div class='ocr_carea' id='block_1_69' title="bbox 536 3845 2102 3921">
    <p class='ocr_par' dir='ltr' id='par_1_69' title="bbox 536 3845 2102 3921">
     <span class='ocr_line' id='line_1_69' title="bbox 536 3845 2102 3921; baseline -0.002 -16"><span class='ocrx_word' id='word_1_495' title='bbox 536 3865 626 3906; x_wconf 78' lang='lat' dir='ltr'><strong>res</strong></span> <span class='ocrx_word' id='word_1_496' title='bbox 655 3849 1012 3921; x_wconf 84' lang='lat' dir='ltr'><strong>significatur,</strong></span> <span class='ocrx_word' id='word_1_497' title='bbox 1056 3845 1370 3902; x_wconf 58' lang='lat' dir='ltr'><strong>Iudaeorum</strong></span> <span class='ocrx_word' id='word_1_498' title='bbox 1420 3845 1676 3900; x_wconf 90' lang='lat' dir='ltr'><strong>virtutem</strong></span> <span class='ocrx_word' id='word_1_499' title='bbox 1721 3846 2102 3902; x_wconf 77' lang='lat' dir='ltr'><strong>confirmavit:</strong></span> 
     </span>
    </p>
   </div>
   <div class='ocr_carea' id='block_1_70' title="bbox 537 3935 2106 4010">
    <p class='ocr_par' dir='ltr' id='par_1_70' title="bbox 537 3935 2106 4010">
     <span class='ocr_line' id='line_1_70' title="bbox 537 3935 2106 4010; baseline 0 -17"><span class='ocrx_word' id='word_1_500' title='bbox 537 3955 700 4010; x_wconf 89' lang='lat' dir='ltr'><strong>quam</strong></span> <span class='ocrx_word' id='word_1_501' title='bbox 731 3939 870 3993; x_wconf 92' lang='lat' dir='ltr'><strong>tollit</strong></span> <span class='ocrx_word' id='word_1_502' title='bbox 901 3940 1115 4002; x_wconf 82' lang='lat' dir='ltr'><strong>Aaron,</strong></span> <span class='ocrx_word' id='word_1_503' title='bbox 1145 3945 1204 3992; x_wconf 92' lang='lat' dir='ltr'><strong>ut</strong></span> <span class='ocrx_word' id='word_1_504' title='bbox 1241 3935 1612 3992; x_wconf 89' lang='lat' dir='ltr'><strong>inobedientia</strong></span> <span class='ocrx_word' id='word_1_505' title='bbox 1643 3938 1888 4008; x_wconf 87' lang='lat' dir='ltr'><strong>ipsorum</strong></span> <span class='ocrx_word' id='word_1_506' title='bbox 1921 3949 2106 3994; x_wconf 84' lang='lat' dir='ltr'><strong>osten-</strong></span> 
     </span>
    </p>
   </div>
   <div class='ocr_carea' id='block_1_71' title="bbox 536 4028 2107 4100">
    <p class='ocr_par' dir='ltr' id='par_1_71' title="bbox 536 4028 2107 4100">
     <span class='ocr_line' id='line_1_71' title="bbox 536 4028 2107 4100; baseline -0.001 -13"><span class='ocrx_word' id='word_1_507' title='bbox 536 4033 688 4087; x_wconf 87' lang='lat' dir='ltr'><strong>deret</strong></span> <span class='ocrx_word' id='word_1_508' title='bbox 717 4032 782 4085; x_wconf 90' lang='lat' dir='ltr'><strong>ad</strong></span> <span class='ocrx_word' id='word_1_509' title='bbox 811 4029 1018 4085; x_wconf 90' lang='lat' dir='ltr'><strong>cultum</strong></span> <span class='ocrx_word' id='word_1_510' title='bbox 1053 4028 1324 4084; x_wconf 86' lang='lat' dir='ltr'><strong>idolorum</strong></span> <span class='ocrx_word' id='word_1_511' title='bbox 1358 4044 1482 4086; x_wconf 86' lang='lat' dir='ltr'><strong>esse</strong></span> <span class='ocrx_word' id='word_1_512' title='bbox 1510 4037 1854 4100; x_wconf 82' lang='lat' dir='ltr'><strong>perventum.</strong></span> <span class='ocrx_word' id='word_1_513' title='bbox 1894 4029 2107 4086; x_wconf 88' lang='lat' dir='ltr'><strong>Idcirco</strong></span> 
     </span>
    </p>
   </div>
   <div class='ocr_carea' id='block_1_72' title="bbox 537 4118 2106 4191">
    <p class='ocr_par' dir='ltr' id='par_1_72' title="bbox 537 4118 2106 4191">
     <span class='ocr_line' id='line_1_72' title="bbox 537 4118 2106 4191; baseline -0.001 -13"><span class='ocrx_word' id='word_1_514' title='bbox 537 4125 720 4178; x_wconf 85' lang='lat' dir='ltr'><strong>statim</strong></span> <span class='ocrx_word' id='word_1_515' title='bbox 753 4121 818 4174; x_wconf 81' lang='lat' dir='ltr'><strong>ad</strong></span> <span class='ocrx_word' id='word_1_516' title='bbox 847 4120 1083 4191; x_wconf 87' lang='lat' dir='ltr'><strong>primum</strong></span> <span class='ocrx_word' id='word_1_517' title='bbox 1109 4118 1368 4190; x_wconf 83' lang='lat' dir='ltr'><strong>peccandi</strong></span> <span class='ocrx_word' id='word_1_518' title='bbox 1403 4119 1612 4174; x_wconf 86' lang='lat' dir='ltr'><strong>aditum</strong></span> <span class='ocrx_word' id='word_1_519' title='bbox 1648 4121 1869 4177; x_wconf 86' lang='lat' dir='ltr'><strong>inaures</strong></span> <span class='ocrx_word' id='word_1_520' title='bbox 1893 4122 2106 4177; x_wconf 82' lang='lat' dir='ltr'><strong>aufere-</strong></span> 
     </span>
    </p>
   </div>
   <div class='ocr_carea' id='block_1_73' title="bbox 537 4209 2106 4281">
    <p class='ocr_par' dir='ltr' id='par_1_73' title="bbox 537 4209 2106 4281">
     <span class='ocr_line' id='line_1_73' title="bbox 537 4209 2106 4281; baseline 0.003 -15"><span class='ocrx_word' id='word_1_521' title='bbox 537 4214 758 4274; x_wconf 83' lang='lat' dir='ltr'><strong>bantur,</strong></span> <span class='ocrx_word' id='word_1_522' title='bbox 788 4219 848 4265; x_wconf 93' lang='lat' dir='ltr'><strong>ut</strong></span> <span class='ocrx_word' id='word_1_523' title='bbox 866 4209 978 4280; x_wconf 83' lang='lat' dir='ltr'><strong>jam</strong></span> <span class='ocrx_word' id='word_1_524' title='bbox 999 4211 1464 4281; x_wconf 58' lang='lat' dir='ltr'><strong>praevaricationis</strong></span> <span class='ocrx_word' id='word_1_525' title='bbox 1485 4220 1539 4268; x_wconf 91' lang='lat' dir='ltr'><strong>et</strong></span> <span class='ocrx_word' id='word_1_526' title='bbox 1561 4213 1948 4269; x_wconf 70' lang='lat' dir='ltr'><strong>inobedientia:</strong></span> <span class='ocrx_word' id='word_1_527' title='bbox 1971 4230 2106 4269; x_wconf 83' lang='lat' dir='ltr'><strong>con-</strong></span> 
     </span>
    </p>
   </div>
   <div class='ocr_carea' id='block_1_74' title="bbox 538 4303 2104 4378">
    <p class='ocr_par' dir='ltr' id='par_1_74' title="bbox 538 4303 2104 4378">
     <span class='ocr_line' id='line_1_74' title="bbox 538 4303 2104 4378; baseline 0.002 -19"><span class='ocrx_word' id='word_1_528' title='bbox 538 4304 656 4359; x_wconf 89' lang='lat' dir='ltr'><strong>silia</strong></span> <span class='ocrx_word' id='word_1_529' title='bbox 705 4303 917 4373; x_wconf 91' lang='lat' dir='ltr'><strong>cepisse</strong></span> <span class='ocrx_word' id='word_1_530' title='bbox 963 4303 1297 4362; x_wconf 89' lang='lat' dir='ltr'><strong>viderentur.</strong></span> <span class='ocrx_word' id='word_1_531' title='bbox 1347 4305 1439 4373; x_wconf 84' lang='lat' dir='ltr'><strong>qui</strong></span> <span class='ocrx_word' id='word_1_532' title='bbox 1487 4304 1734 4359; x_wconf 90' lang='lat' dir='ltr'><strong>divinum</strong></span> <span class='ocrx_word' id='word_1_533' title='bbox 1777 4317 2104 4378; x_wconf 59' lang='lat' dir='ltr'><strong>praeceptum</strong></span> 
     </span>
    </p>
   </div>
   <div class='ocr_carea' id='block_1_75' title="bbox 539 4392 2104 4462">
    <p class='ocr_par' dir='ltr' id='par_1_75' title="bbox 539 4392 2104 4462">
     <span class='ocr_line' id='line_1_75' title="bbox 539 4392 2104 4462; baseline 0.002 -15"><span class='ocrx_word' id='word_1_534' title='bbox 539 4392 919 4462; x_wconf 84' lang='lat' dir='ltr'><strong>negligendum</strong></span> <span class='ocrx_word' id='word_1_535' title='bbox 950 4407 1073 4448; x_wconf 87' lang='lat' dir='ltr'><strong>esse</strong></span> <span class='ocrx_word' id='word_1_536' title='bbox 1102 4393 1481 4448; x_wconf 86' lang='lat' dir='ltr'><strong>hortabantur.</strong></span> <span class='ocrx_word' id='word_1_537' title='bbox 1515 4392 1616 4460; x_wconf 89' lang='lat' dir='ltr'><strong>Qui</strong></span> <span class='ocrx_word' id='word_1_538' title='bbox 1649 4394 1866 4449; x_wconf 87' lang='lat' dir='ltr'><strong>tandem</strong></span> <span class='ocrx_word' id='word_1_539' title='bbox 1903 4397 2104 4451; x_wconf 86' lang='lat' dir='ltr'><strong>factum</strong></span> 
     </span>
    </p>
   </div>
   <div class='ocr_carea' id='block_1_76' title="bbox 537 4483 2107 4556">
    <p class='ocr_par' dir='ltr' id='par_1_76' title="bbox 537 4483 2107 4556">
     <span class='ocr_line' id='line_1_76' title="bbox 537 4483 2107 4556; baseline 0.004 -21"><span class='ocrx_word' id='word_1_540' title='bbox 537 4494 621 4535; x_wconf 77' lang='lat' dir='ltr'><strong>est</strong></span> <span class='ocrx_word' id='word_1_541' title='bbox 652 4491 711 4535; x_wconf 92' lang='lat' dir='ltr'><strong>ut</strong></span> <span class='ocrx_word' id='word_1_542' title='bbox 739 4483 948 4537; x_wconf 89' lang='lat' dir='ltr'><strong>amicus</strong></span> <span class='ocrx_word' id='word_1_543' title='bbox 969 4490 1021 4537; x_wconf 89' lang='lat' dir='ltr'><strong>et</strong></span> <span class='ocrx_word' id='word_1_544' title='bbox 1055 4483 1397 4553; x_wconf 88' lang='lat' dir='ltr'><strong>pr0pinquns</strong></span> <span class='ocrx_word' id='word_1_545' title='bbox 1431 4483 1840 4538; x_wconf 83' lang='lat' dir='ltr'><strong>existimaretur</strong></span> <span class='ocrx_word' id='word_1_546' title='bbox 1879 4500 2107 4556; x_wconf 89' lang='lat' dir='ltr'><strong>serpens</strong></span> 
     </span>
    </p>
   </div>
   <div class='ocr_carea' id='block_1_77' title="bbox 2204 3298 3782 3376">
    <p class='ocr_par' dir='ltr' id='par_1_77' title="bbox 2204 3298 3782 3376">
     <span class='ocr_line' id='line_1_77' title="bbox 2204 3298 3782 3376; baseline -0.006 -16"><span class='ocrx_word' id='word_1_547' title='bbox 2204 3307 2234 3360; x_wconf 86' lang='lat'><strong>6</strong></span> <span class='ocrx_word' id='word_1_548' title='bbox 2276 3305 2378 3375; x_wconf 86' lang='grc' dir='ltr'><strong>τῆς</strong></span> <span class='ocrx_word' id='word_1_549' title='bbox 2410 3301 2688 3376; x_wconf 81' lang='grc' dir='ltr'>ἁμαρτίας</span> <span class='ocrx_word' id='word_1_550' title='bbox 2729 3299 3058 3371; x_wconf 82' lang='grc' dir='ltr'>ἀφανισμός.</span> <span class='ocrx_word' id='word_1_551' title='bbox 3104 3301 3221 3363; x_wconf 75' lang='grc' dir='ltr'><strong>Πᾶς</strong></span> <span class='ocrx_word' id='word_1_552' title='bbox 3249 3299 3356 3371; x_wconf 73' lang='grc' dir='ltr'>γὰρ</span> <span class='ocrx_word' id='word_1_553' title='bbox 3385 3301 3415 3352; x_wconf 88' lang='lat'><strong>6</strong></span> <span class='ocrx_word' id='word_1_554' title='bbox 3447 3298 3510 3352; x_wconf 82' lang='grc' dir='ltr'><strong>τδ</strong></span> <span class='ocrx_word' id='word_1_555' title='bbox 3557 3298 3646 3352; x_wconf 85' lang='grc' dir='ltr'>διὰ</span> <span class='ocrx_word' id='word_1_556' title='bbox 3685 3299 3782 3369; x_wconf 86' lang='grc' dir='ltr'><strong>τῆς</strong></span> 
     </span>
    </p>
   </div>
   <div class='ocr_carea' id='block_1_78' title="bbox 2206 3391 3781 3469">
    <p class='ocr_par' dir='ltr' id='par_1_78' title="bbox 2206 3391 3781 3469">
     <span class='ocr_line' id='line_1_78' title="bbox 2206 3391 3781 3469; baseline -0.004 -19"><span class='ocrx_word' id='word_1_557' title='bbox 2206 3397 2513 3469; x_wconf 73' lang='grc' dir='ltr'>συμϐουλῆς</span> <span class='ocrx_word' id='word_1_558' title='bbox 2551 3394 2648 3448; x_wconf 83' lang='grc' dir='ltr'>τοῦ</span> <span class='ocrx_word' id='word_1_559' title='bbox 2709 3392 3082 3464; x_wconf 82' lang='grc' dir='ltr'>ἀντικειμένου</span> <span class='ocrx_word' id='word_1_560' title='bbox 3135 3391 3440 3463; x_wconf 82' lang='grc' dir='ltr'>ὲνιδρυνθέν</span> <span class='ocrx_word' id='word_1_561' title='bbox 3474 3409 3582 3446; x_wconf 87' lang='grc' dir='ltr'>τινι</span> <span class='ocrx_word' id='word_1_562' title='bbox 3613 3392 3781 3445; x_wconf 73' lang='grc' dir='ltr'>κακὸν</span> 
     </span>
    </p>
   </div>
   <div class='ocr_carea' id='block_1_79' title="bbox 2203 3483 3780 3560">
    <p class='ocr_par' dir='ltr' id='par_1_79' title="bbox 2203 3483 3780 3560">
     <span class='ocr_line' id='line_1_79' title="bbox 2203 3483 3780 3560; baseline -0.005 -16"><span class='ocrx_word' id='word_1_563' title='bbox 2203 3489 2496 3560; x_wconf 81' lang='grc' dir='ltr'>ἀφανίσας,</span> <span class='ocrx_word' id='word_1_564' title='bbox 2525 3490 2730 3542; x_wconf 80' lang='grc' dir='ltr'>ἐκεῖνον</span> <span class='ocrx_word' id='word_1_565' title='bbox 2771 3485 3089 3540; x_wconf 82' lang='grc' dir='ltr'>ἀπέκτεινεν</span> <span class='ocrx_word' id='word_1_566' title='bbox 3118 3486 3176 3538; x_wconf 83' lang='grc' dir='ltr'>ὲν</span> <span class='ocrx_word' id='word_1_567' title='bbox 3209 3483 3383 3554; x_wconf 79' lang='grc' dir='ltr'>ἑαυτῷ</span> <span class='ocrx_word' id='word_1_568' title='bbox 3414 3483 3510 3537; x_wconf 80' lang='grc' dir='ltr'>τόν</span> <span class='ocrx_word' id='word_1_569' title='bbox 3539 3501 3668 3537; x_wconf 89' lang='grc' dir='ltr'>ποτε</span> <span class='ocrx_word' id='word_1_570' title='bbox 3694 3483 3780 3537; x_wconf 77' lang='grc' dir='ltr'>διὰ</span> 
     </span>
    </p>
   </div>
   <div class='ocr_carea' id='block_1_80' title="bbox 2203 3574 3777 3652">
    <p class='ocr_par' dir='ltr' id='par_1_80' title="bbox 2203 3574 3777 3652">
     <span class='ocr_line' id='line_1_80' title="bbox 2203 3574 3777 3652; baseline -0.005 -16"><span class='ocrx_word' id='word_1_571' title='bbox 2203 3581 2304 3652; x_wconf 89' lang='grc' dir='ltr'><strong>τῆς</strong></span> <span class='ocrx_word' id='word_1_572' title='bbox 2333 3579 2604 3652; x_wconf 83' lang='grc' dir='ltr'>ἁμαρτίας</span> <span class='ocrx_word' id='word_1_573' title='bbox 2635 3578 2830 3644; x_wconf 78' lang='grc' dir='ltr'>ζῶντα.</span> <span class='ocrx_word' id='word_1_574' title='bbox 2858 3576 3075 3631; x_wconf 81' lang='grc' dir='ltr'>Μᾶλλον</span> <span class='ocrx_word' id='word_1_575' title='bbox 3099 3575 3155 3630; x_wconf 80' lang='grc' dir='ltr'>δὲ</span> <span class='ocrx_word' id='word_1_576' title='bbox 3184 3577 3315 3647; x_wconf 78' lang='grc' dir='ltr'>ἡμῖν</span> <span class='ocrx_word' id='word_1_577' title='bbox 3341 3575 3400 3628; x_wconf 78' lang='grc' dir='ltr'><strong>τὸ</strong></span> <span class='ocrx_word' id='word_1_578' title='bbox 3430 3575 3564 3646; x_wconf 87' lang='grc' dir='ltr'><strong>περί</strong></span> <span class='ocrx_word' id='word_1_579' title='bbox 3588 3574 3777 3628; x_wconf 75' lang='grc' dir='ltr'>τούτου</span> 
     </span>
    </p>
   </div>
   <div class='ocr_carea' id='block_1_81' title="bbox 2206 3663 3780 3744">
    <p class='ocr_par' dir='ltr' id='par_1_81' title="bbox 2206 3663 3780 3744">
     <span class='ocr_line' id='line_1_81' title="bbox 2206 3663 3780 3744; baseline -0.004 -19"><span class='ocrx_word' id='word_1_580' title='bbox 2206 3670 2532 3744; x_wconf 85' lang='grc' dir='ltr'>κρατυνθείη</span> <span class='ocrx_word' id='word_1_581' title='bbox 2564 3669 2764 3741; x_wconf 85' lang='grc' dir='ltr'>δόγμα,</span> <span class='ocrx_word' id='word_1_582' title='bbox 2819 3667 2874 3721; x_wconf 81' lang='grc' dir='ltr'>ετ</span> <span class='ocrx_word' id='word_1_583' title='bbox 2909 3685 3032 3722; x_wconf 86' lang='grc' dir='ltr'>τινα</span> <span class='ocrx_word' id='word_1_584' title='bbox 3075 3667 3170 3721; x_wconf 73' lang='grc' dir='ltr'><strong>καὶ</strong></span> <span class='ocrx_word' id='word_1_585' title='bbox 3216 3665 3349 3722; x_wconf 74' lang='grc' dir='ltr'>ἄλλα</span> <span class='ocrx_word' id='word_1_586' title='bbox 3385 3663 3488 3736; x_wconf 90' lang='grc' dir='ltr'><strong>τῆς</strong></span> <span class='ocrx_word' id='word_1_587' title='bbox 3540 3666 3780 3737; x_wconf 75' lang='grc' dir='ltr'>ἱστορίας</span> 
     </span>
    </p>
   </div>
   <div class='ocr_carea' id='block_1_82' title="bbox 2206 3755 3779 3832">
    <p class='ocr_par' dir='ltr' id='par_1_82' title="bbox 2206 3755 3779 3832">
     <span class='ocr_line' id='line_1_82' title="bbox 2206 3755 3779 3832; baseline -0.004 -18"><span class='ocrx_word' id='word_1_588' title='bbox 2206 3761 2342 3832; x_wconf 84' lang='grc' dir='ltr'>πρὸς</span> <span class='ocrx_word' id='word_1_589' title='bbox 2361 3761 2461 3830; x_wconf 81' lang='grc' dir='ltr'>τὴν</span> <span class='ocrx_word' id='word_1_590' title='bbox 2491 3759 2720 3832; x_wconf 85' lang='grc' dir='ltr'>θεωρίαν</span> <span class='ocrx_word' id='word_1_591' title='bbox 2749 3758 2952 3830; x_wconf 82' lang='grc' dir='ltr'>ταύτην</span> <span class='ocrx_word' id='word_1_592' title='bbox 2981 3755 3528 3828; x_wconf 71' lang='grc' dir='ltr'>ωμπαραλάσοιμεν.</span> <span class='ocrx_word' id='word_1_593' title='bbox 3555 3756 3779 3826; x_wconf 72' lang='grc' dir='ltr'>Εἴρηται</span> 
     </span>
    </p>
   </div>
   <div class='ocr_carea' id='block_1_83' title="bbox 2205 3844 3779 3923">
    <p class='ocr_par' dir='ltr' id='par_1_83' title="bbox 2205 3844 3779 3923">
     <span class='ocr_line' id='line_1_83' title="bbox 2205 3844 3779 3923; baseline -0.006 -18"><span class='ocrx_word' id='word_1_594' title='bbox 2205 3852 2335 3923; x_wconf 81' lang='grc' dir='ltr'>γὰρ,</span> <span class='ocrx_word' id='word_1_595' title='bbox 2370 3851 2452 3904; x_wconf 80' lang='grc' dir='ltr'><strong>ὅτι</strong></span> <span class='ocrx_word' id='word_1_596' title='bbox 2493 3849 2874 3920; x_wconf 78' lang='grc' dir='ltr'>προστάγματι</span> <span class='ocrx_word' id='word_1_597' title='bbox 2906 3847 3115 3916; x_wconf 88' lang='grc' dir='ltr'>γίνεται</span> <span class='ocrx_word' id='word_1_598' title='bbox 3150 3845 3246 3900; x_wconf 82' lang='grc' dir='ltr'>τοῦ</span> <span class='ocrx_word' id='word_1_599' title='bbox 3287 3844 3501 3915; x_wconf 83' lang='grc' dir='ltr'>’Δαρὼν</span> <span class='ocrx_word' id='word_1_600' title='bbox 3549 3846 3779 3908; x_wconf 75' lang='grc' dir='ltr'>ἐκείνου,</span> 
     </span>
    </p>
   </div>
   <div class='ocr_carea' id='block_1_84' title="bbox 2205 3936 3776 4011">
    <p class='ocr_par' dir='ltr' id='par_1_84' title="bbox 2205 3936 3776 4011">
     <span class='ocr_line' id='line_1_84' title="bbox 2205 3936 3776 4011; baseline -0.004 -15"><span class='ocrx_word' id='word_1_601' title='bbox 2205 3943 2266 3996; x_wconf 81' lang='grc' dir='ltr'><strong>τὸ</strong></span> <span class='ocrx_word' id='word_1_602' title='bbox 2306 3943 2416 3996; x_wconf 79' lang='grc' dir='ltr'>δεῖν</span> <span class='ocrx_word' id='word_1_603' title='bbox 2458 3941 2657 4004; x_wconf 80' lang='grc' dir='ltr'>αὐτοὺς</span> <span class='ocrx_word' id='word_1_604' title='bbox 2702 3939 3048 4011; x_wconf 83' lang='grc' dir='ltr'>περιελέσθαι</span> <span class='ocrx_word' id='word_1_605' title='bbox 3079 3937 3172 4007; x_wconf 84' lang='grc' dir='ltr'>ἀφ’</span> <span class='ocrx_word' id='word_1_606' title='bbox 3201 3937 3406 3990; x_wconf 76' lang='grc' dir='ltr'>ἑαυτῶν</span> <span class='ocrx_word' id='word_1_607' title='bbox 3447 3936 3516 3990; x_wconf 82' lang='grc' dir='ltr'>τὰ</span> <span class='ocrx_word' id='word_1_608' title='bbox 3563 3937 3776 3991; x_wconf 75' lang='grc' dir='ltr'>ἐνώτια.</span> 
     </span>
    </p>
   </div>
   <div class='ocr_carea' id='block_1_85' title="bbox 2206 4028 3776 4106">
    <p class='ocr_par' dir='ltr' id='par_1_85' title="bbox 2206 4028 3776 4106">
     <span class='ocr_line' id='line_1_85' title="bbox 2206 4028 3776 4106; baseline -0.003 -17"><span class='ocrx_word' id='word_1_609' title='bbox 2206 4035 2317 4089; x_wconf 77' lang='grc' dir='ltr'><strong>Καὶ</strong></span> <span class='ocrx_word' id='word_1_610' title='bbox 2351 4036 2384 4106; x_wconf 84' lang='grc' dir='ltr'>ἠ</span> <span class='ocrx_word' id='word_1_611' title='bbox 2414 4032 2619 4088; x_wconf 81' lang='grc' dir='ltr'>τούτων</span> <span class='ocrx_word' id='word_1_612' title='bbox 2669 4030 3030 4104; x_wconf 83' lang='grc' dir='ltr'>περιαίρεσις,</span> <span class='ocrx_word' id='word_1_613' title='bbox 3064 4029 3163 4101; x_wconf 78' lang='grc' dir='ltr'>ὕλη</span> <span class='ocrx_word' id='word_1_614' title='bbox 3203 4028 3280 4101; x_wconf 83' lang='grc' dir='ltr'>τῷ</span> <span class='ocrx_word' id='word_1_615' title='bbox 3307 4029 3507 4098; x_wconf 82' lang='grc' dir='ltr'>εἰδώλῳ</span> <span class='ocrx_word' id='word_1_616' title='bbox 3544 4029 3776 4098; x_wconf 70' lang='grc' dir='ltr'>ἐγένετο.</span> 
     </span>
    </p>
   </div>
   <div class='ocr_carea' id='block_1_86' title="bbox 2205 4119 3776 4196">
    <p class='ocr_par' dir='ltr' id='par_1_86' title="bbox 2205 4119 3776 4196">
     <span class='ocr_line' id='line_1_86' title="bbox 2205 4119 3776 4196; baseline -0.004 -18"><span class='ocrx_word' id='word_1_617' title='bbox 2205 4125 2272 4178; x_wconf 86' lang='grc' dir='ltr'>Τί</span> <span class='ocrx_word' id='word_1_618' title='bbox 2294 4122 2387 4180; x_wconf 77' lang='grc' dir='ltr'><strong>οὖν</strong></span> <span class='ocrx_word' id='word_1_619' title='bbox 2412 4142 2592 4196; x_wconf 89' lang='grc' dir='ltr'>φαμεν</span> <span class='ocrx_word' id='word_1_620' title='bbox 2612 4140 2626 4189; x_wconf 92' lang='grc'><strong>;</strong></span> <span class='ocrx_word' id='word_1_621' title='bbox 2648 4123 2730 4177; x_wconf 83' lang='grc' dir='ltr'>ὅτι</span> <span class='ocrx_word' id='word_1_622' title='bbox 2757 4122 3000 4192; x_wconf 81' lang='grc' dir='ltr'>Μωῦσῆς</span> <span class='ocrx_word' id='word_1_623' title='bbox 3032 4121 3130 4192; x_wconf 83' lang='grc' dir='ltr'><strong>μὲν</strong></span> <span class='ocrx_word' id='word_1_624' title='bbox 3151 4120 3212 4174; x_wconf 77' lang='grc' dir='ltr'>ἐν</span> <span class='ocrx_word' id='word_1_625' title='bbox 3236 4119 3316 4192; x_wconf 82' lang='grc' dir='ltr'>τῷ</span> <span class='ocrx_word' id='word_1_626' title='bbox 3334 4119 3542 4191; x_wconf 80' lang='grc' dir='ltr'>ὲνωτίῳ</span> <span class='ocrx_word' id='word_1_627' title='bbox 3567 4120 3776 4190; x_wconf 74' lang='grc' dir='ltr'>κόσμῳ,</span> 
     </span>
    </p>
   </div>
   <div class='ocr_carea' id='block_1_87' title="bbox 2205 4211 3778 4286">
    <p class='ocr_par' dir='ltr' id='par_1_87' title="bbox 2205 4211 3778 4286">
     <span class='ocr_line' id='line_1_87' title="bbox 2205 4211 3778 4286; baseline -0.005 -15"><span class='ocrx_word' id='word_1_628' title='bbox 2205 4219 2262 4282; x_wconf 84' lang='grc' dir='ltr'>ὃς</span> <span class='ocrx_word' id='word_1_629' title='bbox 2286 4219 2430 4270; x_wconf 71' lang='grc' dir='ltr'>ἐστιν</span> <span class='ocrx_word' id='word_1_630' title='bbox 2452 4216 2482 4268; x_wconf 83' lang='grc' dir='ltr'>ὁ</span> <span class='ocrx_word' id='word_1_631' title='bbox 2504 4216 2686 4286; x_wconf 88' lang='grc' dir='ltr'>νόμος,</span> <span class='ocrx_word' id='word_1_632' title='bbox 2709 4214 2806 4284; x_wconf 81' lang='grc' dir='ltr'><strong>τὴν</strong></span> <span class='ocrx_word' id='word_1_633' title='bbox 2833 4212 2941 4267; x_wconf 87' lang='grc' dir='ltr'><strong>τῶν</strong></span> <span class='ocrx_word' id='word_1_634' title='bbox 2976 4211 3326 4284; x_wconf 81' lang='grc' dir='ltr'>Ἰσραηλιτῶν</span> <span class='ocrx_word' id='word_1_635' title='bbox 3345 4211 3519 4283; x_wconf 72' lang='grc' dir='ltr'>ἀκοὴν</span> <span class='ocrx_word' id='word_1_636' title='bbox 3542 4213 3778 4283; x_wconf 72' lang='grc' dir='ltr'>ἐκόσμηο</span> 
     </span>
    </p>
   </div>
   <div class='ocr_carea' id='block_1_88' title="bbox 2207 4302 3780 4375">
    <p class='ocr_par' dir='ltr' id='par_1_88' title="bbox 2207 4302 3780 4375">
     <span class='ocr_line' id='line_1_88' title="bbox 2207 4302 3780 4375; baseline -0.004 -15"><span class='ocrx_word' id='word_1_637' title='bbox 2207 4325 2296 4361; x_wconf 89' lang='grc' dir='ltr'><strong>σεν</strong></span> <span class='ocrx_word' id='word_1_638' title='bbox 2320 4323 2332 4335; x_wconf 92' lang='grc'><strong>·</strong></span> <span class='ocrx_word' id='word_1_639' title='bbox 2367 4307 2396 4358; x_wconf 90' lang='lat'><strong>6</strong></span> <span class='ocrx_word' id='word_1_640' title='bbox 2421 4306 2477 4359; x_wconf 81' lang='grc' dir='ltr'>δὲ</span> <span class='ocrx_word' id='word_1_641' title='bbox 2500 4303 2847 4375; x_wconf 82' lang='grc' dir='ltr'>ψευδώνυμος</span> <span class='ocrx_word' id='word_1_642' title='bbox 2884 4302 3111 4372; x_wconf 83' lang='grc' dir='ltr'>ἀδελφὸς</span> <span class='ocrx_word' id='word_1_643' title='bbox 3137 4302 3224 4356; x_wconf 80' lang='grc' dir='ltr'>διὰ</span> <span class='ocrx_word' id='word_1_644' title='bbox 3254 4304 3351 4374; x_wconf 76' lang='grc' dir='ltr'><strong>τῆς</strong></span> <span class='ocrx_word' id='word_1_645' title='bbox 3381 4302 3670 4374; x_wconf 82' lang='grc' dir='ltr'>παρακοῆς</span> <span class='ocrx_word' id='word_1_646' title='bbox 3693 4319 3780 4354; x_wconf 85' lang='grc' dir='ltr'>πε-</span> 
     </span>
    </p>
   </div>
   <div class='ocr_carea' id='block_1_89' title="bbox 2210 4393 3776 4470">
    <p class='ocr_par' dir='ltr' id='par_1_89' title="bbox 2210 4393 3776 4470">
     <span class='ocr_line' id='line_1_89' title="bbox 2210 4393 3776 4470; baseline -0.003 -19"><span class='ocrx_word' id='word_1_647' title='bbox 2210 4399 2410 4470; x_wconf 78' lang='grc' dir='ltr'>ριαιρεϊ</span> <span class='ocrx_word' id='word_1_648' title='bbox 2433 4398 2524 4452; x_wconf 71' lang='grc' dir='ltr'>τὸν</span> <span class='ocrx_word' id='word_1_649' title='bbox 2555 4397 2842 4450; x_wconf 76' lang='grc' dir='ltr'>ἐντεθέντα</span> <span class='ocrx_word' id='word_1_650' title='bbox 2870 4398 2936 4465; x_wconf 81' lang='grc' dir='ltr'>τῇ</span> <span class='ocrx_word' id='word_1_651' title='bbox 2974 4395 3110 4465; x_wconf 81' lang='grc' dir='ltr'>ἀκοῇ</span> <span class='ocrx_word' id='word_1_652' title='bbox 3141 4393 3365 4464; x_wconf 77' lang='grc' dir='ltr'>κόσμον,</span> <span class='ocrx_word' id='word_1_653' title='bbox 3399 4394 3496 4446; x_wconf 75' lang='grc' dir='ltr'><strong>καὶ</strong></span> <span class='ocrx_word' id='word_1_654' title='bbox 3539 4397 3686 4448; x_wconf 78' lang='grc' dir='ltr'>ποιεῖ</span> <span class='ocrx_word' id='word_1_655' title='bbox 3711 4394 3776 4447; x_wconf 81' lang='grc' dir='ltr'>δι’</span> 
     </span>
    </p>
   </div>
   <div class='ocr_carea' id='block_1_90' title="bbox 2207 4483 3776 4558">
    <p class='ocr_par' dir='ltr' id='par_1_90' title="bbox 2207 4483 3776 4558">
     <span class='ocr_line' id='line_1_90' title="bbox 2207 4483 3776 4558; baseline -0.004 -15"><span class='ocrx_word' id='word_1_656' title='bbox 2207 4488 2368 4543; x_wconf 78' lang='grc' dir='ltr'>αὑτοῦ</span> <span class='ocrx_word' id='word_1_657' title='bbox 2399 4487 2632 4542; x_wconf 78' lang='grc' dir='ltr'>εἴδωλον.</span> <span class='ocrx_word' id='word_1_658' title='bbox 2669 4486 2780 4540; x_wconf 77' lang='grc' dir='ltr'><strong>Καὶ</strong></span> <span class='ocrx_word' id='word_1_659' title='bbox 2817 4485 2966 4558; x_wconf 87' lang='grc' dir='ltr'><strong>παρά</strong></span> <span class='ocrx_word' id='word_1_660' title='bbox 3001 4485 3099 4556; x_wconf 79' lang='grc' dir='ltr'><strong>τὴν</strong></span> <span class='ocrx_word' id='word_1_661' title='bbox 3129 4483 3353 4556; x_wconf 87' lang='grc' dir='ltr'>πρώτην</span> <span class='ocrx_word' id='word_1_662' title='bbox 3375 4485 3474 4554; x_wconf 86' lang='grc' dir='ltr'><strong>τῆς</strong></span> <span class='ocrx_word' id='word_1_663' title='bbox 3509 4485 3776 4556; x_wconf 79' lang='grc' dir='ltr'>ἁμαρτίας</span> 
     </span>
    </p>
   </div>
   <div class='ocr_carea' id='block_1_91' title="bbox 540 4573 2103 4649">
    <p class='ocr_par' dir='ltr' id='par_1_91' title="bbox 540 4574 2103 4646">
     <span class='ocr_line' id='line_1_91' title="bbox 540 4574 2103 4646; baseline 0.003 -18"><span class='ocrx_word' id='word_1_664' title='bbox 540 4576 607 4629; x_wconf 84' lang='lat' dir='ltr'><strong>ab</strong></span> <span class='ocrx_word' id='word_1_665' title='bbox 635 4576 722 4635; x_wconf 91' lang='lat' dir='ltr'><strong>iis,</strong></span> <span class='ocrx_word' id='word_1_666' title='bbox 749 4575 839 4644; x_wconf 89' lang='lat' dir='ltr'><strong>qui</strong></span> <span class='ocrx_word' id='word_1_667' title='bbox 869 4574 1025 4645; x_wconf 89' lang='lat' dir='ltr'><strong>primi</strong></span> <span class='ocrx_word' id='word_1_668' title='bbox 1053 4575 1221 4629; x_wconf 86' lang='lat' dir='ltr'><strong>creati</strong></span> <span class='ocrx_word' id='word_1_669' title='bbox 1247 4575 1484 4639; x_wconf 82' lang='lat' dir='ltr'><strong>fuerunt,</strong></span> <span class='ocrx_word' id='word_1_670' title='bbox 1505 4577 1662 4646; x_wconf 87' lang='lat' dir='ltr'><strong>quasi</strong></span> <span class='ocrx_word' id='word_1_671' title='bbox 1685 4593 1796 4630; x_wconf 86' lang='lat' dir='ltr'><strong>rem</strong></span> <span class='ocrx_word' id='word_1_672' title='bbox 1821 4577 2103 4632; x_wconf 86' lang='lat' dir='ltr'><strong>honestam</strong></span> 
     </span>
    </p>
   </div>
   <div class='ocr_carea' id='block_1_92' title="bbox 2206 4573 3777 4649">
    <p class='ocr_par' dir='ltr' id='par_1_92' title="bbox 2208 4573 3777 4649">
     <span class='ocr_line' id='line_1_92' title="bbox 2208 4573 3777 4649; baseline -0.003 -16"><span class='ocrx_word' id='word_1_673' title='bbox 2208 4581 2432 4645; x_wconf 80' lang='grc' dir='ltr'>εἴσοδον,</span> <span class='ocrx_word' id='word_1_674' title='bbox 2466 4579 2687 4632; x_wconf 86' lang='grc' dir='ltr'>ὲνωτίου</span> <span class='ocrx_word' id='word_1_675' title='bbox 2726 4596 2810 4642; x_wconf 89' lang='grc' dir='ltr'><strong>τις</strong></span> <span class='ocrx_word' id='word_1_676' title='bbox 2835 4579 3119 4648; x_wconf 83' lang='grc' dir='ltr'>ὑφαίρεσις</span> <span class='ocrx_word' id='word_1_677' title='bbox 3144 4573 3211 4648; x_wconf 82' lang='grc' dir='ltr'>ἦν</span> <span class='ocrx_word' id='word_1_678' title='bbox 3245 4579 3276 4647; x_wconf 83' lang='grc' dir='ltr'><strong>ή</strong></span> <span class='ocrx_word' id='word_1_679' title='bbox 3306 4575 3400 4629; x_wconf 80' lang='grc' dir='ltr'>τοῦ</span> <span class='ocrx_word' id='word_1_680' title='bbox 3437 4577 3777 4649; x_wconf 70' lang='grc' dir='ltr'>παρακοῦσαι</span> 
     </span>
    </p>
   </div>
   <div class='ocr_carea' id='block_1_93' title="bbox 541 4665 2106 4735">
    <p class='ocr_par' dir='ltr' id='par_1_93' title="bbox 541 4665 2106 4735">
     <span class='ocr_line' id='line_1_93' title="bbox 541 4665 2106 4735; baseline 0.003 -16"><span class='ocrx_word' id='word_1_681' title='bbox 541 4665 836 4735; x_wconf 77' lang='lat' dir='ltr'><strong>utilemque</strong></span> <span class='ocrx_word' id='word_1_682' title='bbox 857 4666 1187 4726; x_wconf 87' lang='lat' dir='ltr'><strong>consuleret.</strong></span> <span class='ocrx_word' id='word_1_683' title='bbox 1216 4674 1323 4720; x_wconf 89' lang='lat' dir='ltr'><strong>nta</strong></span> <span class='ocrx_word' id='word_1_684' title='bbox 1355 4666 1542 4722; x_wconf 90' lang='lat' dir='ltr'><strong>divino</strong></span> <span class='ocrx_word' id='word_1_685' title='bbox 1575 4668 1834 4722; x_wconf 89' lang='lat' dir='ltr'><strong>mandato</strong></span> <span class='ocrx_word' id='word_1_686' title='bbox 1864 4669 2106 4724; x_wconf 87' lang='lat' dir='ltr'><strong>declina-</strong></span> 
     </span>
    </p>
   </div>
   <div class='ocr_carea' id='block_1_94' title="bbox 539 4757 2106 4829">
    <p class='ocr_par' dir='ltr' id='par_1_94' title="bbox 539 4757 2106 4829">
     <span class='ocr_line' id='line_1_94' title="bbox 539 4757 2106 4829; baseline 0.003 -17"><span class='ocrx_word' id='word_1_687' title='bbox 539 4767 679 4812; x_wconf 89' lang='lat' dir='ltr'><strong>rent.</strong></span> <span class='ocrx_word' id='word_1_688' title='bbox 735 4757 790 4810; x_wconf 92' lang='lat' dir='ltr'><strong>ld</strong></span> <span class='ocrx_word' id='word_1_689' title='bbox 841 4773 972 4829; x_wconf 88' lang='lat' dir='ltr'><strong>ergo</strong></span> <span class='ocrx_word' id='word_1_690' title='bbox 1019 4767 1104 4813; x_wconf 88' lang='lat' dir='ltr'><strong>est</strong></span> <span class='ocrx_word' id='word_1_691' title='bbox 1137 4759 1282 4828; x_wconf 88' lang='lat' dir='ltr'><strong>quod</strong></span> <span class='ocrx_word' id='word_1_692' title='bbox 1325 4760 1562 4815; x_wconf 88' lang='lat' dir='ltr'><strong>dicimus</strong></span> <span class='ocrx_word' id='word_1_693' title='bbox 1596 4759 1817 4816; x_wconf 83' lang='lat' dir='ltr'><strong>auferre</strong></span> <span class='ocrx_word' id='word_1_694' title='bbox 1850 4761 1920 4816; x_wconf 89' lang='lat' dir='ltr'><strong>ab</strong></span> <span class='ocrx_word' id='word_1_695' title='bbox 1974 4778 2106 4817; x_wconf 89' lang='lat' dir='ltr'><strong>aure</strong></span> 
     </span>
    </p>
   </div>
   <div class='ocr_carea' id='block_1_95' title="bbox 538 4847 2105 4919">
    <p class='ocr_par' dir='ltr' id='par_1_95' title="bbox 538 4847 2105 4919">
     <span class='ocr_line' id='line_1_95' title="bbox 538 4847 2105 4919; baseline 0.003 -17"><span class='ocrx_word' id='word_1_696' title='bbox 538 4859 932 4918; x_wconf 66' lang='lat' dir='ltr'><strong>praeceptorum</strong></span> <span class='ocrx_word' id='word_1_697' title='bbox 968 4847 1238 4904; x_wconf 88' lang='lat' dir='ltr'><strong>inaurem.</strong></span> <span class='ocrx_word' id='word_1_698' title='bbox 1271 4849 1452 4915; x_wconf 88' lang='lat' dir='ltr'><strong>Quare</strong></span> <span class='ocrx_word' id='word_1_699' title='bbox 1485 4851 1576 4919; x_wconf 88' lang='lat' dir='ltr'><strong>qui</strong></span> <span class='ocrx_word' id='word_1_700' title='bbox 1610 4851 1712 4906; x_wconf 89' lang='lat' dir='ltr'><strong>hos</strong></span> <span class='ocrx_word' id='word_1_701' title='bbox 1744 4849 1962 4914; x_wconf 86' lang='lat' dir='ltr'><strong>fratres,</strong></span> <span class='ocrx_word' id='word_1_702' title='bbox 2005 4853 2105 4906; x_wconf 89' lang='lat' dir='ltr'><strong>hos</strong></span> 
     </span>
    </p>
   </div>
   <div class='ocr_carea' id='block_1_96' title="bbox 543 4940 2106 5010">
    <p class='ocr_par' dir='ltr' id='par_1_96' title="bbox 543 4940 2106 5010">
     <span class='ocr_line' id='line_1_96' title="bbox 543 4940 2106 5010; baseline 0.002 -16"><span class='ocrx_word' id='word_1_703' title='bbox 543 4942 770 5002; x_wconf 71' lang='lat' dir='ltr'><strong>amicos,</strong></span> <span class='ocrx_word' id='word_1_704' title='bbox 807 4940 904 4995; x_wconf 89' lang='lat' dir='ltr'><strong>hos</strong></span> <span class='ocrx_word' id='word_1_705' title='bbox 936 4941 1214 5010; x_wconf 89' lang='lat' dir='ltr'><strong>proximos</strong></span> <span class='ocrx_word' id='word_1_706' title='bbox 1263 4941 1555 5003; x_wconf 90' lang='lat' dir='ltr'><strong>inlerimet,</strong></span> <span class='ocrx_word' id='word_1_707' title='bbox 1603 4941 1785 4996; x_wconf 89' lang='lat' dir='ltr'><strong>audiet</strong></span> <span class='ocrx_word' id='word_1_708' title='bbox 1825 4943 1969 4996; x_wconf 92' lang='lat' dir='ltr'><strong>illam</strong></span> <span class='ocrx_word' id='word_1_709' title='bbox 2009 4958 2106 4997; x_wconf 87' lang='lat' dir='ltr'><strong>vo-</strong></span> 
     </span>
    </p>
   </div>
   <div class='ocr_carea' id='block_1_97' title="bbox 541 5032 2106 5106">
    <p class='ocr_par' dir='ltr' id='par_1_97' title="bbox 541 5032 2106 5106">
     <span class='ocr_line' id='line_1_97' title="bbox 541 5032 2106 5106; baseline 0.001 -18"><span class='ocrx_word' id='word_1_710' title='bbox 541 5049 680 5095; x_wconf 73' lang='lat' dir='ltr'><strong>cem,</strong></span> <span class='ocrx_word' id='word_1_711' title='bbox 714 5050 878 5104; x_wconf 87' lang='lat' dir='ltr'><strong>quam</strong></span> <span class='ocrx_word' id='word_1_712' title='bbox 909 5049 938 5087; x_wconf 89' lang='lat' dir='ltr'><strong>a</strong></span> <span class='ocrx_word' id='word_1_713' title='bbox 968 5032 1150 5106; x_wconf 80' lang='lat' dir='ltr'><strong>Moyse</strong></span> <span class='ocrx_word' id='word_1_714' title='bbox 1178 5035 1253 5090; x_wconf 92' lang='lat' dir='ltr'><strong>illi</strong></span> <span class='ocrx_word' id='word_1_715' title='bbox 1284 5044 1667 5105; x_wconf 86' lang='lat' dir='ltr'><strong>perceperunt,</strong></span> <span class='ocrx_word' id='word_1_716' title='bbox 1705 5035 1798 5104; x_wconf 92' lang='lat' dir='ltr'><strong>qui</strong></span> <span class='ocrx_word' id='word_1_717' title='bbox 1835 5043 1963 5088; x_wconf 92' lang='lat' dir='ltr'><strong>tunc</strong></span> <span class='ocrx_word' id='word_1_718' title='bbox 1988 5035 2106 5090; x_wconf 91' lang='lat' dir='ltr'><strong>sine</strong></span> 
     </span>
    </p>
   </div>
   <div class='ocr_carea' id='block_1_98' title="bbox 541 5123 2104 5192">
    <p class='ocr_par' dir='ltr' id='par_1_98' title="bbox 541 5123 2104 5192">
     <span class='ocr_line' id='line_1_98' title="bbox 541 5123 2104 5192; baseline 0.002 -16"><span class='ocrx_word' id='word_1_719' title='bbox 541 5123 924 5192; x_wconf 83' lang='lat' dir='ltr'><strong>disquisitione</strong></span> <span class='ocrx_word' id='word_1_720' title='bbox 960 5125 1162 5180; x_wconf 90' lang='lat' dir='ltr'><strong>multos</strong></span> <span class='ocrx_word' id='word_1_721' title='bbox 1189 5140 1219 5180; x_wconf 90' lang='lat' dir='ltr'><strong>e</strong></span> <span class='ocrx_word' id='word_1_722' title='bbox 1250 5125 1554 5180; x_wconf 87' lang='lat' dir='ltr'><strong>cultoribus</strong></span> <span class='ocrx_word' id='word_1_723' title='bbox 1584 5125 1713 5178; x_wconf 90' lang='lat' dir='ltr'><strong>idoli</strong></span> <span class='ocrx_word' id='word_1_724' title='bbox 1748 5125 2104 5179; x_wconf 88' lang='lat' dir='ltr'><strong>occiderunt:</strong></span> 
     </span>
    </p>
   </div>
   <div class='ocr_carea' id='block_1_99' title="bbox 541 5216 2104 5286">
    <p class='ocr_par' dir='ltr' id='par_1_99' title="bbox 541 5216 2104 5286">
     <span class='ocr_line' id='line_1_99' title="bbox 541 5216 2104 5286; baseline 0.003 -18"><span class='ocrx_word' id='word_1_725' title='bbox 541 5216 902 5286; x_wconf 85' lang='lat' dir='ltr'><strong>lmplevistis,</strong></span> <span class='ocrx_word' id='word_1_726' title='bbox 943 5216 1154 5286; x_wconf 88' lang='lat' dir='ltr'><strong>inquit,</strong></span> <span class='ocrx_word' id='word_1_727' title='bbox 1187 5232 1378 5270; x_wconf 91' lang='lat' dir='ltr'><strong>manus</strong></span> <span class='ocrx_word' id='word_1_728' title='bbox 1422 5225 1627 5271; x_wconf 88' lang='lat' dir='ltr'><strong>vestras</strong></span> <span class='ocrx_word' id='word_1_729' title='bbox 1664 5217 1822 5270; x_wconf 86' lang='lat' dir='ltr'><strong>hodie</strong></span> <span class='ocrx_word' id='word_1_730' title='bbox 1853 5217 2104 5283; x_wconf 86' lang='lat' dir='ltr'><strong>Domino,</strong></span> 
     </span>
    </p>
   </div>
   <div class='ocr_carea' id='block_1_100' title="bbox 540 5309 2106 5379">
    <p class='ocr_par' dir='ltr' id='par_1_100' title="bbox 540 5309 2106 5379">
     <span class='ocr_line' id='line_1_100' title="bbox 540 5309 2106 5379; baseline 0.002 -17"><span class='ocrx_word' id='word_1_731' title='bbox 540 5309 593 5362; x_wconf 93' lang='lat' dir='ltr'><strong>in</strong></span> <span class='ocrx_word' id='word_1_732' title='bbox 625 5324 724 5362; x_wconf 91' lang='lat' dir='ltr'><strong>suo</strong></span> <span class='ocrx_word' id='word_1_733' title='bbox 757 5310 1134 5379; x_wconf 86' lang='lat' dir='ltr'><strong>unusquisque</strong></span> <span class='ocrx_word' id='word_1_734' title='bbox 1169 5309 1279 5364; x_wconf 82' lang='lat' dir='ltr'><strong>filio</strong></span> <span class='ocrx_word' id='word_1_735' title='bbox 1317 5311 1401 5365; x_wconf 86' lang='lat' dir='ltr'><strong>vel</strong></span> <span class='ocrx_word' id='word_1_736' title='bbox 1436 5310 1624 5372; x_wconf 86' lang='lat' dir='ltr'><strong>fratre,</strong></span> <span class='ocrx_word' id='word_1_737' title='bbox 1661 5318 1719 5362; x_wconf 92' lang='lat' dir='ltr'><strong>nt</strong></span> <span class='ocrx_word' id='word_1_738' title='bbox 1749 5309 1907 5364; x_wconf 89' lang='lat' dir='ltr'><strong>detur</strong></span> <span class='ocrx_word' id='word_1_739' title='bbox 1939 5327 2106 5379; x_wconf 86' lang='lat' dir='ltr'><strong>super</strong></span> 
     </span>
    </p>
   </div>
   <div class='ocr_carea' id='block_1_101' title="bbox 539 5401 2102 5472">
    <p class='ocr_par' dir='ltr' id='par_1_101' title="bbox 539 5401 2102 5472">
     <span class='ocr_line' id='line_1_101' title="bbox 539 5401 2102 5472; baseline 0.002 -19"><span class='ocrx_word' id='word_1_740' title='bbox 539 5416 638 5455; x_wconf 85' lang='lat' dir='ltr'><strong>vos</strong></span> <span class='ocrx_word' id='word_1_741' title='bbox 689 5401 1015 5455; x_wconf 86' lang='lat' dir='ltr'><strong>benedictio.</strong></span> <span class='ocrx_word' id='word_1_742' title='bbox 1084 5401 1188 5456; x_wconf 88' lang='lat' dir='ltr'><strong>Sed</strong></span> <span class='ocrx_word' id='word_1_743' title='bbox 1243 5409 1550 5472; x_wconf 89' lang='lat' dir='ltr'><strong>opportune</strong></span> <span class='ocrx_word' id='word_1_744' title='bbox 1603 5401 1764 5455; x_wconf 90' lang='lat' dir='ltr'><strong>modo</strong></span> <span class='ocrx_word' id='word_1_745' title='bbox 1803 5403 2102 5472; x_wconf 83' lang='lat' dir='ltr'><strong>primorum</strong></span> 
     </span>
    </p>
   </div>
   <div class='ocr_carea' id='block_1_102' title="bbox 541 5493 2102 5566">
    <p class='ocr_par' dir='ltr' id='par_1_102' title="bbox 541 5493 2102 5566">
     <span class='ocr_line' id='line_1_102' title="bbox 541 5493 2102 5566; baseline 0.001 -20"><span class='ocrx_word' id='word_1_746' title='bbox 541 5503 826 5562; x_wconf 89' lang='lat' dir='ltr'><strong>parentum</strong></span> <span class='ocrx_word' id='word_1_747' title='bbox 875 5493 1104 5550; x_wconf 86' lang='lat' dir='ltr'><strong>fecimus</strong></span> <span class='ocrx_word' id='word_1_748' title='bbox 1142 5497 1498 5559; x_wconf 78' lang='grc' dir='ltr'>ιιιοιιιίοιιειη,</span> <span class='ocrx_word' id='word_1_749' title='bbox 1537 5503 1593 5548; x_wconf 88' lang='grc' dir='ltr'><strong>ιιι</strong></span> <span class='ocrx_word' id='word_1_750' title='bbox 1640 5495 1918 5552; x_wconf 87' lang='lat' dir='ltr'><strong>discamus</strong></span> <span class='ocrx_word' id='word_1_751' title='bbox 1965 5512 2102 5566; x_wconf 89' lang='lat' dir='ltr'><strong>quo-</strong></span> 
     </span>
    </p>
   </div>
   <div class='ocr_carea' id='block_1_103' title="bbox 541 5583 2103 5654">
    <p class='ocr_par' dir='ltr' id='par_1_103' title="bbox 541 5583 2103 5654">
     <span class='ocr_line' id='line_1_103' title="bbox 541 5583 2103 5654; baseline 0.004 -20"><span class='ocrx_word' id='word_1_752' title='bbox 541 5597 664 5634; x_wconf 87' lang='lat' dir='ltr'><strong>nam</strong></span> <span class='ocrx_word' id='word_1_753' title='bbox 697 5593 858 5652; x_wconf 84' lang='lat' dir='ltr'><strong>pacto</strong></span> <span class='ocrx_word' id='word_1_754' title='bbox 905 5583 1168 5637; x_wconf 88' lang='lat' dir='ltr'><strong>divinitus</strong></span> <span class='ocrx_word' id='word_1_755' title='bbox 1217 5584 1495 5638; x_wconf 83' lang='lat' dir='ltr'><strong>confectas</strong></span> <span class='ocrx_word' id='word_1_756' title='bbox 1538 5584 1773 5647; x_wconf 82' lang='lat' dir='ltr'><strong>tabulas,</strong></span> <span class='ocrx_word' id='word_1_757' title='bbox 1822 5584 1874 5637; x_wconf 91' lang='lat' dir='ltr'><strong>in</strong></span> <span class='ocrx_word' id='word_1_758' title='bbox 1904 5585 2103 5654; x_wconf 89' lang='lat' dir='ltr'><strong>quibus</strong></span> 
     </span>
    </p>
   </div>
   <div class='ocr_carea' id='block_1_104' title="bbox 541 5666 2098 5748">
    <p class='ocr_par' dir='ltr' id='par_1_104' title="bbox 541 5666 2098 5748">
     <span class='ocr_line' id='line_1_104' title="bbox 541 5666 2098 5748; baseline 0.007 -28"><span class='ocrx_word' id='word_1_759' title='bbox 541 5666 626 5722; x_wconf 79' lang='lat' dir='ltr'><strong>lex</strong></span> <span class='ocrx_word' id='word_1_760' title='bbox 655 5680 770 5723; x_wconf 84' lang='lat' dir='ltr'><strong>erat</strong></span> <span class='ocrx_word' id='word_1_761' title='bbox 804 5671 1071 5727; x_wconf 82' lang='lat' dir='ltr'><strong>impressa</strong></span> <span class='ocrx_word' id='word_1_762' title='bbox 1152 5672 1206 5725; x_wconf 93' lang='lat' dir='ltr'><strong>in</strong></span> <span class='ocrx_word' id='word_1_763' title='bbox 1247 5683 1450 5728; x_wconf 90' lang='lat' dir='ltr'><strong>terram</strong></span> <span class='ocrx_word' id='word_1_764' title='bbox 1484 5673 1737 5748; x_wconf 79' lang='lat' dir='ltr'><strong>manibus</strong></span> <span class='ocrx_word' id='word_1_765' title='bbox 1767 5671 1937 5748; x_wconf 69' lang='lat' dir='ltr'><strong>Moysi</strong></span> <span class='ocrx_word' id='word_1_766' title='bbox 1969 5689 2098 5731; x_wconf 89' lang='lat' dir='ltr'><strong>nro-</strong></span> 
     </span>
    </p>
   </div>
   <div class='ocr_carea' id='block_1_105' title="bbox 609 5850 1196 5915">
    <p class='ocr_par' dir='ltr' id='par_1_105' title="bbox 609 5850 1196 5915">
     <span class='ocr_line' id='line_1_105' title="bbox 609 5850 1196 5915; baseline 0.005 -11"><span class='ocrx_word' id='word_1_767' title='bbox 609 5851 656 5883; x_wconf 84' lang='lat'><strong>“</strong></span> <span class='ocrx_word' id='word_1_768' title='bbox 689 5850 858 5906; x_wconf 80' lang='lat' dir='ltr'><strong>Exod.</strong></span> <span class='ocrx_word' id='word_1_769' title='bbox 901 5866 1072 5915; x_wconf 74' lang='lat' dir='ltr'><strong>xxx&quot;,</strong></span> <span class='ocrx_word' id='word_1_770' title='bbox 1106 5850 1196 5907; x_wconf 69' lang='grc'><strong>24.</strong></span> 
     </span>
    </p>
   </div>
   <div class='ocr_carea' id='block_1_106' title="bbox 2207 4670 3779 4744">
    <p class='ocr_par' dir='ltr' id='par_1_106' title="bbox 2207 4670 3779 4744">
     <span class='ocr_line' id='line_1_106' title="bbox 2207 4670 3779 4744; baseline -0.003 -17"><span class='ocrx_word' id='word_1_771' title='bbox 2207 4675 2306 4744; x_wconf 87' lang='grc' dir='ltr'><strong>τῆς</strong></span> <span class='ocrx_word' id='word_1_772' title='bbox 2332 4673 2548 4744; x_wconf 76' lang='grc' dir='ltr'>ἐντολῆς</span> <span class='ocrx_word' id='word_1_773' title='bbox 2579 4671 2872 4743; x_wconf 74' lang='grc' dir='ltr'>συμϐουλή.</span> <span class='ocrx_word' id='word_1_774' title='bbox 2911 4671 3035 4734; x_wconf 86' lang='grc' dir='ltr'>Πῶς</span> <span class='ocrx_word' id='word_1_775' title='bbox 3064 4670 3323 4742; x_wconf 74' lang='grc' dir='ltr'>ἐνομίσθη</span> <span class='ocrx_word' id='word_1_776' title='bbox 3352 4671 3507 4740; x_wconf 85' lang='grc' dir='ltr'>φίλος</span> <span class='ocrx_word' id='word_1_777' title='bbox 3526 4672 3623 4725; x_wconf 71' lang='grc' dir='ltr'><strong>καὶ</strong></span> <span class='ocrx_word' id='word_1_778' title='bbox 3649 4671 3779 4741; x_wconf 81' lang='grc' dir='ltr'>πλη-</span> 
     </span>
    </p>
   </div>
   <div class='ocr_carea' id='block_1_107' title="bbox 2211 4763 3779 4835">
    <p class='ocr_par' dir='ltr' id='par_1_107' title="bbox 2211 4763 3779 4835">
     <span class='ocr_line' id='line_1_107' title="bbox 2211 4763 3779 4835; baseline -0.003 -17"><span class='ocrx_word' id='word_1_779' title='bbox 2211 4766 2324 4818; x_wconf 92' lang='grc' dir='ltr'>σίον</span> <span class='ocrx_word' id='word_1_780' title='bbox 2351 4768 2460 4828; x_wconf 88' lang='grc' dir='ltr'>τοῖς</span> <span class='ocrx_word' id='word_1_781' title='bbox 2500 4763 2943 4835; x_wconf 84' lang='grc' dir='ltr'>πρωτοπλάστοις</span> <span class='ocrx_word' id='word_1_782' title='bbox 2979 4765 3008 4816; x_wconf 83' lang='grc'>6</span> <span class='ocrx_word' id='word_1_783' title='bbox 3035 4763 3179 4833; x_wconf 71' lang='grc' dir='ltr'>ὄφις,</span> <span class='ocrx_word' id='word_1_784' title='bbox 3203 4763 3280 4826; x_wconf 85' lang='grc' dir='ltr'>ὥς</span> <span class='ocrx_word' id='word_1_785' title='bbox 3315 4780 3370 4816; x_wconf 92' lang='grc' dir='ltr'><strong>τι</strong></span> <span class='ocrx_word' id='word_1_786' title='bbox 3397 4764 3667 4834; x_wconf 78' lang='grc' dir='ltr'>χρήσιμον</span> <span class='ocrx_word' id='word_1_787' title='bbox 3688 4763 3779 4814; x_wconf 75' lang='grc' dir='ltr'>καὶ</span> 
     </span>
    </p>
   </div>
   <div class='ocr_carea' id='block_1_108' title="bbox 2210 4848 3780 4927">
    <p class='ocr_par' dir='ltr' id='par_1_108' title="bbox 2210 4848 3780 4927">
     <span class='ocr_line' id='line_1_108' title="bbox 2210 4848 3780 4927; baseline -0.001 -17"><span class='ocrx_word' id='word_1_788' title='bbox 2210 4857 2432 4926; x_wconf 77' lang='grc' dir='ltr'>ἀγαθον,</span> <span class='ocrx_word' id='word_1_789' title='bbox 2460 4855 2521 4909; x_wconf 80' lang='grc' dir='ltr'><strong>τὸ</strong></span> <span class='ocrx_word' id='word_1_790' title='bbox 2551 4856 2850 4927; x_wconf 85' lang='grc' dir='ltr'>ἀποστῆναι</span> <span class='ocrx_word' id='word_1_791' title='bbox 2884 4854 2977 4909; x_wconf 85' lang='grc' dir='ltr'>τοῦ</span> <span class='ocrx_word' id='word_1_792' title='bbox 3011 4854 3154 4908; x_wconf 85' lang='grc' dir='ltr'>θείου</span> <span class='ocrx_word' id='word_1_793' title='bbox 3193 4848 3620 4926; x_wconf 79' lang='grc' dir='ltr'>προστάγματος</span> <span class='ocrx_word' id='word_1_794' title='bbox 3654 4873 3780 4925; x_wconf 85' lang='grc' dir='ltr'>συμ-</span> 
     </span>
    </p>
   </div>
   <div class='ocr_carea' id='block_1_109' title="bbox 2211 4943 3784 5017">
    <p class='ocr_par' dir='ltr' id='par_1_109' title="bbox 2211 4943 3784 5017">
     <span class='ocr_line' id='line_1_109' title="bbox 2211 4943 3784 5017; baseline -0.002 -18"><span class='ocrx_word' id='word_1_795' title='bbox 2211 4945 2511 5008; x_wconf 72' lang='grc' dir='ltr'>ϐουλεύωνς</span> <span class='ocrx_word' id='word_1_796' title='bbox 2551 4945 2721 4999; x_wconf 79' lang='grc' dir='ltr'>Τοῦτό</span> <span class='ocrx_word' id='word_1_797' title='bbox 2759 4947 2873 4998; x_wconf 85' lang='grc' dir='ltr'>ὲστι</span> <span class='ocrx_word' id='word_1_798' title='bbox 2905 4945 2966 4998; x_wconf 84' lang='grc' dir='ltr'><strong>τὸ</strong></span> <span class='ocrx_word' id='word_1_799' title='bbox 3008 4944 3352 5017; x_wconf 86' lang='grc' dir='ltr'>περιελέσθαι</span> <span class='ocrx_word' id='word_1_800' title='bbox 3397 4945 3499 5014; x_wconf 83' lang='grc' dir='ltr'><strong>τῆς</strong></span> <span class='ocrx_word' id='word_1_801' title='bbox 3526 4945 3691 5014; x_wconf 84' lang='grc' dir='ltr'>ἀκοῆς</span> <span class='ocrx_word' id='word_1_802' title='bbox 3714 4943 3784 4996; x_wconf 75' lang='grc' dir='ltr'><strong>τδ</strong></span> 
     </span>
    </p>
   </div>
   <div class='ocr_carea' id='block_1_110' title="bbox 2209 5034 3783 5110">
    <p class='ocr_par' dir='ltr' id='par_1_110' title="bbox 2209 5034 3783 5110">
     <span class='ocr_line' id='line_1_110' title="bbox 2209 5034 3783 5110; baseline -0.004 -18"><span class='ocrx_word' id='word_1_803' title='bbox 2209 5040 2310 5110; x_wconf 92' lang='grc' dir='ltr'><strong>τῆς</strong></span> <span class='ocrx_word' id='word_1_804' title='bbox 2350 5038 2567 5109; x_wconf 76' lang='grc' dir='ltr'>ἐντολῆς</span> <span class='ocrx_word' id='word_1_805' title='bbox 2601 5037 2840 5090; x_wconf 78' lang='grc' dir='ltr'>ἐνώτιον.</span> <span class='ocrx_word' id='word_1_806' title='bbox 2869 5035 3077 5090; x_wconf 81' lang='grc' dir='ltr'>Οὐκοῦν</span> <span class='ocrx_word' id='word_1_807' title='bbox 3122 5039 3150 5089; x_wconf 92' lang='lat'><strong>6</strong></span> <span class='ocrx_word' id='word_1_808' title='bbox 3188 5035 3296 5088; x_wconf 87' lang='grc' dir='ltr'><strong>τῶν</strong></span> <span class='ocrx_word' id='word_1_809' title='bbox 3329 5036 3588 5089; x_wconf 77' lang='grc' dir='ltr'>τοιούτων</span> <span class='ocrx_word' id='word_1_810' title='bbox 3631 5034 3783 5088; x_wconf 59' lang='lat'><strong>6&amp;1-</strong></span> 
     </span>
    </p>
   </div>
   <div class='ocr_carea' id='block_1_111' title="bbox 2213 5130 3783 5201">
    <p class='ocr_par' dir='ltr' id='par_1_111' title="bbox 2213 5130 3783 5201">
     <span class='ocr_line' id='line_1_111' title="bbox 2213 5130 3783 5201; baseline -0.002 -17"><span class='ocrx_word' id='word_1_811' title='bbox 2213 5132 2328 5201; x_wconf 84' lang='grc' dir='ltr'><strong>φῶν</strong></span> <span class='ocrx_word' id='word_1_812' title='bbox 2368 5148 2425 5184; x_wconf 84' lang='grc' dir='ltr'><strong>τε</strong></span> <span class='ocrx_word' id='word_1_813' title='bbox 2460 5131 2554 5184; x_wconf 77' lang='grc' dir='ltr'><strong>καὶ</strong></span> <span class='ocrx_word' id='word_1_814' title='bbox 2597 5131 2770 5200; x_wconf 86' lang='grc' dir='ltr'>φίλων</span> <span class='ocrx_word' id='word_1_815' title='bbox 2810 5130 2903 5184; x_wconf 72' lang='grc' dir='ltr'><strong>καὶ</strong></span> <span class='ocrx_word' id='word_1_816' title='bbox 2956 5130 3181 5200; x_wconf 86' lang='grc' dir='ltr'>πλησίον</span> <span class='ocrx_word' id='word_1_817' title='bbox 3223 5131 3438 5200; x_wconf 75' lang='grc' dir='ltr'>φονεὺς,</span> <span class='ocrx_word' id='word_1_818' title='bbox 3489 5130 3783 5183; x_wconf 75' lang='grc' dir='ltr'>ἀκούσεται</span> 
     </span>
    </p>
   </div>
   <div class='ocr_carea' id='block_1_112' title="bbox 2213 5221 3779 5295">
    <p class='ocr_par' dir='ltr' id='par_1_112' title="bbox 2213 5221 3779 5295">
     <span class='ocr_line' id='line_1_112' title="bbox 2213 5221 3779 5295; baseline -0.004 -18"><span class='ocrx_word' id='word_1_819' title='bbox 2213 5223 2362 5295; x_wconf 82' lang='grc' dir='ltr'><strong>παρά</strong></span> <span class='ocrx_word' id='word_1_820' title='bbox 2399 5223 2491 5277; x_wconf 80' lang='grc' dir='ltr'>τοῦ</span> <span class='ocrx_word' id='word_1_821' title='bbox 2534 5223 2698 5294; x_wconf 86' lang='grc' dir='ltr'>νόμου</span> <span class='ocrx_word' id='word_1_822' title='bbox 2746 5222 2846 5292; x_wconf 90' lang='grc' dir='ltr'><strong>τῆς</strong></span> <span class='ocrx_word' id='word_1_823' title='bbox 2887 5223 3068 5292; x_wconf 87' lang='grc' dir='ltr'>φωνῆς</span> <span class='ocrx_word' id='word_1_824' title='bbox 3121 5221 3352 5293; x_wconf 76' lang='grc' dir='ltr'>ἐκείνης,</span> <span class='ocrx_word' id='word_1_825' title='bbox 3382 5223 3450 5292; x_wconf 74' lang='grc' dir='ltr'>ἢν</span> <span class='ocrx_word' id='word_1_826' title='bbox 3500 5221 3692 5291; x_wconf 77' lang='grc' dir='ltr'>ἔφησεν</span> <span class='ocrx_word' id='word_1_827' title='bbox 3739 5223 3779 5291; x_wconf 75' lang='grc' dir='ltr'><strong>ὴ</strong></span> 
     </span>
    </p>
   </div>
   <div class='ocr_carea' id='block_1_113' title="bbox 2214 5313 3785 5386">
    <p class='ocr_par' dir='ltr' id='par_1_113' title="bbox 2214 5313 3785 5386">
     <span class='ocr_line' id='line_1_113' title="bbox 2214 5313 3785 5386; baseline -0.003 -18"><span class='ocrx_word' id='word_1_828' title='bbox 2214 5316 2424 5386; x_wconf 86' lang='grc' dir='ltr'>ἰστορία</span> <span class='ocrx_word' id='word_1_829' title='bbox 2449 5313 2598 5385; x_wconf 90' lang='grc' dir='ltr'><strong>παρά</strong></span> <span class='ocrx_word' id='word_1_830' title='bbox 2614 5314 2706 5366; x_wconf 75' lang='grc' dir='ltr'>τοῦ</span> <span class='ocrx_word' id='word_1_831' title='bbox 2730 5313 3000 5377; x_wconf 82' lang='grc' dir='ltr'>Μωῦσέως</span> <span class='ocrx_word' id='word_1_832' title='bbox 3029 5313 3350 5384; x_wconf 84' lang='grc' dir='ltr'>γεγενῆσθαι</span> <span class='ocrx_word' id='word_1_833' title='bbox 3382 5315 3496 5375; x_wconf 88' lang='grc' dir='ltr'>τοῖς</span> <span class='ocrx_word' id='word_1_834' title='bbox 3514 5313 3637 5374; x_wconf 75' lang='grc' dir='ltr'>τοὺς</span> <span class='ocrx_word' id='word_1_835' title='bbox 3666 5327 3785 5364; x_wconf 63' lang='grc' dir='ltr'>τοι-</span> 
     </span>
    </p>
   </div>
   <div class='ocr_carea' id='block_1_114' title="bbox 2211 5405 3785 5476">
    <p class='ocr_par' dir='ltr' id='par_1_114' title="bbox 2211 5405 3785 5476">
     <span class='ocr_line' id='line_1_114' title="bbox 2211 5405 3785 5476; baseline 0 -18"><span class='ocrx_word' id='word_1_836' title='bbox 2211 5405 2399 5469; x_wconf 77' lang='grc' dir='ltr'>οὑτους</span> <span class='ocrx_word' id='word_1_837' title='bbox 2459 5406 2932 5475; x_wconf 76' lang='grc' dir='ltr'>φονοκτονήσασινο</span> <span class='ocrx_word' id='word_1_838' title='bbox 2994 5405 3373 5476; x_wconf 84' lang='grc' dir='ltr'>Ἐπληρὼσατε</span> <span class='ocrx_word' id='word_1_839' title='bbox 3437 5405 3538 5469; x_wconf 83' lang='grc' dir='ltr'>τὰς</span> <span class='ocrx_word' id='word_1_840' title='bbox 3596 5407 3785 5473; x_wconf 74' lang='grc' dir='ltr'>χεῖρας</span> 
     </span>
    </p>
   </div>
   <div class='ocr_carea' id='block_1_115' title="bbox 2209 5484 3782 5568">
    <p class='ocr_par' dir='ltr' id='par_1_115' title="bbox 2209 5484 3782 5568">
     <span class='ocr_line' id='line_1_115' title="bbox 2209 5484 3782 5568; baseline -0.002 -19"><span class='ocrx_word' id='word_1_841' title='bbox 2209 5484 2624 5567; x_wconf 63' lang='grc' dir='ltr'>ὑμῶν’σήμερον</span> <span class='ocrx_word' id='word_1_842' title='bbox 2652 5496 2728 5566; x_wconf 81' lang='grc' dir='ltr'><strong>τῷ</strong></span> <span class='ocrx_word' id='word_1_843' title='bbox 2771 5497 2960 5568; x_wconf 88' lang='grc' dir='ltr'>Κυρίῳ</span> <span class='ocrx_word' id='word_1_844' title='bbox 3001 5497 3227 5559; x_wconf 76' lang='grc' dir='ltr'>ἕκαστος</span> <span class='ocrx_word' id='word_1_845' title='bbox 3260 5498 3316 5550; x_wconf 86' lang='grc' dir='ltr'>ὲν</span> <span class='ocrx_word' id='word_1_846' title='bbox 3342 5495 3420 5566; x_wconf 85' lang='grc' dir='ltr'>τῷ</span> <span class='ocrx_word' id='word_1_847' title='bbox 3474 5497 3585 5566; x_wconf 81' lang='grc' dir='ltr'>ἰδίῳ</span> <span class='ocrx_word' id='word_1_848' title='bbox 3614 5496 3706 5564; x_wconf 85' lang='grc' dir='ltr'>υἰῴ</span> <span class='ocrx_word' id='word_1_849' title='bbox 3744 5497 3782 5566; x_wconf 75' lang='grc' dir='ltr'>ἢ</span> 
     </span>
    </p>
   </div>
   <div class='ocr_carea' id='block_1_116' title="bbox 2206 5589 3782 5660">
    <p class='ocr_par' dir='ltr' id='par_1_116' title="bbox 2206 5589 3782 5660">
     <span class='ocr_line' id='line_1_116' title="bbox 2206 5589 3782 5660; baseline -0.001 -19"><span class='ocrx_word' id='word_1_850' title='bbox 2206 5589 2284 5660; x_wconf 82' lang='grc' dir='ltr'>τῷ</span> <span class='ocrx_word' id='word_1_851' title='bbox 2311 5589 2542 5658; x_wconf 82' lang='grc' dir='ltr'>ἀδελφῷ,</span> <span class='ocrx_word' id='word_1_852' title='bbox 2568 5589 2784 5658; x_wconf 87' lang='grc' dir='ltr'>δοθῆναι</span> <span class='ocrx_word' id='word_1_853' title='bbox 2808 5589 2892 5657; x_wconf 77' lang='grc' dir='ltr'><strong>ἐφ’</strong></span> <span class='ocrx_word' id='word_1_854' title='bbox 2915 5590 3058 5660; x_wconf 81' lang='grc' dir='ltr'>ὑμᾶς</span> <span class='ocrx_word' id='word_1_855' title='bbox 3087 5589 3352 5656; x_wconf 81' lang='grc' dir='ltr'>εὐλογίαν.</span> <span class='ocrx_word' id='word_1_856' title='bbox 3381 5591 3541 5641; x_wconf 83' lang='grc' dir='ltr'>Δοκεῖ</span> <span class='ocrx_word' id='word_1_857' title='bbox 3559 5590 3612 5642; x_wconf 73' lang='grc' dir='ltr'>δὲ</span> <span class='ocrx_word' id='word_1_858' title='bbox 3635 5591 3782 5640; x_wconf 68' lang='grc' dir='ltr'>κατὰ</span> 
     </span>
    </p>
   </div>
   <div class='ocr_carea' id='block_1_117' title="bbox 2208 5679 3785 5751">
    <p class='ocr_par' dir='ltr' id='par_1_117' title="bbox 2208 5679 3785 5751">
     <span class='ocr_line' id='line_1_117' title="bbox 2208 5679 3785 5751; baseline -0.001 -18"><span class='ocrx_word' id='word_1_859' title='bbox 2208 5679 2398 5751; x_wconf 75' lang='grc' dir='ltr'>καιρὸν</span> <span class='ocrx_word' id='word_1_860' title='bbox 2426 5681 2518 5732; x_wconf 72' lang='grc' dir='ltr'><strong>καὶ</strong></span> <span class='ocrx_word' id='word_1_861' title='bbox 2544 5681 2577 5751; x_wconf 77' lang='grc' dir='ltr'>ἠ</span> <span class='ocrx_word' id='word_1_862' title='bbox 2609 5681 2792 5750; x_wconf 59' lang='grc' dir='ltr'>μνῇιιτι</span> <span class='ocrx_word' id='word_1_863' title='bbox 2827 5680 2936 5734; x_wconf 89' lang='grc' dir='ltr'><strong>τῶν</strong></span> <span class='ocrx_word' id='word_1_864' title='bbox 2966 5680 3065 5738; x_wconf 74' lang='grc' dir='ltr'><strong>τὴν</strong></span> <span class='ocrx_word' id='word_1_865' title='bbox 3098 5680 3372 5734; x_wconf 75' lang='grc' dir='ltr'>ἁμαρτίαν</span> <span class='ocrx_word' id='word_1_866' title='bbox 3398 5679 3785 5746; x_wconf 57' lang='grc' dir='ltr'>παραδεξαμέ-</span> 
     </span>
    </p>
   </div>
  </div>
