3982 6510
460 397 564 461 399

1690 387 1750 443 S.
1792 385 2121 443 GREGORII
2144 384 2434 443 NYSSENI

3610 395 3718 451 ιιιο

462 512 601 583 πρὸς
626 508 722 585 τὴν
753 508 1009 562 ὑπόνοιαν
1031 504 1129 576 τῆς
1152 520 1219 557 πε
1229 503 1282 575 pl.
1303 502 1395 557 τὸν
1417 502 1578 558 τόπον
1600 502 1787 558 τοῦτον
1808 503 2041 575 θεωρίας

2161 512 2299 558 itura
2333 509 2589 569 testatur,
2640 515 2879 573 quocum
2918 502 3065 560 Deus
3110 504 3185 560 ita
3226 506 3549 577 loquebatur
3579 518 3635 564 ut
3668 513 3715 565 si

465 602 792 674 ἠνέχθημεν.
834 598 957 652 Ἐπὶ
1002 597 1061 651 δὲ
1126 596 1189 649 τὸ
1243 596 1599 667 προκείμενον
1638 595 2039 666 ἐπανέλθωμεν.

467 699 593 761 Πῶς
622 698 650 749 6
675 692 967 753 τοσαύταις
1004 689 1342 759 θεοφανείαις
1375 688 1621 761 ἐναργῶς
1645 690 1777 759 όρᾷν
1798 688 1891 741 τὸν
1912 687 2045 740 Θεὸν

469 787 618 857 παρά
650 786 748 855 τῆς
778 782 927 844 θείας
960 781 1144 850 φωνῆς
1172 778 1612 852 μαρτυρούμενος
1635 775 1824 851 (ὲνοίς
1857 796 2040 849 φησιν,

466 882 548 933 ὅτι
577 876 805 938 ὲνώπιος
834 873 1073 944 ὲνωπίῳ,
1105 873 1180 937 ὡς
1199 874 1265 928 ἀν
1287 889 1371 936 τις
1395 872 1600 944 λαλήσῃ
1628 871 1766 942 πρὸς
1801 871 1892 925 τὸν
1920 872 2047 925 ἑαυ-

465 969 561 1024 τοῦ
588 967 785 1038 φίλον),
812 968 871 1020 ὲν
902 966 1113 1028 τούτοις
1140 963 1552 1035 γενόμενος,κὼς
1582 964 1747 1034 μήπω
1771 961 1947 1031 τυχὼν
1971 954 2045 1016 ὧν

466 1057 823 1129 τετυχηκέναι
850 1054 939 1110 διὰ
957 1057 1055 1126 τῆς
1081 1056 1363 1125 Γραφικῆς
1387 1055 1692 1126 μαρτυρίας
1712 1053 2044 1118 πιστεύεται,

467 1152 639 1204 δεῖται
675 1148 770 1203 τοῦ
817 1146 952 1200 Θεοῦ
988 1147 1224 1216 φανῆναι
1270 1147 1450 1218 αὐτῷ,
1493 1147 1569 1210 ὡς
1605 1146 1698 1201 τοῦ
1738 1147 1826 1200 ἀεὶ
1860 1163 2048 1216 φαινο-

473 1243 633 1313 μένου
660 1238 883 1312 μηδέπω
905 1238 1193 1309 ὁφθέντοςς
1216 1239 1326 1293 Καὶ
1348 1241 1382 1311 ὴ
1410 1239 1615 1294 ἄνωθεν
1640 1239 1811 1310 φωνὴ,
1834 1239 1929 1293 νῦν
1950 1238 2050 1310 μὲν

472 1333 539 1405 τῇ
569 1332 831 1403 ἐπιθυμίᾳ
859 1331 954 1385 τοῦ
982 1331 1259 1395 αἰτοῦντος
1287 1330 1613 1394 συντίθεται,
1632 1331 1728 1385 καὶ
1754 1332 1852 1402 τὴν
1878 1347 2050 1402 προσ-

472 1427 649 1498 θήκην
686 1424 835 1495 αύτῷ
878 1428 980 1495 τῆς
1026 1424 1245 1494 χάριτος
1297 1421 1501 1492 ταύτης
1538 1422 1637 1476 οὐκ
1674 1420 2047 1475 ἀπαναίνεται.

473 1518 644 1573 Πάλιν
670 1518 726 1571 δὲ
774 1519 854 1581 εἰς
896 1516 1240 1586 ἀπελπισμὸν
1265 1516 1411 1583 ἄγει,
1454 1514 1521 1567 δι’
1558 1506 1633 1567 ὧν
1670 1514 2051 1584 ἀποφαίνεται,

471 1610 755 1683 ἀχώρητον
776 1605 915 1664 εἶναι
942 1611 1009 1680 τῇ
1028 1608 1136 1662 τῶν
1156 1609 1252 1663 ἀνθ
1261 1608 1457 1679 ρώπων
1479 1608 1590 1679 ζωῇ
1610 1610 1671 1661 τὸ
1689 1608 1818 1677 παρ’
1846 1607 2051 1662 ἐκείνου

473 1702 822 1775 ζητούμενον.
859 1701 1021 1755 Ἀλλά
1042 1718 1162 1755 τινα
1186 1701 1348 1755 τόπον
1369 1698 1513 1755 εἶναι
1538 1700 1667 1772 παρ’
1693 1699 1869 1771 ἑαυτῷ
1890 1716 2055 1771 φησιν

469 1794 502 1845 6
534 1793 685 1856 Θεὸς,
724 1792 819 1847 καὶ
848 1792 905 1846 ὲν
932 1790 1011 1863 τῷ
1036 1791 1187 1861 τόπῳ
1208 1790 1435 1860 πέτραν,
1479 1789 1575 1844 καὶ
1606 1788 1745 1862 ὀπὴν
1771 1792 1829 1843 ὲν
1858 1791 1922 1859 τῇ
1952 1789 2054 1842 πέ-

2148 598 2273 666 quis
2296 596 2533 651 amicum
2574 611 2737 651 suum
2767 595 3156 665 alloqueretur,
3191 608 3317 656 orat
3361 616 3530 666 nunc,
3576 619 3720 673 quas

2143 703 2430 759 nunquam
2477 686 2741 754 vidisset,
2796 694 2855 741 ut
2882 686 3061 742 videat
3088 687 3155 740 ‘9.
3211 689 3274 741 Et
3323 693 3598 762 quomodo
3643 694 3724 749 di-

2150 780 2277 834 vina
2348 792 2457 833 vox
2522 774 2688 832 modo
2744 776 2939 832 annuit
2997 775 3178 830 oranti
3235 781 3381 846 quod
3432 783 3607 851 petit.
3668 793 3723 838 et

2152 872 2295 927 banc
2333 885 2553 941 quoque
2594 868 2825 939 gratiam
2858 867 2964 923 sibi
3001 867 3141 923 velle
3186 865 3440 922 conferre
3468 888 3575 927 non
3627 889 3727 928 ne-

2154 972 2290 1036 gat:
2338 963 2500 1020 modo
2550 963 2606 1017 in
2656 960 3096 1032 desperationem
3136 958 3323 1025 ducit,
3356 975 3479 1015 cum
3516 974 3729 1021 aszcrat

2153 1072 2265 1113 non
2292 1071 2416 1112 esse
2447 1056 2590 1111 hanc
2627 1055 2794 1110 vitam
2824 1053 3107 1108 hominum
3140 1052 3262 1123 ejus
3302 1052 3406 1115 rei,
3440 1068 3604 1123 quam
3633 1070 3731 1123 po-

2155 1151 2429 1219 stulabat,
2454 1164 2708 1221 capacem
2732 1188 2747 1213 ,
2775 1157 2831 1204 et
2874 1147 2941 1202 ad
2977 1147 3121 1213 haec,
3175 1161 3337 1216 quem
3388 1147 3568 1203 locum
3606 1162 3735 1203 esse

2156 1241 2301 1313 apud
2332 1257 2393 1297 se
2436 1239 2580 1296 Deus
2608 1239 2771 1305 dicit,
2811 1246 2867 1295 et
2912 1253 3075 1309 quem
3107 1237 3163 1292 in
3211 1238 3334 1293 loco
3371 1237 3630 1308 lapidem,
3678 1249 3734 1293 et

2155 1332 2303 1403 quod
2346 1332 2403 1386 in
2434 1331 2617 1400 lapide
2652 1329 2920 1391 foramen,
2963 1329 3020 1383 in
3057 1327 3203 1398 quod
3241 1327 3398 1398 jubet
3444 1328 3737 1397 pervenire

2161 1425 2407 1494 Moysen,
2425 1423 2622 1479 deinde
2650 1422 2819 1478 Deum
2843 1437 3068 1477 manum
3092 1436 3248 1478 suam
3272 1420 3336 1476 ad
3362 1436 3424 1477 os
3447 1419 3737 1477 foraminis

2157 1516 2307 1572 illius
2342 1514 2685 1586 positurum,
2719 1519 2774 1567 et
2809 1526 2933 1566 cum
2970 1511 3249 1565 transierit
3273 1552 3288 1574 ,
3323 1510 3543 1583 Moysen
3572 1511 3737 1566 invo-

2158 1616 2346 1662 catum
2404 1621 2435 1661 a
2488 1604 2791 1672 foramine,
2827 1604 3136 1675 posteriora
3179 1601 3301 1673 ejus
3352 1604 3447 1674 qui
3477 1604 3735 1669 vocavit,

2158 1699 2537 1769 inspecturum
2585 1714 2599 1750 :
2649 1696 2767 1751 haec
2811 1695 2955 1751 enim
2992 1693 3278 1764 Scriptura
3325 1704 3532 1761 narrat,
3566 1705 3623 1753 et
3655 1698 3739 1753 sic

2162 1790 2360 1845 asserit
2377 1788 2547 1845 Deum
2572 1802 2602 1842 a
2628 1786 2812 1857 Moyse
2831 1794 3202 1858 perspectum,
3229 1786 3370 1841 sicut
3390 1786 3572 1851 divina
3604 1802 3740 1841 voce

472 1901 598 1955 τρᾳ,
626 1884 683 1937 ὲν
784 1882 991 1936 κελεύει
1016 1881 1261 1952 γίνεσθαι
1286 1881 1378 1934 τὸν
1418 1879 1672 1938 Μωῦσέα.
1706 1876 1840 1934 Εῖτα
1865 1880 2058 1934 ἐπιϐα-

2161 1879 2264 1934 sibi
2297 1878 2478 1932 fuerat
2506 1878 2865 1947 promissum.

475 1978 595 2031 λεῖν
616 1979 708 2031 τὸν
756 1977 888 2030 Θεὸν
932 1976 1031 2047 τὴν
1062 1979 1221 2051 χεῖρα
1262 1975 1342 2047 τῷ
1374 1975 1579 2048 στομίῳ
1624 1976 1726 2046 τῆς
1766 1976 1905 2047 όπῆς
1954 1974 2061 2042 ἔξω
2108 1974 2418 2046 γενόμενον,
2450 1973 2522 2028 τὰ
2563 1971 2787 2026 ὄπισθεν
2820 1970 2947 2039 ἰδεῖν
2973 1968 3070 2023 τοῦ
3118 1968 3466 2033 καλέσαντος,
3501 1969 3595 2022 καὶ
3640 1967 3739 2021 οῦ-

473 2089 582 2135 τως
607 2072 812 2124 ἐκεῖνον
832 2068 926 2123 τὸν
958 2069 1288 2141 ζητούμενον
1324 2069 1451 2123 ίδεῖν
1483 2068 1653 2136 δόξαι,
1682 2069 1781 2139 τῆς
1809 2086 1871 2121 τε
1907 2065 2056 2130 θείας
2090 2067 2274 2140 φωνῆς
2299 2066 2507 2138 ἀψευδῆ
2535 2064 2634 2136 τὴν
2663 2061 2994 2132 ἐπαγγελίαν
3026 2062 3302 2132 γενέσθαι.

546 2161 733 2216 Ταῦτα
759 2162 866 2233 γὰρ
898 2162 952 2215 ετ
983 2179 1067 2225 τις
1096 2162 1239 2216 κατά
1264 2162 1327 2217 τὸ
1356 2162 1594 2235 γράμμα
1626 2163 1832 2233 βλέποι,
1864 2164 1925 2217 οὐ
1962 2161 2059 2234 μό-

474 2272 565 2308 νον
586 2252 801 2324 ἀσαφὴς
843 2254 956 2316 τοῖς
984 2251 1237 2323 ζητοῦσίν
1271 2255 1416 2307 ἐστιν
1453 2255 1488 2326 ὴ
1517 2255 1743 2321 διάνοια,
1786 2256 1900 2309 ἀλλ’
1940 2254 2059 2309 οὐδὲ

474 2343 806 2413 καθαρεύσει
855 2343 953 2413 τῆς
997 2342 1448 2413 ἀπεμφαινούσης
1498 2343 1626 2413 περὶ
1676 2344 1809 2396 Θεοῦ
1856 2343 2059 2414 ὑπολή-

475 2433 641 2504 ψεως.
688 2433 882 2487 Μόνων
911 2431 1020 2503 γὰρ
1051 2430 1158 2485 τῶν
1206 2433 1264 2485 ἐν
1291 2432 1532 2501 σχήματι
1561 2431 1969 2502 θεωρουμένων,
1998 2431 2060 2485 τὸ

480 2525 579 2596 μὶν
606 2522 958 2595 ὲμπρόσθιον,
987 2522 1049 2575 τὸ
1077 2523 1154 2584 δὲ,
1190 2521 1463 2576 όπίσθιονο
1494 2524 1602 2577 πᾶν
1630 2524 1687 2576 δὲ
1715 2526 1920 2594 σχῆμα,
1956 2522 2060 2577 σώ-

481 2632 652 2686 ματος
695 2613 869 2685 πέρας
912 2614 1079 2669 ἐστίν.
1115 2614 1276 2667 Ὥστε
1315 2616 1343 2668 6
1391 2613 1579 2685 σχῆμα
1628 2615 1757 2684 περὶ
1801 2615 1893 2668 τὸν
1929 2615 2060 2669 Θεὸν

478 2705 695 2770 ἐννοῶν,
728 2704 850 2758 οὐδὲ
877 2704 978 2775 τῆς
1016 2704 1334 2775 σωματικῆς
1372 2702 1587 2774 φύσεως
1614 2705 1939 2776 καθαρεύειν
1965 2706 2061 2759 αὐ-

477 2798 569 2852 τὸν
596 2796 929 2867 οίηθήσεται.
961 2798 1077 2850 Πᾶν
1101 2796 1158 2850 δὲ
1186 2797 1345 2867 σῶμα
1395 2796 1647 2851 σύνθετόν
1680 2800 1795 2851 ἐστι
1822 2797 2056 2862 πάντως*

477 2888 611 2943 τὸδὲ
642 2887 894 2942 σύνθετον
919 2888 983 2941 ὲκ
999 2889 1101 2957 τῆς
1124 2888 1234 2942 τῶν
1263 2889 1592 2959 ἑτερογενῶν
1619 2889 1923 2961 συνδρομῆς
1949 2889 2061 2960 ἔχει

478 2981 578 3053 τὴν
615 2980 895 3034 σύστασιν.
927 2981 1002 3034 Τὸ
1028 2981 1085 3035 δὲ
1132 2981 1531 3051 συντιθέμενον,
1557 2982 1659 3035 οὐκ
1691 2983 1754 3037 ἄν
1783 3000 1866 3046 τις
1906 2983 2059 3037 ἀδιά-

478 3074 638 3127 λυτον
669 3070 808 3127 εἶναι
840 3072 1006 3127 εἴποι.
1034 3073 1107 3126 Τὸ
1134 3073 1191 3128 δὲ
1223 3073 1593 3145 διαλυόμενον,
1624 3074 1897 3146 ἄφθαρτον
1921 3070 2061 3128 εῖναι

477 3165 537 3219 οὐ
584 3164 823 3220 δύναται.
869 3164 1048 3239 Φθορά
1087 3164 1196 3235 γάρ
1239 3167 1274 3236 ή
1312 3166 1555 3230 διάλυσις
1595 3168 1688 3236 τοῦ
1731 3167 2062 3231 συνεστῶτός

478 3256 648 3310 ἐστιν.
668 3254 731 3309 Εἰ
752 3252 851 3321 οὖν,
867 3273 952 3320 τις
970 3256 1029 3310 τὸ
1045 3256 1291 3310 όπίσθιον
1307 3256 1400 3310 τοῦ
1424 3257 1559 3311 Θεοῦ
1586 3258 1727 3313 κατὰ
1748 3258 1808 3311 τὸ
1828 3260 2062 3330 γράμμα

478 3346 749 3417 νοήσειεν,
780 3347 861 3410 εἰς
889 3345 1095 3414 ταύτην
1124 3346 1224 3419 τὴν
1259 3347 1490 3401 ἀτοπίαν
1528 3350 1592 3402 ἐκ
1619 3349 1720 3419 τῆς
1744 3350 2061 3414 ἀκολουθίας

480 3439 599 3492 κατ’
642 3437 887 3507 ἀνάγκην
923 3437 1322 3509 ἀπαχθήσεται.
1358 3438 1433 3491 Τὸ
1475 3439 1584 3510 γὰρ
1625 3440 1954 3512 ὲμπρόσθιόν
2000 3458 2059 3495 τε
2087 3430 2129 3487 C

481 3527 575 3579 καὶ
617 3526 883 3587 ὀπίσθιον,
924 3528 983 3579 ὲν
1012 3529 1255 3597 σχήματι
1300 3531 1549 3593 πάντως·
1584 3530 1645 3583 τὸ
1674 3532 1731 3584 δὲ
1770 3532 1973 3601 σχῆμα,
2005 3534 2063 3586 ὲν

483 3618 716 3687 σώματι.
760 3618 931 3672 Τοῦτο
953 3619 1010 3673 δὲ
1052 3620 1319 3684 διαλυθὲν,
1353 3621 1601 3675 διαλυτὸν
1628 3622 1768 3676 κατὰ
1804 3623 1901 3695 τὴν
1926 3624 2063 3678 ἰδίαν

482 3709 645 3778 φύσιν
669 3711 805 3764 ἐστί.
831 3711 1085 3766 Διαλυτὸν
1102 3712 1208 3783 γὰρ
1230 3713 1375 3767 ἆπαν
1397 3714 1456 3766 τὸ
1487 3713 1736 3768 σύνθετον
1756 3732 1768 3745 ’
1786 3715 1845 3769 τὸ
1866 3715 1924 3769 δὲ
1947 3716 2062 3769 δια-

482 3800 764 3872 λυόμενον,
817 3802 1093 3874 ἄφθαρτον
1146 3799 1285 3858 εἶναι
1336 3805 1398 3858 οὐ
1451 3805 1692 3860 δύναται.
1732 3808 1874 3878 Ἀρα
1919 3808 1949 3860 6
1985 3807 2062 3879 τῷ

481 3889 781 3966 γράμμα-εί
801 3896 1087 3960 δουλεύων,
1123 3896 1328 3967 φθορὰν
1356 3897 1442 3951 διὰ
1471 3898 1573 3968 τῆς
1610 3899 1932 3963 ἀκολουθίας
1952 3901 2062 3954 τῶν

484 4000 573 4057 ’δοη
583 3988 765 4057 μάτων
779 3988 931 4060 παρὰ
952 3988 1044 4041 τὸν
1063 3988 1194 4041 Θεὸν
1215 3989 1537 4057 ἐννοήσειεν.
1558 3989 1714 4043 Ἀλλά
1734 3990 1837 4061 μὴν
1854 3990 2062 4063 ἀφθαρ-

482 4096 572 4141 τος
593 4080 621 4132 6
647 4078 778 4143 Θεὸς
804 4080 899 4133 καλ⁹
918 4079 1229 4151 ἀσώματος.
1264 4079 1426 4133 Ἀλλά
1447 4081 1530 4144 τίς
1556 4077 1665 4153 ἆρα
1686 4084 1797 4145 τοῖς
1822 4100 2062 4155 γεγραμ-

488 4171 668 4240 μένοις
720 4172 1020 4243 ἐφαρμόσει
1074 4173 1282 4229 διάνοια
1335 4173 1489 4245 παρά
1540 4174 1601 4227 τὸ
1657 4175 1720 4228 ἐκ
1771 4177 2059 4247 προχείρου

483 4261 804 4331 νοούμενον;
840 4264 888 4315 εί
921 4264 977 4318 δὲ
1009 4263 1167 4318 τοῦτο
1189 4265 1251 4318 τὸ
1286 4265 1450 4336 μέρος
1476 4265 1585 4319 τῶν
1617 4266 1676 4319 ἐν
1704 4269 1769 4338 τῇ
1818 4269 2061 4339 συμφράο

483 4368 567 4407 σει
601 4353 694 4406 τοῦ
726 4353 887 4421 λόγου
931 4356 1355 4426 γεγραμμένων,
1388 4357 1583 4429 ἑτέραν
1631 4360 1777 4429 ἡμᾶς
1821 4359 2060 4433 ἐξευρεῖν

481 4444 781 4511 ἀναγκάζει
822 4444 1089 4498 διάνοιαν·
1128 4448 1394 4518 προσήκει
1433 4448 1648 4513 πάντως
1685 4450 1933 4523 καὶπερὶ
1964 4451 2059 4505 τοῦ

480 4531 601 4584 ὅλου
630 4532 692 4584 τὸ
723 4528 836 4585 ἴσον
875 4532 1218 4587 διανοεῖσθαι.
1252 4532 1376 4588 υίον
1412 4534 1523 4608 γὰρ
1552 4538 1610 4589 ὲν
1636 4538 1714 4609 τῷ
1751 4540 1903 4610 μέρει
1932 4542 2059 4612 νοή-

482 4639 669 4693 σομεν,
721 4624 963 4678 τοιοῦτον
1009 4625 1222 4696 ἀνάγκῃ
1277 4626 1373 4683 καὶ
1416 4628 1478 4680 τὸ
1526 4629 1644 4683 ὅλον
1687 4630 2057 4704 λαμϐάνομεν.

482 4713 689 4766 Οὐκοῦν
718 4713 810 4770 καὶ
833 4718 862 4769 6
881 4718 1043 4781 τόπος
1064 4719 1092 4770 6
1120 4718 1267 4789 παρὰ
1289 4719 1367 4791 τῷ
1394 4719 1533 4791 Θεῷ,
1559 4721 1651 4775 καὶ
1671 4725 1704 4794 ἡ
1726 4723 1783 4775 ὲν
1804 4723 1885 4794 τῷ
1908 4725 2059 4797 τόπῳ

481 4802 677 4875 πέτρα,
713 4806 807 4859 κοιλ⁵
842 4805 904 4859 τὸ
936 4807 993 4860 ὲν
1035 4808 1208 4882 ταύτῃ
1247 4809 1499 4882 χώρημα,
1534 4813 1672 4883 ὅπερ
1713 4814 1820 4887 ὀπὴ
1861 4816 2060 4889 ὀνομά-

483 4893 653 4961 ζεται,
685 4898 781 4949 καὶ
830 4899 863 4970 ἡ
900 4898 1017 4953 ἐκεῖ
1041 4899 1136 4953 τοῦ
1184 4899 1457 4968 Μωύσέως
1507 4905 1730 4971 εἴσοδος,
1772 4907 1865 4962 καὶ
1904 4910 2063 4982 ήτῆς

482 4986 629 5049 θείας
659 4987 839 5059 χειρὸς
863 4990 1085 5064 ἐπιϐολὴ
1112 4991 1204 5046 τοῦ
1232 4994 1473 5066 στομίου,
1503 4998 1595 5051 καὶ
1627 5001 1659 5069 ἡ
1691 5000 1941 5070 πάροδος,
1968 5004 2063 5057 καὶ

480 5079 515 5148 ἠ
552 5078 764 5147 κλῆσις,
798 5080 892 5135 καὶ
909 5080 1226 5152 μετάταῦτα
1242 5087 1276 5158 ἠ
1295 5081 1673 5142 τῶνόπισθίων
1687 5087 1890 5163 θεωρία
1913 5093 2063 5147 εὐλο-

481 5169 723 5257 γῶτερον
757 5170 834 5241 τῷ
876 5173 978 5243 τῆς
1020 5176 1313 5247 ἀναγωγῆς
1350 5180 1502 5252 νόμῳ
1537 5180 1962 5257 θεωρηθήσεται.
1995 5187 2062 5241 Τί

480 5254 575 5313 οὗν
607 5261 722 5333 ἐστι
750 5261 811 5315 τὸ
852 5262 1235 5337 είκαζόμενον;
1262 5269 1345 5322 ὅτι
1377 5271 1628 5343 καθάπερ
1659 5274 1729 5328 τὰ
1765 5254 2057 5350 κατωφερῆ

479 5351 588 5405 τῶν
618 5354 906 5421 σωμάτων,
941 5356 995 5408 εί
1033 5374 1153 5412 τινα
1184 5360 1325 5413 κατά
1353 5359 1445 5416 τοῦ
1491 5364 1730 5435 πρανοῦς
1762 5368 1935 5439 ὁρμὴν
1962 5371 2058 5425 λά-

480 5440 737 5524 ϐοιηκάν
772 5444 961 5516 μηδεὶς
1008 5446 1233 5501 ὲπωθῶν
1270 5446 1408 5520 μετὰ
1439 5452 1538 5522 τὴν
1583 5454 1806 5527 πρώτην
1846 5459 2060 5528 κίνησιν

480 5530 640 5605 τύχῃ,
668 5533 806 5587 αὐτὰ
848 5534 916 5588 δι’
960 5536 1165 5591 ἑαυτῶν
1204 5539 1297 5593 ἐπὶ
1319 5540 1378 5594 τὸ
1432 5543 1694 5610 κάταντες
1739 5548 1797 5600 ὲν
1838 5549 2060 5620 σφοδρο-

479 5621 616 5695 τέρᾳ
643 5626 711 5696 τῇ
736 5628 876 5698 φορᾷ
906 5628 1307 5698 συνελαύνεται,
1343 5632 1448 5701 ἕως
1479 5634 1545 5692 ἂν
1569 5638 1842 5705 ὲπικλινὲς
1872 5636 1927 5717 ᾖ,
1964 5645 2058 5698 καὶ

568 5802 615 5837 ⁸⁸
654 5804 825 5860 Exod.
865 5822 1057 5876 sunt,
1097 5809 1168 5865 20
1211 5828 1333 5884 sqq.

2227 2160 2355 2219 Haec
2403 2162 2585 2216 omnia
2645 2159 2691 2215 si
2750 2158 2876 2229 quis
2924 2157 3227 2213 secundum
3280 2157 3515 2212 litteram
3560 2155 3739 2212 solum

2158 2253 2504 2317 consideret,
2558 2267 2669 2306 non
2716 2252 2986 2307 obscurus
3036 2249 3306 2305 duntaxat
3368 2247 3741 2316 quaerentibus

2158 2363 2355 2403 sensus
2382 2346 2493 2408 ﬁet.
2524 2359 2715 2401 verum
2746 2344 2916 2399 etiam
2944 2358 3051 2397 non
3080 2347 3259 2396 rectas
3286 2339 3355 2394 de
3384 2337 3495 2394 Deo
3517 2350 3743 2411 genera-

2156 2439 2238 2494 bit
2276 2439 2605 2508 opiuiones;
2657 2435 2775 2492 sola
2804 2435 2949 2490 enim
3001 2433 3232 2504 ﬁgurata
3280 2430 3526 2487 anterius
3574 2440 3741 2500 atque

2158 2531 2433 2603 posterius
2466 2528 2689 2592 habent,
2717 2528 2898 2584 omnis
2931 2542 3063 2584 vero
3091 2527 3288 2595 ﬁgura,
3333 2525 3585 2596 corporis
3626 2533 3743 2579 ter-

2159 2625 2471 2678 minusest.
2501 2620 2683 2688 Quare
2724 2620 2818 2690 qui
2857 2619 3085 2689 figuram
3128 2616 3241 2672 Deo
3278 2618 3494 2678 tribuit.
3534 2632 3742 2687 corpus

2159 2712 2338 2783 ipsum
2391 2718 2793 2780 consequenter
2831 2708 3045 2779 putabit
3082 2721 3328 2777 :corpus
3357 2713 3537 2762 autem
3578 2722 3743 2760 omne

2161 2807 2529 2876 compositum
2561 2813 2646 2859 est
2674 2823 2688 2859 :
2719 2803 3083 2873 compositum
3108 2817 3273 2873 porro
3296 2802 3635 2857 diversorum
3677 2817 3744 2856 ac

2159 2898 2528 2954 differentium
2560 2912 2836 2953 concursu
2883 2895 3261 2955 constituitur,
3292 2894 3564 2966 Quidquid
3609 2911 3745 2950 vero

2159 2992 2241 3047 sic
2281 2990 2641 3045 constitutum
2672 2997 2779 3047 est.
2820 2988 3203 3045 indissolubile
3253 3002 3366 3043 non
3403 2994 3530 3043 est:
3564 2988 3745 3059 quod-

2159 3094 2267 3150 que
2312 3078 2659 3140 dissolvitur,
2705 3078 2759 3133 id
2799 3079 3173 3149 corrumpitur
3204 3094 3218 3132 :
3248 3077 3540 3133 dissolutio
3592 3078 3739 3131 enim

2163 3168 2448 3235 corruptio
2474 3168 2764 3237 compositi
2798 3175 2903 3223 est.
2935 3168 3085 3234 Quas
3112 3169 3183 3223 ob
3212 3184 3302 3224 res
3328 3169 3373 3224 si
3405 3169 3530 3239 quis
3555 3178 3745 3239 poste-

2160 3264 2279 3318 rius
2313 3261 2407 3317 Dei
2438 3261 2738 3317 secundum
2771 3262 3008 3316 litteram
3049 3262 3250 3332 capiet,
3293 3263 3347 3316 in
3399 3262 3503 3317 hoc
3546 3263 3747 3317 incon-

2161 3357 2390 3413 veniens
2420 3362 2820 3425 consequenter
2840 3354 3160 3409 deducetur.
3191 3351 3327 3408 Nam
3357 3361 3479 3407 ante
3510 3369 3572 3408 ac
3596 3365 3746 3409 retro

2162 3451 2219 3504 in
2271 3448 2464 3519 ﬁgura,
2503 3447 2673 3519 ﬁgura
2719 3461 2849 3501 vero
2896 3446 2953 3500 in
3004 3459 3255 3515 corpore,
3296 3459 3496 3515 corpus
3545 3453 3743 3501 natura

2163 3542 2510 3607 dissolubile,
2559 3539 2883 3595 dissolubile
2932 3547 3116 3594 autem
3162 3539 3578 3608 incorruptibile
3619 3554 3745 3598 esse

2162 3650 2273 3688 non
2314 3642 2515 3704 potest.
2549 3631 2640 3687 Sic
2682 3632 2775 3702 qui
2817 3632 3044 3686 omnino
3074 3632 3268 3686 litterae
3318 3632 3509 3697 servit,
3557 3648 3745 3687 rerum

2163 3728 2407 3798 ipsarum
2460 3726 2852 3793 consequentia
2904 3723 3321 3793 corruptibilem
3366 3737 3505 3793 Iesse
3571 3721 3742 3778 Deum

2163 3820 2375 3891 opinari
2405 3819 2776 3889 compellitur.
2814 3817 2909 3871 Est
2952 3824 3139 3871 autem
3172 3815 3313 3871 Deus
3343 3814 3747 3884 incorruptibi-

2162 3914 2230 3968 lis
2284 3912 2507 3967 omnino
2561 3920 2726 3980 atque
2773 3908 3123 3964 immortalis.
3180 3906 3285 3962 Sed
3348 3907 3471 3975 quis
3520 3905 3742 3961 tandem

2164 4005 2249 4060 his
2282 4018 2403 4075 quae
2443 4003 2643 4072 scripta
2677 4009 2807 4057 sunt
2833 4001 3034 4069 poterit
3074 3998 3320 4068 adaptari
3359 4012 3577 4064 sensus,
3612 4012 3747 4066 prm-

2163 4104 2246 4150 ter
2281 4110 2404 4150 eum
2451 4094 2542 4164 qui
2586 4093 2763 4163 prima
2823 4091 3001 4146 fronte
3036 4090 3103 4144 ad
3158 4089 3395 4143 litteram
3446 4088 3742 4153 exponenti

2161 4187 2441 4242 occurrit?
2498 4185 2653 4251 Quod
2703 4185 2748 4241 si
2784 4184 2889 4239 bac
2933 4185 2989 4238 in
3033 4189 3191 4252 parte
3248 4182 3520 4247 altiorem,
3572 4195 3742 4251 quam

2162 4278 2340 4332 littera
2398 4278 2641 4348 patitur,
2697 4291 2918 4332 sensum
2980 4289 3224 4344 quaerere
3280 4273 3559 4342 cogimur,
3615 4273 3743 4341 quis

2163 4369 2398 4424 alienum
2442 4385 2565 4424 esse
2605 4382 2635 4421 a
2669 4367 2954 4437 Scriptura
3001 4366 3166 4429 dicet,
3217 4365 3262 4419 si
3296 4364 3366 4419 ad
3399 4363 3741 4434 spiritualem

2161 4474 2383 4514 sensum
2421 4467 2590 4512 totam
2639 4457 2992 4512 reducimus?
3038 4471 3163 4511 nam
3209 4471 3333 4511 cum
3389 4468 3617 4511 necesse
3669 4455 3743 4510 sit

2163 4560 2349 4622 partes
2385 4551 2611 4619 aliquas
2630 4549 2995 4619 spiritualiter
3019 4548 3356 4619 lintelligere,
3388 4555 3564 4602 totum
3601 4561 3741 4619 quo-

2162 4659 2268 4714 que
2310 4658 2534 4698 necesse
2582 4651 2641 4696 ut
2678 4650 2732 4697 et
2785 4643 2959 4712 possit
3005 4651 3059 4696 et
3102 4640 3293 4695 debeat
3344 4640 3508 4696 sicuti
3555 4646 3740 4709 partes

2165 4736 2431 4807 intelligi:
2470 4744 2554 4791 est
2579 4735 2724 4790 enim
2765 4742 2937 4788 totum
2983 4748 3051 4788 ex
3082 4732 3331 4803 partibus
3364 4750 3379 4786 :
3410 4745 3580 4801 quare
3616 4746 3742 4801 par-

2164 4828 2300 4881 tium
2364 4834 2617 4879 naturam
2672 4824 2849 4895 sapiat
2906 4837 3132 4878 necesse
3188 4829 3289 4877 est.
3351 4820 3526 4877 Locus
3572 4820 3742 4891 igitur

2163 4914 2309 4986 apud
2333 4913 2523 4979 Deum,
2560 4922 2612 4969 et
2652 4913 2793 4983 lapis
2826 4913 2881 4967 in
2921 4912 3062 4975 loco,
3102 4911 3233 4967 etin
3271 4910 3450 4980 lapide
3488 4911 3737 4981 quaedam

2164 5006 2463 5077 capacitas,
2500 5020 2660 5075 quam
2700 5003 2945 5059 foramen
2980 5004 3313 5075 appellavit:
3346 5003 3741 5074 ingressusque

2164 5097 2339 5169 Moysi
2367 5097 2433 5152 ad
2460 5096 2617 5162 illud,
2649 5097 2923 5167 impositio
2952 5111 3173 5167 quoque
3197 5110 3396 5151 manus
3435 5095 3525 5150 Dei
3553 5096 3607 5150 in
3644 5112 3740 5154 ore

2167 5189 2473 5255 foraminis,
2517 5197 2572 5244 et
2602 5189 2974 5259 transgressio
3006 5189 3148 5260 ejus,
3180 5194 3237 5242 et
3263 5188 3501 5253 vocatio,
3539 5202 3605 5243 ac
3639 5189 3739 5243 de-

2166 5282 2333 5350 nique
2360 5280 2724 5350 posteriorum
2775 5281 3004 5348 partium
3044 5278 3367 5349 aspectatio,
3382 5277 3451 5333 ad
3476 5278 3646 5333 altius
3683 5288 3738 5333 et

2164 5372 2576 5429 convenientius
2628 5385 2821 5425 norma
2870 5372 3166 5442 rcgulaque
3198 5372 3495 5443 anagogica
3545 5371 3627 5424 sic
3659 5386 3741 5425 re-

2163 5464 2413 5519 ducetur.
2460 5460 2931 5528 Quemadmodum
2972 5461 3138 5533 igitur
3176 5463 3361 5532 gravin
3407 5470 3461 5515 et
3500 5460 3736 5516 rotunda

2163 5568 2419 5624 corpora,
2449 5552 2496 5608 si
2531 5568 2562 5608 e
2592 5553 2978 5609 cacuminibus
3004 5553 3271 5607 montium
3295 5553 3448 5623 lapsa
3476 5551 3736 5606 deorsum

2163 5645 2401 5711 fuerint,
2444 5645 2547 5701 etsi
2596 5645 2779 5702 nullus
2819 5653 3025 5717 postea-
3053 5645 3329 5717 impellat,
3393 5644 3509 5716 ipsa
3548 5650 3736 5717 tamen
