3982 6476
278 396 377 452 ιοι

1628 395 1718 452 DE
1757 394 1915 453 VITA
1954 396 2232 455 MOYSIS.

3444 393 3548 448 40?.

281 514 550 586 ὑποκατίῃ
575 512 653 585 τῷ
678 514 939 585 σχήματι,
967 511 1030 567 rb
1058 513 1127 585 τῇ
1167 511 1312 584 φορᾷ
1339 510 1719 583 ὑποκείμενον,
1750 529 1859 584 μη-

1982 528 2059 570 rer
2086 530 2148 571 se
2176 513 2585 570 vehementiore
2615 508 2846 584 impetu,
2894 510 2941 568 si
2973 509 3110 567 nihil
3157 509 3546 580 impedimento

277 602 430 667 δενδς
451 604 839 676 εὑρισκομένου
858 602 953 656 τοῦ
974 602 1034 670 ἐξ
1056 601 1389 665 ἀντιϐάσεως
1412 599 1512 673 τὴν
1541 600 1717 673 ὁρμὴν
1741 602 1865 656 ἀνα-

276 698 574 764 κόπτοντος
594 712 608 727 ·
640 696 780 751 οὕτω
808 694 952 750 κατὰ
977 696 1040 749 rb
1060 695 1296 767 ἔμπαλιν
1322 697 1357 766 ἡ
1375 695 1521 766 ψυχὴ
1548 695 1645 763 τῆς
1670 696 1865 766 γηῒνης

282 789 654 860 προσπαθείας
692 787 1044 853 ἀπολυθεῖσα,
1071 779 1582 861 ἀνωφὲρῆξῆτενγπαὶ
1607 786 1755 854 ὀξεῖα
1785 786 1885 855 γίὲ

281 897 432 953 νεται
461 878 598 951 πρὸς
642 879 742 953 τὴν
774 879 866 933 ἐπὶ
901 879 971 933 τὰ
1018 870 1130 934 ἄνω
1158 879 1393 950 κίνησιν,
1429 878 1538 932 ἀπὸ
1569 879 1678 933 τῶν
1712 880 1864 953 κάτω

279 948 431 1041 «Vb;
445 948 1064 1042 τδλὺψοςάνιπταμένη.
1107 948 1357 1040 Μηδενὺς
1377 970 1433 1023 δὲ
1475 970 1628 1034 ὄντος
1660 950 1864 1025 ἄνωθεν

276 1061 375 1115 τοῦ
406 1061 505 1132 τὴν
533 1060 707 1132 ὁρμὴν
735 1060 1122 1125 ἐπικόπτοντος
1155 1062 1401 1132 (ἑλκτικὴ
1430 1061 1539 1132 γὰρ
1568 1061 1703 1133 πρὸς
1738 1063 1866 1117 ἐαυ-

276 1154 380 1223 τὴν
426 1155 457 1222 ή
493 1152 587 1207 τοῦ
618 1153 784 1206 καλοῦ
816 1152 979 1222 φύσις
1027 1154 1145 1207 ἐστὶ
1170 1154 1280 1207 τῶν
1309 1154 1446 1225 πρὸς
1474 1154 1691 1226 ἐκείνην
1733 1155 1866 1209 ἀνα-

278 1244 635 1314 6λεπόντων),
675 1245 762 1297 ἀεὶ
799 1245 1019 1310 πάντως
1054 1241 1381 1325 ,ὑψηλοτέρα
1400 1247 1609 1323 ἐαυτῇς
1628 1246 1859 1319 γίνεται,

275 1339 347 1408 τῇ
390 1336 498 1390 τῶν
546 1336 815 1408 οὐρανίων
860 1337 1124 1408 ἐπιθυμίᾳ
1183 1338 1704 1408 συνεπεκτεινομένη
1751 1332 1883 1403 τοῖςίη

278 1420 831 1499 ἐμπροσθένῖῐιαθώς
861 1424 1035 1500 φησιν
1056 1432 1096 1483 ό
1131 1418 1604 1495 Ἀπόστολοςξκᾱῖ
1634 1428 1897 1511 πάντοτεὶς

279 1519 420 1590 πρὸς
447 1519 507 1572 τὺ
542 1518 873 1591 ὑψηλότερον
910 1520 1010 1590 τὴν
1035 1520 1234 1592 πτῆσιν
1279 1514 1899 1603 ποιήσεταιηξίοθμοζιρί

279 1611 392 1689 γὰρ
419 1610 509 1663 διὰ
530 1610 646 1664 τῶν
674 1612 781 1697 ᾔδη
792 1676 813 1683 κ
826 1611 1282 1699 κατειλημμένων
1315 1593 1760 1699 μὴᾲκαμταλνξπέξν
1803 1593 1865 1666 rb

281 1686 417 1772 ὕψος
443 1701 505 1755 rb
536 1684 1767 1773 ὑπερκείμεῆππῦστππῦἶὲῗτᾶῗτηνψέἣπὶ
1795 1703 1865 1757 τὰ

279 1786 405 1846 (Ruf
424 1790 618 1862 φορὰν,
650 1784 736 1844 ἀεὶ
759 1790 985 1846 διάτῶν
1023 1790 1450 1863 προηνυσμένων
1483 1792 1574 1845 τὸν
1600 1791 1738 1862 πρὸς
1764 1791 1864 1862 τὴν

1967 606 2060 671 sit,
2123 622 2341 677 semper
2390 606 2736 674 deferuntur,
2792 620 3083 679 quousque
3136 602 3206 658 ad
3262 602 3545 674 planitiem

1966 694 2352 752 descenderint

2407 714 2420 750 :
2471 696 2553 751 sic
2610 695 2793 750 anima
2837 694 2999 764 cujus
3053 702 3249 748 natura
3322 706 3543 746 sursum
3588 732 3593 737 .

1968 786 2162 849 fertur,
2191 785 2427 842 terrenis
2459 785 2709 840 absoluta
2733 783 3132 855 cupiditatibus
3166 784 3448 839 ardentior
3488 784 3545 838 in
3594 778 3595 781 “

1964 878 2082 934 dies
2137 877 2224 943 fit,
2286 876 2642 947 velociusque
2702 876 3036 947 pertransit,
3088 875 3157 930 ad
3215 875 3545 932 sublimiora
3616 884 3637 907 θ
3696 864 3701 897 λ

1966 985 2182 1041 semper
2212 969 2609 1025 conscendens.
2638 946 2776 1022 Nam
2803 976 2930 1023 cum
2969 966 3107 1021 nihil
3137 967 3240 1024 sibi
3267 968 3338 1023 sit
3372 967 3546 1037 impe-
3716 946 3717 951 η
3746 954 3763 985 λ

1964 1060 2229 1125 dimento,
2283 1076 2381 1133 per
2432 1062 2667 1132 seipsam
2728 1060 2797 1115 ad
2846 1068 3101 1115 naturam
3155 1060 3289 1116 boni
3344 1059 3545 1115 fertur.

1964 1150 2204 1206 Attrahit
2252 1152 2400 1207 enim
2451 1151 2517 1206 ad
2568 1166 2629 1207 se
2682 1157 2879 1205 natura
2932 1150 3105 1221 ipsius
3153 1149 3306 1215 boni,
3358 1163 3548 1203 omnes

1964 1242 2061 1313 qui
2117 1242 2186 1298 ad
2231 1242 2666 1313 pulchritudinis
2720 1241 2840 1311 ejus
2892 1240 3082 1296 radios
3136 1241 3290 1296 sanis
3331 1240 3549 1310 possint

1965 1334 2140 1390 oculis
2187 1334 2468 1404 respicere
2508 1351 2521 1388 :
2564 1333 2637 1387 ita
2691 1332 2770 1397 fit,
2806 1338 2867 1387 ut
2916 1331 3223 1387 caelestium
3277 1330 3549 1387 desiderio

1966 1441 2180 1497 semper
2204 1425 2273 1480 ad
2307 1424 2517 1495 majora
2552 1426 2635 1496 (ut
2663 1424 2960 1495 Apostolus
2988 1423 3084 1493 ait)
3110 1430 3429 1493 consurgat,
3481 1436 3549 1476 ac
3606 1492 3611 1499 Ι

1963 1533 2176 1587 semper
2208 1517 2275 1572 ad
2307 1517 2502 1572 altiora
2546 1517 2811 1587 pervolet.
2860 1514 2997 1569 Nam
3033 1530 3159 1569 cum
3202 1530 3301 1586 per
3321 1528 3385 1570 ea
3422 1530 3548 1585 qua:
3599 1532 3607 1539 ε

1960 1609 2073 1679 jam
2106 1608 2370 1680 percepit.
2419 1609 2487 1664 ad
2529 1608 2735 1678 majora
2768 1615 2823 1662 et
2864 1607 3180 1680 perspicere
3209 1613 3264 1662 et
3301 1606 3549 1675 aspicere

1964 1702 2159 1771 possit,
2210 1700 2416 1770 majore
2459 1708 2621 1770 atque
2664 1698 2872 1769 majore
2908 1696 3179 1754 desiderio
3212 1712 3426 1767 semper
3460 1712 3550 1750 ar--

1968 1791 2080 1859 det,
2121 1806 2185 1845 at.
2229 1791 2309 1846 sic
2351 1790 2727 1845 indesinenter
2767 1803 2987 1844 sursum
3044 1788 3237 1854 fertur,
3282 1787 3371 1843 his
3423 1802 3547 1857 qua:

280 1881 483 1952 πτῆσιν
505 1882 657 1935 τόνον
692 1881 1088 1947 ἀνανεάζουσα.
1116 1883 1271 1953 Μόνη
1304 1881 1415 1954 γὰρ
1455 1883 1489 1953 ἡ
1512 1883 1632 1936 κατ’
1664 1883 1865 1955 ἀρετὴν

1982 1897 2188 1954 peracu
2237 1890 2367 1938 sunt
2396 1881 2674 1937 robustior
2721 1879 2864 1935 facta
2896 1897 2909 1934 :
2943 1880 3120 1936 solum
3153 1879 3299 1934 enim
3324 1879 3549 1933 virtutis

280 1974 535 2044 ἐνέργεια
566 1974 798 2044 καμάτῳ
824 1973 1012 2045 τρέφει
1040 1974 1139 2044 τὴν
1182 1973 1430 2044 δύναμιν,
1457 1974 1557 2028 οὑκ
1589 1975 1867 2031 ἐνδιδοῦσα

280 2064 372 2118 διὰ
397 2063 494 2118 τοῦ
539 2064 700 2135 ἔργου
737 2064 827 2118 τὸν
870 2064 1044 2128 τόνον,
1076 2065 1195 2118 ἁλλ’
1234 2063 1567 2130 ἐπαύξουσα.
1778 2130 1793 2137 κ

353 2156 456 2209 Διὰ
473 2154 631 2209 τοῦτό
651 2174 724 2225 φα
732 2173 850 2227 μεν,
866 2155 1067 2210 καὶτὸν
1095 2156 1267 2227 μέγαν
1292 2155 1428 2209 Μωϋ
1436 2156 1532 2209 σέα
1551 2156 1639 2210 ἀεὶ
1657 2138 1871 2229 γινόμε-

283 2262 396 2313 νον,
429 2248 681 2319 μηδαμοῦ
719 2249 970 2302 ἵστασθαι
1013 2248 1114 2319 τῆς
1156 2247 1367 2313 ἀνόδου,
1417 2248 1551 2319 μηδέ
1588 2267 1708 2303 τινα
1746 2251 1869 2318 ὅρον

284 2340 466 2411 ἑαυτῷ
514 2341 779 2394 ποιεῖσθαι
804 2344 904 2412 τῆς
936 2341 1029 2394 ἐπὶ
1072 2340 1135 2393 rb
1178 2340 1291 2394 ἄνω
1323 2343 1495 2412 φορᾶς
1520 2359 1532 2371 ·
1585 2341 1697 2394 ἀλλ’
1725 2340 1871 2407 ἅπαξ

285 2431 552 2509 ἐπῄάντα
580 2432 677 2502 τῆς
709 2431 992 2503 κλίμακος,
1078 2431 1441 2502 ἐπεστήρικτο
1458 2433 1487 2483 ό
1508 2430 1658 2495 Θεὸς,
1691 2428 1872 2496 καθώς

287 2538 455 2607 φηεὲ
470 2602 475 2607 η
489 2522 701 2587 Ἰακὼϐ,
720 2516 1436 2605 είσαεξτῇςύπερκειμένης
1458 2518 1715 2601 βαθμίδος
1746 2524 1869 2575 ἐπι-

1969 1975 2114 2030 actio
2147 1974 2322 2028 nutrit
2359 1973 2623 2034 laborem,
2658 1970 2913 2042 viresque
2949 1978 3134 2040 auget.

2040 2067 2388 2138 Quapropter
2426 2079 2658 2135 magnus
2687 2063 2779 2119 ille
2805 2062 3041 2135 Moyses,
3086 2076 3209 2116 cum
3249 2060 3416 2117 semel
3454 2074 3552 2131 per
3610 2082 3654 2139 ~ex
3746 2076 3759 2079 υ

1970 2160 2175 2215 scalam
2222 2158 2279 2212 in
2313 2170 2422 2227 qua
2450 2154 2596 2211 Deus
2639 2146 2863 2211 innixus
2902 2134 3048 2219 erat,
3084 2163 3145 2208 ut
3189 2151 3359 2208 Jacob
3392 2152 3549 2217 dicit,

1972 2248 2269 2306 ascendere
2318 2246 2621 2317 coepisset,
2682 2261 2961 2316 nunquam
3020 2245 3201 2313 stetit,
3268 2258 3551 2313 nunquam

1970 2340 2266 2395 terminum
2314 2348 2492 2394 motus
2524 2339 2697 2402 novit,
2751 2337 2847 2392 sed
2897 2351 3116 2406 semper
3162 2336 3231 2390 de
3277 2334 3450 2407 gradu
3494 2334 3553 2387 in
3619 2372 3627 2381 ι

1974 2430 2203 2501 gradum
2259 2426 2611 2494 ascendebat,
2672 2442 2774 2483 nec
2825 2427 2971 2482 enim
3025 2426 3259 2481 deficere
3313 2438 3554 2496 unquam
3622 2500 3643 2509 Η
3698 2451 3705 2461 -

1977 2529 2157 2593 potest
2193 2521 2355 2576 altior
2381 2520 2607 2592 gradus.

285 2600 515 2677 ϐαίνειν,
554 2616 648 2668 καὶ
672 2600 1265 2686 μηδέποτεὺψούμενον
1292 2600 1676 2670 παύεσθαινδιὰ
1708 2616 1769 2668 τὸ
1796 2616 2025 2670 πάντοτε
2063 2614 2337 2688 εὑρίσκειν
2359 2614 2460 2685 τῆς
2478 2611 3007 2685 κατειλημμέηςεέν
3037 2610 3113 2683 τῷ
3144 2610 3270 2683 ὕψει
3301 2610 3555 2682 βαθμίδος

284 2708 350 2762 rb
378 2709 790 2781 ὑπερκείμενον.

374 2806 642 2876 ’Δρνεῖται
681 2805 779 2877 τὴν
830 2804 965 2877 πρὸς
988 2805 1088 2876 τὴν
1122 2805 1368 2877 βασιλίδα
1421 2807 1530 2861 τῶν
1558 2807 1871 2877 Αἰγυπτίων

289 2899 736 2969 κατεψευσμένην
793 2898 1113 2967 συγγένειαν
1146 2915 1161 2929 ·
1223 2886 1435 2963 ἔκδικος
1499 2900 1711 2968 γίνεται
1776 2900 1872 2955 τοῦ

214 3026 237 3049 .,
303 2992 558 3063 Ἐὁραίου
578 3008 592 3022 ο
629 2991 1014 3062 μετανίσταται
1047 2991 1188 3063 πρὸς
1214 2992 1314 3061 τὴν
1341 2992 1548 3062 ἔρημον
1579 2991 1870 3063 διαγωγὴν,

289 3084 362 3155 ἢν
388 3087 417 3138 ό
440 3083 775 3155 ἀνθρώπινος
807 3085 907 3137 οὑκ
931 3083 1158 3154 ἐτάραξε
1191 3084 1329 3153 βίος·
1361 3083 1638 3154 ποιμαίνει
1661 3086 1719 3137 ἐν
1748 3085 1875 3136 ἐαυ-

265 3174 373 3246 ’τῷ
403 3176 500 3245 τὴν
528 3175 636 3229 τῶν
686 3174 907 3246 ἡμέρων
940 3175 1095 3239 ζώων
1145 3173 1345 3245 ἀγέλην
1365 3191 1381 3207 ο
1431 3176 1534 3245 ὁρᾷ
1564 3174 1655 3227 τοῦ
1700 3174 1875 3243 φωτὸς
1902 3222 1940 3246 ﬂ

289 3232 396 3338 τήν
416 3232 738 3337 λαμπηδόνα
750 3284 764 3297 ·
795 3232 975 3338 αὖαρῆ
1005 3232 1237 3319 ποιεῖται
1268 3232 1367 3337 τίῆν
1409 3232 1545 3337 πρός
1569 3266 1628 3318 rb
1647 3232 1760 3335 φῡὺς
1789 3232 1874 3320 ἀνί
1901 3232 1941 3279 u

266 3360 436 3421 οοδον,
464 3362 529 3430 τῇ
559 3358 895 3429 περιαιρέσει
921 3357 1013 3410 τοῦ
1037 3358 1205 3428 ὑποδὴ
1216 3373 1399 3428 ματος·
1424 3356 1716 3428 ἐξαιρεῖται
1739 3356 1874 3427 πρὸς

289 3449 609 3521 ἐλευθερίαν
648 3448 709 3502 rb
745 3448 1007 3516 συγγενὲς
1050 3448 1144 3501 καὶ
1188 3445 1492 3517 ὁμόφυλον·
1546 3444 1875 3516 ὑποϐρύχιον

294 3540 486 3612 βλέπει
506 3539 596 3593 τὸν
632 3538 824 3610 ἐχθρὸν
850 3538 991 3593 κατὰ
1015 3538 1123 3591 τῶν
1153 3539 1409 3609 κυμάτων
1439 3537 1718 3608 δυόμενον.
1737 3536 1874 3590 Ὑπὸ

290 3632 400 3704 τὴν
418 3633 645 3703 νεφέλην
672 3630 948 3694 αὐλίζεται
966 3645 981 3660 ·
1006 3632 1073 3700 τῇ
1100 3630 1276 3701 πέτρᾳ
1301 3628 1594 3702 θεραπεύει
1620 3628 1683 3680 rb
1704 3627 1873 3696 δίψος·

292 3724 378 3795 τῷ
409 3722 620 3794 οὐρανῷ
642 3724 878 3793 γεωργεῖ
901 3723 994 3776 τὸν
1029 3722 1215 3793 ἄρτον.
1258 3717 1391 3775 Εῐτα
1427 3724 1495 3792 τῇ
1525 3722 1742 3775 ἐκτάσει
1770 3719 1878 3773 τῶν

294 3811 499 3885 χειρῶν
549 3810 979 3879 καταγωνίζεται
1024 3811 1114 3865 rbv
1168 3810 1464 3880 ἀλλόφυλον
1491 3826 1505 3841 ·
1539 3809 1728 3863 ἀκούει
1780 3810 1878 3879 τῆς

295 3903 601 3971 σάλπιγγος
622 3918 635 3931 ·
663 3901 756 3955 τὸν
783 3902 981 3972 γνόφον
1007 3901 1304 3973 ὑπέρχεται
1326 3915 1341 3930 ·
1371 3901 1464 3953 ἐπὶ
1494 3899 1565 3953 τὰ
1592 3900 1757 3954 ἄδυτα
1781 3900 1879 3971 τῆς

297 3996 714 4065 ἀχειροποιήτου
770 3997 974 4065 σκηνῆς
1024 3993 1411 4065 παραδύεται·
1468 3992 1726 4063 μανθάνει
1779 3991 1881 4062 τῆς

299 4089 457 4151 θείας
492 4086 785 4158 ἱερωσύνης
810 4085 888 4141 τὰ
914 4086 1219 4158 ἀπόρρητα.
1257 4084 1601 4155 Ἐξαφανίζει
1634 4085 1696 4137 rb
1727 4083 1881 4137 εἴδω-

299 4180 420 4243 λον,
452 4178 681 4232 ίλεοῦται
712 4177 774 4231 rb
804 4177 981 4240 Θεῖον,
1013 4175 1363 4230 ἀνακαλεῖται
1391 4174 1481 4228 τὸν
1515 4177 1572 4228 ἐν
1614 4177 1679 4245 τῇ
1716 4174 1884 4245 κακίᾳ

297 4267 417 4321 τῶν
456 4266 721 4320 Ἰουδαίων
756 4264 1111 4337 συντριϐέντα
1139 4265 1335 4334 νόμον,
1370 4263 1576 4334 λάμπει
1618 4264 1685 4335 τῇ
1730 4262 1878 4333 δόξῃ,

302 4358 407 4413 καὶ
446 4357 534 4411 διὰ
569 4357 836 4411 τοσούτων
875 4357 1133 4427 ἐπαρθεὶς
1167 4355 1511 4426 ὑψωμάτων,
1555 4354 1636 4406 ἐτι
1679 4356 1881 4425 σφριγᾷ

299 4452 374 4522 τῇ
407 4448 670 4520 ἐπιθυμίᾳ
693 4488 709 4513 ,
733 4450 826 4502 καὶ
861 4449 1168 4519 ἁκορέστως
1204 4447 1317 4519 ἔχει
1350 4447 1444 4501 τοῦ
1482 4447 1758 4511 πλείονος,
1790 4446 1885 4500 καὶ

2043 2804 2270 2877 Negavit
2314 2804 2505 2859 falsam
2537 2804 2918 2876 Egyptiorum
2969 2795 3170 2870 regina:
3212 2798 3556 2869 conjunctio-

1974 2914 2120 2961 nem,
2165 2914 2271 2967 qua
2322 2896 2468 2951 illius
2516 2898 2635 2965 ejus
2685 2896 3014 2968 putabatur;
3079 2892 3363 2947 Hebraeum
3409 2893 3557 2949 ultus

1974 2997 2088 3055 est;
2119 2989 2185 3043 ad
2217 2989 2493 3045 desertam
2537 2997 2591 3044 et
2626 2987 2929 3044 solitariam
2960 3000 3020 3040 se
3061 2984 3340 3039 transtulit
3364 2984 3553 3045 vitam,

1976 3096 2138 3151 quam
2194 3080 2445 3133 humanae
2488 3079 2930 3149 perturbationes
2973 3091 3085 3131 non
3132 3086 3366 3143 vexant;
3410 3074 3559 3145 pavit

1976 3172 2243 3227 cicurium
2288 3170 2605 3225 animalium
2651 3185 2901 3242 gregem;
2931 3168 3069 3225 vidit
3114 3168 3565 3239 resplendentem

1977 3263 2154 3318 lucem
2204 3263 2477 3327 divinam;
2544 3262 2744 3331 ahjecit
2807 3261 3044 3323 calceos,
3100 3268 3160 3314 ut
3216 3260 3432 3314 facilius
3490 3258 3561 3314 ad

1978 3356 2153 3409 lucem
2208 3354 2529 3420 accederet;
2581 3354 2638 3408 in
2692 3353 2999 3408 libertatem
3055 3351 3357 3405 vindicavit
3388 3366 3558 3418 suos;

1977 3448 2189 3501 hostem
2222 3446 2385 3500 undis
2406 3444 2545 3499 vidit
2573 3444 2954 3509 submersum;
2985 3442 3164 3497 lucida
3197 3442 3339 3497 nube
3360 3440 3565 3497 ductus

1976 3547 2094 3604 est;
2134 3537 2282 3592 sicco
2310 3536 2491 3606 lapide
2521 3534 2731 3591 sedavit
2761 3535 2940 3602 sitim;
2978 3549 3007 3588 a
3038 3534 3179 3589 coelo
3207 3533 3432 3588 deduxit
3460 3548 3561 3604 pa-

1976 3644 2122 3682 nem.
2171 3626 2441 3682 Praeterea
2500 3626 2825 3682 extensione
2876 3640 3141 3680 manuum
3201 3625 3561 3695 alienigenam

1978 3722 2138 3783 fudit,
2189 3721 2433 3776 sonitum
2474 3720 2620 3775 tubae
2652 3719 2883 3783 audivit,
2935 3719 3220 3788 caliginem
3265 3718 3455 3783 subiit,
3492 3718 3562 3772 ad

1978 3812 2275 3883 penetralia
2305 3812 2475 3867 divini
2529 3811 2887 3868 tabernaculi
2912 3811 3198 3881 ingressus
3241 3818 3344 3873 est,
3379 3824 3561 3864 sacer.

1980 3903 2117 3957 dotii
2162 3902 2354 3957 didicit
2383 3904 2667 3973 mysteria,
2714 3902 3065 3957 simulacrum
3106 3899 3395 3966 destruxit,
3436 3915 3564 3970 pro-

1981 3996 2174 4065 pitium
2203 3995 2373 4050 Deum
2424 3994 2687 4059 reddidit,
2736 3996 2908 4065 legem
2942 3992 3252 4049 Judmorum
3293 3994 3566 4063 pravitate

1983 4087 2222 4141 dirutam
2257 4086 2523 4152 restituit,
2562 4087 2736 4157 gloria
2782 4085 3005 4141 effulsit.
3048 4085 3126 4140 Ac
3159 4094 3237 4140 tot
3284 4085 3563 4153 tantisque

1984 4179 2465 4236 sublimationibus
2490 4180 2668 4234 elatus
2688 4178 2869 4234 adhuc
2894 4178 3048 4233 ardet
3074 4177 3364 4240 desiderio,
3384 4178 3563 4231 adhuc

1984 4280 2245 4340 tanquam
2287 4268 2596 4324 famescens
2624 4284 2689 4323 ac
2737 4269 2952 4333 sitiens,
2982 4277 3240 4338 tanquam
3272 4282 3338 4322 eo
3365 4281 3567 4321 carens

1985 4376 2095 4430 quo
2124 4376 2340 4432 semper
2375 4360 2681 4425 fruebatur,
2729 4368 2851 4415 orat
2897 4368 2954 4415 ut
2986 4358 3156 4414 Deum
3206 4358 3408 4423 videat,
3454 4375 3569 4414 non

1987 4463 2046 4508 ut
2080 4455 2197 4526 ipse
2227 4469 2423 4524 capere
2471 4461 2671 4524 potest,
2713 4452 2808 4509 sed
2839 4461 2899 4506 ut
2935 4467 2995 4508 se
3025 4452 3193 4506 habet
3221 4452 3311 4522 qui
3347 4451 3565 4507 deside-

300 4537 369 4598 οὗ
388 4540 481 4595 διὰ
506 4541 702 4604 παντὸς
727 4541 847 4593 κατ’
870 4539 1117 4606 ἐξουσίαν
1147 4541 1473 4611 ἐνεφορεῖτο,
1497 4539 1578 4593 ἔτι
1601 4539 1726 4610 διψῇ
1754 4556 1768 4571 ·
1790 4538 1877 4591 καὶ

1989 4557 2161 4603 ratur.
2194 4545 2350 4601 Unde
2389 4545 2630 4600 arbitror
2677 4545 2950 4599 immenso
2981 4541 3255 4597 desiderio
3283 4550 3447 4611 atque
3476 4556 3563 4594 ar-

300 4634 381 4697 ὡς
416 4636 582 4705 μήπω
615 4631 993 4702 μετεσχηκὼς,
1022 4634 1206 4702 τυχεῖν
1232 4631 1430 4695 δέεται,
1461 4632 1769 4701 ἐμφανῆναι
1794 4629 1890 4683 αὑ-

300 4727 387 4797 τῷ
435 4726 527 4780 τὸν
558 4725 689 4778 Θεὸν
737 4724 1028 4778 ἱκετεύων·
1080 4724 1179 4794 οὐχ
1229 4723 1305 4787 ὡς
1357 4722 1601 4793 μετέχειν
1644 4720 1887 4785 δύναται,

299 4817 425 4871 ἀλλ’
449 4817 526 4881 ὼς
551 4816 759 4880 ἐκεῖνός
789 4816 926 4869 ἐστι.
959 4817 1117 4869 Δοκεῖ
1142 4814 1201 4868 δέ
1232 4830 1322 4885 μοι
1365 4812 1427 4867 rb
1458 4810 1669 4866 τοιοῦτο
1699 4810 1892 4865 παθεῖν

302 4912 547 4983 ἐρωτικῇ
584 4927 691 4963 τινι
724 4907 963 4963 διαθέσει
1000 4908 1139 4979 πρὸς
1168 4910 1230 4960 τὸ
1260 4906 1419 4975 φύσει
1453 4904 1617 4960 καλὸν
1656 4905 1755 4975 τῆς
1791 4904 1893 4973 ψυ-

302 5006 413 5076 χῆς
451 5001 821 5073 διατεθείσης,
855 5002 923 5073 ἢν
954 5000 1041 5054 ἀεὶ
1071 5001 1105 5070 ἡ
1150 4999 1306 5063 ἐλπὶς
1358 4998 1467 5051 ἀπὸ
1497 4997 1591 5050 τοῦ
1639 4995 1893 5066 ὀφθέντος

304 5094 478 5149 καλοῦ
526 5094 662 5166 πρὸς
708 5093 770 5146 rb
820 5091 1214 5162 ὑπερκείμενον
1259 5090 1644 5151 ἐπεσπάσατο,
1678 5086 1769 5141 διὰ
1799 5086 1892 5139 τοῦ

304 5188 543 5240 πάντοτε
590 5182 1144 5254 καταλαμϐανομένου
1167 5220 1184 5245 ,
1232 5180 1371 5251 πρὸς
1407 5179 1469 5232 rb
1519 5177 1894 5251 κεκρυμμένον

306 5278 427 5333 αἰεὶ
457 5276 555 5347 τὴν
594 5275 889 5345 ἐπιθυμίαν
921 5272 1243 5329 ἐκκαίουσα·
1284 5272 1406 5327 ὅθεν
1436 5273 1466 5324 ὁ
1510 5270 1737 5341 σφοδρὸς
1767 5270 1895 5347 ἐρα-

309 5368 450 5443 στὴς
474 5346 567 5423 τοῦ
602 5368 866 5432 κάλλους,
899 5366 961 5420 rb
991 5366 1080 5420 ἀεὶ
1118 5365 1456 5435 φαινόμενον,
1482 5346 1894 5433 ἴθ’ξνείκόνίτοῢ

308 5446 653 5532 erumpam
684 5459 1010 5531 δεχόμενος,
1044 5457 1210 5512 αὑτοῦ
1258 5455 1354 5510 τοῦ
1413 5455 1760 5528 χαρακτῆρος
1802 5452 1895 5506 τοῦ

309 5552 629 5626 ἀρχετύπου
672 5549 1048 5623 ἐμφορηθῆναι
1090 5549 1264 5604 ποθεῖ.
1296 5548 1408 5603 Καὶ
1458 5548 1616 5601 τοῦτο
1656 5544 1897 5617 βούλεται

309 5645 350 5717 ἡ
381 5643 636 5715 τολμηρά
680 5659 739 5695 τε
776 5643 871 5696 καὶ
900 5640 1171 5713 παριοῦσα
1211 5641 1338 5704 τοὺς
1387 5641 1545 5711 ὅρους
1581 5641 1680 5709 τῆς
1712 5636 1899 5690 ἐπιθυ-

314 5738 449 5809 μίας
478 5738 513 5806 ή
549 5736 760 5805 αῐτησις
780 5774 796 5798 ,
835 5734 895 5786 rb
925 5734 998 5805 μὴ
1023 5733 1110 5787 διὰ
1137 5733 1459 5802 κατόπτρων
1489 5730 1649 5784 τινῶν
1675 5730 1767 5783 καὶ
1802 5731 1899 5797 ἐμ-

316 5833 541 5899 φάσεων
568 5868 582 5895 ,
628 5826 761 5881 ἀλλᾶ
792 5826 933 5885 κατὰ
975 5826 1263 5899 πρόσωπον
1297 5824 1595 5881 ἀπολαῦσαι
1623 5820 1715 5877 τοῦ
1772 5820 1898 5874 κάλ-

1992 4641 2144 4696 denti
2170 4654 2300 4711 erga
2332 4638 2503 4693 Deum
2532 4638 2609 4693 ita
2645 4636 2819 4693 fuisse
2853 4634 3130 4699 affectum,
3167 4634 3311 4704 quod
3340 4632 3569 4689 visioni-

1992 4735 2096 4790 bus
2120 4733 2225 4788 sibi
2270 4731 2491 4794 enituit,
2539 4738 2600 4785 ut
2633 4728 2779 4785 ferre
2828 4743 2937 4783 non
2968 4726 3336 4799 posset,quin
3384 4717 3455 4781 ab
3498 4726 3565 4781 iis

1992 4839 2114 4895 qum
2166 4821 2611 4893 comprehendit.
2670 4820 2740 4874 ad
2794 4820 3096 4875 occultiora
3158 4818 3563 4888 compelleret:

1992 4913 2253 4983 quocirca
2278 4926 2549 4982 supremae
2572 4909 2995 4981 pulchritudinis
3026 4918 3258 4972 amator,
3287 4909 3431 4978 quod
3454 4906 3569 4976 jam

1993 4991 2224 5069 viderat,
2254 5011 2517 5073 tanquam
2563 5002 2855 5073 imaginem
2887 5001 3007 5071 ejus
3035 5001 3326 5071 quodnon
3358 4998 3569 5054 viderat:

1995 5098 2248 5163 credens,
2283 5096 2412 5165 ipso
2442 5094 2547 5149 frui
2592 5094 2871 5165 primitivo
2911 5093 3278 5149 desiderabat.
3325 5091 3385 5146 Id
3437 5104 3568 5160 ergo

1995 5187 2112 5242 vult
2138 5184 2320 5239 audax
2360 5185 2415 5238 in
2447 5192 2633 5239 monte
2656 5183 2751 5238 illo
2780 5183 2990 5254 petitio,
3023 5198 3091 5238 ne
3128 5197 3227 5253 per
3255 5179 3477 5252 specula
3514 5188 3569 5233 et

1997 5276 2284 5347 imagines,
2326 5273 2423 5329 sed
2456 5289 2563 5345 per:
2583 5288 2767 5328 veram
2812 5273 3175 5344 et-propriam
3224 5272 3419 5325 faciem
3461 5269 3569 5323 frui

1999 5363 2403 5433 pulchritudine
2441 5370 2648 5432 posset.
2702 5361 2894 5417 Divina
2925 5377 3053 5417 vero
3085 5377 3189 5415 vox
3220 5375 3317 5430 per
3344 5374 3408 5413 ea
3451 5373 3571 5427 qua

1998 5462 2198 5526 negat,
2261 5454 2527 5510 concedit
2572 5453 2719 5523 quod
2779 5454 3022 5525 petitur,
3088 5452 3335 5523 pauculis
3388 5449 3569 5505 verbis

1998 5548 2320 5601 immensam
2379 5547 2776 5600 sententiarum
2838 5543 3264 5616 profunditatem
3334 5542 3568 5611 subape-

2000 5641 2172 5695 riens.
2209 5639 2415 5693 Annuit
2451 5638 2594 5693 enim
2647 5637 2918 5693 facturum
2970 5654 3030 5693 se
3057 5636 3203 5706 quod
3230 5635 3563 5707 petebatur:

2002 5731 2160 5785 linem
2194 5736 2372 5783 autem
2408 5738 2570 5796 atque
2588 5726 2949 5781 cessationem
2991 5725 3154 5796 hujus
3183 5722 3439 5779 desiderii
3480 5720 3567 5775 fu-

2005 5834 2186 5882 turum
2217 5834 2324 5879 non
2354 5815 2625 5887 promisit,
2660 5832 2762 5875 nec
2802 5815 2948 5874 enim
2981 5818 3055 5872 ita
3090 5813 3360 5887 quispiam
3395 5810 3589 5870 Deum.
