3982 6512
283 382 389 442 ιθῗὶ

1631 381 1721 441 DE
1762 385 1919 440 VITA
1950 385 2089 442 MOY
2101 386 2223 443 SIS.

3451 384 3551 441 ως

286 518 408 555 πτοι
440 503 542 572 τῆς
570 501 709 573 πρὸς
745 498 837 555 τὸν
880 498 1015 554 Θεὸν
1052 498 1241 556 ἀνόδου
1271 502 1367 573 τὴν
1397 501 1657 576 αὔξησιν,
1684 504 1773 557 διὰ
1813 505 1870 558 16

1975 504 2172 575 lapidei
2210 502 2498 559 foraminis
2536 503 2775 558 ratinet?
2805 500 3072 558 transitus
3110 514 3239 557 vero
3288 498 3390 557 Dei
3422 505 3558 573 quis-

289 594 425 663 μήτε
475 590 571 644 τοῦ
613 591 780 645 καλοῦ
830 607 885 643 τι
929 590 1101 660 πέρας
1141 591 1492 660 εὑρίσκεσθαι
1518 635 1533 657 ,
1570 594 1714 663 μήτε
1766 596 1874 647 τινὶ

287 684 435 752 κόρῳ
465 682 567 752 τὴν
600 680 827 754 πρόοδον
858 683 957 751 τῆς
988 680 1123 750 πρὸς
1164 682 1224 733 τὸ
1273 681 1436 734 καλὸν
1464 681 1757 752 ἐπιθυμίας
1783 685 1874 735 ὲκ-

288 773 606 829 κόπτεσθαι.
637 772 798 826 Ἀλλά
830 772 918 835 τίς
937 775 966 827 6
983 772 1146 835 τόπος
1169 774 1395 839 ἐκεῖνος,
1420 776 1451 827 6
1473 775 1622 846 παρὰ
1647 774 1725 845 τῷ
1756 774 1875 845 Θεῷ

286 867 579 935 νοούμενος
600 881 617 928 ;
640 864 725 927 τίς
746 863 803 917 δὲ
824 866 859 935 ἡ
897 864 1072 935 πέτρα
1095 882 1111 931 ;
1140 865 1231 918 καὶ
1253 864 1305 917 τί
1332 866 1494 918 πάλιν
1516 866 1574 920 έν
1600 869 1665 937 τῇ
1700 866 1876 938 πέτρᾳ.

284 958 344 1009 16
381 954 660 1026 χώρημας
690 953 774 1017 τίς
801 953 859 1005 δὲ
893 954 927 1024 ἠ
974 953 1096 1024 χεὶρ
1136 951 1231 1006 τοῦ
1262 952 1429 1019 Θεοῦ,
1478 956 1511 1024 η
1548 954 1607 1007 16
1658 956 1876 1025 στόμιον

288 1044 380 1100 τοῦ
422 1044 608 1098 κοίλου
634 1045 734 1114 τῆς
760 1042 967 1112 πέτρας
988 1042 1516 1116 διαλαμϐάνουσαςὴ
1549 1040 1605 1098 δὲ
1628 1044 1722 1098 τοῦ
1741 1042 1874 1099 Θεοῦ
1923 1046 1933 1116 ξ

289 1134 524 1206 πάροδος
555 1134 638 1198 τίς
659 1151 674 1199 ;
699 1135 752 1187 τί
786 1134 843 1187 δὲ
871 1133 1128 1193 αὐτοῦτὸ
1157 1136 1420 1201 όπίσθιον,
1454 1137 1589 1209 ὅπερ
1620 1138 1871 1204 αἰτήσανσ

288 1248 341 1284 τι
374 1230 455 1301 τῷ
498 1231 726 1284 Μωῦσεῖ
756 1228 855 1299 τὴν
886 1225 1378 1298 κατὰ.υπρόσωπον
1407 1227 1529 1298 ὄψιν
1554 1269 1570 1296 ,
1617 1228 1809 1282 δώσειν
1846 1230 1875 1281 6

285 1326 415 1387 Θεὸς
440 1320 846 1394 ὲπηγγείλατο;
876 1319 983 1391 χρὴ
1016 1318 1124 1391 γὰρ
1162 1320 1380 1384 πάντως
1417 1319 1560 1391 μέγα
1590 1338 1641 1373 τι
1671 1320 1875 1374 τούτων

232 1422 236 1485 Ι
287 1426 517 1477 ἕκαστον
565 1418 749 1487 εἶναι,
784 1421 879 1475 καὶ
924 1421 1023 1491 τῆς
1054 1416 1151 1472 τοῦ
1189 1416 1423 1477 διδόντος
1467 1413 1874 1485 μεγαλοδωρεᾶς

224 1508 232 1581 1
286 1515 509 1579 ἐπάξιον
529 1532 542 1544 ⁸
584 1513 727 1567 ὥστε
758 1513 937 1582 πάσης
978 1512 1076 1580 τῆς
1103 1507 1400 1578 γενομένης
1426 1504 1527 1577 ἤδη
1549 1503 1626 1575 τῷ
1656 1504 1875 1575 μεγάλῳ

218 1590 227 1661 ί
286 1606 581 1676 θεράποντι
620 1600 979 1670 θεοφανείας,
1025 1598 1125 1668 τὴν
1175 1593 1506 1665 ἐπαγγελίαν
1537 1592 1745 1663 ταύτην
1780 1609 1874 1663 με-

284 1692 805 1764 γαλοπρεπεστέραν
857 1706 918 1743 τε
970 1688 1064 1742 καὶ
1107 1684 1443 1758 ὑψηλοτέραν
1501 1681 1869 1736 πιστεύεσθαι.

286 1786 411 1849 Πῶς
439 1780 536 1839 οῦν
573 1783 641 1838 ἄν
672 1799 757 1845 τις
784 1781 847 1836 16
880 1780 1013 1852 ὕψος
1041 1779 1102 1833 τὸ
1126 1782 1192 1833 ὲκ
1224 1778 1333 1832 τῶν
1366 1774 1671 1848 εἰρημένων
1700 1792 1871 1829 κατα-

285 1878 529 1950 νοήσειεν
549 1915 567 1942 ,
600 1876 686 1945 ἐφ’
712 1867 756 1943 ᾦ
800 1872 939 1945 μετὰ
975 1872 1076 1936 τὰς
1113 1869 1382 1933 τοσαύτας
1427 1867 1720 1950 ἀνσξάὲις
1750 1867 1779 1920 ὂ
1811 1882 1870 1919 τε
1902 1854 1943 1909 Β

285 1938 526 2041 Μιῦῦσῆς
550 1938 829 2040 *ἀναϐηναι
855 1967 1031 2055 afﬁgi,
1047 1968 1143 2021 ita).
1164 1968 1193 2019 6
1218 1966 1330 2028 τοῖς
1351 1938 1721 2055 άγαπῷῧδν
1739 1960 1870 2055 Θεδν

288 2062 466 2115 πάντα
493 2059 777 2131 συνεργῶν
808 2051 890 2122 είς
910 2058 970 2111 τὸ
1005 2055 1207 2127 ἀγαθὸν
1232 2097 1249 2123 ,
1272 2053 1619 2127 ὲξευμαρίζει
1645 2051 1732 2107 διὰ
1772 2051 1871 2121 τῆς

282 2152 507 2224 ὁδηγίας
537 2151 639 2222 τὴν
664 2150 868 2205 ἄνοδον
889 2170 908 2200 ι
930 2148 1062 2202 Ἰδοὺ
1077 2147 1259 2223 τόπος,
1274 2167 1292 2200 ι
1314 2146 1466 2218 φησι,
1492 2147 1652 2219 «παρ’
1671 2144 1813 2216 ἐμοί.
1845 2162 1863 2195 ι

284 2242 581 2313 Συμϐαίνει
632 2243 774 2312 τάχα
826 2244 940 2304 τοῖς
983 2238 1518 2313 προτεθεωρημένοις
1565 2237 1625 2292 τὸ
1668 2237 1865 2309 νόημα.

284 2337 461 2389 Τόπον
488 2335 599 2406 γὰρ
621 2333 796 2387 εἰπὼν
834 2333 897 2386 οὐ
930 2331 1232 2403 περιείργει
1263 2331 1342 2402 τῷ
1379 2328 1530 2401 ποσῷ
1568 2327 1631 2382 16
1659 2327 1869 2382 δεικνύ-

286 2444 449 2497 μενον
479 2428 593 2496 (ὲπὶ
620 2426 729 2497 γὰρ
757 2424 850 2479 τοῦ
881 2424 1087 2477 άπόσου
1132 2423 1326 2495 μέτρον
1366 2422 1465 2475 οὐκ
1516 2420 1705 2491 ἐστιν),
1733 2419 1870 2475 ἀλλὰ

283 2524 350 2590 τῇ
385 2517 699 2589 παραλήψει
739 2517 843 2586 τῆς
875 2513 1016 2570 κατὰ
1038 2514 1098 2568 16
1138 2514 1332 2586 μέτρον
1359 2513 1708 2585 περιγραφῆς
1731 2552 1745 2577 ,
1777 2513 1869 2566 ἐπὶ

283 2612 344 2667 16
374 2611 601 2682 ἀπειρόν
625 2628 685 2663 τε
714 2610 807 2663 καὶ
836 2609 1086 2681 ἀόριστον
1115 2609 1445 2679 χειραγῳγεῖ
1458 2607 1554 2681 16v
1578 2605 1866 2682 ἀκούοντα.

283 2705 443 2756 Δοκεί
474 2702 652 2754 τοίνυν
688 2698 926 2753 τοιοῦτόν
967 2715 1088 2752 τινα
1126 2697 1250 2752 νοῦν
1289 2682 1757 2768 ὑποσημαίνειῦῆδ
1782 2695 1869 2751 λό-

283 2811 399 2859 γος’
443 2793 657 2863 Ἐπειδὴ
694 2809 776 2845 σοι
805 2790 941 2863 πρὸς
969 2790 1031 2855 16
1060 2788 1364 2862 ἐμπῃσθεν
1390 2790 1424 2859 ἡ
1449 2786 1713 2858 ἐπιθυμία
1743 2806 1867 2842 συν-

281 2884 562 2963 τέτακται,
602 2882 696 2935 καί
729 2898 809 2934 σοι
832 2880 925 2934 τοῦ
953 2878 1334 2963 δρόμου-δεόεος
1365 2877 1538 2941 οὐδεὶς
1556 2916 1572 2942 ,
1603 2877 1723 2930 οὐδέ
1745 2895 1866 2931 τινα

1926 1106 1933 1141 l

1975 597 2108 652 est?
2150 605 2246 650 aut
2296 597 2570 665 posterius
2611 596 2751 665 ejus,
2787 595 2932 665 quod
2978 594 3150 664 Moysi
3196 595 3392 651 faciem
3427 598 3548 667 ejus

1976 689 2085 743 sibi
2124 697 2186 742 ut
2230 688 2416 742 videre
2454 688 2640 743 liceret
2678 687 3014 757 postulanti,
3051 687 3448 757 permissurum
3489 705 3549 744 se

1976 778 2118 834 Deus
2146 787 2231 835 est
2260 779 2574 848 pollicitus?
2599 786 2817 849 Oportet
2840 781 2987 835 enim
3016 780 3262 851 profecto
3290 797 3547 852 magnum

1975 870 2106 940 quid
2143 872 2566 941 unumquodque
2609 870 2838 926 istorum
2874 887 3018 936 esse,
3059 880 3114 928 et
3163 872 3273 928 Deo
3308 873 3550 929 donante

1976 974 2085 1018 non
2125 962 2437 1031 indignum,
2470 962 2543 1018 ita
2592 970 2651 1016 ut
2692 963 2936 1017 omnium
2980 963 3227 1029 visione,
3269 980 3434 1035 quam
3480 964 3549 1020 ad

1974 1051 2122 1106 hunc
2148 1067 2318 1122 usque
2341 1052 2484 1107 diem
2500 1051 2711 1123 Moyses
2739 1051 2972 1117 viderat,
3000 1054 3173 1123 major
3197 1055 3312 1110 haec
3342 1063 3397 1110 et
3417 1056 3545 1110 sub-

1928 1144 1941 1211 ἱ,
1975 1142 2156 1196 limior
2202 1142 2351 1198 credi
2392 1143 2581 1213 possit.
2645 1142 2928 1209 Quomodo
2969 1144 3136 1214 igitur
3178 1146 3393 1201 illorum
3426 1162 3547 1200 ver-

1976 1231 2168 1286 borum
2197 1231 2623 1302 profunditatem
2658 1232 3066 1305 intelligemus?
3095 1237 3299 1291 auxilio
3334 1237 3546 1292 scilicet

1976 1323 2144 1388 illius,
2173 1324 2269 1394 qui
2313 1331 2367 1378 et
2399 1323 2609 1394 Moysi,
2647 1334 2702 1378 et
2734 1325 2992 1380 omnibus
3032 1328 3127 1396 qui
3157 1343 3282 1381 eum
3325 1336 3541 1391 amant,

1975 1416 2190 1486 plenam
2246 1417 2313 1472 ad
2357 1432 2520 1473 omne
2574 1417 2775 1473 bonum
2829 1418 2973 1471 viam
3029 1420 3169 1474 solet
3223 1429 3541 1489 praestare:

1980 1525 1998 1557 ι
2037 1504 2196 1573 Ecce,
2249 1524 2266 1556 ι
2309 1506 2507 1575 inquit,
2556 1525 2573 1558 ι
2609 1507 2763 1560 locus
2804 1506 2949 1576 apud
2985 1522 3069 1560 me
3095 1508 3163 1559 '“.
3204 1527 3222 1559 ι
3256 1506 3411 1572 Quod
3463 1507 3544 1562 sic

1974 1594 2389 1665 intelligendum
2429 1604 2533 1658 est,
2571 1595 2717 1665 quod
2753 1594 2821 1648 ab
2847 1594 2938 1660 iis,
2972 1611 3095 1664 qua:
3128 1611 3253 1649 mox
3283 1595 3540 1661 diximus,

1974 1702 2084 1741 non
2112 1688 2184 1765 sit
2212 1687 2470 1742 alienum.
2501 1686 2703 1741 Locum
2738 1686 2904 1757 igitur
2935 1686 3086 1751 dicit,
3112 1702 3223 1741 non
3254 1687 3542 1754 superﬁcie

1974 1778 2391 1855 circumfusum,
2427 1795 2528 1834 nec
2560 1779 2866 1849 quantitate
2898 1778 3003 1833 ulla
3029 1779 3364 1849 descriptum
3399 1780 3416 1851 (
3444 1796 3543 1836 nec

1971 1873 2116 1928 enim
2154 1881 2240 1929 est
2280 1874 2347 1931 in
2386 1876 2657 1929 immenso
2703 1872 3129 1945 mensura;(sed
3164 1872 3233 1927 ad
3268 1873 3540 1927 infinitum

1971 1973 2137 2036 atque
2164 1965 2568 2020 interminabile
2596 1964 2703 2019 loci
2729 1964 2972 2027 nomine,
2993 1963 3090 2034 qui
3117 1963 3541 2033 circumscripta

1971 2070 2229 2111 mensura
2256 2056 2605 2119 terminatur,
2637 2054 2943 2109 auditorem
2965 2053 3211 2124 deduxit;
3238 2056 3382 2109 hunc
3409 2070 3542 2127 ergo

1971 2163 2197 2206 sensum
2231 2148 2627 2205 subostendere
2661 2148 2793 2202 mihi
2827 2147 3063 2203 videtur:
3099 2145 3368 2211 Quoniam
3416 2147 3537 2211 tibi,

1972 2238 2209 2313 Moyses,
2237 2238 2904 2315 πωπωωωί
2932 2254 3145 2308 semper
3173 2238 3367 2310 ingens
3397 2237 3543 2293 desi-

1969 2334 2181 2389 derium
2210 2344 2313 2395 est,
2350 2349 2451 2388 nec
2488 2333 2601 2387 ullo
2631 2331 2794 2402 hujus
2823 2347 3020 2386 cursus
3057 2331 3239 2385 labore
3272 2329 3542 2400 defatiga-

1970 2428 2066 2491 ris,
2092 2442 2194 2482 nec
2214 2427 2506 2482 terminum
2533 2426 2697 2496 hujus
2722 2424 3050 2495 assequendi
3075 2421 3204 2478 boni
3228 2423 3540 2486 constituis,

1974 2519 2072 2574 sed
2117 2534 2333 2590 semper
2386 2517 2568 2573 inhias
2604 2516 2674 2571 ad
2719 2517 2966 2585 majora,
3003 2515 3149 2570 scias
3179 2523 3389 2568 tantum
3420 2530 3544 2569 esse

1972 2608 2117 2679 apud
2150 2624 2236 2664 me
2282 2609 2565 2673 locum,ut
2584 2622 2863 2678 nunquam
2895 2605 3188 2662 terminum
3221 2604 3342 2674 ejus
3373 2620 3543 2659 cursu

1972 2709 2067 2754 aut
2096 2700 2279 2754 volatu
2310 2700 2495 2771 aliquo
2516 2713 2689 2770 queas
2714 2698 2999 2753 invenire:
3027 2696 3119 2752 hic
3143 2705 3323 2751 autem
3348 2711 3547 2751 cursus

1974 2798 2139 2861 atque
2184 2791 2399 2847 volatus
2423 2797 2602 2847 status
2625 2789 2846 2861 quidem
2876 2796 2961 2846 est
2990 2789 3095 2843 alia
3128 2790 3359 2873 ratione.
3393 2806 3411 2838 ι
3454 2784 3544 2840 Si-

1973 2892 2112 2937 stam
2141 2885 2309 2947 enim,
2344 2903 2365 2936 ι
2400 2884 2600 2953 inquit,
2636 2898 2655 2933 ι
2688 2890 2743 2937 te
2773 2882 2827 2936 in
2857 2881 3057 2953 lapide.
3099 2899 3119 2933 ι

218 2950 225 3043 ἶ
276 2977 378 3034 τοῦ
404 2952 607 3042 ἀγαθοῦ
638 2975 797 3046 κόρον
824 2950 1887 3042 ἑπίστασαι,ῖλλἯ-τρὸς,ἒιὰμ.πλεὶον
1913 2974 1941 3026 ὁ
1968 2978 2129 3042 πόθος
2181 2978 2393 3049 βλέπει·
2458 2950 2709 3040 τοσοῦτός
2763 2950 2933 3031 ἐστιν*
2966 2978 2995 3029 6
3040 2976 3167 3046 παρ’
3202 2975 3324 3045 ἐμοὶ
3360 2975 3540 3037 τόπος,

280 3072 425 3126 ὥστε
462 3069 553 3121 τὸν
599 3069 659 3121 ὲν
702 3064 852 3136 αὑτῷ
900 3064 1200 3127 διαθέοντα,
1236 3063 1503 3135 μηδέποτε
1547 3064 1837 3136 δυνηθῆναι
1869 3067 2024 3138 λῆξαι
2058 3070 2153 3124 τοῦ
2179 3070 2402 3141 δρόμου.
2469 3068 2526 3122 '0
2563 3068 2619 3122 δὲ
2648 3068 2878 3141 δρόμος,
2940 3066 3110 3137 έτέρῳ
3155 3065 3296 3136 λόγῳ
3358 3066 3542 3131 στάσις

281 3166 422 3224 ἐστί.
468 3184 486 3216 ι
511 3164 700 3234 Στήσω
737 3161 845 3232 γάρ
873 3176 989 3224 σε.)
1027 3159 1225 3229 φησὶν,
1264 3177 1284 3211 ι
1307 3160 1400 3211 ἐπὶ
1434 3161 1535 3229 τῆς
1564 3159 1822 3231 πέτρας.»

355 3301 528 3357 Τοῦτο
552 3299 608 3353 δὲ
642 3297 701 3351 16
725 3296 940 3350 πάντων
966 3293 1395 3366 παραδοξότατον
1420 3334 1436 3357 ,
1468 3294 1583 3358 πῶς
1629 3294 1691 3347 16
1735 3293 1867 3349 αὐτὸ

2037 3296 2286 3350 Mirabile
2317 3294 2530 3359 auditu,
2578 3295 2852 3365 quomodo
2881 3308 3049 3347 unum
3092 3306 3156 3345 ac
3190 3292 3331 3347 idem
3366 3301 3542 3347 status

284 3394 384 3448 καὶ
416 3393 607 3453 στάσις
635 3389 752 3441 ἐστὶ
785 3387 879 3441 καὶ
907 3386 1120 3457 κίνησις
1138 3402 1152 3416 ο
1201 3388 1229 3439 6
1270 3385 1380 3455 γὰρ
1408 3383 1571 3437 ἀνιὼν
1599 3423 1611 3448 ,
1656 3384 1873 3448 πάντως

282 3489 385 3557 οὐχ
415 3480 786 3544 ἵσταταιγκαὶ
820 3480 848 3532 6
881 3477 1051 3541 ἑστὼς
1072 3479 1172 3532 οὐκ
1200 3476 1517 3548 ἀνέρχεταιο
1551 3477 1783 3533 ἐνταῦθα
1815 3478 1871 3530 δὲ

282 3578 374 3630 διὰ
399 3574 493 3627 τοῦ
515 3571 758 3634 ἑστάναι,
790 3568 849 3621 16
875 3566 1137 3638 ἀναϐῆναι
1161 3566 1369 3635 γίνεται
1391 3582 1406 3598 ·
1434 3564 1592 3619 τοῦτο
1618 3566 1674 3618 δέ
1703 3568 1869 3630 ἐστιν,

282 3668 368 3718 ὅτι
400 3664 511 3733 ὅσῳ
561 3678 649 3724 τις
698 3657 892 3728 πάγιός
944 3674 1004 3710 τε
1052 3658 1147 3711 καὶ
1191 3656 1520 3729 άμετάθετος
1546 3657 1603 3710 ἐν
1631 3657 1710 3727 τῷ
1732 3658 1870 3725 ἀγα-

285 3755 365 3826 θῷ
383 3751 631 3824 διαμένει
653 3769 667 3782 ο
702 3749 941 3820 τοσούτῳ
980 3748 1139 3802 πλέον
1163 3747 1254 3801 16v
1289 3750 1388 3819 τῆς
1435 3748 1634 3818 ἀρετῆς
1668 3746 1871 3825 Ms;

283 3850 507 3920 δρόμον.
547 3846 607 3900 '0
636 3844 746 3915 γὰρ
789 3842 1129 3916 περισφαλὴς
1158 3859 1217 3894 τε
1253 3842 1349 3894 καὶ
1378 3838 1694 3910 ὀλισθηρὸς,
1731 3839 1871 3892 κατὰ

285 3925 529 4013 τᾘῶν
578 3933 854 4007 λογισμῶν
904 3934 1058 4006 βάσιν
1099 3933 1353 3987 ἀϐέϐαιον
1383 3931 1483 4002 τὴν
1522 3932 1580 3985 ὲν
1610 3933 1688 4003 τῷ
1720 3931 1872 4001 καλῷ

288 4031 478 4085 στάσιν
500 4028 642 4099 ἔχων
661 4068 675 4092 ,
703 4024 1155 4095 κλυδωνιζόμενός
1179 4042 1236 4078 τε
1288 4023 1383 4077 καὶ
1421 4025 1866 4094 περιφερόμενος,

287 4122 471 4184 καθώς
502 4136 669 4189 φησιν
699 4120 728 4170 6
768 4116 1089 4179 Ἀπόπολος
1109 4158 1123 4179 ,
1154 4116 1245 4169 καὶ
1271 4115 1391 4178 ταῖς
1422 4115 1549 4185 περὶ
1578 4115 1685 4167 τῶν
1704 4114 1871 4167 όντων

286 4209 622 4279 ὑπολήψεσιν
652 4205 1006 4270 ἐπιδιστάζων
1038 4208 1130 4259 καὶ
1171 4206 1623 4277 κραδαινόμενος,
1670 4207 1768 4260 οὐκ
1806 4208 1870 4261 ἄν

295 4321 415 4358 τοτε
448 4303 587 4373 πρὸς
609 4301 669 4353 16
704 4298 836 4369 ὕψος
867 4302 966 4371 τῆς
996 4299 1193 4370 ἀρετῆς
1228 4298 1552 4370 άναδράμοι.
1588 4299 1674 4363 Ὠς
1706 4302 1755 4353 οί
1783 4300 1870 4355 διὰ

297 4396 515 4465 ῥάμμου
545 4390 848 4462 βαδίζοντες
880 4391 1015 4462 πρὸς
1046 4391 1107 4443 16
1127 4390 1349 4454 ἄναντες
1370 4430 1385 4453 ,
1416 4390 1522 4445 κᾶν
1544 4392 1752 4463 μεγάλα
1774 4394 1870 4446 τύο

289 4500 424 4555 χωσι
460 4485 575 4545 τοῖς
600 4483 725 4534 ποσὶ
746 4481 1136 4545 διαϐαίνοντες,
1173 4479 1406 4549 ἀνόνητα
1430 4481 1717 4550 μοχθοῦσιν
1739 4521 1752 4543 ,
1783 4482 1869 4535 ἀεὶ

1972 3394 2025 3442 ct
2060 3398 2238 3441 motus
2267 3395 2351 3441 est
2382 3403 2394 3438 :
2442 3386 2489 3440 si
2522 3384 2652 3455 quid
2688 3383 2955 3447 ascendit,
2993 3396 3100 3437 non
3134 3390 3242 3438 stat
3281 3401 3291 3436 :
3325 3383 3369 3437 si
3408 3390 3538 3447 stat,

1973 3492 2081 3530 non
2113 3474 2356 3530 ascendit
2388 3493 2401 3528 :
2433 3482 2488 3527 at
2525 3474 2616 3528 hic
2657 3473 2929 3537 ascendit,
2961 3473 3091 3542 quia
3122 3479 3247 3528 stat.
3284 3470 3417 3526 Nam
3446 3472 3541 3543 qui

1973 3571 2213 3625 caducus
2240 3583 2303 3622 ac
2330 3566 2606 3623 instabilis
2632 3565 3059 3636 cogitationibus
3093 3573 3213 3631 est,
3249 3580 3358 3619 non
3400 3563 3540 3619 fixus

1973 3665 2024 3717 in
2060 3664 2201 3717 bono
2235 3675 2336 3716 nec
2368 3676 2731 3731 permanens,
2764 3660 2858 3716 sed
2894 3658 3168 3715 fluctuans
3213 3668 3267 3714 et
3303 3656 3540 3712 circum-

1972 3765 2149 3820 actus,
2178 3764 2236 3809 ut
2264 3756 2341 3807 ait
2370 3753 2696 3823 Apostolus,
2728 3752 3010 3821 variisque
3032 3751 3101 3807 de
3132 3765 3316 3806 rerum
3348 3761 3543 3805 natura

1971 3849 2319 3917 opinionibus
2362 3850 2419 3903 in
2461 3857 2752 3916 utramque
2788 3852 2995 3914 partem
3044 3845 3313 3913 impulsus
3351 3850 3405 3897 et
3444 3858 3541 3897 ex-

1975 3940 2250 4007 agitatus,
2313 3939 2361 3993 is
2413 3952 2691 4007 nunquam
2750 3936 2817 3990 ad
2872 3934 3263 3990 sublimitatem
3320 3932 3543 3988 virtutis

1972 4030 2237 4094 ascendit,
2273 4032 2414 4084 sicut
2443 4030 2535 4099 qui
2571 4029 2741 4083 colles
2771 4036 3040 4081 conantur
3077 4024 3343 4080 scandere
3372 4024 3542 4080 sabu-

1974 4124 2119 4177 Ιοευδ
2149 4141 2162 4176 :
2195 4139 2318 4175 nam
2349 4123 2451 4177 etsi
2482 4120 2736 4190 projectis
2766 4120 2819 4173 in
2849 4120 3067 4188 longum
3095 4116 3325 4188 pedibus
3349 4133 3541 4188 magna

1972 4215 2207 4269 transire
2241 4214 2415 4283 spatia
2457 4215 2761 4273 videantur,
2813 4226 3025 4279 semper
3063 4217 3246 4263 tamen
3285 4208 3353 4264 ad
3397 4208 3539 4262 infe-

1973 4307 2114 4361 riora
2160 4306 2383 4375 delapso
2423 4303 2618 4358 sabulo
2655 4300 2997 4356 deferuntur.
3044 4299 3223 4355 Motus
3260 4300 3426 4369 igitur
3455 4298 3541 4365 ﬁt,

1971 4412 2292 4467 progressus
2338 4404 2517 4450 autem
2551 4393 2736 4449 nullus
2769 4394 2951 4461 ﬁt.;‘,At
2988 4394 3034 4446 si
3080 4392 3228 4461 quis,
3286 4400 3346 4445 ut
3389 4390 3542 4446 Psal-

1970 4491 2131 4546 mista
2160 4491 2323 4552 dicit,
2358 4506 2387 4542 a
2420 4489 2549 4544 faace
2580 4487 2835 4559 profundi
2860 4492 3125 4542 retractos
3154 4485 3319 4554 pedes
3355 4484 3409 4538 in
3435 4484 3539 4538 hoc

290 4575 423 4645 πρὸς
478 4574 539 4627 τὸ
599 4574 749 4628 κάτω
805 4574 905 4643 τῆς
970 4571 1179 4642 βάσεως
1235 4574 1749 4644 συγκαταρῤεούσης
1801 4577 1865 4646 τῇ

1972 4583 2219 4654 posuerit
2264 4581 2442 4650 lapide
2487 4581 2667 4651 (lapis
2714 4590 2897 4635 autem
2939 4577 3192 4632 Christus
3226 4584 3332 4641 est,
3365 4575 3540 4645 pleni-

287 4641 533 4736 ψάμμαν
564 4664 640 4728 ὡς
664 4662 762 4735 τὴν
786 4641 882 4734 μὲν
916 4641 1128 4733 κίνησιν
1161 4641 1533 4732 ἐνεργεῖσθαι,
1563 4641 1785 4738 πρόοδον

1972 4641 2101 4727 tudo
2128 4641 2391 4727 virtutum
2418 4641 2664 4727 omnium
2694 4663 2754 4740 )’;
2779 4675 2989 4740 quanto
3012 4667 3221 4722 firmior
3250 4682 3315 4722 ac
3342 4641 3541 4721 immo-

292 4755 564 4825 μηδεμίαν
592 4756 691 4825 τῆς
710 4754 974 4823 κινήσεως
996 4752 1263 4821 γίνεσθαι.
1300 4754 1362 4807 El
1393 4754 1449 4806 δέ
1479 4772 1595 4818 τις,
1626 4756 1806 4821 καθὼς
1835 4761 1867 4829 ή

1972 4764 2150 4824 bilior,
2201 4772 2260 4817 ut
2296 4763 2494 4816 Paulus
2542 4761 2806 4824 consulit,
2853 4761 2909 4814 in
2953 4759 3102 4814 bono
3140 4758 3331 4822 fuerit,
3384 4762 3545 4813 tanto

288 4846 576 4916 ψαλμῳδία
600 4846 756 4915 φησὶ,
783 4845 881 4914 τῆς
914 4844 1006 4898 τοῦ
1037 4844 1196 4916 βυθοῦ
1236 4845 1586 4917 ὑποστάθμης
1625 4848 1869 4902 ἀνασπά-

1969 4856 2214 4910 velocius
2250 4856 2417 4920 volat,
2451 4855 2557 4908 hac
2593 4852 2891 4908 stabilitate
2923 4854 3083 4923 quasi
3129 4850 3323 4921 pennis
3363 4850 3540 4905 eleva-

293 4953 390 5001 σας
433 4936 561 4997 τοὺς
612 4935 811 5000 πόδας,
850 4936 942 4989 ἐπὶ
976 4938 1075 5007 τῆς
1108 4934 1313 5008 πέτρας
1337 4935 1559 5000 τούτους
1606 4939 1865 5010 ἐρείσειεν
1970 4955 2078 5000 tus.

292 5032 345 5103 (ἡ
367 5033 541 5104 πέτρα
566 5032 623 5085 δέ
658 5035 803 5086 ἐστιν
832 5035 861 5086 ὁ
887 5033 1151 5105 Χριστὸς,
1181 5034 1215 5103 ἡ
1242 5031 1510 5103 παντελὴς
1536 5033 1748 5105 ἀρετὴ),
1778 5036 1888 5106 ὅσῳ
1916 5039 2113 5109 μᾶλλον
2134 5040 2345 5112 ἑδραῖος
2378 5040 2441 5092 ὲν
2479 5036 2558 5109 τῷ
2599 5036 2789 5108 ἀγαθῷ
2831 5038 2925 5091 καὶ
2972 5036 3370 5108 ἀμετακίνητος
3397 5032 3543 5089 κατὰ

289 5124 384 5195 τὴν
445 5124 758 5195 συμϐουλὴν
817 5124 911 5177 τοῦ
965 5122 1178 5177 Παύλου
1236 5121 1464 5191 γίνεται,
1500 5122 1740 5194 τοσούτῳ
1790 5124 1982 5179 θᾶττον
2032 5128 2237 5181 διανὺει
2295 5128 2386 5181 16v
2437 5127 2635 5200 δρόμον
2664 5167 2681 5192 ,
2721 5122 2829 5180 οἷάν
2883 5143 2990 5179 τινι
3031 5123 3215 5196 πτερῷ
3250 5126 3317 5196 τῇ
3353 5123 3539 5178 στάσει

290 5214 572 5286 χρώμενος
594 5256 608 5282 ,
648 5215 743 5270 καὶ
778 5215 914 5286 πρὸς
943 5213 1040 5285 τὴν
1067 5214 1179 5268 ἄνω
1206 5214 1453 5285 πορείαν,
1473 5214 1561 5268 διὰ
1585 5217 1683 5288 τῆς
1706 5216 2052 5290 βεϐαιότητος
2086 5218 2182 5273 τοῦ
2219 5218 2425 5289 ἀγαθοῦ
2451 5260 2466 5285 ,
2495 5219 2593 5290 τὴν
2622 5218 2848 5291 καρδίαν
2881 5218 3265 5288 πτερούμενος.

370 5355 430 5408 '0
456 5352 552 5408 οῦν
582 5354 861 5422 ὑποδείξας
896 5356 974 5426 τῷ
1015 5358 1235 5410 Μωῦσεῖ
1259 5356 1348 5410 τὸν
1378 5356 1561 5422 τόπον,
1609 5358 1869 5428 παρορμᾷ

2043 5359 2179 5415 Cum
2214 5360 2376 5431 igitur
2424 5361 2601 5416 locum
2636 5359 2777 5429 apud
2828 5372 2888 5412 se
2919 5355 3187 5419 ostendit,
3234 5352 3299 5407 ad
3342 5368 3536 5423 perpe-

294 5443 428 5513 πρὸς
479 5444 572 5499 τὸν
615 5445 829 5528 δέμον.
884 5446 993 5517 Τὴν
1040 5448 1097 5499 δὲ
1140 5446 1232 5500 ἐπὶ
1288 5448 1387 5519 τῆς
1446 5449 1648 5519 πέτρας
1697 5452 1867 5516 ἐπαγ-

1975 5458 2125 5503 tuum
2171 5466 2392 5505 cursum
2441 5451 2799 5512 exhortatur;
2843 5464 2966 5501 cum
3019 5455 3217 5503 statum
3270 5445 3323 5497 in
3360 5444 3537 5513 lapide

295 5536 611 5608 γειλάμενος
663 5540 880 5602 στάσιν,
928 5542 1019 5592 τὸν
1062 5541 1262 5610 τρόπον
1306 5543 1405 5610 τῆς
1454 5541 1602 5604 θείας
1653 5541 1865 5609 ἐκείνης

1972 5541 2224 5596 daturum
2260 5559 2317 5598 se
2351 5543 2646 5612 promittit,
2681 5540 2900 5595 modum
2936 5539 3105 5594 divini
3151 5552 3347 5592 cursus
3388 5537 3535 5592 illius

299 5628 704 5700 σταδιοδρομίας
728 5632 873 5702 αὑτῴ
908 5631 1266 5687 ὑποδείκνυσι.
1298 5633 1370 5685 T6
1397 5633 1451 5686 δὲ
1494 5634 1551 5685 ὲν
1591 5637 1655 5705 τῇ
1692 5633 1863 5705 πέτρα

1972 5635 2145 5703 Moysi
2190 5635 2487 5705 subaperit.
2518 5634 2807 5705 Capacitas
2832 5649 2959 5689 vero
2992 5640 3086 5685 aut
3122 5614 3366 5685 foramen
3399 5630 3532 5700 lapi-

374 5803 414 5832 "
442 5804 611 5855 Exod.
656 5821 843 5868 λιν-ι,
