3982 6510
470 375 575 431 607

1698 386 1754 440 S.
1783 387 2115 446 GREGORII
2150 389 2446 445 NYSSENI

3597 407 3702 463 408

469 487 556 544 dis
577 488 756 544 verbis
779 488 1020 562 Apostoli
1043 492 1352 563 expositum
1378 502 1484 560 est,
1509 510 1633 552 cum
1661 498 1888 556 domum
1921 520 2032 560 non

2139 505 2392 578 χώρημα,
2439 507 2505 578 ἢν
2546 505 2685 576 ὀπὴν
2725 505 2978 577 ὀνομάζει
3016 507 3046 558 6
3072 505 3263 576 λόγος,
3299 505 3478 572 καλῶς
3506 509 3534 562 ὀ
3571 509 3714 576 θεῖος

467 595 635 637 manu
668 579 863 637 factam
897 583 1175 640 caelestem
1211 601 1306 656 spe
1352 586 1419 644 iis
1457 593 1752 656 reservari,
1787 595 1881 665 qui
1917 604 2032 651 ter-

469 684 644 731 restre
695 677 1105 732 tabernaculum
1156 677 1559 747 dissolverunt,
1617 698 1846 742 asserat.
1897 687 2034 744 Nam

468 777 619 824 certe
651 768 742 838 qui
795 783 1017 825 cursum
1065 771 1323 841 perfecit,
1361 783 1422 828 ut
1458 775 1574 845 ipse
1605 777 1772 844 dicit,
1816 780 1870 833 in
1924 780 2035 835 lato

468 861 563 916 illo
594 867 649 916 et
683 861 1043 931 capacissimo
1077 864 1274 930 stadio,
1305 866 1450 936 quod
1485 868 1669 923 divina
1707 884 1810 924 vox
1852 871 2032 926 locum

467 953 778 1023 appellavit,
815 953 910 1025 qui
959 955 1210 1011 videlicet
1260 957 1420 1014 ﬁdem
1460 963 1827 1029 conservavit,
1867 979 1929 1018 ac
1976 964 2033 1020 in

467 1043 664 1114 lapide,
697 1043 774 1098 uti
801 1046 1141 1116 aanigmatice
1169 1048 1390 1116 dicitur,
1422 1052 1587 1122 pedes
1613 1069 1745 1110 suos
1775 1056 2029 1118 ﬁrmavit,

467 1134 515 1190 is
543 1150 744 1191 corona
767 1136 998 1206 justitia:
1037 1156 1068 1194 a
1101 1155 1265 1196 manu
1295 1143 1415 1212 ejus
1441 1144 1534 1214 qui
1578 1147 1692 1200 haec
1729 1146 2032 1201 certamina

465 1225 625 1281 nobis
666 1229 975 1298 proposuit,
1023 1234 1398 1289 coronabitur.
1444 1235 1570 1291 Haec
1617 1246 1799 1292 autem
1858 1239 2032 1308 gloria

469 1317 652 1373 'nultis
684 1332 1033 1391 nuncupatur
1078 1339 1108 1378 a
1151 1323 1434 1396 Scriptura
1487 1329 1804 1385 nominibus
1854 1349 1866 1383 :
1924 1344 2033 1383 una

462 1409 607 1465 enim
629 1419 684 1465 et
712 1411 901 1468 eadem
931 1429 1020 1469 res
1048 1415 1138 1470 hic
1165 1417 1384 1487 quidem
1410 1419 1608 1489 lapidis
1636 1420 1912 1489 capacitas
1937 1434 2034 1488 ap-

464 1500 716 1576 pellatur,
747 1502 802 1556 in
842 1503 966 1558 aliis
997 1513 1176 1560 autem
1211 1507 1450 1577 paradisi
1485 1509 1729 1574 deliciae,
1778 1511 2033 1566 taberna-

461 1591 646 1648 culum
677 1601 963 1660 aeternum,
996 1597 1208 1652 mansio
1248 1599 1391 1667 apud
1431 1598 1674 1663 Patrem,
1705 1599 2034 1670 patriarcha:

460 1684 617 1743 sinus
639 1723 654 1749 ,
690 1687 841 1756 regio
872 1688 1208 1754 viventium,
1246 1705 1389 1760 aqua
1439 1693 1737 1761 requietis,
1772 1689 2034 1748 Hierusa-

425 1776 429 1780 ’
461 1775 566 1833 lem
599 1777 870 1848 superior,
901 1794 1129 1849 regnum
1158 1783 1422 1837 caelorum
1447 1823 1462 1845 .
1496 1784 1738 1855 Babylon
1785 1787 2029 1840 vocatio-

2151 597 2469 659 Ἀπόστολος
2491 597 2550 649 ὲν
2571 597 2683 660 τοῖς
2711 595 2860 660 ἰδίοις
2887 595 3064 664 λόγοις
3088 597 3506 668 διηρμήνευσεν,
3539 599 3718 655 οἰκίαν

2135 686 2542 760 ἀχειροποίητον
2597 687 2854 756 οὐρανίαν
2905 688 3224 752 ἀποκεῖσθαι
3260 688 3325 742 δι’
3355 690 3719 758 ὲλπίδοςτοῖς

2133 779 2234 849 τὴν
2267 779 2460 849 γηῖνην
2503 778 2709 851 σκηνὴν
2749 778 3030 832 διαλύσασι
3079 779 3273 848 λέγων.
3329 781 3566 852 Ἀληθῶς
3607 785 3719 857 γὰρ

2135 871 2164 923 6
2189 871 2280 925 τὸν
2306 869 2503 942 δρόμον
2525 870 2746 934 τελέσας
2763 911 2779 935 ,
2816 869 2998 935 καθώς
3025 887 3190 942 φησιν
3217 875 3245 926 ὀ
3283 872 3624 941 Ἀπόστολος,
3657 879 3718 931 ὲν

2135 963 2328 1034 ἐκείνῳ
2353 963 2432 1034 τῷ
2481 962 2675 1016 πλατεῖ
2714 964 2807 1018 καὶ
2854 963 3150 1036 εὐρυχώρῳ
3202 965 3400 1037 σταδίῳ
3421 1009 3435 1032 ,
3468 967 3527 1022 ὃν
3554 969 3720 1024 τόπον

2135 1053 2389 1124 ὀνομάζει
2427 1054 2460 1124 ἡ
2513 1052 2632 1106 θεία
2685 1055 2876 1127 φωνὴ,
2919 1057 3016 1110 καὶ
3061 1055 3161 1127 τὴν
3211 1057 3394 1112 πίστιν
3449 1062 3718 1132 τηρήσας,

2134 1147 2275 1218 ἦτοι,
2297 1144 2479 1209 καθώς
2511 1162 2644 1217 φησι
2671 1146 2733 1199 τὸ
2757 1147 3017 1219 αίνιγμα,
3068 1149 3162 1202 ἐπὶ
3193 1151 3292 1221 τῆς
3319 1150 3548 1224 ⁴πέτρας
3590 1155 3722 1218 τοὺς

2139 1237 2301 1302 ἰδίους
2357 1236 2523 1301 πόδας
2574 1237 2828 1308 ἐρείσας·
2885 1231 3040 1303 οὗτος
3095 1239 3174 1311 τῷ
3216 1241 3320 1311 τῆς
3373 1242 3723 1316 δικαιοσύνης

2137 1329 2385 1401 στεφάνῳ
2412 1329 2560 1400 παρὰ
2590 1329 2688 1400 τῆς
2725 1329 2905 1401 χειρὸς
2944 1330 3036 1384 τοῦ
3069 1332 3407 1401 ἀγωνοθέτου
3439 1335 3724 1390 καλλωπι-

2136 1423 2390 1494 σθήσεται
2428 1440 2440 1452 ·
2485 1421 2546 1475 τὸ
2570 1421 2627 1474 δὲ
2654 1422 2892 1476 τοιοῦτον
2932 1423 3101 1496 γέρας
3139 1425 3412 1499 διαφόρως
3443 1429 3591 1500 παρὰ
3619 1430 3724 1502 τῆς

2133 1516 2354 1587 Γραφῆς
2395 1514 2734 1585 ὀνομάζεται.
2780 1515 2853 1568 Τὸ
2892 1514 3000 1587 γὰρ
3041 1517 3172 1571 αὐτὸ
3211 1519 3442 1573 ἐνταῦθα
3481 1521 3580 1591 μὲν
3607 1520 3721 1592 χὼ-

2138 1619 2287 1676 ρημα
2330 1602 2536 1676 πέτρας
2579 1603 2794 1674 λέγεται
2820 1621 2834 1635 ·
2884 1605 2942 1658 ὲν
2989 1605 3196 1678 ἑτέροις
3239 1606 3331 1672 δὲ,
3385 1609 3723 1681 παραδείσου

2133 1691 2332 1769 τρυίρὴ,
2361 1698 2455 1752 καὶ
2483 1696 2675 1752 αἰωνία
2709 1697 2902 1770 σκηνὴ,
2935 1699 3031 1752 καὶ
3063 1700 3198 1772 μονὴ
3228 1701 3378 1772 παρὰ
3402 1702 3484 1772 τῷ
3514 1704 3723 1773 Πατρὶ,

2134 1792 2230 1845 καὶ
2261 1792 2596 1863 πατριάρχου
2619 1790 2840 1858 κόλπος,
2862 1793 2959 1845 καὶ
2985 1791 3140 1865 χώρα
3169 1791 3410 1862 ζώντων,
3445 1795 3542 1849 καὶ
3570 1795 3725 1868 ὕδωρ

460 1869 569 1931 nis,
599 1883 802 1924 corona
841 1870 1163 1940 gratiarum,
1192 1886 1397 1927 corona
1426 1873 1879 1944 pulchritudinis,
1913 1884 2032 1929 tur-

2139 1861 2532 1952 άναπαύσεως,
2583 1886 2677 1941 καὶ
2709 1887 2744 1957 ἡ
2774 1885 2886 1940 ἄνω
2924 1861 3300 1958 Ἰερουσαλὴμ,
3333 1887 3429 1940 καὶ
3471 1861 3724 1958 βασιλεία

460 1957 539 2013 ris
575 1957 941 2026 fortitudinis,
983 1963 1394 2031 supermensale
1437 1963 1717 2030 gaudium,
1753 1964 1848 2021 Dei
1900 1979 2036 2020 con-

427 2057 668 2116 ‘sessus,
726 2051 885 2109 sedes
928 2053 1142 2123 iudicii,
1187 2056 1344 2111 locus
1395 2057 1900 2125 nominatissimus,
1943 2075 2036 2115 oc-

459 2145 666 2200 cultum
707 2143 1142 2202 tabernaculum.
1185 2145 1306 2202 Una
1343 2165 1474 2221 ergo
1501 2151 1650 2207 illius
1688 2152 1876 2222 gloriae
1922 2153 2037 2209 haec

460 2254 678 2309 quoque
707 2240 1000 2311 appellatio
1033 2248 1118 2296 est
1154 2242 1332 2313 Moysi
1365 2243 1420 2297 in
1453 2243 1688 2315 lapidem
1723 2246 2034 2317 ingressus.

458 2328 592 2392 Nam
624 2333 886 2402 quoniam
920 2331 1178 2389 Christus
1210 2333 1350 2403 lapis
1379 2345 1483 2401 est,
1532 2345 1592 2390 ut
1621 2335 1792 2390 Paulo
1833 2337 2034 2407 placet,

459 2411 677 2479 omnem
728 2429 910 2478 autem
953 2423 1224 2478 bonorum
1262 2439 1412 2494 spem
1452 2427 1508 2481 in
1549 2426 1769 2483 Christo
1811 2426 2037 2484 firmiter

458 2531 580 2572 esse
605 2516 882 2572 credimus
919 2534 933 2570 :
964 2517 1058 2588 qui
1097 2517 1299 2572 bonum
1331 2519 1550 2588 aliquod
1587 2521 1819 2590 adeptus
1850 2529 1956 2585 est,
1988 2523 2036 2578 is

459 2607 517 2675 in
540 2609 762 2664 Christo
789 2617 904 2674 est,
929 2609 1022 2680 qui
1053 2625 1216 2666 omne
1246 2611 1447 2666 bonum
1479 2612 1759 2668 continet:
1789 2613 1881 2684 qui
1909 2629 2037 2669 vero

459 2701 526 2768 ad
553 2700 834 2757 Christum
867 2703 1137 2773 pervenit,
1171 2712 1223 2758 et
1257 2718 1422 2758 manu
1459 2702 1553 2760 Dei
1589 2713 1764 2760 tectus
1791 2705 2036 2776 est,(ma-

458 2809 564 2849 nus
591 2803 768 2850 autem
797 2795 893 2849 Del
920 2794 1052 2866 quid
1083 2795 1230 2850 aliud
1255 2811 1379 2851 esse
1395 2805 1594 2866 potest,
1612 2812 1775 2868 quam
1798 2797 2036 2852 creatrix

458 2905 645 2958 rerum
666 2890 861 2956 virtus,
892 2891 1011 2962 ipse
1044 2891 1363 2962 unigenitus
1400 2891 1565 2959 Deus,
1597 2907 1697 2963 per
1722 2909 1886 2963 quem
1916 2907 2036 2948 om-

461 2980 550 3052 nia
584 2981 726 3034 lacta
758 2989 908 3046 sunt,
942 2983 1037 3051 qui
1079 2989 1134 3038 et
1161 2982 1512 3038 currentibus
1548 2983 1702 3038 locus
1729 2990 1835 3046 est,
1866 2992 1923 3038 et
1948 2984 2038 3037 via

460 3087 680 3137 cursus,
719 3081 779 3127 ut
821 3073 937 3142 ipse
969 3073 1124 3137 dicit,
1164 3081 1220 3128 et
1267 3074 1408 3144 lapis
1446 3074 1928 3136 conﬁrmatorum.
1981 3081 2036 3129 et

460 3163 656 3231 donius
687 3164 1089 3234 quiescentium
1115 3161 1169 3232 τέ)
1207 3166 1301 3236 qni
1338 3165 1406 3220 ad
1427 3166 1600 3233 hunc,
1630 3167 1877 3237 inquam,
1913 3181 2036 3236 pcr-

457 3258 626 3320 venit,
661 3257 708 3314 is
738 3257 925 3314 audiet
953 3268 1260 3321 vocantem,
1291 3271 1345 3313 et
1373 3274 1403 3312 a
1439 3266 1596 3330 tergo
1623 3260 1875 3314 vocantis
1919 3258 2036 3313 col-

458 3351 752 3414 locabitur,
786 3350 890 3406 hoc
918 3358 1028 3417 est,
1057 3369 1076 3403 ι
1104 3349 1237 3407 Post
1263 3349 1555 3405 Dominum
1590 3351 1757 3405 Deum
1788 3351 2038 3405 ambula-

458 3439 562 3514 bit,
606 3461 624 3492 ι
661 3441 816 3500 sicut
845 3441 932 3496 lex
968 3441 1236 3511 praecipit.
1269 3439 1427 3506 Quod
1462 3456 1585 3495 cum
1624 3440 1891 3495 audiisset
1934 3439 2037 3491 Da-

459 3532 582 3597 vid,
631 3534 800 3602 probe
850 3533 1157 3598 intellexit,
1213 3533 1479 3588 habitanti
1531 3533 1680 3589 enim
1722 3533 1776 3587 in
1833 3532 2038 3586 auxilio

461 3621 675 3682 Excelsi
703 3625 856 3693 dicit,
881 3643 902 3678 ι
924 3625 984 3680 1η
1015 3626 1260 3696 scapulis
1282 3628 1400 3684 suis
1422 3626 1774 3682 obumbrabit
1797 3625 1893 3679 tibi
1916 3626 1985 3687 ",
2014 3643 2031 3674 ι

459 3717 605 3788 quod
634 3725 720 3773 est
766 3727 890 3787 post
926 3715 1095 3774 Deum
1130 3733 1253 3775 esse
1288 3720 1650 3775 constitutum
1688 3737 1700 3772 :
1747 3732 1871 3771 nam
1915 3731 2039 3770 sca-
2075 3731 2078 3734 ’

459 3810 601 3880 pulae
665 3811 970 3881 posteriora
1035 3821 1186 3870 sunt.
1253 3811 1329 3867 De
1392 3827 1452 3868 se
1517 3820 1698 3866 autem
1757 3810 1957 3864 clamat
2021 3826 2033 3861 :

431 3916 447 3931 ·
467 3919 488 3954 ι
519 3899 762 3958 Adhaesit
791 3902 975 3957 anima
1019 3917 1138 3957 mea
1170 3911 1295 3972 post
1335 3913 1407 3965 te.
1435 3912 1489 3958 et
1517 3903 1760 3972 suscepit
1789 3916 1876 3955 me
1905 3903 2038 3954 dex-

459 4000 574 4047 tera
604 4001 696 4047 tua
724 3993 789 4047 ’³.
824 4012 844 4046 ι
876 3991 1043 4049 Vides
1071 3995 1346 4064 quomodo
1373 3993 1669 4050 Psalmista
1703 4008 1828 4048 cum
1863 3991 2038 4046 histo-

460 4085 540 4144 t‘ia
587 4085 880 4142 consentit.
933 4083 1069 4149 Nam
1104 4095 1163 4145 ut
1201 4086 1289 4141 hic
1338 4085 1542 4140 dicitur
1579 4100 1703 4141 eum
1741 4099 1772 4140 a
1816 4082 2038 4138 dextera

460 4179 688 4248 suscipi,
723 4183 818 4248 qui
852 4187 978 4250 post
1016 4178 1187 4235 Deum
1219 4179 1447 4235 adhaesit
1485 4197 1498 4233 :
1545 4178 1628 4234 sic
1661 4177 1734 4232 ibi
1770 4191 1892 4231 eum
1925 4191 2040 4228 ma-

459 4290 566 4330 nus
605 4272 758 4344 tegit,
793 4274 886 4343 qui
915 4274 1005 4330 Dei
1038 4290 1226 4331 vocem
1261 4282 1548 4344 exspectat
1595 4273 1651 4327 in
1690 4270 1894 4342 lapide.
1930 4267 2038 4323 Sed

461 4366 725 4422 Dominus
753 4383 975 4438 quoque
1016 4369 1110 4438 qui
1156 4368 1327 4441 Moysi
1367 4367 1592 4424 oracula
1629 4365 1799 4428 dedit,
1834 4363 1927 4432 qui
1970 4361 2039 4416 ad

461 4458 794 4530 implendum
827 4460 998 4530 legem
1031 4476 1189 4516 suam
1225 4462 1395 4522 venit.
1437 4460 1665 4529 aenigma
1711 4457 1763 4511 id
1794 4455 2039 4511 enodans

461 4549 829 4618 apertissime,
857 4549 1109 4607 similiter
1130 4551 1196 4605 ad
1223 4551 1526 4620 discipulos
1553 4549 1666 4603 ait:
1698 4567 1716 4598 ι
1749 4544 1806 4602 Si
1839 4545 1984 4615 quis,
2014 4563 2032 4596 ι

2155 4543 2317 4612 Ὁρᾷς
2348 4541 2466 4604 πῶς
2510 4542 2796 4612 συμϐαίνει
2840 4546 2905 4614 τῇ
2959 4543 3168 4615 ἱστορίᾳ
3198 4544 3232 4614 ἡ
3265 4543 3571 4613 ψαλμῳδία·
3632 4544 3728 4606 Ὡς
3820 4531 3840 4548 .

462 4641 662 4712 inquit,
696 4659 716 4694 ι
756 4644 872 4697 vult
901 4652 1025 4714 post
1059 4659 1147 4698 me
1185 4644 1370 4700 venire
1395 4643 1460 4705 7",
1502 4661 1520 4693 ι
1569 4657 1676 4696 non
1722 4641 1880 4703 dixit,
1912 4647 2039 4692 ante

466 4748 571 4788 me.
618 4735 734 4790 Hoc
772 4751 990 4806 quoque
1030 4737 1206 4806 ipsum
1259 4736 1478 4792 cuidam
1529 4749 1628 4804 pro
1666 4735 1778 4788 vita
1831 4741 2039 4787 eterna

463 4828 791 4898 supplicanti
844 4829 1091 4899 praecipit
1146 4830 1392 4885 dicens:
1450 4847 1470 4880 ‹
1507 4826 1643 4882 Veni
1694 4835 1751 4882 et
1805 4840 2038 4895 sequere

461 4936 551 4976 me
581 4943 594 4976 :
626 4940 646 4974 ι
671 4921 763 4992 qui
793 4930 974 4977 autem
1007 4923 1279 4994 sequitur,
1308 4939 1415 4977 non
1443 4920 1659 4985 faciem,
1695 4919 1789 4976 sed
1823 4926 2036 4987 tergum

463 5016 678 5086 aspicit.
729 5014 968 5071 Docetur
1017 5015 1186 5087 igitur
1235 5009 1451 5087 Moyses
1497 5013 1818 5071 desiderans
1869 5013 2036 5066 Deum

461 5109 682 5170 videre.
715 5109 990 5177 quomodo
1030 5116 1211 5179 potest
1257 5107 1400 5162 Deus
1429 5106 1644 5173 videri;
1687 5105 1839 5174 sequi
1889 5104 2038 5159 enim

462 5191 633 5248 Deum
681 5193 847 5250 corde
889 5209 953 5250 ac
988 5196 1172 5250 animo
1214 5210 1433 5264 semper
1476 5209 1807 5265 quocunque
1853 5193 2038 5259 ducat,

462 5285 704 5356 itlipsnm
747 5293 833 5350 est
863 5283 1029 5342 Deum
1057 5287 1244 5344 videre
1274 5290 1353 5341 ⁷⁸;
1395 5287 1599 5350 etenim
1644 5285 1911 5340 transitus
1949 5285 2041 5340 ille

466 5377 582 5442 Dei,
632 5379 826 5436 ducem
873 5397 995 5438 esse
1048 5381 1216 5438 Deum
1265 5380 1546 5451 sequentis
1579 5378 1885 5450 signiﬁcat,
1914 5393 2039 5451 cum

463 5485 570 5524 non
606 5471 678 5527 sit
706 5474 967 5544 possibile
1002 5475 1145 5530 viam
1187 5473 1459 5544 ignoranti
1501 5480 1648 5526 recte
1680 5487 1744 5525 ac
1775 5477 1892 5525 tuto
1938 5469 2040 5536 iter

465 5576 750 5634 peragere,
778 5567 887 5622 nisi
916 5575 1039 5639 post
1067 5567 1260 5622 ducem
1292 5573 1441 5622 recte
1470 5573 1755 5636 sequatur.

2137 1976 2401 2048 οὐρανῶν,
2434 1978 2529 2031 καὶ
2563 1976 2809 2049 βραϐεῖον
2833 1977 3098 2050 κλήσεως,
3135 1978 3232 2032 καὶ⁹
3273 1978 3536 2048 στέφανος
3564 1980 3728 2050 χαρί-

2136 2083 2264 2131 των,
2307 2068 2401 2122 καλ⁹
2443 2067 2702 2138 στέφανος
2739 2067 2989 2134 κάλλους,
3024 2071 3119 2123 καὶ
3147 2069 3359 2141 πύργος
3387 2069 3589 2140 ίσχύος,
3627 2072 3728 2124 καὶ

2137 2161 2520 2232 ὲπιτραπέζιος
2571 2160 2901 2233 εὐφροσύνη,
2955 2161 3050 2214 καὶ
3098 2159 3233 2216 Θεοῦ
3283 2161 3574 2232 συνεδρία,
3627 2162 3729 2215 καὶ

2139 2255 2326 2328 θρόνος
2357 2254 2592 2326 κρίσεως
2615 2293 2630 2317 ,
2683 2253 2778 2308 καὶ
2819 2253 2987 2316 τόπος
3019 2252 3319 2324 ὀνομαστὸς
3345 2293 3360 2319 ,
3411 2252 3507 2306 καὶ
3547 2254 3727 2324 σκηνὴ

2139 2346 2476 2416 άπόκρυφος.
2537 2344 2635 2398 Ἔν
2667 2339 2758 2398 οὖν
2789 2344 2882 2397 καὶ
2907 2341 3065 2397 τοῦτό
3095 2361 3274 2415 φαμεν
3308 2341 3447 2398 εἶναι
3486 2343 3596 2397 τῶν
3645 2348 3730 2399 εἰς

2136 2437 2295 2492 τοῦτο
2345 2437 2620 2510 φερόντων
2659 2435 2720 2489 τὸ
2765 2436 2962 2507 νόημα,
3011 2435 3109 2507 τὴν
3142 2437 3222 2499 εἰς
3249 2436 3348 2507 τὴν
3384 2435 3590 2508 πέτραν
3629 2436 3730 2488 τοῦ

2137 2529 2415 2590 Μωῦσέως
2465 2527 2689 2582 εἴσοδον.
2758 2526 2975 2598 Ἐπειδὴ
3024 2525 3133 2598 γὰρ
3181 2526 3414 2598 Χριστὸς
3462 2530 3496 2597 ἠ
3545 2527 3730 2598 πέτρα

2137 2616 2288 2691 παρὰ
2318 2617 2409 2670 τοῦ
2442 2616 2653 2669 Παύλου
2684 2617 2930 2688 νενόηται
2967 2632 2982 2646 ’
3037 2618 3188 2670 πᾶσα
3219 2617 3274 2670 δὲ
3315 2615 3536 2685 ἀγαθῶν
3565 2617 3732 2680 ἐλπὶς

2125 2709 2198 2784 ,ὲν
2223 2707 2302 2779 τῷ
2331 2707 2549 2779 Χριστῷ
2581 2704 2720 2761 εἶναι
2764 2706 3098 2775 πιστεύεται,
3145 2710 3203 2763 ἐν
3237 2702 3282 2776 ᾧ
3326 2708 3534 2772 πάντας
3579 2705 3731 2762 εἶναι

2137 2800 2264 2864 τοὺς
2310 2800 2618 2871 θησαυροὺς
2663 2800 2771 2854 τῶν
2811 2800 3033 2870 ἀγαθῶν
3094 2801 3534 2872 μεμαθήκαμεν·
3587 2803 3618 2854 6
3669 2803 3730 2853 ὲν

2138 2890 2326 2961 ἀγαθῷ
2351 2908 2455 2944 τινι
2485 2890 2795 2962 γενόμενος,
2818 2891 2877 2942 ἐν
2903 2890 2980 2962 τῷ
3009 2890 3231 2962 Χριστῷ
3257 2890 3476 2954 πάντως
3504 2891 3621 2944 ἐστὶ
3649 2890 3732 2961 τῷ

2137 2981 2468 3054 περιεκτικῷ
2499 2982 2696 3046 παντὸς
2721 2980 2928 3051 ἀγαθοῦ
2949 2982 3033 3051 ’Βό
3061 2981 3119 3034 δὲ
3156 2982 3317 3052 μέχρι
3353 2981 3545 3035 τούτου
3585 2983 3734 3051 φθά-

2139 3090 2257 3138 σας,
2287 3072 2382 3126 καὶ
2413 3072 2517 3126 ὑπὸ
2541 3073 2640 3143 τῆς
2662 3071 2755 3125 τοῦ
2783 3071 2918 3126 Θεοῦ
2944 3072 3128 3144 χειρὸς
3154 3073 3507 3138 σκεπασθείς,
3533 3074 3728 3139 καθὼς

2137 3166 2166 3219 ὀ
2211 3165 2367 3234 λόγος
2408 3164 2774 3236 ἐπηγγείλατο
2830 3165 2994 3237 (χεὶρ
3043 3166 3087 3218 δ’
3136 3164 3202 3218 ἂν
3251 3163 3336 3236 εἴη
3379 3162 3475 3218 τοῦ
3509 3165 3651 3220 Θεοῦ
3689 3168 3723 3237 ἡ

2137 3257 2504 3328 δημιουργικὴ
2528 3256 2635 3311 τῶν
2661 3257 2829 3310 ὄντων
2872 3255 3120 3326 δύναμις,
3161 3257 3190 3310 6
3234 3256 3526 3328 μονογενὴς
3562 3256 3724 3321 Θεὸς,

2138 3349 2204 3402 δι’
2229 3344 2290 3403 οῦ
2317 3349 2384 3401 τὰ
2415 3349 2591 3402 πάντα
2635 3348 2875 3417 ἐγένετο,
2919 3347 2977 3412 ὃς
3009 3347 3102 3401 καὶ
3128 3349 3242 3412 τοῖς
3275 3349 3525 3419 τρέχουσι
3557 3349 3733 3414 τόπος

2138 3441 2307 3504 ἐστὶν,
2351 3441 2468 3504 ὁδὸς
2515 3439 2608 3493 τοῦ
2655 3441 2854 3512 δρόμου
2887 3440 3204 3509 γινόμενος.
3260 3440 3400 3494 κατὰ
3445 3440 3547 3511 τὴν
3586 3440 3732 3495 ἰδίαν

2139 3534 2342 3603 φωνὴν,
2377 3531 2470 3585 καὶ
2516 3531 2690 3603 πέτρα
2723 3531 2931 3600 γίνεται
2974 3535 3089 3595 τοῖς
3140 3531 3399 3602 βεῦαίοις,
3435 3533 3529 3586 καὶ
3574 3528 3733 3597 οἶκος

2137 3625 2248 3684 τοῖς
2271 3622 2745 3692 ἀναπαυομένοις),
2788 3621 2911 3675 τότε
2938 3622 3230 3676 ἀκούσεται
3257 3623 3349 3675 τοῦ
3385 3624 3735 3695 προσκαλου-

2141 3714 2324 3785 μένου,
2367 3719 2461 3767 καὶ
2500 3715 2728 3769 κατόπιν
2760 3714 2855 3768 τοῦ
2890 3715 3181 3779 καλοῦντος
3227 3716 3536 3788 γενήσεται,
3570 3735 3734 3770 τουτ-

2140 3806 2305 3871 έστιν,
2339 3825 2358 3859 ι
2395 3806 2600 3861 Ὀπίσω
2625 3807 2828 3878 Κυρίου
2845 3808 2937 3862 τοῦ
2956 3807 3090 3863 Θεοῦ
3120 3809 3464 3881 πορεύσεται,
3493 3829 3511 3864 ι
3539 3810 3733 3877 καθὼς

2138 3898 2166 3950 ό
2199 3898 2360 3969 νόμος
2389 3901 2697 3971 παρεγγυᾷ.
2745 3900 2924 3971 Ὅπερ
2951 3900 3190 3966 ἀκούσας
3227 3901 3415 3973 ἐνόησε
3449 3902 3542 3955 καὶ
3570 3903 3598 3955 ὁ
3627 3904 3734 3973 μέ-

2139 4009 2242 4061 γας
2273 3991 2454 4055 Δαϐἱδ,
2486 3991 2564 4063 τῷ
2594 3993 2690 4063 μὲν
2720 3992 3061 4046 κατοικοῦντι
3089 3995 3146 4047 ὲν
3187 3992 3407 4066 βοηθείᾳ
3429 3995 3522 4046 τοῦ
3565 3994 3734 4065 Ὑψί-

2141 4101 2265 4138 στου
2298 4083 2492 4152 λέγων,
2537 4084 2620 4137 ὅτι
2672 4101 2690 4135 ι
2728 4083 2816 4136 Ἐν
2847 4086 2961 4148 τοῖς
2999 4084 3356 4156 μεταφρένοις
3401 4084 3566 4140 αὐτοῦ
3597 4089 3731 4139 ἐπι-

2141 4175 2354 4230 σκιάσει
2391 4192 2495 4242 σοι,
2527 4193 2546 4227 ι
2601 4176 2737 4245 ὅπερ
2762 4169 2878 4229 ἶσόν
2909 4178 3028 4228 ἐστι
3057 4175 3135 4248 τῷ
3163 4178 3390 4231 κατόπιν
3429 4177 3590 4232 αὑτὸν
3623 4179 3729 4232 τοῦ

2139 4267 2273 4321 Θεοῦ
2293 4264 2430 4321 εἶναι
2449 4285 2462 4298 ·
2495 4268 2553 4319 ὲν
2575 4265 2682 4338 γὰρ
2707 4269 2820 4330 τοῖς
2845 4266 3112 4331 ὀπισθίοις
3141 4268 3258 4321 ἐστὶ
3280 4268 3340 4322 τὸ
3363 4269 3727 4338 μετάφρενον.

2142 4358 2279 4429 Περὶ
2306 4356 2502 4411 ἑαυτοῦ
2530 4358 2588 4411 δὲ
2615 4357 2772 4412 τοῦτο
2807 4357 2965 4429 βοῶν,
2993 4359 3076 4412 ὅτι
3133 4378 3151 4410 t
3189 4360 3480 4431 Ἐκολλήθη
3511 4362 3543 4430 ἡ
3571 4359 3725 4431 ψυχή

2144 4467 2246 4521 μου
2287 4449 2462 4502 ὀπίσω
2505 4466 2620 4512 σου,
2669 4449 2804 4520 ἐμοῦ
2833 4450 2893 4503 δὲ
2923 4451 3305 4522 ἁντελάδετοή
3345 4451 3496 4518 δεξιά
3540 4469 3657 4505 σου.
3701 4472 3722 4505 ι

2145 4634 2253 4706 γάρ
2279 4630 2431 4698 οὗτός
2458 4652 2612 4704 φησι,
2639 4633 2716 4704 τῷ
2737 4635 2911 4688 ὀπίσω
2933 4634 3026 4689 τοῦ
3055 4635 3188 4690 Θεοῦ
3219 4636 3601 4707 κεκολλημένῳ
3619 4636 3730 4708 τὴν

2141 4727 2244 4797 τῆς
2269 4726 2450 4794 δεξιᾶς
2477 4723 2616 4783 εἶναι
2641 4727 2953 4800 ἀντίληψιν·
2983 4728 3128 4782 οὕτω
3157 4729 3316 4782 κάκεῖ
3341 4731 3373 4800 ή
3404 4729 3524 4799 χεὶρ
3553 4730 3728 4783 ἄπτε-

2142 4838 2228 4874 ται
2255 4819 2349 4874 τοῦ
2379 4820 2436 4875 ὲν
2461 4824 2528 4891 τῇ
2565 4821 2742 4892 πέτρᾳ
2781 4821 2880 4892 τὴν
2916 4819 3066 4876 θείαν
3113 4821 3295 4892 φωνὴν
3337 4822 3726 4892 ἀναμένοντος.

2144 4915 2238 4968 καὶ
2275 4915 2504 4968 κατόπιν
2533 4914 2844 4968 ἀκολουθεῖν
2876 4915 3196 4986 εὐχομένου.
3237 4914 3396 4967 Ἀλλὰ
3430 4914 3526 4967 καὶ
3549 4914 3578 4966 6
3607 4913 3728 4966 Κύ-

2148 5025 2277 5077 ριος,
2309 5009 2337 5060 ὀ
2361 5006 2482 5060 τότε
2511 5007 2588 5079 τῷ
2615 5008 2840 5061 Μωῦσεῖ
2861 5005 3226 5078 χρηματίσας,
3259 5007 3288 5058 6
3308 5005 3599 5077 πληρωτὴς
3621 5003 3725 5058 τοῦ

2148 5099 2275 5153 ἰδίου
2327 5101 2492 5169 νόμου
2543 5099 2852 5170 γενόμενος,
2894 5099 3094 5170 ὁμοίως
3137 5100 3274 5172 πρὸς
3316 5101 3441 5163 τοὺς
3473 5098 3725 5169 μαθητάς

2146 5192 2497 5264 διεξέρχεται,
2536 5193 2870 5264 ἀπογυμνῶν
2906 5193 3015 5246 τῶν
3046 5193 3106 5246 ὲν
3135 5192 3416 5262 αἰνίγματι
3446 5191 3722 5264 ῥηθέντων

2147 5286 2227 5348 εἰς
2257 5285 2318 5338 τὸ
2350 5282 2588 5355 ἐμφανὲς
2619 5285 2718 5356 τὴν
2762 5285 2999 5340 διάνοιαν
3028 5301 3044 5317 ο
3097 5303 3116 5337 t
3152 5284 3220 5338 El.’
3257 5301 3341 5348 τις
3376 5283 3516 5337 θέλει
3544 5282 3728 5335 ὀπίσω

2150 5395 2251 5454 μου
2282 5377 2477 5440 ἐλθεῖν,
2508 5397 2526 5430 ι
2570 5378 2780 5448 λέγων*
2819 5380 2940 5444 οὐκ,
2983 5377 3055 5433 El.’
3090 5396 3172 5442 τις
3220 5375 3549 5449 ἔμπροσθεν.
3608 5373 3725 5428 Καὶ

2148 5467 2225 5538 τῷ
2273 5468 2400 5538 περὶ
2429 5469 2526 5539 τῆς
2570 5469 2794 5535 αἰωνίου¹
2813 5469 2959 5540 ζωῆς
2981 5469 3297 5534 ἱκετεύοντι,
3321 5466 3383 5520 τὸ
3407 5465 3538 5521 αὐτὸ
3561 5463 3726 5518 τοῦτο

2150 5563 2480 5618 ὑποτίθεται·
2512 5581 2530 5612 ι
2555 5563 2724 5634 Δεῦρο
2752 5584 2770 5614 ι
2809 5563 2938 5634 γὰρ,
2972 5564 3156 5634 φησὶν,
3193 5582 3211 5613 ι
3238 5561 3518 5616 ἀκολούθει
3546 5574 3655 5630 μοι·
3692 5576 3716 5610 ι

466 5643 494 5707 6
614 5659 943 5728 ἀκολουθῶν,
987 5661 1050 5715 τὸ
1079 5661 1304 5716 δπισθεν
1333 5659 1536 5731 βλέπει.
1567 5659 1775 5714 Οὐκοῦν
1804 5659 2111 5714 διδάσκεται
2141 5659 2236 5713 νῦν
2272 5661 2300 5713 6
2330 5660 2589 5731 Μωῦσῆς,
2622 5658 2650 5709 6
2687 5660 2810 5714 ἰδεῖν
2839 5661 2930 5716 τὸν
2962 5660 3102 5753 Θεδη
3133 5658 3400 5724 σπεύδων,
3431 5643 3723 5723 πῶς’ξστιν

566 5854 769 5937 υξδελί.
794 5877 879 5932 xc,
919 5861 988 5938 4.,

1037 5865 1084 5896 ⁷³
1120 5861 1287 5932 Ρεειι..
1327 5878 1459 5934 uit,
1495 5864 1548 5919 9.
1612 5857 1656 5897 ἰ
1684 5861 1811 5918 Luc.
1851 5878 1927 5929 ιχ,
1973 5861 2060 5916 :25.

2139 5860 2185 5894 "
2214 5861 2378 5918 Marc.
2417 5878 2469 5931 λι,
2505 5863 2596 5934 ει.
