3982 6472
202 390 299 449 409

1556 392 1642 447 DE
1678 393 1843 448 VITA
1876 389 2153 447 MOYSIS.

3345 391 3448 445 ΗΟ

204 505 327 559 ἰδεῖν
353 504 446 557 τὸν
486 504 647 557 Θεόνο
679 505 761 559 ὅτι
805 503 867 558 τὸ
895 505 1208 560 ἀκολουθεῖν
1257 507 1333 578 τῷ
1369 506 1509 579 Θεῷ,
1550 510 1673 562 καθ’
1707 511 1845 583 ὅπερ
1878 511 1942 563 ἂν
1982 509 2323 579 καθηγεῖται,
2356 506 2512 559 τοῦτο
2547 504 2762 575 βλέπειν
2789 504 2905 558 ἐστὶ
2942 503 3033 557 τὸν
3062 503 3228 556 Θεόν⁶
3272 504 3305 575 ἡ
3338 503 3447 575 γὰρ

202 596 428 667 πάροδος
465 597 628 650 αυτοῦ
669 598 767 668 τὴν
797 599 1019 669 ὀδηγίαν
1038 598 1132 651 τοῦ
1162 600 1428 670 ἑπομένου
1463 600 1834 671 διασημαίνει,
1870 602 1929 654 οὐ
1959 600 2068 672 7&9
2096 599 2241 651 ἑστιν
2274 598 2447 659 ἄλλως
2475 597 2565 648 τὸν
2596 596 2890 663 ἀγνοοῦντα
2916 595 3011 666 τὴν
3042 595 3160 648 ὁδον
3190 594 3449 667 ἀσφαλῶς

196 688 460 753 διανύσαι,
493 690 566 760 μὴ
597 688 676 759 τῷ
707 689 1098 761 καθηγουμένῷ
1127 694 1353 746 κατόπιν
1393 694 1676 764 ἑπόμενον.

276 782 334 835 '0
356 776 446 835 οὖν
477 782 704 851 ὁδηγῶν,
736 782 814 852 τῷ
840 784 1195 854 προηγεῖσθαι
1232 785 1325 838 τοῦ
1371 786 1635 856 ἑπομένου
1676 788 1775 857 τὴν

1948 783 2068 837 Dux
2105 783 2271 852 igitur
2310 785 2604 849 praeeundo
2639 779 2887 849 sequenti
2936 781 3079 833 viam
3127 788 3397 835 monstrat
3428 797 3443 833 :

197 875 312 930 ὁδὸν
355 874 727 927 ὑποδείκνυσιν
756 892 770 906 ·
816 876 844 926 ὁ
873 874 930 926 δὲ
962 875 1247 944 ἑπόμενος,
1278 876 1399 928 τότε
1428 877 1526 946 τῆς
1555 877 1769 941 εὐθείας

196 969 297 1021 οὐκ
340 966 764 1036 ἑκτραπήσεται,
816 966 863 1016 εἰ
910 965 972 1017 τὸ
1016 966 1190 1019 ὀπίσω
1222 966 1309 1019 ἀεὶ
1341 966 1435 1019 τοῦ
1467 968 1768 1038 ἡγουμένου

198 1055 405 1125 βλέποι.
446 1055 503 1107 '0
531 1054 637 1125 7&9
665 1054 756 1107 ἐπὶ
794 1054 863 1109 τὰ
891 1054 1093 1125 πλάγια
1114 1060 1181 1127 τῇ
1211 1058 1421 1129 κινήσει
1454 1062 1767 1130 παραφερό-

199 1162 377 1215 μενος,
407 1140 439 1214 ἦ
466 1146 877 1216 ἀντιπρόσωπον
908 1147 1087 1217 φέρων
1117 1147 1192 1217 τῷ
1215 1147 1495 1218 ὁδηγοῦντι
1522 1150 1580 1201 τὸ
1607 1150 1770 1220 βλέμ-

197 1252 273 1304 μα
293 1274 309 1298 ,
345 1234 510 1304 ἀλλην
540 1235 717 1307 ἑαυτῷ
742 1242 1054 1309 καινοτομεί
1090 1239 1335 1311 πορείαν,
1367 1241 1464 1311 οὐχ
1498 1243 1563 1312 ἢν
1588 1244 1617 1293 ὁ
1646 1243 1769 1314 ὁδη-

193 1327 287 1393 γὸς
322 1327 681 1382 ὑποδείκνυσι.
714 1328 805 1380 Διό
836 1346 965 1398 φησι
995 1330 1132 1399 πρὸς
1159 1331 1249 1383 τὸν
1277 1331 1656 1402 ὀδηγούμενον.
1688 1335 1770 1387 ὅτι

199 1432 218 1466 ι
256 1416 333 1469 Τὸ
372 1417 662 1487 πρόσωπόν
701 1434 800 1487 μου
834 1420 932 1471 οὐκ
974 1420 1270 1490 ὀφθήσεταί
1302 1439 1412 1474 σοι·
1453 1441 1471 1474 i
1502 1423 1766 1487 τουτέστι,

194 1504 271 1577 μὴ
301 1507 716 1577 ἀντιπρόσωπος
756 1509 905 1576 γίνου
936 1510 1013 1581 τῷ
1034 1511 1337 1581 όδηγοῦντι.
1377 1514 1519 1583 Πρὸς
1556 1514 1664 1585 γάρ
1708 1515 1771 1567 τὸ

192 1598 438 1651 ἐναντίον
470 1600 686 1661 πάντως
724 1603 752 1652 ὁ
782 1601 977 1671 δρόμος
1010 1602 1181 1655 ἔσται·
1216 1604 1419 1672 ἀγαθὸν
1450 1605 1559 1676 γὰρ
1582 1606 1771 1676 ἀγαθῷ

191 1690 293 1742 οὐκ
344 1690 676 1757 ἀντιϐλέπει,
705 1693 818 1745 ἀλλ’
849 1694 1059 1749 ἕπεται.
1093 1696 1166 1747 Τὸ
1209 1696 1265 1749 δὲ
1308 1698 1373 1749 ἑκ
1404 1698 1494 1750 τοῦ
1527 1699 1769 1753 ἐναντίου

189 1778 505 1850 νοούμενον,
542 1782 619 1853 τῷ
644 1784 831 1853 ἀγαθῷ
862 1786 1271 1857 ἀντιπρόσωπον
1296 1789 1523 1855 γίνεται.
1577 1790 1641 1842 Ἠ
1662 1791 1770 1863 γὰρ

190 1872 365 1927 κακία
391 1872 452 1937 ἐξ
490 1874 735 1929 ἐναντίου
783 1880 850 1947 τῇ
900 1879 1067 1949 ἀρετῇ
1119 1879 1304 1949 βλέπει
1327 1897 1341 1911 ·
1384 1882 1553 1952 ἀρετὴ
1584 1882 1639 1934 δὲ
1673 1884 1772 1937 οὐκ

188 1963 602 2035 ἀντιθεωρεῖται
667 1971 732 2039 τῇ
796 1970 962 2041 ἀρετῇ
1025 1972 1464 2046 ἀντιπρόσωπος.
1554 1975 1611 2028 Ὁ
1679 1972 1772 2031 οὖν

188 2057 436 2129 Μωῦσῆς
460 2060 559 2111 οὐκ
591 2060 903 2114 ἀντιϐλέπει
930 2062 1009 2132 τῷ
1034 2062 1174 2134 Θεῷ,
1206 2063 1339 2116 ἀλλά
1370 2064 1437 2118 τὰ
1465 2066 1641 2119 ὀπίσω
1675 2068 1773 2120 αὐ-

1872 876 1966 945 qui
2003 883 2183 928 autem
2221 873 2491 942 sequitur,
2530 883 2661 925 tunc
2692 888 2721 925 a
2765 883 2907 925 recta
2943 874 3027 925 via
3063 889 3167 927 non
3208 875 3444 939 aberrat,

1872 982 1996 1019 cum
2044 980 2260 1034 semper
2299 965 2454 1018 ducis
2492 972 2701 1033 tergum
2739 966 3014 1032 respiciat.
3053 961 3187 1017 Nam
3232 965 3323 1033 qui
3381 964 3446 1019 ad

1873 1058 2043 1111 latera
2076 1073 2136 1112 se
2186 1057 2483 1119 transfert,
2529 1067 2621 1109 aut
2675 1056 2926 1109 ducentis
2982 1056 3172 1110 faciem
3221 1072 3450 1111 cernere

1870 1154 2088 1217 studet,
2123 1168 2230 1205 non
2274 1150 2403 1203 facnt
2447 1165 2566 1203 cam
2608 1150 2772 1209 viam,
2814 1146 2974 1216 quam
3010 1146 3119 1201 dux
3153 1150 3391 1202 ostendit
3431 1166 3446 1203 :

1872 1262 1935 1298 ac
1957 1246 2077 1299 ideo
2099 1246 2303 1299 dicitur
2323 1244 2370 1297 ei
2396 1262 2406 1296 :
2436 1260 2455 1292 ι
2480 1240 2670 1295 Facies
2698 1258 2811 1294 mea
2839 1257 2945 1293 non
2966 1240 3239 1294 videbitur
3263 1241 3397 1306 tibi;
3423 1260 3444 1294 ι

1873 1337 1974 1390 hoc
2004 1346 2108 1396 est,
2137 1336 2255 1389 Noli
2287 1336 2353 1388 ad
2385 1334 2578 1388 faciem
2607 1334 2858 1387 ducentis
2889 1331 2981 1386 Dei
3017 1347 3333 1395 occurrere,
3382 1350 3450 1388 ne

1873 1430 1927 1484 in
1946 1428 2253 1497 oppositum
2270 1426 2587 1492 cursusfiat.
2631 1423 2763 1479 Nam
2801 1425 2844 1478 si
2882 1426 3085 1479 bonum
3130 1426 3275 1477 bono
3323 1440 3453 1479 con-

1872 1523 2104 1575 trarium
2141 1536 2248 1574 non
2278 1532 2391 1584 est,
2426 1528 2479 1573 et
2511 1518 2605 1589 qui
2637 1516 2889 1571 ducentis
2923 1514 3115 1569 faciem
3145 1515 3292 1569 videt
3315 1556 3329 1579 ,
3354 1516 3453 1570 du-

1871 1610 2018 1662 centi
2044 1609 2331 1678 oppositus
2358 1617 2463 1670 est,
2487 1623 2611 1659 cum
2640 1605 2846 1660 ducens
2869 1606 3045 1659 bonus
3068 1606 3159 1669 sit,
3188 1606 3305 1674 ipse
3337 1620 3451 1659 ma-

1873 1702 1959 1755 lus
1991 1709 2111 1764 est,
2145 1700 2483 1756 contrarium
2517 1698 2706 1751 virtuti
2745 1697 2935 1750 vitium
2974 1714 2986 1749 :
3024 1711 3197 1767 quare
3234 1696 3448 1767 Moyses

1873 1812 1979 1848 nou
2017 1809 2083 1848 ex
2117 1793 2368 1863 opposito
2398 1790 2667 1861 conspicit
2709 1788 2901 1852 Deum,
2937 1788 3033 1843 sed
3074 1797 3286 1857 tergum
3324 1788 3448 1857 ejus

1872 1887 2112 1955 respicit.
2149 1884 2282 1937 Nam
2318 1885 2410 1954 qui
2454 1898 2520 1939 ex
2563 1882 2814 1952 Opposito
2844 1880 3016 1936 Deum
3062 1881 3300 1951 aspicit,
3335 1898 3449 1937 non

1848 1981 2037 2043 'vivet,
2068 1987 2127 2032 ut
2162 1994 2265 2031 vox
2312 1977 2495 2031 divina
2528 1984 2779 2029 testatur.
2824 1993 2843 2023 ι
2878 1973 2999 2028 Non
3046 1974 3272 2042 videbit,
3313 1992 3331 2025 ι
3365 1973 3450 2027 in-

1874 2070 2013 2137 quit,
2051 2088 2068 2120 ‹
2108 2069 2270 2121 homo
2300 2066 2492 2121 faciem
2522 2081 2721 2127 meam,
2745 2073 2799 2119 et
2822 2066 2988 2120 vivet.
3026 2084 3046 2117 ›
3081 2064 3246 2119 Vides
3274 2079 3451 2135 quan-

185 2149 284 2203 τοῦ
314 2151 524 2220 βλέπει.
569 2152 627 2207 '0
671 2153 778 2224 7&9
804 2154 1162 2219 ἀντιϐλέπων,
1203 2156 1263 2209 οὐ
1298 2155 1558 2227 ζήσεταιο
1592 2157 1773 2221 καθὼς

1879 2170 1989 2215 tum
2022 2168 2126 2223 est,
2163 2168 2224 2213 ut
2274 2160 2475 2227 aliquis
2522 2159 2698 2213 discat
2731 2157 2897 2211 Deum
2942 2158 3117 2226 sequi.
3159 2156 3292 2210 Nam
3325 2166 3451 2227 post

189 2242 534 2315 μαρτύρεται
583 2246 616 2314 ἡ
672 2246 790 2298 Θεία
836 2245 1016 2317 φωνὴ,
1072 2248 1154 2300 ὅτι
1189 2265 1207 2299 t
1240 2248 1429 2313 Οὐδεὶς
1480 2249 1669 2318 ὄψεται
1714 2251 1773 2303 τὸ

186 2334 488 2405 πρόσωπον
518 2337 745 2409 Κυρίου,
782 2338 873 2391 καὶ
897 2336 1138 2409 ζήσεται.
1172 2358 1190 2391 ι
1233 2340 1395 2412 Ὁρᾷς
1420 2341 1543 2394 ὅσον
1570 2343 1686 2395 ἐστὶ
1714 2343 1775 2396 τὸ

187 2425 391 2496 μαθεῖν
441 2428 800 2500 ἀκολουθῆσαι
841 2428 917 2499 τῷ
955 2430 1105 2501 Θεῷ·
1160 2431 1241 2483 ὅτι
1274 2432 1411 2502 μετά
1437 2432 1537 2496 τὰς
1563 2434 1774 2504 ὑψηλὰς

184 2518 410 2582 ὲκείνας
442 2520 756 2586 ἀναϐάσεις,
788 2523 882 2576 καὶ
910 2521 1009 2586 τὰς
1038 2522 1277 2595 φοϐεράς
1314 2543 1372 2578 τε
1403 2525 1498 2578 καὶ
1531 2526 1774 2591 ἐνδόξους

182 2609 537 2677 θεοφανείας,
564 2611 700 2689 πρδς
827 2612 969 2664 τέλει
1000 2630 1101 2665 που
1136 2615 1234 2684 τῆς
1263 2610 1427 2684 ζωῆς,
1468 2613 1623 2683 μόγις
1644 2614 1773 2666 ταύ-

180 2714 287 2766 της
315 2698 561 2764 ἀξιοῦται
589 2688 959 2775 τῆςνχάριτος,
990 2704 1017 2754 ὁ
1055 2702 1241 2772 μαθὼν
1270 2703 1497 2756 κατόπιν
1530 2703 1773 2771 γίνεσθαι

180 2786 361 2845 Θέὀῦξ
386 2784 476 2862 Τῷ
496 2780 556 2845 δὲ
581 2791 753 2856 οὕτως
788 2794 1039 2864 ἑπομένῳ
1066 2794 1145 2864 τῷ
1170 2794 1308 2865 Θεῷ,
1336 2794 1519 2848 οὐκέτι
1553 2795 1662 2848 τῶν
1689 2795 1776 2847 διὰ

181 2884 396 2949 κακίας
454 2874 1308 2958 προσοχθισμᾶτῦνίἀντιϐαίνει
1368 2888 1540 2941 οὐδέν.
1621 2888 1778 2941 Μετά

178 2977 368 3031 ταῦτα
414 2978 524 3051 7&9
578 2979 769 3047 φθόνος
815 2979 963 3051 αὐτῷ
1010 2979 1161 3052 παρὰ
1210 2979 1317 3032 τῷν
1357 2979 1603 3048 ἀδελφῶν
1655 2981 1777 3032 ἑπι·

181 3069 395 3138 φύεται
416 3086 429 3099 ·
478 3068 689 3138 φθόνος,
720 3070 782 3123 τὸ
812 3072 1121 3141 ἀρχέκακον
1150 3070 1339 3133 πάθος,
1368 3073 1395 3123 ό
1423 3071 1516 3123 τοῦ
1547 3070 1775 3123 θανάτου

179 3162 401 3233 πατὴρ,
424 3164 458 3233 ἡ
483 3161 675 3233 πρώτη
708 3163 806 3233 τῆς
841 3163 1112 3234 ἁμαρτίας
1142 3163 1364 3228 εἴσοδος,
1392 3165 1424 3232 ὴ
1452 3161 1553 3231 τῆς
1581 3162 1778 3226 κακίας

181 3252 345 3325 ῥίζα,
371 3257 404 3324 ἡ
440 3256 536 3326 τῆς
569 3255 744 3326 λύπης
774 3254 1007 3322 γένεσις,
1045 3256 1077 3324 ἡ
1112 3254 1217 3307 τῶν
1249 3253 1540 3325 συμφορῶν
1573 3255 1775 3325 μήτηρ,

79 3343 85 3347 ’
179 3347 216 3415 ὴ
277 3347 379 3415 τῆς
424 3345 704 3409 ἀπειθείας
750 3345 1025 3410 ὑπόθεσις,
1074 3348 1107 3417 ἡ
1150 3348 1249 3417 τῆς
1298 3346 1561 3415 αἰσχύνης
1609 3347 1775 3416 ἀρχή.

179 3438 394 3499 Φθόνος
427 3440 576 3509 ἡμᾶς
624 3437 718 3490 τοῦ
763 3438 1090 3509 παραδείσου
1139 3437 1421 3507 ἑξῷκισεν,
1472 3438 1593 3506 ὄφις
1638 3436 1780 3491 κατὰ

178 3532 293 3601 τῆς
348 3528 495 3593 Εὐας
542 3530 829 3600 γενόμενος
864 3545 877 3558 ⁸
931 3529 1124 3599 φθόνος
1160 3530 1253 3582 τοῦ
1302 3530 1459 3596 ξύλου
1503 3531 1604 3599 τῆς
1637 3528 1781 3598 ζωῆς

179 3624 513 3693 ἀπετείχισε
541 3663 555 3686 ,
601 3625 696 3676 καὶ
745 3622 853 3676 τῶν
900 3621 1061 3693 ἱερῶν
1112 3623 1425 3693 ἐνδυμάτων
1468 3622 1781 3692 γυμνώσας,

179 3719 305 3776 τοῖς
324 3716 428 3786 τῆς
460 3718 630 3787 συκῆς
654 3715 865 3779 κλάδοις
893 3716 959 3768 δι’
988 3716 1250 3786 αἰσχύνης
1278 3716 1551 3785 ὐπήγαγε.
1588 3714 1783 3777 Φθόνος

180 3810 281 3861 τὸν
333 3809 480 3862 Κάῖν
510 3807 652 3861 κατὰ
681 3809 779 3879 τῆς
810 3808 1026 3877 φύσεως
1055 3806 1281 3868 ὥπλισε,
1311 3808 1404 3859 καὶ
1434 3807 1523 3860 τὸν
1555 3806 1783 3868 ἑπτάκις

182 3898 582 3969 ἐκδικούμενον
608 3898 1000 3968 ἑκαινοτόμησε
1023 3898 1269 3951 θάνατον.
1316 3897 1629 3962 Φθόνοςτὸν
1667 3898 1783 3949 Ἰω-

184 3994 304 4063 σὴφ
335 3991 524 4045 δοῦλον
558 3991 800 4061 ἐποίησε.
830 3990 1025 4054 Φθόνος
1050 3991 1111 4043 τὸ
1134 3990 1509 4062 θανατηφόρον
1536 3994 1781 4061 κέντρον,

177 4085 251 4139 τὸ
282 4084 671 4156 κεκρυμμένον
697 4084 879 4149 ὅπλον,
907 4085 940 4154 ἡ
970 4084 1068 4155 τῆς
1098 4082 1313 4153 φύσεως
1345 4086 1519 4147 νόσος,
1550 4086 1578 4136 ὁ
1612 4084 1783 4154 χολώ-

182 4184 291 4251 δης
330 4179 434 4241 ἰὸς,
466 4179 500 4249 ὴ
531 4178 775 4242 ἑκούσιος
802 4177 1068 4248 τηκεδὼν,
1098 4177 1160 4230 τὸ
1188 4176 1382 4247 πικρὸν
1415 4176 1587 4245 βέλος.
1631 4179 1659 4230 ὁ
1686 4179 1785 4248 τῆς

178 4274 380 4345 ψυχῆς
426 4268 578 4343 ἧλος,
622 4273 684 4326 τὸ
734 4272 1017 4343 ἐγκάρδιον
1063 4270 1194 4341 πῦρ,
1230 4273 1263 4341 ή
1302 4272 1415 4333 τοῖς
1458 4270 1785 4340 σπλάγχνοις

178 4364 537 4436 ὲγκαιομὲνη
569 4364 719 4433 φλόξ.
755 4360 827 4435 Ὦ
854 4363 1109 4434 ἀτύχημα
1139 4362 1237 4433 μέν
1268 4363 1434 4428 ἑστιν,
1476 4361 1537 4413 οὐ
1564 4360 1624 4414 τὸ
1655 4361 1785 4415 ῐδιον

181 4458 398 4524 κακὸν,
420 4457 557 4511 ἀλλά
587 4457 648 4510 τὸ
677 4456 954 4526 ἀλλότριον
979 4455 1202 4523 ἀγαθόν.
1231 4454 1577 4525 Κατόρθωμα
1601 4453 1656 4506 δὲ
1682 4453 1785 4505 πά-

180 4550 281 4604 λιν
313 4551 383 4602 ἑκ
406 4550 499 4603 τοῦ
534 4548 800 4614 ἑναντίου,
830 4550 889 4601 οὐ
920 4546 979 4600 τὸ
1002 4549 1200 4599 οἰκεῖον
1230 4546 1413 4609 καλὸν,
1445 4545 1582 4599 ἀλλά
1604 4544 1664 4597 τὸ
1691 4544 1783 4597 τοῦ

179 4644 375 4707 πέλας
405 4643 594 4697 κακόν.
630 4642 827 4703 Φθόνος
849 4642 878 4693 ὁ
901 4643 1021 4702 ταῖς
1046 4639 1321 4709 εὐτυχίαις
1350 4637 1456 4690 τῶν
1484 4636 1785 4708 ἀνθρώπων

180 4735 649 4806 ὲποδυνὼμενος,
706 4734 800 4787 καὶ
863 4735 983 4795 ταῖς
1042 4732 1347 4802 συμφοραῖς
1416 4729 1781 4798 ἐπεμϐαίνων.

1876 2252 1997 2305 illos
2041 2265 2306 2305 ascensus
2350 2250 2655 2312 mirabiles,
2706 2255 2829 2318 post
2876 2248 3147 2318 gloriosas
3184 2247 3447 2312 visiones,

1852 2351 1999 2413 'post
2031 2344 2272 2395 inaudita
2307 2341 2594 2404 miracula,
2630 2341 2718 2393 vix
2756 2340 2912 2407 juxta
2956 2339 3116 2393 finem
3150 2339 3275 2393 vitae
3305 2339 3452 2395 hanc

1876 2441 2205 2490 consecutus
2245 2441 2327 2487 est
2363 2434 2615 2501 gratiam,
2654 2442 2711 2485 ut
2752 2432 2985 2486 disceret
3024 2430 3191 2485 Deum
3235 2430 3389 2500 sequi
3432 2448 3447 2484 :

1855 2525 2012 2579 nihil
2034 2524 2179 2578 enim
2209 2523 2444 2591 amplius
2470 2522 2597 2574 mali
2622 2519 2837 2575 officere
2868 2522 2941 2574 illi
2972 2529 3171 2589 potest,
3199 2521 3293 2591 qui
3322 2528 3449 2591 post

1877 2615 2047 2671 Deum
2081 2616 2185 2669 hoc
2229 2614 2393 2667 modo
2428 2614 2759 2667 constitutus
2791 2618 2895 2669 est.
2928 2611 3134 2666 Invidia
3177 2620 3301 2682 post
3332 2612 3453 2667 haec

1877 2710 2120 2763 fraterna
2163 2708 2341 2777 ipsum
2374 2706 2600 2769 invadit,
2632 2704 2837 2759 invidia
2869 2707 3135 2760 malorum
3169 2705 3450 2775 princeps,

1878 2805 2071 2858 mortis
2102 2811 2295 2863 mater,
2325 2802 2498 2871 prima
2535 2800 2743 2870 peccati
2768 2798 2961 2867 janua,
2981 2798 3239 2853 vitiorum
3271 2797 3449 2863 radix,

1877 2894 2084 2947 doloris
2133 2892 2377 2951 initium,
2428 2888 2757 2955 calamitatis
2790 2902 3022 2957 parens,
3068 2887 3452 2944 inobedientite

1878 2998 2081 3047 causa,
2122 2980 2433 3049 ignominiae
2478 2979 2829 3049 principium.
2882 2977 3093 3032 Invidia
3146 2978 3293 3033 enim
3349 2991 3453 3032 nos

1878 3076 2038 3145 longe
2076 3071 2458 3127 exterminavit
2501 3085 2531 3123 a
2580 3069 2871 3139 paradiso,
2924 3084 3077 3124 versa
3125 3069 3179 3122 in
3226 3084 3456 3139 serpen-

1880 3176 1987 3222 tem
2012 3168 2276 3221 adversus
2320 3167 2482 3221 Evam
2518 3185 2531 3219 :
2574 3166 2777 3219 invidia
2817 3164 3017 3234 repulit
3050 3178 3079 3215 a
3124 3164 3270 3233 ligno
3303 3160 3451 3228 vitae,

1881 3259 2167 3327 sacrisque
2203 3256 2660 3328 impassibilitatis
2696 3254 2942 3310 vestibus
2973 3252 3255 3315 detractis,
3294 3251 3454 3306 ficul-

1882 3353 2001 3406 neis
2030 3351 2393 3421 ignominiose
2422 3349 2570 3403 foliis
2604 3348 2780 3402 induit
2816 3367 2829 3401 :
2860 3347 3063 3402 invidia
3096 3346 3227 3400 Cain
3260 3344 3457 3400 adver-

1884 3460 1979 3498 sus
2007 3442 2227 3497 fratrem
2256 3442 2506 3507 armavit,
2527 3449 2757 3497 mortem
2779 3455 2899 3509 qua:
2924 3438 3233 3508 septuplum
3262 3438 3457 3506 punita

1883 3542 1990 3596 est,
2017 3532 2254 3601 induxit.
2282 3531 2489 3586 Invidia
2522 3530 2725 3601 Josepli
2759 3532 2811 3584 in
2848 3530 3166 3584 servitutem
3194 3527 3453 3593 detrusit,

1884 3596 2129 3687 invidia',
2163 3624 2318 3688 dico,
2365 3623 2616 3677 mortifer
2651 3622 2928 3681 stimulus,
2978 3635 3170 3674 mucro
3205 3618 3459 3674 recondi-

1884 3727 1993 3779 tus,
2034 3726 2241 3770 natura:
2278 3717 2537 3781 morbus,
2567 3714 2691 3769 bilis
2727 3728 3032 3772 venenosa,
3064 3711 3215 3767 tabes
3263 3718 3460 3781 sponte

1884 3810 2149 3871 adhibita,
2189 3809 2354 3861 telum
2412 3821 2678 3871 amarum,
2730 3806 2899 3875 figens
2952 3804 3186 3857 animam
3233 3802 3455 3867 clavus,

1883 3900 2101 3955 flamma
2128 3899 2333 3961 cordis,
2366 3899 2749 3952 intestinorum
2780 3897 2943 3967 ignis,
2972 3896 3112 3949 lianc
3143 3894 3237 3963 qui
3266 3893 3456 3957 habet,

1885 4007 1992 4045 non
2019 3992 2136 4047 Sitis
2162 3991 2339 4053 malis,
2368 3990 2462 4044 sed
2492 3989 2685 4043 alienis
2713 3989 2868 4042 bonis
2897 3986 3088 4040 infelix
3110 3992 3214 4051 est,
3245 3992 3299 4039 et
3323 3998 3459 4037 con-

1886 4092 1967 4136 tra
1998 4098 2104 4135 non
2134 4098 2237 4137 suo
2270 4082 2436 4143 bono,
2473 4078 2569 4134 sed
2598 4079 2758 4132 malis
2792 4076 3028 4147 proximi
3062 4075 3191 4129 felix
3219 4083 3303 4128 est
3332 4092 3346 4128 :
3381 4073 3459 4126 in-

1884 4176 2043 4230 vidus
2084 4174 2229 4229 enim
2270 4173 2529 4228 felicitate
2575 4171 2806 4225 aliorum
2839 4169 3022 4231 dolet,
3055 4166 3459 4222 calamitatibus

1885 4267 2107 4339 gaudet.
2143 4265 2401 4320 Vultures
2442 4266 2587 4318 enim
2615 4264 2709 4334 qui
2740 4261 3098 4316 cadaveribus
3132 4268 3455 4330 pascuntur,

1887 4368 2165 4429 unguento
2202 4358 2385 4413 necari
2421 4357 2575 4411 aiunt
2608 4376 2620 4410 :
2659 4354 2873 4410 videtur
2899 4355 3044 4408 enim
3077 4354 3320 4425 ipsorum
3356 4367 3457 4406 na-

1887 4463 2008 4506 tura
2033 4451 2098 4505 ad
2124 4451 2398 4521 putridum
2424 4465 2488 4503 ac
2511 4449 2863 4519 purulentum
2884 4463 3005 4503 esse
3022 4444 3217 4502 affinis:
3239 4444 3458 4515 quando

1885 4559 2015 4598 vero
2048 4543 2174 4596 huic
2206 4542 2397 4595 morbo
2437 4538 2720 4608 subjectus
2764 4545 2850 4593 est
2890 4536 3111 4606 aliquis,
3157 4535 3460 4589 amicorum

1886 4633 2189 4687 commodis
2218 4632 2376 4701 quasi
2414 4637 2693 4699 unguento
2717 4627 2981 4682 tabescit:
3010 4634 3063 4680 et
3086 4625 3130 4680 si
3162 4624 3291 4695 quid
3314 4625 3460 4677 calar-

1887 4731 2143 4782 mitosum
2178 4726 2437 4779 incidisse
2465 4724 2713 4793 proximo
2738 4719 3090 4782 intellexerit,
3118 4719 3265 4772 illico
3293 4716 3461 4770 advo-

179 4827 527 4899 Φθείρεσθαι
573 4828 699 4890 τοὺς
744 4825 1098 4895 νεκροϐόρους
1140 4822 1322 4892 γύπας
1368 4820 1447 4890 τῷ
1493 4820 1650 4889 μύρῳ
1695 4818 1778 4871 λέ-

1892 4823 1984 4880 lat,
2022 4826 2203 4874 rostro
2236 4817 2446 4871 invadit
2490 4813 2784 4874 adunco,si
2828 4827 2935 4881 qua
2967 4811 3171 4874 latent,
3204 4808 3463 4864 distrahit

180 4936 361 4989 γουσι
388 4935 402 4948 ’
453 4918 589 4987 πρὸς
625 4916 733 4987 7&9
760 4916 822 4968 τὸ
853 4914 1081 4977 δυσῶδες
1106 4913 1199 4983 καὶ
1226 4912 1506 4983 διεφθορὸς
1537 4910 1716 4964 αὐτῶν
1746 4912 1779 4981 ἡ

182 5013 369 5084 φύσις
403 5009 676 5080 ῷκείωται
695 5025 711 5040 ο
748 5008 841 5061 καὶ
870 5010 898 5061 ὁ
928 5009 994 5077 τῇ
1026 4990 1164 5076 νόσῷ
1191 5002 1363 5076 ταύτῃ
1395 5001 1782 5074 κρατούμενος,

181 5108 266 5177 τῇ
319 5104 421 5174 μὲν
468 5100 739 5173 εὐημερίᾳ
788 5099 897 5153 τῶν
959 5097 1165 5167 φίλων,
1229 5096 1342 5149 οἷόν
1401 5113 1547 5159 τινος
1613 5096 1784 5165 μύρου

181 5197 485 5271 προσϐολῇ
518 5193 956 5265 καταφθείρεται.
1003 5193 1065 5244 El
1105 5190 1162 5244 δέ
1196 5208 1249 5243 τι
1282 5190 1451 5253 πάθος
1483 5192 1546 5241 ἑκ
1579 5204 1787 5259 συμφο-

189 5293 309 5361 ρᾶς
343 5289 466 5352 ἴδοι,
513 5287 651 5357 πρὸς
697 5284 852 5339 τοῦτο
897 5282 1259 5346 καθίπταται,
1305 5282 1398 5334 καὶ
1446 5279 1505 5333 τὸ
1551 5279 1786 5347 ἀγκύλον

184 5366 406 5449 ἐπάγει
448 5380 652 5450 στόμα,
700 5378 767 5431 τὰ
799 5376 1153 5447 κεκρυμμένα
1194 5374 1425 5440 ἐξέλκων
1455 5371 1549 5426 τοῦ
1592 5374 1785 5426 δυστυ-

183 5472 477 5549 χήματοέο
517 5471 751 5534 Πολλοὺς
789 5472 818 5523 ὁ
851 5469 1042 5538 φθόνος
1068 5468 1177 5521 τῶν
1208 5467 1314 5538 πρὸ
1343 5466 1619 5529 Μωῡσέως
1653 5482 1783 5518 κατ-

182 5566 538 5637 ηγωνίσατο.
589 5562 679 5633 Τῷ
705 5562 762 5616 δὲ
803 5561 1020 5634 μεγάλῳ
1045 5560 1218 5630 τούτῳ
1246 5558 1645 5631 προσενεχθεὶς,
1673 5552 1785 5611 οἷόν

180 5642 317 5714 τινι
372 5660 619 5728 πλάσμα·
646 5656 870 5727 πήλινον
920 5654 1095 5725 πέτρα
1139 5651 1516 5724 προσαραχθὲν
1542 5691 1558 5715 ,
1606 5650 1784 5721 ἑαυτῷ

183 5751 607 5823 περιτρίϐεται.
656 5743 746 5802 Ἐν
776 5747 949 5818 τούτῳ
990 5747 1099 5817 7&9
1133 5746 1367 5816 μάλιστα
1395 5742 1660 5813 διεδείχθη
1688 5744 1787 5812 τῆς
1820 5764 1830 5775 ·

188 5844 356 5936 μετὰ
388 5844 483 5897 τοῦ
510 5842 645 5897 Θεοῦ
678 5842 900 5914 πορείας
930 5841 988 5893 τὸ
1026 5835 1231 5911 κέρδος,
1266 5838 1331 5909 ῆν
1358 5839 1591 5890 ἐποιεῖτο
1622 5831 1783 5885 Μωῦ-

1892 4921 2056 4981 atque
2101 4910 2368 4979 dissipat,
2404 4915 2458 4962 et
2509 4907 2563 4959 in
2604 4906 2841 4959 medium
2883 4902 3141 4972 pr0ponit
3180 4900 3455 4954 omnibus.

1892 5004 2090 5057 Multos
2124 5000 2341 5056 invidiae
2385 4998 2609 5052 morbus
2656 5005 2781 5050 ante
2815 4995 2982 5066 Moysi
3025 5003 3273 5064 tempora
3314 4993 3460 5061 deje-

1890 5096 1982 5150 cit.
2019 5094 2240 5164 Moysen
2270 5106 2399 5145 vero
2428 5104 2718 5160 aggressus
2740 5128 2754 5151 ,
2786 5096 3045 5157 tanquam
3091 5101 3186 5141 vas
3218 5084 3365 5155 ﬁguli
3405 5084 3459 5136 in

1889 5187 2121 5257 lapidem
2147 5185 2393 5238 collisum
2424 5182 2660 5237 dirutus.
2691 5196 2755 5234 ac
2784 5182 2837 5233 in
2864 5180 2948 5232 via
2974 5177 3247 5232 contritus
3269 5184 3372 5238 est,
3402 5174 3458 5226 in

1891 5294 2001 5349 quo
2032 5279 2285 5340 maxime,
2308 5284 2573 5346 quantum
2599 5274 2815 5329 sitcum
2851 5270 2959 5325 Deo
2979 5271 3281 5332 ambulare,
3313 5262 3459 5334 quod

1892 5373 2103 5444 Moyses
2134 5370 2383 5433 faciebat,
2412 5368 2573 5421 facile
2606 5365 2937 5435 prospicitur
2966 5380 2978 5414 :
3011 5360 3285 5430 quomodo
3312 5359 3458 5414 enim

1890 5464 2092 5518 invidia
2132 5462 2203 5515 illi
2237 5461 2432 5515 obesse
2474 5459 2773 5529 potuisset,
2805 5456 2897 5525 qui
2937 5455 3121 5508 divino
3156 5450 3340 5505 studio
3372 5458 3459 5502 at-

1882 5569 1996 5636 ‘que
2027 5555 2146 5608 loco
2175 5550 2469 5606 cucurrit?
2496 5549 2587 5618 qui
2623 5549 2676 5601 in
2709 5546 2883 5615 lapide
2924 5545 3096 5609 stetit,
3123 5552 3175 5596 et
3200 5543 3254 5595 iu
3290 5555 3458 5611 capa-

1890 5634 2111 5702 Citatcm
2156 5645 2330 5708 ipsius
2386 5643 2563 5697 fuerat
2606 5638 2927 5693 immissus?
2970 5637 3063 5706 qui
3114 5634 3281 5690 Deum
3336 5639 3461 5705 post

1891 5750 2041 5809 terga
2071 5736 2432 5806 sequebatur?
2460 5732 2553 5802 qui
2586 5746 2693 5785 non
2722 5729 2972 5783 ducentis
3003 5726 3195 5782 faciem
3237 5726 3462 5794 aspicien-

1899 5828 2012 5895 bat,
2068 5831 2158 5885 sed
2215 5837 2425 5900 tergum
2482 5824 2745 5882 obediens
2799 5818 3165 5892 respiciebat?
3230 5810 3464 5891 δεευωβ
