3982 6482
571 350 665 403 HI

1788 351 1845 408 S.
1888 352 2219 411 GREGOBII
2258 353 2550 412 NYSSENI

3708 352 3806 413 itii

573 465 738 520 Deum
769 471 875 528 est,
905 461 1116 533 idcirco
1147 462 1357 526 beatus,
1388 461 1592 518 idcirco
1622 463 1782 519 altior
1806 466 1946 531 fuit,
1978 483 2135 538 quam

2248 473 2365 540 σῆς.
2397 472 2426 522 6
2454 472 2512 523 ἐν
2536 468 2614 539 τῷ
2640 466 2767 536 θείῳ
2798 467 2947 535 τόπῳ
2967 465 3210 538 δραμὼν,
3242 468 3335 521 καὶ
3363 468 3455 521 ἐπὶ
3482 469 3583 540 τῆς
3614 471 3807 543 πέτρας

571 568 633 613 ιιι
662 559 731 612 ad
765 557 942 626 ipsum
984 555 1180 624 sagitta
1211 554 1430 610 invidia:
1474 564 1658 626 posset
1692 560 2000 627 pervenire.
2034 559 2135 614 Sed

2248 560 2437 623 ἑστὼς,
2475 560 2569 613 καὶ
2608 557 2688 629 τῷ
2726 560 3012 629 χωρήματι
3040 558 3245 629 ταύτης
3285 561 3686 631 περιεχόμενος,
3718 567 3808 619 καὶ

571 648 750 702 Aaron
805 644 1026 715 quidem
1068 653 1234 715 atque
1274 645 1444 701 Maria
1489 648 1706 702 invidia:
1743 651 1935 705 morbo
1982 666 2135 721 supe-

2247 653 2312 723 τῇ
2346 651 2489 720 χειρὶ
2531 648 2624 703 τοῦ
2656 647 2793 701 Θεοῦ
2842 647 3275 719 σκεπαζόμενος,
3326 650 3421 703 καὶ
3467 652 3693 706 κατόπιν
3737 656 3808 722 τῷ

573 740 672 792 rati
696 740 764 802 ⁷⁸,
804 738 969 792 veluti
1016 753 1177 791 arcus
1221 738 1439 793 invidia:
1486 739 1709 808 quidam
1754 741 1912 804 liunt,
1948 749 2003 795 et
2045 757 2135 812 pro

2246 741 2535 812 ἡγουμένῳ
2562 740 2856 813 ἑπόμενος·
2885 740 2915 791 6
2946 739 3022 811 μὴ
3049 740 3405 804 ἀντιϐλέπων,
3434 742 3571 796 ἀλλά
3601 744 3667 797 τὰ
3692 746 3791 799 όπίν

568 831 794 901 spiculis
817 829 1078 884 adversus
1100 829 1249 883 illum
1272 831 1436 885 verba
1456 831 1789 899 jaculantur.

2252 832 2375 886 σθια
2405 831 2635 902 βλέπων.
2660 829 2779 897 ,Τὸν
2805 826 2898 885 οῦν
2926 830 3016 901 ἐφ’
3046 830 3235 887 ἑαυτὸν
3266 832 3553 902 γενόμενον
3584 852 3807 907 μακαρι-

573 924 712 987 στὸν,
746 922 807 975 τὸ
839 923 1066 977 ἔπεσθαι
1109 924 1188 995 τῷ
1232 922 1351 995 Θεῷ
1383 923 1730 980 ἀποδείκνυσι
1754 966 1769 990 ,
1823 927 1919 980 καὶ
1949 927 2010 981 τὸ
2038 928 2269 999 φανῆναι
2298 926 2459 981 αὑτὸν
2510 926 2609 997 τῆς
2634 924 2731 979 τοῦ
2780 924 2932 991 τόξου
2990 924 3150 997 βολῆς
3208 925 3556 995 ὑψηλότερον.
3602 929 3805 998 Πέμπει

571 1014 677 1083 γὰρ
708 1015 801 1068 καὶ
830 1016 949 1067 κατ’
979 1015 1188 1069 ἐκείνου
1217 1016 1278 1070 τὸ
1311 1016 1462 1087 βέλος
1491 1019 1521 1069 6
1578 1017 1804 1087 φθόνος*
1868 1018 1982 1074 ἀλλ’
2037 1019 2099 1072 ού
2161 1019 2499 1073 καθικνεῖται
2548 1018 2584 1088 ἠ
2643 1016 2772 1089 βολὴ
2820 1016 2919 1071 τοῦ
2976 1016 3182 1086 ῦψους,
3232 1008 3382 1085 ἐνίῷ
3433 1012 3501 1087 ἦν
3550 1019 3806 1098 Μωῦσῆς.

584 1107 839 1178 Ἠτόνησε
872 1108 979 1181 γὰρ
1006 1112 1039 1180 ἡ
1071 1109 1234 1180 νευρά
1259 1112 1358 1179 τῆς
1388 1111 1652 1182 πονηρίας
1696 1111 1950 1165 τοσοῦτον
2002 1111 2360 1178 ἀποτοξεῦσαι
2399 1110 2460 1165 τὺ
2504 1110 2708 1175 πάθος,
2755 1109 2838 1175 ὡς
2888 1109 2997 1165 ἀπὸ
3043 1108 3151 1163 τῶν
3204 1109 3679 1179 προνενοσηκότων
3739 1114 3811 1176 εἰς

568 1199 732 1252 αὑτὸν
763 1198 1035 1271 διαϐῆναι.
1082 1200 1219 1253 Ἀλλ’
1248 1202 1276 1253 6
1305 1201 1404 1271 μὲν
1434 1200 1641 1273 ’Δαρὼν
1667 1203 1763 1258 καὶ
1786 1206 1820 1275 ὴ
1852 1204 2043 1275 Μαρία
2072 1204 2152 1275 τῷ
2182 1204 2345 1259 πάθει
2376 1204 2476 1273 τῆς
2520 1201 2819 1273 βασκανίας
2862 1199 3218 1273 ἐτρώθησαν,
3268 1200 3364 1254 καὶ
3420 1195 3530 1254 οἶόν
3576 1217 3628 1254 τι
3660 1200 3810 1267 τόξον

565 1288 660 1342 τοῦ
699 1289 891 1359 φθόνου
923 1290 1180 1359 γίνονται,
1212 1291 1334 1345 ἀντὶ
1362 1291 1550 1363 βέλους
1587 1294 1678 1348 τὸν
1718 1297 1839 1348 κατ’
1864 1294 2029 1349 αὑτοῦ
2059 1295 2217 1365 λόγον
2245 1293 2729 1359 ἀποτοξεύσαντες.
3528 1298 3581 1311 “'

637 1385 708 1438 At
735 1384 950 1455 Moyses
981 1393 1193 1441 tantum
1224 1387 1414 1443 aberat
1445 1389 1514 1443 ab
1558 1388 1874 1460 bujusmodi
1920 1390 2139 1462 agritu‘

567 1478 715 1542 dine,
747 1487 807 1533 ut
835 1495 961 1534 cum
989 1495 1166 1550 neque
1204 1490 1401 1551 captus
1431 1497 1611 1553 neque
1647 1483 1810 1541 laesus
1836 1482 1907 1538 ab
1931 1498 1996 1538 ea
2033 1484 2134 1550 sit,

567 1586 678 1625 non
735 1571 911 1626 solum
961 1571 1166 1626 nullam
1217 1571 1336 1643 ipse
1372 1572 1439 1629 de
1483 1574 1859 1633 invidentibus
1916 1587 2135 1645 pinnam

2326 1385 2388 1443 '0
2415 1388 2473 1442 δὲ
2506 1385 2759 1441 τοσοῦτον
2784 1384 3023 1455 ἀπέσχεν
3053 1385 3113 1440 ἐν
3143 1384 3397 1456 κοινωνίᾳ
3438 1383 3695 1454 γενέσθαι
3718 1384 3809 1438 τοῦ

2242 1480 2674 1552 ἀρῤωστήματος
2692 1516 2710 1544 ,
2753 1478 2836 1533 δτι
2865 1478 2960 1532 καὶ
2983 1476 3282 1548 θεραπεύει
3311 1476 3420 1530 τῶν
3451 1476 3812 1546 νενοσηκότων

2242 1571 2304 1624 τὸ
2332 1570 2522 1635 πάθος,
2561 1570 2623 1624 ού
2653 1570 2813 1641 μόνον
2837 1568 2999 1631 αὐτὸς
3042 1568 3182 1639 πρὸς
3211 1567 3312 1638 τὴν
3338 1566 3548 1637 ἄμυναν
3579 1566 3692 1619 τῶν
3730 1566 3810 1620 λεο

569 1663 806 1734 sumpsit
829 1702 846 1727 ,
881 1678 1070 1721 verum
1106 1664 1270 1718 etiam
1306 1664 1476 1721 Deum
1525 1666 1783 1737 precibus
1811 1665 2135 1737 placabilem

2241 1661 2563 1732 λυπηκότων
2610 1660 2789 1731 μένων
2834 1657 3091 1728 ἀκίνητος
3114 1696 3132 1723 ,
3176 1657 3313 1712 ἀλλὰ
3362 1658 3457 1712 καὶ
3492 1656 3625 1710 Θεὸν
3678 1656 3813 1727 ύπέρ

569 1756 705 1826 ipsis
742 1754 1004 1810 reddidit.
1037 1754 1236 1810 Docuit
1266 1772 1399 1828 ergo
1443 1772 1545 1814 nos
1586 1773 1684 1828 per
1726 1773 1793 1814 ea
1819 1773 1943 1829 qua:
1974 1757 2137 1823 fecit,

569 1847 734 1909 nullis
762 1848 993 1902 telorum
1026 1847 1228 1904 ictibus
1256 1864 1381 1903 eum
1412 1850 1584 1920 tangi,
1614 1850 1706 1921 qui
1736 1850 1960 1907 virtutis
1980 1857 2138 1907 scuto

569 1940 812 2010 seipsum
852 1948 1084 1999 tutatur.
1128 1938 1397 1996 Retundit
1437 1943 1582 1997 enim
1614 1958 1682 1997 ac
1712 1943 1930 2000 hebetat
1972 1943 2139 2013 hujus

569 2033 713 2088 sculi
757 2031 913 2086 firma
944 2032 1200 2093 soliditas
1246 2033 1417 2090 aciem
1462 2035 1747 2106 cuspidis,
1794 2037 1906 2092 imo
1947 2034 2138 2107 procul

570 2132 743 2181 totum
776 2123 956 2192 reiicit
1001 2123 1190 2183 telum.
1224 2124 1319 2181 Est
1366 2132 1548 2181 autem
1580 2135 1708 2197 apta
1751 2126 1817 2182 ad
1864 2125 2137 2198 ejusmodi

570 2213 879 2283 repellenda
922 2213 1029 2270 tela
1051 2227 1334 2269 armatura
1363 2213 1509 2272 Dens
1536 2216 1677 2285 ipse,
1707 2233 1873 2287 quam
1914 2218 2137 2274 virtutis

568 2305 723 2359 miles
749 2303 985 2358 induit):
1018 2302 1230 2360 lnduite
1248 2320 1485 2374 namque
1520 2320 1675 2368 vos,»
1694 2306 1892 2376 inquit,
1921 2307 2138 2362 «Domi-

566 2411 698 2448 num
723 2394 909 2453 Jesum
940 2396 1010 2449 ".
1047 2416 1064 2447 r
1108 2395 1222 2450 [lac
1249 2395 1585 2468 infrangibili
1610 2407 1891 2454 armatura
1925 2398 2137 2471 Moyses

568 2496 846 2553 armatus,
884 2487 1106 2559 maligni
1145 2489 1417 2557 sagittarii
1466 2503 1660 2544 arcum
1707 2489 1840 2547 fecit
1889 2492 2133 2547 inanem.

565 2574 700 2630 Nam
729 2592 830 2633 nec
863 2578 1053 2635 dolore
1080 2580 1286 2649 aliquo,
1311 2588 1405 2635 aut
1432 2581 1844 2650 perturbatione
1871 2584 2137 2639 adversus

568 2666 859 2737 injuriatos
910 2679 1217 2727 commotus
1268 2678 1390 2739 est,
1448 2680 1808 2744 posteaquam
1862 2675 2134 2733 divinitus

564 2758 955 2816 condemnatos
1001 2761 1168 2828 vidit;
1199 2778 1325 2817 nam
1367 2778 1427 2819 se
1470 2763 1581 2820 illis
1621 2766 1981 2835 conjunctum
2024 2785 2135 2825 non

568 2852 858 2919 ignoravit.
895 2851 992 2907 sed
1026 2852 1134 2909 Deo
1167 2869 1268 2925 pro
1297 2853 1571 2912 fratribus
1597 2857 1952 2927 supplicavit,
1988 2859 2137 2929 quod

566 2953 677 2995 non
711 2941 935 2999 fecisset
965 2943 1072 2999 nisi
1100 2942 1267 3000 Deum
1292 2957 1645 3018 sequeretur,
1675 2948 1768 3019 qui
1804 2948 1909 3003 sibi
1934 2964 2135 3018 praece-

2235 1755 2414 1808 αύτῶν
2455 1752 2784 1825 ίλεούμενος,
2817 1750 3030 1815 δεικνὺς
3051 1791 3068 1818 ,
3101 1745 3253 1821 οἶμαι
3273 1790 3289 1816 ,
3329 1749 3402 1804 δι’
3429 1741 3506 1803 ὧν
3539 1748 3812 1818 ἐποίησεν,

2236 1845 2319 1899 ὅτι
2347 1844 2378 1898 6
2409 1843 2589 1908 καλῶς
2620 1843 2699 1915 τῷ
2724 1841 2902 1914 θυρεῷ
2924 1841 3023 1912 τῆς
3047 1842 3247 1912 ἀρετῆς
3280 1839 3813 1912 περιπεφραγμένος,

2235 1934 2357 1999 ταῖς
2381 1933 2535 1988 ἀκίσι
2557 1932 2666 1989 τῶν
2696 1932 2864 2004 βελῶν
2889 1933 2990 1987 ούκ
3014 1932 3341 2003 ἀμύσσεται.
3393 1928 3685 2000 ’Δμϐλύνει
3709 1928 3813 1998 γάρ

2235 2026 2336 2097 τὴν
2366 2026 2604 2097 αἰχμὴν,
2655 2025 2750 2081 καὶ
2792 2024 2874 2088 εἰς
2916 2023 2978 2078 τὸ
3022 2022 3257 2094 ἔμπαλιν
3286 2020 3618 2093 ἀποστρέφει
3654 2021 3692 2091 ἠ
3724 2018 3813 2073 τοῦ

2236 2118 2402 2173 ὅπλου
2449 2116 2763 2189 στεῤῥότης.
2815 2115 3017 2169 Ὀπλον
3069 2114 3113 2167 δ’
3164 2114 3232 2169 ἂν
3270 2114 3358 2184 ειη
3402 2112 3513 2166 τῶν
3556 2111 3814 2166 τοιούτων

2239 2210 2408 2282 βελῶν
2433 2208 2823 2279 φυλακτήριον,
2850 2206 3012 2271 αὐτὸς
3042 2206 3071 2258 6
3095 2205 3247 2272 Θεὸς,
3292 2205 3351 2258 δν
3377 2203 3618 2258 ἐνδύεται
3661 2206 3693 2257 ὁ
3721 2202 3815 2274 τῆς

2237 2302 2438 2375 ἀρετῆς
2463 2302 2706 2374 ὁπλίτης.
2737 2320 2756 2354 ι
2792 2299 3113 2356 Ἐνδύσασθε
3140 2318 3158 2352 ι
3192 2298 3325 2369 γὰρ,
3352 2296 3507 2368 φησι,
3536 2315 3555 2349 ι
3581 2296 3678 2349 τὸν
3709 2295 3815 2349 Κύ-

2241 2407 2354 2461 ριον
2394 2391 2621 2462 Ἰησοῦν.
2654 2410 2673 2443 ι
2725 2389 2894 2446 Τοῦτό
2922 2391 3070 2443 ἐστιν
3098 2391 3133 2461 ἡ
3156 2388 3405 2460 ἀρραγὴς
3427 2386 3754 2457 παντευχία,
3780 2379 3815 2459 ᾖ

2236 2497 2342 2535 τινι
2371 2481 2756 2553 πεφραγμένος
2786 2482 2815 2534 6
2857 2480 3118 2553 Μωῦσῆς,
3144 2482 3425 2552 ἄπρακτον
3454 2479 3546 2533 τὸν
3576 2478 3816 2549 πονηρὸν

2236 2571 2458 2644 τοξότην
2486 2573 2760 2644 ἐποίησεν.
2818 2572 2975 2628 Οὕτω
3019 2574 3127 2645 γάρ
3166 2573 3422 2626 ἐνέπεσεν
3464 2570 3614 2643 αύτῷ
3645 2574 3684 2643 ὴ
3709 2572 3814 2641 ἀμ-

2231 2663 2490 2735 ϐλυντικὴ
2520 2663 2663 2717 κατά
2685 2663 2794 2718 τῶν
2821 2664 3203 2734 λελυπηκότων
3230 2665 3374 2735 ὁρμή
3402 2679 3417 2693 ’
3465 2661 3589 2716 οὔτε
3642 2680 3816 2716 κατα-

2234 2756 2600 2810 δικασθέντων
2627 2754 2807 2810 αὐτῶν
2832 2756 2984 2826 παρά
3008 2756 3107 2826 τῆς
3139 2754 3437 2809 ἀδεκάστου
3465 2753 3730 2825 κρίσεως,
3758 2753 3818 2806 τὸ

2236 2848 2373 2920 πρὸς
2401 2846 2501 2918 τὴν
2529 2846 2688 2917 φύσιν
2708 2846 2941 2917 ἠγνόησε
2976 2845 3203 2910 δίκαιον,
3237 2843 3353 2898 ἀλλ’
3384 2844 3568 2916 ἱκέτης
3592 2845 3818 2914 ἐγένετο

2234 2940 2329 2994 τοῦ
2355 2940 2489 2994 Θεοῦ
2513 2939 2655 3010 ὑπὲρ
2679 2938 2789 2993 τῶν
2817 2937 3079 3008 ἀδελφῶν.
3114 2939 3289 3009 Ὅπερ
3318 2937 3418 2991 οὐκ
3443 2936 3509 2990 ἂν
3533 2938 3814 3008 ἐποίησεν,

564 3032 701 3088 dens
752 3041 925 3088 tutam
966 3036 1217 3104 sequenti
1262 3037 1404 3092 viam
1444 3038 1878 3096 demonstrabat.
1932 3040 2131 3097 Verum

2241 3036 2291 3088 εί
2321 3035 2397 3107 μὴ
2442 3034 2671 3088 κατόπιν
2712 3031 2805 3086 τοῦ
2857 3030 2993 3086 Θεοῦ
3040 3027 3133 3103 ἦν,
3166 3032 3261 3085 τοῦ
3294 3031 3364 3085 τὰ
3405 3030 3641 3084 ὄπισθεν
3668 3032 3818 3103 αύτῷ

484 3126 493 3135 ’
568 3125 820 3183 humanae
866 3136 1076 3182 natura:
1109 3128 1285 3185 hostis
1318 3145 1349 3186 a
1381 3131 1567 3202 Moyse
1609 3134 1863 3202 repulsus
1886 3173 1901 3199 ,
1936 3149 2134 3190 manus

562 3213 631 3269 ad
662 3214 964 3272 imbecilles
984 3219 1288 3283 transtulit,
1314 3218 1518 3277 bellum
1544 3230 1599 3275 et
1620 3222 1976 3278 voracitatem
2000 3238 2136 3278 ven-

561 3306 665 3361 tris
689 3308 847 3377 quasi
871 3309 1038 3362 telum
1064 3310 1341 3380 quoddam
1373 3311 1607 3369 immisit
1634 3314 1858 3383 populo,
1893 3330 2135 3385 eumque

568 3396 948 3468 Aigyptiarum
980 3400 1266 3469 epularum
1292 3402 1552 3458 aviditate
1575 3404 1844 3469 incendit,
1868 3415 2031 3477 atque
2059 3407 2129 3461 ad

564 3489 938 3557 praferendas
967 3490 1091 3546 cibo
1115 3490 1193 3544 illi
1222 3492 1434 3549 caelesti
1465 3493 1686 3565 Egypti
1709 3510 1907 3553 carnes
1936 3498 2135 3553 incita-

565 3580 664 3634 vit.
718 3578 889 3650 Moysi
930 3588 1110 3635 autem
1154 3597 1323 3653 supra
1364 3598 1581 3640 omnem
1622 3587 1995 3644 turbationem
2019 3589 2132 3660 jam

565 3673 868 3728 constituto
916 3687 1126 3742 magnae
1163 3672 1344 3729 fuerat
1392 3691 1542 3731 cura:
1593 3678 1778 3733 futura
1810 3680 2133 3749 hmreditas,

565 3781 688 3834 qua:
722 3765 1055 3834 repromissa
1087 3775 1173 3821 est
1217 3764 1514 3839 Egyptum
1554 3768 1917 3841 fugientibus,
1969 3788 2033 3829 ac
2069 3776 2135 3829 ad

561 3874 684 3911 eam
710 3856 1190 3927 proficiscentibus
1223 3868 1445 3923 terram,
1475 3861 1619 3916 unde
1651 3862 1735 3917 lac
1764 3872 1819 3918 et
1847 3864 1953 3919 mel
1985 3879 2138 3920 com-

568 3953 727 4006 mista
755 3951 919 4006 simul
947 3954 1278 4008 scaturiunt.
1307 3950 1420 4007 Hac
1457 3952 1527 4009 de
1559 3968 1725 4010 causa
1761 3957 2137 4026 exploratores

568 4044 765 4101 missos
799 4042 869 4098 de
908 4042 1069 4098 bonis
1104 4043 1257 4098 illius
1297 4044 1541 4115 regionis
1580 4046 1885 4119 interrogat
1911 4066 1925 4102 :
1951 4048 2007 4104 hi
2038 4064 2137 4105 au—

563 4142 672 4187 tem
708 4140 836 4187 sunt
864 4133 957 4187 alii
989 4133 1153 4200 boni,
1190 4135 1281 4188 alii
1326 4135 1455 4189 mali
1490 4151 1505 4188 :
1546 4144 1600 4191 et
1630 4136 1763 4193 boni
1793 4139 2045 4209 quidem,
2077 4151 2139 4196 ut

563 4242 664 4296 ego
702 4226 901 4289 sentio,
933 4236 1063 4281 sunt
1101 4235 1263 4282 recta:
1300 4228 1668 4298 cogitationes
1698 4230 1769 4286 de
1802 4232 2138 4302 repromissa

567 4318 726 4373 nobis
778 4317 1140 4382 beatitudine,
1184 4318 1389 4374 Christi
1434 4319 1540 4375 fide
1569 4321 1962 4381 corroborata.
2007 4323 2133 4379 Mali

2235 3126 2373 3197 πρὸς
2414 3126 2514 3198 τὴν
2540 3125 2758 3195 ἀσφαλῆ
2798 3127 2897 3195 τῆς
2930 3124 3133 3195 ἀρετῆς
3165 3123 3383 3193 όδηγίαν
3409 3121 3815 3194 προδείξαντος.

2235 3216 2347 3269 Καὶ
2388 3214 2457 3269 τὰ
2499 3214 2634 3270 ἄλλα
2679 3213 2735 3268 δὲ
2781 3212 2981 3284 ἐφεξῆς
3020 3212 3265 3268 τοιαῦτα.
3312 3214 3529 3285 Ἐπειδὴ
3559 3213 3675 3285 γὰρ
3719 3214 3818 3268 οὐκ

2234 3305 2360 3376 ἔσχε
2392 3307 2511 3360 κατ’
2538 3304 2704 3359 αὐτοῦ
2751 3303 2935 3377 χώραν
2973 3307 3052 3368 εἰς
3106 3306 3310 3377 βλάϐην
3347 3308 3375 3359 6
3402 3309 3469 3377 τῇ
3500 3306 3664 3375 φύσει
3711 3306 3818 3360 τῶν

2235 3395 2537 3467 ἀνθρώπων
2562 3394 2847 3467 πολέμιος,
2882 3394 3074 3467 τρέπει
3094 3396 3234 3449 κατὰ
3260 3395 3367 3452 τῶν
3396 3396 3818 3468 εύαλωτοτέρων

2235 3488 2325 3541 τὸν
2357 3487 2607 3559 πόλεμον.
2640 3489 2751 3546 Καὶ
2790 3486 3039 3560 καθάπερ
3075 3505 3127 3541 τι
3170 3488 3323 3558 βέλος
3357 3490 3417 3542 τὸ
3444 3490 3543 3560 τῆς
3579 3507 3817 3562 γαστρι-

2239 3580 2473 3653 μαργίας
2501 3580 2673 3645 πάθος
2700 3581 2932 3651 ἐπαφεὶς
2969 3579 3048 3653 τῷ
3076 3579 3211 3651 λαῷ,
3257 3584 3641 3651 Δίγυπτιάζειν
3674 3584 3819 3638 κατά

2235 3674 2335 3746 τὴν
2379 3672 2559 3746 ὄρεξιν
2603 3672 2800 3748 αὐτούς
2841 3671 3252 3743 παρεσκεύασε,
3304 3675 3659 3746 προτιθέντας
3714 3678 3820 3748 τῆς

2235 3744 2493 3839 οὐρανίας
2534 3744 2753 3836 ἐκείνης
2794 3765 2999 3837 τροφῆς
3040 3765 3138 3838 τὴν
3171 3767 3304 3838 παρ’
3327 3744 3643 3835 Αἰγυπτίοις
3682 3744 3818 3842 σαρ-

2237 3859 2507 3932 κοϐορίαν.
2552 3856 2609 3911 Ὁ
2630 3857 2687 3911 δὲ
2719 3856 2919 3928 ὑψηλὸς
2942 3860 3039 3929 τὴν
3063 3859 3261 3930 ψυχὴν,
3291 3858 3405 3913 ἄνω
3441 3859 3532 3913 τοῦ
3567 3862 3818 3915 τοιούτου

2237 3952 2444 4016 πάθους
2471 3950 2934 4021 ὑπερπετόμενος,
2968 3951 3088 4015 ὅλος
3118 3948 3186 4021 ἦν
3216 3952 3318 4023 τῆς
3349 3952 3649 4023 μελλούσης
3682 3954 3818 4024 κλη-

2239 4038 2490 4111 ρονομίας
2518 4039 2616 4109 τῆς
2648 4037 3065 4111 ἐπηγγελμένης
3095 4041 3247 4111 παρά
3277 4040 3373 4094 τοῦ
3406 4040 3540 4094 Θεοῦ
3566 4044 3683 4107 “tot;
3719 4061 3818 4113 με-

2238 4131 2579 4204 θισταμένοις
2603 4132 2668 4185 ἐκ
2694 4131 2794 4201 τῆς
2828 4131 3110 4201 νοηθείσης
3136 4132 3432 4200 Αἰγύπτου,
3468 4133 3560 4185 καὶ⁵
3583 4133 3681 4186 ἐπὶ
3717 4135 3818 4205 τὴν

2236 4225 2340 4296 γῆν
2368 4224 2581 4294 ἐκείνην
2612 4222 3003 4296 ὁδοιποροῦσιν,
3051 4225 3111 4277 ἐν
3228 4223 3380 4295 βρύει
3407 4223 3469 4275 τὸ
3496 4223 3637 4291 γάλα
3688 4242 3816 4277 συν..

2236 4316 2681 4389 αναμεμιγμένον
2720 4315 2798 4387 τῷ
2846 4315 3039 4386 μέλιτι.
3092 4314 3292 4369 Τούτου
3339 4315 3495 4387 χάριν
3538 4318 3818 4370 κατασκό-

568 4423 719 4471 vero,
760 4398 1051 4462 incredulae
1100 4410 1522 4467 resurrectionis
1571 4420 1735 4481 atque
1775 4414 2131 4472 beatitudinis

2239 4427 2374 4474 πους
2394 4408 2544 4473 τινὰς
2561 4408 2910 4472 διδασκάλους
2934 4408 3167 4463 ἐποιεῖτο
3190 4407 3299 4460 τῶν
3322 4409 3379 4461 ἐν
3401 4408 3581 4478 ἐκείνῃ
3604 4409 3817 4463 καλῶν.

570 4509 811 4564 mentes,
843 4514 966 4570 quae
1007 4500 1168 4556 fidem
1196 4501 1265 4556 de
1296 4503 1646 4571 repromissis
1680 4505 1926 4562 humano
1951 4509 2138 4579 generi

569 4592 727 4647 bonis
768 4592 1063 4648 retundere
1092 4608 1157 4648 ac
1192 4593 1473 4649 inﬁrmare
1503 4604 1773 4651 conantur
1800 4615 1817 4653 :
1846 4614 1986 4668 quos
2021 4615 2140 4656 om-

568 4699 667 4738 nes
702 4681 918 4756 Moyses
945 4684 1281 4753 reprobavit,
1308 4684 1499 4755 eisque
1529 4686 1708 4742 solum
1750 4689 2008 4756 credidit,
2044 4691 2139 4762 qui

569 4774 798 4830 meliora
853 4774 922 4830 de
964 4776 1189 4846 regione
1234 4776 1325 4831 illa
1374 4777 1705 4834 referebant.
1749 4777 1912 4836 Jesus
1954 4790 2137 4839 autem

568 4864 759 4917 borum
807 4864 1050 4918 omnium
1098 4867 1355 4936 princeps
1395 4875 1551 4934 erat,
1602 4867 1671 4922 ad
1706 4882 1870 4938 quem
1920 4869 2136 4941 Moyses

570 4955 875 5025 respiciens
911 4954 1124 5011 firmam
1152 4956 1390 5012 habebat
1429 4974 1583 5030 spem
1610 4958 1680 5015 de
1721 4958 1947 5026 futuris,
1982 4978 2137 5019 race-

568 5047 672 5101 mis
709 5046 1069 5103 conlirmatus
1107 5063 1120 5099 :
1167 5049 1446 5119 specimen
1485 5061 1665 5107 autem
1698 5052 2015 5109 deliciarum
2047 5070 2135 5111 re-

566 5136 746 5209 gionis
782 5138 928 5194 illius
965 5154 1241 5194 racemqu
1272 5141 1552 5206 ostendit,
1583 5158 1743 5212 quem
1785 5144 1840 5198 in
1890 5146 2136 5202 vectibus

566 5230 845 5286 attulerat.
878 5229 1066 5286 Jesum
1090 5248 1222 5287 vero
1247 5234 1478 5288 audiens
1508 5235 1655 5290 illius
1686 5244 1849 5291 terra:
1873 5238 2135 5293 indicium

570 5324 866 5378 facientem
892 5364 908 5389 ,
947 5333 1002 5379 et
1036 5339 1317 5380 racemum
1348 5341 1414 5379 ex
1458 5326 1607 5396 ligno
1635 5327 1994 5396 pendentem,
2029 5348 2136 5387 non

567 5414 849 5469 dubitabis
873 5414 1010 5481 quin
1046 5414 1121 5469 sit
1158 5414 1293 5469 illud
1314 5415 1379 5469 ad
1411 5417 1557 5485 quod
1586 5416 1680 5473 ille
1715 5433 1934 5488 quoque
1960 5421 2137 5491 respi-

566 5509 719 5561 ciens
750 5506 1093 5561 indubitabili
1123 5521 1221 5576 spe
1242 5507 1651 5564 consolabatur.
1691 5509 1961 5566 Racemus
1988 5514 2132 5567 enim

567 5614 631 5651 ex
664 5599 811 5669 ligno
842 5598 1159 5670 dependens
1190 5601 1317 5670 quis
1348 5601 1489 5655 alius
1519 5601 1623 5657 erit
1644 5642 1659 5669 ,
1684 5618 1847 5673 quam
1880 5606 1925 5661 is
1951 5607 2040 5676 qui
2076 5607 2130 5661 in

640 5776 861 5834 "Num.
892 5794 989 5848 ιιι,
1028 5780 1052 5835 1
1087 5796 1241 5853 seqq.
1306 5781 1349 5816 ⁷⁷
1383 5783 1540 5840 Rom.
1569 5801 1687 5851 run,
1724 5785 1803 5840 ῑιί.

2236 4494 2395 4556 Οὗτοι
2424 4502 2468 4556 δ’
2494 4501 2561 4556 ἂν
2602 4496 2735 4567 εἷεν,
2781 4500 2924 4555 κατά
2962 4517 3027 4569 γε
3052 4499 3150 4570 τὴν
3191 4499 3326 4571 ἐμὴν
3351 4499 3594 4570 γνώμην,
3627 4501 3683 4555 οί
3714 4501 3819 4571 μὲν

2233 4589 2333 4655 τὰς
2356 4589 2567 4659 ἀγαθάς
2599 4590 2817 4654 ἐλπίδας
2847 4589 3245 4663 προτείναντες,
3274 4591 3322 4642 οἱ
3347 4588 3434 4641 διὰ
3457 4589 3553 4661 τῆς
3574 4589 3822 4652 πίστεως

2236 4684 2575 4754 ἐγγινόμενοι
2612 4683 2881 4753 λογισμοὶ,
2921 4680 3267 4753 βεϐαιοῦντες
3295 4680 3404 4735 τῶν
3432 4682 3819 4752 ἀποκειμένων

2237 4773 2459 4844 ἀγαθῶν
2490 4774 2589 4846 τὴν
2620 4773 2808 4829 ἐλπίδα
2828 4791 2843 4805 '
2876 4776 2924 4828 οἱ
2960 4773 3019 4827 δὲ
3044 4774 3354 4844 ἀπόγνωσιν
3381 4773 3488 4827 τῶν
3516 4774 3822 4846 χρηστοτέ-

2245 4883 2353 4937 ρων
2370 4865 2649 4929 ποιοῦντες
2674 4865 2923 4930 ἐλπίδων,
2949 4861 3057 4918 είεν
3080 4864 3145 4919 ἂν
3172 4866 3221 4918 οἱ
3250 4866 3398 4937 παρά
3412 4865 3506 4919 τοῦ
3533 4865 3820 4920 Ἐναντίου

2240 4960 2508 5032 λογισμοὶ,
2552 4961 2601 5014 οἱ
2643 4958 2742 5030 τὴν
2783 4960 2963 5014 πίστιν
2993 4958 3102 5013 τῶν
3141 4958 3559 5029 ἐπηγγελμένων
3602 4957 3823 5027 ἀμϐλύ-

2242 5070 2445 5117 νοντες.
2473 5052 2612 5106 Ἀλλ’
2632 5052 2823 5106 οὐδένα
2854 5052 2962 5107 τῶν
2988 5051 3247 5105 ἐναντίων
3273 5050 3431 5118 λόγον
3460 5051 3816 5119 ποιούμενος,

2242 5145 2433 5198 πιστὸν
2454 5146 2663 5213 ἡγεῖται
2702 5142 2791 5196 τὸν
2814 5142 2884 5197 τὰ
2916 5142 3148 5215 κρείττω
3183 5141 3309 5213 περὶ
3333 5141 3429 5212 τῆς
3467 5139 3571 5209 γῆς
3599 5140 3820 5209 ἐκείνης

2240 5236 2725 5305 ἐπαγγελλόμενον.
2769 5233 2975 5305 Ἰησοῦς
3009 5234 3065 5287 δέ
3092 5230 3159 5304 ἦν
3188 5235 3216 5287 ὁ
3240 5234 3338 5303 τῆς
3371 5231 3679 5303 κρείττονος
3716 5249 3820 5284 κα-

2238 5329 2516 5397 τασκοπῆς
2541 5326 2967 5398 καθηγούμενος,
2994 5328 3022 5381 6
3048 5326 3114 5399 τῇ
3141 5327 3269 5396 παρ’
3292 5324 3486 5378 ἐαυτοῦ
3518 5322 3821 5394 βεϐαιώσει

2239 5421 2299 5473 τὸ
2330 5420 2516 5475 πιστὸν
2540 5422 2651 5482 τοῖς
2676 5420 3101 5490 ἐπηγγελμένοις
3133 5417 3405 5488 παρέχων.
3436 5417 3579 5487 Πρὸς
3608 5415 3665 5468 ὃν
3690 5414 3817 5483 me.

2242 5528 2357 5562 πων
2404 5510 2431 5561 ὁ
2474 5510 2745 5579 Μωῦσῆς,
2792 5508 3009 5577 βεϐαίας
3055 5504 3166 5577 εἶχε
3203 5506 3301 5570 τὰς
3347 5506 3486 5577 ὑπὲρ
3529 5504 3636 5557 τῶν
3682 5501 3817 5573 μελσ

2241 5597 2436 5654 λόντων
2464 5599 2701 5664 ἐλπίδας,
2727 5598 2922 5671 δεῖγμα
2964 5600 3063 5653 τίν-
3102 5600 3218 5651 ἐκεῖ
3240 5598 3447 5670 τρυφῆς
3491 5597 3580 5649 τὸν
3614 5594 3820 5667 βότρυν
