3982 6470
157 358 251 414 H3

1474 359 1564 419 DE
1601 364 1766 423 VITA
1807 366 2070 424 MOYSIS
2178 316 2181 321 ἱ

3301 365 3413 423 4ιᾶ-

78 548 83 559 ,
156 475 486 547 ποιούμενος,
532 474 623 530 τὸν
659 478 749 530 ἐπ’
788 476 1106 551 ἀναφορέων
1143 481 1271 553 παρ’
1308 478 1474 538 αὑτοῦ
1503 480 1760 556 κομιςόπ

1866 489 2151 545 ovissimis
2202 488 2400 545 diebus
2452 505 2516 544 ex
2573 490 2723 560 ligno
2787 463 3048 560 pependit
3106 500 3403 549 racemus.

158 586 329 639 μενον.
362 568 569 638 Ἰησοῦν
598 568 657 621 δὲ
688 569 906 633 πάντως
930 570 1145 626 ἀκούων
1174 573 1303 645 περὶ⁵
1326 577 1426 645 τῆς
1454 576 1558 648 γῆς
1586 579 1725 631 ὲκεί-

157 680 244 732 νης
296 660 588 732 μηνύοντα,
628 662 725 714 καὶ
770 660 968 736 βότρυν
1012 662 1187 730 ξύλων
1233 666 1722 740 ἀπαιωρούμενον⁴

155 756 286 819 νοεῖς
319 753 454 824 πρὸς
479 754 508 807 ὃ
536 770 588 806 τι
617 753 865 819 κάκεῖνος
894 752 1126 825 βλέπων,
1165 756 1413 830 ἀσφαλὴς
1443 762 1563 825 ταῖς
1584 756 1729 814 ἑλπί-

1828 582 1990 651 cujus
2054 581 2281 652 sanguis
2331 588 2497 653 potus
2557 583 2629 637 sit
2681 581 3034 637 credentibus
3097 577 3361 635 salutaris
3378 578 3409 640 2

1826 672 2013 746 Moyse
2040 673 2095 727 id
2124 673 2469 746 aauigmatice
2511 674 2673 730 nobis
2710 674 3080 744 praedicente:
3115 690 3135 725 ι
3170 669 3411 740 Sangui-

1831 780 1954 820 nem
1995 765 2163 833 enim,
2209 783 2229 819 ι
2273 764 2480 835 inquit,
2524 784 2545 818 ι
2582 782 2703 822 uva:
2730 766 2991 822 bibebant
3018 763 3233 818 vinum:
3264 776 3410 831 rqua

156 862 233 899 σιν
259 840 327 916 ἦν
350 861 366 876 ν
404 843 599 916 βότρυς
621 845 730 917 γὰρ
760 847 852 900 ἐπὶ
870 846 1023 912 ξύλου
1054 848 1423 921 κρεμάμενος,
1449 850 1535 915 τίς
1561 850 1727 919 ἄλλος

1866 873 1897 913 x
1924 873 1984 913 re
2007 858 2268 915 salutaris
2296 860 2501 915 Christi
2527 860 2713 930 passio
2749 856 3173 929 praenuntiatum
3206 852 3413 910 Verum

156 936 266 988 ἐστὶ
291 935 440 1006 παρὰ
465 936 555 991 τὸν
578 935 667 991 ἐπ’
687 937 931 1009 ἐσχάτων
955 939 1064 993 τῶν
1087 941 1309 1013 ¹ἡμερῶν
1336 942 1429 995 ἐπὶ
1448 940 1545 997 τοῦ
1570 941 1728 1011 ξύλου

1864 955 1944 1005 ter
1974 964 2171 1007 rursus
2210 966 2308 1022 per
2333 951 2551 1009 deserta
2583 951 2644 1005 tit
2666 989 2683 1015 ,
2714 958 2770 1005 et
2807 948 3023 1005 laborat
3055 946 3151 1002 siti
3176 944 3418 1017 populus

152 1028 530 1099 κρεμασθέντα
562 1029 783 1103 βότρυν,
809 1022 870 1083 οὗ
904 1030 965 1084 τὺ
995 1024 1137 1103 αἷμα
1172 1033 1337 1088 ποτὸν
1363 1035 1478 1101 τοῖς
1509 1034 1732 1091 πιστεύ-

1837 1041 1932 1112 qui
1959 1042 2408 1114 repromissionis
2433 1043 2576 1103 bona
2604 1040 2935 1112 desperavit.

153 1138 267 1173 ουσι
303 1120 513 1189 γίνεται
556 1121 855 1193 σωτήριον;
900 1122 1077 1177 Τοῦτο
1103 1122 1197 1177 τοῦ
1226 1124 1509 1188 Μωύσέως
1546 1125 1899 1196 προειπόντος
1946 1131 2077 1202 ημῖν
2140 1131 2208 1185 δι’
2247 1131 2589 1204 αἰνίγματος,
2648 1129 2730 1204 ὅτι
2759 1148 2778 1183 ι
2802 1123 2952 1199 Αἷμα
2981 1126 3256 1197 σταφυλῆς
3296 1123 3417 1177 ἔπι-

150 1231 234 1303 νον
280 1209 452 1267 οἶνον·
473 1230 492 1264 ι
524 1212 594 1267 δι’
638 1207 698 1268 οὗ
736 1213 799 1268 τὸ
851 1216 1116 1288 σωτήριον
1150 1215 1322 1283 πάθος
1351 1217 1781 1289 καταμηνύεται.
1832 1198 2003 1278 Πάλιν
2059 1222 2148 1279 διὰ
2193 1222 2293 1295 τῆς
2345 1198 2551 1295 ἐρήμου
2601 1198 2742 1285 ὁδδς,
2782 1198 2885 1273 καί
2919 1217 3313 1273 καταπονεῖται
3339 1213 3420 1288 τῷ

151 1304 288 1377 δίψει
309 1309 338 1360 ό
367 1306 477 1359 τῶν
503 1307 726 1377 ἀγαθῶν
754 1310 853 1381 τῆς
878 1304 1209 1380 ἐπαγγελίας
1239 1310 1544 1377 ἀπελπίσας
1572 1310 1727 1376 λαός.

233 1398 293 1450 '0
313 1396 366 1450 δὲ
384 1394 626 1468 Μωῦσῆς
661 1397 821 1452 πάλιν
842 1400 1022 1464 αὐτοῖς
1041 1399 1371 1466 κατακλύζει
1403 1401 1492 1454 διὰ
1522 1401 1622 1473 τῆς
1643 1401 1740 1456 πέ-

150 1507 284 1560 τρας
307 1490 405 1560 τὴν
432 1489 530 1561 ἔρη
540 1506 658 1560 μον.
693 1482 752 1544 ⁶Ο
770 1483 827 1544 δὲ
851 1489 1090 1556 τοιοῦτος
1120 1491 1295 1564 λόγος,
1323 1491 1481 1546 τοῦτο
1504 1493 1571 1548 ἂν
1592 1494 1739 1565 ἡμᾶς

151 1579 234 1632 διὰ
270 1579 374 1649 τῆς
424 1579 621 1651 νοητῆς
659 1576 895 1652 θεωρίας
942 1578 1226 1647 διδάξειεν,
1256 1576 1367 1636 οἷόν
1404 1583 1520 1637 ἐστι
1544 1580 1606 1634 τὸ
1638 1581 1740 1653 τῆς

155 1668 440 1739 μετανοίας
468 1672 783 1742 μυστήριον.
807 1671 871 1724 Οἱ
896 1671 1004 1744 γὰρ
1027 1671 1161 1744 πρὸς
1178 1672 1423 1746 γαστέρα
1445 1672 1540 1726 καὶ
1563 1673 1741 1745 σάρκα

153 1763 240 1816 καὶ
276 1763 377 1826 τὰς
412 1762 713 1833 Αἰγυπτίας
746 1762 959 1834 ἡδονὰς,
994 1764 1131 1835 μετὰ
1180 1764 1240 1821 τὸ
1273 1765 1419 1833 ἅπαξ
1437 1765 1738 1837 γεύσασθαι

152 1853 247 1925 τῆς
282 1856 513 1926 πέτρας,
547 1855 1020 1926 παρατραπέντες,
1055 1856 1132 1928 τῷ
1162 1856 1304 1929 λιμῷ
1338 1859 1431 1911 καὶ
1457 1858 1564 1912 τῶν
1596 1858 1743 1929 λογιε-

154 1947 311 2017 σμῶν
344 1948 465 2018 τῆς
492 1947 629 2018 ξτῶν
650 1946 874 2017 ἀγαθῶν
920 1949 1209 2019 μετουσίας
1268 1949 1739 2016 καταδικάζονται.

164 2037 305 2091 Ἀλλ’
335 2038 480 2091 ἐστιν
510 2037 696 2103 αὐτοῖς
730 2038 896 2092 πάλιν
923 2040 991 2094 ἐκ
1016 2040 1381 2113 μεταμελείας
1405 2040 1505 2113 τὴν
1533 2041 1755 2112 πέτραν

151 2132 359 2203 εύρείν,
383 2131 450 2202 ἣν
478 2130 791 2195 κατέλιπον,
812 2132 907 2186 καὶ
932 2131 1095 2185 πάλιν
1130 2126 1343 2197 ἑαυτοῖς
1364 2128 1747 2205 ἀναστομῶσαι

151 2224 247 2294 τὴν
296 2221 489 2292 φλέϐα,
534 2221 712 2277 ,πάλιν
764 2218 1144 2293 ἐμφορηθῆναι
1185 2222 1282 2276 τοῦ
1334 2224 1592 2294 νάματος,
1636 2222 1665 2276 δ
1712 2223 1745 2294 ἠ

152 2315 334 2387 πέτρα
386 2314 635 2368 ἐκδίδωσι
680 2313 760 2385 τῷ
787 2315 886 2386 τὴν
934 2315 1288 2383 κατασκοπὴν
1336 2310 1509 2385 Ἰησοῦ
1550 2313 1747 2385 ἀληθε-

153 2408 357 2479 στέραν
381 2410 480 2479 τῆς
506 2406 614 2461 τῶν
646 2404 902 2460 ἐναντίων
929 2401 1065 2459 εἶναι
1090 2405 1458 2471 πιστεύσαντι,
1496 2406 1589 2461 καὶ
1613 2405 1749 2477 πρὸς

150 2501 236 2555 τὸν
284 2500 484 2572 βότρυν
538 2498 916 2564 άναδλέποντι,
948 2498 1039 2557 τὸν
1068 2498 1209 2570 ὑπὲρ
1238 2499 1397 2570 ἡμῶν
1438 2492 1580 2569 αἷμα
1621 2497 1750 2551 στά-

1916 1400 2131 1474 Moyses
2160 1417 2288 1459 vero
2319 1416 2515 1459 rursus
2553 1415 2650 1472 per
2684 1398 2920 1470 lapidem
2961 1397 3233 1455 inundare
3262 1399 3424 1468 aquis

1844 1508 2092 1548 eremuru
2133 1492 2302 1559 fecit;
2334 1507 2456 1563 quae
2484 1507 2575 1549 res
2603 1498 2868 1561 quantum
2900 1487 3170 1559 qualeque
3204 1486 3278 1543 sit
3303 1502 3425 1558 pte-

1849 1586 2090 1641 nitentiae
2119 1594 2528 1641 sacramentum
2551 1624 2567 1651 ,
2604 1583 2790 1639 docet.
2826 1581 2964 1639 Nam
3001 1581 3096 1653 qui
3129 1589 3420 1651 postquam

1846 1674 2014 1729 semel
2045 1690 2076 1729 e
2100 1680 2249 1745 petra
2292 1674 2576 1738 biberant,
2618 1674 2684 1729 ad
2720 1681 2966 1728 ventrem
3005 1680 3060 1729 et
3088 1686 3288 1730 carnes
3316 1712 3333 1736 .
3366 1679 3427 1729 et

1846 1766 2131 1837 Egyptias
2157 1767 2467 1838 voluptates
2500 1764 2639 1836 lapsi
2669 1763 2978 1825 situt,fame
3006 1777 3073 1818 ao
3103 1763 3417 1834 privatione

1846 1859 2283 1930 participatiouis
2318 1859 2588 1913 bonorum
2628 1855 2984 1911 damnantur.
3024 1851 3425 1910 Verumtamen

1848 1960 2077 2022 possunt
2110 1966 2304 2007 rursus
2330 1966 2494 2024 quam
2529 1949 2942 2018 dereliquerunt
2976 1954 3225 2018 petram,
3257 1947 3430 2017 paeni-

1848 2045 2030 2098 tentiae
2050 2043 2312 2099 beneﬁcio
2332 2043 2596 2113 reperire,
2614 2057 2678 2096 ac
2700 2041 2880 2096 fontes
2902 2054 3044 2111 quos
3060 2039 3431 2110 delinquendo

1847 2138 2213 2197 obturarnnt.
2248 2136 2353 2190 sibi
2401 2148 2649 2190 reserare
2679 2140 2736 2189 et
2766 2131 2988 2187 ﬂuentis
3031 2129 3270 2200 expleri,
3305 2145 3431 2201 quas

1849 2227 2130 2302 profundit
2162 2227 2239 2283 illi
2293 2240 2467 2297 petra,
2501 2225 2597 2295 qui
2634 2224 2902 2279 veriorem
2932 2221 3085 2286 Jesu,
3117 2235 3282 2292 quam
3316 2221 3420 2277 ad~

1848 2320 2217 2376 versarierum
2248 2317 2681 2387 explorationem
2711 2314 2951 2370 credidit
2987 2332 3002 2370 :
3038 2325 3201 2383 atque
3235 2313 3304 2368 ad
3334 2328 3428 2367 ra~

1849 2425 2062 2465 cemnm
2086 2409 2350 2480 respicit,
2385 2409 2477 2479 qui
2512 2423 2611 2478 pro
2647 2406 2804 2463 nobis
2837 2404 3160 2475 sanguinem
3181 2403 3435 2469 stillavit,

1849 2511 1904 2558 et
1951 2509 2271 2557 cruentatus
2305 2509 2424 2564 est,
2466 2501 2670 2571 quique
2715 2508 2773 2553 ut
2812 2512 3007 2552 rursus
3062 2511 3159 2566 per
3212 2496 3426 2566 lignum

152 2592 347 2655 ξαντα,
378 2591 471 2644 καὶ
492 2589 849 2661 αἱμαχθέντα,
869 2588 947 2660 τῷ
966 2588 1127 2642 πάλιν
1146 2589 1328 2650 αὐτοῖς
1354 2587 1443 2640 διὰ
1468 2586 1563 2640 τοῦ
1590 2585 1748 2651 ξύλου

1864 2588 2133 2645 ιοοιυτίτει
2141 2598 2293 2659 petra
2302 2587 2474 2644 effecit
2484 2626 2497 2642 .
2510 2586 2708 2642 Verum
2721 2581 2946 2655 populus
2954 2578 3188 2634 nondum
3202 2580 3421 2651 vestigia

153 2683 347 2754 βρύειν
373 2683 469 2754 τὴν
497 2682 702 2751 πέτραν
746 2679 1233 2734 κατασκευάσαντι.
1285 2677 1423 2730 Ἀλλ’
1448 2676 1601 2733 ούπω
1631 2670 1752 2732 κατ’

154 2778 303 2845 ἴχνος
337 2772 564 2826 ἕπεσθαι
607 2774 675 2843 τῇ
722 2770 1066 2842 μεγαλοφυῒᾳ
1095 2770 1337 2833 Μωσέως
1379 2769 1408 2822 δ
1449 2768 1575 2831 λαὸς
1600 2770 1757 2822 ὲπαιο

151 2866 357 2935 δεύθηο
410 2864 491 2917 ἔτι
543 2864 603 2919 δὲ
655 2862 793 2934 πρὸς
832 2862 930 2926 τὰς
969 2860 1399 2935 ἀνδραποδώδεις
1461 2857 1756 2928 ἐπιθυμίας

152 2959 511 3023 καθέλκεται,
552 2959 648 3011 καὶ
693 2957 830 3029 πρὸς
861 2956 961 3020 τὰς
982 2955 1288 3025 Αἰγυπτίας
1312 2952 1507 3026 ἡδονὰς
1545 2951 1759 3006 ἐπικλί-

1852 2677 2024 2751 Moysi
2059 2685 2208 2734 recte
2257 2678 2412 2747 sequi
2466 2674 2701 2739 didicit,
2746 2673 2842 2729 sed
2873 2673 2940 2727 ad
2976 2671 3209 2728 serviles
3248 2669 3432 2725 adhuc

1853 2769 2042 2839 lapsus
2083 2767 2450 2839 cupiditates,
2506 2765 2796 2838 .Egyptias
2841 2764 3050 2835 expetit
3098 2764 3432 2835 voluptates.

1854 2860 1972 2926 Qua
2005 2876 2071 2915 ex
2114 2875 2174 2913 re
2213 2859 2444 2914 historia
2488 2858 2730 2914 clamare
2770 2857 3007 2919 videtur,
3058 2853 3278 2909 labilem
3309 2868 3436 2909 esse

1855 2951 2095 3007 maxime
2129 2950 2193 3005 ad
2250 2951 2564 3019 hujusmodi
2616 2949 2749 3004 vitia
2804 2958 3057 3003 naturam
3098 2949 3438 3014 humanam,

152 3062 340 3106 νεται.
390 3048 638 3103 Δείκνυσι
670 3046 726 3101 δέ
765 3064 881 3111 πως
939 3046 1028 3101 διὰ
1066 3046 1272 3103 τούτων
1311 3046 1344 3117 ή
1388 3044 1619 3116 ἱστορία,
1674 3046 1758 3098 ὅτι

1864 3042 2119 3113 milleque
2156 3043 2333 3098 modis
2364 3041 2647 3098 seductam
2683 3043 2749 3097 ad
2784 3058 2848 3098 ea
2876 3041 3097 3098 cadere.
3131 3039 3315 3107 Quare
3344 3055 3440 3110 pe-

155 3144 297 3215 πρὸς
332 3140 395 3195 τδ
425 3140 663 3196 τοιοῦτον
702 3139 872 3204 πάθος
899 3139 1119 3195 πάντων
1154 3137 1392 3211 μάλιστα
1439 3135 1761 3209 κατωφερὴς

153 3236 188 3305 ἡ
216 3233 550 3306 ἀνθρωπίνη
603 3232 763 3302 φύσις
810 3231 949 3297 ἐστὶ,
995 3230 1219 3303 μυρίαις
1262 3229 1400 3293 ὁδοῖς
1440 3228 1762 3299 ὑπαγομένη

150 3332 219 3400 τῇ
272 3328 449 3399 νόσῳ.
498 3327 611 3391 Διὸ,
651 3326 900 3398 καθάπερ
922 3343 1007 3390 τις
1048 3322 1250 3396 ἰατρὸς,
1284 3322 1420 3395 πρὸς
1452 3321 1512 3376 τὸ
1537 3323 1766 3393 ἐπικρα-

151 3419 284 3474 τοῦν
346 3421 436 3473 ἀεὶ
480 3418 650 3484 πάθος
703 3418 790 3472 διὰ
835 3418 934 3489 τῆς
976 3416 1172 3487 τέχνης
1210 3416 1519 3486 ἱστάμενος,
1564 3416 1666 3468 οὐκ
1701 3415 1766 3485 ἐᾷ

153 3512 283 3566 κατ’
318 3510 507 3566 αὐτῶν
559 3508 907 3564 δυναστεύειν
962 3508 1125 3580 μέχρι
1160 3505 1395 3561 θανάτου
1445 3505 1543 3578 τὴν
1586 3505 1764 3561 νόσον.

155 3604 287 3668 Τοῖς
361 3604 461 3676 μὲν
511 3601 620 3674 γὰρ
667 3601 701 3672 ἡ
750 3600 859 3654 τῶν
911 3600 1130 3654 ἀτόπων
1164 3596 1429 3669 ἐπιθυμία
1450 3598 1578 3662 τοὺς
1616 3595 1768 3668 ὄφεις

152 3698 351 3751 ἔτικτε
379 3715 394 3729 ·
425 3695 486 3749 τὸ
515 3695 572 3748 δὲ
600 3690 727 3767 παρ’
757 3691 936 3747 αὐτῶν
956 3692 1160 3763 δῆγμα,
1196 3690 1566 3763 θανατηφόρον
1595 3690 1769 3761 ὲπῆγε

152 3792 251 3846 τὸν
288 3786 382 3844 ἱὸν
404 3787 517 3852 τοῖς
537 3786 826 3859 ἁμυχθεῖσι
855 3782 932 3857 τῷ
964 3786 1204 3856 δήγματι
1228 3799 1242 3813 ⁸
1268 3787 1297 3839 ό
1329 3784 1385 3838 δὲ
1408 3784 1579 3856 μέγας
1607 3800 1768 3854 νομο-

155 3883 340 3953 θέτης
400 3880 574 3949 δφεως
618 3879 747 3932 εἴδει
788 3877 888 3947 τὴν
936 3876 1165 3946 δύναμιν
1197 3874 1306 3929 τῶν
1338 3875 1482 3930 κατὰ
1512 3874 1770 3946 ἀλήθειαν

156 3975 386 4046 θηρίων
408 3972 699 4044 ἡχρείωσε.
720 3969 925 4042 Καιρὸς
945 3971 991 4024 δ’
1026 3970 1093 4025 ἂν
1114 3969 1220 4040 εἴη,
1256 3968 1586 4040 σαφέστερον
1609 3970 1772 4023 ἐκκα-

1864 3134 1972 3189 rito
2006 3134 2220 3189 medico
2255 3136 2414 3189 nobis
2446 3152 2584 3205 opus
2613 3142 2783 3198 esset,
2838 3135 2956 3204 qui,
3011 3133 3158 3188 sicut
3186 3133 3438 3205 Moyses,

1864 3225 2163 3281 artiﬁciose
2195 3226 2460 3281 adversus
2495 3226 2777 3280 victricem
2828 3225 3164 3296 voluptatem
3215 3237 3436 3293 semper

1864 3318 2158 3381 resistens,
2193 3332 2301 3371 non
2324 3314 2596 3388 permittat
2622 3326 2683 3371 ut
2713 3320 2780 3371 ad
2817 3324 3049 3371 mortem
3079 3329 3258 3385 usque
3288 3327 3440 3369 mor-

1864 3411 1968 3466 bus
1994 3409 2251 3465 homines
2282 3410 2563 3465 detrudat.
2586 3408 2721 3464 Nam
2755 3409 2843 3465 his
2870 3409 3092 3480 quidem
3122 3407 3444 3463 illicitarum

1864 3513 2051 3554 rerum
2110 3498 2387 3569 cupiditas
2447 3506 2733 3570 serpentes
2787 3498 3160 3566 immittebat;
3217 3511 3445 3552 morsus

1866 3597 2016 3655 enim
2058 3610 2252 3652 eorum
2299 3594 2447 3651 letali
2489 3595 2714 3649 vulnere
2748 3593 2980 3648 feriebat
3014 3607 3133 3659 eos,
3165 3591 3258 3662 qui
3295 3591 3447 3661 ejus-r

1868 3692 2018 3746 modi
2068 3705 2255 3747 morsu
2295 3690 2697 3761 pungebantur.
2740 3686 2809 3742 At
2845 3701 2975 3742 vero
3013 3687 3298 3756 legislator
3331 3699 3450 3739 εει-ο

1870 3785 2051 3853 pentis
2086 3783 2269 3853 specie
2292 3797 2547 3837 verorum
2580 3788 2897 3849 serpentum
2930 3779 3039 3833 vim
3070 3778 3303 3848 expulit.
3338 3775 3450 3832 Sed

1868 3883 2086 3945 tempus
2126 3882 2212 3929 est
2262 3883 2320 3927 ut
2365 3874 2513 3928 clare
2566 3873 2620 3927 id
2666 3866 3029 3942 exponamus.
3085 3870 3268 3926 Unum
3316 3882 3451 3938 ergo

1870 3971 2061 4019 contra
2089 3963 2188 4019 hos
2208 3963 2499 4034 pestiferos
2528 3962 2849 4032 cupiditatis
2879 3961 3104 4016 morbos
3134 3959 3450 4016 antidotum

155 4059 342 4138 λύψαι
367 4066 429 4119 τὸ
456 4064 701 4137 αίνιγμα·
742 4059 834 4117 Ἕν
863 4081 913 4117 τι
946 4063 1055 4117 τῶν
1082 4062 1331 4133 πονηρῶν
1361 4059 1562 4116 τούτων
1593 4060 1760 4129 παθη-

1872 4064 1981 4120 est,
2021 4055 2321 4111 mundities
2365 4056 2535 4109 animi
2580 4053 2800 4126 pietatis
2843 4052 3106 4124 mysterio
3150 4050 3449 4106 celebrata.

159 4163 377 4234 μάθων
435 4159 580 4213 ἐστὶν
618 4156 994 4229 ἀλεξητήριον,
1015 4157 1050 4227 ὴ
1083 4156 1172 4210 διὰ
1198 4153 1292 4208 τοῦ
1339 4153 1639 4225 μυστηρίου
1672 4151 1760 4223 τῆς

1872 4144 2050 4216 Caput
2079 4152 2261 4200 autem
2292 4145 2536 4199 omnium
2570 4158 2692 4213 qua:
2732 4145 2787 4196 in
2818 4142 2921 4196 hoc
2956 4140 3286 4196 Christiana
3322 4154 3456 4211 pro-

156 4230 470 4315 έύσεϐεἱας
509 4250 767 4321 γινομένη
800 4251 907 4303 τῶν
937 4248 1126 4320 ψυχῶν
1152 4246 1312 4322 ἡμῶν
1340 4245 1626 4317 κάθαρσις.
1658 4246 1760 4299 Ks-

1874 4235 2135 4293 fessionis
2158 4239 2420 4309 mysterio
2438 4236 2737 4302 credimus,
2761 4242 2847 4290 est
2878 4233 3033 4288 ﬁrma
3066 4241 3327 4302 rectaque
3349 4230 3459 4287 ﬁde

156 4349 417 4419 φάλαιον
447 4344 503 4397 δὲ
551 4343 659 4396 τῶν
707 4344 765 4398 ὲν
798 4341 874 4413 τῷ
910 4341 1194 4419 μυστηρίῳ
1238 4337 1705 4408 πεπιστευμένων,
1740 4339 1760 4390 τί

1875 4332 1930 4386 in
1962 4332 2275 4403 passionem
2306 4331 2453 4388 illius
2481 4329 2777 4400 respicere,
2805 4327 2900 4401 qui
2932 4340 3031 4397 pro
3059 4324 3221 4383 nobis
3252 4338 3460 4394 passus

157 4416 248 4501 έξς
306 4435 384 4487 τὸ
415 4432 587 4497 πάθος
632 4433 780 4486 ἐστὶν
823 4432 1121 4500 ἀπόϐλεψις
1157 4416 1252 4482 τοῦ
1296 4428 1436 4501 ὑπὲρ
1465 4429 1623 4500 ἡμῶν
1648 4429 1760 4482 ἀνα

1881 4433 2000 4492 est;
2033 4439 2170 4480 crux
2203 4438 2334 4479 vero
2364 4423 2552 4493 passio
2581 4421 2702 4489 ejus
2730 4420 2832 4475 fuit
2859 4438 2872 4473 :
2901 4432 3073 4489 quare
3105 4417 3201 4488 qui
3232 4430 3457 4471 crucem

154 4528 493 4601 δεξαμένου
520 4527 580 4580 τὸ
609 4526 797 4591 πάθος.
823 4523 1063 4595 Σταυρδς
1087 4522 1144 4576 δὲ
1165 4522 1225 4576 τὸ
1251 4520 1423 4584 πάθος
1443 4520 1609 4574 ἐστίν·
1640 4519 1780 4572 ὥστε

158 4624 263 4678 τὸν
319 4622 471 4693 πρὸς
504 4620 664 4674 αὐτὸν
692 4618 977 4689 βλέποντα,
1024 4615 1208 4679 καθὼς
1231 4616 1519 4685 ὑφηγεῖται
1552 4615 1580 4666 ὁ
1604 4612 1779 4682 λόγος,

159 4716 285 4770 ὑπὸ
331 4714 437 4767 τοῦ
496 4712 574 4766 ἰοῦ
633 4712 731 4781 τῆς
785 4708 1075 4781 ἐπιθυμίας
1114 4707 1188 4779 μὴ
1218 4706 1569 4777 βλάπτεσθαι.
1604 4704 1676 4758 Τὸ
1721 4705 1781 4757 δὲ

159 4811 323 4882 πρὸς
358 4807 457 4861 τὸν
488 4804 720 4876 σταυρὸν
750 4802 985 4879 βλέπειν,
1029 4800 1190 4856 τοῦτό
1227 4801 1367 4864 ἐστι,
1395 4798 1457 4851 τὸ
1487 4798 1665 4851 πάντα
1690 4796 1781 4850 τὸν

158 4898 395 4957 ἑαυτοῦ
428 4897 538 4968 βίον
570 4896 645 4958 ὡς
674 4894 866 4966 νεκρὸν
902 4893 980 4965 τῷ
1012 4892 1200 4963 κόσμῳ
1233 4890 1328 4944 καὶ
1371 4886 1782 4959 ἐσταυρωμένον

162 4994 450 5064 ποιῆσαι,
487 4989 623 5062 πρὸς
650 4990 828 5043 πᾶσαν
856 4986 1127 5058 ἁμαρτίαν
1154 4984 1408 5053 ἀκίνητον
1424 4980 1571 5044 ὄντα,
1603 4976 1785 5042 καθώς

160 5103 364 5157 φησιν
418 5085 447 5136 ὁ
488 5083 806 5154 Προφήτης,
863 5078 1203 5150 καθηλοῦντα
1234 5074 1313 5146 τῷ
1345 5073 1475 5144 θείῳ
1512 5071 1661 5142 φόὸῳ
1685 5069 1785 5134 τὰς

165 5181 328 5242 ἰδίας
397 5178 622 5248 σάρκας.
646 5169 814 5237 1Ήλος
866 5171 909 5225 δ’
966 5170 1031 5223 ἂν
1066 5170 1156 5239 εἴη
1204 5165 1418 5237 σαρκῶν
1444 5162 1785 5225 καθεκτικὸς,

160 5271 199 5343 ἡ
251 5270 600 5340 ἐγκράτεια.
634 5266 783 5317 Ἐπεὶ
809 5259 901 5317 οὖν
934 5264 967 5333 ὴ
1000 5260 1108 5313 τῶν
1137 5258 1353 5312 ἀτόπων
1379 5254 1642 5324 ἐπιθυμία
1662 5253 1787 5316 τοὺς

166 5359 624 5431 θανατηφόρους
656 5357 806 5425 δφεις
837 5356 901 5408 ἐκ
928 5355 1025 5425 τῆς
1058 5354 1163 5422 γῆς
1197 5350 1491 5404 ἐπισπᾶται
1526 5348 1653 5416 (πᾶν
1686 5347 1791 5417 γὰρ

160 5458 287 5527 τῆς
326 5452 583 5522 πονηρᾶς
619 5448 911 5519 ἐπιθυμίας
958 5446 1199 5514 ἔγγονον,
1243 5444 1365 5512 ὄφις
1414 5441 1576 5509 ἐστὶ),
1605 5439 1793 5491 τούτου

163 5552 367 5620 χάριν
406 5542 783 5614 προδείκνυσιν
808 5542 835 5592 ὁ
858 5538 1017 5609 νόμος
1047 5539 1177 5609 ημῖν
1209 5535 1270 5589 τὸ
1294 5535 1386 5588 ἐπὶ
1422 5532 1578 5599 ξύλου
1610 5531 1797 5602 φαινό-

165 5658 372 5716 μενον
401 5655 412 5667 ·
464 5636 622 5690 τοῦτο
672 5634 729 5687 δέ.
792 5635 937 5686 ἐστιν
978 5630 1231 5701 ὁμοίωμα
1298 5628 1493 5697 ὄφεως,
1543 5626 1635 5679 καὶ
1675 5620 1794 5695 οὐχὶ

1881 4514 2147 4585 respicit,
2175 4521 2236 4573 ut
2273 4512 2506 4569 historia
2541 4511 2811 4571 hortatur,
2847 4509 2896 4563 ei
2931 4522 3203 4562 venenum
3245 4503 3460 4574 cupidi-

1882 4616 2054 4662 tatum
2077 4606 2274 4661 obesse
2308 4620 2414 4659 non
2442 4613 2643 4675 potest.
2675 4604 2909 4659 Crucem
2940 4611 3123 4655 autem
3158 4599 3457 4669 respicere,

1882 4702 2022 4756 nihil
2048 4700 2196 4754 aliud
2219 4707 2324 4763 est,
2358 4713 2521 4770 quam
2548 4706 2608 4753 ut
2636 4697 2765 4751 huic
2798 4693 3004 4749 mundo
3025 4692 3185 4764 quasi
3209 4697 3460 4744 mortuos

1883 4809 1949 4850 ac
1976 4791 2271 4849 cruciﬁxos
2305 4807 2405 4847 nos
2433 4790 2796 4861 praebeamus,
2842 4786 2977 4840 ﬁxos
3010 4786 3065 4839 in
3102 4785 3325 4851 virtute,
3353 4783 3464 4837 im-

1886 4886 2117 4942 mobiles
2138 4877 2773 4952 adpecrandum,Dei,ut
2802 4877 2880 4933 ait
2912 4875 3230 4943 Psalmista,
3266 4873 3467 4927 timore

1885 4978 2046 5051 quasi
2105 4977 2261 5031 clavo
2318 4988 2541 5028 carnem
2596 4979 2844 5026 nostram
2896 4969 3206 5039 inﬁgentes.
3259 4965 3465 5020 Clavus

1888 5081 2068 5128 autem
2113 5068 2209 5139 qui
2258 5080 2483 5122 carnem
2530 5065 2674 5120 hanc
2710 5063 2931 5129 retinet,
2978 5059 3317 5118 continentia
3357 5065 3462 5113 est.

1888 5162 2157 5229 Quoniam
2201 5160 2368 5230 igitur
2401 5172 2568 5228 prava
2607 5154 2880 5225 cupiditas
2918 5151 3233 5209 inertiferos
3258 5156 3464 5204 eterra

1887 5255 2047 5311 nobis
2089 5258 2369 5323 serpentes
2401 5250 2642 5303 immittit
2672 5245 2973 5319 (quidquid
3005 5246 3150 5299 enim
3191 5256 3258 5296 ex
3298 5254 3464 5310 prava

1888 5347 2186 5418 cupiditate
2226 5345 2495 5403 nascitur.
2538 5356 2767 5411 serpens
2801 5339 2945 5409 est),
2976 5338 3185 5391 idcirco
3218 5333 3333 5402 jam
3370 5331 3466 5386 diu

1890 5442 1977 5495 lex
2015 5438 2323 5495 antidotum
2369 5435 2618 5491 nobisin
2662 5433 2809 5502 ligno
2852 5428 3199 5483 monstravit.
3243 5423 3305 5478 ld
3334 5437 3470 5476 vero

1891 5532 2160 5601 serpentis
2206 5537 2290 5587 est
2338 5528 2693 5582 simulacrum
2720 5563 2735 5586 ,
2780 5538 2885 5577 non
2924 5534 3152 5589 serpens
3180 5556 3198 5582 ,
3237 5514 3382 5570 sicut
3415 5520 3470 5569 et

1892 5600 2092 5679 Paulus
2137 5622 2296 5685 dicit,
2342 5638 2361 5669 ς
2396 5621 2451 5675 lu
2490 5600 2847 5674 similitudine
2876 5612 3060 5668 carnis
3086 5604 3402 5681 peccati";
3442 5622 3461 5656 ι

254 5818 313 5851 ⁷⁸
356 5812 525 5870 Deut.
560 5828 731 5873 χχχιι,
766 5811 849 5865 Η.
918 5812 961 5843 τ’
987 5808 1246 5872 Rom.m.
1282 5808 1336 5861 8.
