3982 6510
533 413 634 476 6.15

1753 418 1810 474 S.
1844 419 2171 478 GREGORII
2195 423 2240 478 Ν
2247 421 2492 480 YSSENI

3662 421 3767 473 ιιυ

536 545 700 588 verus
725 529 870 586 enim
913 543 1142 596 serpens
1184 535 1466 596 peccatum
1501 535 1588 583 est
1622 543 1641 582 :
1669 535 1723 583 et
1748 531 1841 598 qui
1873 530 1940 584 ad
1970 545 2098 600 pec-

2211 532 2351 602 δφις·
2383 533 2562 597 καθὼς
2594 533 2685 586 καὶ
2713 533 2742 588 6
2775 534 2915 610 θεῖος
2941 529 3149 595 Παῦλὸς
3180 548 3366 603 φησιν,
3404 511 3546 586 ιἝν
3571 534 3767 603 ὁμοιώ-

537 631 725 677 catum
760 619 1089 688 transfugit,
1137 618 1504 686 serpentinam
1539 618 1787 673 induitur
1823 629 2098 681 naturam.

538 713 619 768 Ab
648 713 753 767 hoc
789 711 954 781 igitur
987 716 1216 779 peccato
1254 718 1309 764 et
1341 708 1520 764 adhuc
1555 710 1872 780 serpentina
1907 719 2102 765 natura

536 807 700 860 homo
731 818 827 873 per
855 802 1007 856 illum
1041 801 1322 864 liberatur,
1355 801 1448 871 qui
1479 803 1689 871 peccati
1706 803 1944 872 speciem
1970 804 2103 858 sub-

535 897 636 960 iit,
688 894 784 964 qui
854 891 1034 948 factus
1080 903 1164 948 est
1213 893 1514 947 secundum
1567 907 1702 956 nos,
1746 893 1839 963 qui
1882 894 1949 947 ad
1978 909 2102 964 spec

536 987 679 1042 ciem
721 985 997 1056 serpentis
1041 983 1293 1038 conversi
1327 998 1522 1038 sumus
1567 1002 1581 1038 :
1619 1000 1716 1054 per
1758 1000 1918 1054 quem
1953 1000 2103 1041 mors

535 1079 856 1148 prohibetur
897 1092 928 1131 a
975 1074 1250 1131 morsibus
1299 1075 1612 1143 inferenda,
1668 1079 1762 1133 sed
1800 1078 1932 1148 ipsae
1977 1080 2106 1134 fera:

536 1185 648 1226 non
698 1169 1058 1224 destruuntttr
1112 1187 1127 1223 :
1188 1168 1331 1224 feras
1371 1177 1553 1224 autem
1598 1168 1722 1224 dico
1776 1171 2106 1241 cupiditates

535 1261 688 1332 ipsas
704 1275 922 1331 pravas.
944 1259 1078 1316 Nam
1099 1261 1143 1315 si
1174 1275 1339 1330 prava
1367 1261 1705 1330 peccantium
1727 1277 1876 1317 mors
1899 1264 2105 1316 nullam

536 1352 736 1408 habeat
769 1352 826 1406 in
865 1351 988 1408 illos
1016 1352 1126 1406 vim
1165 1352 1259 1422 qui
1293 1366 1511 1406 crucem
1542 1352 1878 1423 respiciunt,
1920 1354 2105 1410 carnis

516 1454 720 1498 'tamen
751 1444 1015 1499 adversus
1036 1443 1287 1513 spiritum
1319 1443 1507 1498 innata
1535 1444 1806 1514 cupiditas
1845 1460 1954 1498 non
1985 1459 2107 1499 om-

517 1535 670 1590 ‘nino
713 1535 991 1590 destructa
1040 1543 1144 1593 est.
1201 1534 1500 1605 lnsurgunt
1558 1537 1702 1590 enim
1751 1543 1806 1592 et
1857 1536 2108 1592 ﬁdelibus

539 1643 916 1698 saepenumero
943 1627 1264 1698 cupiditatis
1301 1642 1540 1693 morsus,
1569 1643 1709 1698 quos
1738 1629 1803 1683 ad
1835 1629 2106 1684 sublatum

541 1716 596 1770 in
638 1718 786 1787 ligno
843 1717 1207 1788 respicientes
1260 1719 1552 1788 repellunt,
1606 1720 1800 1776 timore
1851 1722 2108 1792 pracepti

540 1804 975 1876 quasi‘antidoto
996 1809 1104 1863 vim
1139 1809 1335 1866 veneni
1364 1809 1720 1881 dissipantes.

609 2075 768 2144 Quod
821 2084 1002 2134 autem
1045 2079 1361 2150 mysterium
1407 2079 1590 2136 crucis
1631 2081 1940 2139 sublatione
1987 2098 2104 2138 scr-

541 2170 722 2237 pcntis
767 2169 822 2222 in
867 2169 1084 2224 deserto
1132 2171 1486 2240 ﬁgurabatur,
1537 2183 1728 2243 aperte
1769 2191 1873 2232 nos
1915 2175 2104 2231 docuit

543 2261 779 2324 Veritas,
810 2278 934 2316 cum
954 2262 1085 2316 dicit
1117 2280 1128 2316 :
1164 2281 1184 2315 ι
1210 2262 1272 2318 Ει
1303 2265 1447 2320 sicut
1474 2266 1689 2337 Moyses
1709 2270 1966 2323 exaltavit
1989 2285 2106 2326 ser-

543 2362 754 2423 pentem
808 2357 860 2408 in
910 2356 1160 2418 deserto,
1207 2357 1286 2412 sic
1333 2356 1530 2412 Filium
1589 2360 1822 2416 hominis
1877 2361 2106 2417 exaltari

542 2454 752 2512 oportet
769 2447 857 2514 ⁸⁴⁵;
898 2464 915 2495 ι
955 2444 1058 2499 Sed
1092 2445 1286 2500 iterum
1324 2457 1486 2517 atque
1515 2448 1708 2504 iterum
1743 2453 1947 2519 peccati
1982 2468 2106 2521 pro-

543 2536 799 2602 tervitas,
828 2538 984 2606 quasi
1032 2538 1173 2591 serie
1213 2539 1466 2607 quadam,
1506 2555 1607 2593 usu
1645 2541 1713 2594 ab
1740 2541 1863 2598 aliis
1899 2543 1965 2596 ad
2000 2544 2104 2596 alia

543 2629 870 2697 prorumpit,
898 2636 951 2683 et
973 2629 1249 2699 legislator
1277 2640 1334 2685 ut
1359 2631 1601 2701 optimus
1622 2633 1841 2701 quidam
1866 2635 2106 2692 medicus

542 2717 611 2772 ad
651 2718 962 2773 morborum
995 2735 1195 2790 genera
1233 2736 1422 2776 curam
1462 2721 1623 2778 habet
1671 2736 1938 2794 paratam.
1970 2725 2105 2781 Nam

543 2824 666 2864 cum
699 2819 1008 2880 serpentum
1037 2827 1253 2868 morsus
1274 2813 1408 2867 nihil
1441 2815 1568 2868 mali
1594 2817 1826 2886 amplius
1853 2815 2109 2874 aﬁ‘erebat

544 2899 598 2954 in
657 2901 927 2970 serpentis
999 2903 1354 2958 simulacrum
1426 2906 1891 2976 respicientibus,
1961 2911 2107 2980 quod

543 2993 772 3063 aenigma
799 2993 912 3062 jam
949 2995 1085 3050 satis
1117 2995 1280 3052 dictis
1314 2998 1632 3070 intelligitur
1666 3048 1679 3058 .
1715 3003 1821 3055 alia
1849 3003 2108 3072 peccandi

544 3081 628 3134 via
673 3082 849 3148 hosti,
896 3084 990 3152 qui
1029 3083 1290 3140 adversus
1327 3103 1427 3142 nos
1473 3105 1688 3160 semper
1728 3092 2022 3147 meditatur
2045 3110 2109 3149 ac

544 3173 765 3243 cogitat,
799 3174 1016 3229 inventa
1059 3185 1162 3240 est,
1191 3194 1312 3247 qua:
1339 3181 1544 3236 nostris
1583 3185 1921 3254 temporibus
1950 3186 2105 3241 latis-

458 3333 487 3349 ν
543 3262 682 3316 sime
705 3277 923 3332 quoque
966 3272 1130 3333 patet.
1180 3263 1314 3318 Nam
1358 3277 1714 3337 posteaquam
1750 3271 1972 3325 morbus
2006 3271 2108 3326 iste

291 3354 326 3412 ς
393 3403 407 3422 δ,
454 3352 490 3428 ἔ
543 3352 863 3419 cupiditatis
889 3354 1220 3410 modestiore
1241 3356 1348 3409 vita
1379 3353 1730 3422 deferbuerit,
1770 3362 1834 3412 ad
1862 3362 2113 3414 sacerdo-

545 3445 683 3497 tium
725 3445 1058 3515 irrumpunt,
1089 3446 1343 3502 humanis
1361 3447 1653 3518 sulfragiis,
1695 3450 2113 3522 imperiosisque

545 3534 985 3590 ordinationibus
1033 3535 1500 3606 dispensationem
1543 3539 1639 3596 Dei
1686 3543 2058 3610 vituperantes
2094 3563 2108 3598 :

547 3625 623 3679 ita
645 3625 894 3682 homines
926 3627 973 3682 si
1006 3642 1113 3682 uno
1137 3630 1396 3701 peccandi
1423 3632 1584 3687 modo
1619 3649 1728 3688 non
1753 3636 1974 3700 vicerit,
2007 3637 2113 3691 alio

548 3717 899 3775 adversarius
939 3729 1123 3776 noster
1159 3730 1392 3778 conatur
1428 3724 1684 3794 dejicere.
1717 3725 1997 3782 Vexantur
2026 3745 2115 3783 es-

549 3823 736 3863 carum
760 3808 982 3881 Egypti
1005 3812 1336 3884 cupiditate,
1379 3817 1523 3872 unde
1559 3826 1842 3888 serpentes
1879 3819 2112 3875 immissi

549 3911 679 3962 sunt
713 3918 727 3955 :
775 3904 1070 3962 simulacro
1102 3907 1390 3976 pendentis
1425 3911 1698 3980 serpentis
1732 3927 1799 3965 ex
1844 3911 1991 3982 ligno
2021 3927 2116 3966 su-

551 4009 813 4072 perantur
846 4020 861 4056 :
896 4001 972 4055 ita
1000 4002 1250 4056 cruciﬁxi
1285 4001 1418 4057 ﬁdes
1452 4003 1537 4058 vel
1574 4003 1801 4074 ﬁgurata
1840 4004 2109 4058 liberavit.

547 4093 881 4164 Cupiditatis
911 4103 1091 4150 autem
1138 4096 1328 4150 morbo
1359 4096 1609 4167 depulso,
1647 4097 1900 4167 superbia
1936 4097 2116 4153 locum

549 4185 670 4254 ejus
687 4185 1002 4254 occupavit.
1065 4184 1199 4240 Nam
1245 4201 1370 4241 cum
1408 4187 1613 4242 humile
1647 4201 1810 4259 atque
1836 4189 2114 4258 abiectum

550 4293 675 4334 esse
700 4278 987 4333 crederent
1013 4278 1261 4333 ordinem
1285 4295 1446 4335 suum
1479 4297 1720 4347 servare,
1775 4282 1844 4337 ad
1874 4283 2118 4355 dignita-

552 4377 660 4424 tem
697 4368 1001 4425 sacerdotis
1030 4369 1242 4439 seipsos
1267 4370 1550 4428 intrudere
1593 4383 1887 4441 conantur,
1927 4390 1993 4430 ac
2021 4390 2117 4431 eos

552 4459 827 4530 depellere
865 4475 973 4514 non
999 4460 1354 4527 erubescunt,
1397 4465 1492 4534 qui
1539 4466 1862 4536 mysterium
1899 4466 1955 4520 id
1998 4466 2118 4522 fue-

2203 642 2334 697 ματι
2369 624 2568 695 σαρκὸς
2586 622 2875 698 ἁμαρτίας.
2907 641 2928 675 ι
2961 616 3019 677 Ὀ
3043 622 3100 676 δὲ
3127 622 3330 694 ἀληθὴς
3355 623 3498 692 δφις,
3523 626 3556 696 ἡ
3589 625 3771 696 ἁμαρ-

2200 716 2293 770 τία
2341 715 2492 768 εστίο
2550 715 2644 769 καὶ
2696 716 2726 768 6
2773 715 2910 787 πρὸς
2935 713 3032 786 τὴν
3061 713 3336 788 ἁμαρτίαν
3371 713 3768 786 αὐτομολήσας,

2201 805 2300 878 τὴν
2342 804 2432 858 τοῦ
2473 804 2648 874 όφεως
2693 803 2978 857 ὑποδύεται
3015 801 3196 871 φύσιν.
3239 801 3643 874 Ἑλευθεροῦται
3675 800 3772 856 οὖν

2201 897 2302 967 τῆς
2336 896 2604 970 ἁμαρτίας
2625 896 2653 948 6
2688 895 2966 966 ἄνθρωπος
3008 894 3096 948 διὰ
3123 892 3216 947 τοῦ
3244 893 3565 958 ὑπελθόντος
3584 893 3645 946 τὸ
3673 895 3773 964 τῆς

2203 987 2473 1059 ἁμαρτίας
2524 983 2683 1054 εἶδος,
2713 987 2808 1040 καὶ
2847 984 3138 1056 γενομένου
3164 983 3284 1039 καθ’
3309 985 3457 1055 ἡμᾶς
3490 985 3614 1048 τοὺς
3635 985 3774 1055 πρὸς

2201 1076 2264 1130 τὸ
2290 1072 2428 1140 εἶδος
2456 1075 2928 1148 μεταστραφέντας
2948 1075 3040 1128 τοῦ
3073 1075 3266 1144 ὄφεως,
3300 1074 3367 1128 δι’
3389 1067 3450 1127 οὗ
3493 1076 3521 1128 ό
3548 1074 3647 1144 μὲν
3677 1074 3774 1128 θά-

2203 1186 2360 1234 νατος
2407 1172 2438 1223 6
2486 1170 2551 1223 ἐκ
2611 1168 2718 1223 τῶν
2765 1169 3059 1240 δηγμάτων
3115 1167 3401 1234 κωλύεται,
3435 1168 3571 1223 αὑτὰ
3616 1168 3674 1222 δὲ
3703 1167 3774 1223 τά

2209 1258 2372 1317 θηρία
2402 1258 2501 1312 οὑκ
2522 1258 2835 1328 ἀφανίζεται
2855 1275 2869 1288 ·
2889 1257 3051 1330 θηρία
3067 1257 3124 1311 δέ
3154 1258 3318 1328 λέγω,
3335 1257 3432 1322 τὰς
3459 1258 3773 1328 ἐπιθυμίας.

2203 1346 2325 1402 Τῶν
2352 1349 2460 1421 γὰρ
2511 1352 2592 1412 εἰς
2621 1348 2714 1402 τὸν
2750 1347 2980 1420 σταυρὸν
3010 1347 3335 1419 βλεπόντων,
3364 1349 3393 1402 6
3419 1347 3516 1418 μὲν
3540 1349 3777 1419 πονηρὸς

2205 1442 2312 1495 τῶν
2329 1440 2666 1514 ἁμαρτωλῶν
2685 1440 2912 1505 θάνατος
2937 1439 3038 1494 οὑκ
3062 1441 3366 1511 ἐνεργεῖται
3391 1455 3406 1470 ο
3442 1441 3476 1511 ἡ
3511 1439 3568 1493 δὲ
3592 1441 3777 1507 ἐγκει-

2211 1536 2346 1607 μένη
2379 1539 2444 1607 τῇ
2476 1537 2639 1608 σαρκὶ
2677 1536 2819 1590 κατὰ
2847 1535 2941 1589 τοῦ
2971 1534 3278 1606 πνεύματος
3315 1533 3578 1604 ἐπιθυμία
3600 1533 3683 1596 εἰς
3713 1531 3777 1602 τὸ

2207 1627 2463 1692 παντελὲς
2484 1628 2585 1681 οὑκ
2625 1627 2889 1682 ἀπόλωλε.
2935 1627 3044 1681 Καὶ
3075 1629 3182 1698 γὰρ
3209 1626 3303 1681 καὶ⁵
3338 1629 3395 1680 ἐν
3420 1629 3532 1689 τοῖς
3564 1627 3777 1688 πιστοῖς

2207 1721 2504 1802 ἐνεργεῖται
2562 1718 2822 1784 πολλάκις
2867 1719 2968 1788 τῆς
3027 1718 3322 1789 ἐπιθυμίας
3367 1717 3435 1770 τά
3489 1717 3773 1788 δήγματα·

2208 1809 2322 1862 ἀλλ’
2359 1811 2388 1862 6
2435 1810 2570 1882 πρὸς
2603 1810 2695 1864 τὸν
2732 1809 2826 1863 ἐπὶ
2859 1809 3014 1874 ξύλου
3051 1808 3331 1879 ὑψωθέντα
3364 1807 3594 1878 βλέπων,
3624 1808 3779 1861 ἀπω-

2134 1885 2179 1941 Β
2208 1899 2378 1954 θεῖται
2429 1900 2488 1954 τὸ
2524 1900 2714 1965 πάθος,
2756 1896 2866 1954 οἷόν
2904 1917 3010 1954 τινι
3041 1899 3315 1972 φαρμάκῳ
3337 1897 3415 1969 τῷ
3433 1899 3530 1970 τῆς
3557 1898 3778 1967 ἐντολῆς

2209 1991 2358 2064 φόϐῳ
2379 1991 2470 2046 τὸν
2496 1991 2571 2046 ἱὸν
2608 1992 2844 2063 διαχέας.

2279 2085 2352 2138 Τὸ
2371 2085 2426 2138 δὲ
2446 2085 2508 2137 σύ
2517 2083 2708 2156 μὸολον
2740 2080 2878 2140 εἶναι
2904 2083 3000 2138 τοῦ
3029 2083 3169 2137 κατὰ
3191 2082 3283 2136 τὸν
3313 2082 3541 2152 σταυρὸν
3573 2096 3780 2150 μυστη-

2211 2174 2327 2249 ρίου
2365 2177 2455 2230 τὸν
2470 2177 2748 2247 ὑψωθέντα
2777 2177 2899 2246 ὅφιν
2940 2179 2999 2232 ἐν
3029 2179 3095 2248 τῇ
3131 2178 3340 2249 ἐρήμῳ,
3363 2173 3606 2246 φανερῶς
3637 2174 3782 2227 διδά-

2211 2271 2379 2341 σκειὴ
2403 2269 2495 2323 τοῦ
2510 2268 2642 2322 Θεοῦ
2662 2268 2812 2340 φωνὴ
2841 2269 2898 2322 ἐν
2928 2263 3008 2332 οἷς
3024 2284 3206 2338 φησιν,
3236 2268 3316 2320 ὅτι
3343 2286 3360 2319 ι
3383 2265 3577 2330 Καθὼς
3593 2265 3781 2336 ὑψιιισε

2208 2362 2299 2415 τὸν
2323 2360 2444 2432 ὅφιν
2475 2360 2713 2431 Μωὺσῆς
2751 2360 2810 2414 ἐν
2836 2362 2903 2430 τῇ
2943 2360 3153 2430 ἐρήμῳ,
3197 2357 3364 2420 οὕτως
3397 2355 3682 2427 ὑψωθῆναι
3706 2357 3783 2410 δεῖ

2209 2454 2300 2506 τὸν
2325 2453 2451 2506 Υἱὸν
2473 2451 2566 2505 τοῦ
2588 2451 2893 2522 ἀνθρώπου.
2928 2471 2946 2504 ι
2980 2451 3148 2506 Πάλιν
3180 2452 3247 2520 τῇ
3280 2449 3455 2520 οἰκεία
3485 2449 3605 2520 ὀδῷ,
3639 2450 3784 2503 κατά

2209 2562 2332 2599 τινα
2360 2544 2536 2616 κακὴν
2578 2543 2916 2609 ἀκολουθίαν,
2957 2543 2993 2613 ὴ
3031 2542 3274 2614 ἁμαρτία
3297 2542 3646 2614 προέρχεται,
3674 2536 3784 2595 οἷον

2211 2635 2386 2708 εἰρμῷ
2409 2654 2514 2690 τινι
2538 2633 2760 2706 πονηρῷ
2786 2633 2925 2688 κατὰ
2955 2632 3016 2686 τὸ
3047 2633 3335 2688 ἀκόλουθον
3357 2631 3619 2704 προϊοῦσα
3642 2648 3661 2664 ο
3690 2632 3786 2684 καὶ

2211 2728 2240 2781 6
2270 2726 2586 2798 νομοθέτης,
2621 2725 2869 2795 καθάπερ
2892 2741 2974 2787 τις
3004 2724 3209 2796 ἰατρὸς,
3237 2726 3304 2795 τῇ
3328 2723 3422 2776 τοῦ
3440 2723 3608 2777 κακοῦ
3642 2723 3786 2792 φορᾷ

2214 2817 2635 2889 συμπαρατεὶνει
2657 2817 2755 2888 τὴν
2778 2814 3094 2888 θεραπείαν.
3125 2813 3345 2885 Ἐπειδὴ
3373 2814 3480 2886 γὰρ
3501 2815 3787 2885 ἄπρακτον

2213 2907 2425 2976 ἐγένετο
2449 2905 2509 2960 τὸ
2530 2906 2713 2977 δῆγμα
2734 2903 2842 2958 τῶν
2871 2904 3046 2974 ὄφεων
3065 2905 3176 2967 τοῖς
3203 2906 3283 2965 εἱς
3318 2902 3378 2955 τὸ
3407 2902 3662 2974 ὁμοίωμα
3693 2901 3784 2954 τοῦ

2213 3000 2388 3068 ὄφεως
2415 2997 2666 3068 βλέπουσι
2707 2999 2867 3067 (νοεῖς
2899 2995 2957 3050 δὲ
2988 2995 3203 3060 πάντως
3229 2994 3316 3048 διὰ
3341 2995 3449 3048 τῶν
3479 2995 3788 3067 εἰρημένων

2213 3091 2274 3145 τδ
2303 3089 2570 3161 αἴνιγμα),
2613 3087 2744 3160 άλλη
2798 3086 3016 3158 μέθοδος
3063 3086 3337 3158 ἁμαρτίας
3372 3088 3668 3140 ἐπινοεῖται
3711 3085 3790 3155 τῷ

2217 3180 2470 3244 ποικίλως
2498 3180 2566 3234 τὰ
2591 3179 2812 3233 τοιαῦτα
2839 3178 2961 3232 καθ’
2997 3177 3155 3250 ἡμῶν
3200 3179 3585 3248 σοφιστεύοντι.
3621 3179 3695 3230 Ὅ
3727 3176 3791 3249 δὴ

2210 3275 2305 3328 καὶ
2337 3273 2432 3326 νῦν
2457 3275 2513 3326 ἐν
2538 3271 2750 3335 πολλοῖς
2779 3270 2905 3324 ίδεῖν
2934 3269 3049 3323 ἐστι
3068 3269 3373 3340 γινόμενον.
3411 3268 3801 3347 Ἐπειδὲ

2210 3380 2351 3426 τινες
2380 3361 2466 3416 διὰ
2488 3361 2920 3439 σωφρονεστέρου
2948 3359 3062 3432 βίου
3083 3359 3145 3412 τὸ
3167 3360 3264 3432 τῆς
3290 3359 3580 3433 ἐπιθυμίας
3587 3359 3787 3437 ἡπΛᾲ-ίῂς

2211 3439 2510 3510 κοῑᾶἀῶῐτώ
2532 3471 2546 3483 ⁸
2588 3457 2679 3508 ἐπὶ
2706 3455 2806 3525 τὴν
2859 3452 3156 3526 ἱερωσύνην
3198 3455 3419 3515 ἑαυτοὺς
3445 3451 3791 3515 εἰσωθοῦσιν,

2212 3533 2584 3619 ἀνθρωπίναις
2597 3529 2948 3618 περιδρομαῖς
2999 3543 3092 3597 καὶ
3133 3531 3794 3624 αὑτοχειροτονητοιρςξξρ-

2215 3637 2341 3709 paTg’
2375 3639 2453 3701 εἰς
2475 3638 2572 3708 τῆν
2608 3635 2914 3706 οἰκονομίαν
2945 3633 3038 3686 τοῦ
3063 3631 3197 3687 Θεοῦ
3231 3630 3794 3705 ἐξυϐρίζοντες,-ςπρρς

2210 3724 2432 3798 τοίύῖτην
2462 3729 2583 3798 ἄγει
2603 3728 2699 3799 τὴν
2737 3727 2912 3796 κακὴν
2960 3716 3370 3805 τῆςάμαρτίας
3397 3717 3731 3805 ’άκολσυθίαν

2212 3814 2426 3890 arma;
2452 3817 2689 3888 ἱστορίας
2742 3805 2982 3888 ἐνεργεῖν
3021 3805 3091 3868 τά
3131 3799 3280 3869 κακᾶ
3322 3807 3434 3878 τοῖς
3463 3799 3792 3884 άνθρὼποις

2214 3908 2701 3981 κατηγῐρούμενος.
2745 3908 2958 3979 Ἐπειδὴ
3000 3907 3111 3977 γάρ
3162 3907 3438 3964 ἐπαύσατο
3479 3907 3512 3976 ἡ
3564 3905 3636 3974 γῆ
3663 3908 3795 3973 τοὺς

2213 4001 2364 4070 ὄφεις
2407 3999 2546 4053 κατὰ
2575 3999 2683 4052 τῶν
2708 3996 3114 4068 ἐπιθυμούντων
3151 3996 3436 4061 ὠδίνουσα,
3474 3995 3560 4048 διά
3581 3994 3686 4064 τῆς
3714 3995 3794 4056 εἱς

2213 4093 2305 4145 τὸν
2330 4090 2610 4161 ὑψωθέντα
2628 4091 2720 4142 ἐπὶ
2751 4087 2904 4154 ξύλου
2926 4089 3184 4152 πίστεως,
3216 4088 3310 4141 καὶ
3338 4087 3614 4160 κρείττους
3639 4087 3796 4140 ἐπεί-

2217 4185 2420 4256 σθησαν
2450 4179 2590 4237 εῖναι
2625 4181 2733 4256 τῶν
2764 4179 2982 4236 ἰοϐόλων
3021 4180 3338 4250 δηγμάτων,
3373 4179 3495 4234 τότε
3530 4179 3625 4233 τοῦ
3668 4179 3794 4233 κατ’

2216 4275 2508 4346 ἐπιθυμίαν
2543 4273 2745 4339 πάθους
2788 4269 3186 4336 ὑπεξελθόντος,
3214 4274 3248 4343 ή
3287 4272 3387 4342 τῆς
3413 4271 3796 4342 ὑπερηφανίας

2215 4367 2615 4437 ἁντεισέρχεται
2640 4363 2812 4426 νόσος.
2842 4363 2954 4417 Καὶ
2979 4363 3233 4417 ταπεινὸν
3263 4358 3406 4416 εἶναι
3434 4363 3715 4433 κρίνοντες
3731 4363 3796 4416 τὸ

2217 4460 2510 4530 φυλάσσειν
2545 4459 2631 4528 ἐφ’
2680 4455 2889 4510 ἑαυτῶν
2926 4455 3027 4527 τὴν
3051 4455 3206 4521 τάξιν
3247 4457 3332 4524 ἐφ’
3359 4450 3426 4527 ἧς
3457 4454 3792 4524 ἐτάχθησαν,

3505 3332 3688 3343 ὀυ’-Ἆ-

551 4559 676 4606 rant
726 4550 992 4607 divinitus
1050 4553 1335 4608 consecuti
1368 4571 1381 4607 :
1421 4555 1519 4610 sed
1557 4557 1717 4611 multi
1764 4566 1925 4614 terrae
1964 4559 2109 4614 hiatu

2220 4551 2532 4606 εἱσωθοῦσιν
2579 4551 2805 4613 ἑαυτοὺς
2858 4549 2938 4610 εἰς
2971 4547 3153 4618 τὸτῆς
3204 4545 3499 4619 ἱερωσύνης
3546 4545 3791 4617 ἀξίωμα,

553 4643 798 4712 absorpti
832 4645 1135 4714 perierunt,
1178 4645 1376 4717 reliqui
1408 4645 1736 4706 fulminibus
1797 4650 2110 4723 conﬂagra-

553 4743 699 4789 runt.
732 4733 900 4791 Docet
929 4735 1116 4808 igitur,
1157 4753 1280 4792 meo
1302 4737 1533 4808 judicio,
1567 4740 1653 4797 his
1684 4741 1938 4808 historia,
2002 4755 2117 4799 ter-

554 4825 761 4878 minum
791 4825 1068 4890 elationis,
1100 4843 1222 4898 quae
1247 4825 1307 4882 ﬁt
1349 4843 1416 4882 ex
1443 4829 1735 4900 superbia;
1782 4831 2113 4887 descensum

552 4933 677 4971 esse
703 4919 769 4970 ad
800 4915 1156 4973 subterranea
1183 4938 1196 4974 :
1231 4934 1330 4976 nec
1365 4921 1463 4976 abs
1497 4938 1555 4976 re
1583 4921 1818 4978 fortasse
1845 4925 2113 4994 quisinde

555 5009 792 5078 abrepta
815 5009 1104 5066 occasione
1132 5011 1206 5066 ita
1241 5013 1551 5082 superbiam
1579 5013 1873 5078 deﬁnierit,
1907 5016 2128 5095 ευμεν-⁸

554 5098 645 5153 bia
676 5108 760 5154 est
801 5098 1098 5158 descensus
1145 5104 1212 5158 ad
1262 5103 1560 5160 inferiora:
1587 5106 1732 5177 quod
1770 5107 1816 5164 si
1849 5105 2117 5175 visverbi,

557 5197 614 5244 ut
643 5189 828 5246 multis
867 5191 1103 5260 videtur,
1141 5195 1480 5250 contrarium
1530 5197 1782 5252 ostendat
1821 5198 2116 5270 (superbus

552 5283 696 5337 enim
727 5284 821 5355 qui
855 5299 1022 5355 super
1049 5286 1186 5343 alios
1217 5296 1322 5353 est,
1364 5287 1473 5343 dici
1505 5289 1742 5359 videtur)
1784 5305 1908 5356 non,
1941 5293 2115 5347 admi-

551 5376 762 5432 raberis
791 5393 806 5431 :
837 5377 1120 5434 veritatem
1196 5379 1340 5433 enim
1399 5377 1599 5434 divina;
1670 5381 1908 5436 historize
1959 5384 2112 5453 sequi

554 5467 716 5528 malo,
768 5481 932 5536 quam
978 5469 1255 5522 nominum
1298 5469 1696 5538 impositionem
1730 5491 1743 5526 :
1774 5488 1902 5528 nam
1947 5477 1992 5530 si
2024 5477 2117 5545 qui

555 5570 615 5610 se
664 5572 828 5627 super
863 5558 1002 5614 alios
1053 5557 1308 5630 praferre
1350 5561 1556 5625 volunt,
1602 5562 1754 5620 hiatu
1808 5574 1968 5621 terrai
2022 5569 2119 5625 de-

555 5648 742 5714 mersi,
781 5647 851 5703 ad
898 5649 1084 5704 inﬁma
1131 5649 1427 5710 decidunt:
1462 5668 1572 5712 non
1594 5663 1676 5712 est
1718 5661 2115 5717 contemnenda

613 5821 830 5880 “Joan.
873 5841 951 5893 ut,
990 5825 1075 5884 Η.

2219 4641 2576 4712 παρώσασθαι
2612 4643 2736 4703 τοὺς
2799 4638 2970 4711 παρὰ’
3004 4637 3099 4690 τοῦ
3132 4637 3266 4691 Θεοῦ
3306 4639 3405 4706 τὴν
3447 4637 3798 4709 λειτουργίαν

2218 4735 2420 4805 ταύτην
2466 4732 2729 4804 λαχόντας
2779 4729 3267 4800 φιλονεικήσαντες,
3299 4727 3348 4782 οἶ
3388 4729 3625 4799 χάσματι
3649 4729 3794 4781 ὑπο-

2217 4827 2510 4899 ληφθέντες
2561 4823 3012 4896 ἐξηφανίσθησαν.
3072 4821 3145 4875 Τὸ
3186 4820 3243 4874 δὲ
3277 4821 3398 4874 ὅσον
3429 4820 3568 4891 ὑπὲρ
3594 4821 3700 4892 γῆς
3724 4817 3796 4892 ἦν

2216 4920 2310 4973 τοῦ
2360 4919 2599 4972 τοιούτου
2648 4916 3039 4986 συντάγματος,
3086 4914 3368 4986 κεραυνοῖς
3411 4912 3791 4984 κατεπρήσθηθ

2217 5011 2576 5075 διδάσκοντος,
2618 5005 2794 5081 οἶμαι,
2830 5005 2917 5061 τοῦ
2965 5005 3122 5075 λόγου
3149 5005 3236 5058 διὰ
3269 5003 3370 5075 τῆς
3408 5004 3664 5075 ἱστορίας,
3708 5004 3794 5056 ὅτι

2220 5105 2391 5176 πέρας
2440 5104 2556 5156 ἐστὶ
2596 5102 2696 5172 τῆς
2731 5099 2854 5154 καθ’
2887 5097 3262 5169 ὑπερηφανίαν
3299 5098 3600 5168 ἐπάρσεως,
3638 5097 3672 5167 ἡ
3709 5098 3794 5159 είς

2218 5198 2278 5250 τὸ
2307 5197 2554 5265 ὑπόγειον
2586 5194 2829 5258 κάθοδος.
2850 5192 2962 5247 Καὶ
2979 5192 3120 5262 τάχα
3150 5208 3233 5255 τις
3262 5190 3349 5244 διὰ
3376 5189 3576 5244 τούτων
3608 5187 3795 5260 ὁρμῶ-

2221 5305 2401 5359 μενος,
2431 5289 2531 5340 οὑκ
2564 5285 2864 5347 ἀπεικότως
2913 5283 3095 5339 ἄνοδον
3134 5283 3226 5334 ἐπὶ
3252 5281 3312 5334 τὸ
3334 5282 3483 5336 κάτω
3499 5279 3597 5351 τὴν
3621 5281 3794 5350 ὑπερ-

2219 5381 2454 5452 ηφανίαν
2469 5379 2728 5451 ὁρίσαιτο.
2757 5379 2820 5431 Εἰ
2847 5377 2902 5431 δὲ
2929 5376 3065 5448 πρὸς
3084 5374 3144 5428 τὸ
3162 5373 3402 5427 ἐναντίον
3424 5375 3490 5445 τῇ
3522 5371 3631 5426 τῶν
3657 5371 3792 5423 πολ-

2217 5474 2325 5527 λῶν
2381 5472 2643 5541 ὑπολήψει
2689 5469 2914 5541 φέρεται
2949 5471 2983 5540 ἠ
3008 5469 3234 5530 διάνοια,
3267 5466 3430 5537 ῃδέν
3456 5464 3746 5535 θαυμάσῃς
3769 5478 3786 5493 ⁸

2215 5570 2327 5630 τοῖς
2359 5565 2465 5636 γὰρ
2491 5563 2701 5626 πολλοῖς
2721 5562 2868 5615 δοκεῖ
2901 5559 2963 5612 τὸ
2986 5560 3124 5630 ὑπὲρ
3147 5557 3274 5622 τοὺς
3307 5556 3498 5620 ἄλλους
3520 5551 3673 5618 εἶναι,
3704 5551 3789 5624 τῷ

2216 5659 2438 5722 ὀνόματι
2483 5657 2582 5726 τῆς
2619 5650 2994 5729 ὑπερηφανίας
3051 5647 3428 5721 σημαίνεσθαι.
3481 5646 3544 5700 Ἦ
3587 5645 3643 5699 δέ
3673 5641 3790 5697 τῶν
