3982 6476
181 396 277 453 ιη

1498 393 1587 448 DE
1632 393 1791 450 VITA
1834 394 2111 452 MOYSIS.

3336 405 3436 462 ιιι

184 508 567 583 ἱστορηθέντων
598 508 825 581 ἀλήθεια
862 508 1071 580 βαϐαιοῖ
1098 510 1188 563 τὸν
1225 511 1490 583 ἡμέτερον
1517 510 1662 580 ὅρον.
1688 510 1750 563 El

1861 512 2118 577 deﬁnitio,
2147 526 2271 566 cum
2301 512 2555 577 dicimus,
2611 528 2802 567 casum
2858 511 2925 566 ad
2972 511 3183 579 inﬁma,
3226 532 3423 588 super-

180 598 281 669 γὰρ
318 596 368 648 οί
402 596 540 667 ὑπὲρ
565 598 691 659 τοὺς
716 596 905 661 ἄλλους
934 598 1157 661 ἑαυτοὺς
1188 598 1438 667 ἄραντες,
1472 597 1623 650 κάτω
1652 614 1756 650 που

178 689 495 752 κατέδυσαν,
518 690 759 759 χάσματι
786 690 885 760 τῆς
931 689 1034 758 γῆς
1067 686 1424 759 διασχούσης·
1456 688 1555 740 οὐκ
1579 686 1644 741 ἄν
1675 704 1769 761 τις

179 782 474 853 καταγνοίη
531 781 625 834 τοῦ
677 781 825 851 ὃρου,
887 781 980 834 τοῦ
1030 781 1126 851 τὴν
1194 780 1607 851 ὑπερηφανίαν,
1658 779 1758 850 τὴν

179 875 473 928 κατωτάτω
494 871 702 925 πτῶσιν
732 868 890 933 εἶναι,
906 870 1242 943 ὁριζομένου.
1277 872 1419 943 Πρὸς
1442 870 1614 924 ταῦτα
1642 870 1760 941 βλέ-

178 982 396 1031 ποντας,
432 964 745 1036 μετριάζειν
768 962 1012 1016 παιδεύει
1042 964 1070 1014 6
1095 963 1357 1033 Μωῡσῆς,
1389 963 1482 1015 καὶ
1507 962 1581 1034 μὴ
1603 960 1759 1014 ὲπαίο

180 1058 364 1128 ρεσθαι
390 1059 501 1118 τοῖς
544 1054 984 1127 κατορθώμασιν,
1020 1054 1134 1109 ἀλλ’
1158 1054 1246 1108 ἀεὶ
1273 1053 1335 1107 τὸ
1366 1053 1538 1126 παρὸν
1562 1050 1621 1107 εὖ
1645 1054 1761 1108 δια-

175 1149 438 1205 τίθεσθαι.
455 1149 859 1235 Οίέχάρξπειδὴ
876 1149 984 1201 τῶν
1224 1148 1451 1218 γέγονας
1476 1148 1757 1220 κρείττων,

175 1242 279 1319 ἢδη
292 1240 451 1319 σοιτνὺ
470 1226 757 1319 ἀνεύθυνον
866 1239 1037 1311 ἑτέρῳ
1053 1239 1183 1292 εἴδει
1203 1238 1407 1302 πάθους
1422 1238 1756 1294 ἁλίσκεσθαι.

176 1308 1415 1417 ῄέιὲἆεεέεῖέεξέιεέρηρένέοιεένῄξάἒφς
1438 1326 1495 1415 ᾖ·
1520 1329 1761 1403 Δέρειορά

175 1411 587 1498 δὲψπὶωμάτων
629 1425 687 1477 ὲν
708 1426 774 1495 τῇ
807 1422 916 1498 τῶν
949 1411 1643 1495 παθημάτῶνηπαραλλαγῇ
1667 1422 1757 1476 ού-

173 1488 535 1597 τῷ
562 1488 1031 1597 λείῳτῆςνζῄδοκνῇς
1060 1488 1427 1586 ἐνολισθήσας,
1463 1488 1718 1568 πέπτῶκε
1740 1530 1754 1544 ·

175 1588 441 1663 δῖῗδιά
467 1610 565 1678 τῆς
585 1588 1417 1680 ὑπερηφανίαςὑποσκελισθεὶς,
1454 1608 1755 1678 ἀνετράπη.

174 1701 341 1754 Οὐδὲν
370 1701 426 1753 δὲ
454 1688 888 1771 καταπτώματδς
906 1697 1045 1763 εἶδος
1072 1698 1287 1771 αἱρετὸν
1313 1699 1390 1771 τῷ
1418 1699 1541 1753 νοῦν
1559 1699 1755 1770 ἔχοντι.

184 1791 327 1846 Ἀλλ’
358 1792 553 1861 ἐπίσης
578 1792 685 1844 πᾶν
716 1790 917 1862 πτῶμα
944 1790 1198 1860 φευκτὸν,
1233 1790 1337 1854 ἓως
1374 1790 1443 1843 ἂν
1464 1787 1664 1859 πτῶμα

1860 603 2004 658 biam
2037 618 2180 659 esse.
2214 602 2310 659 llis
2339 604 2503 673 igitur
2532 604 2840 659 moderatos
2872 620 2973 659 nos
3021 603 3236 676 Moyses
3280 605 3432 669 facit,

1858 694 2128 765 docetque
2161 711 2269 749 non
2308 697 2493 750 extolli
2522 696 2686 751 rebus
2726 697 2865 751 bene
2888 697 3075 766 gestis,
3100 697 3193 751 sed
3220 712 3432 770 semper

1858 786 2003 855 quod
2056 785 2211 841 adest
2247 794 2301 841 et
2354 788 2521 842 instat
2566 787 3022 850 animadvertere,
3074 795 3330 857 recteque
3381 788 3431 843 id

1858 876 2169 946 disponere.
2204 875 2324 931 Non
2364 877 2509 931 enim
2559 878 2819 946 quoniam
2866 878 3201 947 voluptatem
3265 893 3433 947 supe-

1860 970 2018 1034 rasti,
2053 971 2205 1025 nullo
2240 971 2446 1025 idcirco
2476 972 2709 1040 amplius
2761 969 2951 1024 morbo
2977 970 3190 1024 devinci
3229 978 3427 1037 potes:

1858 1063 2039 1117 omnis
2070 1061 2237 1116 animi
2264 1063 2489 1117 morbus
2520 1077 2583 1116 ac
2617 1062 2974 1131 perturbatio,
3005 1077 3170 1117 casus
3204 1063 3430 1132 quidam

1859 1163 1945 1213 est
1977 1174 1991 1211 :
2026 1171 2259 1225 cumque
2285 1156 2728 1230 perturbationes
2757 1156 2901 1208 inter
2932 1169 2991 1208 se
3026 1154 3301 1214 diﬂ‘erant.
3347 1169 3433 1208 ca-

1860 1265 1956 1305 sus
1988 1255 2171 1302 tamen
2198 1261 2308 1302 non
2339 1246 2613 1301 diﬂerunt.
2636 1246 2818 1312 Quare
2852 1246 2996 1300 sicut
3030 1262 3126 1317 per
3161 1246 3427 1307 lubricam

1858 1336 2196 1405 voluptatem
2231 1335 2507 1405 quispiam
2552 1335 2739 1403 lapsus
2776 1334 3001 1398 decidit,
3058 1336 3138 1390 sic
3176 1335 3429 1405 superbia

1859 1422 2151 1478 intricatus
2180 1438 2245 1478 ac
2273 1423 2592 1479 submersus
2614 1423 2833 1478 decidit.
2863 1422 3083 1477 Nullum
3116 1431 3301 1480 autem
3330 1439 3430 1479 ex-

1858 1518 2006 1583 petet
2038 1526 2225 1567 casum
2254 1527 2494 1582 unquam
2523 1511 2616 1581 qui
2662 1514 2860 1567 mentis
2910 1527 3136 1582 compos
3181 1519 3289 1576 est,
3332 1511 3429 1568 sed

1856 1602 2140 1672 aequaliter
2168 1616 2382 1657 omnem
2424 1617 2639 1670 semper
2674 1602 2900 1657 evitabit
2933 1617 2997 1656 ac
3042 1601 3212 1673 fugiet
3246 1619 3259 1656 :
3291 1616 3429 1671 qua-

1858 1699 2081 1762 propter
2123 1691 2168 1745 si
2210 1706 2371 1761 quem
2415 1690 2619 1744 videris
2648 1689 2823 1743 aliena
2870 1690 3147 1758 voluptate
3189 1687 3431 1758 superio-

1859 1797 1995 1845 rem,
2046 1789 2106 1835 ut
2151 1781 2288 1837 alios
2324 1779 2598 1835 excedens
2658 1780 2907 1832 videatur
2954 1778 3263 1833 sacerdotio
3322 1785 3431 1831 stu-

182 1885 264 1946 Ὦς
296 1884 354 1935 εἴ
378 1900 498 1935 τινα
546 1884 639 1936 καὶ
675 1881 784 1935 τῶν
828 1881 924 1937 νῦν
953 1881 1169 1953 βλέποις
1203 1884 1261 1935 ὲν
1316 1881 1471 1953 μέρει
1517 1882 1624 1934 τινὶ
1658 1880 1751 1934 τοῦ

1861 1870 2003 1935 dere,
2054 1873 2201 1926 hunc
2257 1879 2388 1942 puta
2431 1871 2584 1925 illum
2637 1884 2781 1936 esse,
2833 1869 2927 1939 qui
2972 1884 3139 1940 prava
3195 1869 3432 1923 elatione

172 1972 317 2027 κατὰ
350 1973 446 2034 τὰς
474 1970 666 2041 ἡδονὰς
683 1971 937 2042 άρρωστή
947 1987 1112 2041 ματος
1128 1968 1521 2042 καθαρεύοντα,
1544 1968 1748 2041 σπουδῇ

169 2064 221 2118 δὲ
248 2065 419 2119 πάλιν
446 2063 541 2115 τοῦ
568 2064 744 2117 δοκεῖν
772 2063 914 2135 ὑπὲρ
938 2064 1064 2126 τοὺς
1094 2062 1284 2127 ἄλλους
1318 2059 1475 2126 εἶναι,
1500 2060 1637 2133 πρὸς
1656 2060 1756 2131 τὴν

170 2154 477 2226 ἱερωσύνην
540 2153 730 2207 ἑαυτὸν
777 2152 1141 2206 είσωθοῦντα·
1176 2152 1363 2207 τοῦτον
1410 2154 1614 2205 ἐκεῖνον
1642 2151 1755 2205 οίου

171 2244 391 2315 βλέπειν
403 2243 494 2297 τὸν
512 2244 568 2295 ὲν
584 2242 661 2313 τῷ
678 2241 930 2313 ύψώματι
946 2242 1045 2313 τῆς
1070 2241 1446 2313 ὑπερηφανίας
1468 2242 1752 2297 πίπτοντα.

166 2334 423 2389 Διδάσκει
478 2333 588 2405 γὰρ
646 2336 703 2386 ὲν
757 2335 870 2396 τοῖς
915 2332 1111 2401 ἑφεξῆς
1155 2334 1183 2386 ό
1221 2331 1403 2403 νόμος,
1430 2332 1511 2384 ὅτι
1543 2330 1683 2383 θεῖόν
1703 2348 1756 2383 τι

166 2427 363 2498 χρῆμά
388 2427 535 2478 ἐστιν
566 2427 600 2496 ἡ
638 2423 924 2495 ἱερωσύνη,
958 2424 1051 2477 καὶ
1088 2422 1187 2476 οὐκ
1212 2422 1568 2495 ἀνθρώπινον.
1601 2421 1757 2475 Διδά-

168 2537 285 2573 σκει
322 2520 383 2573 δὲ
413 2517 607 2581 οὕτως’
654 2517 907 2580 Ῥάὸδους
942 2517 1069 2587 παρ’
1094 2516 1330 2587 ἑκάστης
1352 2516 1525 2586 φυλῆς
1556 2515 1650 2569 ἐπὶ
1680 2514 1756 2586 τῷ

164 2612 395 2681 ὀνόματι
432 2608 540 2662 τῶν
568 2608 875 2661 δεδωκότων
898 2608 1312 2679 κατασημήνας,
1330 2608 1623 2679 προτίθησι
1659 2608 1755 2661 θυ-

164 2703 497 2775 σιαστηρίῳ
538 2700 678 2754 ὥστε
717 2700 817 2771 τῆς
846 2698 1049 2753 ἄνωθεν
1081 2688 1414 2770 χειροτονίας
1451 2700 1758 2772 μαρτυρίαν

162 2794 431 2864 γενέσθαι
492 2792 591 2862 τὴν
646 2791 857 2861 ῥάϐδον,
910 2791 1148 2863 θαύματί
1178 2809 1283 2845 τινι
1315 2793 1444 2863 θείῳ
1481 2794 1632 2865 παρὰ
1660 2794 1758 2857 τὰς

159 2888 335 2949 ἄλλας
381 2886 678 2956 γενομένην
730 2884 1020 2954 ἐπίσημον.
1066 2884 1172 2937 Καὶ
1220 2887 1510 2954 γενομένου
1544 2884 1755 2945 τούτου,

157 2982 215 3034 αἱ
255 2980 365 3049 μὲν
419 2977 528 3029 τῶν
575 2975 747 3029 ἄλλων
784 2975 990 3046 ῥάϐδοι,
1044 2975 1179 3045 ὅπερ
1227 2970 1397 3045 ἦσαν,
1442 2974 1756 3045 διέμεινανο

158 3072 194 3140 η
210 3068 271 3121 δὲ
295 3066 398 3120 τοῦ
428 3066 616 3137 ἱερέως
640 3064 777 3132 αύτὴ
801 3065 857 3115 ἐν
886 3064 1050 3133 ἑαυτῇ
1085 3062 1395 3133 ῥιζωθεῖσα,
1428 3064 1489 3116 ού
1506 3064 1593 3118 διά
1614 3080 1754 3126 τινος

154 3158 460 3228 ἀλλοτρίας
512 3154 756 3225 ἰκμάδος,
820 3152 955 3205 ἀλλὰ
991 3153 1091 3221 τῆς
1125 3152 1306 3206 θεόθεν
1347 3154 1405 3205 ἐν
1434 3156 1568 3224 αὐτῇ
1610 3155 1756 3206 ἐντε-

158 3250 363 3320 θείσης
394 3247 697 3316 δυνάμεως,
736 3244 961 3308 κλάδους
991 3244 1087 3297 καὶ
1115 3244 1325 3314 καρπὸν
1350 3243 1717 3313 ἀνεϐλάστησε
1736 3261 1751 3274 θ

154 3342 253 3394 καὶ
287 3338 570 3410 προῆλθεν
603 3340 632 3391 ό
661 3336 872 3407 καρπὸς
908 3337 988 3399 εἱς
1026 3336 1324 3412 τελείωσιν.
1368 3336 1584 3406 Κάρνον
1607 3336 1663 3388 δὲ
1688 3332 1755 3407 ἦν

154 3436 183 3487 6
230 3418 481 3504 καρτῖδξέ
530 3414 948 3499 ὅῗῖγενομένοῦ,
995 3414 1131 3497 πρὸς
1160 3426 1412 3490 εὐταξίαν
1464 3427 1755 3497 ἐπαιδεύθη

153 3527 267 3578 πᾶν
295 3525 370 3577 τὸ
394 3523 655 3593 ὑπήκοον.
686 3522 845 3575 Νοείν
885 3521 943 3573 δὲ
978 3520 1243 3589 προσήκει
1277 3518 1365 3571 διὰ
1392 3517 1487 3570 τοῦ
1516 3517 1751 3590 καρποῦ,

152 3620 213 3671 δν
247 3621 284 3690 ἡ
322 3615 524 3689 ῥάϐδος
555 3614 852 3683 έὸλάστησε
879 3611 973 3665 τοῦ
1005 3610 1214 3682 ἱερέως,
1239 3604 1348 3663 οἷον
1379 3609 1483 3680 χρὴ
1506 3606 1644 3662 εἶναι
1665 3609 1755 3662 τὸν

151 3713 213 3766 ἑν
242 3707 527 3781 ἱερωσύνῃ
561 3705 692 3776 βίον,
726 3704 967 3775 ἐγκρατῆ
996 3720 1142 3768 τινα,
1172 3702 1267 3754 καὶ
1290 3701 1752 3770 κατεστυμμένον,

151 3803 252 3856 καὶ
290 3797 740 3872 περιεσκληκότα
767 3799 834 3866 τῇ
864 3792 1165 3863 φαινομένῃ
1197 3792 1307 3862 ζωῇ
1330 3808 1343 3821 ·
1376 3789 1583 3844 ἔνδοθεν
1610 3790 1665 3843 δὲ
1696 3790 1757 3842 τὸ

148 3895 437 3964 ἐδώδιμον
485 3892 541 3943 ὲν
590 3888 668 3960 τῷ
716 3886 946 3958 κρυπτῷ
988 3889 1081 3942 καὶ
1112 3884 1307 3951 ἀφανεῖ
1339 3880 1692 3951 περιέχονταο
1728 3880 1757 3933 ὃ

148 3986 279 4041 τότε
306 3983 777 4045 ἀνακαλύπτεται,
802 3980 929 4033 ὅταν
956 3973 1205 4044 πεπανθῇ
1236 3972 1313 4043 τῷ
1336 3972 1511 4042 χρόνῳ
1540 3972 1573 4041 ἡ
1613 3968 1756 4041 βρῶ-

1857 1966 2026 2020 animi
2050 1966 2115 2019 ad
2155 1964 2417 2019 inferiora
2447 1964 2805 2033 deprimatur.
2836 1964 3003 2018 Docet
3038 1963 3185 2018 enim
3232 1978 3326 2034 per
3361 1977 3429 2017 ea

1856 2073 1976 2129 quae
2010 2064 2314 2128 sequuntur
2334 2056 2584 2123 historia,
2611 2072 2721 2112 non
2754 2059 3050 2111 humanam
3083 2071 3195 2111 rem
3226 2071 3426 2125 quam-

1856 2148 1979 2203 dam
2012 2150 2108 2203 sed
2137 2148 2377 2202 divinam
2418 2148 2789 2203 sacerdotium
2836 2162 2981 2213 esse,
3033 2154 3087 2201 et
3123 2145 3283 2200 docet
3324 2145 3428 2201 hoc

1856 2241 2017 2295 modo
2053 2259 2066 2294 :
2102 2239 2299 2310 Virgas
2322 2240 2391 2293 ab
2424 2255 2749 2309 unaquaque
2774 2240 2920 2293 tribu
2952 2238 3152 2307 accipit
3191 2237 3425 2307 Moyses,

1855 2347 1949 2387 eas
1983 2332 2198 2385 illorum
2243 2332 2335 2401 qui
2369 2331 2637 2384 dederunt
2679 2330 2997 2384 nominibus
3020 2328 3325 2398 inscripsit,
3362 2343 3427 2381 ac

1856 2423 2210 2478 tabernaculo
2228 2423 2499 2491 apposuit.
2526 2418 2784 2475 Firmiter
2806 2419 2950 2475 enim
2973 2417 3248 2485 credebat,
3276 2418 3425 2488 quod

1856 2516 2124 2570 miraculo
2171 2515 2404 2584 quodam
2453 2528 2549 2582 per
2585 2514 2791 2581 virgam
2836 2527 3001 2582 quam
3048 2511 3430 2581 unusquisque

1856 2606 2055 2671 attulit,
2093 2608 2325 2675 desuper
2351 2605 2611 2660 sacerdos
2642 2603 3114 2673 manifestaretur;
3153 2618 3260 2673 quo
3278 2603 3428 2657 facto

1856 2700 2087 2752 aliorum
2122 2698 2339 2766 quidem
2381 2698 2545 2768 virgae
2576 2697 2719 2750 sicut
2751 2705 2931 2759 erant,
2967 2703 3420 2764 permanserunt:

1858 2804 1923 2844 ac
1950 2790 2205 2844 destinati
2238 2790 2502 2843 divinitus
2544 2786 2849 2844 sacerdotis
2877 2789 3032 2857 virga
3080 2802 3190 2842 non
3218 2787 3429 2842 extrin-

1858 2897 2018 2937 secus
2054 2881 2394 2942 humiditate,
2441 2879 2535 2933 sed
2580 2880 2780 2932 virtute
2814 2876 2906 2931 Dei
2953 2875 3427 2931 immissaradices

1860 2971 2207 3043 propagavit,
2240 2985 2425 3024 ramos
2447 2969 2653 3034 emisit,
2693 2977 2745 3021 et
2773 2966 3000 3021 ﬂoribus
3035 2974 3303 3021 exornata
3337 2967 3431 3020 de-

1859 3080 2006 3117 mum
2032 3062 2268 3116 fructum
2320 3062 2615 3131 produxit:
2664 3061 2875 3115 fructus
2926 3068 3044 3113 erat
3082 3076 3214 3113 nux.
3250 3058 3431 3125 Quare

1858 3155 2097 3223 graviter
2144 3153 2395 3224 castigati
2435 3154 2779 3223 quieverunt.
2830 3148 2935 3205 Sed
2962 3150 3107 3213 vide,
3157 3148 3431 3219 quomodo

1858 3244 2098 3313 undique
2154 3244 2495 3313 peregrinata
2545 3242 2789 3297 historia:
2849 3241 3033 3295 divina
3088 3241 3431 3311 providentia

1856 3349 1959 3389 nos
1983 3333 2181 3390 decet:
2222 3334 2326 3388 hoc
2356 3334 2499 3388 enim
2549 3333 2755 3396 fructu,
2804 3346 2963 3402 quem
3003 3330 3238 3385 Aaronis
3281 3329 3431 3399 virga

1856 3423 2122 3485 ediderat,
2179 3424 2357 3492 qualis
2407 3422 2602 3477 debeat
2646 3436 2770 3476 esse
2814 3420 3121 3476 sacerdotis
3162 3420 3271 3473 vita
3311 3434 3430 3473 mo-

1857 3532 2049 3571 nemur
2079 3537 2091 3570 :
2125 3531 2314 3585 aspera
2361 3518 2505 3571 enim
2550 3522 2607 3569 et
2653 3515 2941 3570 continens
2982 3514 3227 3583 duraque
3273 3512 3434 3566 debet

1859 3609 2101 3666 exterius
2136 3624 2276 3673 esse,
2297 3609 2441 3662 intus
2469 3616 2645 3661 autem
2663 3616 2717 3662 et
2740 3607 2795 3659 in
2819 3605 3036 3660 occulto
3065 3619 3232 3659 suave
3253 3603 3432 3674 quod-

1860 3701 1985 3755 dam
2016 3700 2256 3753 edulium
2290 3699 2593 3758 continere,
2649 3694 2795 3766 quod
2844 3703 2975 3747 tunc
3014 3692 3431 3757 manifestatur,

1862 3807 1985 3845 cum
2018 3799 2293 3844 maturum
2324 3790 2509 3853 fuerit,
2542 3797 2592 3843 et
2627 3797 2921 3857 corruptus
2958 3785 3121 3840 fuerit
3163 3786 3432 3855 stypticus

1862 3894 1926 3933 ac
1975 3877 2342 3933 circumfusus
2391 3886 2598 3941 cortex,
2643 3886 2696 3930 et
2738 3877 2913 3945 lignea
2965 3874 3140 3927 nuclei
3180 3880 3318 3929 testa
3340 3874 3434 3927 de-

1864 3970 2063 4024 fracta.

148 4097 268 4145 σις,
301 4078 411 4132 καὶ
440 4076 749 4149 περιρραγῇ
786 4073 848 4125 τὸ
876 4070 1074 4140 στύφον
1104 4066 1470 4139 περιῦόλαιον,
1495 4068 1588 4117 καὶ
1620 4062 1906 4134 περιτριδῇ
1936 4063 1996 4117 τὸ
2019 4061 2245 4130 ξυλῶδες
2271 4063 2446 4114 έκεῖνο
2475 4059 2569 4114 τοῦ
2594 4059 2853 4130 ἐδωδίμου
2882 4060 3271 4131 προκάλυμμα.

224 4265 301 4321 Εἰ
335 4262 404 4316 δέ
433 4272 576 4322 τίνος
611 4256 801 4329 ἱερέως
828 4252 1118 4322 λεγομένου
1158 4249 1493 4320 καταμάθοις
1519 4248 1610 4300 τὸν
1643 4246 1757 4316 βίον

1934 4242 2113 4309 Quare
2167 4240 2212 4295 si
2270 4238 2569 4295 sacerdotis
2613 4240 3007 4294 examinaveris
3056 4240 3245 4309 vitam.
3288 4238 3436 4293 inve-

150 4352 462 4427 μηλοειδῆ,
479 4350 571 4409 καὶ
594 4328 844 4408 εὔπνουν,
867 4344 958 4397 καὶ
974 4340 1281 4414 ῥοδόχρουν,
1304 4331 1405 4392 οἶοι
1428 4339 1533 4392 τῶν
1551 4336 1757 4390 πολλῶν

1862 4334 2120 4401 uerisque
2151 4330 2480 4385 redolentem
2533 4329 2824 4397 unguentis
2874 4342 2936 4381 ac
2965 4328 3127 4390 rosis,
3177 4328 3338 4397 bysso
3379 4336 3434 4380 et

144 4422 265 4499 ὲιέι
313 4443 515 4514 βύσσῳ
542 4440 635 4492 καλ¹
684 4434 940 4507 πορφύρᾳ
982 4432 1391 4500 διανθιζόμενοι,
1419 4431 1511 4482 καὶ
1542 4431 1659 4492 ταῖς
1680 4427 1757 4480 λι-

1865 4442 2100 4498 purpura
2129 4425 2427 4488 ﬂorentem,
2464 4439 2526 4476 ac
2574 4424 2775 4477 mensis
2825 4422 3118 4492 pinguibus
3165 4422 3435 4478 inhaereno

144 4538 387 4610 παροιῖς
409 4532 710 4606 τραπέζαις
759 4527 1189 4599 ὲμπιαινόμενοι,
1220 4525 1269 4576 οί
1304 4524 1394 4576 τὸν
1425 4522 1757 4591 διυλισμένον

1870 4531 1998 4586 tem,
2026 4519 2080 4572 in
2110 4532 2216 4587 qua
2253 4532 2360 4570 non
2405 4516 2735 4569 adhibentur
2759 4516 2865 4569 nisi
2908 4514 3166 4568 defaecata
3203 4524 3258 4567 et
3317 4517 3433 4569 cla-

142 4608 430 4689 πίνοντες
488 4620 649 4687 οἶνον,
690 4622 785 4675 καὶ
821 4620 890 4675 τά
940 4618 1133 4691 πρῶτα
1164 4616 1309 4687 μύρα
1338 4615 1635 4687 χριόμενοι,
1667 4611 1757 4665 καὶ

1866 4613 2082 4667 rissima
2106 4612 2254 4673 vina,
2310 4620 2363 4663 ct
2405 4616 2681 4679 unguenta
2727 4608 3149 4677 pretiosissima,
3197 4615 3252 4661 et
3286 4623 3435 4677 qua).

139 4722 255 4776 ὅσα
293 4718 449 4773 ἄλλα
489 4714 694 4783 γλυκέα
743 4714 892 4767 δοκεῖ
929 4711 1072 4766 κατὰ
1100 4710 1200 4781 τὴν
1240 4708 1527 4780 πρόχειρον
1572 4704 1757 4774 γεῦσιν

1868 4718 2083 4773 cunque
2123 4703 2227 4755 alia
2274 4701 2462 4757 suavia
2519 4701 2587 4755 iis
2632 4708 2855 4771 gustatu
2913 4699 3188 4762 videntur,
3231 4701 3431 4769 quibus

139 4816 271 4879 τοῖς
299 4812 413 4867 τὸν
456 4806 851 4863 ἀπολαυστικὸν
881 4805 1121 4876 ὁρίζουσι
1175 4802 1285 4872 βίον
1305 4816 1319 4831 ·
1356 4800 1534 4862 καλῶς
1567 4798 1633 4852 ἂν
1671 4797 1757 4850 ἐπὶ

1870 4796 1974 4851 hoc
2039 4796 2242 4851 saeculo
2306 4793 2412 4847 frui
2485 4800 3112 4863 proposuerunt:recte
3180 4790 3233 4845 in
3288 4792 3440 4847 hunc

136 4907 368 4961 τούτου
392 4901 454 4955 τὸ
480 4898 834 4969 εὐαγγελικὸν
854 4898 1049 4958 εἴποις,
1080 4895 1162 4948 ὅτι
1179 4893 1281 4946 Τὸν
1305 4892 1514 4962 καρπὸν
1531 4889 1757 4960 βλέπων,

1871 4887 2204 4959 evangelicis
2250 4888 2419 4941 uteris
2454 4885 2676 4939 verbis:
2710 4882 2969 4937 Fructum
3022 4883 3198 4948 video,
3251 4898 3435 4939 sacer-

136 4999 255 5052 οὐκ
286 4990 662 5062 ὲπιγινώσκω
673 4989 762 5043 διὰ
783 4987 877 5043 τοῦ
900 4985 1112 5057 καρποῦ
1132 4985 1194 5039 τὸ
1234 4983 1500 5055 ἱερατικὸν
1526 4981 1757 5052 δένδρον.

1872 4978 2105 5034 dotalem
2140 4978 2387 5031 arborem
2415 4991 2522 5029 non
2550 4989 2822 5046 cognosco
2848 4993 2860 5028 :
2891 4974 3031 5027 alius
3063 4982 3146 5029 est
3169 4976 3311 5029 enim
3343 4990 3436 5030 sa-

140 5089 377 5150 ’Δλλος
417 5087 447 5138 6
491 5084 591 5155 τῆς
626 5081 924 5154 ἱερωσύνης
978 5078 1210 5151 καρπὸς,
1245 5076 1340 5131 καὶ
1381 5070 1531 5136 οὗτος
1585 5071 1757 5135 ἄλλος.

1872 5068 2100 5124 cerdotii
2132 5067 2344 5122 fructus
2369 5067 2438 5122 ab
2470 5066 2595 5121 isto.
2653 5064 2746 5119 Ille
2788 5063 3174 5118 continentiam
3222 5062 3380 5117 habet
3418 5079 3433 5117 :

149 5182 435 5241 Ἐκεῖνος
462 5177 492 5229 ὁ
522 5153 754 5247 καρπδς,
800 5171 1096 5243 ἐγκράτεια
1136 5166 1236 5240 ἦν·
1275 5167 1454 5238 τρυφὴ
1491 5165 1549 5218 δὲ
1581 5156 1757 5228 οὗτος.

1866 5157 1956 5213 ille
1994 5157 2220 5213 delicias
2251 5175 2264 5212 :
2292 5156 2383 5211 ille
2419 5164 2636 5211 terrena
2696 5153 3020 5208 humiditate
3063 5168 3169 5207 non
3208 5153 3437 5223 pingue«

147 5275 437 5336 Ἐκεῖνος
462 5270 566 5325 οὐκ
591 5244 699 5324 άπὸ
719 5270 914 5340 γηῖνης
945 5265 1165 5338 ἰκμάδος
1189 5260 1534 5315 ὑπεπιαίνετο
1552 5274 1566 5289 ο
1589 5256 1757 5328 τούτῳ

1867 5250 1995 5316 scit,
2023 5250 2151 5305 huic
2198 5249 2355 5304 multi
2403 5264 2434 5303 e
2478 5255 2622 5301 terra
2660 5246 2999 5315 voluptatum
3043 5244 3270 5298 aliiuunt
3309 5244 3434 5297 rivi.

133 5366 201 5421 δὲ
234 5363 460 5417 πολλοὶ
488 5360 734 5415 κάτωθεν
763 5357 1109 5431 ἐπιρρέουσιν
1131 5354 1180 5406 οἱ
1212 5350 1319 5404 τῶν
1331 5348 1535 5420 ἡδονῶν
1564 5347 1763 5418 ὀχετοὶ,

130 5461 210 5514 δι’
281 5451 382 5512 ὧν
438 5456 573 5526 πρὸς
626 5453 725 5524 τὴν
765 5452 1016 5520 τοιαύτην
1053 5448 1201 5519 ὥραν
1235 5448 1268 5516 ὴ
1302 5443 1397 5497 τοῦ
1432 5441 1547 5512 βίου
1576 5439 1765 5512 ὀπώρα

130 5555 225 5607 διε
236 5548 602 5622 ρυθαίνεται.
622 5547 766 5598 Ὅτε
801 5544 858 5596 δὲ
888 5543 983 5596 καὶ
1027 5539 1213 5593 τούτου
1242 5535 1337 5590 τοῦ
1367 5534 1571 5597 πάθους
1597 5531 1766 5586 καθα-

135 5648 247 5718 ρὸν
270 5642 521 5711 ἐγένετο
552 5639 613 5693 τὸ
644 5638 882 5707 ὑπήκοον
900 5675 915 5698 ,
946 5633 1066 5687 τότε
1100 5630 1318 5695 διέξεισι
1342 5628 1435 5682 τὸν
1476 5623 1767 5718 ἀλλόφυλον

132 5712 300 5814 βίον,
346 5728 773 5803 καθηγουμένου
800 5725 894 5780 τοῦ
922 5724 1089 5795 νόμου
1115 5722 1213 5792 τῆς
1242 5716 1526 5791 βασιλικῆς
1557 5712 1763 5814 λεωφό-

132 5806 278 5912 ρου,
338 5829 481 5886 καθ’
538 5827 726 5898 ἕτερον
779 5821 940 5895 μέρος
979 5818 1079 5890 τῆς
1125 5812 1397 5886 ἐκτροπῆς
1447 5806 1779 5892 γινομένηςε

1867 5342 2023 5401 Hunc
2068 5344 2234 5414 igitur
2279 5343 2442 5398 etiam
2496 5340 2743 5394 morbum
2785 5336 3033 5391 homines
3075 5351 3199 5390 cum
3230 5334 3437 5406 ειτηερ-

1867 5439 1998 5501 rint,
2025 5445 2157 5489 tunc
2188 5432 2286 5488 tuti
2336 5445 2434 5501 per
2470 5427 2803 5497 alienigenas
2860 5430 3171 5487 transeunt,
3214 5422 3330 5489 lege
3361 5421 3438 5475 ita

1868 5544 1966 5602 per
1999 5527 2205 5598 regiam
2259 5524 2491 5594 plateam
2529 5518 2892 5582 conducente,
2955 5522 3016 5568 ut
3066 5512 3135 5567 ad
3183 5519 3437 5566 neutram

1872 5619 2086 5692 possint
2114 5624 2324 5687 partem
2378 5612 2672 5668 declinare.
2720 5607 2858 5664 Nam
2904 5606 3048 5662 sicut
3092 5603 3140 5658 si
3193 5617 3459 5672 praeceps

1866 5711 2021 5766 locus
2057 5707 2314 5776 utrinque
2350 5709 2517 5763 esset.
2561 5700 2834 5770 ingentem
2881 5693 3178 5752 ostendens
3203 5692 3437 5753 hiatum,

1870 5809 2163 5875 angustum
2195 5798 2299 5856 iter
2336 5809 2434 5868 per
2474 5790 2712 5850 medium
2764 5787 2986 5847 facienti
3040 5782 3441 5859 periculosissi-
