3982 6510
516 452 621 508 419

1753 441 1810 496 S.
1838 440 2165 497 GREGORII
2208 442 2497 502 NYSSENI

3670 440 3778 494 ικο

517 582 666 623 mum
709 571 853 621 esset
894 563 1000 616 huc
1061 567 1224 629 atque
1288 557 1417 613 illnc
1480 554 1775 617 declinare,
1827 558 1907 611 sic
1959 536 2107 611 nullo

2222 561 2558 632 Ἑπισφαλὴς
2604 558 2712 630 γὰρ
2750 556 2782 628 ἡ
2821 555 2912 609 ἐπὶ
2958 554 3023 608 τὰ
3070 553 3275 624 πλάγια
3328 557 3653 628 παρατροπὴ
3702 562 3781 632 τῷ

516 668 677 731 pacto
707 660 812 720 via,
851 671 971 725 quae
1002 652 1161 707 nobis
1188 668 1217 705 a
1247 651 1364 721 lege
1384 650 1569 711 datur,
1598 649 1952 718 relinquenda
1988 658 2094 714 est,

517 767 681 822 quam
711 749 973 803 Dominus
1007 753 1296 815 angustam
1342 742 1633 813 appellavit
1649 742 1717 807 ⁸¹,
1758 756 1883 795 cum
1907 756 2007 796 nec
2030 743 2098 797 ad

517 847 725 904 laevam,
751 855 851 895 nec
868 840 933 893 ad
956 840 1207 893 dextram
1229 836 1498 890 excedere
1522 834 1684 889 liceat
1701 834 1768 886 “.
1792 831 1891 890 Hic
1916 840 2097 888 autem

516 949 701 988 sermo
725 933 780 986 in
822 931 1003 986 medio
1034 930 1273 984 virtutes
1302 929 1510 983 locatas
1552 942 1676 983 esse
1702 927 1969 984 ostendit.
2004 926 2099 983 Vi-

513 1028 653 1079 tium
682 1025 827 1079 enim
864 1038 1029 1079 omne
1064 1022 1131 1076 ad
1185 1022 1447 1075 virtutem
1478 1019 1758 1082 collatum,
1811 1026 1906 1073 aut
1964 1018 2101 1074 deti.

517 1121 614 1181 cit,
651 1127 745 1171 aut
770 1116 986 1171 excedit
1025 1134 1037 1168 :
1073 1123 1133 1168 ut
1164 1114 1314 1168 verbi
1334 1129 1522 1178 causa,
1566 1114 1614 1168 si
1653 1113 1937 1168 audaciam
1968 1129 2102 1168 con-

514 1207 631 1264 fers
663 1207 731 1262 ad
766 1205 1167 1268 fortitudinem,
1224 1212 1309 1260 est
1342 1218 1603 1260 excessus
1638 1196 1892 1275 quidam;
1941 1205 1989 1259 si
2030 1205 2102 1259 ti-

520 1315 751 1365 morem,
782 1298 1028 1353 defectus
1052 1313 1081 1351 a
1108 1297 1430 1352 fortitudine
1462 1296 1775 1350 invenitur:
1803 1296 1947 1367 quod
1972 1311 2101 1353 vero

520 1391 663 1447 inter
690 1390 806 1445 haec
853 1390 1013 1459 quasi
1057 1396 1293 1461 angusto
1331 1388 1548 1443 tramite
1586 1398 1860 1451 versatur,
1905 1403 2101 1459 expers

518 1496 888 1541 extremorum
914 1485 1220 1553 utriusque,
1251 1481 1302 1535 id
1333 1482 1509 1536 virtus
1537 1488 1621 1535 est
1655 1499 1669 1536 :
1704 1481 1895 1535 eodem
1939 1480 2101 1536 modo

520 1584 720 1633 cmtera
749 1590 969 1647 quoque
1009 1575 1191 1628 omnia
1216 1588 1337 1644 quae
1371 1572 1589 1627 virtutis
1624 1573 1844 1628 nomine
1890 1586 2103 1626 nuncu-

520 1677 741 1739 pantur,
764 1666 1017 1721 vitiorum
1046 1664 1307 1719 allinitate
1364 1662 1618 1733 utrinque
1668 1662 2099 1717 circumdantur.

523 1757 804 1829 Sapientia
834 1755 1089 1810 versutia;
1118 1763 1171 1808 et
1215 1753 1588 1823 simplicitatis
1625 1752 1801 1806 media
1851 1759 1956 1814 est,
2004 1763 2104 1804 nec

522 1855 840 1919 serpentum
890 1848 1156 1912 versutia,
1206 1860 1306 1899 nec
1346 1843 1616 1898 columba:
1662 1842 2033 1912 simplicitas,-
2057 1839 2103 1894 si

2203 654 2457 708 ὁδεύοντι.
2500 654 2709 724 Ὥσπερ
2766 650 2874 720 γὰρ
2904 651 2952 701 εί
2993 648 3085 702 δύο
3118 649 3354 720 κρημνοὶ
3401 651 3528 721 μίαν
3570 653 3658 704 ἐπὶ
3683 656 3783 722 τῆς

2204 747 2379 818 ἄκρας
2404 745 2600 816 ῥαχίας
2626 743 2870 815 ἀτραπὸν
2902 743 3266 809 ἀποστενοῖεν,
3299 743 3541 807 κίνδυνός
3571 746 3685 799 ἐστι
3707 746 3786 819 τῷ

2203 838 2294 894 διὰ
2324 837 2527 908 ταύτης
2551 836 2805 908 βαίνοντι,
2832 835 2984 889 ἐνθεν
3009 836 3043 907 ἢ
3070 834 3222 890 ἐνθεν
3249 839 3675 911 παρατραπῆναι
3700 841 3785 893 τοῦ

2208 931 2374 1004 μέσου
2430 930 2449 992 (
2462 932 2592 995 ἴσως
2632 931 2740 1002 γὰρ
2786 928 3125 1000 ἑκατέρωθεν
3173 929 3234 983 τὸ
3285 931 3350 987 ἐκ
3399 932 3494 985 τοῦ
3540 934 3788 1005 κρημνοῦ

2207 1023 2479 1097 βάραθρον
2525 1023 2626 1096 τὴν
2673 1023 2945 1095 ἐκτροπὴν
2979 1021 3303 1092 διαδέχεται)
3326 1040 3339 1053 ο
3361 1023 3533 1087 οὕτως
3567 1027 3596 1079 6
3624 1026 3789 1096 νόμος

2208 1114 2456 1185 βούλεται
2484 1115 2572 1168 τὸν
2598 1112 2748 1184 αὑτῷ
2785 1113 2905 1166 κατ’
2943 1100 3086 1183 ίχνος
3129 1112 3412 1183 ἑπόμενον,
3456 1116 3529 1185 μὴ
3564 1117 3788 1170 καταλι-

2208 1209 2331 1261 πεῖν
2368 1206 2467 1278 τὴν
2495 1207 2633 1269 ὁδὸν,
2667 1205 2784 1278 τὴν,
2815 1204 2996 1270 καθώς
3013 1223 3176 1277 φησιν
3210 1205 3238 1257 6
3271 1205 3493 1279 Κύριος,
3514 1209 3706 1278 στενήν
3731 1226 3791 1267 τε

2208 1298 2301 1352 καὶ
2333 1297 2720 1369 τεθλιμμένην,
2753 1297 2891 1368 μήτε
2927 1296 3021 1349 ἐπὶ
3060 1297 3121 1350 τὸ
3156 1296 3343 1351 σκαιόν
3387 1315 3444 1351 τε
3472 1300 3563 1351 καὶ
3595 1300 3793 1353 εὐώνυ-

2210 1408 2333 1461 μον,
2367 1391 2505 1463 μήτε
2535 1389 2630 1445 ἐπὶ
2653 1390 2715 1443 τὸ
2753 1388 2925 1454 δεξιὸν
2947 1389 3321 1460 νομιζόμενον.
3354 1389 3541 1462 Δόγμα
3563 1391 3621 1445 δέ
3646 1394 3792 1449 ἐστιν

2207 1474 2361 1545 οὗτος
2387 1484 2415 1535 6
2468 1481 2645 1550 λόγος,
2699 1483 2756 1534 ἐν
2812 1481 3069 1552 μεσότητι
3108 1481 3431 1554 Θεωρεῖσθαι
3459 1483 3558 1547 τὰς
3586 1484 3791 1556 ἀρετὰς

2206 1573 2521 1644 ὁριζόμενος
2543 1589 2558 1604 ο
2596 1573 2729 1627 διότι
2772 1573 2983 1643 πέφυκε
3023 1574 3173 1629 πᾶσα
3212 1576 3381 1633 κακία
3410 1574 3443 1647 ἧ
3476 1580 3596 1630 κατ’
3622 1578 3793 1631 ἐλλει-

2178 1660 2181 1665 ’
2207 1663 2322 1733 dav,
2346 1664 2380 1735 ἢ
2410 1663 2530 1717 καθ’
2550 1664 2900 1737 ὕπέρπτωσιν
2928 1665 3125 1738 ἀρετῆς
3147 1665 3507 1739 ἐνεργεῖσθαι.
3544 1664 3675 1723 Οἷον
3702 1670 3795 1729 ἐπὶ

2208 1754 2307 1825 τῆς
2323 1754 2594 1825 ἀνδρείας,
2618 1754 2849 1825 ἔλλειψίς
2864 1753 2947 1816 τίς
2964 1756 3109 1810 ἐστιν
3130 1756 3332 1829 ἀρετῆς
3352 1758 3384 1827 ἡ
3405 1758 3597 1824 δειλία,
3622 1760 3796 1833 ὑπὲρ.

2210 1859 2416 1908 πτωσις
2445 1843 2501 1897 δὲ
2540 1844 2601 1898 τὸ
2631 1844 2848 1916 θράσος
2888 1844 2948 1902 τὸ
2979 1844 3037 1898 δέ
3080 1844 3341 1916 ἐκατέρου
3386 1845 3589 1899 τούτων
3622 1848 3795 1901 καθα-

522 1954 622 2012 per
644 1940 884 2009 seipsum
932 1947 1228 2007 utrumque
1264 1935 1604 2000 consideres,
1647 1935 1916 1992 laudanda
1974 1943 2099 1990 est:

2208 1936 2384 2009 ρεῦον,
2409 1937 2465 1989 ἐν
2494 1936 2646 2009 μέσῳ
2672 1953 2730 1989 τε
2754 1936 2859 1990 τῶν
2892 1936 3310 2009 παρακειμένων
3336 1938 3542 1991 κακιῶν
3566 1938 3795 2013 θεωρεῖ-

523 2032 620 2087 sed
648 2033 741 2103 qui
767 2031 911 2086 inter
940 2030 1055 2084 haec
1087 2030 1309 2084 habitus
1331 2036 1439 2093 est,
1468 2029 1640 2082 virtus
1680 2035 1785 2087 est,
1840 2027 2106 2082 Similiter

521 2124 619 2196 qui
647 2140 677 2178 a
711 2124 976 2179 modestia
1013 2121 1365 2187 deﬁcit,luxu
1390 2121 1799 2192 corrumpitur:
1822 2120 1916 2191 qui
1944 2134 2104 2175 exce-

518 2218 606 2272 dit
641 2217 695 2271 in
729 2216 848 2287 ipsa
886 2216 1067 2269 nimia:
1093 2216 1376 2271 tenuitatis
1404 2221 1553 2278 nota,
1578 2214 1655 2267 uti
1701 2212 1995 2282 Apostolus
2010 2212 2104 2277 ait,

525 2310 886 2365 canteriatam
919 2308 1082 2363 habet
1102 2308 1498 2363 conscientiam
1527 2308 1596 2362 ⁸³.
1648 2306 1741 2361 Ille
1772 2306 1840 2360 ad
1865 2307 2109 2375 volupta-

526 2412 610 2459 tes
630 2403 899 2474 pecudum
937 2417 1090 2456 more
1119 2401 1312 2464 fertur,
1353 2400 1441 2455 hic
1480 2400 1645 2454 etiam
1696 2398 2105 2455 matrimonium

525 2493 683 2564 quasi
709 2492 1037 2548 adulterium
1075 2492 1426 2547 abominatur
1467 2501 1522 2548 et
1567 2493 1785 2561 rejicit:
1822 2494 1963 2547 inter
2006 2491 2106 2547 hos

524 2593 707 2640 autem
740 2585 1022 2640 modestus
1046 2601 1105 2640 se
1133 2585 1402 2648 continet,
1438 2600 1617 2655 neque
1650 2585 1716 2639 ad
1763 2599 1983 2639 omnem
2026 2583 2108 2640 ef-

533 2677 694 2733 fusus
722 2677 1079 2747 voluptatem,
1114 2685 1169 2732 et
1195 2676 1629 2741 matrimonium,
1673 2686 1734 2733 ut
1763 2677 1941 2741 decet,
1979 2692 2106 2732 sus—-

524 2770 765 2840 cipiens.
817 2766 1020 2823 Verum
1068 2770 1348 2838 quoniam,
1406 2776 1467 2823 ut
1503 2767 1769 2824 Dominus
1805 2768 1967 2834 ait“,
2023 2766 2109 2822 hic

525 2861 767 2918 mundus
795 2860 850 2915 in
879 2860 1229 2930 pravnjacet,
1261 2869 1456 2930 estque
1490 2860 1653 2916 alieni
1682 2860 1902 2932 generis
1931 2860 2000 2914 ab
2036 2860 2106 2915 iis

523 2956 623 3026 qui
656 2956 828 3025 legem
880 2961 1212 3023 sequuntur,
1261 2952 1527 3024 quidquid
1558 2954 1743 3008 virtuti
1786 2954 2106 3023 opponitur,

529 3045 584 3101 id
620 3060 752 3100 vero
804 3049 890 3099 est
930 3042 1208 3114 pravitas;
1254 3042 1574 3114 quicunque
1627 3059 1725 3114 per
1773 3044 1917 3100 hanc
1965 3043 2106 3097 viam

529 3132 799 3196 ambulat,
832 3139 950 3187 tuto
989 3147 1087 3202 per
1112 3132 1335 3188 virtutis
1386 3133 1491 3189 iter
1520 3134 1802 3198 transibit,
1848 3134 1893 3189 si
1930 3134 2109 3204 publi-

2206 2044 2316 2095 ται,
2353 2030 2446 2083 καὶ
2482 2029 2651 2099 ἀρετή
2685 2029 2824 2082 ἐστι.
2863 2028 3021 2084 Κατά
3042 2028 3133 2083 τὸν
3157 2029 3318 2088 αὐτὸν
3350 2029 3569 2101 τρόπον,
3596 2032 3697 2085 καὶ
3729 2032 3796 2088 τά

2207 2121 2338 2178 ἄλλα
2362 2122 2559 2183 πάντα,
2588 2120 2688 2174 ὅσα
2710 2120 2847 2192 πρὸς
2869 2119 2929 2174 τὸ
2953 2122 3200 2193 κρεῖττον
3222 2121 3600 2187 σπουδάζεται,
3633 2141 3796 2194 μεσο-

2206 2211 2449 2269 λαϐεῖταί
2504 2229 2622 2276 πως
2666 2215 2779 2275 τοῖς
2830 2215 3018 2275 κακοῖς
3064 2214 3466 2285 γειτονήμασιν.
3520 2214 3587 2267 Ἡ
3633 2216 3795 2285 σοφία

2206 2302 2511 2374 δεινότητός
2537 2319 2597 2356 τε
2624 2302 2721 2356 καὶ
2750 2301 3141 2373 ἁκεραιότητος
3182 2300 3242 2355 τὸ
3284 2302 3446 2373 μέσον
3490 2302 3623 2373 ἔχει·
3673 2302 3796 2357 οὔτε

2206 2397 2300 2451 τοῦ
2318 2398 2494 2466 δφεως
2511 2395 2571 2450 τὸ
2596 2394 2857 2466 φρόνιμον
2876 2392 3180 2457 ἐπαινετὸν,
3200 2390 3321 2447 οὔτε
3337 2393 3438 2464 τῆς
3463 2396 3796 2466 περιστεράς

2206 2491 2268 2544 τὸ
2292 2490 2569 2561 ἀκέραιον,
2601 2489 2648 2541 εἰ
2675 2488 2760 2557 ἐφ’
2791 2485 2983 2543 ἐαυτοῦ
3019 2486 3180 2555 μόνου
3207 2485 3317 2544 δέοι
3352 2485 3593 2557 Μμὸάνε
3604 2506 3655 2539 ιν
3682 2486 3797 2541 τού-

2207 2599 2315 2635 των
2342 2582 2622 2651 ἐκάτερονν
2655 2578 2769 2633 ἀλλ’
2798 2580 2831 2649 ἡ
2859 2576 2949 2636 διὰ
2980 2577 3145 2648 μέσου
3173 2576 3281 2633 τῶν
3305 2576 3398 2631 δύο
3426 2576 3630 2632 τούτων
3668 2578 3798 2648 σύγ.

2208 2691 2408 2747 κρατος
2447 2672 2594 2739 ἕξις,
2636 2668 2806 2742 ἀρετὴ
2851 2669 3079 2738 γίνεται.
3134 2668 3191 2722 '0
3237 2668 3459 2741 ἐλλιπὴς
3506 2670 3649 2723 κατά
3700 2671 3797 2741 τὴν

2209 2764 2582 2838 σωφροσύνην,
2628 2763 2947 2826 ἀκόλαστος*
2988 2762 3016 2814 6
3046 2761 3381 2827 πλεονάζων,
3420 2764 3797 2833 κεκαυτηρίας

2210 2875 2331 2911 σται
2354 2856 2450 2928 τὴν
2486 2857 2812 2925 συνείδησιν,
2843 2853 3027 2917 καθὼς
3055 2854 3297 2925 ὁρίζεται
3321 2855 3351 2909 6
3391 2854 3739 2919 ’Δπόστολοςη
3772 2856 3799 2910 6

2213 2950 2310 3021 μὲν
2333 2950 2441 3021 γὰρ
2464 2951 2582 3013 ταῖς
2614 2948 2826 3020 ἡδοναῖς
2854 2947 3081 3018 ἀναίδην
3109 2947 3422 3017 ἐκκέχυται,
3447 2948 3475 3000 6
3500 2947 3555 3001 δὲ
3585 2949 3687 3002 καὶ
3712 2934 3801 3001 τόν

2208 3043 2390 3113 γάμον
2411 3037 2506 3096 ἶσα
2539 3043 2606 3112 τῇ
2638 3039 2852 3112 μοιχεία
2884 3038 3248 3109 βδελύσσεταιι
3285 3041 3320 3111 ἡ
3349 3039 3405 3094 δέ
3434 3038 3521 3097 διὰ
3543 3037 3671 3111 [μέ]
3708 3057 3799 3093 σου

2208 3134 2412 3188 τούτων
2439 3133 2786 3205 θεωρουμένη
2815 3130 2950 3195 ἕξις,
2976 3130 3299 3203 σωφροσύνη
3326 3130 3493 3185 ἐστίν.
3541 3133 3703 3185 Ἐπεὶ
3723 3132 3801 3198 δὲ,

528 3241 687 3303 cam,
741 3225 789 3281 si
830 3224 1026 3280 virtuti
1082 3225 1269 3279 tritam
1320 3224 1612 3295 albamque
1663 3226 1921 3282 continue
1967 3227 2107 3281 viam

2212 3226 2392 3291 καθώς
2421 3243 2585 3297 φησιν
2609 3226 2638 3280 6
2666 3225 2892 3297 Κύριος,
2921 3226 2950 3279 6
2977 3223 3180 3294 κόσμθς
3208 3219 3361 3288 οὗτος
3387 3225 3446 3279 ὲν
3468 3223 3543 3295 τῷ
3570 3224 3803 3301 πονηρῷ

529 3327 775 3392 peraget,
805 3332 1078 3389 nusquam
1112 3315 1180 3371 ad
1206 3317 1436 3371 finitima
1476 3315 1624 3372 invia
1652 3315 1956 3369 diverteris.
2004 3314 2109 3370 Sed

529 3408 815 3481 quoniam,
842 3416 902 3463 ut
921 3408 1034 3478 jam
1068 3407 1274 3461 dictum
1308 3416 1417 3470 est,
1458 3420 1583 3461 cum
1618 3420 1854 3460 ascensu
1892 3406 2112 3461 virtutis

532 3500 747 3554 insidia
776 3497 1083 3554 adversarii
1114 3497 1516 3565 conscendunt,
1576 3496 1803 3551 idoneas
1830 3497 1885 3551 in
1927 3498 2115 3566 singu-

530 3590 712 3645 lorum
746 3588 963 3645 vivendi
992 3589 1267 3644 rationem
1310 3587 1575 3659 peccandi
1634 3602 1831 3643 causas
1888 3588 2112 3657 excogi-

528 3682 724 3748 tantis,
749 3680 859 3735 alia
890 3688 1023 3736 tunc
1052 3679 1339 3737 vafredine
1369 3679 1619 3738 insidiari
1650 3680 1852 3751 popqu
1892 3681 2109 3746 statuit,

525 3786 698 3843 quem
739 3770 960 3826 videbat
1007 3770 1121 3842 jam
1163 3771 1232 3826 ad
1286 3770 1457 3827 Deum
1522 3786 1849 3829 conversum
1908 3773 2115 3827 rectius

520 3863 758 3930 vivere;
814 3877 879 3917 ac
904 3862 1077 3919 veluti
1120 3879 1317 3935 graves
1361 3864 1684 3935 expertique
1728 3864 2112 3936 imperatores,

522 3969 661 4011 cum
712 3953 931 4011 difﬁcile
981 3955 1295 4027 putaverint
1353 3956 1636 4014 victoriam
1714 3966 1906 4028 aperto
1953 3974 2115 4028 posse

522 4048 800 4119 consequi
848 4057 1045 4115 marte,
1096 4049 1639 4106 dissimulationibus
1685 4059 1849 4121 atque
1896 4051 2116 4107 insidiis

534 4141 750 4197 hostem
782 4156 1044 4212 superare
1082 4150 1391 4197 conantur:
1441 4142 1522 4198 sic
1561 4143 1819 4198 vitiorum
1865 4143 2111 4198 omnium

520 4232 648 4291 dux
680 4240 844 4304 atque
877 4233 1178 4304 imperator
1205 4235 1482 4298 diabolus,
1506 4236 1559 4289 si
1591 4237 1860 4305 quosdam
1905 4237 1961 4290 in
1997 4236 2114 4291 vir-

526 4332 655 4379 tute
687 4325 997 4381 stabiliores
1042 4326 1210 4393 videt,
1240 4342 1351 4382 non
1386 4333 1571 4397 aperte
1605 4329 1658 4381 in
1693 4327 1886 4383 faciem
1918 4329 2115 4399 objicit

536 4412 804 4485 gladium,
844 4416 940 4470 sed
970 4416 1110 4469 clam
1144 4424 1200 4470 et
1243 4432 1339 4486 per
1367 4418 1603 4473 insidias
1636 4416 1708 4473 de
1751 4419 1870 4475 loco
1906 4421 2112 4490 pellere

524 4508 744 4563 studet.
783 4506 999 4562 idcirco
1045 4523 1225 4577 augur
1252 4507 1474 4578 quidem
1515 4508 1821 4574 maleficus,
1879 4513 2113 4568 occultis

2212 3322 2422 3393 κεῖται,
2466 3317 2761 3387 ἀλλόφυλον
2785 3317 2842 3371 δὲ
2869 3319 2981 3381 τοῖς
3011 3315 3296 3387 ἑπομένοις
3339 3315 3416 3385 τῷ
3441 3315 3589 3387 νόμῳ
3633 3316 3705 3369 τὸ
3735 3319 3800 3390 τῇ

2212 3415 2379 3485 ἀρετῇ
2408 3411 2803 3484 ἀντικείμενον,
2832 3412 2972 3483 ὅπερ
3005 3411 3207 3481 ἐστίνὴ
3234 3409 3486 3481 πονηρία·
3522 3412 3551 3464 6
3580 3409 3676 3465 διὰ
3708 3410 3801 3466 τοῦ

2212 3506 2416 3576 κόσμου
2466 3503 2658 3559 τούτου
2698 3502 2839 3561 κατὰ
2885 3502 2977 3558 τὸν
3013 3501 3127 3573 βίον
3158 3500 3487 3572 ὁδοιπορῶν,
3534 3500 3805 3569 ἀσφαλῶς

2210 3597 2310 3667 τὴν
2355 3596 2660 3666 ἀναγκαίαν
2699 3596 2903 3666 ταύτην
2943 3595 3044 3665 τῆς
3083 3594 3287 3666 ἀρετῆς
3317 3592 3554 3647 διανύσει
3588 3594 3808 3648 66am-

2215 3690 2357 3762 ρίαν,
2409 3691 2458 3743 εί
2495 3690 2595 3759 τὴν
2638 3688 2914 3759 λεωφόρον
2961 3687 3151 3751 ὅντως,
3182 3686 3281 3758 τὴν
3315 3685 3419 3739 ὑπὸ
3457 3685 3557 3757 τῆς
3591 3685 3806 3763 ἀρετῆς

2211 3780 2531 3853 τριφθεῖσάν
2557 3795 2617 3832 τε
2654 3779 2748 3838 καὶ
2774 3778 3198 3849 λευκαινομένην
3226 3778 3344 3833 ὁδὸν
3369 3777 3654 3847 φυλάσσοι,
3699 3797 3805 3850 μη-

2211 3872 2384 3944 δαμοῦ
2429 3870 2565 3943 πρὸς
2607 3870 2707 3935 τάς
2751 3870 3164 3941 παρακειμένας
3207 3868 3423 3932 ἀνοδίας
3463 3867 3551 3923 διὰ
3593 3869 3806 3923 κακίαν

2215 3964 2717 4037 παρατρεπόμενος.
2757 3962 2912 4017 Ἐπεὶ
2937 3962 3014 4024 δὲ,
3048 3960 3231 4025 καθὼς
3258 3959 3491 4033 εἴρηται,
3523 3964 3587 4033 τῇ
3622 3961 3807 4032 ἀνόδῳ

2212 4056 2311 4126 τῆς
2343 4054 2542 4125 ἀρετῆς
2584 4052 2681 4108 καὶ
2712 4053 2746 4123 ἡ
2786 4050 3044 4123 ἐπιϐουλὴ
3089 4049 3184 4104 τοῦ
3254 4051 3629 4122 ἀντικειμένου
3677 4069 3809 4107 συνι-

2206 4146 2514 4213 αναϐαίνει,
2533 4144 2881 4215 καταλλήλως
2899 4144 3128 4215 ἐκάστου
3144 4144 3244 4215 τῆς
3265 4146 3343 4208 εἰς
3357 4144 3418 4198 τὸ
3434 4145 3601 4205 κακον
3619 4162 3807 4217 παρα·

2210 4239 2421 4311 τροπῆς
2458 4237 2558 4301 τάς
2598 4236 2850 4307 ἀφορμὰς
2886 4236 3308 4307 ἐξευρίσκουσαο
3340 4236 3462 4290 τότε
3500 4237 3638 4308 πρὸς
3689 4240 3806 4309 μει-

2212 4332 2304 4397 ζον
2327 4330 2422 4385 τοῦ
2453 4328 2584 4385 λαοῦ
2616 4331 2673 4384 ἐν
2700 4327 2778 4400 τῷ
2806 4328 2947 4384 κατά
2971 4327 3102 4382 Θεὸν
3125 4327 3224 4400 βίῳ
3241 4328 3595 4399 αὐξήσαντος.
3623 4327 3804 4399 άλλης

2210 4421 2502 4493 ἒπιὸουλῆς
2522 4424 2553 4475 ὁ
2599 4419 2974 4491 ἀντικείμενος
2993 4420 3244 4486 ἅπτεται,
3278 4420 3419 4476 κατᾶ
3444 4420 3570 4483 τοὺς
3583 4420 3805 4485 δεινοὺς

2212 4517 2284 4571 τὰ
2320 4512 2624 4587 πολεμικάο
2663 4513 2714 4567 οἶ
2768 4513 2869 4585 τὴν
2921 4512 3063 4567 κατὰ
3113 4511 3287 4583 στόμα
3336 4510 3639 4583 παράταξιν
3686 4512 3802 4567 τῶν

525 4595 866 4668 quibusdam
915 4596 1127 4651 viribus
1178 4595 1488 4653 daemonum
1538 4598 1604 4652 ad
1649 4598 2107 4656 malefaciendum

2218 4592 2680 4663 πλεονεκτούντων
2721 4603 2862 4659 κατά
2888 4602 2989 4674 τὴν
3026 4602 3256 4673 δύναμιν
3292 4601 3805 4671 δυσκαταγώνιστον

527 4689 621 4745 ενοι
662 4688 846 4745 verbis
881 4689 1015 4745 solis
1059 4701 1303 4760 paratus,
1344 4706 1375 4744 a
1414 4700 1651 4762 tyranno
1686 4689 2111 4749 Hadianitarum

523 4782 789 4842 mercede
843 4780 1151 4839 conductus
1204 4791 1477 4838 vocatur:
1522 4783 1617 4854 qui
1668 4798 1795 4838 cum
1837 4785 2107 4851 venisset,

523 4891 645 4936 non
681 4882 737 4929 ut
769 4874 986 4929 volebat
1017 4874 1321 4943 maledixit,
1359 4875 1455 4933 sed
1488 4876 1673 4933 divina
1713 4876 1921 4933 virtute
1949 4893 2106 4933 com-

523 4967 726 5037 ;pulsus
752 4967 955 5038 p0pu|o
994 4967 1078 5023 vel
1109 4968 1316 5025 invitus
1352 4970 1655 5036 benedixit,
1686 4985 1805 5041 qua
1846 4987 1914 5026 ex
1939 4986 2003 5026 re
2024 4969 2108 5028 fa-

520 5059 636 5114 cile
672 5060 1016 5132 intelligitur,
1048 5061 1231 5117 nullas
1262 5070 1409 5119 artes
1441 5063 1706 5134 magicas,
1724 5064 1909 5121 nullas
1932 5065 2114 5121 hostis

525 5151 760 5208 humani
787 5153 1009 5224 generis
1039 5152 1270 5211 insidias
1301 5155 1567 5211 adversus
1614 5172 1711 5212 eos
1761 5158 1968 5223 valere,
2012 5160 2111 5229 qui

530 5246 791 5298 virtutem
845 5245 1039 5300 colunt
1076 5266 1089 5301 :
1130 5246 1226 5301 sed
1283 5247 1447 5302 etiam
1501 5248 1788 5317 pravitatis
1832 5251 1946 5306 tela
1982 5252 2119 5321 reji-

527 5339 688 5393 ciunt
717 5356 732 5394 :
775 5339 872 5410 qui
914 5338 1011 5395 Dei
1044 5340 1303 5410 presidio
1330 5339 1723 5396 defenduntur.

2214 4696 2481 4768 ὁρῶντες,
2511 4694 2689 4764 λόγοις
2722 4693 2822 4747 καὶ
2862 4692 3107 4764 ἐνέδραις
3151 4690 3655 4763 καταστρατηγοῦσι
3708 4691 3807 4749 τὸν

2215 4787 2609 4859 ἀντικείμενον.
2642 4784 2827 4847 Οὕτως
2847 4786 2876 4838 6
2903 4785 3005 4856 τῆς
3048 4784 3247 4848 κακίας
3282 4783 3512 4857 στρατὸς
3548 4783 3642 4836 ἐπὶ
3688 4784 3805 4839 τῶν

2216 4882 2364 4952 νόμῳ
2392 4880 2487 4934 καὶ
2522 4880 2690 4950 ἀρετῇ
2731 4875 3187 4948 δυναμωϐἐντων,
3230 4876 3414 4937 οὐκέτι
3447 4874 3589 4929 κατά
3628 4876 3805 4947 πρόσ.

2208 4990 2362 5032 ωπον
2381 4971 2666 5041 ἀντεξάγει
2698 4969 2794 5041 τὴν
2824 4969 3078 5041 δύναμιν,
3108 4968 3222 5025 ἀλλ’
3242 4967 3484 5046 ἐνέδραις
3510 4966 3624 5020 τισὶ
3651 4966 3807 5021 κατὰ

2209 5066 2270 5127 τὸ
2304 5064 2513 5133 ἀφανὲς
2538 5064 2640 5135 τὴν
2690 5061 2982 5134 ἐπιδουλὴν
3012 5060 3384 5134 ἐξεργάζεται.
3420 5059 3586 5115 Καλεῑ
3611 5059 3803 5112 τοίνυν

2210 5158 2289 5221 είς
2320 5154 2636 5228 συμμαχίαν
2652 5154 2794 5209 κατά
2815 5154 2923 5210 τῶν
2945 5153 3443 5225 ἐπιϐουλευομένων
3472 5152 3603 5223 παρ’
3625 5148 3797 5203 αὑτοῦ

2209 5247 2307 5320 τὴν
2334 5247 2610 5319 γοητείαν.
2649 5246 2812 5317 Ἦνὴ
2858 5246 2957 5318 μὲν
2985 5245 3196 5318 ἱστορία
3237 5244 3373 5316 φησὶ
3421 5243 3613 5315 μάντιν
3647 5237 3798 5302 εἶναι

2208 5356 2329 5399 τινα
2362 5339 2456 5393 καὶ
2480 5338 2785 5410 οἰωνιστὴν,
2814 5338 2879 5392 ἐκ
2901 5356 3045 5402 τινος
3064 5338 3343 5413 ἐνεργείας
3365 5336 3633 5407 δαιμόνων
3662 5333 3801 5405 βλα-

534 5435 732 5506 πτικὴν
762 5433 935 5505 δήπου
964 5432 1192 5505 δύναμιν
1230 5433 1420 5504 ἔχοντα
1456 5434 1551 5487 καὶ
1598 5434 1706 5487 τῶν
1745 5433 2113 5501 ὑπεναντίων,
2154 5434 2251 5488 καὶ
2309 5430 2650 5504 μισθωθέντα
2690 5430 2843 5501 παρά
2891 5432 2987 5489 τοῦ
3024 5430 3349 5505 κρατοῦντος
3390 5431 3498 5485 τῶν
3527 5430 3797 5485 Μαδιανι-

533 5527 667 5590 τῶν,
696 5527 781 5596 ὲφ⁹
812 5520 858 5594 ᾧ
885 5544 947 5581 τε
988 5526 1186 5599 βλάψαι
1217 5527 1303 5581 διά
1329 5526 1575 5597 κατάρας
1607 5528 1727 5591 τοὺς
1756 5526 1973 5599 τῷθεῷ
1997 5527 2224 5593 ζῶντας,
2274 5525 2463 5580 τοῦτον
2498 5523 2694 5598 τρέψαι
2749 5524 2848 5596 τὴν
2893 5526 3137 5599 κατάραν
3168 5526 3250 5591 εἰς
3279 5525 3525 5595 εὐλογίαν
3570 5520 3793 5594 ,Ἡμεῖς

531 5614 592 5669 δὲ
621 5617 847 5687 νοοῦμεν
868 5617 961 5672 διὰ
985 5616 1087 5671 τοῦ
1108 5616 1398 5675 ἀκολούθου
1424 5617 1531 5670 τῶν
1551 5618 2101 5692 προτεθεωρημένων,
2130 5618 2192 5673 τὸ
2237 5618 2372 5691 μηδὲ
2416 5617 2515 5689 τὴν
2538 5616 2791 5693 γοητείαν
2830 5618 3051 5691 ἐνεργὸν
3076 5619 3217 5680 κατὰ
3239 5621 3347 5675 τῶν
3374 5623 3432 5676 ἐν
3457 5622 3623 5695 ἀρετῇ
3658 5619 3793 5685 ζών-

535 5720 640 5763 των
674 5705 832 5760 εἶναι’
874 5706 1009 5765 ἀλλὰ
1042 5708 1223 5780 πάσης
1256 5707 1605 5780 ὑπερισχύειν
1647 5709 1941 5780 ἐπιϐουλῆς
1983 5712 2109 5773 τοὺς
2152 5709 2245 5771 διὰ⁷
2287 5709 2387 5781 τῆς
2438 5708 2589 5774 θείας
2619 5709 2872 5782 βοηθείας
2904 5712 3329 5787 εὐωχουμένους,

2398 5826 2489 5833 ε-Ἴιέ

612 5884 657 5917 ⁸⁸
690 5884 878 5941 Matth.
912 5903 1006 5955 vn,
1048 5886 1132 5945 14.
1199 5888 1258 5962 ,⁸⁸
1304 5887 1458 5945 Deut.
1493 5904 1659 5945 xxvtu
1689 5890 1777 5944 Μ.
1852 5888 1921 5944 ⁸³1
1950 5887 2105 5944 Timo

2217 5905 2294 5958 IV,
2327 5890 2382 5946 2.
2489 5890 2535 5925 ”
2565 5888 2763 5951 ann.
2796 5909 2850 5960 v,
2890 5894 2975 5952 19.
