3982 6500
201 428 289 479 ιιι
1524 431 1612 486 DE
1640 432 1803 489 VITA
1842 432 1981 489 MOY
1992 432 2117 490 SIS.

3339 444 3445 499 4‘22

202 602 205 603 ν
268 542 338 596 Τὸ
383 543 492 615 γὰρ
534 543 633 615 τὴν
670 545 1096 619 οἰωνοσκοπικὴν
1141 547 1481 619 ὲπιτηδεύειν
1518 550 1775 620 μαντείαν

1945 549 2188 605 Habebat
2221 548 2437 605 Balaam
2468 552 2721 622 auguria,
2757 554 2976 609 tenebat
3016 555 3263 617 oracula,
3295 567 3349 612 et
3370 558 3445 612 ad

200 638 283 691 τὸν
326 637 783 708 μνημονευθέντα,
818 642 1171 710 μαρτυρεῖται
1212 639 1363 711 παρὰ
1400 638 1501 710 τῆς
1529 642 1769 713 ἱστορίας

198 731 253 783 έν
278 724 358 793 οἷς
386 746 550 800 φησιν
568 772 584 795 ,
627 732 698 785 τά
732 747 793 786 τε
826 732 1052 801 μαντεῖα
1092 732 1179 785 διὰ
1207 732 1389 803 χειρὸς
1417 732 1560 802 ἔχειν
1585 732 1766 796 αὐτὸν,

199 820 289 874 καὶ
329 818 477 889 παρὰ
518 818 624 873 τῶν
667 820 870 873 οἰωνῶν
912 820 1399 890 συμϐουλεύεσθαιο
1443 824 1538 876 καὶ
1568 822 1674 894 πρό
1706 839 1771 891 γε

196 909 419 975 τούτων,
451 912 533 965 ὅτι
558 911 644 964 διὰ
672 910 765 963 τοῦ
808 912 1094 982 μηκυθμοῢ
1121 914 1219 984 τῆς
1247 914 1370 967 δνου
1396 913 1468 968 τὰ
1517 916 1645 986 περὶ
1670 914 1773 985 τῆς

197 1002 562 1073 προκειμένης
589 1001 736 1072 αὐτῷ
754 1002 985 1072 σπουδῆς
1002 1002 1326 1056 ὲδιδάσκετοο
1343 999 1409 1076 ἦς
1424 1004 1515 1057 τδν
1536 1005 1773 1074 φθόγγον

196 1094 303 1165 (διὰ
337 1095 399 1147 τὸ
425 1095 665 1165 συνήθως
686 1094 847 1148 αὐτὸν
868 1096 987 1157 ταῖς
1010 1094 1117 1147 τῶν
1140 1094 1348 1163 ἀλόγων
1370 1097 1595 1164 φωναῖς,
1627 1096 1770 1151 κατά

194 1202 313 1238 τινα
342 1184 623 1253 δαιμονίαν
650 1183 951 1255 ἐνέργειαν,
989 1184 1483 1257 συμϐουλεύεσθαι)
1516 1187 1589 1249 ὡς
1614 1186 1771 1258 ἐναρ-

196 1273 323 1345 θρον
352 1275 385 1344 ἡ
415 1273 604 1345 Γραφὴ
626 1273 939 1345 διηγήσατο,
965 1273 1365 1345 ὲνδεικνυμένη,
1388 1276 1468 1328 ὅτι
1494 1276 1620 1339 τοὺς
1643 1291 1770 1347 προ-

195 1366 309 1436 ειλη
320 1364 556 1436 μμένους
579 1368 648 1437 τῇ
668 1366 893 1439 τοιαύτῃ
919 1364 1031 1418 τῶν
1050 1365 1320 1435 δαιμόνων
1345 1366 1530 1438 ἀπάτῃ
1549 1406 1564 1429 ,
1606 1366 1771 1437 μέχρι

195 1458 399 1511 τούτων
425 1457 665 1527 φθάνειν,
692 1457 768 1521 ὡς
795 1459 915 1512 ἀντὶ
958 1458 1118 1528 λόγου
1146 1459 1396 1531 δέχεσθαι
1435 1458 1533 1530 τὴν
1566 1460 1632 1511 ὲκ
1671 1459 1770 1529 τῆς

197 1551 357 1613 ποιᾶς
386 1531 821 1620 παρατηρήσεως
848 1550 1143 1620 γενομένην
1165 1550 1347 1613 αὐτοῖς
1376 1551 1441 1602 ὲκ
1464 1549 1565 1619 τῆς
1588 1548 1772 1619 φωνῆς

191 1643 299 1696 τῶν
346 1642 553 1711 ἀλόγων
592 1641 960 1695 διδασκαλίαν·
1079 1641 1359 1713 προσχὼν,
1395 1642 1463 1695 δι’
1491 1641 1667 1694 αὐτῶν
1696 1633 1771 1694 ὦν

192 1737 459 1807 ἡωτᾶτο,
488 1735 549 1787 τὸ
575 1734 785 1805 ἄμαχον
809 1735 906 1804 τῆς
932 1734 1053 1787 καθ’
1079 1728 1153 1788 ὧν
1181 1732 1458 1804 ἐμισθώθη
1488 1732 1771 1803 δυνάμεως

191 1824 564 1896 ἐξεπαιδεύθη.
595 1826 704 1879 Καὶ
728 1824 835 1896 γὰρ
863 1826 922 1877 ὲν
950 1826 1016 1895 τῇ
1037 1825 1363 1897 εὐαγγελικῇ
1394 1824 1602 1896 ἱστορίᾳ
1626 1841 1766 1896 παρ-

192 1918 492 1971 εσκεύαστο
542 1920 623 1981 είς
667 1916 979 1972 ἀντίστασιν
1011 1917 1108 1987 τῆς
1146 1916 1238 1970 τοῦ
1277 1916 1481 1988 Κυρίου
1516 1916 1766 1983 ἐξουσίας

189 2009 247 2063 τὸ
291 2009 651 2080 συγκρότημα
695 2007 803 2063 τῶν
836 2008 1126 2080 δαιμόνων,
1168 2011 1201 2080 ἡ
1252 2007 1473 2077 λεγεών.
1526 2008 1762 2081 Πλησιά-

193 2117 388 2164 σαντος
425 2100 482 2153 δὲ
521 2099 615 2154 τοῦ
657 2100 869 2172 ἔχοντος
905 2100 1048 2155 κατὰ
1084 2101 1299 2155 πάντων
1326 2100 1387 2153 τὸ
1417 2100 1638 2171 κράτος,
1668 2100 1765 2171 βοᾷ

188 2193 285 2264 τὴν
314 2194 688 2265 ὑπερέχουσαν
716 2192 964 2263 δύναμιν,
998 2193 1093 2247 καὶ
1116 2194 1217 2246 οὐκ
1241 2190 1634 2263 ἐπικρύπτεται
1665 2191 1763 2262 τὴν

188 2286 490 2357 ἀλήθειαν,
529 2285 609 2340 ὅτι
656 2277 811 2350 οὗτός
845 2285 994 2339 ἐστιν
1033 2287 1068 2357 ἡ
1105 2285 1223 2339 θεία
1268 2284 1462 2354 φύσις.
1496 2286 1525 2338 ὁ
1566 2286 1622 2337 ὲν
1654 2286 1765 2347 τοῖς

188 2377 498 2448 καθήκουσι
539 2378 749 2449 χρόνοις
779 2375 994 2442 ἐπάξων
1021 2379 1133 2441 τοῖς
1170 2375 1517 2447 ἡμαρτηκόσι
1544 2374 1641 2446 τὴν
1674 2375 1766 2429 κόο

188 2469 369 2525 λασιν.
411 2469 575 2538 Λέγει
605 2469 713 2540 γὰρ
750 2470 784 2540 ἡ
816 2466 924 2521 τῶν
959 2468 1226 2538 δαιμόνων
1268 2468 1440 2537 φωνή·
1485 2484 1503 2517 ι
1531 2462 1765 2536 Οἴδαμέν

190 2578 246 2615 σε
273 2560 370 2625 τίς
395 2555 467 2626 εἷ,
491 2560 521 2612 ὁ
548 2559 701 2628 ἆγιος
724 2558 816 2612 τοῦ
837 2557 991 2611 Θεοῖν
1021 2558 1114 2611 καὶ
1143 2558 1224 2610 ὅτι
1255 2552 1417 2626 ἦλθες
1441 2555 1546 2628 πρὸ
1572 2557 1765 2628 καιροῦ

191 2651 480 2723 βασανίσαι
507 2651 672 2721 ἡμᾶς.
710 2668 729 2701 ι
765 2650 832 2704 ὐ
863 2649 926 2722 δὴ
957 2650 1049 2703 καὶ
1088 2649 1208 2702 τότε
1236 2648 1474 2717 ἐγένετο,
1499 2648 1598 2719 τῆς
1625 2667 1765 2721 παρ-

188 2744 467 2815 επομένης
494 2741 571 2813 τῷ
597 2741 786 2812 μάντει
814 2740 1090 2812 δαιμονίας
1125 2740 1427 2811 δυνάμεως,
1461 2740 1524 2792 τὸ
1554 2740 1764 2811 ἄμαχόν

186 2852 244 2889 τε
274 2836 380 2889 καί
412 2831 875 2902 ἀνανταγώνιστον
908 2829 1001 2885 τοῦ
1043 2830 1173 2895 λαοῦ
1221 2830 1313 2885 τὸν
1356 2829 1586 2901 Βαλαὰμ
1622 2831 1766 2885 διδα-

187 2926 455 2998 σκούσης.
469 2926 660 2997 Ἡμεῖς
692 2923 748 2977 δέ
776 2940 976 2994 φαμεν,
1006 2925 1117 2986 τοῖς
1153 2920 1643 2993 προεξητασμένοις
1668 2920 1765 2991 τὴν

184 3019 439 3092 ίστορίαν
476 3017 825 3089 ἁρμόζοντες,
854 3016 915 3068 τὸ
943 3013 1085 3069 κατὰ
1114 3013 1223 3067 τῶν
1257 3014 1315 3066 ὲν
1345 3014 1514 3084 ἀρετῇ
1549 3011 1765 3076 ζώντων

181 3110 274 3164 τὸν
303 3106 679 3180 ’καταρᾶσθαι
739 3103 1129 3178 βεϐουλημένον
1180 3103 1456 3175 μηδεμίαν
1508 3102 1765 3158 δύνασθαι

184 3200 483 3273 προΐεσθαι
528 3198 709 3270 φωνὴν
754 3186 1004 3269 λυπηράν
1056 3212 1117 3250 τε
1161 3196 1254 3249 καὶ
1294 3192 1762 3266 ἁπεμφαίνουσαν,

183 3292 327 3349 ἀλλὰ
354 3289 579 3363 τρέπειν
620 3289 721 3362 τὴν
748 3287 993 3359 κατάραν
1026 3288 1106 3349 εἰς
1140 3284 1414 3354 εὐλογίαν.
1444 3283 1520 3337 Τὸ
1543 3283 1599 3337 δὲ
1623 3281 1770 3337 νοού-

186 3401 382 3457 μενον,
422 3381 580 3437 τοῦτό
617 3384 789 3449 ἑστιν,
826 3380 907 3433 ὅτι
945 3379 1055 3433 τῶν
1096 3380 1215 3431 κατ’
1244 3377 1455 3455 ἀρετὴν.
1482 3374 1699 3459 ζώντων

176 3473 281 3545 1τῆς
303 3471 579 3545 λοιδορίας
603 3470 792 3543 μῶμος
810 3471 909 3540 οὐχ
929 3468 1178 3523 ἅπτεται.
1201 3468 1327 3532 Πῶς
1343 3467 1452 3539 γὰρ
1474 3467 1566 3520 ἐπὶ
1590 3467 1772 3519 πλεονς

182 3550 660 3637 εξίῖὸβᾶκτὴμων
688 3559 1159 3634 λοιδορηθήσεται;
1184 3560 1301 3624 πῶς
1324 3559 1381 3613 δέ
1408 3577 1497 3635 τις
1516 3557 1772 3629 ὲπιθρυλ-

182 3659 344 3731 λήσει
378 3656 735 3729 τῆν’ἀσωτίαν
761 3655 838 3726 τῷ
867 3652 1336 3725 ἁνακεχωρημένῳ
1364 3651 1459 3706 καὶ
1481 3650 1767 3715 ίδιόιςοντις

180 3751 217 3825 ἢ
244 3750 348 3805 τὸν
377 3749 546 3820 θυμὸν
571 3748 649 3820 τῷ
676 3747 868 3819 πράῳ;
901 3746 937 3818 ἢ
961 3746 1054 3802 τὸν
1080 3744 1248 3815 τύφον
1275 3743 1354 3815 τῷ
1387 3743 1731 3815 μετριόφρονι
1753 3759 1768 3808 ;

181 3842 217 3915 ἦ
239 3842 384 3899 ἄλλο
404 3858 459 3895 τι
481 3840 589 3895 τῶν
616 3838 916 3911 ὲπιμώμων
943 3841 1056 3903 τοῖς
1092 3839 1157 3892 ἐκ
1199 3836 1306 3891 τῶν
1329 3835 1583 3891 ἐναντίων
1608 3851 1771 3904 γινω-

183 3933 518 4007 σκομένοις;
564 3928 646 3997 οἷς
682 3932 885 3994 σκοπός
935 3931 1103 3995 ἐστιν,
1136 3930 1372 4001 ἄληπτον
1405 3927 1663 3999 παρέχειν
1694 3925 1773 3996 τῷ

185 4026 378 4098 μὼμῳ
396 4025 488 4080 τὸν
517 4023 648 4096 βίονο
676 4025 785 4090 ἴνα,
825 4021 1007 4086 καθώς
1037 4038 1199 4092 φησιν
1227 4021 1256 4073 ό
1282 4019 1622 4084 Ἀπόστολος,
1660 4018 1689 4071 ὁ
1714 4019 1772 4085 ἐξ

180 4116 446 4181 ἐναντίας
499 4116 762 4189 ἐντραπῇ,
810 4112 976 4187 μηδὲν
1026 4112 1164 4183 ἔχων
1208 4110 1407 4181 λέγειν.
1456 4109 1556 4165 Διὰ
1616 4108 1774 4164 τοῦτό

180 4228 360 4282 φησιν
384 4210 419 4280 ἡ
442 4207 593 4279 φωνὴ
614 4206 707 4262 τοῦ
734 4207 814 4271 είς
841 4205 1084 4277 κατάραν
1105 4202 1572 4276 παρειλημμένου,
1601 4220 1620 4254 ι
1650 4202 1773 4265 Πῶς

178 4302 513 4374 ἀράσομαι,
552 4298 610 4352 ὃν
655 4297 731 4370 μὴ
766 4298 964 4369 ἀρᾶται
1009 4294 1248 4367 Κύριός;
1282 4311 1302 4346 ι
1337 4293 1581 4347 τουτέστι
1603 4331 1618 4357 ,
1649 4292 1774 4356 Πῶς

177 4392 579 4465 λοιδορήσομαι
627 4390 717 4444 τὸν
774 4390 847 4461 μὴ
897 4387 1167 4446 δεδωκότα
1218 4388 1319 4458 τῆς
1364 4384 1628 4457 λοιδορίας
1675 4382 1775 4455 τὴν

178 4484 365 4554 ὖληνς
402 4475 447 4552 ᾦ
473 4482 559 4538 διὰ
584 4480 645 4535 τὸ
677 4482 813 4553 πρὸς
840 4481 930 4535 τὸν
956 4480 1090 4534 Θεὸν
1118 4480 1331 4551 βλέπειν
1358 4479 1596 4552 ἄτρωτός
1627 4479 1775 4532 ἐστιν

1870 642 1984 696 haec
2026 641 2213 696 ruditu
2257 642 2426 698 asina:
2479 644 2663 713 ignota
2709 659 3102 716 nonnunquam
3162 648 3443 717 perdisce-

1868 732 1961 787 bat
1976 734 2022 765 ⁸⁸
2061 752 2075 789 :
2108 732 2269 802 cujus
2302 749 2488 789 vocem
2533 736 2816 806 (quoniam
2853 738 2970 807 ipse
3003 738 3216 794 solebat
3251 726 3442 793 brutu-

1868 838 1989 879 rum
2043 826 2359 879 animalium
2410 827 2681 882 clamores
2734 837 2788 882 et
2842 830 3084 898 garritus
3124 833 3303 885 aviqu
3346 848 3441 885 co-

1868 925 2137 987 operante
2169 918 2389 974 diabolo
2418 919 2749 991 intelligere)
2788 924 2946 990 quasi
2980 925 3325 979 articulatam
3365 926 3440 979 sio

1867 1008 2327 1079 gnillcantemque
2392 1009 2622 1065 historia
2662 1013 2984 1068 enarravit:
3024 1015 3321 1070 ostendens
3369 1019 3435 1071 ad

1868 1100 1974 1155 hoc
1999 1100 2257 1157 vanitatis
2290 1102 2545 1158 seductos
2594 1117 2624 1157 a
2666 1103 3009 1160 daemonibus
3050 1108 3330 1169 devenire.
3380 1118 3439 1162 ut

1868 1190 2087 1246 modum
2118 1192 2271 1248 vocis
2305 1194 2592 1249 brutorum
2625 1196 2939 1263 observent,
2982 1213 3046 1252 ac
3083 1200 3208 1254 inde
3238 1201 3441 1269 signiﬁa

1868 1282 2047 1338 cautis
2080 1283 2384 1339 doctrinam
2424 1284 2575 1340 vocis
2616 1288 2865 1356 accipere
2899 1289 3256 1345 arbitrentur.
3302 1290 3435 1345 Nam

1868 1382 2000 1428 tunc
2026 1374 2316 1429 attendens
2354 1374 2435 1430 eis
2463 1376 2666 1446 quibus
2697 1379 3062 1434 seducebatur
3094 1382 3327 1446 artibus,
3355 1384 3437 1436 in-

1868 1465 2257 1534 expugnabiles
2286 1481 2409 1521 esse
2444 1465 2683 1532 Judaaos,
2714 1469 2980 1527 adversus
3016 1488 3156 1541 quos
3205 1474 3439 1529 duceba-

1869 1561 1981 1617 tur,
2009 1555 2303 1622 perdoctus
2338 1564 2444 1612 est.
2495 1555 2588 1612 Sic
2632 1564 2687 1612 et
2732 1558 2787 1613 in
2826 1560 3430 1631 evangelicahistoria“

1868 1644 2015 1714 legio
2074 1645 2408 1711 danuonum,
2486 1648 2739 1718 quamvis
2818 1649 3084 1706 adversus
3144 1650 3433 1706 Dominum

1873 1744 2172 1806 praeparata
2209 1746 2380 1801 esset,
2403 1754 2528 1793 cum
2562 1751 2745 1796 tamen
2788 1742 3131 1799 advenientis
3154 1746 3259 1798 vim
3295 1747 3438 1801 I'erre

1870 1841 1978 1881 non
2011 1837 2221 1897 posset,
2256 1829 2457 1882 clamat
2488 1830 2657 1885 invita
2696 1834 3005 1900 veritatem,
3057 1838 3202 1905 quod
3239 1820 3327 1893 hic
3352 1848 3437 1895 est

1870 1925 1986 1993 ipse
2026 1924 2116 1979 Dei
2157 1923 2351 1987 Filius,
2419 1925 2512 1994 qui
2548 1927 2897 1983 convenienti
2946 1938 3189 1999 tempore
3252 1931 3432 2000 ignem

1870 2016 2248 2086 peccatoribus
2301 2025 2563 2071 aeternum
2615 2018 2902 2073 retribuet.
2974 2019 3197 2076 Dicebat
3256 2033 3435 2076 autem

1873 2109 2013 2178 legio
2040 2109 2176 2163 illa:
2222 2128 2241 2160 ι
2267 2108 2486 2166 Scimus
2538 2110 2661 2180 quis
2701 2118 2759 2165 tu
2798 2127 2881 2175 cs,
2936 2121 3164 2169 sanctus
3213 2112 3341 2176 Dei,
3382 2120 3437 2168 et

1869 2199 2069 2256 venisti
2130 2210 2256 2256 ante
2313 2209 2527 2271 tempus
2566 2217 2765 2257 vexare
2807 2219 2940 2271 nos;
2969 2205 3152 2274 oquod
3205 2214 3259 2259 et
3309 2214 3439 2259 tunc

1870 2289 2074 2344 factum
2104 2298 2206 2346 est.
2244 2290 2342 2345 Vis
2370 2292 2516 2346 enim
2546 2290 2873 2358 daéMOnum,
2907 2310 3029 2364 quae
3056 2311 3314 2365 augurem
3349 2313 3437 2351 se-

1869 2383 2158 2452 quebatur,
2189 2384 2452 2437 invictum
2493 2398 2617 2439 esse
2648 2388 2907 2454 populmn
2938 2386 3029 2440 Dei
3064 2389 3437 2458 vatemipsum

1868 2476 2107 2532 edocuit.
2164 2474 2237 2529 ita
2289 2476 2495 2530 nullam
2532 2485 2712 2545 potest
2746 2478 3009 2547 iniquitas
3050 2479 3213 2533 edere
3248 2496 3435 2534 vorem

1870 2567 1925 2622 in
1956 2568 2257 2625 virtuosos.
2293 2582 2402 2637 qua
2446 2567 2624 2638 possit
2664 2584 2760 2624 eos
2809 2569 3021 2625 edicere
3052 2570 3290 2641 pejores,
3341 2572 3437 2627 sed

1869 2658 2475 2727 maledicere‘studens,
2530 2658 2840 2714 benedicit:
2878 2676 2978 2714 nec
3024 2663 3168 2715 enim
3224 2666 3437 2717 macula

1870 2750 1979 2804 ulla
2033 2749 2356 2804 sordescunt
2393 2750 2718 2806 innocentes
2751 2751 3064 2821 :quomudo
3114 2753 3258 2807 enim
3309 2769 3439 2807 ava-

1868 2840 2123 2910 ritia,qui
2152 2840 2335 2894 omnia
2365 2842 2689 2904 contemnit,
2727 2843 3127 2897 maculabitnr?
3156 2845 3441 2913 quomodo

1869 2930 2025 3003 quasi
2061 2932 2378 2989 luxuriosus
2408 2949 2473 2988 ac
2504 2949 2732 2997 vagans.
2778 2935 3064 2990 solitarius
3108 2936 3271 2991 homo
3302 2939 3441 2992 vitu-

1870 3023 2193 3093 perabitur?
2232 3024 2510 3093 quomodo
2562 3025 2645 3078 ira
2677 3025 2795 3079 miti
2841 3028 3106 3081 nocebit?
3163 3031 3440 3098 quomodo

1870 3115 2026 3169 elatae
2069 3114 2313 3170 cervices
2364 3114 2601 3171 humiles
2653 3117 2966 3172 vexabunt?
3018 3127 3113 3172 aut
3152 3121 3255 3173 alia
3295 3137 3443 3189 quae-

1871 3206 2014 3277 piam
2041 3206 2250 3259 macula
2268 3206 2677 3260 immaculatum
2693 3208 3013 3262 maculabit?
3036 3208 3129 3263 His
3148 3210 3294 3263 enim
3324 3211 3442 3265 haec

1869 3294 2098 3350 intentio
2120 3294 2332 3351 vivendi
2355 3303 2461 3362 est,
2482 3296 2661 3351 nullas
2683 3296 2827 3351 hosti
2846 3312 3012 3353 ausas
3045 3308 3327 3369 praestare,
3354 3312 3435 3368 ut,

1868 3386 2009 3443 sicut
2039 3387 2334 3457 Apostolus
2361 3388 2460 3450 ait.
2499 3387 2842 3443 nibilbabeat
2875 3389 3140 3447 confusus
3182 3391 3437 3447 adversa-

1866 3482 1982 3537 rius
2012 3480 2194 3537 dicere
2211 3482 2279 3535 ⁸⁷.
2320 3480 2589 3547 Quocirca
2630 3482 2698 3537 ad
2733 3484 3173 3539 maledicendum
3205 3496 3431 3541 vocatus

1867 3570 2084 3627 Balaam
2102 3573 2332 3629 clamat:
2368 3591 2388 3625 ι
2418 3573 3051 3639 Quomodomaledicam,
3070 3576 3154 3629 cui
3186 3591 3295 3629 non
3318 3592 3438 3630 ma-

1870 3664 2061 3720 ledicit
2082 3663 2349 3721 Dominus
2372 3665 2457 3719 ἀἲ
2498 3684 2516 3717 ι
2553 3665 2604 3720 id
2648 3675 2756 3728 est,
2786 3667 3058 3735 quomodo
3086 3667 3432 3732 maledicam.

1867 3751 1960 3822 qui
1996 3752 2200 3806 nullam
2235 3753 2591 3809 maledicendi
2636 3758 2918 3810 materiam
2969 3756 3243 3825 prazbuit?
3277 3758 3440 3828 tutius

1873 3843 2291 3899 invulnerabilis
2324 3845 2432 3899 vita
2470 3852 2576 3908 est.
2619 3846 2747 3915 quia
2791 3844 2884 3901 Dei
2924 3857 3081 3902 scuto
3111 3851 3434 3921 protegitur.

1868 3933 2069 3991 Verum
2101 3935 2314 3990 tametsi
2351 3936 2452 3991 hac
2485 3935 2845 3992 maledicendi
2874 3937 2959 3991 via
2998 3939 3135 3992 nihil
3179 3939 3234 3993 in
3268 3957 3438 4011 popu-

1869 4025 1981 4080 lum
2029 4026 2202 4079 hostis
2250 4025 2432 4089 elllcit,
2481 4036 2663 4081 tamen
2706 4027 2839 4097 quia
2872 4028 3068 4084 virtute
3116 4029 3296 4085 divina
3340 4032 3438 4087 de-

1872 4116 2016 4172 fendi
2052 4115 2270 4173 Iudaeos
2296 4118 2537 4187 agnovit,
2574 4134 2683 4175 non
2713 4120 2969 4182 cessavit,
3006 4122 3099 4176 sed
3135 4121 3438 4178 foedissima

1869 4208 2147 4278 voluptate
2188 4224 2218 4261 a
2260 4208 2444 4264 divino
2489 4224 2769 4266 removere
2805 4210 2988 4269 studet
3037 4213 3260 4267 auxilio.
3298 4212 3433 4268 Nam

1869 4311 1992 4351 cum
2044 4297 2226 4352 omnis
2282 4296 2533 4368 voluptas
2592 4296 2754 4353 facile
2818 4297 2888 4353 ad
2950 4298 3142 4354 vitium
3209 4300 3436 4367 alliciat,

1871 4394 1986 4441 tum
2038 4400 2171 4441 vero
2216 4385 2555 4444 foedissimus
2600 4385 2830 4444 Veneris
2883 4396 3062 4450 actus.
3114 4387 3439 4446 libidinosus

1872 4478 2174 4547 praesertim
2207 4476 2486 4547 iuniorum
2515 4478 2729 4533 animos
2760 4479 2974 4534 adunco
3004 4479 3257 4534 detentos
3277 4482 3438 4537 hamo

177 4576 262 4639 είς
288 4572 504 4628 κακίαν
527 4574 557 4627 ὁ
591 4572 722 4643 βίος.
771 4572 846 4625 Οὐ
877 4570 1005 4642 μὴν,
1044 4569 1232 4643 ἐπειδὴ
1261 4568 1450 4622 τούτου
1483 4569 1773 4640 διὴμαρτεν

1875 4566 2122 4623 attrahit.
2158 4565 2354 4627 ldinde
2370 4568 2779 4638 patet;namqui
2816 4560 3011 4623 'armis
3048 4569 3435 4637 praevalebant,

174 4664 206 4718 ὁ
235 4665 349 4735 τῆς
390 4664 585 4726 κακίας
612 4661 857 4734 εὑρετὴς,
888 4661 1114 4716 καθόλου
1143 4664 1242 4732 τῆς
1260 4660 1400 4714 κατὰ
1428 4660 1534 4712 τῶν
1554 4660 1770 4712 ἐπιϐου-

175 4755 504 4828 λευομένων
530 4753 769 4817 ἐπινοίας
791 4754 1083 4808 ὲπαύσατο’
1112 4751 1248 4806 ἀλλὰ
1276 4752 1410 4823 πρὸς
1434 4750 1493 4805 τὸ
1516 4751 1644 4805 ἴδιον
1667 4751 1770 4805 πά-

175 4848 405 4919 λαισμα
426 4845 525 4917 τὴν
552 4846 793 4900 ἐπίνοιαν
810 4845 1023 4917 τρέπει,
1054 4844 1215 4900 πάλιν
1242 4843 1308 4898 δι’
1330 4843 1526 4915 ἡδονῆς
1554 4843 1688 4915 πρὸς
1707 4843 1769 4896 τὸ

174 4939 367 4994 κακὸν
422 4936 684 5003 δελεάζων
722 4938 822 5009 τὴν
863 4936 1043 5007 φύσιν.
1094 4938 1306 5001 Ὄντως,
1349 4934 1531 5007 πάσης
1569 4934 1769 4999 κακίας

172 5024 297 5084 οἷόν
327 5045 394 5083 τι
414 5028 603 5101 δέλεαρ
629 5031 665 5102 ἡ
697 5030 861 5102 ἡδονὴ
893 5028 1280 5101 προῦληθεῖσα,
1307 5028 1540 5091 εὐκόλως
1561 5027 1659 5092 τὰς
1691 5027 1769 5080 λι-

174 5114 462 5195 χνοτέρας
485 5106 663 5194 ψυχάς
680 5124 772 5177 ἐπὶ
801 5122 864 5176 τὸ
886 5122 1177 5201 ᾷγκιστρον
1203 5122 1302 5193 τῆς
1322 5121 1593 5184 ἀπωλείας
1617 5120 1773 5188 ἐφέλ-

175 5234 375 5273 κεται.
422 5216 676 5270 Μάλιστα
720 5215 781 5270 δέ
823 5233 939 5279 πως
980 5201 1085 5269 διαί
1108 5214 1208 5286 τῆς
1235 5214 1533 5268 ἀκολάστου
1578 5212 1773 5283 ἡδονῆς

173 5306 529 5377 ἀφυλάκτως
555 5309 590 5378 ἡ
640 5305 800 5377 φύσις
822 5306 959 5379 πρὸς
993 5305 1055 5361 rb
1082 5306 1249 5361 κακὸν
1284 5307 1672 5377 παρασύρεται.
1705 5306 1772 5357 Ὃ

173 5396 247 5467 δὴ
276 5396 387 5449 καὶ
399 5395 523 5449 τότε
554 5394 790 5464 ἐγένετο.
811 5396 873 5449 Οί
902 5393 1010 5466 γὰρ
1042 5393 1149 5449 τῶν
1169 5393 1346 5447 ὅπλων
1376 5390 1771 5465 ὑπερισχύσαν-

173 5507 301 5557 τες,
334 5489 437 5543 καὶ
465 5490 646 5542 πᾶσαν
666 5489 764 5559 τὴν
788 5488 851 5541 ὲκ
874 5486 1091 5558 σιδήρου
1130 5483 1429 5556 προσϐολὴν
1454 5480 1769 5536 ἀσθενεστέ-

177 5597 293 5651 ραν
323 5578 433 5648 τῆς
460 5578 596 5643 ἰδίας
627 5578 905 5648 δυνάμεως
937 5575 1235 5640 δείξαντες,
1266 5575 1361 5629 καὶ
1394 5572 1535 5627 κατὰ
1574 5571 1772 5643 κράτος

172 5669 289 5741 τὴν
342 5666 604 5738 φάλαγγα
649 5667 758 5721 τῶν
813 5663 1198 5736 ἀντικειμένων
1239 5662 1565 5734 τρεψάμενοι
1588 5700 1603 5726 ,
1655 5662 1766 5725 τοῖς

272 5852 335 5885 ⁸⁸
359 5849 521 5905 Num.
552 5865 684 5912 nn,
719 5847 808 5902 28.
884 5846 928 5878 ⁸⁸
956 5843 1118 5900 Marc.
1152 5861 1203 5911 v,
1239 5844 1272 5898 9
1304 5857 1424 5915 sqq.

1873 4656 1964 4728 qui
2006 4656 2184 4713 hostis
2222 4671 2405 4711 ensem
2453 4671 2550 4712 sua
2595 4657 2797 4713 virtute
2836 4657 3175 4719 retuderunt.
3224 4661 3315 4731 qui
3363 4661 3439 4715 lc.

1872 4748 2063 4818 giones
2106 4755 2344 4801 armatas
2377 4746 2637 4801 fuderunt
2672 4755 2834 4817 atque
2868 4748 3145 4818 fugarunt,
3188 4750 3437 4807 mulieris

1872 4837 2049 4894 forma
2080 4836 2325 4907 percussi
2368 4835 2708 4893 ceciderunt:
2743 4838 2816 4892 ita
2850 4838 2943 4908 qui
2976 4839 3119 4895 vires
3165 4841 3435 4907 vicerunt,

1871 4945 1903 4985 a
1938 4930 2262 4984 mulieribus
2313 4928 2726 4999 pervincuntur.
2760 4927 2895 4984 Nam
2925 4929 3090 4986 simul
3115 4939 3279 5002 atque
3310 4949 3435 4987 mu-

1873 5021 2040 5076 lieres
2062 5029 2458 5090 apparuerunt,
2492 5019 2731 5075 formosa
2754 5035 2855 5090 pro
2885 5020 3010 5085 telis
3032 5037 3258 5092 corpora
3296 5024 3439 5094 obji-

1871 5111 2103 5175 cientes,
2164 5110 2508 5167 fortitudinis
2546 5112 2727 5165 statim
2776 5112 2966 5173 obliti.
3015 5114 3082 5168 ad
3131 5115 3437 5187 voluptates

1873 5203 2113 5259 devoluti
2167 5211 2311 5258 sunt.
2374 5202 2473 5257 llic
2520 5204 2584 5256 ad
2645 5203 2912 5260 nefandas
2944 5205 3199 5262 libidines
3249 5208 3437 5278 lapsus

1871 5294 2123 5349 hostibus
2161 5293 2378 5349 Judzeos
2417 5294 2601 5348 divino
2636 5296 2874 5364 privatos
2912 5298 3215 5365 patrocinio
3260 5299 3432 5352 truci-

1873 5388 2080 5443 dandos
2100 5386 2450 5457 prodidisset,
2484 5388 2585 5442 nisi
2620 5388 2825 5442 relator
2848 5386 3081 5445 Phinees
3104 5390 3298 5445 ardore
3330 5406 3434 5446 suo

1876 5475 2115 5532 divinam
2146 5480 2469 5533 sententiam
2499 5479 2851 5548 praevenisset
2884 5480 2929 5511 "
2967 5498 2981 5534 :
3023 5496 3145 5534 nam
3177 5488 3231 5536 et
3263 5482 3432 5553 iudex

1876 5575 1933 5623 et
1980 5566 2223 5623 carnifex
2267 5567 2386 5639 ipse
2440 5567 2619 5626 factus
2664 5577 2768 5637 est,
2815 5572 3249 5642 sacerdotalique
3296 5588 3431 5631 usus

1871 5660 2077 5722 olllcio,
2127 5659 2391 5728 sanguine
2432 5668 2715 5732 peccatum
2771 5662 3024 5734 purgavit
3072 5682 3087 5719 :
3128 5666 3428 5737 sanguine,

1501 5842 1544 5875 ’τ
1575 5840 1681 5896 Tit.
1722 5856 1782 5908 ιι,
1804 5839 1859 5896 8.
1937 5839 1983 5873 ⁸⁸
2009 5838 2169 5896 Num.
2196 5854 2342 5905 utv,
2377 5838 2398 5893 l
2430 5854 2550 5910 sqq.
2627 5839 2674 5873 ”
2694 5836 2855 5895 Num.
2896 5853 3029 5909 xxv,
3067 5838 3121 5899 7.
