3982 6510
544 413 653 484 423

1785 423 1843 476 S.
1889 419 2218 476 GREGORII
2260 420 2555 478 NYSSLNI
2722 478 2728 484 ,
3696 427 3781 482 ιει

545 544 795 614 inquam,
837 539 1092 596 animalis
1123 551 1231 593 non
1278 536 1509 602 innoxii,
1541 536 1636 593 sed
1667 551 1858 592 eorum
1900 537 1994 607 qui
2038 551 2123 591 ne-

2226 539 2556 606 γυναικείοις
2591 539 2768 611 βέλεσι
2795 541 2861 595 δι’
2880 543 3072 614 ἡδονῆς
3101 541 3546 614 κατετρωθησαψ
3580 544 3672 596 καὶ
3697 546 3784 597 τῶν

546 636 712 690 fando
756 633 985 689 crimine
1049 639 1450 695 convenerunt,
1491 646 1726 702 quorum
1781 639 1837 685 et
1889 645 2122 700 corpora

546 743 658 783 uno
689 728 800 780 ictu
835 723 1114 788 transﬁxa,
1165 733 1220 780 et
1257 725 1506 794 voluptas
1541 731 1719 778 morte
1761 720 1991 777 confusa
2040 721 2122 776 di-

543 821 726 875 vinam
761 820 898 872 iram
938 816 1280 887 mitigat-unt.
1317 815 1431 871 Hac
1473 831 1532 870 re
1562 815 1819 888 salutare.
1846 812 2121 884 quoddam

544 913 835 968 consilium
867 911 1095 964 historia
1123 910 1363 979 praebere
1386 908 1621 970 videtur;
1647 921 1773 960 nam
1803 920 1928 960 cum
1964 903 2120 958 multi

543 1004 654 1058 sint
697 1001 872 1056 morbi
907 1009 962 1055 et
995 1001 1345 1071 zegritudines
1385 998 1576 1060 animi,
1626 997 1826 1068 quibus
1874 996 2121 1051 homines

541 1096 852 1164 capiuntur,
897 1093 1033 1148 nihil
1083 1101 1290 1148 tantam
1319 1093 1372 1145 in
1419 1106 1520 1146 nos
1551 1089 1661 1144 vim
1698 1089 1898 1146 habere
1933 1098 2121 1143 osten-

541 1189 641 1252 dit,
689 1193 946 1257 quantam
981 1185 1341 1256 spurcissima
1373 1184 1488 1238 haec
1513 1183 1703 1238 libido.
1735 1181 1870 1235 Nam
1902 1181 1947 1238 si
1975 1183 2121 1236 viros

543 1279 690 1342 illos,
716 1279 809 1344 qui
840 1277 1225 1349 IEgyptiorum
1249 1277 1551 1345 equitatum
1577 1275 1840 1329 divinitus
1863 1274 1988 1328 tecti
2013 1288 2122 1328 non

541 1371 884 1434 tinmerunt,
938 1370 1031 1440 qui
1079 1368 1412 1423 Amalecitas
1454 1366 1748 1430 fuderunt,
1794 1375 1849 1421 et
1909 1365 2118 1420 nationi

546 1479 668 1534 quae
699 1471 821 1534 post
852 1463 1005 1533 ipsos
1048 1462 1290 1517 occurrit
1320 1459 1693 1515 formidabiles
1727 1465 2118 1528 apparuerunt,

542 1560 635 1625 qui
684 1557 928 1625 ipsorum
963 1552 1382 1607 Madianitarum
1427 1551 1669 1622 legiones
1721 1549 2000 1619 fugarunt,
2047 1549 2123 1603 si-

542 1647 656 1701 mul
703 1663 767 1701 ac
817 1647 946 1702 visa:
1002 1656 1131 1700 sunt
1179 1642 1798 1712 mulieres,voluptatis
1848 1641 2121 1711 mancipia

541 1737 717 1792 factos
760 1738 978 1797 asserit.
1015 1736 1150 1806 quid
1181 1735 1328 1790 aliud
1370 1735 1496 1788 hinc
1533 1749 1635 1788 nos
1680 1733 1924 1796 instruit,
1958 1747 2121 1801 quam

551 1820 882 1895 voluptatem
919 1826 1062 1880 hanc
1089 1824 1246 1879 valde
1275 1823 1574 1878 cavendam
1606 1840 1750 1886 esse,
1796 1837 1916 1892 qua:
1939 1822 2122 1875 titilla-

2226 630 2325 700 μὲν
2355 631 2564 702 ἀνδρῶν
2594 633 2894 704 κρείττους,
2916 634 3036 702 ⁷τῶν
3055 635 3118 689 δὲ
3150 635 3426 704 γυναικῶν
3458 637 3656 706 ἥττους
3683 639 3784 704 ὲγέ·

2223 738 2392 775 νοντο.
2440 723 2606 794 Ὁμοῦ
2651 741 2709 778 τε
2741 725 2850 798 γάρ
2891 725 3150 797 ὤφθησαν
3190 728 3375 791 αὐτοῖς
3417 729 3476 782 αί
3525 732 3784 796 γυναῖκες,

2222 815 2342 870 ἀντὶ
2373 817 2552 871 ὅπλων
2590 819 2688 885 τὰς
2731 821 2947 892 μορφὰς
2991 821 3449 893 προδαλλόμεναι,
3492 824 3590 876 καὶ
3631 839 3789 892 παραυ

2223 909 2408 979 χρῆμα
2450 910 2544 964 τοῦ
2575 911 2730 964 τόνου
2759 913 2860 982 τῆς
2884 913 3137 984 ἀνδρείας
3164 914 3333 985 λήθην
3358 914 3690 984 ἐλάμϐανον,
3715 915 3788 970 τὸν

2225 999 2396 1072 θυμὸν
2452 1005 2530 1069 είς
2571 1004 2760 1076 ἡδονὴν
2805 1005 3172 1070 διαλύσαντες.
3206 1008 3316 1059 Καὶ
3353 1007 3401 1060 oi
3436 1008 3536 1078 μὲν
3571 1003 3711 1078 ἦσαν
3746 1010 3791 1061 ὲν

2222 1094 2451 1160 τούτοις,
2477 1099 2536 1151 ὲν
2557 1093 2638 1161 οἷς
2673 1098 2819 1163 εἰκὸς
2856 1095 3142 1163 εἶναιτοὺς
3177 1101 3242 1170 τῇ
3272 1099 3497 1170 ἀθέσμῳ
3526 1100 3672 1170 μίξει
3699 1100 3792 1154 τῶν

2223 1185 2534 1257 ἀλλοφύλων
2562 1187 3052 1261 ὲπιλυσσήσαντας.
3089 1189 3152 1241 'H
3180 1188 3238 1242 δὲ
3268 1189 3406 1259 πρὸς
3436 1188 3499 1242 τὸ
3530 1188 3702 1243 κακὸν
3731 1192 3793 1242 ol-

2223 1279 2461 1350 κειότης,
2498 1280 2596 1351 τῆς
2619 1279 2715 1334 τοῦ
2749 1279 2954 1349 ἀγαθοῦ
2987 1280 3308 1351 συμμαχίας
3331 1280 3690 1354 ἀλλοτρίωσις
3716 1277 3792 1352 ἦν·

2223 1372 2382 1436 εὐθὺς
2430 1373 2538 1445 γὰρ
2584 1375 2766 1436 αὐτοῖς
2801 1373 3181 1445 ἐξεπολεμώθη
3224 1374 3287 1428 τὸ
3323 1375 3510 1439 Θεϊον,
3563 1375 3682 1430 ἀλλ’
3710 1378 3794 1431 οὐκ

2222 1461 2500 1532 ἀνέμεινεν
2525 1465 2554 1517 ό
2579 1461 2825 1534 ζηλωτὴς
2849 1464 3033 1529 Φινεὲς
3071 1467 3136 1536 τῇ
3165 1463 3374 1518 ἀνωθεν
3405 1465 3577 1537 ψήφῳ
3604 1467 3793 1538 καθαρ-

2223 1551 2379 1622 θῆναι
2402 1553 2499 1624 τὴν
2520 1554 2815 1625 ἁμαρτίανο
2843 1554 2958 1608 ἀλλ’
2980 1555 3141 1620 αὐτὸς
3158 1555 3374 1625 ἐγένετο
3397 1556 3664 1628 δικαστὴς
3693 1557 3794 1625 ἅμα

2223 1645 2316 1697 καὶ
2342 1644 2550 1715 δήμιος.
2581 1644 2838 1716 Κινηθεὶς
2864 1646 2974 1718 γὰρ
3003 1648 3085 1711 είς
3106 1648 3207 1717 τὴν
3239 1647 3383 1701 κατὰ
3408 1646 3517 1700 τῶν
3543 1647 3794 1718 λελυσση-

2222 1737 2393 1788 κότων
2415 1737 2604 1807 ὀργὴν,
2629 1736 2689 1790 τὸ
2710 1736 2802 1790 τοῦ
2833 1737 3022 1808 ἱερέως
3045 1737 3204 1808 ἔργον
3237 1737 3585 1809 ἐπλήρωσεν,
3615 1738 3794 1808 αἵματι

2222 1829 2522 1899 καθαρίσας
2547 1829 2641 1900 τὴν
2684 1829 2980 1901 ἁμαρτίαν,
3017 1831 3208 1900 αἵματι
3239 1830 3341 1884 οὐκ
3379 1830 3628 1884 ἀναιτίου
3658 1832 3794 1894 τινὸς

545 1920 795 1973 tionibus
847 1921 962 1974 suis
993 1920 1137 1973 viros
1163 1919 1331 1973 armis
1358 1918 1594 1972 invictos
1629 1906 2121 1987 superavitiquod-

2223 1886 2396 1983 Crono,
2442 1886 2533 1972 τοῦ
2585 1886 2750 1991 μηδὲν
2797 1886 3193 1992 μετεσχηκότος
3237 1921 3328 1976 τοῦ
3374 1922 3475 1991 τῆς
3507 1886 3795 1986 ἀκολασίας

541 2028 648 2082 que
692 2012 1066 2080 impudentius
1093 2021 1198 2074 est,
1237 2011 1415 2079 palam
1447 2011 1530 2080 agi
1577 2009 1968 2078 turpitudinem
1998 2023 2122 2077 per-

542 2105 760 2160 suasit?
785 2105 856 2158 ita
881 2103 1131 2158 bestialis
1154 2102 1218 2156 ad
1245 2103 1522 2156 libidinem
1551 2102 1783 2171 impetus
1805 2099 1860 2153 in
1884 2100 2121 2170 pecudes

541 2198 792 2252 homines
838 2197 1020 2252 vertit.
1085 2193 1220 2248 Nam
1274 2196 1528 2249 humanae
1589 2193 1922 2247 conditionis
1966 2192 2122 2247 obliti

540 2287 783 2358 penitus,
829 2301 936 2342 non
966 2286 1127 2339 modo
1157 2299 1255 2340 sua
1302 2284 1534 2338 crimina
1569 2299 1678 2337 non
1717 2284 1992 2346 eelabant,
2029 2299 2121 2337 ve-

539 2397 661 2436 rum
701 2378 864 2434 etiam
901 2392 1192 2449 porcorqu
1243 2392 1412 2440 more,
1452 2379 1590 2431 a!ter
1613 2378 1665 2430 in
1693 2375 1918 2430 alterius
1949 2376 2120 2430 oculis

540 2476 720 2546 palam
777 2472 1036 2528 sordibus
1072 2471 1312 2525 devoluti
1365 2470 1704 2540 turpitudine
1733 2476 1786 2523 et
1819 2468 2120 2522 sceleribus

541 2566 939 2638 gloriabantur.
993 2563 1173 2630 Quare
1217 2573 1404 2633 aperte
1455 2578 1554 2616 nos
1599 2570 1783 2616 monet
1851 2561 2116 2624 historia,

538 2659 734 2730 procul
760 2672 789 2710 a
818 2667 924 2712 tam
948 2655 1178 2712 terribili
1209 2654 1383 2709 bestia
1413 2655 1571 2708 nobis
1593 2668 1716 2708 esse
1739 2653 2116 2713 habitandum,

540 2765 612 2805 ne
656 2749 882 2803 morbus
935 2762 1087 2801 more
1138 2747 1281 2816 ignis
1315 2753 1554 2816 propter
1592 2744 1930 2798 vicinitatem
1963 2743 2119 2796 ﬂam-

541 2857 685 2896 mam
718 2841 785 2894 ad
816 2856 918 2895 nos
966 2855 1140 2910 usque
1174 2839 1511 2893 transmittat
1547 2857 1560 2891 :
1594 2835 1738 2907 quod
1782 2845 1834 2890 et
1863 2835 2119 2890 Salomon

541 2933 598 2986 in
641 2929 922 3002 Sapientia
952 2930 1139 2985 docet
1167 2930 1236 2975 ὀε
1287 2927 1406 2982 Νοη
1443 2926 1820 2995 attingendum
1866 2941 1986 2981 esse
2030 2941 2120 2979 ar-

543 3022 766 3077 dentem
797 3021 1090 3077 carbonem
1135 3021 1284 3074 nudo
1317 3018 1473 3089 pede,
1503 3033 1680 3087 neque
1708 3018 1883 3086 ignem
1914 3017 1966 3070 in
1996 3017 2120 3071 sinu

2224 2010 2559 2080 μιάσματος,
2586 2010 2721 2064 ἀλλά
2748 2011 2856 2065 τῶν
2879 2013 2936 2065 ὲν
2961 2011 3131 2084 κακίᾳ
3161 2012 3611 2083 συνεζευγμένων
3640 2013 3794 2083 ἀλληο

2219 2103 2351 2167 λοις·
2387 2105 2472 2172 ἐφ’
2503 2096 2578 2157 ὧν
2617 2105 2650 2174 ἡ
2683 2104 2855 2174 αἰχμὴ
2893 2107 3013 2158 κατ’
3039 2104 3221 2157 αὐτῶν
3251 2105 3360 2158 τῶν
3401 2105 3496 2158 δύο
3535 2106 3796 2176 σωμάτων

2219 2193 2561 2260 διεξελθοῦσα
2587 2196 2933 2265 κατεπράῦνε
2959 2195 3059 2264 τὴν
3092 2194 3192 2265 τῆς
3227 2193 3374 2258 θείας
3391 2193 3548 2265 δίκης
3571 2195 3794 2265 κίνησιν,

2220 2285 2300 2356 τῷ
2341 2285 2554 2356 θανάτῳ
2594 2286 2703 2339 τῶν
2740 2285 3138 2357 ἡμαρτηκότων
3181 2286 3282 2356 τὴν
3332 2285 3527 2357 ἡδονὴν
3572 2287 3798 2356 καταμίο

2223 2376 2379 2440 ξασα.
2419 2380 2576 2430 Δοκεῖ
2599 2377 2658 2430 δέ
2698 2395 2787 2449 μοι
2818 2378 3131 2448 συμϐουλήν
3160 2395 3284 2432 τινα
3307 2379 3604 2450 ψυχωφελῆ
3637 2397 3797 2434 κατα-

2220 2467 2462 2521 τίθεσθαι
2497 2471 2609 2532 τοῖς
2648 2468 2956 2541 ἀνθρώποις
2997 2472 3030 2540 ἠ
3075 2470 3318 2538 ἱστορία,
3357 2471 3423 2524 δι’
3457 2467 3527 2543 ἦς
3560 2471 3797 2526 διδασκό-

2224 2561 2381 2630 μεθα,
2411 2561 2491 2613 ὅτι
2522 2559 2729 2614 πολλῶν
2750 2549 2918 2614 ὄντων
2945 2561 3156 2625 παθῶν,
3179 2561 3215 2614 ἀ
3234 2564 3360 2626 τοὺς
3380 2563 3676 2634 λογισμοὺς
3695 2565 3797 2618 τῶν

2220 2652 2522 2724 ἀνθρώπων
2547 2654 2998 2722 καταγωνίζεται,
3028 2655 3284 2725 οὐδεμίαν
3308 2655 3428 2708 καθ’
3465 2657 3626 2726 ἡμῶν
3652 2657 3796 2728 ἰσχὺν

2219 2743 2406 2813 ἓτερον
2434 2743 2604 2806 πάθος
2644 2742 2762 2814 ἔχει
2789 2745 3080 2815 τοσαύτην,
3123 2746 3198 2808 ὡς
3226 2746 3361 2818 πρὸς
3391 2745 3491 2817 τὴν
3522 2747 3677 2799 νόσον
3703 2749 3796 2817 τῆς

2221 2836 2415 2907 ἡδονῆς
2492 2834 2854 2901 ὲξισάζεσθαι.
2879 2837 2952 2890 Τὸ
2964 2837 3072 2909 γάρ
3091 2837 3300 2910 ἀθρόως
3315 2839 3443 2902 τοὺς
3471 2839 3796 2910 Ἰσραηλίτας

2219 2928 2479 2992 ἐκείνους,
2510 2927 2638 2991 τοὺς
2685 2928 2778 2982 καὶ
2809 2928 2911 2998 τῆς
2952 2929 3255 2998 Αἰγυπτίας
3302 2931 3472 2984 ἵππου
3523 2931 3795 3000 κρείττους

2220 3019 2654 3091 ὲπιδειχθέντας,
2686 3021 2781 3073 κα)⁵
2814 3020 2920 3074 τῶν
2978 3022 3366 3092 Ἀμαληκιτῶν·
3392 3023 3792 3093 ὑπερσχόντας,

543 3112 930 3183 deponendum
966 3130 979 3165 :
1015 3111 1169 3181 quasi
1217 3110 1269 3164 in
1303 3117 1491 3164 nostra
1534 3116 1797 3178 potestate
1825 3107 1989 3161 situm
2025 3107 2116 3171 sit,

2222 3113 2316 3165 καὶ
2358 3111 2436 3182 τῷ
2479 3114 2594 3184 μετ’
2631 3112 2827 3176 αὐτοὺς
2878 3113 3018 3166 ἔθνει
3073 3114 3334 3186 φοϐεροὺς
3380 3115 3664 3184 φανέντας,
3707 3116 3795 3167 καὶ

541 3212 602 3258 ut
633 3215 884 3274 expertes
933 3204 1116 3258 omnis
1147 3203 1273 3257 mali
1307 3203 1504 3262 simus.
1553 3199 1794 3270 quandiu
1831 3199 1900 3253 ab
1925 3215 1988 3254 ea
2038 3214 2116 3262 re,

2233 3206 2372 3278 μετά
2421 3206 2594 3260 ταῦτα
2643 3207 2743 3278 τῆς
2779 3206 2887 3261 τῶν
2935 3206 3284 3262 Μαδιανιτῶν
3333 3207 3794 3278 ὑπερισχύσαντας

540 3312 664 3368 quae
699 3297 1011 3352 incendium
1058 3296 1282 3358 excitat,
1334 3295 1529 3349 remoti
1568 3294 1836 3348 fuerimus
1870 3311 1884 3346 :
1916 3291 1999 3346 sin
2057 3290 2123 3347 ad

2226 3298 2522 3368 φάλαγγος,
2563 3297 2802 3360 τούτους,
2838 3297 2972 3368 ὁμοῦ
2999 3299 3066 3368 τῇ
3101 3297 3198 3369 θέᾳ
3226 3298 3334 3352 τῶν
3366 3297 3676 3367 ἀλλοφύλων
3705 3315 3795 3366 γυ-

542 3391 692 3444 illam
737 3389 1156 3451 accesserimus,
1209 3387 1290 3443 sic
1334 3394 1393 3441 ut
1441 3386 1642 3440 ardens
1683 3386 1777 3439 ille
1824 3385 1976 3439 calor
2023 3399 2123 3439 nos

2225 3389 2428 3442 ναικῶν
2469 3387 2939 3459 καταδουλωθῆναι
2975 3392 3042 3460 τῇ
3075 3389 3234 3460 νόσῳο
3275 3389 3424 3443 οὐδὲν
3463 3391 3671 3461 ἕτερον,
3705 3404 3794 3442 κα-

545 3481 800 3550 attingat,
835 3487 952 3534 tum
986 3481 1169 3535 sinum
1217 3485 1468 3533 nostrum
1521 3476 1839 3547 cupiditatis
1870 3475 2012 3546 ignis
2043 3476 2123 3529 in-

2225 3476 2331 3539 θὼς
2364 3475 2614 3548 εἴρηται,
2644 3475 2935 3544 δείκνυσιν,
2981 3477 3016 3548 ἢ
3048 3478 3109 3531 τὸ
3144 3479 3418 3551 δύσμαχόν
3444 3497 3504 3532 τε
3534 3477 3672 3532 εἶναι
3707 3479 3793 3533 καὶ

542 3571 723 3633 vadet,
757 3577 923 3640 atque
957 3571 1031 3624 ita
1061 3569 1323 3639 deinceps
1352 3568 1587 3632 eveniet,
1619 3573 1677 3620 ut
1698 3575 1752 3620 et
1779 3582 1875 3635 pes
1912 3575 2120 3630 uratur,

2222 3567 2722 3637 δυσανταγώνιστον
2747 3569 3004 3640 πολέμιον
3032 3570 3191 3640 ἡμῶν
3215 3570 3312 3641 τὴν
3341 3571 3555 3641 ἡδονήν.
3594 3571 3666 3622 Ἥ
3696 3570 3793 3622 τῶν

543 3670 600 3717 et
635 3662 780 3717 sinui
807 3664 1012 3726 inostro
1061 3671 1210 3716 certa
1253 3659 1525 3730 pernicies
1568 3657 1846 3713 alieratur.

2222 3658 2501 3731 ἀηττήτων
2541 3663 2654 3722 τοῖς
2685 3661 2868 3725 ὅπλοις
2899 3661 3033 3732 ὁμοῦ
3070 3663 3148 3732 τῷ
3176 3663 3408 3733 φανῆναι
3457 3665 3794 3734 κατακρατή-

544 3772 705 3820 σασα,
750 3756 812 3810 τὸ
840 3756 940 3826 τῆς
983 3756 1208 3826 ἀτιμίας
1242 3756 1432 3825 ἤγειρε
1477 3756 1598 3808 κατ’
1634 3753 1815 3807 αὐτῶν
1845 3754 2124 3825 τρόπαιον,
2149 3751 2255 3805 ὑπὸ
2303 3756 2542 3827 μάρτυρι
2593 3756 2671 3828 τῷ
2725 3759 2867 3826 φωτὶ
2917 3757 3015 3828 τὴν
3060 3758 3320 3829 αἰσχύνην
3383 3759 3564 3814 αὐτῶν
3624 3758 3794 3830 στηλι-

541 3847 797 3904 τεύσασα.
840 3851 1017 3922 Βοσκή
1028 3867 1175 3920 ματα
1201 3849 1309 3920 γὰρ
1337 3849 1405 3901 δι’
1434 3849 1629 3919 ἑαυτῆς
1653 3849 1778 3911 τοὺς
1805 3847 2128 3919 ἀνθρώπους
2156 3847 2459 3915 ἀπέδειξεν,
2488 3850 2582 3914 οὓς
2609 3853 2641 3922 ἡ
2673 3851 2950 3924 κτηνώδης
2980 3852 3074 3905 καὶ
3111 3853 3302 3920 ἄλογος
3361 3852 3499 3925 πρδς
3527 3853 3626 3926 τὴν
3679 3857 3792 3908 ἀκο-

541 3942 733 3998 λασίαν
787 3944 930 4016 ὁρμὴ
976 3941 1300 3998 ἐκλαθέσθαι
1341 3943 1440 4004 τῆς
1489 3941 1838 4013 ἀνθρωπίνης
1879 3942 2134 3994 ἀνέπεισε
2180 3943 2412 4011 φύσεως·
2446 3942 2568 4014 μηδ’
2593 3943 3094 4017 ἐπικρυπτομένους
3117 3945 3176 3998 τὸ
3204 3945 3356 4013 ἄγος,
3418 3948 3538 4001 ἀλλ’
3590 3950 3794 4020 ἐμπομ-

541 4037 804 4103 πεύοντας
833 4039 900 4109 τῇ
946 4035 1141 4107 ἀτιμίᾳ
1171 4032 1266 4088 τοῦ
1300 4033 1527 4098 πάθους,
1562 4033 1657 4086 καὶ
1716 4032 2291 4103 ὲγκαλλωπιζομένους
2354 4035 2431 4105 τῷ
2472 4037 2570 4106 τῆς
2628 4036 2891 4107 αἰσχύνης
2947 4037 3234 4107 μιάσματι,
3283 4039 3426 4092 συῶν
3476 4041 3635 4113 δίκην
3673 4045 3793 4097 ἀνα-

543 4136 736 4206 φανδὸν
778 4137 834 4187 ὲν
885 4135 1004 4196 ταῖς
1047 4130 1290 4203 ἀλλήλων
1320 4129 1474 4200 ὄψεσι
1519 4129 1599 4199 τῷ
1635 4129 1732 4202 τῆς
1775 4129 2114 4201 ἀκαθαρσίας
2148 4129 2391 4203 βορϐόρῳ
2437 4132 2967 4202 ὲγκαλινδουμένους.
3028 4132 3092 4186 Τί
3117 4129 3210 4188 οὖν
3236 4133 3313 4204 τῷ
3335 4133 3638 4206 διηγήματι
3681 4155 3792 4190 παι-

541 4230 842 4301 δευόμεθα;
915 4227 974 4282 τὸ
1029 4226 1299 4298 μαθόντας
1346 4226 1494 4296 ἡμᾶς
1541 4225 1672 4296 ὅσην
1725 4225 1877 4295 ίσχὺν
1938 4226 2076 4296 πρὸς
2118 4226 2178 4279 τὸ
2229 4225 2570 4299 κακόνὴτῆς
2595 4227 2787 4298 ἡδονῆς
2811 4226 2921 4298 ἔχει
2943 4228 3114 4292 νόσος,
3146 4228 3221 4292 ὡς
3241 4230 3323 4282 ὅτι
3357 4229 3592 4299 μάλιστα
3620 4231 3792 4303 πόρῥω

542 4321 639 4376 τοῦ
673 4321 912 4375 τοιούτου
959 4318 1347 4388 γειτονήματος
1390 4316 1481 4368 τὸν
1526 4315 1736 4404 satier
1787 4314 2092 4379 ἀποικίζειν
2148 4316 2296 4386 βίον·
2348 4318 2424 4381 ὡς
2465 4317 2530 4372 ἂν
2571 4319 2644 4390 μή
2702 4334 2824 4372 τινα
2862 4318 3092 4389 πάροδον
3123 4319 3243 4372 καθ’
3278 4320 3435 4391 ἡμῶν
3464 4321 3607 4394 λάὸῃ
3636 4325 3669 4392 ἠ
3717 4324 3790 4375 νό-

547 4432 656 4478 σος,
695 4407 804 4467 οἷόν
822 4429 877 4464 τι
911 4409 1023 4480 πῦρ
1049 4409 1138 4463 διά
1161 4408 1255 4462 τοῦ
1285 4406 1690 4479 προσεγγισμοῦ
1720 4407 1818 4479 τὴν
1846 4409 2085 4480 πονηρὰν
2127 4409 2298 4480 φλόγα
2340 4411 2828 4483 κατεργαζόμενον.
2871 4411 3040 4464 Τοῦτο
3090 4411 3197 4482 γὰρ
3228 4411 3467 4466 διδάσκει
3522 4413 3697 4479 λέγων
3741 4415 3790 4465 ἐν

481 4523 488 4572 ξ
544 4507 612 4577 τῇ
634 4504 806 4575 Σοφίᾳ
854 4501 1124 4573 Σολομὼν,
1176 4501 1249 4572 μὴ
1281 4499 1566 4570 ἐπιψαύειν
1612 4498 1705 4552 τοῦ
1753 4499 2021 4570 ἄνθρακος
2088 4501 2277 4573 γυμνῷ
2331 4503 2410 4574 τῷ
2439 4503 2578 4567 ποδὶ,
2622 4503 2758 4574 μήτε
2786 4502 2844 4556 δὲ
2871 4501 2982 4573 πῦρ
3007 4501 3083 4572 τῷ
3129 4503 3315 4574 κόλπῳ
3367 4503 3786 4558 ὲναποτίθεσθαι·

544 4594 622 4659 ὡς
654 4598 711 4648 ὲν
737 4596 866 4665 ἡμῖν
903 4592 964 4646 ὃν
1003 4591 1336 4671 ὲνθάπαθεία
1366 4591 1565 4662 μένειν,
1603 4591 1708 4655 ἕως
1741 4593 1806 4645 ἂν
1844 4592 2124 4663 πόρρωθεν
2166 4589 2317 4664 ὦμεν
2374 4595 2464 4650 τοῦ
2527 4596 2938 4659 ύπεκκαίοντος’
2978 4597 3023 4648 εί
3053 4595 3108 4648 δὲ
3139 4597 3258 4649 κατ’
3312 4597 3446 4650 αὐτὸ
3489 4599 3791 4670 γενοίμεθα,

545 4690 622 4753 ὡς
668 4685 964 4756 ἐπιψαῦσαι
1009 4683 1108 4754 τῆς
1156 4683 1410 4747 διακαοῦς
1457 4682 1660 4754 ταύτης
1715 4683 2076 4755 θερμότητος,
2134 4687 2420 4756 ἐγκόλπιον
2467 4687 2528 4742 τὸ
2572 4686 2684 4760 πῦρ
2721 4688 2820 4758 τῆς
2852 4685 3145 4760 ἐπιθυμίας
3178 4689 3486 4761 γενήσεται,
3515 4689 3610 4744 καί
3635 4691 3793 4754 οὕτως

547 4778 970 4849 ἐπακολουθήσει
995 4777 1088 4831 καὶ
1113 4775 1191 4847 τῷ
1217 4776 1338 4829 ποδῖ¹
1365 4778 1397 4847 ὴ
1431 4775 1646 4840 καῦσις,
1677 4776 1769 4828 καὶ
1800 4776 1832 4846 ἡ
1863 4775 2127 4848 διαφθορά
2156 4779 2232 4850 τῷ
2257 4779 2462 4850 κόλπῳ.

616 4873 676 4926 1η
713 4869 1006 4940 Evangelio
1049 4883 1267 4939 quoque
1297 4867 1583 4932 Dominus,
1638 4875 1700 4922 ut
1732 4868 1892 4938 longe
1918 4868 1987 4921 ab
2021 4868 2122 4923 hac
2155 4875 2196 4929 Ι)

547 4979 650 5020 nos
690 4969 844 5032 peste
895 4959 1211 5026 abduceret,
1269 4958 1621 5029 cupiditatem
1655 4960 1853 5030 ipsam,
1891 4974 2010 5030 quae
2039 4960 2123 5013 vi-

547 5056 729 5112 dendo
789 5055 1030 5122 irrepere
1083 5053 1264 5117 solet,
1323 5052 1480 5123 quasi
1530 5052 1770 5107 radicem
1828 5053 2124 5123 voluptatis

547 5147 771 5210 evulsit,
820 5146 1116 5203 ostendens
1173 5160 1283 5200 non
1333 5160 1457 5200 esse
1513 5144 1918 5215 suscipiendam
1970 5145 2125 5215 cupi-

550 5241 781 5296 ditatem
813 5239 955 5299 visu,
1010 5253 1130 5308 qua!
1157 5238 1222 5293 ad
1251 5244 1432 5292 actum
1478 5236 1655 5308 ipsum
1685 5236 2002 5307 planissima
2035 5238 2125 5292 via

549 5339 656 5388 est.
712 5328 849 5384 Nam
908 5329 1251 5400 perniciosus
1300 5327 1483 5384 omnis
1539 5329 1762 5383 morbus
1802 5329 2125 5399 pestilentia:

548 5438 725 5488 more,
782 5425 828 5479 si
877 5423 1046 5480 semel
1083 5421 1400 5493 principalia
1453 5422 1806 5491 occupaverit
1856 5425 2122 5488 membra,

553 5519 669 5573 sola
700 5525 876 5572 morte
898 5517 1140 5572 sedatur.
1175 5513 1280 5571 Sed
1303 5516 1536 5587 longiori
1559 5516 1806 5571 oratione
1840 5529 1978 5586 opus
2001 5529 2124 5570 esse

555 5623 663 5664 non
692 5610 965 5678 ,arbitror,
1004 5619 1060 5662 ut
1092 5608 1258 5663 vitam
1291 5607 1463 5680 Moysi
1509 5614 1680 5662 totam
1730 5607 1786 5661 in
1817 5607 2120 5677 exemplum

556 5695 772 5756 virtutis
816 5701 1112 5756 lectOribus
1155 5699 1467 5758 aderamus.
1498 5698 1631 5755 Nam
1662 5698 1709 5756 si
1739 5697 1863 5770 quis
1894 5697 1961 5755 ad
1990 5696 2121 5755 θιὼ-

651 5884 693 5916 ⁸⁶
713 5881 879 5940 Eccli.
910 5890 1032 5950 Vm,
1067 5884 1152 5940 i3.

2307 4872 2394 4924 Ἐν
2437 4870 2494 4925 δὲ
2521 4870 2599 4944 τῷ
2637 4869 2952 4943 Εύαγγελίφ
2979 4872 3007 4924 ὁ
3035 4871 3239 4944 Κύριος
3282 4875 3347 4944 τῇ
3379 4873 3487 4947 ίδίᾳ
3520 4879 3697 4948 φωνῇ,
3728 4876 3795 4939 t'o;

2226 4965 2292 5019 ἂν
2321 4963 2604 5037 πόρρωθεν
2647 4962 3056 5034 φυλαχθείημεν
3088 4962 3180 5016 τοῦ
3217 4963 3459 5018 τοιούτου
3490 4966 3687 5033 κακοῦ,
3715 4986 3796 5020 κα-

2225 5056 2400 5127 θάπερ
2427 5055 2548 5132 τινὰ
2578 5054 2732 5126 ῥίζαν
2759 5051 2854 5108 τοῦ
2895 5053 3099 5117 πάθους
3123 5053 3222 5124 τὴν
3253 5053 3342 5108 διά
3385 5054 3480 5108 τοῦ
3518 5056 3648 5110 ἰδεῖν
3690 5059 3795 5110 ἐπι-

2225 5147 2424 5217 θυμίαν
2472 5145 2693 5216 ἐξέτεμε
2716 5185 2731 5212 ,
2761 5143 3049 5207 διδάσκων,
3088 5144 3169 5196 ὅτι
3213 5145 3242 5196 ό
3268 5146 3334 5214 τῇ
3376 5143 3498 5214 ὕψει
3541 5145 3605 5199 τὸ
3637 5145 3794 5208 πάθος

2226 5237 2695 5310 παραδεξάμενος,
2742 5235 2860 5289 ὁδὸν
2903 5234 3084 5288 δίδωσι
3129 5236 3247 5288 κατ’
3283 5235 3481 5289 ἑαυτοῦ
3530 5239 3597 5308 τῇ
3641 5238 3788 5305 νόσῳ.

2215 5315 2311 5416 fre:
2341 5327 2451 5399 γὰρ
2481 5325 2695 5399 πονηρά
2716 5324 2825 5379 τῶν
2849 5323 3210 5396 παθημάτων,
3237 5323 3424 5395 λοιμοῦ
3454 5325 3629 5396 δίκην,
3659 5328 3790 5378 ἐπει-

2227 5420 2323 5474 δάν
2342 5419 2486 5486 ἅπαξ
2505 5421 2612 5472 τῶν
2634 5420 2862 5491 καιρίων
2880 5417 3287 5490 κατακρατήσῃ,
3304 5415 3384 5487 τῷ
3398 5417 3613 5488 θανάτῳ
3634 5417 3785 5470 παύε-

2226 5531 2314 5566 ται
2380 5510 2541 5584 μόνῳ.
2600 5509 2740 5563 Ἀλλ’
2780 5509 2933 5562 οὐδὲν
2980 5504 3130 5578 οἶμαι
3178 5507 3376 5577 χρῆναι
3415 5507 3674 5580 μηκύνειν
3706 5508 3781 5558 τὸν

2226 5605 2404 5674 λόγον,
2455 5603 2630 5658 πάντα
2685 5601 2778 5656 τοῦ
2829 5599 3106 5664 Μωῦσέως
3157 5598 3246 5652 τὸν
3300 5597 3413 5668 βίον
3468 5601 3549 5663 είς
3601 5597 3777 5668 ἀρετῆς

2229 5699 2532 5769 ὑπόδειγμα
2577 5693 2926 5769 προτιθέντας
2963 5694 3076 5756 τοῖς
3130 5691 3539 5764 ὶντυγχάνουσι.
3574 5688 3658 5762 τῷ
3683 5687 3772 5757 γὰρ
