3982 6504
178 366 278 420 125

1499 359 1587 413 DE
1626 356 1789 412 VITA
1819 356 2093 417 MOYSIS.

3275 369 3382 426 ηε

177 479 307 550 πρὸς
346 485 443 532 τικν
485 479 814 552 ὑψηλοτέραν
847 481 991 552 ζωὴν
1023 480 1212 533 ἐαυτὸν
1254 479 1611 539 ἀνατείναντι,
1668 475 1723 528 οὐ

1834 474 2096 530 limiorem
2148 476 2270 530 vitae
2302 478 2564 532 rationem
2612 478 2886 548 aspirarit,
2919 494 3029 535 non
3084 482 3278 555 exigua
3316 501 3383 539 ex

177 570 341 642 μικρά
372 573 566 640 γένοιτ’
614 573 681 625 ἂν
727 574 864 644 πρὸς
905 574 1001 645 τὴν
1026 573 1200 644 ἀληθῆ
1246 570 1560 642 φιλοσοφίαν
1608 569 1733 639 ἐφό-

171 665 255 718 δια
292 664 358 717 τά
400 665 681 735 εἰρημένα.
730 664 820 735 Τῷ
864 666 921 720 δὲ
971 665 1382 737 μαλακιζομένῳ
1423 664 1559 734 πρὸς
1606 665 1731 727 τοὺς

173 755 308 826 ὑπὲρ
333 756 431 825 τῆς
465 756 664 826 ἀρετῆς
702 757 962 828 ἱδρῶτας,
1007 756 1107 811 κᾶν
1139 757 1511 810 πολλαπλάσια
1545 757 1729 826 γραφῇ

171 844 274 899 τῶν
326 842 649 918 εἰρημένων,
693 849 844 902 οὐδὲν
901 849 968 902 ἂν
1026 851 1090 903 ἐκ
1149 849 1242 903 τοῦ
1297 850 1460 902 πόνου
1524 848 1732 917 γένοιτο

171 936 380 1006 ὄφελος.
413 938 559 991 Πλὴν
599 938 674 1002 ὡς
703 938 768 993 ἂν
799 939 873 1010 μὴ
902 940 1058 993 τοῦτο
1079 980 1093 1004 ,
1124 942 1265 994 κατὰ
1312 940 1403 993 τὸν
1445 939 1728 1010 προοιμίου

166 1029 458 1096 διορισμὸν,
493 1029 628 1100 λήθη
661 1030 887 1097 γένοιτο,
907 1034 963 1085 ἐν
988 1026 1067 1096 οἷς
1089 1033 1219 1103 ἡμῖν
1250 1034 1277 1085 ό
1296 1032 1447 1101 λόγος
1474 1031 1732 1103 διῖσχυρί-

168 1119 595 1189 ζεται,τοιοῦτον
647 1117 783 1175 εἶναι
830 1122 919 1175 τὸν
951 1122 1153 1175 τέλειον
1188 1122 1298 1193 βίον
1324 1161 1339 1184 ,
1377 1117 1438 1177 οὗ
1493 1120 1732 1193 μηδεμία

167 1210 479 1281 περιγραφὴ
526 1211 857 1281 τελειότητος
888 1212 1083 1266 κωλύει
1114 1212 1210 1284 τὴν
1244 1213 1465 1283 πρόοδον
1492 1229 1505 1241 ·
1545 1213 1657 1266 ἀλλ’
1694 1214 1729 1284 ἡ

166 1299 303 1368 πρὸς
342 1300 403 1353 τὸ
437 1303 679 1372 κρεῖττον
713 1302 798 1355 ἀεὶ
826 1304 1085 1374 γινομένη
1142 1304 1232 1357 τοῦ
1264 1303 1377 1374 βίου
1407 1304 1727 1374 ἐπαύξησις,

164 1392 279 1455 ὁδός
321 1394 433 1445 ἐστι
480 1395 545 1463 τῇ
598 1394 742 1464 ψυχῇ
791 1395 925 1466 πρὸς
954 1396 1262 1450 τελείωσινο
1291 1396 1470 1460 καλῶς
1507 1396 1573 1450 ἂν
1618 1396 1730 1467 ἔχοι

164 1484 298 1554 πρὸς
331 1485 392 1538 τὸ
417 1485 588 1557 πέρας
607 1486 699 1540 τοῦ
722 1487 836 1557 βίου
863 1488 1101 1550 Μωσέως
1123 1489 1422 1557 ἀγαγόντας
1438 1489 1529 1541 τὸν
1552 1488 1727 1556 λόγον,

162 1577 378 1648 ἀσφαλῆ
400 1578 568 1644 δεῖξαι
588 1580 677 1631 τὸν
700 1580 1025 1633 ἀποδοθέντα
1046 1582 1172 1650 ἡμῖν
1199 1581 1321 1649 ὅρον
1343 1580 1444 1651 τῆς
1460 1578 1729 1649 τελειότη-

161 1684 267 1730 τος.
345 1668 402 1721 ’0
447 1669 556 1738 γάρ
606 1670 691 1723 διὰ
722 1672 986 1725 τοσούτων
1021 1672 1332 1725 ἀναϐάσεων
1364 1670 1512 1741 παρά
1554 1672 1729 1724 πάντα

159 1760 247 1811 τὸν
309 1760 424 1829 βίον
470 1761 806 1830 ὑψούμενος,
837 1763 935 1816 οὐκ
982 1763 1223 1833 ἠπόρησε
1262 1762 1514 1830 γενέσθαι
1566 1762 1728 1815 πάλιν

161 1848 357 1901 ἑαυτοῦ
388 1849 744 1921 ὑψηλότερος
775 1851 850 1913 ὡς
880 1850 964 1915 ἂν,
991 1847 1162 1921 οἶμαι,
1185 1851 1271 1905 διὰ
1305 1854 1538 1916 πάντων,
1569 1851 1725 1905 ἀετοῦ
1758 1824 1801 1878 Β
1829 1850 2022 1903 deatur
2068 1869 2081 1904 :

158 1937 339 2008 δίκην,
375 1940 679 2011 ὑπερνεφὴς
717 1941 879 1995 αὐτοῦ
914 1941 1217 2014 θεωροῖτοὴ
1254 1942 1364 2014 ζωὴ
1407 1944 1498 1996 καὶ
1526 1944 1728 2013 μετέω-

159 2047 271 2100 ρος,
314 2034 443 2100 περὶ
489 2032 578 2085 τὸν
611 2033 801 2103 αίθέρα
823 2033 919 2103 τῆς
950 2034 1143 2103 νοητῆς
1171 2034 1484 2096 ἀναϐάσεως
1519 2034 1727 2087 ἑλισσο-

160 2122 323 2190 μένη.
376 2122 623 2194 Ἐτέχθη,
671 2124 757 2176 ὅτε
789 2125 847 2176 τὸ
874 2124 1126 2194 τεχθῆναι
1168 2125 1413 2196 Ἑϐραῖον
1441 2125 1591 2195 παρὰ
1615 2128 1731 2189 τοῖς

157 2213 483 2278 Αἰγυπτίοις
505 2214 744 2283 ἀδίκημα
768 2214 932 2279 ἔδοξε.
955 2216 1060 2267 Τοῦ
1083 2216 1138 2268 δὲ
1160 2218 1420 2286 τυράννου
1442 2217 1560 2269 τότε
1579 2218 1727 2289 νόμῳ

155 2302 242 2354 τὸν
281 2303 545 2372 τεχθέντα
584 2306 917 2369 κολάζοντος,
949 2307 1213 2377 κρείττων
1241 2308 1445 2375 γίνεται
1477 2308 1570 2361 τοῦ
1598 2309 1727 2378 φθο-

159 2394 383 2463 ροποιοῦ
420 2397 608 2466 νόμου,
638 2398 958 2469 περισωθεὶς
986 2399 1052 2451 τὰ
1094 2402 1188 2469 μὲν
1232 2401 1419 2471 πρῶτα
1446 2402 1594 2473 παρὰ
1618 2401 1725 2455 τῶν

154 2488 597 2556 γεννησαμένων,
643 2489 778 2559 μετὰ
817 2489 985 2543 ταῦτα
1019 2491 1073 2543 δὲ
1123 2494 1250 2562 παρ’
1293 2493 1467 2545 αὐτῶν
1500 2493 1606 2545 τῶν
1636 2511 1727 2547 τε-

155 2576 417 2630 θεικότων
464 2579 555 2631 τὸν
583 2580 761 2650 νόμον.
793 2579 899 2633 Καὶ
930 2575 1010 2644 οἷς
1045 2583 1073 2632 ό
1118 2581 1341 2645 θάνατος
1389 2584 1551 2661 αὑτοῦ
1578 2585 1725 2656 νόμῳ

154 2668 627 2738 κατεσπουδάσθη,
655 2664 797 2722 οὗτοι
831 2670 892 2723 οὐ
921 2671 1021 2741 τῆς
1068 2673 1210 2742 ζωῆς
1247 2673 1423 2743 μόνον,
1450 2674 1583 2728 ἀλλά
1630 2678 1726 2729 καὶ

152 2757 248 2826 τῆς
284 2759 578 2832 εὐδοκίμου
632 2758 778 2830 ζωῆς
820 2764 997 2815 πᾶσαν
1023 2766 1404 2834 εἰσηνέγκαντο
1448 2768 1722 2838 πρόνοιαν,

150 2850 235 2903 διὰ
262 2852 454 2923 πάσης
476 2854 665 2922 σοφίας
690 2856 985 2922 ἀγαγόντες
1008 2858 1098 2909 τὸν
1126 2859 1260 2910 νέον.
1281 2860 1558 2929 Κρείττων
1588 2862 1726 2930 μετὰ

149 2943 332 2995 ταῦτα
364 2944 570 3011 γίνεται
598 2945 698 3015 τῆς
728 2946 1072 3017 ἀνθρωπίνης
1100 2951 1281 3021 τιμῆς,
1316 2953 1404 3002 καὶ
1454 2953 1549 3022 τῆς
1580 2952 1727 3021 βασι-

151 3034 317 3105 λικῆς
344 3036 501 3101 ἀξίας
532 3037 846 3109 ὑπέρτερος,
878 3039 1224 3111 ἰσχυρότερον
1252 3043 1342 3095 καὶ
1374 3043 1723 3112 βασιλικώτε-

1827 568 1938 637 jam
1970 568 2131 623 dictis
2174 568 2241 621 ad
2288 584 2469 623 veram
2499 570 2894 639 philosophiam
2926 573 3146 638 viatica,
3189 584 3244 630 et
3278 576 3389 630 vir—

1830 660 1966 716 tutis
2017 662 2261 731 exempla
2314 661 2511 731 poterit
2542 661 2741 716 habere
2773 680 2786 717 :
2830 663 2920 731 qui
2951 671 3128 720 autem
3154 664 3387 721 molliori

1829 761 1914 807 est
1946 752 2148 813 animo,
2191 766 2354 821 quam
2400 758 2460 805 ut
2497 752 2695 807 sudare
2732 767 2832 822 pro
2860 753 3059 808 virtute
3083 755 3231 818 velit,
3263 772 3386 821 nec,

1829 846 2040 900 etiamsi
2092 845 2263 899 multo
2302 848 2453 914 plura
2491 845 2985 910 conscriberemus,
3024 850 3387 903 commovebi-

1831 948 1937 992 tur.
1967 937 2162 993 Verum
2187 938 2441 1007 quoniam
2466 937 2788 1006 incipientes
2809 953 2927 992 eam
2950 938 3243 1007 perfectam
3266 956 3389 996 esse

1829 1033 1996 1086 vitam
2041 1032 2453 1102 descripsimus,
2499 1031 2656 1101 cujus
2702 1047 3049 1103 progressum
3092 1035 3239 1088 nulla
3294 1036 3392 1089 de-

1831 1122 2056 1191 scriptio
2088 1120 2437 1191 perfectionis
2463 1129 2629 1185 vetat,
2662 1120 2756 1176 sed
2787 1122 3179 1177 incrementum
3210 1124 3388 1192 ipsum

1830 1214 1897 1267 ad
1945 1215 2151 1283 majora
2214 1222 2267 1269 et
2298 1215 2519 1267 meliora
2569 1214 2657 1267 via
2704 1220 2788 1269 est
2836 1214 2902 1268 ad
2949 1213 3387 1284 perfectionem:

1830 1303 2079 1359 Mosaicae
2144 1309 2264 1358 vita:
2320 1305 2620 1358 orationem
2671 1303 3039 1365 deduximus,
3104 1306 3386 1358 veritatem

1830 1398 1974 1452 illius
2009 1397 2393 1464 descriptionis
2427 1397 2735 1452 ostendere.
2769 1394 3028 1450 Videmus
3055 1396 3198 1449 enim
3233 1396 3386 1449 illum

1829 1489 2086 1542 continue
2142 1504 2238 1557 per
2272 1496 2441 1541 totam
2482 1488 2644 1541 vitam
2685 1486 2749 1539 ad
2790 1486 2982 1539 altiora
3014 1486 3386 1549 sublimatum,

1828 1578 1999 1630 multo
2016 1577 2384 1632 sublimiorem
2411 1580 2591 1648 seipso
2615 1578 2670 1632 in
2695 1578 2801 1632 line
2824 1578 2949 1631 vita:
2972 1577 3171 1631 factum
3199 1576 3386 1639 fuisse,

1830 1678 1888 1722 ut
1917 1670 2069 1737 quasi
2119 1670 2299 1737 aquila
2350 1686 2514 1739 super
2566 1671 2760 1733 nubes,
2790 1679 2845 1726 et
2878 1671 2945 1725 ad
2975 1672 3153 1741 ipsum
3184 1670 3386 1725 aethera

1832 1758 2248 1813 intellectualem
2292 1760 2544 1813 circulari
2573 1775 2802 1815 ascensu
2830 1770 3119 1831 provectus
3150 1776 3271 1816 esse
3301 1760 3386 1813 vi-

2135 1858 2312 1904 tamen
2368 1864 2528 1906 natus
2584 1860 2691 1913 est,
2752 1869 2874 1906 cum
2923 1852 3176 1922 injuriam
3230 1862 3385 1922 partu

1827 1942 2057 1996 masculi
2085 1941 2357 2013 Egyptiis
2384 1941 2561 1998 facere
2612 1953 2955 2014 putarentur,
2992 1960 3114 1999 cum
3154 1945 3268 2015 lege
3304 1952 3388 2014 ty-

1827 2045 2035 2086 rannus
2071 2046 2247 2085 mares
2274 2032 2531 2101 parvulos
2575 2032 2971 2102 insequeretur.
3007 2033 3113 2088 Sed
3141 2048 3171 2086 a
3194 2048 3390 2103 paren-

1830 2118 1974 2174 tibus
2024 2121 2280 2189 primum,
2329 2120 2527 2175 deinde
2559 2121 2627 2174 ab
2673 2122 2811 2192 ipsis
2834 2124 3010 2193 legum
3062 2123 3390 2194 perniciosis

1827 2209 2094 2263 latoribus
2127 2210 2397 2276 sublatus,
2434 2214 2709 2281 superavit
2748 2213 2883 2283 legis
2912 2214 3110 2276 minas,
3146 2224 3199 2269 et
3230 2215 3383 2268 vixit.

1828 2300 1901 2353 ita
1947 2300 2039 2368 qui
2093 2300 2206 2370 lege
2250 2302 2443 2357 mortis
2483 2317 2604 2355 eum
2659 2302 3007 2366 damnarunt,
3057 2320 3166 2358 non
3209 2305 3387 2359 solum

1826 2390 2029 2451 vivere,
2073 2390 2165 2443 sed
2202 2390 2336 2445 bene
2368 2406 2589 2460 quoque
2621 2391 2801 2445 vivere
2827 2393 3005 2461 ipsum
3031 2402 3384 2456 curaverunt,

1827 2492 1889 2532 ac
1913 2494 2008 2548 per
2030 2493 2222 2534 omnes
2270 2478 2650 2551 IEgyptiorum
2684 2482 2965 2537 doctrinas
2994 2484 3385 2539 educaverunt.

1828 2567 2202 2639 Magnitudiue
2232 2568 2430 2623 deinde
2466 2570 2631 2623 animi
2658 2586 2870 2625 omnem
2908 2572 3164 2627 honorem
3198 2575 3389 2627 huma-

1825 2677 1978 2725 num,
2020 2677 2235 2716 omnem
2274 2662 2474 2731 regiam
2522 2662 2863 2733 dignitatem,
2918 2680 3242 2735 omnemque
3269 2666 3387 2735 glo-

1826 2754 1963 2806 riam
2001 2760 2328 2823 aspernatus
2357 2766 2439 2809 est
2476 2774 2487 2807 :
2523 2755 3114 2824 magniﬁcentissimum
3149 2759 3292 2812 enim
3324 2773 3389 2813 ac

1826 2846 2035 2916 regium
2060 2845 2347 2914 judicavit,
2388 2861 2497 2901 non
2525 2848 2846 2902 satellitibus
2879 2856 3182 2918 ornatuque
3214 2851 3387 2919 regio,

1827 2937 1924 2991 sed
1978 2938 2181 2992 virtute
2227 2940 2512 3001 custodiri,
2558 2948 2610 2993 et
2646 2940 2862 2995 virtutis
2908 2950 3102 2995 ornatu
3138 2943 3385 3013 gloriari.

1829 3029 2081 3100 Egyptio
2112 3030 2309 3085 deinde
2341 3032 2628 3085 interfecto
2654 3032 2822 3086 civem
2850 3034 3083 3087 servavit
3103 3050 3229 3104 :pro
3264 3036 3388 3105 qui-

149 3144 243 3197 ρον
277 3127 499 3198 κρίνας,
531 3129 651 3181 ἀντὶ
685 3130 793 3181 τῶν
817 3130 1146 3202 δορυφόρων,
1182 3134 1275 3185 καὶ
1316 3135 1406 3186 τοῦ
1446 3135 1719 3204 βασιλικοῦ

1829 3121 1928 3174 bus
1977 3137 2080 3175 nos
2115 3122 2394 3177 inimicum
2427 3130 2591 3191 atque
2637 3124 2870 3176 amicum
2903 3126 3095 3179 animae
3123 3126 3389 3182 intellexi-

148 3218 500 3289 κόσμου,τὴν
533 3220 632 3289 τῆς
654 3221 853 3291 ἀρετῆς
881 3223 1121 3294 φρουρὰν
1141 3222 1301 3293 ἔχειν,
1318 3227 1410 3279 καὶ
1433 3228 1509 3297 τῷ
1523 3232 1725 3299 ταύτης

150 3309 350 3380 κόσμῳ
379 3310 897 3379 ἐγκαλλωπίζεσθαι.
920 3314 1072 3367 Μετὰ
1105 3312 1259 3369 τοῦτο
1281 3319 1637 3387 περισώζεται
1666 3322 1725 3374 τὸ

146 3399 448 3470 ὁμόφυλον,
478 3401 570 3455 καὶ
615 3402 938 3455 καταϐάλλει
968 3407 1030 3474 τῇ
1073 3405 1248 3476 πληγῇ
1289 3409 1381 3459 τὸν
1406 3410 1720 3476 Αίγύπτιον·

146 3493 424 3547 νοούντων
457 3493 610 3564 ήμῶν
647 3494 732 3547 διὰ
790 3495 885 3565 τῆς
918 3494 1267 3567 ἐξεταστικῆς
1300 3499 1528 3571 θεωρίας
1556 3503 1643 3553 τόν
1667 3520 1723 3555 τε

148 3584 351 3654 ἐχθρὸν
378 3584 476 3655 τῆς
518 3584 712 3655 ψυχῆς,
750 3587 840 3638 καὶ
889 3586 979 3639 τὸν
1031 3588 1198 3656 φίλον.
1242 3586 1371 3643 Εἶτα
1414 3592 1725 3645 διδάσκαλον

149 3676 257 3727 τῶν
295 3674 523 3745 ὑψηλῶν
567 3675 899 3748 μαθημάτων
941 3684 1170 3733 ποιεῖται
1210 3682 1309 3752 τὴν
1341 3683 1585 3753 ἡσυχίαν,
1632 3685 1725 3737 καὶ

144 3765 287 3818 οὕτω
345 3766 639 3834 φωτίζεται
680 3767 777 3838 τὴν
816 3768 1050 3824 διάνοιαν
1097 3770 1174 3842 τῷ
1222 3772 1359 3839 φωτὶ
1410 3772 1485 3843 τῷ
1524 3775 1586 3825 ἐκ
1623 3774 1723 3843 τῆς

146 3857 319 3926 βάτου
360 3858 731 3928 ἐκλάμψαντι·
764 3861 857 3913 κίκι)⁸
884 3862 1005 3915 τότε
1053 3863 1287 3933 σπουδὴν
1343 3868 1575 3919 ποιεῖται
1608 3884 1721 3919 κοι-

148 3949 398 4017 νωνῆσαι
434 3950 547 4009 τοῖς
575 3950 862 4019 ὁμοφύλοις
905 3952 1013 4004 τῶν
1052 3952 1232 4006 θεόθεν
1257 3954 1402 4024 αύτῷ
1427 3957 1722 4027 γεγενημέ-

144 4056 251 4091 νων
288 4039 500 4092 καλῶν.
545 4040 631 4091 Ἑν
680 4042 886 4104 τούτοις
927 4043 1114 4111 διπλῆν
1156 4045 1445 4113 ἐποιήσατο
1492 4044 1590 4113 τῆς
1635 4046 1722 4097 δυ-

143 4131 374 4201 νάμεως
410 4131 509 4202 τὴν
539 4132 813 4199 ἐπίδειξιν,
839 4135 936 4205 τὴν
983 4134 1080 4204 μὲν
1112 4136 1412 4206 άμυντικὴν
1445 4138 1583 4191 κατὰ
1614 4138 1721 4191 τῶν

142 4223 437 4287 ἐναντίων,
463 4225 520 4276 ἐν
551 4224 904 4296 πολυτρόποις
928 4242 987 4278 τε
1006 4227 1097 4279 καὶ
1121 4226 1438 4296 ἐπαλλήλοις
1464 4229 1717 4299 πληγαῖς·

139 4315 240 4383 τὴν
275 4314 346 4366 δὲ
382 4316 749 4386 εύεργετικὴν,
776 4318 864 4369 ἐπὶ
900 4317 1008 4370 τῶν
1057 4318 1360 4387 ὁμοφύλων.
1413 4322 1595 4387 Διάγει
1632 4322 1720 4375 διὰ

137 4404 233 4456 τοῦ
270 4405 552 4473 πελάγους
576 4406 665 4458 τὸν
703 4409 948 4461 τοσοῦτον
968 4408 1094 4461 λαὸν
1125 4411 1263 4470 ποδὶ,
1295 4412 1354 4464 ού
1387 4414 1568 4466 στόλον
1596 4416 1719 4466 έαυ-

1828 3226 1974 3265 mus.
2020 3211 2148 3265 Post
2200 3214 2312 3267 haec
2360 3214 2594 3283 quietem
2654 3229 2717 3267 ac
2757 3216 3104 3271 solitudinem
3165 3220 3388 3287 majoris

1828 3305 1931 3376 sibi
1965 3306 2266 3375 disciplinze
2316 3305 2445 3360 fecit
2474 3307 2811 3376 magistram,
2834 3319 2887 3361 et
2909 3309 2986 3362 sic
3008 3309 3125 3364 luce
3152 3327 3216 3365 ex
3250 3313 3387 3366 rubo

1832 3396 2067 3463 fulgente
2099 3396 2338 3449 animum
2368 3396 2682 3451 illustravit.
2717 3397 2910 3452 Studet
2936 3414 3276 3456 communem
3306 3402 3388 3456 fa-

1827 3501 1950 3540 cere
1993 3486 2109 3540 suis
2147 3485 2457 3541 ielicitatem
2495 3488 2595 3541 sibi
2625 3488 2887 3544 divinitus
2919 3492 3230 3559 praestitam.
3267 3492 3386 3559 Qua

1825 3578 1878 3629 in
1929 3593 1985 3631 re
2013 3577 2297 3646 dupliciter
2323 3579 2431 3631 vim
2463 3594 2573 3632 suae
2602 3582 2818 3636 virtutis
2850 3581 3232 3649 manifestavit,
3259 3601 3385 3639 cum

1824 3666 2109 3737 IEgyptins
2157 3668 2476 3723 resistentes
2527 3670 2712 3724 multis
2762 3671 2934 3725 modis
2981 3683 3140 3742 atque
3178 3676 3387 3729 crebris

1825 3759 2142 3813 vulneribus
2186 3759 2524 3821 ulciscendo,
2558 3770 2668 3813 tum
2702 3776 2830 3816 suos
2874 3764 2942 3817 ab
2988 3768 3137 3818 omni
3172 3782 3387 3836 semper

1826 3851 2131 3905 imminenti
2157 3851 2469 3905 calamitate
2505 3854 2897 3907 conservando.
2937 3854 3207 3927 Dueitper
3238 3874 3386 3914 mare

1824 3941 1986 3996 siccis
2013 3952 2222 3996 tantum
2257 3943 2512 4011 populum
2551 3944 2796 4010 pedibus,
2832 3961 2937 3999 non
2964 3964 2969 3983 ε
2990 3950 3217 4003 navibus
3246 3965 3261 4008 ;
3288 3952 3384 4006 sed

1824 4032 1929 4087 ﬁde
1962 4035 2181 4102 pelagus
2212 4034 2431 4087 transit.
2469 4034 2619 4089 Fecit
2651 4044 2709 4089 ut
2742 4036 3007 4105 profunda
3046 4042 3208 4094 maris
3239 4049 3384 4097 terra

1826 4127 1976 4179 sicca
2007 4124 2247 4180 Hebraeis
2275 4135 2442 4190 esset,
2476 4125 2743 4197 {Egyptiis
2775 4144 2924 4193 vero,
2962 4140 3018 4183 ut
3045 4140 3223 4198 erant,
3257 4149 3385 4203 pro-

1822 4216 1991 4271 funda
2041 4224 2204 4284 atque
2238 4231 2429 4286 aspera
2472 4219 2661 4271 maria.
2706 4218 2916 4273 Ceeiuit
2958 4230 3109 4289 parta
3157 4224 3386 4281 victoria

1828 4309 2063 4371 laudem,
2108 4308 2209 4363 viae
2266 4308 2459 4362 ducem
2513 4312 2819 4367 columnam
2866 4315 3077 4380 habuit,
3129 4317 3251 4387 igne
3280 4333 3387 4374 cae-

1832 4401 1953 4456 lesti
1976 4410 2060 4455 est
2078 4400 2440 4466 illuminatus,
2464 4418 2527 4456 ex
2550 4404 2673 4458 cibo
2700 4406 2915 4462 caelitus
2939 4409 3105 4463 misso
3136 4425 3384 4466 mensam

138 4495 217 4564 τῷ
242 4496 401 4566 νηῶν
425 4500 861 4568 παρασκευάσας,
884 4502 1017 4554 ἀλλὰ
1044 4503 1141 4573 τὴν
1171 4504 1349 4557 πίστιν
1373 4506 1551 4570 αὐτοῖς
1583 4507 1716 4578 πρὸς

1838 4503 2178 4573 prazparavit,
2209 4518 2401 4557 manus
2434 4514 2650 4557 sursum
2694 4499 2882 4563 erexit,
2926 4508 2980 4554 et
3013 4502 3260 4555 Amalech
3294 4502 3385 4557 de-

136 4584 230 4636 τὸν
290 4585 559 4638 διάπλουν
606 4592 1108 4661 ναυπηγησάμενος,
1166 4592 1357 4663 χέρσον
1412 4600 1560 4661 ποιεῖ
1608 4600 1720 4661 τοῖς

144 4676 438 4747 Ἑϐραίοις
471 4678 559 4730 τὸν
594 4678 770 4748 βυθὸν,
791 4680 1059 4737 θάλασσαν
1080 4685 1135 4737 δὲ
1164 4690 1273 4749 τοῖς
1292 4688 1603 4756 Αἰγυπτίοις
1620 4688 1721 4760 τὴν

136 4768 455 4823 θάλασσαν.
500 4766 641 4842 Ἶςίσε
680 4774 749 4826 τὰ
807 4775 1078 4829 ἐπινίκια·
1109 4778 1359 4850 ὡδηγήθη
1395 4780 1472 4850 τῷ
1505 4782 1714 4851 στύλῳ·

136 4860 430 4933 ἐφωτίσθη
468 4861 545 4931 τῷ
566 4862 801 4933 οὐρανίῳ
831 4866 980 4934 πυρὶ,
1007 4867 1281 4937 τράπεζαν
1308 4872 1370 4921 ἐκ
1394 4870 1489 4939 τῆς
1515 4869 1718 4924 ἄνωθεν

133 4953 359 5021 τροφῆς
388 4954 563 5023 ἐαυτῷ
592 4957 987 5025 παρεστήσατο.
1014 4958 1126 5029 Τῆς
1156 4960 1356 5029 πέτρας
1396 4961 1715 5032 ἑνεφορήθη,

128 5044 235 5105 τάς
270 5045 470 5114 χεῖρας
492 5044 762 5100 ἀνέτεινεν
799 5047 889 5099 ἐπὶ
926 5050 992 5118 τῇ
1033 5048 1137 5100 τῶν
1180 5050 1555 5121 Ἀμαληκιτῶν
1605 5055 1717 5106 ἀπ-

130 5132 337 5204 ωλείᾳ.
379 5134 701 5204 Προσὸαίνει
732 5135 807 5205 τῷ
843 5135 977 5206 ὄρει,
1017 5137 1074 5187 ἐν
1126 5136 1308 5209 γνόφῳ
1336 5139 1561 5207 γίνεται,
1595 5141 1718 5194 σάλ-

128 5241 350 5292 πιγγος
388 5225 609 5295 ἤκουσε,
643 5230 706 5297 τῇ
739 5227 857 5297 θείᾳ
887 5228 1044 5295 φύσει
1073 5230 1460 5299 προσήγγισεν,
1487 5232 1591 5285 ὑπὸ
1617 5231 1716 5302 τῆς

127 5314 357 5366 ἄνωθεν
385 5316 588 5384 σκηνῆς
618 5316 960 5386 περιεσχέθη,
984 5315 1078 5385 τὴν
1101 5317 1397 5387 ἱερωσύνην
1421 5320 1711 5389 ἐκόσμησε,

127 5406 231 5476 τὴν
295 5406 503 5475 σκηνὴν
533 5406 796 5477 ἐπήξατο,
828 5410 938 5470 τοῖς
965 5408 1147 5477 νόμοις
1174 5408 1269 5478 τὴν
1299 5408 1443 5480 ζωὴν
1479 5410 1716 5481 διωρθώ-

126 5514 296 5555 σατο,
324 5498 451 5559 τοὺς
480 5498 816 5563 τελευταίους
839 5499 1107 5569 πολέμους
1137 5501 1275 5554 κατά
1304 5502 1395 5554 τὸν
1428 5504 1714 5575 εἰρημένον

120 5587 351 5657 τρόπον
399 5586 755 5655 κατώρθωσεν
776 5606 788 5618 ·
822 5590 914 5641 ἐπί
940 5590 1081 5642 τέλει
1117 5591 1223 5643 τῶν
1250 5593 1711 5664 κατορθωμάτων,

116 5679 229 5746 τὴν
276 5677 579 5731 ἀκολασίαν
624 5680 710 5732 διὰ
743 5683 836 5750 τῆς
887 5680 1184 5752 ἱερωσύνης
1244 5683 1486 5737 ἐκόλασε.
1543 5686 1713 5740 Τοῦτο

119 5772 243 5843 γὰρ
281 5773 320 5840 ἡ
370 5772 455 5824 διὰ
507 5771 598 5823 τοῦ
642 5773 822 5834 Φινεὲς
871 5773 1135 5843 γενομένη
1178 5773 1314 5827 κατὰ
1366 5774 1458 5828 τοῦ
1510 5778 1712 5845 πάθους

475 5867 744 5930 ΡΑτιιοι.
791 5867 906 5927 Gtt.
953 5866 1177 5928 XLIV.

1826 4595 2064 4649 bellavit.
2125 4596 2371 4649 Accessit
2427 4593 2492 4646 ad
2546 4599 2827 4653 montem,
2881 4591 2937 4644 in
2984 4593 3271 4661 caliginem
3323 4610 3385 4649 se

1822 4685 2026 4749 intulit,
2059 4684 2241 4738 tubam
2277 4682 2504 4746 audivit,
2536 4680 2647 4736 Deo
2681 4681 3037 4751 prepinquior
3071 4682 3246 4737 factus
3275 4694 3379 4744 est,

1819 4776 1871 4828 in
1912 4776 2191 4844 superiore
2246 4774 2602 4828 tabernaculo
2648 4773 2954 4837 habitavit,
3015 4776 3378 4828 sacerdotium

1820 4868 2128 4931 exornavit,
2179 4866 2408 4920 inferius
2434 4865 2837 4919 tabernaculum
2877 4864 3141 4927 condidit,
3172 4866 3382 4934 legibus

1821 4961 1984 5013 vitam
2029 4959 2307 5012 hominum
2354 4956 2601 5018 munivit,
2654 4956 2802 5010 bella
2854 4955 3086 5023 plurima
3143 4958 3380 5013 invictus

1817 5050 2007 5118 gessit,
2054 5062 2116 5099 ac
2176 5049 2225 5098 in
2277 5045 2382 5100 ﬁne
2430 5059 2653 5099 suarum
2703 5059 2885 5098 rerum
2935 5042 3211 5113 gestarum
3257 5064 3382 5117 per-

1822 5140 2016 5193 niciem
2070 5138 2295 5192 luxuriae
2318 5153 2415 5207 per
2453 5134 2816 5191 sacerdotium
2851 5136 3089 5204 punivit;
3113 5138 3215 5191 hoc
3236 5140 3382 5193 enim

1818 5232 1909 5286 illa
1960 5232 2205 5300 designat
2253 5230 2355 5293 ira,
2393 5244 2501 5298 qua
2549 5227 2780 5282 Phinees
2819 5228 2871 5281 in
2920 5230 3380 5296 perturbationem

1820 5323 1966 5377 illam
2015 5322 2219 5376 exarsit
2254 5339 2267 5374 :
2300 5330 2352 5373 et
2388 5330 2509 5390 post
2561 5318 2675 5373 haec
2719 5320 2899 5373 omnia
2934 5321 2987 5372 in
3017 5330 3251 5373 montem
3298 5338 3383 5375 re-

1819 5413 2022 5484 quietis
2047 5410 2309 5474 ascendit,
2337 5426 2441 5463 non
2466 5410 2747 5465 descendit
2769 5410 2834 5463 ad
2870 5410 3154 5465 inferiores
3184 5420 3379 5476 terras,

1816 5522 1927 5575 quo
1954 5504 2111 5558 turba
2140 5504 2321 5572 populi
2344 5519 2409 5555 ex
2447 5502 2871 5572 repromissione
2895 5502 3248 5571 respiciebat;
3283 5519 3382 5557 nec

1814 5597 1961 5651 enim
2008 5596 2232 5649 illicitur
2266 5593 2520 5657 terrenis,
2573 5593 2665 5662 qui
2709 5594 3026 5648 cwlestibus
3056 5594 3380 5664 iuvigilamt;

1818 5688 1912 5742 sed
1938 5701 2156 5741 sursum
2189 5685 2257 5738 ad
2292 5686 2471 5755 ipsum
2506 5685 2706 5740 montis
2737 5686 2991 5739 verticem
3023 5687 3376 5747 euustitutus,

1822 5790 1879 5832 ut
1914 5779 2276 5847 peritissimus
2307 5776 2603 5832 statuarius
2636 5786 2746 5831 tota
2780 5778 2904 5832 vita:
2948 5795 3060 5832 sme
3093 5779 3377 5851 diligenter

2948 5872 3016 5933 1ἶι
