3982 6450
620 299 723 355 m
1855 286 2274 371 saansaan
2312 317 2605 376 russam
3731 333 3823 389 tas

615 420 843 479 conlicta
880 428 1201 488 statua,non
1241 421 1401 478 ﬁnem
1441 425 1496 479 in
1525 432 1769 482 extremo
1799 429 2036 486 ﬁctionis
2066 440 2131 486 tei

2236 437 2412 510 ,ὀργὴ
2465 437 2776 512 ὑπῃνίξατο.
2845 441 2966 496 Ἑπί
3014 445 3149 497 πᾶσι
3194 443 3421 508 τούτοις,
3474 440 3713 513 πρόσεισι
3751 445 3824 518 τῷ

614 515 784 580 mino,
815 513 910 568 sed
941 513 1197 568 verticem
1244 514 1526 585 imposuit.
1567 517 1709 585 Quid
1739 521 1882 574 enim
1912 523 2042 577 dicit
2089 525 2131 577 hi

2277 527 2393 599 ὄρει
2435 530 2537 600 τῆς
2568 531 2947 607 ἀναπαύσεως,
2982 535 3083 590 οὑκ
3107 535 3375 589 ἐπιϐαίνει
3411 534 3512 604 τῆς
3539 534 3686 588 κάτω
3709 513 3824 607 γῆς,

612 605 781 660 storia
807 603 875 658 de
905 603 1061 672 ipso?
1088 622 1107 655 ι
1135 602 1385 661 Mortuus
1413 615 1498 662 est
1522 608 1734 680 Moyses
1753 626 1942 666 servus
1964 612 2131 668 Domit

2278 600 2890 691 πρόξήῗῖἆάῖὧῖαὸς
2924 624 2984 690 ἐξ
3025 625 3353 694 ἐπαγγελίας
3387 600 3566 696 ἐώραο
3600 624 3659 677 οὑ
3686 600 3828 692 γεύεξ

613 709 711 764 per
741 694 968 748 verbum
1002 694 1120 762 Dei,
1169 712 1271 752 nec
1318 699 1463 754 ullus
1496 702 1649 754 novit
1696 703 2004 772 sepulcrum
2032 705 2131 773 eju:

2275 727 2366 763 ται
2396 713 2590 783 γηΐνης
2612 715 2820 785 τροφῆς
2848 715 2946 777 ἔτι,
2977 719 3005 770 ὁ
3031 721 3097 788 τῇ
3130 715 3332 772 ἄνωθεν
3367 694 3694 788 ἐπιρρεούσῃ
3741 735 3826 786 με-

612 799 713 839 nec
746 786 890 839 oculi
934 787 1057 856 ejus
1099 790 1497 862 caligaverunt,
1537 808 1638 848 nec
1689 793 1856 850 facies
1897 796 2016 865 ejus
2056 814 2131 853 co}

2276 799 2526 869 λετήσας,
2557 801 2670 854 ἀλλ’
2706 803 2818 858 ἄνω
2853 786 3140 876 γενόμενος
3182 805 3299 859 κατ’
3337 786 3504 874 αὑτήν
3539 804 3634 857 τοῦ
3667 786 3826 874 θὸρους

611 885 772 945 rupta
813 885 896 932 est
947 878 1014 931 ".
1056 897 1076 931 ι
2275 890 2376 960 τὴν
2421 890 2744 964 ἀκρώρειαν,
2774 893 2962 968 ῶσπερ
3017 914 3100 961 τις
3132 896 3564 969 ἀνδριαντοποιὸς
3609 897 3824 967 ἐπιστή-

614 985 752 1060 μων,
776 969 896 1060 ὅλον
929 971 1142 1060 ἐαυτοῦ
1189 973 1280 1025 τὸν
1327 973 1613 1044 ἀνδριάντα
1659 973 1752 1030 τοῦ
1815 977 1931 1046 βίου
1975 979 2430 1051 ἐξεργασάμενος,
2457 983 2698 1055 ἀκριϐῶς
2755 987 2847 1039 ἐπὶ
2891 985 2971 1056 τῷ
3007 987 3160 1060 ἄκρῳ
3185 989 3283 1058 τῆς
3320 985 3684 1057 κατασκευῆς,
3728 987 3819 1056 οὑχ

607 1055 879 1128 τελευτὴν.
914 1059 1049 1112 ἀλλά
1081 1062 1323 1132 κορυφήν
1372 1062 1447 1132 τῷ
1499 1063 1643 1135 ἔργῳ
1675 1066 1932 1138 ἐπέθηκε.
1975 1069 2039 1120 Τί
2089 1071 2198 1141 γάρ
2221 1085 2354 1139 φησι
2378 1072 2506 1144 περὶ
2528 1073 2740 1145 αὑτοῦή
2767 1055 3528 1149 ἰστορία;ὃτιινἘτελεύτησεν
3552 1079 3580 1130 ό
3608 1055 3821 1145 Μωσῆς,

609 1149 791 1220 ἱκέτης
839 1150 1068 1222 Κυρίου,
1096 1151 1185 1206 διὰ
1229 1155 1470 1224 ῥήματος
1513 1157 1678 1219 Θεοῦ,
1709 1159 1801 1211 καὶ
1832 1159 2003 1223 οὐδεὶς
2044 1160 2185 1229 ἔγνω
2228 1161 2327 1232 τὴν
2360 1165 2534 1236 ταφὴν
2579 1166 2742 1220 αὑτοῦ
2767 1185 2781 1198 ·
2821 1170 2914 1222 καὶ
2938 1172 2986 1223 οἰ
3024 1169 3290 1241 ὀφθαλμοὶ
3330 1168 3494 1223 αὑτοῦ
3530 1169 3629 1222 οὑκ
3658 1171 3824 1240 ἠμαυ-

607 1244 883 1315 ρὼθησαν,
919 1245 1094 1298 καὶτὸ
1123 1243 1411 1314 πρόσωπον
1442 1248 1608 1302 αὑτοῦ
1631 1251 1730 1302 οὑκ
1758 1251 1993 1326 ἐφθάρη.
2031 1273 2048 1304 ι

672 1338 814 1392 Hinc
841 1339 983 1393 enim
1036 1338 1246 1396 discere
1284 1341 1429 1416 licet,
1475 1353 1608 1412 quot
1640 1347 1966 1415 quantisque
1993 1348 2131 1402 virtu

2338 1347 2711 1418 Διδασκόμεθα
2752 1348 2859 1420 γὰρ
2903 1349 2992 1404 διά
3032 1348 3270 1412 τούτων,
3299 1351 3381 1404 ὅτι
3426 1347 3514 1402 διὰ
3562 1343 3824 1402 τοσούτων

607 1430 755 1484 tibus
796 1430 899 1484 hoc
928 1445 1086 1484 sacro
1131 1430 1350 1485 nomine
1387 1431 1585 1501 dignus
1616 1433 1778 1488 homo
1819 1434 2069 1503 ellicitur,
2109 1453 2131 1490 υ

2269 1441 2700 1511 κατορθωμάτων
2723 1442 3029 1512 γενόμενος,
3069 1441 3188 1494 τότε
3217 1438 3458 1506 ἀξιοῦται
3496 1438 3590 1492 τοῦ
3621 1438 3819 1510 ὑψηλοῦ

607 1523 696 1577 Dei
747 1539 937 1578 servus
983 1523 1328 1592 appelletur?
1372 1521 1468 1578 Dei
1511 1525 1654 1578 enim
1695 1541 1889 1582 servus
1925 1543 2050 1582 vere
2075 1529 2131 1582 ill

2265 1531 2453 1585 τούτου
2485 1531 2766 1602 ὀνόματος,
2805 1531 2944 1585 ὣστε
2965 1531 3182 1603 οἰκέτης
3218 1529 3479 1602 κληθῆναι
3500 1529 3633 1584 Θεοῦ
3656 1546 3671 1560 ο
3694 1531 3822 1602 ὅπερ

496 1641 498 1643 >
602 1624 710 1678 est,
745 1618 836 1684 qui
863 1624 1066 1670 caetera
1090 1616 1270 1668 oumia
1317 1615 1612 1684 superavit.
1653 1614 1786 1670 Nam
1814 1617 1924 1672 Deo
1962 1621 2131 1674 servir

2266 1623 2411 1675 ἐστὶν
2446 1619 2563 1675 ἴσον
2588 1625 2794 1689 εἰπεῖν,
2825 1625 2906 1676 ὅτι
2939 1622 3137 1686 παντὸς
3179 1620 3441 1692 κρείττων
3475 1620 3711 1689 ἐγένετο.
3748 1621 3818 1674 υὺ

599 1711 870 1778 quispiam
905 1724 1011 1761 non
1037 1715 1230 1776 potest,
1257 1708 1360 1762 nisi
1393 1709 1576 1762 omnia
1599 1725 1719 1777 quae
1751 1711 1802 1762 in
1830 1712 1932 1766 hoc
1957 1715 2131 1766 mundi

2263 1713 2372 1784 γὰρ
2411 1714 2476 1768 ἀν
2504 1731 2587 1778 τις
2637 1714 2754 1784 Θεῷ
2809 1714 3134 1775 δουλεύσειε,
3161 1712 3234 1783 μὴ
3281 1711 3389 1764 τῶν
3422 1713 3478 1764 ἐν
3508 1711 3585 1783 τῷ
3637 1711 3822 1781 κόσμῳ

599 1808 748 1862 sunt,
786 1805 1008 1868 propter
1034 1796 1200 1851 Deum
1243 1798 1525 1866 spreverit.
1572 1796 1684 1852 Hoc
1707 1807 1885 1854 autem
1917 1802 2018 1870 ipsi
2052 1803 2131 1856 vir

2267 1805 2483 1858 πάντων
2510 1806 2772 1875 κρείττων
2803 1805 3108 1876 γενόμενος.
3143 1803 3311 1858 Τοῦτο
3335 1805 3393 1857 δέ
3431 1803 3578 1874 αὑτῷ
3613 1805 3713 1857 καὶ
3743 1804 3820 1855 τέ-

598 1895 771 1940 ιιιοεω
801 1901 1017 1955 quoque
1041 1886 1163 1939 vitae
1203 1885 1366 1953 hujus
1387 1887 1567 1940 szeculi
1600 1887 1759 1942 linem
1793 1889 1967 1956 affert,
1993 1892 2131 1946 verbi

2263 1895 2351 1958 λος
2371 1897 2485 1949 ἐστί
2499 1895 2592 1949 τοῦ
2619 1894 2949 1967 κατ’ἀρετὴν
2984 1895 3117 1965 βίου,
3136 1893 3222 1948 διὰ
3255 1894 3494 1965 ῥήματος
3525 1892 3661 1946 Θεοῦ
3699 1909 3820 1946 κατ-

597 1976 692 2031 Dei
721 1983 1181 2035 consummatum,
1207 1973 1367 2028 linem
1394 1975 1520 2028 dico
1551 1975 1753 2039 vivum,
1785 1977 1871 2031 cui
1908 1992 2016 2032 non
2041 1993 2131 2033 suc

2262 1987 2602 2058 ορθούμενον.
2649 1989 2714 2040 Ὃ
2763 1986 2826 2058 δὴ
2875 1986 3127 2056 τελευτὴν
3163 1987 3198 2057 ἠ
3250 1985 3458 2057 ἱστορία
3504 1983 3652 2053 λέγει
3676 2023 3693 2049 ,
3739 2001 3820 2036 τε·

596 2068 752 2122 cedat
771 2067 1073 2136 sepultura,
1099 2066 1195 2118 cui
1225 2080 1331 2120 non
1368 2064 1598 2120 addatur
1622 2068 1881 2130 tumulus,
1913 2068 2006 2138 qui
2036 2071 2127 2124 nul

2261 2073 2452 2144 λευτὴν
2498 2073 2698 2139 ζῶσαν,
2729 2075 2796 2146 ἣν
2827 2074 2887 2128 οὑ
2920 2073 3220 2142 διαδέχεται
3255 2072 3447 2141 τάφος,
3555 2073 3658 2125 οὑκ
3705 2073 3819 2126 ἐπι-

596 2162 700 2214 lam
739 2159 917 2212 oculis
959 2157 1266 2226 caliginem,
1302 2157 1504 2210 nullam
1551 2156 1705 2212 faciei
1750 2161 2131 2228 corruptioneu

2260 2164 2524 2234 χώννυται
2552 2164 2776 2234 τύμϐος,
2810 2166 2842 2234 ή
2873 2166 2982 2227 τοῖς
3020 2163 3316 2232 ὀφθαλμοῖς
3351 2162 3710 2234 ἀμαυρότητα
3733 2164 3817 2216 καὶ

594 2248 838 2302 inducat.
893 2247 1033 2311 Quid
1073 2247 1239 2316 igitur
1280 2246 1507 2300 historia
1553 2263 1653 2302 nos
1697 2248 1824 2302 hinc
1862 2249 2116 2305 admonet

2252 2255 2335 2325 ,τῷ
2361 2253 2634 2326 προσώπῳ
2666 2255 2960 2325 διαφθορὰν
2988 2255 3089 2307 οὑκ
3138 2255 3436 2321 ἐπάγουσα.
3472 2254 3536 2306 Τί
3561 2249 3655 2307 οὖν
3704 2271 3819 2306 παι-

593 2342 660 2395 ad
717 2354 884 2393 unum
918 2352 1040 2392 esse
1087 2337 1246 2389 linem
1283 2335 1442 2390 nobis
1483 2335 1536 2388 in
1579 2341 1680 2390 hac
1709 2339 1819 2391 vita
1852 2339 2131 2407 respicieu

2257 2347 2521 2418 δευόμεθα
2549 2347 2636 2401 διὰ
2663 2347 2770 2400 τῶν
2809 2346 3143 2417 εἰρημένων;
3175 2346 3317 2416 Πρὸς
3349 2344 3406 2399 ἓν
3434 2344 3586 2408 τέλος
3614 2344 3708 2399 διὰ
3731 2342 3818 2398 τοῦ

592 2432 742 2495 dum,
785 2439 845 2483 ut
886 2429 1027 2483 servi
1079 2427 1168 2482 Dei
1219 2443 1414 2482 nomen
1460 2443 1838 2498 assequamur.
1873 2431 2003 2484 Nam
2027 2445 2131 2485 cun

2258 2439 2372 2510 βίου
2403 2439 2638 2508 βλέπειν,
2673 2438 2765 2491 τὸν
2809 2437 2902 2490 τοῦ
2945 2437 3079 2490 Θεοῦ
3129 2437 3344 2507 οἰκέτην
3375 2435 3461 2488 διὰ
3489 2436 3597 2491 τῶν
3621 2435 3816 2506 βεϐιω-

590 2537 782 2578 omnes
809 2521 1057 2575 inimicos
1087 2518 1373 2580 deviceris,
1403 2517 1741 2590 «Egyptium,
1770 2521 2124 2576 Amalecitam

2259 2529 2433 2599 μένων
2479 2527 2761 2600 κληθῆναι.
2800 2527 2966 2580 Ὅταν
3015 2526 3123 2596 γὰρ
3171 2527 3377 2588 πάντας
3423 2526 3551 2587 τοὺς
3594 2523 3818 2596 ἐχθροὺς

591 2614 905 2672 ldumaeum,
929 2609 1307 2674 Madianitam;
1348 2624 1473 2662 cum
1494 2624 1666 2678 aquas
1700 2613 2001 2678 transieris,
2024 2628 2131 2666 cun

2255 2620 2740 2693 καταγωνίσῂ,τδν
2797 2619 3116 2687 Αἰγύπτιον,
3153 2617 3246 2671 τὸν
3297 2616 3705 2688 Ἀμαληκίτην,
3733 2616 3818 2669 τὸν

588 2706 732 2759 nube
757 2701 1094 2756 illuminatus
1134 2700 1323 2761 fueris,
1360 2716 1482 2754 cum
1524 2701 1804 2756 cmlestem
1836 2718 2025 2772 partem
2054 2719 2131 2758 co«

2267 2714 2576 2784 Ἰδουμαίον,
2612 2712 2703 2764 τὸν
2736 2710 3104 2780 Μαδιανίτην,
3137 2710 3228 2763 καὶ
3276 2709 3519 2781 περάσῃς
3556 2709 3618 2762 τὸ
3656 2708 3817 2783 ὕδωρ,

587 2794 846 2855 mederis,
890 2806 1012 2845 cu
1047 2789 1314 2844 munditie
1353 2799 1516 2860 atque
1553 2792 1874 2847 castimonia
1921 2793 2024 2847 iter
2050 2795 2128 2848 tib

2253 2805 2347 2858 καὶ
2375 2803 2646 2874 φωτισθῇς
2671 2806 2736 2874 τῇ
2774 2801 2990 2873 νεφέλῃ,
3027 2801 3120 2854 καὶ
3147 2801 3449 2871 γλυκανθῇς
3478 2799 3567 2854 διὰ
3603 2799 3706 2853 τοῦ
3736 2800 3817 2866 ξύ-

585 2887 655 2941 ad
685 2893 922 2939 montem
943 2881 1267 2945 confeceris,
1296 2898 1422 2936 cum
1465 2884 1719 2938 tubarum
1751 2885 1932 2939 sonitu
1965 2885 2131 2939 divin:

2253 2894 2369 2957 λου,
2398 2895 2492 2948 καί
2551 2894 2680 2967 πίῃς
2719 2893 2818 2962 τῆς
2865 2893 3091 2962 πέτρας,
3121 2893 3214 2944 καί
3264 2891 3600 2961 τῆςιάνωθεν
3646 2891 3818 2963 γεύσῃ

583 2979 640 3033 in
667 2985 848 3031 monte
868 2983 1212 3031 sacramenta
1241 2974 1526 3038 didiceris,
1548 2990 1671 3029 cum
1696 2977 1750 3029 in
1775 2976 2003 3046 caligine
2035 2976 2131 3032 Det

2249 2985 2494 3056 τροφῆς,
2521 2986 2616 3039 καί
2658 2983 2744 3037 διὰ
2791 2985 2887 3053 τῆς
2933 2982 3296 3055 καθαρότητός
3343 3000 3402 3035 τε
3445 2984 3540 3037 καὶ
3597 2984 3816 3050 ἁγνείας

583 3073 686 3143 ipsi
717 3067 1261 3140 appropinquaveris,
1297 3081 1360 3120 ac
1391 3067 1460 3122 ab
1481 3082 1549 3121 eo
1573 3067 1906 3123 tabernaculi
1942 3076 2131 3139 myste-

2248 3075 2567 3144 ὁδοποιήσῃς
2614 3072 2824 3143 σεαυτῷ
2874 3073 2970 3142 τὴν
3002 3072 3094 3124 ἐπὶ
3143 3072 3203 3124 τὸ
3252 3069 3376 3142 ὅρος
3421 3071 3816 3134 ἀνοδον,·κάκεῐ

582 3163 688 3223 ria,
733 3169 789 3215 et
823 3159 1113 3215 sacerdotii
1147 3157 1468 3227 dignitatem
1513 3159 1840 3228 perceperis,
1876 3175 2001 3214 cum
2065 3165 2131 3214 tu

2246 3164 2534 3232 γενόμενος
2586 3162 2900 3233 κατηχηθῇς
2953 3161 3013 3214 τὸ
3059 3161 3200 3214 θεῖον
3246 3163 3541 3233 μυστήριον
3594 3165 3664 3233 τῇ
3716 3160 3816 3215 τῶν

581 3249 766 3306 cordis
805 3247 973 3301 fueris
1023 3243 1274 3316 lapicida,
1321 3252 1382 3299 ut
1427 3245 1483 3298 in
1534 3246 1656 3314 ipso
1698 3245 1881 3300 divina
1927 3248 2131 3317 eloquia

2247 3255 2560 3323 σαλπίγγων
2603 3257 2707 3325 ἠχῇ
2727 3269 2741 3283 ⁸
2771 3253 2866 3306 καὶ
2897 3254 2954 3304 ἐν
2997 3250 3075 3323 τῷ
3122 3250 3481 3323 δυσθεωρήτῳ
3515 3251 3706 3322 γνόφῳ
3733 3253 3816 3306 διὰ

579 3348 874 3396 exarentur
906 3353 937 3391 a
971 3337 1103 3399 Deo,
1137 3351 1260 3390 cum
1287 3349 1511 3389 aureum
1546 3336 1746 3389 idolum
1780 3336 2062 3404 deleveris,
2091 3339 2131 3394 id

2247 3349 2346 3418 τῆς
2395 3347 2628 3408 πίστεως
2671 3344 2746 3415 τῷ
2773 3342 2888 3414 Θεῷ
2934 3343 3323 3415 προσεγγεσῃςν
3356 3344 3516 3397 κάκεῖ
3561 3345 3812 3414 διδαχθῇς

579 3443 687 3494 est,
734 3445 952 3484 avaram
1002 3428 1352 3497 cupiditatem
1409 3441 1439 3480 e
1498 3427 1606 3480 vita
1655 3430 1962 3492 sustuleris,
2017 3447 2140 3484 cum

577 3525 850 3579 exaltatus
882 3522 1018 3575 adeo
1060 3519 1252 3579 fueris,
1300 3529 1358 3572 ut
1396 3518 1722 3574 Balaamicis
1768 3522 1978 3576 artibus
2020 3524 2140 3592 capi

580 3628 821 3683 nequeas
851 3611 958 3686 (his
983 3618 1167 3664 autem
1218 3610 1446 3679 magicis
1496 3610 1703 3666 artibus
1754 3614 1932 3668 varias
1979 3615 2141 3684 hujus

577 3709 702 3763 vita:
748 3705 993 3760 fallacias
1042 3703 1416 3772 intelligimus,
1470 3702 1672 3774 quibus
1713 3705 1968 3761 homines
2013 3715 2138 3761 tan-

576 3814 744 3869 quam
811 3781 1005 3851 Circzei
1067 3793 1351 3862 cujusdam
1399 3795 1577 3864 poculi
1623 3797 1882 3852 veneficio
1939 3797 2136 3865 allecti,

575 3890 795 3962 propria
839 3894 1005 3943 exuta
1050 3895 1268 3950 natura,
1319 3885 1374 3939 in
1430 3886 1634 3942 bestias
1688 3894 2133 3960 commutantur),

2241 3439 2310 3492 τά
2358 3437 2454 3507 τῆς
2507 3437 2708 3507 σκηνῆς
2760 3436 3070 3505 μυστήρια,
3105 3434 3200 3488 καὶ
3247 3433 3308 3486 τὸ
3357 3434 3459 3503 τῆς
3514 3435 3816 3506 ἱερωσύνης

2241 3530 2484 3600 ἀξίωμαο
2515 3530 2642 3581 ὅταν
2672 3527 2804 3598 γένῃ
2836 3527 2943 3580 τῶν
2982 3525 3091 3579 σῶν
3117 3523 3352 3598 καρδιῶν
3390 3525 3645 3597 λατόμος,
3673 3527 3812 3581 ὥστε

2240 3623 2296 3673 ἐν
2338 3621 2560 3683 ταύταις
2607 3619 2674 3672 τὰ
2715 3618 2833 3672 θεῖα
2888 3618 3043 3686 λόγια
3087 3616 3487 3688 ἐγκεχαράχθαι
3520 3617 3678 3689 παρά
3723 3615 3812 3670 τοῦ

2239 3713 2373 3767 Θεοῦ
2395 3728 2409 3743 ·
2444 3713 2570 3765 ὅταν
2602 3711 2660 3764 τὸ
2688 3710 2782 3763 τοῦ
2824 3707 3025 3782 χρυσοῦ
3059 3708 3272 3762 εἴδωλον
3295 3705 3649 3779 ἐξαφανίσῃς,
3668 3708 3811 3762 τοῦτ’

2239 3805 2392 3866 ἐστι,
2443 3803 2539 3874 τὴν
2592 3801 2974 3871 πλεονεκτικὴν
3025 3799 3317 3868 ἐπιθυμίαν
3369 3799 3658 3869 ἐξαλείψῃς
3720 3799 3810 3853 τοῦ

2240 3895 2356 3965 βίου
2377 3913 2390 3926 ο
2411 3893 2537 3948 ὅταν
2586 3892 2836 3947 τοσοῦτον
2881 3891 3119 3963 ὑψωθῇς,
3159 3889 3299 3944 ὥστε
3335 3890 3544 3960 ἄμαχος
3571 3891 3809 3960 φανῆναι

2239 3993 2305 4060 τῇ
2332 3988 2553 4058 γοητείᾳ
2577 3985 2671 4040 τοῦ
2715 3984 2943 4054 Βαλαάμ
2963 4001 2977 4015 ⁸
3003 3983 3256 4053 γοητείαν
3278 3983 3335 4036 δὲ
3377 3983 3632 4047 ἀκούσας,
3683 3985 3778 4054 νόη
3796 4012 3810 4023 -

572 4077 742 4130 ditate
774 4083 1014 4135 terrena,
1048 4071 1144 4127 sed
1175 4086 1206 4124 a
1233 4072 1416 4141 seipsa
1451 4087 1644 4127 nucem
1676 4072 2004 4142 producens,
2037 4091 2131 4130 cu-

2238 4080 2326 4133 σόν
2367 4097 2456 4150 μοι
2491 4077 2588 4147 τὴν
2636 4075 2886 4144 ποικίλην
2908 4073 3008 4143 τῆς
3039 4073 3186 4143 ζωῆς
3231 4072 3432 4143 ταύτης
3467 4072 3713 4142 ἀπάτην,
3741 4072 3808 4125 δι’

567 4166 661 4236 jus
683 4165 920 4219 cortices
953 4162 1126 4218 amari
1156 4169 1211 4216 et
1236 4163 1464 4226 austeri,
1495 4164 1724 4220 nucleus
1757 4167 1821 4220 ad
1847 4168 2131 4222 comeden-

2236 4167 2300 4244 ἧς
2358 4172 2406 4223 οἰ
2459 4168 2771 4239 ἄνθρωποι,
2815 4165 3066 4236 καθάπερ
3114 4166 3219 4218 τινὶ
3269 4163 3517 4234 Κιρκαίῳ
3565 4163 3810 4236 κρατῆρι

570 4258 702 4312 dum
737 4255 921 4311 suavis
953 4261 1008 4309 et
1037 4252 1188 4306 utilis
1234 4254 1327 4318 sit,
1372 4269 1495 4307 cum
1525 4269 1716 4311 omnes
1747 4257 1842 4326 qui
1871 4258 2131 4316 adversus

2237 4259 2733 4332 φαρμακευόμενοι,
2777 4257 2874 4328 τῆς
2927 4255 3063 4320 ἰδίας
3121 4254 3407 4317 ἐκστάντες
3462 4252 3702 4322 φύσεως,
3727 4257 3806 4317 εἰς

571 4357 725 4402 tuam
747 4345 950 4400 audent
972 4344 1290 4413 dignitatem
1325 4344 1627 4413 insurgere,
1659 4356 1750 4402 aut
1772 4358 1918 4406 terra
1937 4353 2131 4409 obrue-

2238 4355 2444 4422 ἀλόγων
2495 4349 2705 4422 μορφὰς
2753 4347 3212 4418 μεταπλάττονται
3237 4362 3250 4376 ·
3284 4345 3411 4400 ὅταν
3452 4344 3538 4398 διὰ
3580 4343 3804 4399 πάντων

567 4439 648 4493 ris
689 4433 988 4492 secundum
1030 4432 1264 4498 Dathan,
1302 4443 1396 4488 aut
1427 4435 1551 4506 igne
1598 4444 2131 4510 consumpseris,se-

2237 4446 2370 4518 γένῃ
2407 4431 2753 4507 τούτωνξκαὶ
2792 4437 3065 4511 βλαστήσῃ
3095 4439 3152 4490 έν
3189 4436 3272 4490 σοὶ
3315 4435 3414 4507 τῆς
3445 4435 3744 4507 ἱερίυσύνης
3770 4435 3808 4506 ἡ

568 4527 809 4583 cundum
857 4524 995 4580 Core
1054 4542 1069 4577 :
1113 4530 1245 4577 tunc
1289 4523 1504 4578 demum
1561 4528 1788 4584 accedes
1837 4530 1903 4583 ad
1948 4531 2127 4588 linem.

2239 4535 2449 4609 ῥάϐδος,
2481 4535 2518 4604 ἡ
2560 4532 2826 4605 μηδεμίαν
2859 4529 2980 4584 τινὰ
3010 4528 3112 4600 γῆς
3147 4527 3344 4598 ἰκμάδα
3376 4527 3509 4596 πρὸς
3535 4526 3632 4597 τὴν
3671 4526 3797 4596 βλά·

568 4615 756 4670 Finem
793 4623 974 4670 autem
1005 4612 1151 4675 dico,
1186 4615 1346 4682 cujus
1390 4615 1564 4685 gratia
1591 4628 1786 4673 caatera
1819 4629 1968 4674 sunt.
1995 4620 2129 4676 Nam

2243 4645 2372 4699 στην
2403 4624 2733 4696 ἐφελκομένη
2758 4663 2773 4687 ,
2803 4621 2917 4676 ἀλλ’
2952 4620 3158 4674 οἴκοθεν
3187 4619 3279 4673 τοῦ
3326 4617 3536 4688 καρποῦ
3575 4617 3676 4688 τὴν
3713 4617 3803 4672 δύ-

573 3998 698 4036 cum
731 3980 826 4035 tibi
863 3976 1252 4049 germinaverit
1283 3977 1576 4032 sacerdotii
1609 3978 1780 4048 virga,
1819 3995 1926 4035 non
1959 3982 2137 4036 humi-

567 4718 627 4763 ut
674 4706 1023 4777 agriculturae
1058 4705 1184 4760 linis
1223 4714 1327 4770 est,
1370 4705 1587 4778 frugum
1617 4713 1927 4780 perceptio;
1961 4714 2132 4768 aedili-

566 4801 822 4860 catiouis,
863 4797 1058 4856 aedium
1091 4807 1175 4853 est
1219 4797 1506 4864 habitatio,
1545 4808 1600 4855 et
1640 4802 2024 4872 negatiationis
2048 4806 2131 4860 di-

566 4892 732 4953 vitiae,
777 4888 1093 4944 certaminis
1129 4903 1375 4944 corona:
1413 4891 1495 4945 sic
1549 4893 1806 4949 virtuosze
1836 4895 1962 4950 vitae
2004 4897 2128 4952 linis

565 4988 669 5042 est,
724 4987 785 5032 ut
829 4992 1024 5031 servus
1062 4975 1153 5031 Dei
1184 4987 1238 5032 et
1267 4978 1367 5041 sis,
1400 4987 1453 5033 et
1485 4982 1778 5037 vociteris:
1809 5000 1969 5053 quam
2004 4989 2130 5057 qui-

566 5069 686 5123 dem
735 5069 802 5122 ad
847 5083 962 5122 rem
1014 5075 1068 5123 et
1112 5069 1244 5123 illud
1291 5073 1521 5134 accedit,
1566 5085 1620 5128 ut
1666 5077 1942 5144 sepultura
1967 5081 2125 5134 obrui

567 5174 807 5230 nequeas
831 5175 846 5212 :
869 5159 1014 5228 quod
1046 5159 1124 5222 lit,
1153 5160 1200 5215 si
1230 5161 1484 5215 vitiorum
1521 5165 1766 5219 omnium
1795 5166 2124 5224 denudatam

564 5253 731 5306 vitam
755 5251 1010 5306 colueris.
1031 5249 1230 5305 Verum
1251 5253 1413 5322 hujus
1446 5255 1643 5310 divina:
1669 5260 1944 5313 servitutis
1978 5263 2124 5316 aliud

564 5357 782 5414 quoque
828 5342 1044 5412 signum
1093 5341 1319 5396 historia
1358 5345 1558 5412 tradit;
1609 5362 1708 5400 nec
1747 5350 1889 5402 enim
1935 5353 2126 5408 oculus

565 5434 841 5503 caligabit,
890 5449 992 5488 nec
1024 5431 1190 5488 facies
1236 5433 1380 5488 servi
1420 5433 1514 5488 Dei
1560 5450 1956 5508 corrumpetur.
1990 5440 2123 5496 Nam

564 5526 756 5580 oculus
800 5524 892 5594 qui
931 5538 1146 5592 semper
1176 5525 1231 5578 in
1281 5525 1400 5580 luce
1449 5533 1551 5594 est,
1603 5543 1836 5599 quonam
1879 5531 2040 5588 modo
2075 5535 2124 5589 vi

665 5708 706 5738 “
741 5707 894 5762 Deut.
931 5721 1118 5769 unv,
1163 5706 1273 5762 57.

2240 4735 2400 4788 ναμιν
2432 4716 2648 4786 ἔχουσα,
2667 4713 2760 4768 καὶ
2790 4711 3002 4783 καρποῦ
3029 4711 3281 4782 καρυτνου
3301 4726 3315 4740 ⁶
3335 4704 3396 4763 οὗ
3419 4711 3452 4781 ή
3483 4711 3579 4779 μὲν
3605 4711 3802 4781 πρώτη

2237 4809 2492 4874 ἔντευξις,
2524 4807 2697 4878 πικρά
2723 4823 2782 4858 τε
2833 4805 2927 4859 καί
2954 4803 3367 4874 κατεστυμμένη
3389 4819 3403 4834 ο
3430 4801 3491 4854 τὸ
3517 4801 3574 4855 δὲ
3615 4803 3800 4869 ἐγκεί-

2241 4918 2399 4973 μενον
2447 4899 2687 4963 τούτοις,
2716 4897 2815 4968 ήδὺ
2847 4896 2942 4949 καὶ
2982 4894 3267 4965 ἐδώδιμονο
3297 4894 3422 4947 ὅταν
3461 4896 3568 4947 πᾶν
3605 4894 3665 4947 τὸ
3704 4881 3797 4945 ἐπ-

2237 4993 2594 5064 ανιστάμενον
2645 4990 2787 5044 κατά
2827 4987 2920 5040 τοῦ
2961 4987 3054 5041 σοῦ
3093 4985 3415 5057 ἀξιώματος,
3447 4986 3525 5048 εἰς
3565 4985 3805 5053 ἀφανισ-

2240 5081 2338 5152 μὸν
2368 5083 2621 5153 χωρήσῃ,
2655 5078 2794 5132 κατὰ
2836 5077 2926 5130 τὸν
2964 5076 3141 5133 Δαθὰν
3189 5074 3436 5145 ὑπόγειον
3471 5075 3800 5145 γενόμενον·

2231 5171 2264 5242 ἢ
2295 5172 2659 5242 ἐκδαπανηθέν
2690 5169 2767 5241 τῷ
2792 5171 2944 5242 πυρὶ,
2973 5167 3113 5222 κατά
3144 5165 3232 5220 τδν
3263 5167 3427 5238 Κορέ⁶
3460 5167 3582 5220 τότε
3619 5183 3802 5238 προσ-

2227 5262 2451 5335 εγγίσῃς
2489 5261 2566 5331 τῷ
2611 5260 2770 5315 τέλει,
2802 5260 2964 5322 Τέλος
3009 5260 3066 5311 δὲ
3105 5257 3267 5325 λέγω,
3304 5251 3364 5311 οὗ
3415 5258 3578 5312 ἕνεκα
3615 5257 3804 5310 πάντα

2230 5356 2437 5423 γίνεται
2477 5371 2490 5385 ·
2521 5349 2649 5414 οἷον,
2685 5352 2832 5414 τέλος
2879 5349 2978 5420 τῆς
3009 5348 3334 5420 γεωργικῆς,
3371 5351 3402 5418 ή
3454 5348 3800 5411 ἀπόλαυσεςο

2231 5446 2381 5510 τέλος
2419 5446 2515 5516 τῆς
2547 5443 2889 5512 κατασκευῆς
2929 5441 3022 5494 τοῦ
3070 5443 3240 5505 οἴκου,
3276 5442 3309 5512 ή
3360 5441 3568 5510 οἴκησις
3597 5457 3609 5470 ·
3637 5439 3798 5502 τέλος

2233 5537 2329 5609 τῆς
2371 5534 2665 5608 ἐμπορίας,
2695 5535 2723 5587 ό
2758 5532 3022 5596 πλοῦτος*
3055 5531 3149 5586 καὶ
3203 5531 3304 5586 τῶν
3344 5531 3402 5585 ἐν
3451 5533 3564 5595 τοῖς
3611 5530 3796 5597 ἀγῶσι
