3982 6476
230 390 327 450 tta
1543 375 1628 441 DE
1668 382 1825 443 VITA
1863 380 2133 443 uorsts.
3044 398 3049 407 ·
3352 385 3459 443 450

230 513 421 573 πόνων,
453 506 484 562 ό
518 507 797 577 στέφανος.
849 506 1004 560 Οὕτω
1037 505 1129 559 καὶ
1155 505 1249 574 τῆς
1288 502 1496 573 ὑψηλῆς
1528 502 1800 564 πολιτείας

1911 502 2247 556 tenebrarum
2289 501 2560 571 caligabit,
2598 516 2826 570 quarum
2860 500 3085 555 omnino
3119 515 3311 570 expers
3345 500 3464 555 est?

228 601 389 664 τέλος.
444 601 504 652 τὸ
548 600 810 671 κληθῆναι
842 598 1055 667 οἰκέτην
1093 596 1226 650 Θεοῦ
1265 613 1278 626 ·
1314 587 1357 661 ᾧ
1392 594 1793 665 συνθεωρεῖται,

1911 603 1951 647 et
1990 592 2081 671 qui
2127 592 2291 644 vitam
2350 592 2610 661 integram
2648 607 2861 662 semper
2915 600 3134 646 secutus
3177 601 3280 655 est,
3325 606 3467 661 quo-

230 695 286 748 τδ
333 695 410 763 μὴ
453 669 833 763 ὑποχω-σθῆναι
869 691 948 759 τῷ
984 690 1176 759 τύμϐῳ
1214 704 1231 720 ⁸
1264 687 1419 741 τοῦτο
1446 687 1503 740 δέ
1558 688 1708 749 ἐστι,
1739 687 1799 739 τὸ

1911 669 2067 737 modo
2116 683 2534 751 corrumpetur?
2575 681 2708 736 Nam
2760 700 2881 737 curn
2920 685 2984 738 ad
3036 684 3322 754 imaginem
3370 681 3465 737 Dei

230 787 439 856 γυμνήν
494 802 554 837 τε
595 785 688 837 καὶ
735 784 1024 854 ἀπέριττον
1068 780 1176 834 τῶν
1231 780 1481 851 πονηρῶν
1536 778 1799 849 ἐφολκίων

1911 788 2027 829 rere
2060 772 2239 829 factus
2269 775 2359 836 sit,
2390 788 2487 828 nec
2516 788 2750 842 unquam
2785 790 2813 828 a
2834 776 3013 829 divina
3044 778 3215 829 forma
3237 776 3463 844 degene-

227 876 318 945 τὴν
349 874 496 945 ζωὴν
543 873 813 942 γενέσθαι.
844 873 954 940 Τῆς
983 871 1038 924 δὲ
1070 870 1311 935 δουλείας
1331 870 1533 942 ταύτης
1564 871 1658 922 καὶ
1686 869 1800 921 ἐτε-

1911 866 2125 931 raverit,
2163 866 2217 920 in
2253 866 2430 936 seipso
2471 874 2647 936 gestat
2674 866 2891 930 indicia.
2924 876 3087 938 atque
3125 868 3179 922 in
3212 866 3468 922 omnibus

226 984 312 1037 ρον
355 964 647 1036 γνώρισμά
694 980 856 1034 φησιν
905 965 934 1015 ὁ
973 962 1161 1031 λόγος,
1208 962 1271 1015 τὸ
1323 965 1460 1034 μήτε
1519 958 1796 1032 ὀφθαλμὸν

1911 956 2259 1011 similitudine
2290 972 2411 1011 cum
2456 958 2749 1027 exemplari
2799 961 3070 1021 convenit,
3118 960 3468 1026 animumque

222 1054 635 1127 ἁμαυρωθῆναι,
680 1046 816 1125 μήτε
862 1053 1147 1125 πρόσωπον
1183 1052 1562 1124 διαφθαρῆναι.
1601 1052 1657 1104 ὐ
1687 1051 1797 1121 γὰρ

1911 1064 2063 1104 suum
2110 1050 2644 1121 incorruptibilitate,
2695 1051 3153 1116 immutabilitate,
3198 1060 3359 1121 atque
3400 1051 3471 1104 ab

223 1152 276 1203 ἐν
310 1146 453 1215 φωτὶ
482 1146 567 1200 διὰ
615 1142 817 1208 παντὸς
852 1144 926 1197 ὢν
957 1144 1262 1213 ὀφθαλμὸς,
1298 1143 1413 1206 πῶς
1448 1143 1513 1196 ἂν
1542 1144 1799 1212 ἀμαυρω-

1911 1141 2159 1195 omnibus
2192 1141 2337 1196 vitiis
2388 1142 2733 1194 immunitate
2768 1144 3115 1197 condecorat.

224 1239 444 1310 θήσεται
467 1238 555 1291 διὰ
587 1237 682 1291 τοῦ
728 1237 968 1300 σκότους,
1011 1232 1071 1290 οὗ
1101 1236 1486 1307 ὴλλοτρίωταις
1537 1236 1681 1288 καὶὸ
1713 1234 1811 1303 τὴν
1856 1232 2164 1305 ἀφθαρσίαν
2207 1236 2263 1287 ἐν
2298 1234 2448 1308 πάσῃ
2501 1238 2567 1305 τῇ
2630 1233 2739 1304 ζωῇ
2805 1233 3173 1303 κατορθώσας,
3214 1230 3472 1297 οὐδεμίαν

224 1332 445 1395 πάντως
490 1331 696 1399 φθορὰν
742 1331 826 1399 ἐφ’
888 1330 1079 1383 ἑαυτοῦ
1134 1329 1516 1401 παραδέχεται.
1571 1330 1628 1382 '0
1698 1329 1805 1399 γάρ
1862 1327 2074 1398 ἀληθῶς
2128 1329 2247 1380 κατ’
2297 1330 2480 1381 εἰκόνα
2533 1328 2667 1380 Θεοῦ
2725 1327 2993 1395 γεγονὼς,
3056 1329 3151 1379 καὶ
3220 1323 3471 1396 μηδαμοῦ

222 1424 606 1495 παρατραπεὶς
651 1420 744 1475 τοῦ
778 1421 921 1475 θείου
970 1421 1350 1493 χαρακτῆρος’
1408 1423 1493 1490 ἐφ’
1546 1420 1737 1474 ἐαυτοῦ
1790 1418 1860 1472 τὰ
1904 1420 2259 1488 γνωρίσματα
2318 1419 2511 1490 φέρει,
2546 1420 2638 1472 καὶ
2688 1419 2971 1486 συμϐαίνει
3007 1417 3095 1472 διὰ
3146 1418 3360 1472 πάντων
3404 1417 3474 1487 τῇ

220 1518 480 1589 ὁμοιώσει
526 1519 662 1590 πρὸς
716 1517 776 1570 τὸ
821 1517 1145 1587 ἀρχέτυπον,
1186 1516 1263 1585 τῷ
1296 1516 1553 1587 ἀφθάρτῳ
1597 1533 1655 1569 τε
1694 1516 1785 1568 καὶ
1814 1513 2173 1585 ἀναλλοιώτῳ,
2248 1516 2340 1568 καὶ
2410 1514 2589 1585 πάσης
2641 1514 2829 1584 ἀμιγεῖ
2870 1512 3064 1577 κακίας
3090 1511 3184 1583 τὴν
3226 1511 3360 1565 ἰδίαν
3380 1510 3474 1577 ψυο

221 1612 316 1681 χὴν
348 1610 727 1674 καλλωπίζων.

290 1705 488 1759 Ταῦτά
515 1723 617 1767 σοι,
644 1698 689 1757 ὦ
744 1703 995 1774 ἄνθρωπε
1042 1702 1197 1768 Θεοῦ,
1240 1698 1370 1776 περὶ
1416 1706 1514 1775 τῆς
1555 1701 1807 1781 τοξῃβνίου

1981 1696 2106 1752 Haec
2147 1694 2315 1751 habes
2343 1696 2409 1751 de
2437 1692 2562 1750 vita:
2595 1691 2925 1764 perfectione
2955 1708 3078 1746 cum
3112 1692 3328 1748 virtutis
3357 1694 3478 1749 laua

219 1798 313 1881 τρέ
374 1797 517 1865 κατ’,
542 1793 745 1871 ζιρετῂν
780 1795 1134 1869 τελειότητος,
1176 1796 1443 1867 Καισάριε
1464 1840 1480 1865 ,
1514 1798 1543 1849 ὁ
1596 1795 1799 1866 βραχὺς

1911 1790 1969 1846 de
2024 1790 2307 1850 traducue,
2356 1788 2518 1842 homo
2578 1776 2691 1849 Dei,
2741 1784 2995 1848 Caesarie,
3041 1799 3216 1837 meum
3269 1786 3323 1838 in
3373 1786 3476 1838 hac

227 1870 384 1958 ἡμῶν
411 1883 565 1949 οὗτος
586 1885 899 1939 ὑποτίθεται
931 1870 1107 1953 λόγός,
1142 1880 1255 1939 οῗόν
1286 1904 1337 1938 τι
1366 1886 1719 1956 πρωτότυπον
1744 1886 1801 1937 ἐν

1911 1881 2056 1938 brevi
2105 1880 2353 1934 oratione
2383 1877 2691 1944 judicium:
2731 1890 2853 1929 nam
2899 1884 3154 1943 tanquam
3196 1878 3477 1946 exemplar

228 1981 413 2050 μορφῇ
465 1978 712 2040 κάλλους,
749 1977 839 2031 τὸν
871 1976 963 2030 τοῦ
1010 1979 1244 2047 μεγάλου
1279 1966 1803 2046 Μωσέωξὺπογρά-

223 2072 404 2141 qm,”
439 2060 701 2140 βῖῶτλὲφ
813 2070 936 2133 τοὺς
972 2070 1092 2124 καθ’
1130 2069 1360 2122 ἕκαστον
1389 2068 1545 2139 ἡμῶν
1584 2067 1671 2120 διὰ
1705 2066 1802 2135 τῆς

222 2162 328 2215 τῶν
364 2160 814 2230 ἐπιτηδευμάτων
860 2160 1143 2230 μιμήσεως
1178 2162 1234 2211 ἐν
1283 2156 1495 2220 ἑαυτοῖς
1533 2156 1804 2228 μεταγρά-

226 2271 347 2323 φειν
377 2252 473 2304 τοῦ
502 2251 906 2322 προδειχθέντος
930 2252 1063 2321 ἡμῖν
1087 2249 1314 2312 κάλλους
1336 2250 1428 2302 τὸν
1453 2248 1798 2319 χαρακτῆρα.

223 2345 330 2398 τοῦ
366 2344 479 2412 γὰρ
516 2342 935 2413 κατωρθωκέναι
973 2326 1064 2395 τδν
1095 2342 1297 2396 Μωσέα
1324 2342 1424 2411 τὴν
1452 2340 1804 2409 ἐνδεχομένην

225 2437 543 2519 τεὲὲότητα
570 2476 584 2495 .
638 2436 723 2497 τίς
775 2435 839 2487 ἂν
892 2436 1024 2505 ἡμῖν
1071 2434 1505 2503 ἀξιοπιστότερος
1556 2430 1804 2503 εὑρεθείη

228 2510 598 2599 inﬁtiari};
650 2524 798 2587 θείας
836 2526 1038 2595 φωνῆς,
1079 2526 1112 2595 ἦ
1144 2542 1276 2596 φησι
1328 2524 1463 2595 πρὸς
1500 2517 1692 2576 αὐτόν·
1724 2518 1805 2575 ὅτι

236 2610 487 2679 ιἚγνων
500 2614 557 2666 σὲ
580 2614 729 2685 παρὰ
771 2613 1184 2679 πάντας;›ἀλλά
1213 2614 1307 2667 καὶ
1336 2615 1397 2666 τὸ
1447 2612 1599 2682 φίλον
1645 2612 1806 2664 αὐτὸν

224 2706 596 2778 ὑνομασθῆναι
629 2704 764 2758 Θεοῦ
800 2706 927 2775 παρ’
955 2702 1117 2757 αὐτοῦ
1149 2702 1242 2756 τοῦ
1268 2702 1403 2756 Θεοῦ
1424 2720 1436 2733 ·
1474 2702 1566 2755 καὶ
1594 2701 1655 2754 τὺ
1682 2718 1806 2754 συν-

229 2799 531 2854 απολέσθαι
560 2797 756 2867 μᾶλλον
791 2796 1040 2865 ἑλόμενον
1083 2795 1220 2866 μετὰ
1255 2796 1492 2856 πάντων,
1520 2795 1568 2846 εί
1601 2792 1675 2864 μὴ
1709 2792 1805 2844 κά-

230 2884 453 2954 κείνοις,
483 2883 665 2959 ἐφόίς
690 2887 1118 2960 ἐπλημμέλησαν
1152 2885 1397 2954 ἱλεωθείη
1427 2884 1492 2938 δι’
1525 2882 1809 2952 εὐμενείας

230 2982 286 3035 τὸ
309 2985 491 3045 Θεῖον,
530 2980 727 3050 στῆσαι
761 2979 900 3032 κατὰ
938 2978 1048 3031 τῶν
1090 2975 1439 3049 Ἰσραηλιτῶν
1472 2975 1570 3046 τὴν
1612 2974 1803 3045 ὀργὴν,

1903 1971 2173 2043 quoddam
2221 1967 2573 2039 perfectionis
2607 1966 2791 2019 -vitam
2838 1963 3008 2034 Moysi
3062 1964 3475 2032 descripsimus,

1904 2082 1968 2122 ex
2014 2077 2116 2134 qua
2156 2063 2453 2130 unicuique
2487 2068 2730 2114 nostrum
2771 2046 3268 2127 per'institutorutu
3298 2056 3476 2109 imita-

1904 2158 2105 2209 tionem
2146 2156 2199 2207 in
2231 2168 2291 2208 se
2321 2158 2635 2205 monstratze
2677 2149 2840 2215 hujus
2882 2147 3306 2217 pulchritudinis
3339 2148 3477 2201 cha-

1906 2257 2117 2298 ractera
2137 2243 2429 2311 depingere
2450 2240 2653 2294 licebit.
2682 2237 2839 2304 Quod
2871 2244 3050 2290 autem
3081 2236 3470 2306 perfectionem

1908 2333 2115 2388 homini
2168 2331 2483 2402 possibilem
2538 2329 2755 2401 Moyses
2799 2342 3084 2385 assecutus
3133 2337 3236 2392 est,
3280 2329 3479 2384 divina!

1908 2427 2059 2481 vocis
2090 2424 2401 2479 testimonio
2428 2422 2743 2493 perhibetur
2769 2440 2783 2474 :
2817 2440 2835 2473 ι
2866 2422 3102 2490 Cognovi
3129 2430 3200 2485 te,
3226 2441 3245 2473 ι
3275 2422 3476 2491 inquit.

1912 2535 1931 2567 ι
1971 2525 2163 2587 pneter
2200 2530 2389 2570 omnes
2425 2514 2491 2567 ⁹².
2530 2533 2548 2565 ι
2586 2513 2828 2578 Accedit,
2861 2513 3005 2579 quod
3039 2513 3247 2567 amicus
3277 2512 3368 2567 Dei
3408 2513 3480 2567 ab

1910 2608 2031 2677 ipso
2075 2605 2182 2659 Deo
2234 2612 2585 2673 nuncupatus
2617 2612 2721 2658 est.
2764 2602 3032 2658 Praeterea
3083 2619 3204 2658 cum
3239 2605 3477 2673 peccatis

1912 2697 2096 2766 pepuli
2135 2696 2282 2750 Deus
2312 2696 2486 2750 iratus
2516 2694 2698 2749 delere
2735 2694 2967 2748 voluerit
3003 2709 3214 2758 omnes,
3243 2709 3476 2764 cumque

1911 2788 2124 2859 Moyses
2151 2802 2257 2841 una
2288 2802 2411 2841 cum
2430 2788 2630 2856 populo
2658 2787 2834 2855 perire
2853 2786 3124 2850 maluerit,
3154 2802 3316 2855 quam
3348 2787 3477 2842 abs-

1911 2896 2017 2949 que
2062 2878 2263 2949 populo
2300 2878 2512 2932 vivere:
2567 2886 2697 2929 tunc
2740 2875 2905 2939 Deus,
2953 2886 3010 2930 ut
3053 2877 3229 2931 amico
3272 2893 3477 2932 morem

1912 2982 2146 3043 gereret,
2199 2968 2448 3040 placatus
2478 2977 2603 3023 est:
2656 2984 2776 3036 qua:
2816 2969 2996 3022 omnia
3042 2969 3357 3035 ostendunt,
3409 2969 3478 3024 ad

230 3073 326 3143 τὴν
374 3038 512 3124 ἰδίαν
543 3038 639 3122 τοῦ
690 3068 824 3122 Θεοῦ
872 3069 1051 3140 κρίσιν
1104 3038 1552 3139 παρατρέψαντος
1581 3038 1701 3129 ,ἵνα

1911 3065 2162 3119 humanae
2219 3061 2569 3133 perfectionis
2632 3062 2840 3130 apicem
2915 3060 3068 3113 illum
3138 3061 3475 3129 pervenisse.

230 3162 455 3233 λυπήσῃ
486 3161 579 3214 τὸν
610 3160 783 3229 φίλον.
810 3158 921 3213 Καὶ
957 3158 1135 3211 πάντα
1161 3156 1229 3210 τὰ
1259 3155 1498 3219 τοιαῦτα,
1532 3155 1807 3227 μαρτυρία

1911 3152 2178 3218 Quoniam
2220 3167 2350 3221 ergo
2396 3149 2783 3220 perfectionem
2819 3152 3069 3203 humanae
3106 3150 3229 3203 vitae
3265 3164 3478 3218 quaere-

232 3251 411 3317 σαφής
451 3248 571 3299 ἐστι
620 3246 712 3299 καὶ
766 3244 1037 3312 ἀπόδειξις
1067 3244 1161 3298 τοῦ
1209 3245 1344 3323 πρῂς
1376 3245 1468 3323 τὸν
1510 3247 1807 3315 ἀκρότατον

1912 3244 2129 3306 bamus,
2161 3257 2409 3311 eamque,
2460 3248 2518 3295 ut
2544 3240 2843 3311 potuimus,
2875 3239 3255 3295 adinvenimus
3293 3259 3307 3292 :
3340 3240 3479 3293 nihil

230 3336 705 3417 τῆς-,τελειότητος
737 3335 860 3406 ὅρον
893 3333 1285 3411 ἀναβεϐηκέναι
1315 3322 1807 3397 τοῦἽιῘωσέωξψτῖν

1911 3336 2018 3406 jam
2046 3341 2240 3397 restat,
2286 3333 2393 3387 nisi
2428 3340 2486 3385 ut
2530 3331 2596 3386 ad
2632 3331 2906 3401 exemplar
2935 3330 3081 3385 istud
3119 3332 3386 3394 vivamus,
3414 3345 3480 3384 ac
3536 3386 3541 3391 ,

232 3429 367 3500 βίον.
406 3418 888 3481 Ἐπεῖἲῖῗξοῦτο
920 3418 1048 3496 παρ’
1077 3425 1233 3495 ήμῶν
1278 3425 1338 3478 τὸ
1368 3425 1694 3496 ζητούμενον
1718 3421 1805 3496 ἦν,

1912 3424 2203 3495 diligenter
2241 3436 2581 3493 quaecunque
2620 3421 2784 3475 altius
2824 3421 3095 3475 intellecta
3127 3419 3353 3475 historia
3380 3436 3483 3475 no-

230 3522 279 3575 τί
302 3520 372 3573 τὸ
409 3519 616 3572 τέλειον
649 3517 751 3585 τῆς
787 3517 1043 3589 ἐναρέτου
1099 3516 1371 3581 πολιτείας
1407 3518 1586 3569 ἐστίν·
1612 3516 1806 3587 εὑρέθη

228 3613 285 3667 δέ
315 3611 407 3665 διὰ
465 3610 575 3664 τῶν
607 3610 910 3682 εἰρημένων
953 3600 1014 3661 τὸ
1043 3608 1244 3662 τέλειον
1265 3626 1277 3638 ·
1310 3600 1429 3680 ὥρα
1464 3624 1567 3670 σοι,
1598 3601 1643 3661 ὦ
1689 3624 1812 3677 γεν-

233 3704 371 3769 ναῖε,
412 3700 552 3772 πρὸς
583 3700 644 3753 τὸ
688 3698 990 3768 ὑπόδειγμα
1022 3697 1260 3768 βλέπειν,
1294 3698 1389 3751 καὶ
1431 3697 1503 3751 τὰ
1525 3692 1591 3751 δι’
1620 3694 1811 3768 ὑψηλο-

235 3793 395 3863 τέρας
429 3791 725 3859 ἀναγωγῆς
752 3788 1093 3860 θεωρηθέντα
1133 3789 1261 3860 περὶ
1289 3788 1397 3841 τῶν
1418 3788 1705 3861 ίστορικῶς
1737 3788 1812 3841 εί-

237 3884 517 3954 ρημένων,
554 3880 648 3933 ἐπὶ
667 3880 758 3933 τὸν
783 3879 911 3933 ἴδιον
949 3882 1319 3951 μεταφέροντα
1350 3879 1481 3951 βίον,
1503 3880 1809 3951 γνωσθῆναί

233 3992 289 4027 τε
324 3973 431 4027 ὑπὸ
462 3969 636 4038 Θεοῦ,
664 3971 945 4041 καὶηφίλον
980 3970 1233 4039 γενέσθαι
1270 3971 1455 4025 αὑτοῦ.
1492 3971 1662 4025 Τοῦτο
1703 3973 1812 4043 γάρ

235 4068 377 4120 ἐστιν
410 4065 489 4128 ὡς
539 4056 753 4135 άληθῶς
797 4065 830 4134 ὴ
870 4062 1174 4133 τελειότης,
1207 4062 1266 4116 τὸ
1319 4062 1394 4134 μὴ
1433 4062 1811 4133 δουλοπρεπῶς

238 4154 385 4225 φόὸῳ
421 4153 705 4217 κολάσεως
738 4152 830 4206 τοῦ
866 4153 1007 4206 κατά
1054 4152 1252 4207 κακίαν
1295 4152 1408 4223 βίου
1439 4153 1807 4225 χωρίζεσθαι·

237 4248 371 4316 μηδὲ
418 4248 487 4315 τῇ
541 4244 649 4297 τῶν
700 4244 906 4314 μισθῶν
953 4244 1128 4297 ἐλπίδι
1173 4245 1233 4297 τὸ
1288 4244 1494 4313 ἀγαθὸν
1548 4248 1812 4317 ἐνεργεῖν,

238 4335 694 4407 πραγματευτικῇ
743 4349 847 4384 τινι
900 4335 993 4385 καὶ
1053 4331 1528 4403 συναλλαγματικῇ
1575 4328 1812 4385 διαθέσει

235 4425 814 4498 κατεμπορευομένους
846 4424 946 4495 τῆς
989 4424 1244 4496 ἐναρέτου
1279 4424 1423 4495 ζωῆς
1449 4441 1464 4456 ⁶
1498 4423 1611 4478 ἀλλ’
1641 4424 1809 4497 ὑπερ-

237 4519 446 4581 ιδόντας
498 4517 721 4571 πάντων
752 4515 977 4569 καὶτῶν
1015 4518 1072 4567 ἐν
1113 4515 1467 4585 ἐπαγγελίαις
1510 4516 1578 4569 δι’
1602 4516 1811 4582 ἐλπίδος

1911 3519 1997 3574 bis
2022 3516 2328 3587 proposuit,
2362 3513 2431 3569 ad
2463 3514 2631 3567 vitam
2664 3513 3055 3568 transferentes
3081 3528 3108 3566 a
3144 3512 3252 3568 Deo
3280 3528 3484 3585 cogno-

1912 3626 2153 3673 scamur,
2204 3617 2259 3664 et
2305 3607 2464 3662 amici
2518 3605 2609 3661 Dei
2654 3606 2971 3661 efﬁciamur.
3026 3605 3081 3660 Id
3134 3606 3277 3660 enim
3330 3615 3482 3662 certe

1912 3700 2182 3772 perfectio
2216 3707 2323 3763 est,
2358 3706 2418 3752 ut
2440 3713 2550 3752 non
2584 3698 2781 3751 timore
2803 3711 3108 3767 poenarum,
3139 3697 3298 3769 sicuti
3325 3712 3483 3751 man-

1913 3793 2142 3862 cipium,
2175 3806 2205 3844 a
2235 3790 2386 3844 vitiis
2415 3787 2681 3851 declines,
2711 3803 2811 3841 nec
2840 3787 3094 3841 virtutem
3123 3802 3217 3856 spe
3242 3786 3486 3856 praemio-

1914 3898 2059 3947 rum,
2090 3882 2248 3952 quasi
2280 3881 2601 3935 mercatoris
2638 3877 2833 3933 affectu
2862 3881 2916 3932 iu
2945 3878 3405 3947 negotiationibus
3429 3887 3486 3934 et

1918 3970 2319 4033 contractibus,
2361 3968 2714 4038 amplectaris
2751 3984 2762 4017 :
2797 3966 2892 4023 sed
2926 3967 3184 4037 neglectis
3214 3968 3374 4021 etiam
3416 3969 3487 4023 iis

1915 4074 2037 4133 qua:
2092 4062 2147 4116 in
2195 4058 2655 4131 promissionibus
2696 4074 2788 4127 per
2821 4074 2970 4128 spem
3021 4067 3148 4114 sunt
3184 4059 3485 4126 recondita,

1914 4168 2083 4207 unum
2133 4150 2373 4207 terribile
2418 4149 2703 4204 arbitreris
2741 4148 2810 4203 ab
2853 4148 3090 4203 amicitia
3131 4147 3223 4203 Dei
3256 4149 3482 4218 repelli:

1920 4258 2089 4297 unum
2122 4240 2420 4312 expetibile
2449 4239 2650 4304 solum,
2697 4239 2993 4293 amicitiam
3042 4238 3165 4305 Dei;
3204 4254 3309 4309 qua
3345 4240 3484 4305 sola,

1913 4349 2036 4388 meo
2083 4332 2313 4402 judicio,
2369 4334 2481 4385 vita
2517 4330 2757 4385 hominis
2800 4329 3098 4400 perﬁcitur.
3144 4329 3261 4384 Hoc
3310 4330 3489 4399 ipsum

1919 4426 2011 4481 ubi
2038 4425 2253 4481 sublata
2286 4422 2353 4477 ad
2385 4422 2707 4478 sublimiora
2740 4436 2803 4475 ac
2836 4419 3107 4476 diviniora
3141 4430 3324 4476 mente
3353 4438 3489 4477 con-

1923 4527 2149 4574 secutus
2211 4514 2496 4579 fueris,....
2554 4528 2849 4568 commune
2906 4513 2963 4569 id
3014 4514 3117 4567 erit
3175 4513 3387 4568 lucrum
3433 4515 3491 4569 in

235 4607 637 4678 ἀποκειμένων,
668 4604 826 4675 μόνον
870 4605 1119 4675 ἡγεῖσθαι
1151 4604 1401 4677 φοϐερὸν,
1427 4605 1486 4659 τὸ
1514 4607 1610 4677 τῆς
1633 4607 1807 4677 φιλίας

1919 4608 2141 4665 Christo
2190 4607 2320 4662 Jesu
2366 4605 2598 4661 Domino
2632 4612 2842 4667 nostro,
2880 4606 2968 4658 cui
3011 4605 3185 4658 honor
3231 4615 3284 4658 et
3321 4606 3491 4677 impe-

236 4703 331 4754 τοῦ
355 4700 488 4754 Θεοῦ
525 4700 805 4752 ἐκπεσεῖν·
840 4698 933 4751 καὶ
966 4701 1125 4767 μόνον
1147 4697 1325 4767 τίμιόν
1351 4714 1409 4750 τε
1440 4698 1534 4751 καὶ
1553 4699 1807 4771 ἐράσμιον

1922 4700 2063 4753 rium
2110 4699 2163 4752 in
2206 4698 2427 4753 saecula.
2474 4697 2667 4751 Amen.

238 4796 449 4858 ἑαυτοῖς
487 4796 711 4864 κρῖναι,
747 4790 808 4843 τὸ
847 4791 1000 4860 φίλον
1054 4792 1304 4859 γενέσθαι
1348 4790 1502 4862 Θεῷ·
1557 4793 1691 4864 ὅπερ
1741 4795 1878 4859 ἐστὶ,
1930 4791 2073 4847 κατά
2116 4804 2179 4859 γε
2214 4790 2303 4843 τὸν
2336 4789 2465 4859 ἐμὸν
2518 4789 2694 4857 λόγον,
2726 4790 2760 4859 ἡ
2790 4787 3063 4859 τελειότης
3107 4787 3199 4840 τοῦ
3253 4786 3388 4857 βίου.
3421 4786 3491 4840 "0

236 4905 289 4940 τι
311 4888 359 4941 δ’
382 4889 446 4941 ἂν
474 4887 625 4958 παρὰ
661 4885 754 4940 σοῦ
788 4886 924 4956 πρὸς
968 4886 1029 4938 τὸ
1065 4886 1640 4956 μεγαλοπρεπέστερόν
1661 4903 1721 4939 τε
1765 4888 1859 4940 καὶ
1896 4885 2165 4956 θειότερον
2194 4881 2526 4953 ἐπαρθείσης
2557 4897 2638 4933 σοι
2666 4881 2763 4950 τῆς
2791 4880 3047 4944 διανοίας,
3074 4879 3268 4950 εὑρεθῇ
3288 4897 3304 4911 ·
3355 4879 3490 4934 πολ-

237 4979 345 5032 λῶν
380 4980 467 5032 δὲ.
490 5018 504 5032 .
525 5018 571 5032 ..
593 5018 607 5032 .
632 4976 987 5047 εὑρεθήσεται
1022 4993 1034 5006 ’
1068 4977 1242 5028 κοινὸν
1292 4976 1443 5030 ἔσται
1494 4977 1709 5056 πάντως
1780 4978 1841 5031 τὸ
1883 4977 2090 5056 κέρδος,
2138 4977 2195 5027 ἐν
2221 4972 2441 5043 Χριστῶ
2476 4971 2652 5043 Ἰησοῦ
2679 4972 2757 5041 τῷ
2799 4972 2986 5043 Κυρίῳ
3020 4973 3194 5043 ἡμῶν,
3221 4965 3265 5040 ᾧ
3287 4974 3319 5040 ἠ
3362 4972 3490 5037 δόξα

235 5075 334 5127 καὶ
360 5074 419 5126 τὸ
456 5072 656 5143 κράτος
690 5072 768 5133 είς
796 5070 919 5132 τοὺς
943 5068 1159 5131 αίῶνας.
1205 5070 1395 5139 Ἀμήν,
1645 5055 1651 5061 ’
2068 5055 2071 5056 ⁷
2766 5070 2769 5071 ,

310 5258 355 5287 ⁹¹
389 5253 554 5309 Exod.
592 5268 793 5319 XXXIII,
831 5250 916 5308 ΓΙ.
