3982 6508
539 359 637 416 431
904 395 914 411 .
1481 441 1485 446 .
1759 359 1814 412 S.
1875 355 2111 412 GREGOI

2181 357 2197 412 l
2251 354 2538 412 NYSSENI
3652 355 3748 409 Δδε

555 508 3378 551 W

1325 745 1551 832 ΤΟΥ
1586 746 1729 831 ΕΝ
1764 739 2127 828 ΑΓΙΟΙΣ
2164 733 2595 826 ΠΛΤΡΟΣ
2641 737 2966 830 ΗΜΩΝ

1674 975 2639 1112 ΓΡΗΓΟΡΙΟΥ

1789 1229 2184 1285 ΕΠΙΣΚΟΠΟΥ
2218 1229 2488 1285 ΝΥΣΣΗΣ

1592 1418 2129 1504 ΠΡΩΤΟΝ
2189 1418 2724 1505 ΒΙΒΛΙΟΝ
3383 1507 3392 1516 ,

817 1663 1054 1776 ΕΙΣ
1092 1664 1403 1777 ΤΗΝ
1463 1663 2341 1778 ΕΠΙΓΡΑΦΗΝ

1877 1664 2341 1777 >ΑΦΗΝ
2399 1585 2696 1777 ΤΩΝ
2752 1658 3449 1783 ΨΑΛΜΩΝ.

1371 2126 1527 2280 S.
1599 2133 1766 2277 P.
1838 2131 2018 2278 Ν.
2075 2125 2993 2284 GREGORII

1825 2466 2130 2524 EPISCOPI
2167 2467 2458 2524 NYSSENI

1575 2669 2254 2759 TBACTATUS
2341 2666 2712 2760 PRIOR

989 2931 1134 3044 ΙΝ
1219 2920 2078 3040 PSALMORUM
2170 2918 2484 3032 lNSC
2509 2919 3310 3034 RIPTIONES.

1539 3170 1816 3228 JACOBO
1853 3165 2232 3223 GRETZERO
2273 3165 2772 3225 INTERPRETE.

2552 3317 2579 3348 ο

853 3549 1109 3620 Praefatio
1139 3549 1208 3601 ad
1242 3550 1467 3603 amicum
1501 3553 1797 3619 quemdam.
2131 3573 2174 3624 Α

1785 3594 1797 3605 .
2131 3573 2174 3624 Α
2616 3555 2930 3622 Προοίμιον
2964 3555 3115 3622 πρὸς
3151 3557 3350 3625 φίλον.

612 3665 737 3722 Feci
766 3665 908 3736 quod
935 3664 1166 3734 iussisti,
1193 3680 1224 3717 ο
1267 3665 1426 3718 homo
1476 3664 1590 3731 Dei,
1622 3677 1871 3736 prompte
1901 3675 1955 3720 et
1987 3667 2100 3720 ala—

2287 3664 2580 3736 Ἐδεξάμην
2619 3681 2712 3717 σου
2744 3665 2803 3717 τὸ
2835 3665 3108 3736 ἐπίταγμα
3158 3669 3294 3738 μετὰ
3328 3669 3634 3740 προθυμιας
3665 3687 3706 3741 (ι

543 3764 728 3829 criter,
759 3761 1001 3830 mihique
1050 3759 1301 3812 similiter
1348 3775 1411 3812 ac
1440 3758 1536 3812 tibi
1569 3760 1669 3812 hac
1700 3775 1865 3830 opera
1893 3759 2099 3829 gratiﬁ-

2203 3748 2246 3807 ὦ
2277 3755 2524 3826 ἄνθρωπε
2569 3755 2662 3808 τοῦ
2700 3755 2853 3818 Θεοῦ,
2897 3758 3033 3811 κατὰ
3078 3759 3138 3811 τὸ
3167 3761 3277 3813 ῐσον
3307 3761 3430 3830 ἐμοί
3467 3779 3523 3813 τε
3560 3763 3654 3816 καὶ
3681 3778 3732 3818 α

543 3853 653 3908 cari
701 3851 868 3917 volui,
913 3852 1263 3920 animumque
1311 3851 1378 3904 ad
1401 3849 1741 3905 Psalmorum
1789 3851 2100 3920 inscriptio-

2203 3850 2300 3918 τὴν
2349 3849 2579 3919 σπουδὴν
2621 3849 2992 3920 χαριζόμενον,
3030 3851 3121 3904 καὶ
3170 3853 3466 3923 προσέσχον
3497 3858 3622 3918 ταῖς
3661 3855 3759 3908 τῶν

544 3961 640 4000 nes
670 3943 865 4013 adjeci.
914 3941 1023 3995 iloc
1067 3942 1214 3995 enim
1281 3941 1436 3994 nobis
1492 3943 1932 4013 imperasti,quis
1994 3942 2103 3998 illis

2203 3939 2429 4009 ψαλμῶν
2445 3941 2791 4010 ἐπιγραφαῖς.
2813 3940 2981 3995 Τοῦτο
2995 3943 3100 4013 γὰρ
3123 3944 3252 4013 ἡμῖν
3278 3945 3537 4008 ἐπέταξας
3555 3946 3759 4017 διερευ·

544 4038 725 4096 subsit
753 4051 966 4101 sensus,
997 4044 1053 4088 ut
1085 4034 1336 4089 omnibus
1369 4034 1461 4088 ﬁat
1498 4035 1842 4104 perspicuum
1871 4035 1924 4089 id
1959 4034 2102 4104 quod

2205 4030 2462 4101 νήσασθαι
2502 4029 2577 4099 (‘2)
2621 4029 2716 4101 τὴν
2759 4030 3194 4102 ὲνθεωρουμένην
3243 4025 3466 4098 ταύταις
3506 4035 3757 4096 διάνοιαν.

543 4146 643 4185 nos
671 4144 767 4199 per
800 4127 918 4182 illas
945 4126 1008 4180 ad
1042 4127 1294 4179 virtutem
1326 4125 1595 4180 adducere
1628 4132 1828 4194 potest.
1863 4126 2105 4195 Diligen-

2203 4123 2280 4187 ὼς
2309 4125 2438 4176 πᾶσι
2487 4123 2736 4190 γενέσθαι
2779 4122 2934 4192 δῆλον
2978 4123 3036 4175 τὸ
3075 4123 3160 4178 διὰ
3208 4124 3412 4179 τούτων
3447 4128 3597 4196 ἡμᾶς
3635 4127 3762 4198 πρὸς

545 4223 681 4278 tiore
738 4219 903 4290 igitur
958 4218 1253 4272 attentione
1302 4227 1416 4272 toto
1447 4219 1783 4274 Psalmorum
1833 4220 2106 4273 volumine

2206 4213 2402 4284 ἀρετὴν
2435 4213 2694 4282 ὁδηγῆσαι
2725 4213 2800 4283 (5)
2844 4214 3154 4283 δυνάμενον.
3191 4217 3346 4288 Πάσῃ
3379 4219 3552 4270 τοίνυν
3588 4222 3650 4289 τῇ
3688 4219 3761 4287 βί-

545 4309 1178 4372 excusso,nccessarium
1203 4308 1352 4371 duxi,
1378 4323 1483 4362 nou
1527 4309 1596 4363 ab
1637 4310 1772 4377 ipsis
1800 4310 2106 4379 inscriptio-

2207 4304 2318 4374 ὅλῳ
2346 4304 2455 4356 τῶν
2479 4304 2726 4375 ιΙταλμῶν
2767 4304 2905 4374 μετὰ
2925 4305 3170 4369 πλείονος
3199 4311 3297 4378 τῆς
3327 4309 3605 4379 προσοχῆς
3634 4309 3757 4361 καθ-

546 4402 706 4458 nibus
731 4400 1149 4469 disputationem
1175 4399 1450 4462 inchoare,
1490 4400 1582 4453 sed
1625 4399 1692 4453 de
1720 4407 1830 4452 tota
1864 4400 2106 4454 Psalmo-

2205 4395 2490 4465 ομιλήσας,
2523 4396 2814 4464 ἀναγκαῖον
2843 4396 3024 4466 ᾠήθην
3055 4397 3128 4468 μὴ
3160 4399 3267 4450 ἀπὸ
3305 4399 3412 4452 τῶν
3448 4401 3762 4472 ἐπιγραφῶν

548 4509 666 4550 rum
702 4491 995 4562 scriptione
1045 4490 1499 4544 iutroductionem
1531 4491 1821 4561 quamdam
1876 4493 2108 4560 praemit-

2205 4486 2470 4553 ἄρξασθαι
2498 4488 2595 4558 τῆς
2634 4486 2937 4551 ὑποθέσεως
2972 4489 3072 4559 (4),
3098 4489 3232 4542 ἀλλὰ
3262 4492 3387 4561 περὶ
3417 4492 3600 4562 πάσης
3634 4489 3758 4560 ὁμοῦ

547 4595 681 4650 tere,
708 4584 774 4638 ad
804 4583 1196 4654 accuratiorem
1246 4583 1462 4636 latentis
1492 4585 1774 4638 sententiae
1803 4584 2107 4654 intelligen-

2206 4580 2304 4649 τῆς
2330 4577 2643 4649 ψαλμῳδίας
2679 4578 2898 4648 μέθοδον
2929 4580 3004 4649 (5)
3034 4597 3154 4634 τινα
3192 4582 3326 4652 πρὸς
3358 4583 3456 4652 τὴν
3494 4584 3602 4636 τῶν
3650 4600 3763 4652 v01;-

547 4677 839 4744 tiam;qua
870 4673 1016 4728 velut
1037 4672 1227 4726 ordine
1280 4671 1514 4742 quodam
1557 4672 1871 4734 elliciemus,
1915 4681 1974 4726 ut
2005 4681 2108 4727 tra-

2211 4671 2396 4741 μάτων
2439 4671 2762 4741 κατανόησιν
2796 4674 3046 4741 τεχνικὴν
3071 4673 3427 4743 προεκθέσθαι
3459 4674 3570 4742 (6)·
3605 4675 3671 4727 δι’
3699 4671 3763 4744 ἧς

547 4766 713 4820 ctatio
746 4780 963 4834 quoque
993 4764 1057 4817 de
1099 4764 1544 4834 inscriptionibus
1572 4764 1772 4818 clarior
1828 4762 2103 4817 reddatur.

2208 4765 2272 4817 ὲκ
2302 4761 2395 4816 τοῦ
2425 4763 2713 4818 ἀκολούθου
2762 4765 2852 4817 καὶ
2883 4766 2910 4817 ὁ
2956 4765 3082 4834 περὶ
3125 4765 3234 4818 τῶν
3277 4766 3594 4836 ἐπιγραφῶν
3639 4768 3765 4837 ἡμῖν

548 4860 686 4912 Ante
707 4858 886 4912 omnia
909 4865 1084 4910 autem
1105 4865 1318 4926 oportet
1341 4857 1652 4926 scriptionis
1679 4856 1842 4925 hujus
1859 4870 2104 4924 scopum,

2266 4857 2668 4926 ιφηνισθήσεται
2731 4856 2902 4925 λόγος.
2969 4857 3089 4928 Χρὴ
3140 4859 3316 4912 τοίνυν
3387 4859 3599 4929 πρῶτον
3671 4860 3766 4929 μὲν
3834 4885 3838 4891 ·

549 4949 616 5003 ad
647 4964 808 5017 quem
841 4947 1110 5017 dirigitur,
1135 4948 1524 5002 considerare:
1552 4947 1746 5003 deinde
1777 4963 1838 5002 ea
1876 4945 2106 5000 artiﬁcia

2209 4919 2304 5001 τὸν
2330 4919 2527 5002 σκοπὸν
2577 4949 2676 5018 τῆς
2713 4919 2928 5018 γραφῆς
2977 4919 3178 5019 ταύτης
3215 4951 3350 5022 πρὸς
3399 4919 3441 5004 ὃ·
3465 4969 3516 5005 τι
3564 4919 3760 5022 βλέπει,

549 5056 664 5110 qua?
693 5040 759 5094 ad
804 5041 1136 5109 propositum
1189 5056 1412 5096 sensum
1471 5041 1768 5093 eruendum
1821 5037 1975 5109 quasi
2018 5054 2114 5108 per

2211 5043 2539 5110 κατανοῆσαι
2558 5056 2571 5070 ο
2609 5036 2725 5092 εἶτα
2751 5039 2848 5102 τὰς
2876 5040 2944 5094 δι’
2975 5041 3266 5096 ἀκολούθου
3288 5043 3424 5113 πρὸς
3451 5043 3510 5096 τδ
3549 5043 3763 5114 προκεί-

549 5147 890 5202 consequens
926 5131 1151 5197 faciunt,
1191 5131 1380 5186 sedulo
1427 5131 1814 5202 pervestigare,
1849 5146 1968 5200 qum
1989 5130 2114 5198 qui-

2214 5149 2370 5201 μενον
2401 5131 2509 5183 τῶν
2547 5132 2830 5202 νοημάτων
2859 5134 3200 5196 κατασκευὰς
3247 5135 3491 5199 συνιδεῖν,
3523 5135 3584 5198 ἃς
3636 5136 3763 5187 ὐποο

546 5224 666 5279 dem
722 5223 958 5279 ostendit
991 5232 1104 5278 tum
1136 5223 1272 5278 ordo
1301 5222 1668 5285 Psalmorum.
1722 5222 1790 5275 ad
1845 5222 2114 5292 cujusque

2209 5221 2518 5290 δείκνυσινῆ
2546 5239 2604 5274 τε
2632 5222 2780 5286 τάξις
2822 5224 2928 5277 τῶν
2963 5225 3192 5294 ψαλμῶν
3220 5225 3354 5296 πρὸς
3381 5227 3478 5296 τὴν
3516 5227 3608 5279 τοῦ
3641 5242 3763 5278 σκο-

547 5315 705 5371 iinem
790 5314 1226 5385 cognoscendum
1291 5314 1699 5367 accommodate
1769 5312 2109 5382 dispositus;

2212 5313 2312 5366 ποῦ
2352 5315 2550 5382 γνῶσιν
2597 5311 2658 5368 εὖ
2705 5315 3018 5388 διακειμένη
3083 5319 3193 5392 (7),
3258 5321 3352 5373 καὶ⁸
3398 5319 3468 5376 τὰ
3507 5320 3765 5392 τμήματα

640 5514 690 5584 Ι)
711 5513 870 5579 Quid.
901 5513 1096 5584 πάσης.
1316 5580 1327 5584 _
1447 5579 1461 5584 Δ
1627 5582 1639 5584 _

1316 5580 1327 5584 _
1447 5579 1461 5584 ,
1627 5582 1639 5584 _
2287 5514 2364 5583 (5)
2403 5515 2644 5584 Ἔφοδον,
2665 5518 2752 5571 ed.

640 5515 661 5569 Ι
711 5514 870 5579 Quid.
901 5514 1096 5582 πάσης.

635 5514 692 5654 εξ
728 5585 802 5638 ita
837 5583 1019 5648 codd.,
1038 5579 1550 5653 διερμηνεύσασθαι,
1574 5582 1660 5636 ed.

635 5655 689 5725 ὅ)
721 5653 955 5725 ⁸9δῆσᾳι,
981 5652 1067 5707 ed.
1395 5721 1434 5725 __

2287 5514 2364 5583 (5)
2403 5515 2644 5584 Ἔφοδον,
2665 5518 2753 5571 ed.

1309 5579 1550 5646 ὗσασθαιν
1574 5582 1660 5636 εδ·
2307 5585 2360 5649 6)
2403 5584 2776 5653 Ὑπεκθέσθαι,
2797 5589 2881 5644 ed.

1395 5721 1434 5725 __
2283 5585 2360 5725 (7)
2387 5657 2800 5725 Διακεκριμένῃ,
2832 5675 2881 5715 ρ(

635 5652 689 5730 ὅ)
717 5653 955 5730 Ῐρξῆσᾳιν
981 5652 1067 5707 θά·
1394 5721 1437 5730 .-

1394 5721 1437 5730 _
2283 5652 2360 5726 (7)
2387 5652 2800 5730 Διακεκριμένῃ,
2832 5661 2919 5715 ed.

641 5723 692 5790 4)
717 5720 1042 5792 Ἐξέτάσεως
1065 5720 1310 5777 nonnulli
1340 5721 1462 5791 μέθ.
