3982 6478
257 414 355 471 433

1629 422 1693 476 ΙΝ
1731 421 2065 478 PSALMOS.

3276 440 3283 449 '
3360 421 3466 477 454

257 532 448 594 παντὸς
490 532 585 585 τοῦ
634 532 833 601 βιϐλίου
880 534 1033 597 ἰδίαις
1077 536 1184 588 τισὶ
1233 537 1595 607 περιγραφαῖς
1624 536 1802 607 ὁριζό-

1912 544 2017 591 tum
2079 538 2241 592 etiam
2292 537 2458 593 totius
2486 538 2608 592 libri
2632 536 2944 592 distributio
2974 536 3210 607 prepriis
3239 536 3464 605 quibus-

256 642 410 697 μενα,
446 627 681 696 πενταχῆ
715 628 889 695 πάσης
920 628 1019 697 τῆς
1066 629 1123 679 ὲν
1171 631 1283 691 τοῖς
1307 628 1555 699 Ψαλμοῖς
1592 646 1805 699 προφηο

252 718 401 781 τείας
427 716 805 789 διαιρεθείσης.
838 712 936 771 Ὧν
980 719 1212 790 μετρίως
1242 721 1802 791 προκατανοηθέντων,

251 807 643 878 γνωριμωτέρα
679 809 810 877 ἡμῖν
856 810 889 878 ἡ
939 809 1002 861 ὲκ
1032 809 1139 863 τῶν
1188 811 1411 880 γραφῶν
1449 810 1525 882 (8)
1573 811 1807 882 ὠφέλεια

252 898 555 967 γενήσεται,
590 895 677 950 διὰ
721 900 819 968 τῆς
866 898 974 952 τῶν
1020 901 1516 971 προεξετασθέντων
1546 906 1805 975 κατανοή-

255 1006 392 1052 σεως
436 989 828 1061 φανερὶυμένη.
888 992 1137 1063 ’Δρκτέον
1185 994 1360 1047 τοίνυν
1416 995 1661 1049 ἐντεῦθεν
1707 999 1805 1067 τῆς

255 1080 505 1151 θεωρίας.

660 1300 1052 1355 ΚΕΦΑΛΑΙΟΝ
1105 1302 1395 1353 ΠΡΩΤυΝ.

320 1437 482 1500 Τέλος
525 1436 618 1491 τοῦ
674 1438 793 1490 κατ’
839 1435 1038 1508 ἀρετὴν
1086 1434 1202 1506 βίου
1254 1434 1585 1506 μακαριότης
1637 1433 1804 1487 ἐστίν.

249 1530 364 1582 Πᾶν
398 1529 506 1599 γὰρ
552 1528 612 1581 τὸ
658 1529 798 1581 κατὰ
838 1528 1068 1597 σπουδὴν
1100 1526 1526 1598 κατορθούμενον
1576 1526 1709 1595 πρός
1755 1543 1811 1578 τι

247 1620 345 1690 τὴν
389 1619 666 1689 ἀναφορὰν
713 1621 926 1682 πάντως
964 1618 1093 1689 ἔχει.
1134 1619 1243 1670 Καὶ
1278 1617 1529 1687 ὥσπερὴ
1582 1618 1679 1687 μὲν
1726 1619 1808 1670 ἰα-

247 1711 408 1781 τρικὴ
446 1712 582 1781 πρὸς
610 1712 706 1780 τὴν
740 1712 926 1780 ὑγείαν
956 1714 1081 1783 ὁρᾷ,
1109 1712 1207 1782 τῆς
1237 1711 1293 1765 δὲ
1331 1710 1602 1780 γεωργίας
1630 1712 1659 1763 ὁ
1680 1728 1804 1763 σκο-

247 1803 344 1866 πὸς
376 1802 511 1873 πρὸς
556 1802 617 1856 τὸ
664 1802 760 1873 ζῇν
793 1804 907 1855 ἐστι
953 1804 1268 1873 παρασκευή
1290 1820 1303 1833 '
1338 1801 1477 1855 οὓτω
1524 1802 1616 1855 καὶ
1646 1805 1677 1872 ἡ
1709 1802 1806 1870 τῆς

1910 627 2034 682 dam
2067 626 2313 681 terminis
2369 629 2810 698 circumscripta;
2888 642 3013 681 nam
3097 628 3336 696 quinque
3412 629 3468 681 in

1909 723 2091 786 partes
2122 723 2237 770 tota
2289 716 2621 771 Psalmorum
2664 718 2946 786 prophetia
3004 716 3283 771 dividitur.
3338 717 3470 782 Qui-

1909 808 2014 863 bus
2042 815 2318 877 utcunque
2348 810 2717 878 praacognitis,
2745 810 2930 864 notior
2963 810 3120 863 nobis
3148 811 3337 864 evadet
3372 811 3471 863 uti-

1910 897 2057 959 litas,
2085 913 2205 967 qua:
2228 913 2294 952 ex
2345 898 2795 966 inscriptionibus
2851 901 3168 968 percipitur,
3203 898 3469 968 patefacta

1909 990 2161 1044 videlicet
2189 1003 2285 1058 per
2312 1004 2375 1044 ea
2398 1004 2518 1059 qua:
2549 991 2701 1059 prius
2719 1006 2748 1043 a
2772 990 2931 1045 nobis
2956 990 3472 1045 fuerintlucnlenter

1906 1080 2171 1149 exposita.
2188 1079 2325 1133 Hinc
2344 1080 2509 1150 igitur
2533 1080 2985 1135 considerationis
3008 1081 3169 1149 hujus
3191 1083 3470 1136 exordium

1908 1170 2230 1225 sumendum
2251 1180 2354 1225 est.

2424 1300 2652 1358 CAPUT
2683 1300 2969 1355 PRIMUM.

1978 1435 2127 1490 Finis
2158 1436 2282 1491 vitae
2315 1452 2380 1491 ex
2431 1437 2650 1491 virtutis
2703 1436 3021 1506 praesu'ipto
3080 1436 3342 1490 instituta:
3392 1443 3474 1489 est

1908 1528 2211 1582 beatitudo.
2240 1527 2514 1597 Quidquid
2543 1530 2687 1581 enim
2716 1526 2857 1582 serio
2884 1538 2935 1581 et
2963 1526 3255 1581 deliberate
3275 1527 3471 1595 agitur,

1910 1619 1976 1671 ad
2017 1620 2222 1689 aliquid
2248 1620 2563 1679 relationem
2598 1620 2793 1675 habeat
2827 1634 3051 1675 necesse
3080 1626 3183 1673 est.
3207 1618 3270 1671 Et
3292 1633 3478 1687 quem-

1912 1711 2203 1764 admodum
2273 1711 2539 1765 medicina
2610 1710 2894 1764 sanitatem
2965 1717 3189 1781 spectat,
3245 1709 3473 1778 ﬁnisque

1913 1802 2253 1873 agricultura;
2296 1810 2380 1857 est
2437 1818 2617 1856 rerum
2675 1802 2739 1854 ad
2776 1802 2975 1855 victum
3040 1802 3472 1855 necessariarum

246 1896 445 1965 ἀρετῆς
494 1896 684 1964 κτῆσις
718 1895 851 1965 πρὸς
879 1895 938 1948 τὸ
982 1895 1245 1965 μακάριον
1275 1894 1523 1963 γενέσθαι
1552 1895 1641 1947 τὸν
1686 1894 1805 1947 κατ’

1912 1894 2225 1962 praeparatio
2257 1912 2267 1946 :
2305 1893 2384 1947 sic
2406 1903 2460 1948 et
2490 1893 2706 1946 virtutis
2734 1894 3006 1961 possessio
3036 1892 3165 1945 inid
3194 1908 3359 1949 unum
3392 1892 3477 1944 in-

245 1986 413 2054 αύτὴν
464 1987 637 2050 ζῶντα
672 1987 872 2055 βλέπει,
913 1985 1068 2040 τοῦτο
1100 1988 1205 2059 γὰρ
1234 1988 1430 2050 παντὸς
1457 1986 1549 2040 τοῦ
1580 1986 1717 2040 κατὰ
1746 1988 1808 2040 τὸ

246 2076 447 2142 ἀγαθὸν
498 2078 782 2146 νοουμένου
840 2079 1129 2147 κεφάλαιον
1181 2080 1275 2131 καὶ
1324 2079 1496 2148 πέρας
1544 2079 1677 2132 ὲστί.
1736 2081 1807 2131 Τὸ

248 2170 347 2236 μὲν
376 2164 467 2221 οῦν
510 2168 721 2239 ἀληθῶς
751 2186 808 2222 τε
837 2171 929 2222 καὶ
970 2171 1170 2241 κυρίως
1201 2172 1256 2222 ὲν
1289 2171 1364 2240 τῷ
1413 2170 1599 2240 ὑψηλῷ
1636 2170 1806 2239 τούτῳ

246 2262 474 2329 νοήματι
508 2259 874 2331 θεωρούμενόν
903 2279 961 2314 τε
986 2263 1078 2316 καὶ
1106 2261 1410 2331 νοούμενον,
1438 2264 1470 2332 ἡ
1503 2262 1617 2314 θεία
1649 2262 1807 2328 φύσις

243 2350 452 2419 λέγοιτο
484 2352 550 2406 ἂν
588 2354 827 2417 εἰκότως.
859 2354 1015 2407 Οῦτω
1063 2353 1169 2425 γὰρ
1197 2357 1224 2407 ὁ
1260 2355 1433 2425 μέγας
1474 2356 1679 2419 Παῦλος
1716 2356 1809 2410 τὸν

245 2444 377 2495 Θεὸν
435 2444 705 2513 ὀνομάζει,
756 2445 971 2499 πάντων
1011 2444 1118 2498 τῶν
1167 2445 1485 2515 θεολογικῶν
1530 2449 1808 2518 ὀνομάτων

248 2535 471 2606 προθείς
516 2537 577 2588 τὸ
626 2536 699 2608 (9)
754 2538 1043 2607 μακάριον,
1090 2536 1145 2590 ἐν
1193 2555 1298 2590 τινι
1357 2539 1465 2591 τῶν
1512 2539 1808 2593 ἐπιστολῶν

244 2630 443 2681 οὑτωσὶ
494 2629 707 2700 γράψας
754 2634 862 2693 τοῖς
920 2632 1192 2700 ῥήμασιν·
1259 2632 1321 2685 '0
1368 2632 1660 2701 μακάριος
1710 2634 1807 2687 καὶ

243 2723 435 2790 μόνος
459 2720 783 2789 δυνάστης,
816 2724 849 2775 ό
880 2722 1177 2787 Βασιλεὺς
1207 2722 1323 2776 τῶν
1349 2726 1810 2788 ,βασιλευόντων

246 2813 346 2865 καὶ
381 2814 595 2882 Κύριος
618 2812 736 2866 τῶν
765 2816 1179 2882 κυριευόντων,
1205 2818 1236 2867 ό
1260 2816 1447 2883 μόνος
1485 2816 1641 2886 ἔχων
1664 2818 1809 2871 ἀθα-

244 2907 488 2969 νασίαν,
541 2905 667 2975 φῶς
721 2907 900 2961 οἰκῶν
962 2911 1308 2979 ἀπρόσιτον,
1368 2909 1439 2962 ὃν
1493 2906 1653 2962 εἶδεν
1699 2909 1808 2979 (l0)

1912 1986 2103 2048 tendit,
2141 1992 2199 2038 ut
2230 1985 2448 2038 beatum
2482 1983 2676 2038 efﬁciat
2712 1999 2833 2036 eum
2849 1984 2943 2052 qui
2976 1980 3275 2036 secundum
3305 1981 3477 2034 virtu-

1910 2086 2012 2131 tem
2046 2076 2207 2130 vitam
2258 2076 2402 2147 degit
2441 2094 2455 2131 :
2501 2076 2600 2129 hoc.
2646 2075 2789 2130 enim
2827 2075 3007 2128 omnis
3056 2074 3206 2138 boni,
3237 2080 3289 2126 et
3316 2070 3479 2142 quid-

1908 2166 2036 2235 quid
2084 2167 2137 2221 in
2167 2167 2308 2220 bono
2349 2167 2670 2236 concipitur,
2734 2174 2896 2235 caput
2949 2175 3030 2219 est
3084 2172 3137 2219 et
3185 2165 3470 2217 terminus.

1908 2257 2062 2323 Quod
2116 2267 2295 2311 autem
2324 2273 2448 2312 vere
2487 2266 2539 2311 et
2588 2257 2808 2329 proprie
2844 2258 2895 2309 in
2952 2256 3055 2309 hac
3110 2264 3220 2308 tam
3254 2254 3474 2309 sublimi

1909 2345 2261 2401 beatitudinis
2288 2347 2509 2399 notione
2558 2354 2611 2399 et
2670 2346 2881 2399 ratione
2923 2345 3248 2413 concipitur,
3274 2344 3325 2397 id
3353 2343 3479 2411 jure

1908 2439 2113 2508 optimo
2145 2438 2342 2492 dixerit
2390 2438 2515 2508 quis
2569 2438 2740 2507 ipsam
2782 2438 3019 2491 divinam
3051 2443 3303 2489 naturam
3335 2448 3477 2487 esse.

1910 2529 2001 2583 Sic
2038 2530 2179 2583 enim
2214 2544 2441 2599 magnus
2476 2528 2567 2583 ille
2611 2526 2813 2583 Paulus
2853 2527 3022 2581 Deum
3055 2525 3320 2587 nominat,
3352 2538 3483 2577 cum:

1907 2635 1974 2674 ex
2003 2620 2255 2674 omnibus
2304 2619 2507 2675 divinis
2573 2618 3052 2688 appellationibus,
3101 2616 3253 2671 Beati
3286 2628 3483 2668 nomen

1907 2712 1962 2767 in
1996 2712 2226 2782 quadam
2257 2728 2322 2766 ex
2351 2710 2468 2766 suis
2514 2711 2777 2779 Epistolis
2818 2709 2994 2780 primo
3030 2710 3153 2763 loco
3182 2706 3352 2777 ponit,
3397 2704 3484 2757 his
3566 2726 3573 2737 ι

1907 2802 2087 2857 verbis
2116 2820 2128 2855 :
2162 2800 2356 2854 Beatus
2385 2809 2433 2853 et
2462 2800 2606 2854 solus
2642 2809 2841 2869 potens,
2882 2799 2993 2853 Rea:
3037 2815 3240 2869 regum,
3274 2805 3322 2851 et
3363 2794 3473 2847 Do-

1910 2894 2083 2945 minus
2111 2891 2519 2955 dominantium,
2541 2892 2630 2959 qui
2657 2891 2803 2945 solus
2832 2890 2987 2943 habet
3008 2889 3503 2950 immortalitatem,

245 2995 448 3061 οὐδεὶς
466 2997 805 3064 ἀνθρώπων,
833 2998 973 3052 οὐδὲ
996 3000 1142 3053 ιδεῐν
1161 3000 1426 3061 δύναται,
1462 2993 1510 3065 ᾧ
1539 2999 1694 3070 τιμὴ,
1714 3001 1807 3055 καί

1912 2983 2075 3037 lucem
2099 2982 2343 3035 habitans
2367 2982 2798 3043 inaccessibilem,
2831 2997 2980 3053 quem
3027 2997 3177 3035 nemo
3218 2983 3485 3035 hominum

245 3087 463 3157 κράτος
487 3089 742 3144 αἰώνιον.
768 3092 949 3146 Ταῦτα
978 3092 1087 3166 γὰρ
1112 3094 1287 3146 πάντα
1306 3093 1374 3145 τὰ
1394 3092 1573 3161 ὑψηλὰ
1608 3094 1734 3164 περὶ
1752 3093 1807 3147 τὸ

1912 3075 2059 3138 uidit,
2089 3090 2180 3127 nec
2210 3074 2379 3128 videre
2402 3083 2594 3143 potest,
2631 3075 2717 3126 cui
2750 3075 2981 3155 honoret
3002 3073 3275 3141 imperium
3302 3076 3487 3141 sempi-

241 3180 396 3234 Θεῖον
416 3180 680 3251 νοήματα,
704 3183 843 3236 κατά
874 3200 937 3252 γε
977 3164 1069 3237 τὸν
1094 3183 1223 3254 ἐμὸν
1259 3183 1435 3251 λόγον,
1476 3185 1697 3254 ὁρισμὸς
1743 3186 1807 3238 ἂν

1918 3165 2199 3219 ternum”.
2238 3164 2363 3219 llaec
2393 3165 2539 3219 enim
2575 3164 2758 3218 omnia
2808 3172 2918 3216 tam
2959 3164 3215 3218 sublimia
3265 3164 3333 3218 de
3364 3164 3487 3219 Deo

245 3272 332 3340 εἴη
362 3229 774 3343 μακαριότητος.
805 3276 867 3328 Εἰ
886 3229 897 3252 ⁸
919 3276 1025 3348 γάρ
1061 3229 1573 3348 τιέὲρωτίιθείη,ῗτί
1602 3229 1720 3330 ιἔστι
1753 3278 1807 3331 τὸ

1915 3256 2151 3325 cogitata
2204 3265 2257 3311 et
2297 3255 2668 3326 pronuntiata,
2704 3267 2824 3308 meo
2864 3252 3081 3323 quidem
3128 3252 3356 3322 judicio,
3392 3254 3485 3308 de-

249 3342 541 3434 μακάριον,
570 3342 670 3419 οὐκ
701 3366 766 3419 ἂν
795 3369 896 3437 τῆς
924 3342 1179 3433 εὐσεϐοῦς
1205 3342 1550 3441 ,ἀποκρίσεως
1584 3370 1807 3441 ἁμάρτοι

1922 3349 2223 3402 ﬁnitionem
2306 3345 2664 3402 beatitudinis
2729 3344 3034 3399 continent.
3088 3342 3219 3397 Nam
3271 3347 3314 3399 si
3367 3345 3493 3414 quis

247 3454 691 3526 ἐπακολουθήσας
718 3460 785 3528 τῇ
815 3434 1025 3512 Παύλου
1059 3464 1229 3531 φωνῇ,
1256 3434 1564 3523 καὶ-εἰπὼν,
1603 3434 1685 3513 δτι
1705 3434 1807 3530 ’μα-

1917 3448 2125 3508 (ιυαιι-ει
2150 3437 2278 3507 quid
2314 3436 2386 3491 sit
2413 3436 2716 3501 beatitudo,
2768 3434 2915 3488 haud
2937 3449 3068 3489 sane
3090 3449 3119 3487 a
3153 3442 3369 3488 rectaet
3402 3436 3489 3504 pia

247 3545 441 3615 κάριόν
472 3548 638 3613 ἐστιν,
680 3546 708 3599 ὃ
746 3525 946 3618 κυρίως
983 3525 1318 3618 λέγνεταίνκαὶ
1351 3549 1599 3621 πρώτως,
1649 3552 1681 3621 ἡ
1715 3525 1807 3604 τοῦ

1916 3530 2288 3598 responsione
2322 3528 2681 3592 aberravcrit,
2724 3528 2770 3583 si
2818 3542 3006 3581 vocem
3051 3525 3207 3579 Pauli
3246 3535 3486 3590 secutus,

247 3637 450 3701 παντὸς
464 3639 721 3693 ἐπέκεινα
744 3616 928 3709 φύσις·
950 3640 1010 3694 τὸ
1024 3616 1081 3694 δὲ
1114 3643 1171 3695 ὲν
1202 3616 1503 3711 ἀνθρώποις
1525 3616 1807 3711 μακάριον,

1914 3620 2079 3687 dicat,
2140 3617 2388 3682 Beatum,
2436 3617 2584 3688 quod
2632 3616 2851 3687 proprie
2877 3626 2933 3672 et
2966 3616 3229 3686 primario
3264 3618 3371 3671 tale
3406 3616 3504 3671 di‘

243 3732 314 3800 τῇ
357 3729 566 3799 μεθέξει
590 3730 683 3784 τοῦ
727 3708 893 3795 ὅντως
912 3732 1080 3799 ὄντος,
1109 3734 1287 3785 ἐκεῖνο
1308 3708 1493 3795 ’ποσῶς
1520 3708 1727 3801 γίνεταί
1756 3750 1807 3785 τε

1914 3711 2080 3775 citur,
2118 3725 2239 3765 esse
2284 3717 2532 3763 naturam
2580 3708 2762 3771 illam,
2808 3721 2928 3777 quae
2963 3715 3048 3761 est
3093 3722 3257 3777 super
3286 3710 3469 3763 omnia

248 3823 346 3876 καὶ
370 3823 712 3892 ὀνομάζεται,
738 3825 872 3895 ὅπερ
896 3827 927 3895 ἡ
954 3824 1045 3877 τοῦ
1079 3826 1437 3896 μετεχομένου
1463 3800 1621 3895 φύσις
1648 3827 1807 3880 ἐστίν.

1914 3801 2137 3858 Beatum
2170 3817 2300 3858 vero
2357 3802 2503 3872 quod
2556 3801 2696 3854 inter
2745 3800 2996 3854 homines
3056 3801 3345 3869 reperitur,
3388 3801 3495 3856 tale

247 3916 460 3969 Οὐκοῦν
496 3917 619 3986 ὅρος
670 3917 787 3968 ἐστὶ
957 3892 1299 3988 ἀνθρωπίνης
1352 3892 1748 3988 μακαριότητος
1780 3921 1807 3987 ἡ

1916 3912 2041 3949 esse
2064 3895 2450 3949 communione
2481 3893 2602 3963 ejus
2636 3892 2782 3963 quod
2811 3907 2937 3945 vere
2984 3903 3106 3958 est;
3132 3892 3279 3962 quod
3306 3893 3493 3946 multi-

246 4006 390 4076 πρὸς
434 4006 495 4058 τὸ
527 3983 809 4077 ζιηθεῖον
841 3983 1115 4076 ὁμοίωσις.
1166 3983 1315 4061 Ἐπεὶ
1355 3983 1451 4062 ὢν
1493 3983 1556 4061 ιὲδ
1602 3983 1807 4079 ἀληθῶς

1920 3989 2180 4056 plicatur,
2208 3998 2259 4040 et
2277 3986 2421 4039 varia
2446 3986 2667 4039 nomina
2693 3983 2919 4038 sortitur
2942 3999 3039 4052 pro
3068 3992 3263 4038 natura
3289 3993 3342 4038 et
3362 4000 3495 4039 con-

246 4074 475 4165 ἀγαθὸν,
511 4074 629 4169 ἤτοι
678 4099 737 4150 τὸ
783 4074 1033 4152 ἐπέκεινα
1065 4099 1157 4153 τοῦ
1195 4099 1420 4167 ἀγαθοῦ,
1462 4099 1616 4153 τοῦτο
1659 4074 1807 4171 μόνοι

1922 4078 2136 4131 ditione
2165 4092 2353 4131 eorum
2384 4091 2507 4145 qua:
2536 4091 2630 4144 per
2651 4074 3122 4144 participationem
3157 4075 3226 4127 ab
3254 4075 3363 4130 alio
3395 4075 3493 4129 de-

244 4190 372 4242 ὲστὶ
422 4165 664 4259 ualli?)
716 4192 982 4261 μακάριον
1029 4192 1119 4243 καὶ
1164 4165 1382 4261 ὀρεκτὸν
1427 4194 1491 4262 τῇ
1546 4165 1723 4261 φύσει,
1757 4185 1807 4244 οἶ

1922 4170 2191 4223 rivantur.
2229 4169 2368 4237 Ergo
2412 4166 2655 4220 definitio
2714 4165 2966 4221 humana:
3008 4167 3363 4222 beatitudinis
3411 4176 3495 4222 est

245 4283 363 4335 πᾶν
392 4281 453 4333 τὸ
483 4282 704 4351 μετέχον
737 4282 1004 4352 μακάριον
1046 4282 1273 4350 γίνεται,
1302 4282 1480 4345 καλῶς
1509 4284 1541 4351 ἡ
1576 4282 1692 4335 θεία
1722 4283 1807 4353 τῆς

1918 4259 2223 4316 similitudo
2252 4275 2375 4312 cum
2399 4259 2604 4313 divina.
2638 4256 2822 4327 Itaque
2843 4272 2965 4311 cum
2993 4273 3118 4313 vere
3134 4258 3362 4321 bonum,
3396 4274 3493 4315 seu

242 4349 570 4442 ψαλμῳδίας
811 4349 902 4427 διά
920 4349 1066 4436 τινος
1098 4374 1349 4444 τεχνικῆς
1374 4390 1431 4426 τε
1464 4349 1555 4427 καὶ
1586 4349 1807 4443 φυσικῆς

1920 4353 1974 4406 id
2021 4352 2166 4423 quod
2215 4364 2378 4420 supra
2424 4365 2584 4403 omne
2636 4349 2835 4403 bonum
2877 4358 2980 4414 est,
3033 4349 3207 4404 solum
3257 4350 3328 4403 sit
3380 4350 3499 4403 bea-

245 4464 591 4528 ἀκολουθίας,
772 4441 927 4535 πρὸς
978 4465 1135 4518 τοῦτο
1161 4441 1319 4536 ’ἡμῖν
1355 4465 1467 4536 (15)
1513 4465 1631 4519 ὁδὸν

1922 4452 2069 4507 tum,
2132 4453 2434 4511 naturaque
2503 4441 2903 4511 appetendum,
2967 4457 3075 4510 quo
3131 4457 3292 4495 omne
3360 4442 3494 4495 illud

244 4555 543 4618 δείκνυσιν,
577 4557 633 4607 ἐν
664 4531 805 4625 ἁπλῇ
836 4531 977 4609 κατὰ
1014 4555 1073 4608 τὸ
1104 4531 1457 4625 φαινόμενον,
1494 4557 1585 4609 καὶ
1616 4558 1817 4609 ἀκατα-
1850 4583 1893 4637 D
1920 4535 2062 4637 quo?
2114 4534 2276 4637 eius"
2300 4534 2585 4637 Particfl’s'
2618 4540 2722 4596 es"
2778 4532 2994 4635 δίκηυῲ
3040 4531 3493 4637 είηυίίυτιωτξθοίθ

248 4646 437 4715 σκεύῳ
477 4649 542 4716 τῇ
593 4646 926 4717 διδασκαλίᾳ,
980 4646 1237 4711 ποικίλως
1283 4664 1341 4700 τε
1388 4648 1482 4701 καὶ
1530 4646 1807 4708 πολυειδῶς

1920 4626 2161 4697 profecto
2226 4626 2407 4679 divina
2467 4622 2803 4678 Psalmorum
2865 4626 3133 4693 scriptura
3202 4624 3495 4681 artiﬁcioso

242 4738 353 4808 τὴν
405 4736 623 4807 μέθοδον
668 4738 767 4807 τῆς
796 4716 905 4809 (14)
938 4737 1032 4791 τοῦ
1068 4738 1417 4809 μακαρισμοῦ
1465 4740 1692 4802 κτίσεως
1732 4754 1807 4790 τε·

1919 4718 2079 4771 simul
2121 4728 2174 4771 ct
2232 4716 2465 4770 naturali
2512 4717 2722 4781 ordine,
2785 4718 2925 4770 viam
2954 4734 3075 4790 qua:
3113 4717 3177 4771 ad
3229 4718 3332 4773 hoc
3390 4719 3495 4774 du-

245 4828 603 4899 χνολογοῦσα.
662 4829 877 4895 Ἔξεστι
929 4829 1029 4899 μὲν
1076 4826 1169 4883 οῦν
1225 4832 1318 4884 κα)⁸
1368 4831 1462 4884 ἀπ’
1511 4831 1679 4901 αὐτῆς
1725 4830 1807 4899 τῆς

1919 4810 2016 4874 cit,
2062 4811 2219 4864 nobis
2258 4809 2615 4870 demonstrat,
2671 4809 2924 4886 simplici,
2953 4819 3011 4862 ut
3032 4812 3499 4881 apparet,omnis-

245 4919 479 4991 πρώτης
530 4920 821 4991 ὑμνῳδίας,
852 4920 1058 4975 ἔννοιάν
1090 4940 1208 4976 τινα
1239 4921 1483 4994 περὶτοῦ
1530 4921 1807 4993 προκειμέ-

1920 4918 2026 4973 que
2064 4907 2357 4971 apparatus
2383 4906 2602 4967 experte
2631 4897 2876 4953 doctrina
2902 4918 2917 4967 ;
2964 4903 3067 4957 etsi
3097 4902 3248 4959 varie
3278 4903 3497 4957 multis-

248 5030 348 5066 νου
380 5010 584 5076 λαϐεῖν,
614 5013 761 5071 ὅπως
806 5013 973 5084 τριχῆ
1010 5012 1189 5084 τεμὼν
1221 5014 1316 5085 τὴν
1348 5013 1544 5086 ἀρετὴν
1570 5018 1597 5067 ὁ
1644 5013 1807 5080 λόγος

1925 5016 2028 5071 que
2080 4996 2257 5053 modis
2283 4997 2527 5067 apposite
2552 4994 2765 5059 doceat,
2816 5010 2924 5065 quo
2966 5004 3126 5067 pacto
3153 4997 3436 5053 beatitudo
3464 5012 3495 5050 a

248 5104 474 5172 ἑκάστῳ
526 5104 774 5175 τμήματι
825 5103 967 5156 κατά
1010 5120 1129 5156 τινα
1178 5104 1485 5174 πρόσφορον
1533 5102 1807 5170 ἁναλογῖαι

1928 5102 2181 5146 creatura
2204 5090 2281 5163 psit
2316 5086 2701 5160 comparanda.
2761 5086 2931 5156 Cujus
2970 5089 3048 5141 rei
3088 5098 3491 5159 argumentum,

246 5197 670 5267 προσμαρτυρεῖ
698 5194 759 5248 τὸ
793 5195 1084 5266 μακάρων.
1128 5194 1240 5249 Νῦν
1271 5195 1367 5264 μὲν
1395 5195 1491 5265 τὴν
1532 5192 1807 5265 ἀλλοτρίω-

1927 5201 1994 5240 ex
2024 5186 2163 5255 ipso,
2197 5184 2290 5252 qui
2348 5182 2556 5251 primus
2604 5178 2842 5235 occurrit
2884 5180 3114 5249 psalmo,
3150 5180 3216 5236 ad
3247 5180 3495 5250 praposi-

245 5308 340 5344 σιν
376 5288 471 5343 τοῦ
501 5288 673 5343 κακοῦ
706 5288 1044 5363 μακαρίζων,
1080 5289 1154 5355 ὡς
1181 5288 1353 5363 ἀρχὴν
1382 5290 1678 5360 γενομένην
1704 5288 1807 5359 (15]

1931 5287 2043 5331 tum
2098 5282 2341 5329 nostrum
2394 5269 2825 5325 conﬁrmandum
2886 5270 3173 5329 desumere
3219 5270 3365 5336 licet,
3400 5269 3495 5326 ubi
3544 5333 3549 5337 η

310 5448 363 5480 ⁵³
393 5446 413 5501 l
438 5446 579 5501 Tim.
607 5446 804 5513 ",15,
844 5447 932 5503 l6.

2002 5594 2111 5662 (12)
2144 5592 2304 5646 Forte
2336 5607 2446 5662 om.
2468 5592 2577 5649 καί.

1998 5664 2115 5733 (l3)
2131 5664 2325 5726 Μόνον,
2358 5661 2447 5715 ed.

1996 5735 2108 5798 (14)
2135 5732 2244 5800 Τῆς
2272 5746 2381 5785 om.
2420 5732 2507 5785 ed.

1996 5804 2106 5871 (15)
2136 5802 2455 5871 Γινομένην,
2476 5800 2564 5856 ed.

322 5605 405 5676 (8)
435 5605 552 5676 ξιον.
584 5604 919 5674 ἐπιγραφῶν.

324 5674 409 5742 (9)
433 5674 534 5728 Ed.
566 5676 681 5729 τόν.

324 5745 443 5815 (ιο)
476 5745 634 5815 Ἴδεν,
665 5743 752 5799 ed.

310 5814 444 5885 (It)
475 5814 550 5868 Τό
573 5814 788 5871 om.ed.
