3982 6446
563 380 671 438 453

1740 393 1746 399 ’
1821 381 1876 436 S.
1913 381 2237 439 GBEGORII
2273 383 2572 440 NYSSENI

3677 383 3771 443 ιω

563 504 677 548 tres
734 488 787 547 in
828 501 1010 560 partes
1043 490 1240 546 virtute
1267 489 1462 558 divisa,
1515 492 1678 561 cujus
1727 491 1980 548 divisioni
2032 509 2110 549 ac-

2224 497 2322 568 τῆς
2352 499 2445 552 ἐπὶ
2471 499 2533 552 τὸ
2569 499 2809 568 κρεῖττον
2833 496 3004 568 ῥοπῆς
3022 513 3035 526 ο
3079 494 3215 566 μετὰ
3236 495 3292 550 δὲ
3320 493 3496 560 τοῦτο,
3536 495 3636 562 τὴν
3672 494 3771 548 τῶν

561 582 901 640 commodata
951 579 1184 649 quadam
1237 583 1450 638 ratione
1484 583 1872 638 beatitudinem
1907 584 2120 640 adscri-

562 675 642 729 bit
692 692 708 728 :
761 688 906 728 nunc
961 672 1180 746 quidem
1235 675 1588 729 remotionem
1652 683 1707 730 et
1769 676 2120 732 abalienatio-

562 780 687 820 nem
728 765 798 820 ab
841 764 1189 833 improbitate
1221 764 1574 821 beatitudinis
1610 765 1831 820 nomine
1855 766 2116 834 alliciens,

559 864 747 924 utpote
811 871 931 925 quae
992 857 1321 928 principium
1382 859 1455 913 sit
1510 858 1691 913 omnis
1761 858 1828 913 ad
1897 860 2120 917 meliora

557 961 876 1016 progressus
938 965 952 1002 :
1003 955 1190 1018 postea
1248 963 1431 1002 rerum
1485 949 1790 1004 caelestium
1863 957 1917 1003 et
1985 949 2122 1004 divi-

555 1053 748 1094 narum
780 1039 1184 1096 meditationem
1215 1041 1427 1096 beatam
1461 1041 1741 1112 praedicat.
1774 1049 1832 1094 ut
1859 1056 1975 1096 eam
2003 1057 2122 1112 quae

2225 588 2444 660 ὑψηλῶν
2469 605 2526 642 τε
2557 590 2649 643 καὶ
2690 588 2972 660 θειοτέρων
3002 588 3248 660 μελέτην,
3278 587 3353 651 ὡς
3383 585 3496 651 ἕξιν
3519 585 3772 656 ἐμποιοῶ

2226 695 2324 732 σαν
2361 679 2462 750 ήδη
2511 679 2605 734 τοῦ
2651 679 2973 750 κρείττονος.
3000 675 3132 733 Εἶτα
3156 679 3255 750 τὴν
3297 678 3385 731 διὰ
3422 677 3628 731 τούτοιν
3669 678 3773 741 τοῖς

2225 770 2610 841 τελειουμένοις
2645 771 3078 844 κατορθουμένην
3121 772 3258 842 πρὸς
3300 771 3361 823 τὸ
3389 766 3543 824 Θεῖον
3584 769 3776 838 ὁμοίως

2228 879 2339 915 σιν*
2374 857 2442 934 ἧς
2475 864 2632 934 χάριν
2658 863 2869 930 λέγεται
2895 865 2989 923 καὶ
3034 865 3101 918 τὰ
3143 862 3479 934 προλαϐόντα
3511 863 3771 934 μακάρια.

2225 953 2443 1025 Ταύτην
2484 955 2541 1016 δὲ
2579 954 2816 1015 ἀειθαλεϊ
2856 956 2995 1028 ξυλῷ
3033 955 3348 1019 αἰνίσσεται,
3381 949 3426 1024 ᾧ
3471 957 3508 1028 ἡ
3557 955 3670 1026 (16)
3699 972 3777 1008 τεο

2228 1043 2516 1098 λειωθείσα
2547 1045 2614 1098 δι’
2645 1047 2846 1118 ἀρετῆς
2872 1048 3152 1119 ὁμοιοῦται
3180 1048 3314 1119 ζωή.

555 1145 738 1184 rerum
763 1132 1078 1186 sublimium
1117 1133 1365 1189 habitum
1401 1135 1513 1204 jam
1551 1136 1710 1192 nobis
1743 1136 2038 1206 ingeneret.
2067 1137 2150 1192 Ad
2183 1147 2485 1195 extremum
2532 1155 2651 1195 eam
2684 1157 2805 1212 quae
2851 1143 2906 1198 in
2937 1143 3192 1214 perfectis
3245 1145 3458 1211 exsistit
3500 1161 3625 1200 cum
3671 1145 3776 1200 Deo

551 1222 993 1293 similitudinem,
1051 1229 1106 1291 in
1163 1230 1498 1290 beatitudine
1560 1241 1833 1294 numerat,
1899 1241 2118 1302 prapter
2160 1247 2322 1302 quam
2385 1233 2568 1303 priora
2623 1251 2839 1306 quoque
2866 1239 3209 1308 appellantur
3257 1240 3438 1304 beata,
3505 1255 3776 1312 quamque

551 1329 769 1392 semper
816 1317 1025 1375 virente
1075 1321 1224 1391 ligno
1263 1321 1525 1387 insinuat,
1587 1322 1675 1377 cui
1727 1323 1838 1376 vita
1875 1338 1972 1395 per
1999 1323 2217 1378 virtutis
2249 1324 2689 1380 exercitationem
2728 1337 3136 1392 consummata,
3170 1330 3366 1386 similis
3389 1329 3638 1390 efﬁcitur.

1155 1458 1386 1519 CAPUT
1441 1459 1506 1519 ll.

623 1623 889 1686 Caeterum
938 1633 995 1678 ut
1041 1624 1250 1680 ﬁrmius
1275 1625 1536 1680 doctrina:
1588 1629 1849 1691 virtutum
1897 1630 2116 1686 insista-

513 1769 516 1778 ,
553 1730 696 1776 mus,
731 1731 894 1785 quam
929 1716 982 1770 in
1011 1724 1123 1770 toto
1161 1714 1501 1772 Psalmorum
1530 1719 1764 1775 decursu
1793 1723 1951 1780 nobis
1979 1739 2116 1794 pra!-

553 1816 821 1863 moustrat
877 1811 1075 1871 oratio,
1128 1824 1236 1862 non
1265 1809 1363 1866 abs
1393 1825 1452 1865 re
1499 1809 1683 1876 fuerit,
1709 1814 1756 1868 si
1791 1815 1943 1890 prius
1971 1816 2115 1889 apud

551 1914 652 1952 nos
679 1899 1098 1962 constituamus,
1150 1908 1205 1955 et
1234 1902 1380 1955 velut
1407 1902 1702 1959 artiﬁciosa
1743 1905 1977 1976 quadam
2024 1923 2115 1961 ra-

548 1989 698 2049 tione
729 2000 783 2045 et
818 1991 924 2053 via,
961 1992 1095 2045 nihil
1122 1993 1190 2045 ah
1220 1993 1470 2051 instituto
1495 2010 1657 2065 opere
1684 1999 1998 2054 recedentes
2029 2000 2116 2054 de-

2675 1464 3066 1522 ΚΕΦΑΛΑῙΟΝ
3108 1467 3181 1522 B'.

2298 1631 2387 1695 Ὠς
2411 1631 2456 1683 δ’
2486 1632 2552 1685 ἂν
2593 1632 2979 1704 ἀκριϐέστερον
3011 1633 3372 1704 ἐπισταίημεν
3397 1636 3464 1703 τῇ
3501 1633 3632 1704 περὶ
3673 1631 3777 1687 τῶν

2215 1721 2422 1792 ἀρετῶν
2490 1722 2825 1793 διδασκαλίᾳ,
2875 1724 2942 1794 ἢν
2985 1723 3272 1793 ὑφηγεῖται
3317 1722 3405 1777 διά
3451 1723 3634 1793 πάσης
3683 1723 3778 1793 τῆς

2215 1813 2492 1884 ψαλμικῆς
2520 1814 2738 1885 ὁδηγίας
2775 1816 2803 1868 ό
2835 1814 3007 1884 λόγος,
3048 1815 3226 1878 καλῶς
3256 1815 3322 1870 ἂν
3347 1815 3481 1886 ἔχοι,
3517 1816 3776 1887 πρότερον

2217 1906 2362 1975 ἡμᾶς
2389 1905 2475 1974 ἐφ’
2499 1903 2654 1974 ἡμῶν
2697 1903 2876 1957 αὑτῶν
2907 1904 3193 1968 διελέσθαι,
3220 1901 3331 1958 οἷόν
3374 1923 3496 1960 τινα
3535 1905 3776 1976 τεχνικὸν

2216 1997 2370 2065 λόγον
2413 1999 2470 2049 ἐν
2493 1995 2642 2060 τάξει
2673 1995 2740 2049 δι’
2765 1996 3052 2050 ἀκολούθου
3083 1998 3442 2068 προάγοντας,
3473 1998 3592 2061 πῶς
3636 1997 3776 2051 ἐστιν

503 2063 511 2164 ξ
550 2081 822 2146 finiamus,
851 2083 1125 2152 quomodo
1153 2084 1371 2140 virtutis
1405 2095 1614 2141 amator
1641 2091 1814 2158 possit
1843 2090 2114 2159 ejusmodi

503 2165 512 2252 ᾖ
549 2173 673 2227 vitae
702 2188 926 2249 compos
959 2173 1074 2230 fieri
1104 2192 1121 2228 :
1163 2176 1242 2231 sic
1291 2177 1436 2232 enim
1463 2178 1604 2248 ejus,
1641 2196 1804 2249 quam
1841 2184 2111 2252 praemisi-

547 2279 690 2329 mus,
745 2247 1006 2318 doctrina:
1055 2267 1250 2320 seriem
1293 2275 1347 2321 et
1411 2271 1858 2340 consequentiam
1917 2273 2114 2328 melius

2216 2090 2274 2140 ἐν
2309 2089 2473 2160 ἀρετῇ
2519 2087 2771 2156 γενέσθαι
2798 2089 2890 2141 τὸν
2938 2090 3170 2161 ἐραστὴν
3212 2089 3304 2142 τοῦ
3348 2087 3593 2142 τοιούτου
3639 2088 3773 2158 βίου.

2216 2179 2369 2233 Οὕτω
2409 2179 2517 2251 γὰρ
2564 2181 2630 2234 ἂν
2676 2181 3026 2251 ἐπιγνοίημεν
3055 2183 3154 2252 τῆς
3199 2182 3662 2254 προδεικνυμένης
3704 2183 3776 2235 διο

2212 2269 2504 2334 δασκαλίας
2537 2272 2666 2341 ἡμῖν
2697 2271 2757 2323 τὸ
2802 2271 3111 2326 ἀκόλουθον.
3159 2273 3279 2344 Χρὴ
3327 2273 3505 2326 τοίνυν
3534 2272 3628 2326 τὸν
3655 2273 3777 2343 μὲλ-

501 2345 508 2430 ς
544 2357 960 2432 perspiciemus.
989 2355 1221 2416 Necesse
1276 2359 1441 2430 igitur
1464 2370 1571 2425 est,
1613 2378 1736 2417 eum
1767 2365 1861 2433 qui
1897 2365 1965 2420 ad
2001 2367 2111 2420 vir-

503 2435 507 2485 ῗ
541 2455 714 2504 tutem
748 2464 868 2504 sese
895 2460 1214 2508 convertere
1253 2453 1473 2522 cogitat.
1511 2455 1664 2523 prius
1689 2454 2002 2514 discernere
2025 2473 2114 2514 ra-

503 2535 508 2608 ᾗ
544 2541 746 2600 tionem
782 2540 1110 2605 honestatis,
1137 2552 1190 2596 et
1221 2544 1363 2612 ejus,
1388 2561 1508 2615 qua:
1536 2545 1802 2602 honestati
1828 2558 2110 2620 repugnat,

545 2630 786 2694 malitize,
838 2629 1041 2685 notatis
1083 2633 1317 2706 propriis
1348 2633 1634 2703 utriusque
1667 2634 2007 2700 ditferentiis,
2056 2646 2116 2692 ut

542 2723 886 2792 impermixta
919 2737 1106 2783 earum
1133 2725 1285 2779 notio
1316 2737 1652 2796 permaneat,
1678 2729 1937 2799 nulloque
1961 2745 2114 2786 com-

540 2814 818 2868 munionis
847 2815 1074 2869 confusa
1097 2818 1373 2886 contagio.
1406 2819 1475 2881 At
1510 2829 1670 2882 noue,
1713 2836 1833 2891 quae
1867 2821 2113 2892 utrisque

541 2904 761 2979 pmprie
805 2913 1143 2982 competunt,
1175 2905 1376 2962 fuerint
1403 2906 1656 2964 fortassis
1687 2921 1740 2964 et
1769 2910 1908 2974 alite,
1951 2920 2110 2966 ωηο·
2137 2893 2180 2950 c

540 2996 616 3049 ris
673 3004 874 3059 tamen,
929 3005 990 3049 ut
1049 2998 1179 3050 mihi
1235 2998 1558 3071 persuadeo,
1603 3003 1775 3073 magis
1830 3003 2110 3073 generales

538 3093 667 3146 sunt
710 3087 826 3141 ista:
860 3105 872 3140 :
909 3087 1158 3142 videlicet
1200 3089 1530 3166 voluptatem
1585 3102 1638 3145 et
1673 3091 2106 3158 delectationem,

537 3189 660 3244 quae
703 3174 1016 3232 hominibus
1069 3177 1136 3230 ab
1179 3177 1313 3252 ipsis
1340 3178 1594 3252 obtingit,
1629 3181 1823 3252 partim
1879 3182 1947 3236 ad
1983 3197 2110 3237 sen-

537 3282 680 3330 sum,
723 3268 916 3342 partim
950 3267 1017 3321 ad
1068 3269 1308 3322 animum
1361 3273 1675 3342 pertinere;
1726 3289 1852 3328 nam
1900 3275 2108 3330 malitia

538 3373 757 3418 sensum
781 3359 998 3430 quidem
1027 3359 1293 3425 oblectat;
1328 3361 1506 3415 virtus
1539 3363 1779 3422 animum
1819 3365 2106 3442 exhilarat'.

537 3443 748 3518 Quibus
802 3461 1146 3514 consequens
1175 3457 1258 3502 est
1290 3457 1349 3502 ut
1382 3450 1851 3508 commendatione
1877 3461 1932 3509 et
1963 3457 2108 3509 vitu-

538 3537 816 3603 peratione
858 3537 1190 3590 audientium
1232 3548 1440 3596 mentes
1469 3556 1499 3594 a
1536 3543 1680 3598 vitiis
1735 3545 1953 3614 quidem
2013 3547 2110 3603 ab-

537 3633 894 3687 sterreantur.
927 3628 992 3681 ad
1025 3629 1278 3684 virtutem
1309 3647 1434 3686 vero
1463 3632 1812 3688 inducantur.
1842 3636 2106 3707 Improbe:

537 3715 681 3768 cnim
738 3715 862 3769 vita:
893 3717 1078 3771 odium
1137 3720 1417 3789 ingenerat
1447 3723 1690 3791 ejusdem
1728 3728 2102 3802 reprehensio.

536 3810 604 3859 At
634 3809 932 3864 honestatis
966 3811 1205 3865 laudatio
1237 3813 1572 3874 desiderium
1603 3820 1884 3872 meliorum
1914 3836 2106 3876 accen-

534 3896 631 3949 dit.
670 3897 863 3954 Postea
901 3912 957 3955 ιιι
993 3904 1116 3957 vita:
1147 3904 1387 3960 honestze
1410 3911 1813 3965 commendatio
1834 3913 2108 3968 eﬂicacior

534 3988 814 4058 elliciatur,
868 4004 922 4048 et
988 3995 1231 4050 vivacior
1287 3997 1655 4068 improbitatis
1711 4003 2103 4076 reprehensio.

536 4083 740 4135 mentio
770 4082 1016 4146 facienda
1051 4095 1134 4140 est
1176 4104 1386 4151 eorum.
1423 4092 1514 4160 qui
1553 4092 1774 4146 virtutis
1806 4093 2107 4162 pulchritu-

535 4174 660 4228 dine
696 4176 1092 4241 excelluerunt,
1144 4196 1441 4254 eorumque
1469 4184 1561 4250 qui
1593 4183 1744 4239 vitiis
1775 4193 1830 4240 et
1885 4184 2104 4254 ﬂagitiis

536 4265 908 4321 innatuerunt.
960 4267 1214 4336 Exempla
1263 4274 1408 4326 enim
1483 4274 1824 4330 diversorum
1887 4278 2102 4336 vivendi

536 4372 792 4425 generum
850 4368 972 4428 apte
1001 4363 1301 4432 proposita,
1331 4365 1496 4418 animi
1528 4366 1868 4423 affectionem
1905 4380 1958 4424 et
1988 4369 2104 4426 dis-

541 4448 862 4515 positionem
914 4452 1203 4507 intendunt
1232 4465 1286 4507 et
1321 4457 1623 4522 stabiliunt,
1655 4475 1752 4534 spe
1782 4469 2013 4523 mentem
2038 4461 2104 4515 ad

537 4541 738 4608 optima
768 4558 994 4614 qumque
1047 4549 1302 4602 sectanda
1358 4558 1413 4602 et
1446 4551 1672 4606 colenda
1705 4553 2010 4618 alliciente;
2052 4565 2106 4608 et

540 4633 960 4702 reprehensione
977 4651 1164 4689 eorum
1186 4638 1278 4717 qui
1303 4640 1468 4697 vitam
1505 4641 1824 4711 ﬂagitiosam
1855 4651 2102 4712 egerunt,

541 4723 606 4775 ad
657 4723 842 4794 fugam
900 4734 955 4780 et
1019 4727 1435 4786 detestationem
1486 4734 1749 4789 similium
1798 4735 2102 4790 studiorum

441 4810 445 4816 ’
487 4807 517 4882 ςζ
538 4814 822 4868 erudiente
851 4823 906 4869 et
935 4816 1214 4872 incitante.
1244 4818 1444 4875 Praeter
1470 4822 1581 4878 haec
1628 4826 1812 4878 omnia
1847 4842 2102 4882 necessa-

490 4903 680 4984 frium
728 4908 853 4974 erit,
882 4907 1171 4980 utrobique
1208 4920 1374 4966 totam
1405 4913 1632 4976 docendi
1680 4917 1944 4970 rationem
1995 4919 2098 4971 nti-

476 4993 511 5057 ,’
539 4997 724 5051 nutius
755 4999 910 5068 quasi
958 5003 1232 5058 concisam
1265 5004 1576 5070 instituere;
1603 5021 1728 5060 nam
1765 5007 1847 5061 vel
1878 5007 1929 5061 id
1956 5009 2101 5078 quod

538 5095 747 5144 rectum
778 5097 831 5142 et
861 5093 1683 5164 honestumestdemonstrabit;
1718 5099 1801 5152 vel
1827 5113 1856 5152 a
1890 5100 2100 5154 facino-

539 5176 690 5233 ribus
731 5177 1138 5248 debortabitur;
1199 5185 1268 5236 ita
1321 5191 1378 5237 ut
1407 5186 1472 5240 ad
1504 5186 1633 5240 illud
1682 5187 1898 5258 quidem
1927 5189 2097 5244 docu-

538 5269 737 5322 mentis
764 5269 1093 5338 quibusdam
1139 5283 1191 5328 et
1242 5278 1465 5330 monitis
1515 5278 1670 5346 quasi
1712 5294 1874 5333 manu
1934 5280 2100 5335 ducat

538 5358 871 5432 auditorem;
905 5361 973 5414 ab
996 5362 1338 5431 improbitate
1363 5374 1542 5419 autem
1581 5368 1829 5422 eumdem
1862 5383 1956 5436 per
1977 5384 2096 5423 ser-

540 5461 730 5509 mones
769 5450 836 5505 ad
861 5452 1289 5508 debortationem
1317 5457 1593 5526 appositos
1631 5457 1885 5514 abducat.

747 5673 842 5746 Ed.
865 5679 1047 5746 omni).

611 5742 723 5818 U7}
757 5741 915 5804 Forte
947 5741 1277 5802 κοίνούντων.

2213 2362 2371 2415 λοντα
2400 2363 2536 2432 πρὸς
2570 2363 2766 2435 ἀρετὴν
2801 2362 3037 2433 βλέπειν,
3073 2364 3336 2436 πρότερον
3367 2365 3467 2434 μέν
3509 2363 3777 2432 διακρῖναι

2213 2451 2304 2504 τὸν
2351 2451 2505 2519 λόγον
2551 2451 2642 2504 τόν
2685 2468 2744 2504 τε
2790 2452 3000 2504 ἀστεῖον
3045 2452 3138 2504 καὶ
3195 2451 3286 2504 τὸν
3327 2451 3598 2512 ὑπαίτιον,
3631 2449 3777 2510 ἰδίοις

2214 2541 2470 2613 ἑκάτερον
2526 2543 3062 2612 ἐπισημειωσάμενον
3114 2542 3523 2614 γνωρίσμασιν,
3580 2541 3657 2603 ὡς
3711 2541 3776 2592 ἀν

2215 2633 2516 2703 ἀσύγχυτος
2541 2634 2720 2689 αὑτῶν
2751 2637 2780 2689 ὁ
2804 2635 2959 2704 λόγος
2987 2636 3071 2705 εῐη
3101 2635 3287 2706 μηδενὶ
3314 2634 3422 2687 τῶν
3460 2629 3775 2686 κοινωνούνο

2213 2742 2320 2777 των
2339 2725 2447 2795 (17)
2469 2725 2902 2797 ἐπιθολούμενος.
2917 2727 3124 2797 Σημεῖα
3140 2726 3197 2779 δὲ
3218 2725 3319 2795 τῆς
3333 2725 3592 2794 ἐκατέρου
3617 2725 3773 2794 (ιγ’).

2212 2815 2415 2868 τούτων
2455 2816 2714 2886 ίδιότητός
2769 2819 2884 2870 ἐστι
2917 2817 3014 2887 μὲν
3058 2816 3187 2880 ἴσως
3233 2816 3326 2868 καὶ
3366 2815 3502 2868 ἄλλα
3532 2813 3673 2867 τινὰ·
3706 2815 3778 2866 τὰ

2211 2904 2268 2958 δὲ
2293 2905 2626 2977 γενικώτερα
2651 2906 2758 2959 τῶν
2786 2906 2979 2972 ἄλλων,
3009 2906 3149 2960 κατά
3177 2923 3242 2974 γε
3275 2906 3374 2976 τὴν
3410 2906 3548 2976 ἐμὴν
3578 2905 3776 2973 ὑπόλη-

2210 3001 2324 3071 ψιν,
2371 2999 2510 3053 ἐστιι
2535 2998 2731 3053 ταῦτα’
2759 2999 2832 3052 Τὸ
2875 2998 3198 3071 μεμερίσθαι
3248 2997 3385 3069 πρὸς
3431 2996 3680 3066 αἴσθησίν
3715 3013 3774 3048 τε

2209 3089 2304 3142 καὶ
2345 3088 2582 3142 διάνοιαν
2622 3087 2720 3158 τὴν
2761 3087 3112 3159 ἐγγινομένην
3156 3090 3268 3151 τοῖς
3312 3086 3615 3158 ἀνθρώποις
3649 3087 3775 3156 παρ’

2210 3181 2388 3235 αὐτῶν
2435 3181 2807 3252 εὐφροσύνην·
2855 3179 2956 3250 τῆς
2990 3180 3088 3250 μέν
3118 3179 3314 3243 κακίας
3339 3178 3638 3249 ἡδυνούσης
3676 3179 3775 3248 τὴν

2209 3272 2478 3344 αἴσθησιν,
2508 3273 2607 3342 τῆς
2647 3271 2704 3325 δὲ
2743 3272 2944 3344 ἀρετῆς
2997 3270 3097 3341 τὴν
3140 3269 3316 3341 ψυχὴν
3363 3269 3771 3340 εὑφραινούσης.

2221 3366 2343 3418 Ἐπὶ
2375 3364 2582 3426 τούτοις
2620 3364 2686 3418 ἂν
2730 3363 2814 3434 εἴη
2851 3360 3138 3416 ἀκόλουθον
3172 3361 3238 3414 δι’
3270 3361 3545 3432 εὐφημίας
3573 3377 3634 3412 τε
3683 3361 3775 3412 καὶ

2207 3455 2458 3524 διαϐολῆς
2507 3455 2604 3526 τὴν
2649 3454 2756 3507 τῶν
2803 3455 3104 3507 ἀκουόντων
3158 3451 3396 3506 διάνοιαν
3443 3453 3676 3520 ἀπάγειν
3715 3468 3772 3503 τε

2207 3545 2301 3599 τοῦ
2357 3547 2617 3619 χείρονος,
2668 3546 2762 3599 καὶ
2815 3545 3190 3616 προσοικειοῦν
3235 3546 3314 3616 τῷ
3365 3545 3595 3615 βελτίονι
3624 3562 3639 3577 ο
3675 3543 3775 3612 τῆς

2213 3635 2310 3706 μὲν
2337 3635 2432 3689 τοῦ
2479 3635 2716 3707 πονηροῦ
2755 3635 2868 3704 βίου
2913 3635 3162 3706 διαϐολῆς
3192 3635 3255 3688 τὸ
3300 3637 3457 3704 μῖσος
3501 3633 3638 3706 πρὸς
3681 3633 3774 3702 τὴν

2209 3726 2403 3778 κακίαν
2429 3725 2697 3797 φερούσης
2717 3743 2730 3755 ·
2771 3724 2863 3778 τοῦ
2899 3725 2956 3778 δὲ
2987 3725 3093 3778 τῶν
3120 3723 3341 3792 ἀγαθῶν
3371 3723 3618 3785 ἐπαίνου,
3642 3721 3774 3792 πρὸς

2207 3818 2266 3870 τὸ
2308 3817 2680 3888 εὐφημότερον
2710 3817 2808 3887 τὴν
2856 3817 3146 3886 ἐπιθυμίαν
3180 3814 3572 3895 ἐφελκομένου.
3624 3812 3774 3866 Μετὰ

2207 3907 2363 3961 τοῦτο
2415 3909 2472 3961 δὲ
2527 3909 2602 3971 ὡς
2653 3905 2718 3961 ἂν
2763 3909 3111 3980 ἐνεργότερον
3161 3907 3256 3961 τοῦ
3309 3896 3518 3976 ἀγαθοῦ
3553 3895 3672 3976 ¹βίου
3711 3905 3776 3958 τὸ

2205 3995 2479 4066 ἐγκώμιον
2512 3996 2740 4064 γένοιτο,
2787 3997 2878 4050 καὶ
2921 3997 3288 4066 ὲμψυχότερος
3335 3998 3364 4048 ό
3408 3995 3503 4048 τοῦ
3540 3995 3777 4066 χείρονος

2204 4087 2389 4156 ψόγος,
2423 4087 2600 4142 αὑτῶν
2630 4089 2897 4159 προσήκει
2920 4087 3027 4140 τῶν
3055 4090 3113 4140 ἐν
3136 4089 3302 4158 ἀρετῇ
3333 4087 3774 4156 θαυμασθέντων,

2208 4180 2300 4232 καὶ
2328 4178 2434 4232 τῶν
2459 4181 2516 4232 ἐν
2549 4180 2713 4251 κακίᾳ
2743 4180 3202 4250 κατεγνωσμένων
3232 4180 3333 4250 τὴν
3365 4183 3589 4249 μνήμην
3627 4178 3777 4244 ποιή-

2207 4268 2422 4322 σασθαι.
2469 4269 2746 4320 Ἐπίτασιν
2788 4269 2894 4339 γάρ
2938 4284 3060 4320 τινα.
3092 4267 3192 4337 τῆς
3222 4267 3280 4319 ἐν
3312 4268 3378 4336 τῇ
3411 4265 3562 4334 ψυχῇ
3605 4260 3780 4315 διαθέ-

2208 4379 2344 4424 σεως
2373 4364 2592 4432 ἐμποιεῖ
2636 4361 2729 4414 καὶ
2763 4360 3104 4431 βεϐαιότητα,
3137 4358 3485 4430 προφανέντα
3514 4356 3619 4408 τῶν

2205 4452 2272 4505 τὰ
2324 4453 2712 4522 ὑποδείγματα,
2751 4451 2886 4522 πρὸς
2931 4451 3027 4522 τὴν
3067 4449 3174 4504 τῶν
3219 4449 3463 4520 ἀρίστων
3491 4444 3776 4516 ὀμοτιμίαν

2204 4543 2304 4612 τῆς
2345 4543 2558 4606 ἐλπίδος
2595 4542 2694 4612 τὴν
2741 4541 2917 4612 ψυχὴν
2962 4538 3349 4609 ἐφελκομένης,
3407 4537 3506 4590 καὶ
3541 4536 3638 4604 τῆς
3676 4534 3776 4585 ἐπὶ

2204 4634 2312 4686 τῶν
2346 4633 2806 4704 κατεγνωσμένων
2834 4631 3084 4702 διαϐολῆς
3108 4631 3242 4700 πρὸς
3278 4630 3576 4698 ἀποφυγήν
3596 4643 3648 4678 τε
3674 4626 3776 4676 καὶ

2204 4727 2558 4796 ἀλλοτρίωσιν
2600 4724 2708 4778 τῶν
2745 4725 2945 4793 ὁμοίων
2996 4721 3448 4792 ἐπιτηδευμάτων
3503 4719 3777 4786 παιδοτρι-

2205 4817 2421 4886 6ούσης.
2477 4817 2598 4869 Ἐπὶ
2628 4818 2760 4868 πᾶσι
2789 4815 2845 4867 δὲ
2876 4813 3081 4876 τούτοις
3105 4813 3403 4881 ἀναγκαῖον
3435 4813 3501 4865 ἂν
3530 4812 3610 4878 εἴη
3636 4809 3776 4880 πρὶς

2205 4909 2462 4977 ἑκάτερον
2490 4907 2694 4960 τούτων
2739 4905 3045 4976 λεπτομερῆ
3087 4922 3207 4958 τινα
3240 4904 3591 4958 διδασκαλίαν
3620 4902 3778 4969 ποιὴ-

2205 4999 2422 5061 σασθαι,
2469 4999 2505 5070 ἡ
2563 4999 2656 5052 καὶ
2705 4998 2766 5050 τὸ
2824 4999 3065 5067 κρεῖττον
3106 4994 3375 5060 ὑποδείξει
3415 4995 3511 5047 καὶ
3544 4989 3778 5059 ἀποτρέ·-

2200 5091 2290 5160 ψει
2343 5090 2455 5162 (18)
2507 5089 2603 5142 τοῦ
2643 5089 2920 5159 χείρονος*
2961 5088 3097 5158 πρὸς
3125 5086 3282 5139 τοῦτο
3331 5087 3433 5156 μὲν
3481 5085 3780 5152 ὑποθήκαις

2201 5184 2341 5236 τισὶν
2392 5183 2487 5236 καὶ
2527 5182 2855 5252 συμϐουλαῖς
2898 5178 3163 5250 ὁδηγοῦσα
3199 5179 3297 5250 τὴν
3331 5179 3525 5248 ἀκοὴν,
3568 5174 3668 5229 ἀπὸ
3716 5172 3781 5225 ἃ

2200 5274 2309 5327 τῶν
2366 5274 2623 5345 χειρόνων
2674 5273 2764 5328 διὰ
2816 5272 2923 5324 τῶν
2971 5268 3386 5340 ἀποτρεπτικῶν
3439 5265 3783 5336 ἀπείργουσι

2200 5366 2394 5436 λόγων.

2282 5676 2416 5746 (17⁸)
2457 5677 2576 5730 Τῶν
2616 5676 2910 5746 ἑκατέρων,
2929 5674 3014 5730 ed.

2278 5746 2391 5817 (18)
2442 5748 2759 5820 Ἀποστήσει
2793 5747 2950 5804 forte.
