3982 6504
199 437 299 495 £37

1565 435 1633 489 IN
1671 430 2005 490 PSALMOS.

3305 412 3417 470 ‘38

261 544 477 601 τούτων
494 546 704 601 δὲοῢτω
730 547 1228 619 διευκρινηθέντων,
1259 545 1443 618 ἐπειδὴ
1473 545 1749 615 δυσπαρά-

1920 561 2017 616 llis
2066 559 2212 615 hunc
2254 557 2309 611 in
2352 555 2567 610 modum
2608 548 2920 620 dijudicatis
2977 555 3029 603 et
3075 545 3408 611 constitutis,

196 638 377 697 δεκτόν
408 639 523 691 ἐστι
552 641 620 710 τῇ
661 637 818 708 φύσει
866 640 972 692 πᾶν
996 638 1057 691 τὸ
1083 637 1219 709 πρὸς
1244 636 1435 708 ήδονὴν
1461 634 1749 706 ἀλλοτρίως

195 726 313 797 ἔχον
367 726 579 797 (ἡδονὴν
625 728 682 780 δὲ
732 726 873 796 λέγω
918 726 1016 799 τὴν
1052 727 1145 780 τοῦ
1190 726 1438 798 σώματος
1475 726 1667 797 φίλην⁶
1713 720 1755 797 ἢ

193 818 300 889 γὰρ
352 820 453 888 τῆς
504 817 681 887 ψυχῆς
735 818 1036 889 εὐφροσύνη
1094 818 1270 889 πολλῷ
1321 818 1399 890 τῷ
1456 819 1604 889 μέσῳ
1652 818 1750 890 τῆς

192 910 385 977 ἀλόγου
431 927 489 962 τε
543 909 637 963 καὶ
682 908 1118 981 ἀνδραποδώδους
1169 910 1496 981 ἡδυπαθείας
1542 909 1751 981 ἀπῴκι-

194 1000 335 1069 σται)
362 999 471 1070 (l9)
494 1018 507 1031 ·
542 1000 669 1053 ῐδιον
711 1000 767 1053 δὲ
806 1003 1025 1072 σημεῖον
1055 1001 1313 1072 ἑκατέρου
1342 1001 1447 1053 τῶν
1483 1000 1630 1070 βίων,
1654 1002 1749 1056 τοῦ

192 1094 247 1149 ἐν
280 1094 447 1163 ἀρετῇ
487 1108 544 1144 τε
588 1093 682 1144 καὶ
714 1092 900 1163 κακίᾳ,
942 1092 1098 1145 τοῦτο
1128 1092 1483 1163 προλαϐόντες
1514 1095 1752 1163 ἐπέγνω-

193 1200 292 1259 μεν
319 1182 455 1251 (20),
494 1184 575 1236 ὅτι
598 1182 685 1237 διὰ
717 1184 814 1253 μὲν
832 1186 931 1255 τῆς
961 1184 1157 1248 κακίας
1208 1184 1555 1238 κολακεύεται
1594 1186 1748 1256 ήμῶν

188 1274 255 1327 τὰ
282 1278 382 1345 τῆς
427 1274 627 1345 σαρκὸς
672 1274 1017 1345 αἰσθητήρια,
1052 1276 1085 1345 ή
1129 1274 1185 1326 δὲ
1231 1274 1395 1345 ἀρετὴ
1438 1275 1615 1345 ψυχῆς
1647 1276 1705 1328 εὑ
1730 1305 1751 1316 -

190 1365 432 1436 φροσύνη
493 1368 604 1429 τοῖς
674 1364 1044 1437 κατορθώσασι
1098 1366 1322 1433 γίνεται.
1378 1367 1499 1430 Τοῖς
1552 1367 1609 1419 δὲ
1654 1366 1749 1420 νῦν

190 1455 564 1526 εἰσαγομένοις
592 1456 727 1527 πρὸς
755 1457 844 1509 τὸν
870 1455 1195 1528 ὑψηλότερον
1231 1457 1365 1527 βίον,
1403 1451 1483 1521 οἷς
1523 1458 1603 1510 ἔτι
1640 1458 1748 1527 (2|)

188 1546 282 1600 τοῦ
312 1546 476 1600 καλοῦ
496 1549 772 1618 κριτήριον
796 1549 828 1618 ή
855 1547 1101 1617 αἴσθησις
1119 1544 1439 1612 εἶναιδοκεῖ,
1466 1547 1619 1602 οὔπω
1639 1549 1749 1619 (22)

191 1637 393 1699 ἱκανῶς
421 1637 531 1707 ἔχει
562 1638 798 1709 καθορᾷν
825 1638 886 1691 τὸ
915 1638 1115 1705 ἀγαθὸν
1153 1640 1185 1708 ὴ
1219 1637 1381 1709 ψυχὴ,
1413 1637 1751 1709 ἀγύμναστος

188 1728 265 1780 ἔτι
299 1729 395 1781 καὶ
422 1729 596 1799 ἀήθης
618 1725 748 1782 οὖσα
780 1732 877 1800 τῆς
905 1729 1155 1800 τοιαύτης
1184 1730 1574 1800 κατανοήσεως.
1609 1731 1751 1801 Πρὸς

186 1819 236 1871 δὲ
266 1819 331 1872 τὸ
368 1820 441 1890 μὴ
470 1819 865 1891 γνωριζόμενον
894 1822 1057 1885 ἅπαν,
1086 1822 1189 1875 κᾶν
1215 1824 1295 1876 ὃτι
1329 1822 1558 1893 μάλιστα
1588 1823 1749 1876 καλὸν

186 1904 238 1981 ᾖ.
275 1910 534 1979 ἀκίνητος
567 1911 719 1980 ἡμῶν
760 1912 797 1987 ή
839 1911 1100 1981 ἐπιθυμία
1148 1913 1317 1983 μένει,
1361 1913 1652 1982 ἐπιθυμίας
1694 1914 1747 1967 δὲ

189 2001 261 2070 μὴ
295 2002 777 2074 προϋπαρχούσης,
817 2004 924 2056 οὐδ’
956 2003 1025 2057 ἂν
1053 2003 1213 2075 ήδονή
1247 2022 1328 2065 τις
1365 2004 1634 2073 ἐγγένοιτο
1657 2005 1747 2058 τοῦ

186 2093 260 2162 μὴ
317 2092 650 2163 ποθουμένου
706 2096 1049 2167 πράγματος,
1088 2096 1203 2159 ὁδὸς
1240 2096 1347 2165 γὰρ
1383 2100 1461 2161 εἰς
1488 2097 1676 2167 ἡδονὴν
1723 2099 1749 2149 ὁ

187 2182 352 2247 πόθος
379 2186 607 2253 γίνεται.
660 2187 994 2257 Ἀναγκαίως
1026 2189 1308 2259 ἐπινοῆσαι
1343 2205 1395 2241 τι
1438 2188 1542 2260 χρὴ
1572 2189 1749 2243 τοιοῦ-

186 2290 274 2327 τον
304 2277 418 2338 τοῖς
447 2278 609 2346 μήπω
636 2280 734 2348 τῆς
776 2279 1051 2350 ἀκηράτου
1096 2280 1190 2333 καὶ
1218 2279 1365 2343 θείας
1407 2280 1596 2351 ἡδονῆς
1627 2298 1750 2349 γευ-

184 2368 463 2441 σαμένοις,
520 2370 586 2423 δι’
643 2362 705 2424 οὗ
753 2371 1331 2441 συμπαραδεχθήσεται
1389 2376 1487 2443 τῆς
1551 2374 1749 2443 ἀρετῆς

182 2459 248 2511 τά
276 2459 609 2534 δράγματα,
626 2462 714 2517 διά
735 2480 879 2525 τινος
904 2464 1011 2516 τῶν
1036 2464 1135 2533 τὴν
1160 2463 1415 2533 αἴσθησιν
1435 2464 1750 2534 εύφραινόνο

182 2547 305 2605 των
341 2552 708 2624 ἐφηδυνόμενα
743 2555 876 2625 (25),
928 2553 1177 2625 καθάπερ
1236 2556 1328 2608 καὶ
1384 2557 1495 2616 τοῖς
1545 2556 1749 2626 ἰατροῖς

184 2645 363 2696 ποιεῖν
406 2643 651 2714 σύνηθες,
710 2646 836 2698 ὅταν
869 2663 919 2698 τι
969 2645 1163 2716 πικρόν
1206 2662 1265 2698 τε
1314 2646 1408 2698 καὶ
1453 2644 1748 2715 δύσληπτον

180 2733 291 2786 τῶν
365 2734 733 2806 ἀλεξητηρίων
802 2738 1106 2807 φαρμάκων
1186 2736 1449 2807 εὖληπτον
1520 2738 1725 2789 ποιοῦσι

182 2828 295 2888 τοῖς
333 2826 693 2897 ἀρρωστοῦσι,
732 2830 797 2898 τῇ
839 2827 931 2880 τοῦ
980 2828 1192 2899 μέλιτος
1234 2829 1388 2900 ἡδονῇ
1424 2830 1751 2900 παραρτύον-

180 2933 289 2979 τες.
332 2917 393 2969 El
419 2917 475 2970 δὲ
502 2917 718 2980 τελείως
745 2920 876 2989 ἡμῖν
904 2921 937 2990 ή
976 2920 1255 2993 εἰσαγωγὴ
1282 2921 1373 2987 τοῦ
1401 2922 1520 2974 κατ’
1551 2922 1750 2996 ἀρετὴν

175 3007 420 3091 ﬁgo/sta:
447 3008 553 3063 τῶν
582 3010 881 3081 εἰρημένων
903 3012 1341 3082 τετεχνολόγηται
1380 3014 1515 3083 (24),
1542 3013 1615 3076 ὡς
1640 3014 1748 3066 δεῖν

179 3099 451 3170 πρότερον
495 3100 594 3171 μὲν
636 3101 730 3157 ἀπ’
762 3101 1004 3172 ἀλλήλων
1045 3103 1274 3173 χωρίσαι
1303 3104 1372 3156 τὰ
1400 3105 1615 3158 ἐναντία
1642 3105 1748 3157 τῶν

1851 669 1974 709 cum
2010 660 2218 706 natura:
2263 655 2465 703 nostra:
2507 644 2728 699 omnino
2760 643 3044 696 adversum
3074 640 3164 703 sit,
3197 653 3411 693 omnem

1851 745 2065 816 penitus
2101 743 2428 811 voluptatem
2461 736 2747 807 repudiare
2771 733 3122 804 (voluptatem
3147 730 3269 784 dico
3289 744 3407 784 cor~

1850 835 1966 907 pori
1984 832 2278 904 jucundam
2301 847 2315 897 ;
2346 844 2469 884 nam
2491 827 2740 895 voluptas
2760 823 2926 878 animi
2950 822 3110 892 longo
3132 820 3415 875 intervallo

1851 942 1881 981 a
1928 925 2155 981 rationis
2203 929 2427 993 experte
2477 926 2533 973 et
2579 915 2765 973 servili
2814 913 3171 969 delectatione
3203 911 3410 977 distat),

1850 1018 2122 1090 propriam
2142 1030 2270 1071 vero
2292 1022 2475 1069 notam
2521 1010 2809 1077 utriusque
2836 1006 2980 1071 vitae,
3031 1003 3172 1073 ejus,
3203 1003 3421 1057 scilicet

1850 1124 1971 1180 quae
2000 1105 2403 1176 virtutijstudet,
2425 1112 2480 1159 et
2512 1102 2650 1172 ejus,
2675 1113 2794 1170 quae
2825 1096 3163 1166 improbitati
3194 1095 3413 1151 addicta

1849 1208 1951 1263 est,
1991 1212 2156 1269 supra
2208 1193 2678 1254 constituerimus,
2714 1188 2860 1258 quod
2907 1187 3019 1241 vita
3060 1186 3205 1239 vitiis
3231 1184 3413 1240 dedita

1850 1306 2046 1345 sensus
2093 1300 2391 1356 eorumque
2439 1297 2641 1353 organa
2702 1277 3038 1343 demulceat;
3088 1276 3194 1328 vita
3230 1281 3412 1328 autem
3512 1312 3517 1319 .

1850 1380 2064 1435 virtutis
2095 1378 2341 1435 studiosa
2372 1383 2581 1432 mentes
2604 1378 2750 1428 recte
2778 1368 3052 1439 agentium
3088 1366 3341 1420 oblectet.
3372 1365 3431 1419 Ii,

1850 1487 1978 1525 vero
2002 1471 2093 1540 qui
2128 1469 2196 1524 ad
2238 1466 2610 1525 sublimiorem
2662 1463 2828 1517 vitam
2889 1466 3138 1514 recenter
3192 1457 3411 1516 initiati,

1851 1560 2052 1632 quibus
2076 1559 2216 1611 ratio
2242 1556 2455 1611 honesti
2484 1550 2838 1623 dignoscendi
2863 1549 3040 1604 adhuc
3059 1547 3271 1603 videtur
3292 1561 3431 1601 esse-

1852 1666 2069 1715 sensus,
2135 1648 2451 1703 infirmioris
2523 1652 2652 1701 sunt
2700 1643 2885 1708 animi,
2955 1656 3119 1712 quam
3177 1648 3237 1695 ut
3282 1640 3413 1694 satis

1854 1741 2143 1809 perspicue
2165 1738 2504 1794 honestatem
2544 1734 2754 1789 intueri
2773 1732 3008 1796 valeant,
3039 1744 3163 1785 cum
3182 1738 3416 1786 mentem

1859 1830 2035 1884 adhuc
2060 1827 2274 1894 rudem,
2321 1834 2374 1881 et
2401 1825 2458 1879 in
2489 1822 2799 1894 hujusmodi
2843 1822 2920 1877 rei
2955 1820 3429 1891 contemplatione-

1860 1918 2270 1974 inexercitatam
2298 1917 2566 1978 habeant;
2593 1923 2648 1969 et
2677 1914 2742 1967 ad
2765 1912 2818 1967 id
2850 1912 2995 1983 quod
3025 1912 3283 1982 [ignotum
3307 1918 3410 1975 est,

1852 2012 1979 2065 licet
2034 2009 2461 2079 pulcherrimum
2511 2007 2602 2069 sit,
2662 2006 2882 2058 immota
2938 2011 3155 2057 maneat
3203 2017 3416 2072 semper

1848 2102 2077 2170 cupido;
2112 2102 2255 2155 nulla
2305 2108 2485 2154 autem
2528 2098 2765 2152 humana
2822 2102 3098 2166 praeeunte
3138 2095 3411 2164 cupidine,

1855 2193 2001 2246 nulla
2032 2194 2191 2246 etiam
2228 2190 2518 2245 delectatio
2541 2188 2619 2242 rei
2655 2202 2761 2241 non
2786 2185 3107 2241 desiderata?
3132 2196 3423 2253 exsurgat:

1851 2296 1976 2334 nam
2002 2281 2087 2334 via
2118 2280 2184 2333 ad
2208 2278 2619 2332 delectationem
2644 2286 2727 2331 est
2756 2275 3027 2344 cupiditas
3051 2292 3067 2342 ;
3098 2274 3298 2330 talibus
3328 2289 3416 2329 ne-

1854 2371 2095 2426 cessario
2130 2369 2333 2438 aliquid
2362 2367 2671 2435 hujusmodi
2719 2366 3133 2436 excogitandum
3164 2375 3268 2432 est,
3322 2366 3415 2434 qui

1850 2462 2082 2517 necdum
2122 2475 2268 2530 pura:
2293 2469 2345 2515 et
2375 2459 2568 2513 divinae
2600 2458 2747 2512 illius
2779 2456 3068 2525 voluptatis
3096 2465 3225 2510 sunt
3256 2471 3415 2527 capa-

1848 2571 1959 2620 ces,
1992 2569 2101 2624 quo
2154 2562 2412 2623 tanquam
2455 2551 2635 2605 medio
2683 2549 2901 2604 virtutis
2965 2548 3294 2603 documenta
3361 2557 3416 2609 et.

1850 2647 2099 2700 instituta
2140 2644 2301 2699 simul
2356 2643 2638 2712 percipere
2688 2649 2911 2711 queant,
2948 2641 3131 2711 aliquo
3183 2655 3249 2694 ex
3303 2639 3416 2694 illis

1849 2752 1971 2807 qua:
2007 2750 2228 2791 sensum
2300 2734 2566 2789 deliniunt
2642 2733 2830 2788 suavia
2879 2731 3090 2787 effecta.
3145 2732 3303 2798 Quod
3362 2741 3423 2789 et

1849 2827 2077 2882 medicis
2110 2827 2165 2880 in
2191 2840 2341 2880 more
2362 2825 2601 2894 positum
2624 2832 2727 2888 est,
2757 2838 2879 2878 cum
2909 2838 3154 2877 amarum
3178 2829 3417 2893 potuque

1850 2918 2203 2988 injucundum
2264 2916 2716 2971 medicamentum
2786 2930 2953 2970 suave
3004 2925 3056 2969 et
3114 2914 3414 2983 jucundqu

1848 3010 2068 3079 azgrotis
2122 3006 2383 3073 cliiciunt,
2421 3007 2548 3061 dum
2578 3007 2709 3061 illud
2739 3007 2913 3061 mellis
2968 3007 3258 3063 dulcedine
3280 3023 3414 3067 COIL-

1846 3098 2024 3157 diunt.
2064 3097 2119 3153 Si
2173 3098 2336 3167 igitur
2366 3096 2604 3166 perfecte
2664 3111 2693 3148 a
2749 3095 2928 3150 nobis,
2945 3094 3138 3149 tradita
3173 3104 3257 3151 est
3295 3097 3416 3151 vita:

178 3190 650 3261 ἐπιτηδευμάτων,
685 3188 799 3245 εἶτα
831 3193 1086 3263 ἑκάτερον
1126 3193 1301 3247 αὐτῶν
1334 3194 1409 3266 τῷ
1454 3195 1567 3265 ἰδίῳ
1610 3212 1747 3261 γνω-

1853 3194 2054 3247 sancta:
2101 3187 2394 3252 institutio,
2428 3186 2701 3249 videlicet,
2742 3184 2887 3254 quod
2921 3184 3287 3239 necessarium
3321 3186 3412 3248 sit,

180 3279 412 3350 ρίσματι
444 3283 869 3353 σημειώσασθαι,
906 3284 999 3338 καὶ
1030 3285 1169 3354 μετὰ
1208 3284 1363 3341 τοῦτο
1391 3286 1450 3339 τὸ
1483 3287 1579 3355 μὲν
1622 3287 1749 3347 ἀπο-

180 3370 449 3441 σεμνύναι
489 3374 565 3440 τῷ
593 3374 752 3444 λόγῳ,
781 3375 843 3427 τὸ
869 3375 923 3427 δὲ
952 3375 1180 3444 φευκτὸν
1209 3376 1277 3435 ἐκ,
1303 3377 1552 3448 διαϐολῆς
1578 3378 1749 3447 ἀπερ-

187 3462 456 3529 γάσασθαι
477 3480 492 3493 ·
522 3466 634 3528 τοῖς
664 3481 723 3521 τε
746 3464 855 3518 τῶν
877 3468 1159 3536 ἐπισήμων
1184 3467 1390 3539 ἀνδρῶν
1419 3448 1747 3539 ὑποδείγμα-

179 3570 260 3606 σιν
288 3554 607 3626 ἐπιρῤὧσαι
633 3557 767 3626 πρὸς
797 3557 1050 3625 ἑκάτερον
1076 3556 1172 3628 τὴν
1203 3558 1460 3618 διάνοιαν,
1500 3561 1593 3611 καὶ
1630 3564 1747 3626 ταῖς

178 3647 440 3715 μερικαῖς
473 3645 772 3718 ὑποθήκαις
814 3647 912 3717 τήν
938 3664 997 3699 τε
1026 3647 1161 3718 πρὸς
1182 3647 1240 3700 τὸ
1272 3647 1469 3715 ἀγαθὸν
1511 3648 1746 3719 ἄγουσαν

175 3736 294 3789 ὁδὸν
331 3736 627 3809 ὑποδεῖξαι,
678 3739 769 3792 καὶ
807 3739 1110 3809 ἀποτρέψαι
1152 3738 1245 3791 τοῦ
1279 3740 1545 3810 χείρονος·
1594 3741 1656 3793 τό
1689 3759 1747 3794 τε

175 3829 555 3898 κατεσκληκὸς
583 3832 676 3884 καὶ
716 3830 982 3901 ἀνδρῶδες
1020 3834 1119 3902 τῆς
1147 3831 1366 3903 ἀρετῆς,
1400 3832 1496 3902 ήδὺ
1524 3836 1746 3903 ποιῆσαι

174 3922 287 3982 τοῖς
350 3920 693 3990 νηπιάζουσι,
740 3923 828 3975 διά
876 3940 1017 3986 τινος
1062 3924 1169 3977 τῶν
1212 3924 1605 3993 εὐφραινόντων
1647 3925 1745 3997 τὴν

174 4010 438 4082 αἴσθησιν
484 4013 637 4083 ἡμῶν
664 4014 1102 4085 γλυκαινόμενον,
1144 4016 1332 4086 καιρὸς
1369 4016 1433 4075 ἂν
1455 4016 1538 4088 εἴη
1580 4033 1746 4070 κατα-

174 4106 397 4174 νοῆσαι,
430 4104 547 4168 πῶς
593 4105 681 4158 διὰ
724 4109 820 4176 τῆς
866 4106 1230 4177 θεωρηθείσης
1275 4106 1751 4178 ταύτηςτεχνολο-

173 4192 331 4258 γίας,
356 4196 507 4247 πᾶσα
533 4198 804 4266 προῆκται
824 4198 956 4266 ἡμῖν
981 4199 1011 4267 ἡ
1037 4197 1122 4251 διὰ
1140 4196 1245 4250 τῶν
1259 4198 1485 4269 ψαλμῶν
1506 4198 1751 4252 διδασκα-

170 4285 287 4350 λία,
366 4290 466 4358 τῆς
514 4305 574 4340 τε
619 4289 817 4352 κακίας
863 4290 1193 4361 ἀπείργουσα
1236 4292 1328 4344 καὶ
1372 4291 1505 4363 πρὸς
1551 4292 1747 4363 ἀρετὴν

172 4378 548 4469 ἐῳξλκομένη.

1848 3282 2002 3351 prius
2022 3294 2272 3348 separare
2306 3293 2337 3331 a
2374 3291 2433 3333 se
2463 3287 2653 3330 mutuo
2681 3275 2932 3347 Opposita
2966 3275 3085 3330 vitae
3105 3290 3324 3345 genera.
3361 3285 3417 3330 et

1849 3374 1931 3430 sic
1947 3373 2212 3441 deinceps
2234 3379 2528 3439 utrumque
2550 3369 2666 3424 suis
2690 3370 2834 3424 notis
2857 3368 3169 3424 discernere
3201 3376 3254 3422 et
3280 3366 3418 3422 defi-

1850 3467 1991 3527 nire,
2018 3472 2071 3518 et
2102 3471 2215 3517 tum
2238 3463 2438 3516 docere
2464 3461 2692 3514 alterum
2714 3460 2960 3514 oratione
2989 3458 3320 3515 efferendum
3360 3468 3417 3513 et

1851 3553 2349 3619 cohonestandum;
2405 3552 2658 3616 alterum,
2708 3551 2941 3621 utquod
2987 3550 3174 3622 fugere
3207 3550 3417 3612 deceat,

1852 3646 2250 3718 vituperatione
2288 3642 2628 3699 afﬁciendum
2687 3658 2855 3708 esse;
2890 3644 3152 3715 exemplis
3204 3658 3421 3714 quoque

1852 3737 2145 3795 illustrium
2211 3737 2450 3791 virorum
2505 3732 2911 3787 confirmandas
2957 3740 3017 3789 et,
3063 3732 3419 3789 concitandas

1852 3837 2060 3883 mentes
2105 3826 2169 3880 ad
2202 3833 2509 3894 utrumque,
2569 3832 2623 3881 et
2679 3823 3009 3893 specialibus
3069 3823 3420 3881 documentis

1849 3920 2013 3979 viam,
2037 3933 2158 3987 quae
2183 3917 2333 3971 ducit
2352 3915 2418 3969 ad
2436 3922 2677 3978 rectum,
2707 3914 3117 3979 ostendendam,
3143 3922 3199 3969 et
3228 3915 3296 3968 ab
3319 3914 3423 3967 im-

1854 4008 2125 4078 probitate
2148 4006 2387 4059 animum
2412 4003 2826 4063 abducendum;
2854 4003 3182 4072 virtutisque
3213 4003 3421 4071 asperi-

1848 4110 2033 4165 tatem,
2052 4107 2107 4154 et
2128 4098 2337 4151 virilem
2359 4097 2517 4166 quasi
2542 4096 2910 4157 severitatem,
2938 4096 3086 4148 velut
3116 4095 3427 4155 infantibus

1849 4192 2278 4264 temperandam,
2310 4205 2514 4259 perque
2548 4188 2751 4257 aliquid
2786 4187 2929 4258 quod
2975 4188 3160 4245 sensui
3207 4198 3423 4259 gratum

1854 4286 1946 4351 sit,
1996 4282 2345 4353 mitigandam
2387 4297 2543 4343 esse;
2602 4287 2815 4349 tempus
2867 4278 2978 4347 jam
3027 4279 3243 4348 exigere
3277 4278 3423 4332 vide-

1853 4385 1964 4442 tur,
2002 4384 2059 4432 ut
2088 4375 2462 4445 explanemus,
2518 4371 2793 4441 quomodo
2846 4367 3144 4427 secundum
3177 4375 3433 4423 artemet

170 4461 467 4528 rationem
489 4472 837 4543 explicatam,
873 4472 1068 4528 tradita
1088 4474 1245 4530 nobis
1268 4474 1337 4529 sit
1361 4491 1455 4546 per
1501 4476 1746 4534 Psalmos
1805 4474 1991 4532 omnis.
2041 4468 2312 4532 dccll‘ina.
2358 4480 2478 4541 qua:
2506 4480 2536 4519 ει
2589 4463 2794 4523 malitia
2846 4478 2948 4523 nos
2986 4470 3214 4524 avertat,
3241 4471 3291 4515 ct
3352 4461 3421 4519 ad

171 4569 408 4624 virtutis
434 4569 672 4624 studium
704 4567 1018 4626 inﬂammet.

728 4702 1118 4757 ΚΕΦΑΛΑΙΟΝ
1156 4703 1227 4757 Γ’.

244 4864 484 4933 Πρῶτον
536 4863 746 4927 τοίνυν,
801 4866 863 4917 ἐκ
916 4865 1022 4937 γὰρ
1066 4865 1172 4919 τῶν
1231 4867 1549 4921 τελευταίων
1599 4872 1759 4941 ἀρχό-

174 4955 327 5025 μεθα.
361 4954 472 5025 (25)
497 4956 595 5025 τῆς
625 4954 939 5019 ἐξετάσεως,
972 4958 1331 5028 σκοπήσωμεν
1369 4959 1466 5029 τὴν
1496 4961 1756 5023 ἐπίνοιαν,

170 5045 240 5101 δι’
271 5040 353 5117 ἦς
380 5044 522 5097 οὕτω
550 5045 790 5113 σκληρὰν
826 5062 885 5097 τε
918 5044 1015 5101 καὶ
1046 5046 1288 5100 σύντονον
1314 5043 1477 5101 οὖσαν
1502 5049 1599 5119 τὴν
1642 5050 1758 5103 κατ’

172 5135 391 5206 ἀρετὴν
417 5134 708 5197 πολιτείαν,
739 5135 836 5205 τήν
884 5152 941 5187 τε
994 5135 1100 5187 τῶν
1148 5137 1455 5209 μυστηρίων
1501 5141 1755 5207 αἰνιγμα-

170 5226 331 5295 τώδη
363 5225 727 5291 διδασκαλίαν,
761 5227 853 5279 καὶ
884 5226 979 5297 τὴν
1000 5227 1303 5298 ἀπόρρητόν
1324 5245 1381 5280 τε
1401 5230 1492 5281 καὶ
1512 5246 1755 5299 κεκρυμ-

176 5316 363 5386 μένην
394 5315 506 5385 (26)
532 5316 868 5385 δυσεφίκτοις
909 5316 1221 5388 θεωρήμασι
1266 5318 1559 5387 θεολογίαν,
1589 5319 1758 5383 οὕτως

169 5406 455 5477 εὔληπτόν
485 5424 544 5460 τε
573 5408 665 5461 καὶ
682 5408 937 5477 γλυκεῖαν
970 5410 1242 5481 ἐποίησεν,
1267 5408 1342 5473 ὡς
1374 5411 1447 5481 μὴ
1483 5411 1639 5481 μόνον
1672 5429 1757 5467 τε-

249 5585 376 5659 (19)
414 5585 760 5659 ’Υπερκεῖται
787 5604 927 5645 unus
949 5589 1093 5655 cod.;
1124 5590 1426 5659 ὑπόκειται,
1457 5591 1542 5647 cd.

250 5657 379 5721 (20)
411 5657 778 5726 Ἀπέγνωμεν,
800 5660 885 5714 ed.

256 5726 384 5795 (21)
412 5728 529 5779 Ἔτι
567 5741 676 5780 om.
702 5728 788 5783 ed.

255 5795 382 5866 (‘12)
404 5796 576 5861 Οὕτω,
597 5795 684 5852 ed.

2459 4706 2685 4765 CAPUT
2724 4706 2811 4762 ιιι.

1925 4872 2202 4943 Principio
2250 4870 2415 4940 igitur
2465 4870 2531 4939 (a
2580 4867 2883 4938 postremis,
2920 4867 3064 4921 enim
3110 4863 3422 4935 ordiemur)

1858 4980 2079 5021 causam
2118 4962 2531 5029 indagabimus,
2568 4959 2637 5012 ob
2665 4973 2826 5027 quam
2847 4996 2863 5020 ,
2900 4970 3024 5010 cum
3056 4956 3191 5010 adeo
3221 4956 3328 5008 vita
3354 4969 3421 5007 ex

1859 5060 2061 5112 virtute
2110 5063 2228 5109 acta
2282 5052 2516 5107 difﬁcilis
2562 5051 2641 5105 sit
2678 5057 2732 5105 et
2776 5049 2986 5114 ardua;
3041 5046 3423 5117 mysteriorum

1860 5154 2043 5201 tamen
2095 5155 2149 5199 et
2194 5144 2503 5198 divinorum
2549 5147 2884 5195 secretorum
2931 5137 3326 5208 aenigmaticam
3370 5144 3422 5189 et

1862 5237 2209 5293 umbratilem
2237 5235 2541 5289 doctrinam
2563 5271 2577 5295 ,
2609 5241 2663 5286 et
2694 5228 3164 5299 inexplicabilibus
3216 5227 3402 5281 involu

1864 5338 1971 5383 tam
2026 5325 2357 5398 tegumentis
2405 5323 2769 5394 theologicam
2821 5320 3263 5381 institutionem,
3314 5324 3422 5371 tam

1864 5419 2077 5474 facilem
2105 5427 2269 5488 captu
2298 5424 2353 5472 et
2373 5415 2673 5486 jucundam
2709 5412 2948 5468 eﬂecerit
2970 5450 2985 5477 ,
3017 5418 3076 5464 ut
3119 5424 3229 5464 non
3261 5407 3421 5463 modo

1937 5594 2049 5661 (25)
2074 5593 2236 5648 Forte
2258 5596 2342 5661 ἐφ’
2367 5586 2410 5660 ᾧ
2439 5590 2759 5661 ἡδυνόμεθα.

1941 5664 2052 5731 (2-5)
2081 5664 2238 5717 Forte
2256 5664 2666 5733 τεχνολογεῖται.

1939 5735 2051 5799 (25)
2094 5736 2150 5785 Ἀ
2159 5733 2267 5803 ρχὼ
2275 5731 2428 5803 μεθα,
2461 5732 2525 5785 etl
2536 5771 2549 5784 .

1938 5804 2048 5870 (26)
2079 5803 2440 5873 Κεκριμένην,
2463 5804 2547 5854 etl.
