3982 6510
591 394 702 450 459

1849 401 1907 458 S.
1945 401 2270 460 GREGORII
2293 402 2584 462 NYSSENI

3651 445 3654 449 .
3691 403 3796 460 440

593 509 696 564 viri
727 507 982 579 perfecti,
1027 517 1082 570 et
1127 509 1329 579 quibus
1353 511 1466 580 jam
1509 513 1678 567 animi
1721 529 1881 570 sensa
1927 530 2139 586 perpur-

2251 517 2411 582 λείοις
2433 515 2654 588 ἀνδράσι
2681 517 2790 578 τοῖς
2819 514 2918 584 ἤδη
2951 509 3374 582 κεκαθαρμένοις
3407 509 3472 562 τά
3509 512 3604 581 τῆς
3628 511 3792 586 ψυχῆς

587 610 714 672 gata
749 610 912 667 sunt,
942 600 1306 655 eruditionem
1355 603 1494 656 hanc.
1531 613 1913 674 assequantur,
1961 607 2054 662 sed
2092 613 2150 661 ut

586 692 833 746 eamdem
863 699 917 744 et
952 692 1205 746 mulieres
1239 693 1340 747 sibi
1377 705 1629 764 tanquam
1665 699 1938 766 propriam
1973 697 2149 751 vindi-

587 790 749 848 cent;
803 781 1238 852 infantihusque,
1285 787 1702 854 crepundiorum
1746 789 1940 852 instar,
1991 789 2146 843 volu-

587 882 790 945 ptatem
827 875 998 944 pariat
1029 894 1044 942 ;
1076 885 1128 929 et
1156 875 1448 946 decrepitis
1475 878 1654 934 baculi
1701 891 1753 934 et
1783 881 1981 950 quietis
2026 881 2146 937 loco

585 967 868 1036 obtingat;
900 967 975 1020 illi
1013 983 1173 1035 vero,
1205 970 1403 1038 quibus
1449 981 1577 1025 tetas
1625 971 1800 1042 viget,
1843 971 2003 1041 hujus
2051 973 2146 1028 do-

584 1060 776 1112 ctrinae
800 1057 1000 1112 donum
1032 1073 1191 1114 suum
1225 1075 1348 1114 esse
1374 1061 1685 1116 existiment
1713 1080 1728 1129 ;
1765 1063 1810 1118 is
1840 1073 2018 1118 autem
2053 1064 2145 1134 qui

583 1148 730 1202 tristi
764 1156 847 1202 est
881 1150 1063 1201 animo
1091 1157 1145 1202 et
1179 1150 1317 1204 male
1351 1149 1541 1206 aﬂ‘ecto
1576 1152 1645 1206 ob
1673 1161 1926 1206 eventum
1960 1167 2146 1224 quem-

581 1239 763 1308 piam,
812 1249 1034 1309 pr0pter
1079 1257 1138 1296 se
1187 1243 1470 1310 scriptura:
1521 1243 1681 1312 hujus
1728 1241 1954 1313 gratiam
2007 1243 2144 1299 divi-

583 1329 732 1383 nitus
774 1330 994 1384 missam
1035 1346 1157 1384 esse
1205 1335 1407 1386 credat.
1451 1331 1530 1386 Ad
1567 1333 1716 1399 lucc,
1760 1334 1853 1402 qui
1901 1334 2004 1387 iter
2047 1349 2144 1388 seu

581 1424 729 1470 terra
779 1432 874 1472 seu
918 1419 1054 1472 mari
1093 1419 1338 1484 faciunt,
1376 1421 1579 1490 quique
1619 1422 1955 1476 sedentarias
1997 1429 2143 1476 artes

582 1517 879 1568 exercent,
925 1517 980 1564 et
1027 1519 1085 1562 ut
1132 1527 1244 1564 rem
1292 1511 1348 1566 in
1387 1527 1558 1582 pauca
1597 1511 1907 1578 conferam,
1952 1529 2142 1569 omnes

580 1605 690 1650 tam
722 1600 824 1652 viri
857 1615 1017 1668 quam
1065 1601 1356 1666 mulieres,
1397 1601 1761 1672 quodcunque
1801 1605 1922 1658 vita:
1969 1621 2141 1674 genus

581 1695 880 1756 sectentur,
914 1689 1042 1760 aegri
1077 1691 1239 1745 simul
1283 1707 1347 1746 ac
1395 1692 1566 1758 firmi,
1619 1695 1878 1748 damnum
1925 1710 1984 1750 se
2029 1697 2139 1764 pati

579 1779 942 1844 arbitrantur,
977 1781 1024 1837 si
1059 1797 1164 1836 non
1199 1798 1412 1853 semper
1446 1785 1500 1837 in
1540 1800 1634 1840 ore
1676 1785 1962 1840 sublimem
1999 1785 2140 1840 hanc

2249 611 2571 682 αἰσθητήρια
2604 609 2702 678 τὴν
2738 604 3079 660 διδασκαλίαν
3125 599 3325 672 ταύτην
3383 601 3790 671 σπουδάζεσθαι,

2245 699 2382 754 ἀλλὰ
2427 699 2519 752 καὶ
2549 697 2648 768 τῆς
2689 693 3116 762 γυναικωνίτιδος
3151 691 3276 744 ίδιον
3323 687 3568 760 γενέσθαι
3601 693 3790 764 κτῆμα⁹

2248 792 2343 844 καὶ
2367 789 2578 861 νηπίοις
2607 787 2682 851 ὥς
2715 805 2766 840 τι
2803 787 2908 840 τῶν
2939 785 3262 856 ἀθυρμάτων
3289 783 3478 853 ἡδονὴν
3491 784 3688 862 φέρειν,
3709 788 3794 840 καὶ

2245 885 2358 946 τοῖς
2399 881 2870 952 παρηλικεστέροις
2926 877 3036 946 (27)
3077 876 3195 928 ἀντὶ
3252 874 3546 945 βακτηρίας
3597 893 3655 928 τε
3708 880 3794 932 καὶ

2245 973 2601 1036 ἀναπαύσεως
2631 971 2892 1040 γίνεσθαι,
2926 969 3016 1022 τόν
3047 983 3104 1020 τε
3141 965 3577 1036 φαιδρυνόμενον,
3611 968 3792 1021 ἐαυτοῦ

2245 1064 2483 1136 νομίζειν
2533 1061 2667 1117 εἶναι
2716 1061 2812 1132 τῆς
2868 1058 3208 1120 διδασκαλίας
3253 1057 3452 1126 ταύτης
3498 1058 3558 1110 τὸ
3603 1058 3791 1128 δῶρον’

2245 1157 2338 1210 καὶ
2367 1157 2458 1209 τὸν
2485 1153 2820 1226 σκυθρωπῶς
2849 1157 2911 1206 ἐκ
2951 1151 3315 1222 περιστάσεως
3359 1149 3710 1220 διακείμενον,
3734 1150 3796 1204 δι’

2244 1248 2404 1300 αὐτὸν
2433 1247 2638 1300 οἴεσθαι
2675 1246 2770 1316 τὴν
2799 1242 3050 1313 τοιαύτην
3088 1241 3187 1312 τῆς
3228 1241 3446 1313 γραφῆς
3477 1241 3632 1310 χάριν
3662 1240 3793 1296 δεδό-

2245 1339 2388 1393 σθαι.
2431 1335 2856 1406 Ὀδοιποροῦντές
2911 1351 2970 1386 τε
3019 1333 3152 1404 πρὸς
3205 1333 3412 1393 τούτοις
3461 1331 3553 1382 καὶ
3610 1329 3792 1384 θαλατ-

2243 1431 2486 1493 τεύοντες
2534 1428 2840 1498 ἄνθρωποι,
2887 1425 2922 1495 ἡ
2965 1441 3104 1476 τισιν
3153 1423 3473 1493 ἐπιδιφρίοις
3525 1422 3796 1490 ἐργασίαις

2243 1521 2784 1593 προσασχολούμενοι,
2842 1521 2932 1570 καὶ
2978 1517 3176 1578 πάντες
3225 1513 3337 1583 (2‘5)
3377 1512 3705 1580 ἁπαξαπλῶς
3741 1515 3793 1566 ἐν

2242 1617 2406 1668 πᾶσιν
2456 1613 2871 1682 ἐπιτηδεύμασιν
2923 1609 3111 1679 ἄνδρες
3165 1623 3226 1660 τε
3277 1605 3369 1658 καὶ
3417 1607 3695 1672 γυναῖκες,
3741 1606 3792 1656 ἐν

2243 1707 2398 1777 ὑγεία
2426 1723 2483 1758 τε
2521 1705 2612 1758 καὶ
2641 1702 2936 1774 ἀῤῥωστίᾳ,
2961 1700 3161 1770 ζημίαν
3193 1695 3486 1760 ποιοῦνται,
3517 1695 3581 1747 τὺ
3616 1695 3685 1766 μὴ
3714 1695 3790 1750 διὰ

2244 1796 2505 1868 στόματος
2553 1795 2649 1864 τὴν
2705 1793 2909 1864 ὑψηλὴν
2956 1790 3158 1860 ταύτην
3209 1787 3550 1842 διδασκαλίαν
3603 1787 3789 1857 φέρειν.

580 1869 982 1926 institutionem
1031 1872 1436 1928 circumferant.
1474 1871 1591 1928 Jam
1633 1891 1762 1930 vero
1803 1884 1858 1930 et
1888 1876 2136 1930 convivia

2246 1853 2385 1954 Ἤδη
2419 1853 2501 1937 δὲ-
2525 1853 2618 1937 καί
2650 1883 2719 1936 τὰ
2751 1853 3049 1953 uenundaret,
3089 1853 3184 1934 καὶ
3229 1881 3285 1932 ai
3316 1877 3549 1948 γαμικαὶ
3596 1853 3793 1946 φαιδρό-

579 1972 634 2014 et
663 1961 930 2030 nuptiales
959 1963 1262 2019 hilaritates
1287 1965 1680 2034 philosophiam
1720 1967 1888 2030 hanc,
1921 1975 1981 2019 ut
2011 1982 2139 2036 par.-

497 2039 508 2053 ’
581 2059 690 2106 tem
723 2054 957 2119 laetitiae,
987 2054 1110 2110 suis
1135 2056 1568 2124 iucunditatibus
1597 2057 1907 2120 asciscunt,
1953 2065 2014 2110 ut
2056 2065 2141 2109 ta-

582 2157 805 2198 ceamus
834 2145 1074 2198 divinam
1109 2146 1257 2198 illam
1294 2145 1346 2198 in
1382 2147 1667 2200 nocturnis
1711 2145 2010 2216 pervigiliis
2045 2163 2143 2216 per

577 2233 818 2302 psalmos
847 2235 1060 2290 institui
1092 2237 1310 2290 solitam
1345 2237 1694 2306 hymnodiam
1723 2278 1737 2300 ,
1775 2237 2141 2307 Ecclesiaeque

575 2323 634 2378 in
688 2323 774 2380 his
831 2324 1186 2380 decantandis
1232 2333 1540 2380 accuratam
1589 2325 1954 2380 sedulitatem.

645 2479 780 2543 Quae
811 2477 974 2546 igitur
1003 2491 1168 2532 causa
1197 2476 1486 2532 ineﬂabilis
1515 2475 1662 2530 illius
1688 2477 2003 2547 voluptatis,
2036 2493 2141 2547 qua

575 2577 770 2625 cantus
799 2583 930 2624 suos
961 2583 1189 2638 magnus
1208 2567 1378 2622 David
1403 2568 1643 2638 perfudit
1667 2584 1682 2635 ;
1711 2569 1784 2623 ob
1810 2583 1970 2639 quam
2005 2571 2143 2624 adeo

572 2670 728 2731 grata
770 2671 821 2716 et
850 2671 1067 2730 accepta
1091 2667 1174 2716 est
1223 2661 1546 2716 mortalibus
1593 2659 1928 2716 Psalmorum
1973 2661 2142 2716 disci-

573 2751 770 2823 plina?
819 2749 1077 2807 Fortasse
1119 2751 1291 2806 cuivis
1340 2761 1650 2822 promptum
1695 2752 1858 2806 fuerit
1921 2767 2143 2808 causam

571 2845 775 2908 dicere,
801 2855 1021 2913 propter
1048 2857 1213 2913 quam
1233 2841 1369 2898 adeo
1387 2843 1741 2906 delectamur,
1766 2857 1888 2898 cum
1911 2843 1976 2898 ad
1994 2843 2145 2900 Psal-

573 2951 694 2992 mos
722 2951 904 2990 curam
939 2943 992 2990 et
1024 2934 1405 3002 cogitationem
1439 2934 1825 2990 convertimus.
1843 2933 2143 2989 Verborum

571 3029 716 3084 enim
777 3027 1070 3082 melodiam
1124 3035 1416 3096 aptamque
1457 3026 1882 3080 concinnitatem
1921 3040 2144 3080 causam

570 3135 717 3184 esse,
735 3133 833 3172 cur
857 3125 1006 3170 tanta
1037 3117 1235 3171 mentis
1259 3115 1550 3170 dulcedine
1570 3113 1637 3170 de
1653 3115 1762 3170 illis
1787 3116 2140 3170 disseramus.

570 3207 686 3278 Ego
704 3221 854 3274 vero,
883 3207 988 3263 etsi
1007 3205 1060 3262 id
1093 3223 1278 3261 verum
1306 3221 1430 3261 esse
1459 3205 1649 3261 lubens
1671 3205 1866 3272 fateor,
1890 3207 2142 3261 existimo

571 3309 752 3354 tamen
775 3299 879 3354 hoc
901 3299 1079 3370 ipsum
1105 3313 1215 3352 non
1243 3297 1677 3366 praetereundum
1697 3337 1712 3361 ,
1735 3297 1829 3352 sed
1856 3299 2143 3368 diligenter

570 3391 972 3445 discutiendum
995 3405 1140 3444 esse.
1165 3387 1391 3443 Videtur
1419 3389 1564 3444 enim
1597 3391 1773 3456 majus
1801 3389 2058 3458 quiddam
2087 3401 2142 3446 et

569 3480 924 3550 praestantius
973 3479 1242 3534 insinuari
1289 3493 1454 3548 quam
1507 3479 1662 3532 multi
1712 3466 1998 3546 judicent,
2045 3493 2141 3548 per

565 3571 972 3640 philosophiam
1007 3572 1058 3624 in
1085 3571 1315 3626 melodia
1344 3572 1745 3640 verborumque
1769 3573 2140 3626 modulatione

570 3663 757 3717 sitam.
792 3662 936 3727 Quid
975 3663 1144 3733 igitur
1187 3672 1306 3730 est,
1347 3666 1494 3735 quod
1527 3663 1696 3718 volo?
1733 3665 1928 3719 Audivi
1961 3679 2140 3734 quem-

569 3753 696 3809 dam
725 3769 791 3810 εχ
823 3755 1130 3826 sapientum
1163 3771 1424 3820 numero,
1457 3771 1582 3812 cum
1615 3755 1682 3812 de
1713 3765 1907 3812 natura
1941 3769 2134 3812 nostra

567 3845 881 3912 dissereret,
899 3847 1166 3902 allirmare
1182 3847 1452 3904 hominem
1471 3863 1593 3904 esse
1609 3863 1834 3918 parvum
1847 3848 2105 3902 mundum
2119 3889 2133 3908 .

567 3939 751 3992 omnia
781 3939 838 3994 in
865 3953 926 3994 se
955 3941 1400 4010 complectentem
1426 3980 1439 4005 ,
1473 3955 1594 4010 qua:
1619 3941 1673 3994 in
1705 3955 1904 4010 magno
1933 3941 2136 3994 mundo

567 4031 942 4102 reperiuntur.
986 4031 1056 4085 At
1101 4033 1339 4086 universi
1385 4031 1552 4102 hujus
1595 4031 1884 4100 dispositio
1923 4031 2135 4086 musica

565 4123 815 4196 quaedam
849 4126 1136 4180 harmonia
1166 4133 1219 4180 et
1249 4126 1628 4180 convenientia
1657 4131 1772 4188 est,
1815 4121 2134 4178 multiformi

566 4215 804 4283 quodam
835 4216 1099 4285 varioque
1126 4215 1319 4287 ordine
1345 4223 1400 4269 et
1431 4215 1801 4268 concinnitate
1827 4227 2011 4267 secum
2041 4227 2134 4266 co-

2241 1993 2418 2046 τητες,
2453 1975 2528 2038 ὡς
2561 1975 2724 2044 μέρος
2767 1972 3098 2044 εὐφροσύνης
3139 1969 3236 2042 τὴν
3265 1969 3580 2040 φιλοσοφίαν
3611 1967 3792 2038 ταύτην

2243 2070 2299 2120 ἐν
2352 2069 2471 2130 ταῖς
2522 2065 2804 2137 θυμηδίαις
2855 2063 3386 2136 παραλαμϐάνουσιν,
3417 2061 3504 2113 ἵνα
3548 2059 3794 2130 παρῶμεν

2241 2158 2338 2226 τὴν
2365 2155 2542 2208 ἔνθεον
2585 2157 2640 2207 ἐν
2681 2156 2801 2216 ταῖς
2849 2151 3130 2222 παννυχίσι
3166 2149 3252 2203 διά
3283 2149 3482 2202 τούτων
3515 2149 3792 2218 ὑμνῳδίαν,

2243 2250 2334 2301 καὶ¹
2369 2247 2476 2300 τῶν
2523 2244 2822 2316 ἐκκλησιῶν
2866 2241 3304 2312 ἐσπουδασμένην
3333 2243 3389 2292 ἐν
3425 2239 3636 2303 τούτοις
3665 2239 3794 2308 φιλο-

2246 2357 2453 2408 σοφιαν.

2228 2411 2416 2432 ﬁ

3541 2317 3774 2339 Ἢ

2313 2492 2407 2556 Τίς
2437 2490 2528 2545 οὖν
2551 2492 2584 2561 ἡ
2609 2491 2817 2545 ἐπίνοια
2856 2491 2953 2562 τῆς
2994 2491 3267 2562 ἀφράστου
3301 2490 3501 2560 ταύτης
3537 2487 3638 2541 καὶ
3661 2485 3793 2551 θείας

2243 2585 2455 2655 ἡδονῆς,
2483 2583 2550 2654 ἣν
2577 2584 2798 2654 κατέχεε
2827 2584 2933 2636 τῶν
2963 2583 3303 2652 διδαγμάτων
3346 2583 3374 2634 6
3419 2582 3598 2652 μέγας
3627 2577 3792 2640 nam,

2242 2676 2330 2729 διὰ
2369 2672 2434 2746 ἦς
2485 2675 2624 2727 οὓτω
2678 2675 2902 2743 γέγονεν
2944 2673 3340 2744 εὐπαράδεκτον
3395 2673 3460 2742 τῇ
3505 2671 3667 2740 φύσει
3701 2669 3796 2722 τῶν

2243 2767 2542 2838 ἀνθρώπων
2588 2765 2651 2819 τὸ
2697 2765 2956 2836 μάθημα;
3001 2767 3285 2837 πρόχειρον
3327 2763 3422 2834 μὲν
3469 2765 3607 2825 ἴσως
3654 2761 3797 2815 παντὶ

2244 2859 2414 2910 εἰπεῖν
2441 2856 2537 2927 τὴν
2571 2856 2767 2919 αἰτίαν,
2807 2855 2926 2909 καθ’
2957 2857 3022 2926 ἢν
3063 2857 3119 2908 ἐν
3161 2855 3318 2926 ἡδονῇ
3345 2855 3442 2926 τὴν
3491 2857 3548 2906 ἐν
3609 2853 3796 2914 τούτοις

2249 2949 2474 3019 μελέτην
2502 2945 2815 3019 ποιούμεθα·
2851 2945 2910 3000 τὸ
2943 2947 3048 3016 γάρ
3089 2945 3338 3017 μελῳδεῖν
3371 2945 3436 2997 τά
3467 2945 3704 3018 ῥήματα,
3728 2941 3796 2994 εί-

2247 3059 2335 3096 ποι
2363 3059 2444 3106 τις
2468 3042 2533 3096 ἃν
2556 3043 2724 3096 αἴτιον
2768 3037 2903 3093 εἶναι
2951 3037 3045 3091 τοῦ
3093 3037 3207 3108 μεθ’
3233 3035 3419 3108 ἡδονῆς
3450 3035 3582 3105 περὶ
3615 3032 3797 3086 τούτων

2245 3137 2512 3201 διεξιέναι.
2557 3135 2696 3204 Ἐγὼ
2729 3133 2786 3186 δὲ
2827 3131 2928 3186 κάν
2953 3123 3199 3200 ἀληθὲςῇ
3231 3127 3405 3189 τοῦτο,
3437 3125 3586 3196 φημὶ
3607 3123 3707 3177 δεῖν
3733 3121 3799 3193 μὴ

2247 3228 2488 3300 παριδεῖν
2537 3225 2860 3296 ἀθεώρητον.
2886 3223 3066 3275 Ἐοικε
3113 3220 3221 3292 γὰρ
3268 3217 3444 3288 μεῖζόν
3489 3215 3631 3287 τι,ἢ
3673 3213 3799 3267 κατὰ

2242 3322 2339 3392 τὴν
2383 3319 2492 3372 τῶν
2529 3315 2735 3371 πολλῶν
2767 3314 3000 3368 διάνοιαν
3045 3309 3457 3380 ὑποσημαίνειν,
3503 3307 3536 3378 ἡ
3586 3303 3671 3358 διὰ

2245 3391 2503 3480 μελῳδίας
2541 3404 2841 3476 φιλοσοφία.
2873 3401 2936 3454 Τί
2982 3395 3072 3454 οὖν
3121 3401 3266 3451 ἐστιν
3298 3397 3326 3450 ὃ
3367 3396 3534 3466 φημί;
3567 3391 3801 3446 Ἥκουσά

2240 3518 2382 3563 τινος
2409 3499 2516 3552 τῶν
2545 3499 2722 3568 σοφῶν
2751 3499 2838 3550 τὸν
2868 3496 2996 3568 περὶ
3027 3495 3124 3564 τῆς
3158 3491 3370 3562 φύσεως
3400 3483 3556 3562 ήμῶν
3601 3486 3802 3553 διεξιόν-

2240 3610 2329 3657 τος
2364 3591 2541 3661 λόγον,
2566 3591 2646 3644 ὅτι
2682 3589 2872 3660 μικρός
2917 3605 2999 3650 τις
3046 3585 3244 3654 κόσμος
3273 3581 3420 3633 ἐστὶν
3447 3581 3475 3631 6
3504 3578 3798 3649 ἄνθρωπος.

2241 3687 2414 3738 πάντα
2437 3683 2574 3753 ἔχων
2603 3683 2660 3734 ἐν
2699 3678 2873 3749 ἐαυτῷ
2894 3677 2960 3731 τὰ
2997 3675 3090 3729 τοῦ
3138 3673 3368 3745 μεγάλου
3400 3671 3629 3741 κόσμου.
3669 3669 3727 3721 Ἦ
3749 3665 3800 3718 δὲ

2239 3773 2332 3826 τοῦ
2377 3773 2576 3836 παντὸς
2618 3771 2990 3841 διακόσμησις,
3029 3765 3261 3838 ἁρμονία
3291 3765 3372 3827 τίς
3413 3759 3528 3814 ἐστι
3585 3759 3801 3832 μουσικὴ

2238 3860 2526 3919 πολυειδῶς
2557 3862 2649 3913 καὶ
2683 3858 2938 3921 ποικίλως
2980 3857 3121 3909 κατὰ
3155 3871 3274 3907 τινα
3305 3849 3456 3916 τάξιν
3491 3854 3594 3904 καὶ
3617 3849 3802 3921 ῥυθμδν

2240 3947 2372 4017 πρὸς
2406 3945 2599 4017 ἑαυτὴν
2631 3943 2969 4015 ἡρμοσμένη,
3011 3943 3105 3995 καὶ
3149 3941 3312 4012 ἑαυτῇ
3365 3939 3687 4010 συνᾴδουσα,
3719 3937 3803 3988 καὶ

2241 4013 2506 4108 μηδέποτε
2552 4013 2792 4107 (ἳθίτῆς
2818 4013 3146 4104 συμφωνίας
3195 4031 3397 4100 ταύτης
3437 4013 3840 4097 (inemptian-

2236 4129 2283 4179 εἰ
2311 4128 2402 4180 καὶ
2431 4125 2596 4195 πολλή
2638 4141 2721 4187 τις
2755 4125 2814 4176 ἐν
2855 4123 2966 4185 τοῖς
3016 4119 3134 4174 καθ’
3157 4120 3383 4172 ἕκαστον
3425 4119 3458 4186 ὴ
3499 4115 3613 4170 τῶν
3645 4117 3804 4168 ὄντων

2234 4218 2462 4290 διαφορὰ
2487 4217 2788 4288 θεωρεῖται.
2819 4208 2943 4266 Οἷον
2979 4214 3086 4282 γὰρ
3121 4213 3210 4265 ἐπὶ
3237 4211 3329 4264 τοῦ
3361 4211 3640 4280 πλήκτρου
3671 4207 3806 4276 γίνε-

563 4309 786 4380 putata,
813 4308 1028 4380 sibique
1063 4310 1183 4378 ipsa
1214 4308 1604 4373 consentiens;
1647 4321 1678 4360 a
1719 4321 1828 4376 quo
1863 4313 2132 4361 concentu

2241 4327 2322 4364 ται
2345 4309 2439 4364 τοῦ
2469 4307 2732 4378 τεχνικῶς
2751 4307 3056 4376 ἁπτομένου
3089 4303 3196 4356 τῶν
3227 4302 3412 4367 τόνων,
3447 4300 3540 4353 καὶ
3569 4300 3635 4351 τὸ
3658 4297 3805 4368 μέλος

564 4399 718 4455 nullo
743 4413 982 4469 unquam
1007 4409 1249 4469 tempore
1275 4397 1433 4453 avelli
1461 4405 1670 4468 potest,
1699 4397 1825 4453 licet
1851 4397 2132 4468 multiplex

2241 4397 2291 4451 ἐν
2339 4400 2405 4469 τῇ
2435 4397 2674 4467 ποικιλίᾳ
2711 4395 2819 4448 τῶν
2863 4393 3115 4463 φθόγγων
3163 4390 3526 4462 προάγοντος,
3573 4388 3653 4451 ὡς
3697 4387 3802 4454 εἴγε

565 4493 641 4549 sit
669 4495 723 4547 in
753 4489 987 4562 singulis
1015 4505 1200 4546 rerum
1236 4490 1525 4558 generibus
1549 4488 1856 4545 differentia
1881 4497 1936 4544 et
1963 4497 2135 4544 muta-

2241 4487 2512 4559 μονοειδής
2539 4505 2621 4551 τις
2649 4489 2706 4540 ἐν
2731 4489 2892 4540 πᾶσιν
2929 4487 2958 4538 ὁ
2983 4485 3216 4554 φθόγγος
3241 4479 3330 4554 ἢν,
3349 4482 3458 4535 οὐδ’
3487 4480 3552 4534 ἂν
3583 4479 3803 4546 συνέστη

565 4585 664 4639 ιὶο.
706 4582 864 4650 Quod
892 4582 1036 4638 enim
1080 4583 1137 4636 in
1181 4582 1384 4650 plectro
1431 4595 1526 4636 seu
1577 4581 1978 4646 instrumento,
2023 4595 2132 4651 quo

563 4677 814 4730 musicus
845 4673 1043 4738 utitur,
1072 4671 1342 4742 contingit
1361 4707 1377 4736 ,
1405 4672 1534 4726 dum
1568 4670 1866 4725 artiﬁciose
1891 4671 2132 4748 chordas

563 4765 770 4835 tangit,
817 4771 1258 4833 concentumque
1301 4763 1565 4817 varietate
1612 4776 1872 4816 sonorum
1915 4764 2134 4817 concin-

561 4869 694 4912 num
740 4856 1023 4927 producit,
1063 4857 1138 4910 ita
1189 4865 1246 4909 ut
1287 4855 1336 4908 si
1381 4856 1436 4910 in
1485 4856 1742 4912 omnibus
1779 4856 1922 4910 idem
1963 4869 2131 4911 sonus

561 4955 742 5009 esset,
784 4959 1130 5015 nequaquam
1173 4943 1384 4998 varium
1425 4945 1558 5000 illud
1589 4946 1760 5002 melos
1788 4943 2128 5000 efﬁceretur:

561 5035 706 5090 idem
733 5036 788 5090 in
815 5036 981 5106 hujus
1007 5035 1246 5092 universi
1270 5043 1698 5106 temperamento
1724 5035 1920 5091 accidit
1945 5054 1960 5103 ;
1987 5035 2134 5107 quod

557 5141 630 5180 ex
661 5126 1020 5197 siege-larium
1050 5139 1236 5181 rerum
1261 5125 1626 5180 mutabilitate
1653 5133 1918 5180 constans
1937 5161 1954 5190 ,
1985 5124 2132 5180 ordi-

559 5226 691 5273 nata
737 5217 971 5289 quadam
1009 5226 1064 5272 et
1103 5217 1428 5272 immutabili
1463 5219 1604 5272 serie
1649 5225 1702 5272 et
1751 5218 2130 5272 convenientia

563 5311 670 5368 sibi
709 5311 1072 5374 connectitur,
1101 5310 1445 5380 partiumque
1483 5323 1606 5364 cum
1634 5315 1752 5362 toto
1781 5308 2127 5364 concordiam

563 5416 621 5458 et
669 5403 1132 5474 conspirationem
1180 5399 1455 5464 efﬁciens,
1509 5398 1882 5452 harmonicam
1931 5400 2129 5466 istam,

561 5493 777 5566 sibique
823 5510 894 5550 ex
930 5493 1078 5549 omni
1119 5499 1273 5563 parte
1316 5490 1694 5546 concinentem
1739 5489 2026 5545 melodiam
2079 5501 2132 5546 et

632 5704 744 5780 (ἓῖ)
777 5705 1265 5780 Παρηλικωῖέροις,
1293 5705 1378 5768 ed.

635 5775 749 5849 (28)
771 5777 832 5829 0t
857 5775 982 5831 add.
1015 5777 1102 5831 ed.

2237 4582 2452 4644 πάντως
2481 4579 2542 4632 τὸ
2573 4579 2757 4650 μέλος·
2783 4579 2954 4641 οὕτως
2983 4578 3076 4631 καὶ
3111 4578 3144 4643 ἠ
3175 4575 3268 4628 τοῦ
3299 4574 3496 4637 παντὸς
3521 4573 3716 4644 κρᾶσις
3749 4571 3803 4622 ἐν

2238 4673 2500 4734 ποικίλοις
2525 4671 2630 4724 τῶν
2658 4670 2777 4724 καθ’
2801 4671 3025 4724 ἕκαστον
3074 4671 3130 4722 ἐν
3171 4666 3248 4738 τῷ
3287 4667 3474 4737 κόσμῳ
3503 4661 3800 4734 θεωρουμέ·

2237 4782 2342 4820 νων
2368 4763 2454 4816 διά
2479 4779 2622 4825 τινος
2645 4761 2973 4831 τεταγμένου
2997 4777 3052 4812 τε
3090 4759 3182 4811 καὶ
3211 4757 3562 4828 ἀπαραϐάτου
3605 4749 3801 4824 ῥυθμοῦ

2237 4857 2373 4924 αὐτὴ
2402 4853 2602 4923 ἑαυτῆς
2623 4853 2920 4922 ἁπτομένη,
2951 4851 3043 4904 καὶ
3079 4851 3176 4920 τὴν
3204 4848 3310 4901 τῶν
3363 4847 3540 4918 μερῶν
3577 4845 3712 4916 πρὸς
3748 4843 3804 4894 τὸ

2237 4949 2354 5002 ὅλον
2381 4946 2742 5016 εὐαρμοστίαν
2763 4943 3120 5014 ἐργαζομένη,
3151 4941 3246 5012 τὴν
3279 4940 3641 5010 παναρμόνιον
3675 4935 3802 4990 ταύ-

2235 5058 2334 5111 την
2367 5041 2423 5092 ἐν
2455 5037 2534 5109 τῷ
2563 5037 2724 5091 παντὶ
2751 5037 3074 5106 μουσουργεί
3103 5033 3386 5104 μελῳδίαν,
3429 5027 3496 5101 ἦς
3537 5025 3802 5098 ἀκροατὴς

2235 5133 2264 5184 ὀ
2294 5130 2416 5192 νοῦς
2441 5129 2666 5197 γίνεται,
2697 5127 2816 5181 κατ’
2839 5127 2989 5180 οὐδὲν
3030 5128 3094 5196 τῇ
3125 5126 3259 5194 ἀκοῇ
3289 5121 3458 5192 ταύτῃ
3497 5117 3805 5188 συγχρώμε·

2237 5237 2346 5285 νος,
2381 5219 2495 5273 ἀλλ’
2525 5217 2886 5289 ύπερκύπτων
2916 5215 2986 5268 τὰ
3014 5217 3111 5284 τῆς
3139 5213 3336 5284 σαρκὸς
3363 5209 3684 5280 αἰσθητήρια
3717 5205 3804 5258 καὶ

2233 5313 2346 5366 ἄνω
2371 5312 2679 5380 γενόμενος,
2707 5309 2878 5371 οὕτως
2915 5309 3094 5361 ἐπαΐει
3123 5306 3222 5374 τῆς
3263 5303 3370 5358 τῶν
3401 5301 3644 5374 ούρανῶν
3681 5298 3804 5366 ὑμν-

2237 5403 2421 5471 ῳδίας.
2456 5402 2554 5463 Ὧς
2589 5417 2676 5471 μοι
2710 5401 2854 5452 δοκεῖ
2903 5401 2997 5454 καὶ
3039 5401 3067 5452 6
3105 5399 3272 5468 μέγας
3307 5394 3594 5466 ἀκηκοέναι
3625 5387 3800 5448 Δαδιδ,

2235 5495 2323 5546 ὅτε
2383 5492 2471 5546 διὰ
2520 5493 2622 5560 τῆς
2673 5490 3049 5562 θεωρουμένης
3088 5489 3262 5551 αὐτοῖς
3313 5485 3560 5555 τεχνικῆς
3603 5499 3664 5534 τε
3714 5477 3802 5534 καὶ

2313 5711 2424 5783 (29)
2455 5712 2701 5784 Μήποτε,
2732 5709 2815 5766 ed.
