3982 6508
309 409 414 466 ut
1648 417 1714 472 IN
1753 416 1855 472 P81

1954 417 2093 472 i108.
2567 419 2580 430 "
3105 409 3112 414 ⁷
3421 415 3533 470 “2'

308 520 583 590 πανσόφου
613 523 896 591 κινήσεως,
930 521 1028 594 τὴν
1057 522 1212 589 δόξαν
1255 524 1348 580 τοῦ
1390 525 1448 578 ἐν
1494 525 1674 588 αὐτοῖς
1704 526 1855 581 ταῦτα

1976 531 2388 580 consonantiam
2426 526 2606 594 parit,
2642 524 2802 595 cujus
2827 522 3043 580 auditor
3064 533 3148 579 est
3174 523 3422 587 animus,
3457 526 3533 580 ab

307 610 652 683 ἐνεργοῦντος
688 611 820 664 Θεοῦ
853 611 1220 684 διηγουμένων
1243 615 1639 686 ὲπηκροάσατο.

1975 617 2165 673 auditu
2211 615 2316 672 hoc
2363 629 2624 686 corporeo
2659 623 3003 686 segregatus,
3043 622 3098 670 et
3135 629 3297 686 supra
3347 617 3534 675 carnis

305 703 472 773 hujus
499 718 864 774 sensuumque
887 720 1087 776 organa
1115 716 1334 762 evectus
1362 727 1376 762 :
1403 709 1482 764 sic
1506 709 1648 762 enim
1680 709 1985 764 caelestium
2015 716 2378 764 concentuum
2411 708 2470 762 iit
2493 723 2660 778 capax
2687 726 2704 776 ;
2760 723 2918 778 quos,
2947 722 3069 762 meo
3125 705 3350 776 judicio,
3411 719 3531 760 ma-

303 813 446 867 gnus
473 796 657 854 itidem
677 797 842 854 David
867 801 1387 871 percepit,quando
1411 818 1505 874 per
1529 803 1710 869 illam,
1741 820 1863 875 quae
1922 804 1976 859 in
2034 805 2188 860 caelis
2239 811 2494 874 apparet,
2539 803 2990 873 sapientissimam
3031 809 3085 856 et
3146 799 3531 856 artitlciosissi-

305 902 449 940 mam
512 890 835 959 motionem,
866 893 1094 963 gloriam
1145 893 1258 961 Dei,
1306 903 1512 950 motum
1563 897 1715 952 illum
1753 899 1808 953 in
1863 897 2181 954 coelestibus
2227 897 2546 968 corporibus
2591 895 2908 960 eliicieutis,
2956 894 3128 951 caelos
3178 903 3528 966 enarrantes,

301 981 513 1036 audivit
542 983 613 1037 “.

385 1116 621 1188 Ἀληθῶς
653 1116 761 1190 γὰρ
787 1119 883 1190 τῆς
907 1119 1193 1190 ἀνεφίκτου
1221 1139 1280 1176 τε
1305 1123 1400 1176 καὶ
1429 1125 1702 1195 ἀφράστου
1733 1125 1855 1179 Θεοί

2045 1121 2184 1178 Vere
2212 1122 2356 1177 enim
2400 1122 2692 1176 inaccessae
2718 1129 2774 1175 et
2806 1117 3204 1189 inexplicabilis
3233 1118 3418 1190 gloria:
3441 1117 3526 1174 di-

296 1207 490 1278 δόξης,
534 1207 700 1279 ὕμνος
741 1212 857 1264 ἐστὶ
882 1211 959 1282 τῷ
1016 1213 1238 1284 τοιούτῳ
1288 1216 1476 1286 ῥυθμῷ
1527 1217 1855 1288 προσαγόμε-

1981 1213 2115 1268 vinas
2143 1199 2377 1285 hymnus
2403 1227 2466 1268 ex
2513 1212 2614 1267 ista
2645 1211 3017 1266 convenientia
3055 1217 3250 1266 enatus
3277 1220 3360 1266 est
3382 1251 3397 1274 ,
3427 1226 3526 1266 cu-

295 1317 390 1362 νος
418 1301 549 1371 (30),
581 1303 614 1370 ἡ
640 1303 736 1372 τῆς
768 1302 994 1368 κτίσεως
1021 1304 1197 1374 πάσης
1231 1307 1364 1376 πρὸς
1393 1308 1589 1378 ἑαυτὴν
1618 1307 1855 1379 συνῳδία,

1967 1305 2194 1376 juslibet
2220 1313 2484 1360 creatum
2507 1319 2689 1358 secum
2714 1312 2768 1358 et
2797 1319 2922 1359 cum
2953 1303 3076 1358 aliis
3104 1310 3431 1366 concentus,
3459 1318 3527 1357 ex

295 1391 388 1445 διὰ
443 1391 551 1445 τῶν
617 1393 871 1448 ἐναντίων
940 1396 1377 1467 συγκεκραμένη.
1428 1397 1708 1460 Ἐναντίως
1758 1397 1855 1470 γὰρ

1971 1391 2260 1450 contrariis
2293 1399 2703 1462 attemperatus.
2737 1391 3020 1446 Contraria
3063 1391 3207 1444 enim
3252 1400 3380 1446 sunt
3410 1405 3528 1445 mo-

296 1480 412 1551 ἔχει
444 1483 576 1552 πρὸς
607 1481 806 1553 ἄλληλα
836 1483 1022 1548 στάσις
1069 1487 1163 1538 καὶ
1211 1486 1440 1556 κίνησις.
1471 1488 1655 1543 Ταῦτα
1686 1489 1742 1544 δὲ
1778 1492 1855 1544 κέ-

1970 1496 2061 1543 tus
2090 1493 2144 1542 et
2171 1485 2348 1556 quies.
2380 1485 2448 1539 At
2489 1483 2604 1539 haec
2642 1492 2831 1538 mutuo
2865 1485 2918 1538 in
2950 1497 3131 1537 rerum
3169 1491 3362 1536 natura
3392 1490 3526 1538 tem-

294 1590 496 1643 κραται
531 1577 647 1644 μετ’
678 1574 918 1647 ἀλλήλων
959 1577 1016 1628 ὲν
1056 1578 1122 1648 τῇ
1180 1576 1337 1645 φύσει
1388 1577 1498 1631 τῶν
1533 1579 1721 1634 ὄντων.
1755 1582 1855 1634 Καί

1970 1583 2155 1644 perata
2199 1582 2357 1638 sunt,
2393 1571 2685 1642 videreque
2721 1580 2805 1628 est
2839 1572 2895 1626 in
2933 1571 3068 1642 ipsis
3107 1572 3521 1628 inenarrabilem

292 1681 380 1727 τις
408 1665 683 1736 ἀμήχανος
711 1668 768 1719 ὲν
795 1667 974 1731 αὐτοῖς
1001 1667 1294 1740 καθορᾶται
1333 1668 1439 1722 τῶν
1477 1671 1855 1741 ἀντικειμένων

1969 1663 2256 1734 quamdam
2307 1663 2705 1717 contrariorum
2762 1662 3068 1717 mistioncm
3102 1705 3116 1728 ,
3165 1669 3226 1718 ut
3271 1664 3326 1718 in
3374 1673 3524 1719 motu

297 1755 569 1825 5:15:96);
603 1758 696 1810 καὶ
724 1759 781 1811 έν
813 1761 878 1829 τῇ
913 1759 1123 1829 κινήσει
1150 1759 1211 1812 τὸ
1256 1761 1512 1830 στάσιμον
1539 1761 1855 1828 δείκνυσθαι,

1967 1755 2122 1825 quies
2169 1745 2473 1818 elucescat,
2521 1761 2575 1808 et
2623 1753 2679 1808 in
2719 1769 2784 1809 eo
2830 1754 2974 1824 quod
3014 1770 3122 1809 non
3161 1764 3429 1821 movetur,
3467 1755 3522 1811 id

293 1847 390 1900 καὶ
422 1850 478 1900 ὲν
502 1847 579 1918 τῷ
608 1848 680 1918 μὴ
722 1849 1020 1920 κινουμένῳ
1045 1849 1104 1902 τὸ
1136 1851 1461 1923 ἀεικίνητον.
1493 1851 1734 1904 Κινείται
1766 1853 1855 1923 μὲν

1965 1847 2108 1917 quod
2163 1861 2379 1917 semper
2424 1853 2697 1901 movetur.
2743 1845 3026 1900 Moventur
3073 1847 3216 1901 enim
3265 1854 3520 1916 perpetuo

291 1939 405 2009 γὰρ
444 1940 508 1993 τὰ
541 1941 658 1992 κατ’
694 1940 917 2012 οὐρανὸν
946 1941 1032 1993 ἀεὶ
1057 1943 1251 2007 πάντα,
1289 1941 1323 2013 ἢ
1361 1940 1439 2012 τῷ
1476 1942 1705 1996 ἁπλανεϊ
1735 1961 1855 2014 συμ·

1964 1940 2148 1993 omnia
2175 1953 2296 2009 qua:
2324 1939 2376 1992 in
2405 1939 2544 1992 caelo
2563 1979 2577 2004 ,
2611 1937 2696 1992 vel
2725 1941 2849 1991 cum
2882 1936 3223 1992 ﬁrmamento
3253 1939 3525 1992 circuma-

290 2029 685 2100 περιπολοῦντα
738 2030 938 2101 κύκλῳ,
974 2031 1006 2102 ἦ
1059 2031 1198 2084 κατά
1246 2032 1307 2084 τὺ
1351 2033 1587 2086 ἐναντίον
1627 2033 1714 2086 διὰ
1758 2035 1864 2087 τῶν

292 2119 582 2189 πλανητῶν
640 2120 1041 2193 ἀνελισσόμενα.
1091 2123 1327 2194 Ἐστηκε
1376 2124 1432 2177 δὲ
1483 2125 1710 2179 πάντοτε
1768 2128 1864 2180 καὶ

291 2209 390 2262 ἐπὶ
435 2210 531 2280 τῆς
569 2210 890 2299 ταυτότητος
925 2211 1073 2281 μένει
1100 2213 1128 2264 6
1160 2214 1215 2266 ὲν
1258 2214 1466 2278 τούτοις
1498 2216 1708 2299 Ξίρμδς,
1742 2210 1862 2269 ούδέ

288 2314 425 2350 ποτε
461 2297 568 2350 ἀπὸ
601 2297 696 2350 τοῦ
745 2300 801 2351 έν
845 2293 890 2366 ᾧ
928 2301 1072 2354 έστιν
1111 2303 1193 2370 ἐφ’
1227 2301 1410 2373 ἕτερόν
1435 2289 1699 2357 τιῖξὶίνδν
1727 2306 1858 2376 μεθ-

291 2388 596 2457 ιστάμενος,
637 2389 750 2443 ἀλλ’
786 2390 872 2443 ἀεὶ
899 2390 1155 2455 ὡσαύτως
1183 2392 1343 2463 ἔχων,
1381 2395 1473 2448 καὶ¹
1506 2397 1563 2448 ὲν
1591 2395 1668 2466 τῷ
1715 2395 1861 2466 αὐτῷ

286 2478 577 2549 διαμένων.
619 2482 684 2534 Ἡ
711 2481 886 2535 τοίνυν
916 2483 1007 2536 τοῦ
1039 2484 1268 2548 ἑστῶτος
1293 2485 1428 2556 πρὸς
1455 2485 1515 2538 τὸ
1547 2485 1860 2556 κινούμενον

290 2569 507 2634 σύνοδος
553 2573 611 2625 ὲν
647 2574 950 2646 τεταγμένῃ
975 2575 1079 2628 τινὶ
1107 2575 1201 2628 καὶ
1233 2576 1568 2647 άπαραὸάτῳ
1604 2578 1856 2650 γινομένη

283 2656 380 2710 διὰ
411 2658 610 2722 παντὸς
642 2660 990 2734 εὐαρμοστίᾳ,
1034 2666 1264 2736 μουσική
1305 2665 1389 2728 τίς
1434 2665 1580 2718 ἐστιν
1626 2667 1858 2738 ἁρμονία

289 2743 594 2815 σύγκρατον
627 2749 719 2801 καὶ
751 2749 1037 2804 θεσπεσίαν
1079 2750 1180 2822 τῆς
1217 2752 1280 2806 τὸ
1324 2755 1432 2807 πᾶν
1467 2754 1857 2828 διακρατούσης

283 2837 568 2908 δυνάμεως
593 2841 859 2911 ὑμνῳδίαν
889 2843 1241 2899 ἀποτελοῦσα.
1279 2837 1386 2909 *Ης
1423 2863 1510 2916 μοι
1539 2847 1683 2900 δοκεῖ
1711 2849 1800 2902 καὶ
1829 2851 1857 2902 ὁ

288 2928 468 2998 μέγας
479 2930 638 2984 Δαυῒδ
657 2933 712 2984 ὲν
736 2932 997 3004 ἀκροάσει
1022 2934 1309 3006 γενόμενος
1335 2937 1506 2989 εἰπεῖν
1533 2935 1591 2990 ἐν
1617 2955 1720 2990 τινι
1748 2937 1856 2992 τῶν

281 3020 537 3092 ψαλμῶν,
565 3023 646 3075 ὅτι
678 3025 882 3078 αίνοῦσι
919 3025 1010 3078 τὸν
1048 3025 1178 3079 Θεὸν
1215 3024 1276 3080 αἴ
1309 3043 1369 3079 τε
1400 3027 1552 3082 ἄλλαι
1577 3029 1850 3099 δυνάμεις,

285 3106 406 3175 (31)
436 3109 491 3162 αί
513 3110 631 3161 κατ’
656 3110 883 3180 οὐρανὸν
908 3114 1098 3176 πᾶσαι,
1117 3114 1207 3167 καὶ
1237 3114 1297 3167 τὸ
1317 3115 1558 3188 ἀστρῶον
1579 3094 1764 3186 φῶςξὸ
1793 3134 1852 3171 τε
1879 3094 1922 3151 C

283 3197 438 3266 ἥλιος
459 3201 600 3270 καὶὴ
622 3201 838 3274 σελήνη,
861 3204 952 3256 καὶ
969 3206 1016 3257 οἱ
1035 3203 1143 3257 τῶν
1164 3205 1404 3276 οὐρανῶν
1426 3207 1660 3279 οὐρανοὶ,
1683 3209 1775 3263 καὶ
1791 3209 1854 3262 τὸ

285 3289 673 3362 ὐπερουράνιον
697 3291 868 3365 ὕδωρ,
905 3294 1014 3363 (52)
1048 3296 1130 3348 ὅτι
1164 3297 1295 3350 ποτε
1327 3297 1386 3350 τὸ
1415 3297 1557 3371 ὕδωρ
1585 3299 1731 3368 λέγει
1759 3303 1856 3354 ml.

279 3379 352 3432 τὰ
391 3379 514 3450 ἑξῆς
559 3382 732 3435 πάντα
777 3384 934 3454 ὄσαή
968 3385 1142 3448 κτίσις
1178 3385 1308 3456 ἔχει,
1353 3387 1413 3440 Ἢ
1444 3387 1552 3460 γάρ
1579 3389 1687 3442 τῶν
1718 3391 1855 3444 πάν-

278 3484 393 3521 των
423 3471 558 3540 πρὸς
585 3470 787 3541 ἄλληλα
816 3471 1088 3542 σύμπνοιά
1119 3491 1177 3526 τε
1209 3477 1303 3528 καὶ
1344 3479 1674 3548 συμπάθεια,
1705 3480 1854 3548 τάξει

278 3560 379 3612 καὶ
408 3561 595 3631 κόσμῳ
642 3564 735 3616 καὶ
769 3553 1056 3637 ἀκολουθίᾳ
1100 3567 1462 3641 διοικουμένη,
1495 3572 1528 3642 ἡ
1566 3572 1755 3645 πρώτη
1791 3591 1854 3627 τε

275 3651 376 3702 καὶ
420 3653 724 3721 ἀρχέτυπος
779 3656 872 3708 καὶ
910 3657 1116 3728 ἀληθής
1162 3661 1275 3713 ἐστι
1314 3665 1574 3732 μουσική·
1606 3665 1672 3736 ῆν
1705 3667 1733 3719 6
1761 3666 1854 3720 τοῦ

276 3745 481 3807 παντὸς
518 3746 812 3818 ἁρμοστὴς,
849 3749 928 3819 τῷ
967 3752 1188 3823 ἀρρήτῳ
1220 3753 1320 3823 τῆς
1363 3754 1554 3823 σοφίας
1593 3757 1734 3828 λόγῳ
1767 3758 1854 3811 διά

273 3835 390 3887 τῶν
432 3835 518 3887 ἀεὶ
557 3837 916 3907 ὲγγινομένων
962 3839 1073 3911 (55)
1111 3843 1168 3894 ὲν
1211 3843 1369 3913 σοφίᾳ
1411 3847 1673 3915 τεχνικῶς
1721 3850 1854 3904 ἀνα-

275 3925 556 3995 κρούεται.
587 3927 647 3979 Εἰ
671 3923 764 3980 οὖν
787 3930 816 3982 ὁ
842 3929 1136 4000 διάκοσμος
1157 3932 1278 3998 ὅλος
1321 3939 1550 4008 μουσική
1575 3955 1660 4002 τις
1681 3941 1852 4010 ἁρμο-

275 4017 372 4071 νία
402 4018 567 4080 ἐστὶν,
596 4013 664 4090 ἧς
698 4020 942 4093 τεχνίτης
978 4023 1072 4075 καὶ
1091 4022 1416 4095 δημιουργὸς
1441 4028 1468 4080 6
1492 4028 1644 4092 Θεὸς,
1676 4031 1854 4094 καθώς

273 4124 446 4179 φησιν
479 4111 506 4162 ὁ
540 4110 886 4174 Ἀπόστολος’
929 4113 1118 4184 μικρὸς
1157 4115 1214 4168 δὲ
1251 4117 1452 4188 κόσμος
1487 4121 1516 4172 ὁ
1550 4121 1851 4190 ἄνθρωπος,

272 4202 306 4254 6
349 4199 408 4252 δὲ
446 4201 605 4264 αὐτὸς
644 4197 796 4268 οὗτος
839 4207 930 4259 καὶ
971 4208 1191 4279 μίμημα
1220 4209 1312 4262 τοῦ
1352 4212 1732 4284 ἁρμοσαμένου
1763 4215 1854 4268 τὸν

271 4291 483 4361 κόσμον
530 4295 850 4366 πεποίηται·
902 4298 1037 4369 ὅπερ
1079 4301 1171 4352 ἐπὶ
1213 4301 1306 4353 τοῦ
1362 4303 1593 4372 μεγάλου
1649 4305 1852 4376 κόσμου

1963 2032 2159 2101 gitata,
2196 2029 2280 2082 vel
2326 2044 2357 2083 e
2403 2025 2682 2082 contrario
2729 2025 2968 2081 motibus
3021 2025 3360 2095 planetarum
3391 2040 3524 2081 con-

1964 2135 2142 2175 versa.
2167 2117 2346 2174 Manet
2367 2133 2496 2173 vero
2526 2133 2741 2188 semper
2765 2116 3062 2187 eodemque
3089 2117 3311 2186 perenni
3334 2123 3524 2172 tenore

1964 2212 2121 2266 durat
2145 2209 2454 2266 eorumdem
2486 2209 2752 2264 revolutio
2772 2248 2787 2273 ,
2818 2222 2992 2278 neque
3019 2194 3254 2277 unquam
3284 2208 3352 2262 ab
3375 2222 3437 2263 ea
3465 2207 3522 2262 in

1965 2315 2073 2371 qua
2099 2309 2182 2356 est
2209 2301 2346 2356 serie
2378 2300 2460 2354 vel
2490 2300 2656 2353 latum
2692 2313 2926 2369 unguem
2956 2298 3220 2364 discedit,
3262 2297 3356 2353 sed
3396 2313 3523 2368 per-

1965 2393 2131 2463 petim
2161 2393 2350 2449 eodem
2392 2391 2554 2446 modo
2603 2407 2724 2447 sese
2770 2391 2962 2456 habet,
3011 2392 3308 2458 eodemque
3351 2387 3522 2442 fertur

1964 2497 2152 2538 cursu.
2205 2481 2388 2551 Itaque
2433 2481 2554 2552 ejus
2599 2481 2746 2552 quod
2795 2481 3058 2550 quiescit,
3102 2495 3226 2534 cum
3274 2495 3339 2535 eo
3375 2479 3520 2548 quod

1964 2580 2213 2627 movetur
2242 2572 2584 2643 conjunctio,
2611 2573 2858 2626 ordinata
2891 2573 3123 2642 quadam
3167 2581 3220 2626 et
3257 2572 3314 2625 in
3362 2585 3522 2625 omne

1959 2679 2134 2718 avum
2178 2665 2476 2719 inviolabili
2521 2664 2662 2720 serie
2701 2678 2983 2730 connexa,
3024 2663 3266 2718 musicus
3301 2661 3520 2733 quidam

1959 2766 2262 2810 concentus
2293 2763 2404 2822 est,
2437 2755 2676 2811 eﬂiciens
2715 2757 3062 2810 commixtam
3107 2754 3252 2808 illam
3300 2760 3352 2808 et
3390 2751 3521 2806 divi-

1923 2875 1927 2878 -
1960 2860 2085 2900 nam
2133 2847 2254 2916 ejus
2287 2847 2536 2910 virtutis,
2577 2863 2698 2918 quae
2734 2848 3052 2903 universum
3095 2847 3200 2901 hoc
3244 2847 3517 2908 continet,

1959 2935 2306 3007 hymnodiam
2335 2954 2350 3002 ;
2378 2951 2541 3008 quam
2579 2937 2710 2990 mihi
2739 2936 2923 2991 itidem
2952 2952 3182 3005 magnus
3208 2935 3371 2991 David
3401 2937 3520 3005 ejus

1967 3025 2181 3081 auditor
2211 3026 2409 3092 factus,
2442 3027 2750 3098 signiﬁcare
2777 3026 2996 3082 videtur
3022 3027 3080 3082 in
3120 3028 3353 3096 quodam
3385 3028 3517 3095 psal—

1955 3133 2079 3184 mo,
2105 3133 2227 3174 cum
2259 3119 2335 3172 ait
2362 3119 2408 3152 "
2434 3160 2452 3188 ,
2496 3119 2669 3174 Deum
2715 3118 2926 3174 laudari
2954 3135 3077 3173 cum
3107 3119 3175 3173 ab
3199 3118 3322 3173 aliis
3354 3119 3515 3171 virtu-

1956 3206 2102 3263 tibus
2121 3246 2136 3271 ,
2165 3217 2277 3262 tum
2304 3208 2371 3263 ab
2396 3208 2650 3263 omnibus
2675 3221 2794 3277 qua:
2821 3207 2877 3261 in
2902 3207 3042 3261 caelo
3066 3213 3195 3260 sunt
3213 3246 3228 3271 ,
3257 3221 3286 3259 a
3317 3204 3517 3259 lumine

1953 3298 2228 3365 siderum,
2256 3299 2372 3354 sole
2417 3306 2471 3354 et
2513 3299 2662 3363 luna,
2700 3307 2757 3353 et
2800 3312 2828 3350 a
2856 3297 3011 3352 ccelis
3039 3297 3301 3352 ctelorum
3323 3333 3339 3358 ,
3366 3301 3422 3349 et
3450 3295 3516 3350 ab

1953 3389 2110 3459 aquis
2141 3405 2305 3461 supra
2333 3391 2534 3446 caelum
2578 3390 2803 3460 positis;
2839 3389 2932 3444 ubi
2967 3397 3024 3443 et
3050 3388 3156 3442 alia
3195 3404 3315 3459 quae
3345 3387 3402 3441 in
3429 3400 3515 3441 rev

1951 3481 2056 3537 bus
2076 3481 2273 3536 creatis
2294 3483 2662 3551 reperiuntur,
2685 3490 3103 3536 commemorat:
3129 3495 3251 3534 nam
3277 3482 3517 3540 omnium

1955 3573 2096 3628 inter
2119 3587 2178 3629 se
2207 3572 2547 3643 conspiratio
2573 3581 2628 3627 et
2657 3571 2984 3634 consensio,
3025 3570 3251 3638 ordine,
3292 3583 3515 3638 ornatu,

1951 3670 2007 3717 et
2031 3671 2155 3734 apta
2185 3663 2327 3718 serie
2351 3661 2617 3734 disposita
2638 3702 2655 3729 ,
2682 3663 2855 3732 prima
2880 3661 3136 3716 videlicet
3165 3668 3248 3717 est
3277 3669 3331 3716 et
3353 3662 3514 3734 origi-

1952 3753 2092 3809 nalis
2113 3761 2166 3807 et
2183 3767 2314 3808 vera
2340 3754 2549 3809 musica
2574 3769 2588 3805 :
2619 3768 2781 3824 quam
2810 3749 2976 3808 totius
3005 3753 3243 3808 universi
3284 3755 3509 3808 concin-

1953 3851 2114 3898 nator
2151 3843 2409 3899 ineﬂ‘abili
2449 3845 2730 3914 sapientiae
2769 3858 2884 3901 suae
2914 3844 3154 3909 ratione,
3183 3859 3277 3912 per
3304 3857 3365 3897 ea
3397 3859 3512 3912 qua?

1951 3951 2168 4007 semper
2209 3937 2487 4007 sapienter
2526 3937 2697 4003 ﬁunt,
2726 3937 2884 3992 docte
2927 3945 2982 3992 et
3019 3938 3191 4008 perite
3231 3937 3412 3992 eliicit.
3453 3936 3511 3993 Si

1953 4029 2114 4100 igitur
2140 4038 2289 4085 totus
2315 4030 2406 4085 hic
2437 4029 2672 4085 mundus
2697 4030 2908 4086 musica
2938 4030 3186 4099 quaedam
3212 4045 3508 4086 consonan-

1952 4118 2028 4172 tia
2056 4125 2170 4182 est,
2200 4122 2356 4186 cujus
2386 4119 2569 4190 Opifex
2605 4127 2660 4174 et
2696 4118 2922 4175 effector
2964 4117 3142 4181 Deus.
3191 4129 3251 4174 ut
3292 4132 3347 4175 et
3373 4121 3509 4190 Apo-

1953 4210 2126 4265 stolus
2149 4209 2282 4264 dicit
2311 4229 2324 4264 :
2357 4226 2560 4280 parvus
2591 4226 2719 4266 vero
2747 4211 2982 4266 mundus
3005 4211 3166 4266 homo
3192 4219 3295 4278 est,
3322 4213 3508 4266 simul-

1951 4319 2060 4371 que
2089 4303 2389 4357 similitudo
2415 4311 2468 4358 et
2496 4303 2733 4357 imitatio
2762 4303 3008 4372 quaedam
3037 4304 3158 4373 ejus
3179 4345 3193 4369 ,
3224 4304 3319 4374 qui
3361 4319 3492 4358 mun

271 4377 417 4434 οἵδεν
445 4383 474 4434 ὁ
503 4382 679 4450 λόγος,
717 4385 870 4439 τοῦτο
913 4387 1054 4441 κατὰ
1089 4390 1150 4442 τὸ
1177 4391 1322 4455 είκὸς
1343 4393 1436 4444 καὶ
1476 4394 1534 4446 ὲν
1564 4393 1641 4464 τῷ
1671 4395 1852 4467 μικρῷ

1954 4393 2082 4447 dum
2117 4394 2509 4449 concinnavit:
2554 4408 2780 4449 necesse
2827 4404 2943 4461 est,
2991 4403 3050 4449 ut
3095 4395 3237 4464 quod
3279 4395 3420 4449 ratio
3457 4396 3507 4451 in

274 4473 469 4544 βλάπει
489 4492 502 4504 ·
540 4477 601 4528 τὸ
625 4476 733 4548 γὰρ
781 4478 945 4550 μέρος
976 4479 1070 4534 τοῦ
1105 4482 1250 4546 ὅλου,
1284 4485 1542 4554 ὀμογενές
1577 4487 1692 4539 ἐστι
1717 4487 1852 4541 πάν·

270 4581 387 4626 τως
417 4566 496 4636 τῷ
525 4567 635 4636 (54)
684 4569 807 4640 ὅλῳ.
839 4571 1047 4643 Ὠσπερ
1083 4573 1192 4644 γάρ
1233 4575 1292 4626 ὲν
1342 4574 1419 4645 τῷ
1462 4575 1574 4646 (55)
1604 4577 1850 4649 ψήγματι

273 4654 538 4726 βραχείας
571 4658 732 4712 ὑάλου
769 4661 911 4714 κατὰ
956 4662 1018 4715 τὸ
1063 4663 1275 4716 στίλϐον
1311 4663 1494 4734 μέρος,
1541 4665 1662 4719 ὅλον
1706 4666 1851 4720 ἔστιν

273 4747 558 4818 ίδείνβϐ),
589 4749 665 4814 ὡς
696 4751 753 4803 έν
780 4751 1086 4824 κατόπτρῳ,
1115 4754 1208 4808 τὸν
1228 4754 1422 4808 κύκλον
1436 4754 1530 4808 τοῦ
1561 4757 1710 4827 ἡλίου
1740 4757 1849 4810 δει-

273 4838 568 4909 κνύμενον,
613 4841 793 4906 καθὼς
829 4847 994 4914 χωρεῖ
1025 4847 1059 4916 ἡ
1099 4845 1372 4917 βραχύτης
1403 4845 1495 4900 τοῦ
1524 4847 1845 4912 στίλϐοντος*

269 4927 423 4983 οὕτω
464 4932 556 4984 καὶ
582 4934 644 4986 ὲν
673 4932 753 5002 τῷ
787 4933 965 5005 μικρῷ
1016 4936 1222 5007 κόσμῳ,
1260 4940 1327 5008 τῇ
1361 4937 1674 5012 ἀνθρωπίνῃ
1709 4938 1848 5007 λέγω

272 5019 461 5090 φύσει,
511 5025 661 5077 πᾶσα
703 5026 738 5095 ἡ
782 5026 840 5078 ὲν
893 5026 970 5097 τῷ
1012 5029 1174 5082 παντὶ
1221 5028 1562 5102 θεωρουμένη
1617 5031 1846 5101 μουσικὴ

270 5111 599 5180 καθορᾶται,
629 5115 962 5185 άναλογοῦσα
1007 5117 1088 5190 τῷ
1127 5119 1233 5190 ὅλῳ
1280 5121 1368 5175 διά
1396 5121 1488 5175 τοῦ
1530 5121 1744 5192 μέρους,
1771 5120 1847 5185 ὡς

270 5207 534 5276 χωρείται
560 5206 622 5260 τὸ
655 5207 774 5260 ὅλον
808 5208 914 5262 ὑπὸ
938 5208 1032 5263 τοῦ
1070 5209 1291 5282 μέρους.
1327 5211 1572 5266 Δείκνυσι
1602 5212 1660 5266 δὲ
1690 5211 1846 5267 τοῦτο

336 5382 557 5440 "Psal.
586 5399 737 5450 xviii,
767 5385 803 5440 2
829 5400 949 5457 sqq.
1022 5387 1233 5444 "Psal.
1264 5403 1488 5458 cxavm,
1535 5391 1557 5446 1
1603 5406 1723 5464 sqq.

345 5555 461 5628 (ὅθ)
486 5559 529 5610 Π
539 5557 882 5628 ροαγόμενος,
909 5559 995 5615 ed.

343 5627 462 5695 (3|)
479 5627 588 5680 Kal
618 5627 741 5682 add.
772 5631 860 5684 ed.

340 5697 458 5773 (ἔξ)
488 5698 614 5773 :01;
652 5698 782 5773 ποτὲ
805 5698 1026 5773 τὸζδδωρ
1049 5713 1156 5756 om.
1188 5700 1275 5757 ed.

340 5768 458 5832 (55)
488 5768 809 5838 Γινομένων,
827 5768 912 5826 ed.

1952 4499 2151 4556 magno
2185 4485 2280 4540 illo
2311 4495 2365 4541 et
2408 4485 2651 4556 spatioso
2676 4485 2880 4540 mundo
2904 4485 3132 4555 reperit,
3164 4486 3265 4540 hoc
3284 4527 3298 4550 ,
3327 4495 3386 4540 ut
3414 4502 3504 4556 par

1948 4584 2061 4639 est,
2093 4576 2148 4629 in
2183 4589 2352 4645 parvo
2391 4576 2574 4630 itiolem
2603 4575 2985 4644 conspicetur:
3008 4589 3134 4644 pars
3167 4575 3312 4630 enim
3343 4577 3505 4630 totius

1947 4673 2179 4737 cognata
2206 4675 2292 4722 est
2319 4667 2445 4721 toti.
2478 4665 2614 4720 Nam
2653 4667 3106 4737 quemadmodum
3137 4667 3191 4721 in
3218 4667 3398 4738 exigui
3422 4667 3506 4721 vi-

1947 4759 2022 4812 tri
2053 4757 2360 4828 fragmento
2396 4774 2494 4829 per
2518 4767 2728 4828 partem
2765 4759 3117 4830 pellucidam,
3162 4767 3333 4814 totum
3373 4759 3508 4815 solis

1950 4849 2169 4915 orbem,
2199 4849 2344 4903 sicut
2380 4849 2435 4902 in
2481 4850 2737 4920 speculo,
2778 4865 3003 4906 cernere
3049 4850 3216 4915 licet,
3247 4859 3508 4920 quantum

1951 4941 2174 5012 quidem
2203 4941 2349 5012 capit
2372 4942 2608 4997 lucentis
2631 4942 2753 4997 vitri
2779 4944 3050 5012 parvitas:
3083 4943 3154 4998 ita
3179 4952 3234 4998 et
3261 4943 3313 4997 in
3342 4956 3509 5013 parvo

1952 5033 2190 5098 mundo,
2229 5032 2286 5088 in
2324 5034 2556 5088 humana
2587 5033 2806 5103 inquam
2835 5043 3027 5089 natura
3048 5075 3063 5101 ,
3098 5043 3241 5090 totus
3276 5035 3364 5088 ille
3393 5047 3508 5086 nia—

1951 5124 2044 5196 gni
2083 5123 2274 5179 mundi
2317 5132 2616 5180 concentus
2658 5125 2950 5190 elucescit,
2996 5125 3344 5197 proportione
3369 5138 3506 5193 qua-

1955 5216 2082 5272 dam
2106 5216 2206 5273 toti
2232 5231 2329 5288 per
2353 5223 2564 5287 partem
2595 5216 2929 5288 respondens
2951 5257 2965 5282 ,
2998 5225 3259 5287 quantum
3288 5215 3504 5286 quidem

2013 5559 2126 5630 (54)
2146 5557 2246 5630 Ῑῷ
2274 5573 2385 5614 om.
2418 5556 2504 5612 ed.

2011 5627 2123 5700 (55)
2145 5627 2304 5683 Forte
2326 5644 2436 5700 om.
2467 5627 2560 5700 τῷ.

2011 5631 2102 5700 (55
2145 5631 2304 5683 Forte
2326 5644 2436 5684 om.

2009 5631 2123 5770 (56;
2149 5699 2340 5764 Είδεῖν.
2373 5697 2458 5754 ed.
