3982 6512
529 404 632 462 “5

1750 410 1806 464 S.
1850 409 2180 467 GREGORII
2216 402 2531 467 NYSSENI'

3643 406 3744 461 ΗΑ

530 532 775 589 tutmna
823 532 975 591 parte
1018 521 1136 592 capi
1182 528 1235 577 et
1276 524 1650 593 repraesentari
1699 533 1896 593 potest.
1949 526 2090 583 idem

2213 529 2345 598 ιαἰή
2382 526 2641 599 όργανικὴ
2688 525 2779 578 τοῦ
2835 525 3079 595 σώματος
3124 524 3283 596 ἡμῶν
3317 524 3568 595 διασκευὴ
3615 523 3749 595 πρὸς

529 613 768 667 ostendit
806 613 1063 683 organica
1094 615 1341 683 corporis
1373 614 1546 668 nostri
1581 623 1855 670 structura
1878 656 1893 679 ,
1932 632 2095 686 quam

532 715 725 761 natura
751 704 819 758 ad
848 704 1086 760 musicas
1111 706 1453 774 Operationes
1480 706 1616 761 scite
1639 705 1865 761 emnxit.
1896 706 2097 765 Intueri

531 798 678 851 enim
711 797 837 851 licet
869 797 1082 852 arteria:
1111 798 1256 852 velut
1292 797 1516 864 tibiam,
1546 797 1714 867 palati
1751 798 1906 867 quasi
1942 799 2098 867 lami-

534 905 659 943 nam
691 904 786 944 seu
817 890 1058 943 tabulam
1084 928 1098 953 ,
1134 904 1240 958 qua
1283 890 1437 944 nervi
1482 889 1865 953 intenduntur,
1902 891 2096 944 modu-

533 981 901 1050 lationemque
932 995 1053 1051 quae
1078 981 1136 1033 lit
1164 996 1259 1050 per
1288 982 1525 1052 linguam
1556 990 1608 1037 et
1642 982 1890 1037 maxillas
1918 989 1970 1037 et
2002 998 2097 1052 per

533 1090 599 1133 os
625 1073 779 1146 quasi
812 1088 906 1143 per
931 1072 1179 1127 chordas.

604 1167 742 1224 Cum
771 1167 934 1239 igitur
958 1180 1118 1221 omne
1143 1163 1274 1219 illud
1303 1165 1447 1235 quod
1473 1165 1723 1221 naturale
1745 1172 1829 1221 est
1848 1204 1863 1229 ,
1886 1173 2097 1222 natura:

538 1260 611 1316 sit
654 1259 891 1313 amicum
915 1296 930 1322 ,
976 1257 1521 1326 demonstratumque
1567 1257 1670 1323 sit,
1701 1258 1963 1311 musicam
2001 1272 2096 1312 ua—

538 1359 677 1405 turae
706 1363 828 1404 esse
857 1355 1277 1403 consentaneam
1303 1364 1317 1413 ;
1348 1346 1418 1402 ob
1444 1346 1497 1401 id
1534 1361 1762 1417 magnus
1787 1345 1953 1400 David
1977 1347 2097 1418 phi-

539 1439 805 1509 losophia
832 1436 901 1492 de
927 1437 1225 1492 virtutibus
1252 1437 1536 1492 melodiam
1565 1444 1619 1494 et
1645 1444 1967 1493 concentum
1996 1438 2099 1491 im-

539 1527 795 1592 miscuit,
844 1536 898 1580 et
944 1524 1197 1581 sublimia
1248 1525 1340 1578 illa
1381 1525 1673 1597 dogmata,
1718 1525 1896 1582 mellis
1941 1528 2099 1596 quasi

540 1619 828 1675 dulcedine
862 1610 1097 1687 aspersit
1120 1634 1136 1683 ;
1168 1631 1265 1686 per
1288 1632 1451 1687 quam
1474 1617 1656 1688 aliquo
1679 1616 1841 1672 modo
1863 1616 2099 1690 seipsam

540 1714 782 1769 intuetur
813 1718 867 1766 et
899 1717 1055 1764 curat
1088 1716 1305 1765 natura.
1337 1708 1561 1763 Curatio
1592 1711 1739 1765 enim
1774 1719 1984 1766 naturai
2017 1720 2101 1768 est

541 1807 666 1861 vitae
691 1802 1066 1868 concinnitas,
1091 1816 1253 1871 quam
1277 1801 1408 1856 mihi
1444 1803 1607 1857 tacite
1635 1818 1733 1872 per
1755 1804 2098 1874 aenigmatum

2196 619 2451 691 ἐργασίαν
2477 618 2738 689 μουσικῆς
2764 617 3194 686 φιλοτεχνηθεῖσα
3220 617 3367 687 παρά
3399 615 3497 685 τῆς
3520 614 3746 683 φύσεως.

2209 713 2367 783 Ὁρᾷς
2417 712 2506 764 τὸν
2544 710 2643 781 τῆς
2691 708 2952 779 ἀρτηρίας
2998 708 3177 770 αὐλὸν,
3222 709 3319 779 τὴν
3361 708 3455 777 τῆς
3503 706 3748 777 ὑπερῴας

2203 806 2417 878 μαγάδα
2466 805 2612 873 (37),
2661 805 2758 875 τὴν
2803 803 2890 856 διά
2938 801 3180 873 γλώττης
3223 804 3315 855 καὶ
3362 800 3597 872 παρειῶν
3652 802 3744 854 καὶ⁸

2196 899 2478 968 στόματος,
2544 897 2620 960 ὡς
2683 896 2768 949 διά
2812 895 3013 967 χορδῶν
3082 894 3174 946 καὶ
3239 892 3511 963 πλήκτρου
3572 892 3750 962 κιθαρ-

2193 987 2354 1059 ῳδίαν
2378 1004 2393 1052 ;

2276 1179 2425 1233 Ἐπεὶ
2445 1174 2536 1231 οὖν
2563 1181 2667 1232 πᾶν
2690 1180 2748 1232 τὸ
2776 1181 2913 1234 κατὰ
2928 1182 3085 1250 φύσιν
3103 1183 3251 1252 φίλον
3273 1184 3337 1253 τῇ
3360 1179 3533 1252 φύσει,
3557 1180 3767 1235 ἀπεδεί-

2195 1268 2296 1340 χθη
2323 1269 2379 1321 δὲ
2409 1269 2545 1322 κατά
2565 1269 2723 1338 φύσιν
2748 1271 2876 1341 ήμῖν
2905 1269 3085 1343 οὖσαή
3107 1271 3355 1343 μουσικὴ,
3373 1272 3560 1325 τούτου
3581 1272 3753 1341 χάριν,

2195 1363 2222 1415 6
2254 1362 2423 1431 μέγας
2445 1360 2607 1414 Δαυῖδ
2633 1364 2696 1431 τῇ
2716 1362 2840 1435 περὶ
2859 1362 2965 1415 τῶν
2984 1363 3190 1433 ἀρετῶν
3210 1362 3492 1433 φιλοσοφίᾳ
3510 1360 3606 1432 τὴν
3634 1361 3754 1431 μελ-

2195 1453 2354 1522 ῳδίαν
2370 1452 2653 1524 κατέμιξεν
2668 1469 2682 1483 ο
2706 1448 2815 1507 οἷόν
2838 1470 2955 1506 τινα
2981 1454 3187 1523 μέλιτος
3207 1454 3396 1525 ἡδονὴν
3418 1453 3524 1507 τῶν
3546 1453 3756 1523 ὑψηλῶν

2197 1544 2465 1614 καταχέας
2503 1543 2804 1614 δογμάτων,
2850 1545 2915 1597 δι’
2962 1540 3026 1615 ἦς
3073 1546 3269 1615 ἑαυτὴν
3312 1545 3610 1615 ἀναθεωρεῖ
3649 1545 3755 1612 (38)

2197 1635 2393 1705 τρόπον
2433 1636 2555 1689 τινὰ
2596 1634 2690 1688 καὶ
2735 1633 3021 1704 θεραπεύει
3061 1638 3093 1706 ἡ
3139 1636 3317 1703 φύσις.
3347 1636 3622 1707 Θεραπεία
3657 1635 3759 1706 γάρ

2199 1724 2407 1795 φύσεώς
2455 1728 2599 1779 ἐστιν
2644 1728 2678 1796 ἡ
2723 1725 2824 1795 τῆς
2865 1726 3008 1795 ζωῆς
3058 1726 3341 1797 εὐρυθμία,
3378 1727 3445 1796 ἦν
3487 1743 3578 1796 μοι
3623 1725 3760 1781 δοκεῖ

2203 1813 2580 1886 συμϐουλεύειν
2624 1814 2691 1868 δι’
2730 1815 3061 1885 αἰνιγμάτων
3090 1817 3123 1884 ἡ
3160 1814 3411 1885 μελῳδία.
3461 1814 3619 1882 Τάχα
3660 1813 3761 1884 γὰρ

542 1895 769 1951 umbras
798 1895 1027 1949 suadere
1058 1892 1270 1947 videtur
1313 1892 1568 1947 melodia.
1612 1894 1676 1948 Et
1710 1893 1853 1950 forte
1885 1894 1985 1949 hoc
2017 1902 2100 1948 to-

2213 1905 2330 1958 ιύτὸ
2360 1904 2513 1958 τοῦτο
2545 1905 2680 1976 πρὸς
2705 1906 2804 1976 τὴν
2834 1903 3164 1975 ὑψηλοτέραν
3211 1902 3302 1957 τοῦ
3338 1901 3450 1973 βίου
3489 1902 3758 1958 κατάστα-

542 1996 660 2042 tum
711 1986 848 2041 nihil
896 1984 1040 2038 aliud
1086 1990 1203 2047 est,
1235 1998 1397 2053 quam
1430 1982 1499 2037 ad
1533 1984 1885 2041 excelsiorem
1929 1992 1984 2041 et
2033 1986 2103 2042 ab

543 2076 746 2133 inlimis
769 2075 1120 2130 remotiorem
1149 2076 1313 2128 vitam
1341 2074 1730 2145 capessendam
1757 2076 2062 2133 cohortatio
2086 2096 2102 2146 ;

544 2180 773 2222 monens
807 2165 1094 2227 videlicet,
1126 2173 1185 2219 ut
1226 2165 1281 2218 in
1316 2166 1561 2222 moribus
1588 2179 1779 2221 eorum
1807 2167 1901 2238 qui
1934 2168 2107 2222 virtu-

546 2268 653 2313 tem
681 2257 903 2320 colunt,
931 2256 1069 2310 nihil
1099 2255 1231 2309 insit
1259 2256 1647 2311 inconcinnum
1677 2266 1731 2311 et
1758 2272 1789 2312 a
1816 2267 1970 2315 recto
1999 2260 2103 2314 ab-

546 2349 782 2404 horrens
804 2386 819 2409 ,
854 2356 948 2401 aut
978 2347 1306 2412 dissonum;
1345 2346 1543 2401 lidibus
1584 2362 1760 2417 neque
1793 2363 1958 2418 supra
1988 2365 2107 2404 mo—

548 2441 678 2496 dum
712 2439 982 2495 contentis
1007 2458 1020 2494 :
1049 2438 1322 2508 rumpitur
1345 2437 1523 2503 enim,
1559 2439 1607 2494 si
1656 2440 1883 2495 nimium
1930 2442 2107 2497 inten-

547 2532 710 2587 datur
760 2531 1050 2585 cordarum
1101 2536 1227 2599 apta
1279 2530 1694 2598 convenientia;
1741 2548 1917 2602 neque
1941 2534 2105 2590 etiam

550 2621 733 2679 studio
754 2621 809 2675 in
833 2621 1171 2676 contrarium
1203 2634 1392 2684 verso,
1423 2620 1649 2675 nimium
1680 2638 1778 2693 per
1802 2624 2108 2695 voluptates

548 2716 618 2772 ad
645 2714 1025 2771 remissionem
1051 2713 1246 2768 laxatis
1274 2730 1288 2779 ;
1317 2721 1464 2766 muta
1487 2714 1632 2768 enim
1658 2722 1712 2769 et
1738 2716 1886 2772 vocis
1911 2731 2107 2787 expers

550 2806 798 2862 redditur
830 2819 985 2861 mens
1025 2804 1113 2859 his
1149 2803 1529 2860 affectionibus
1565 2804 1796 2860 nimium
1833 2805 2106 2874 obnoxia;

552 2898 766 2967 aliaque
794 2895 847 2951 id
877 2909 1049 2966 genus
1078 2894 1261 2948 omnia
1289 2893 1448 2949 docet
1468 2936 1484 2960 ,
1516 2902 1576 2949 ut
1605 2904 1659 2949 et
1685 2897 1996 2965 tempestive
2024 2896 2108 2952 in-

550 2990 838 3045 tendamus
864 2995 919 3044 et
948 2985 1288 3042 remittamus
1319 3000 1538 3050 sonum,
1569 2984 1624 3041 id
1656 3002 1822 3042 unum
1858 2999 2111 3058 spectan-

552 3087 635 3137 tes
657 3122 672 3147 ,
704 3087 764 3135 ut
795 3079 955 3135 nobis
983 3084 1244 3149 perpetuo
1276 3076 1492 3132 vivendi
1523 3079 1664 3133 ratio
1704 3078 1843 3134 bene
1889 3094 2111 3150 compo—

554 3176 657 3231 sita
686 3183 739 3230 et
773 3178 1071 3240 temperata
1100 3178 1341 3233 constet,
1389 3183 1565 3239 neque
1596 3168 1716 3225 sine
1761 3169 1922 3225 modo
1963 3186 2113 3227 reso-

552 3268 705 3332 luta;
752 3276 928 3332 neque
969 3275 1133 3331 supra
1174 3260 1395 3315 modum
1427 3266 1709 3315 contenta.
1752 3240 2185 3326 Quamobrellc

483 3388 492 3396 -
554 3358 750 3414 divinae
778 3356 941 3411 huius
970 3352 1196 3411 musica:
1225 3352 1484 3423 praeclare
1509 3351 1652 3407 facta
1682 3351 1869 3408 Davidi
1898 3368 2116 3425 quoque

558 3449 807 3504 attribuit
844 3460 1002 3501 sacra
1032 3444 1303 3509 historia;
1332 3459 1458 3498 nam
1499 3458 1622 3499 cum
1652 3442 1946 3514 aliquando
1976 3444 2117 3501 Sati-

558 3541 662 3595 lem
696 3538 939 3594 insanire
966 3545 1019 3591 et
1049 3540 1320 3606 potestate
1346 3534 1545 3589 mentis
1573 3534 1755 3589 exisse
1783 3535 2119 3590 animadver-

557 3638 730 3692 teret,
762 3626 841 3682 slc
867 3634 1138 3682 concentu
1169 3622 1509 3679 atfeclionem
1538 3623 1686 3678 illam
1715 3626 2081 3696 tranquillavit
2101 3666 2116 3691 ,

560 3728 622 3776 ut
658 3721 958 3776 naturalem
1002 3714 1201 3774 mentis
1238 3716 1550 3771 facultatem
1587 3716 1877 3786 reciperet.
1914 3715 1988 3770 Ex
2034 3717 2121 3773 his

560 3808 727 3883 igitur
754 3809 1101 3867 manifestum
1124 3816 1226 3873 est,
1245 3824 1508 3879 quorsum
1543 3808 1728 3863 tendat
1758 3808 2008 3862 melodis:
2038 3809 2123 3863 in-

560 3904 803 3960 volutum
827 3902 1076 3973 aenigma.
1104 3899 1271 3955 Docet
1291 3898 1577 3963 videlicet,
1603 3899 1887 3969 passiones
1916 3908 1969 3954 et
2001 3915 2124 3970 per-

561 3996 900 4052 turbationes
920 3994 1087 4049 animi
1111 3990 1445 4048 edomandas
1471 4000 1525 4046 et
1545 3990 1942 4047 contrahendas
1967 4007 2087 4047 esse
2106 4032 2121 4058 ,

566 4102 688 4158 quae
714 4087 880 4142 variis
906 4085 1187 4141 eventibus
1218 4084 1369 4139 varie
1398 4083 1453 4137 in
1482 4083 1584 4138 hac
1608 4083 1715 4138 vita
1745 4084 2010 4139 concitari
2036 4099 2127 4140 so-

566 4179 700 4232 lent.
724 4175 925 4231 Verum
944 4175 1087 4233 enim
1105 4190 1233 4230 vero
1256 4190 1430 4244 neque
1451 4173 1554 4229 hoc
1571 4174 1672 4229 levi
1696 4173 1919 4229 brachio
1937 4184 2125 4244 praete-

565 4268 832 4323 reundum
855 4274 959 4332 est,
985 4282 1202 4336 nempe,
1226 4266 1326 4321 has
1349 4273 1570 4322 nostras
1591 4266 1850 4322 melodias
1875 4283 1980 4322 non
2006 4283 2127 4325 esse

567 4358 742 4413 factas
763 4372 826 4412 eo
848 4356 1033 4422 modo,
1063 4372 1174 4427 quo
1202 4363 1551 4411 externorum
1574 4396 1589 4420 ,
1614 4366 1669 4411 et
1690 4372 1720 4409 a
1746 4366 1931 4412 nostra
1957 4359 2125 4415 disci-

572 4449 718 4519 plina
745 4447 1048 4503 alienorum
1081 4446 1327 4501 carmina
1354 4447 1574 4501 condita
1606 4457 1731 4503 sunt
1759 4465 1772 4514 ;
1807 4463 1931 4503 nam
1957 4452 2128 4506 melos

569 4550 627 4599 et
650 4541 903 4597 modulus
930 4542 991 4596 in
1006 4540 1304 4596 dictionum
1327 4555 1525 4595 sonora
1550 4542 1693 4597 serie
1712 4549 1766 4597 et
1789 4544 2129 4600 connexione

570 4648 679 4689 non
707 4632 959 4689 consistit
984 4650 999 4699 ;
1032 4630 1488 4701 quemadmodum
1520 4632 1664 4702 apud
1695 4633 1820 4689 illos
1848 4634 2032 4691 videre
2063 4636 2129 4690 li-

570 4731 690 4787 cet,
716 4722 914 4794 quibus
942 4721 1230 4794 rbythmus
1256 4722 1542 4777 coniicitur
1563 4739 1629 4778 ex
1650 4732 1974 4785 accentuum
2002 4736 2128 4798 apta

571 4814 965 4885 compositione
985 4854 1001 4880 ,
1036 4820 1167 4868 tono
1204 4814 1257 4869 iu
1288 4814 1440 4870 sonis
1471 4829 1616 4869 nunc
1646 4814 1908 4886 depresso
1927 4857 1945 4885 ,
1978 4834 2127 4877 nunc

570 4907 802 4972 elevato,
832 4905 1278 4969 uunc-breviato,
1313 4921 1456 4962 nunc
1490 4908 1797 4976 producto;
1841 4909 1937 4965 sed
1976 4910 2125 4966 nullo

572 4997 752 5056 studio
806 4998 1095 5067 quaesitum
1153 5009 1636 5068 comparatumque
1690 4999 1887 5055 divinis
1945 5002 2126 5058 verbis

572 5088 745 5144 melos
794 5088 1107 5148 innectitur,
1163 5086 1308 5156 quod
1358 5088 1474 5156 ipsa
1521 5089 1672 5143 vocis
1718 5090 2130 5147 conﬁrmatione

576 5179 873 5235 secundum
904 5178 1293 5242 intensiouem,
1324 5188 1377 5232 ct
1408 5180 1799 5248 compositione
1824 5180 2129 5251 subjectum

573 5268 757 5324 verbis
792 5282 1012 5323 sensum
1033 5307 1049 5333 ,
1080 5266 1261 5337 quoad
1314 5266 1428 5322 ﬁeri
1460 5274 1671 5337 potest,
1702 5269 1923 5324 revelat.
1954 5269 2130 5327 Obso-

576 5356 728 5411 nium
764 5356 926 5428 igitur
952 5356 1114 5426 hujus
1141 5356 1309 5412 edulii
1334 5357 1441 5413 tale
1468 5365 1552 5412 est
1571 5397 1586 5421 .
1614 5373 1722 5428 quo
1754 5359 1909 5425 quasi
1938 5359 2130 5416 condi-

582 5449 781 5506 mentis
812 5449 1140 5520 quihusdam
1169 5449 1435 5507 dulcescit
1464 5449 1723 5506 doctrina:
1748 5450 1924 5507 cibus.

652 5591 763 5659 ('67)
803 5590 1044 5657 Μογάδα,
1072 5590 1161 5646 ed.

652 5659 763 5731 (68)
788 5660 1217 5731 ᾎναθεωρεῖται,
1239 5660 1325 5716 ed.

655 5730 766 5801 (59)
789 5727 949 5801 Forte
973 5727 1233 5801 ἐμμελὴς.

657 5800 767 5871 (ιο)
809 5800 965 5872 Ἡμῖν
997 5816 1105 5855 om.
1137 5801 1223 5855 ed.

2203 2014 2307 2059 σιν,
2339 1996 2657 2068 παραίνεσις
2696 1997 2924 2065 γίνεται.
2956 1997 3028 2049 Τὸ
3064 1996 3139 2066 μὴ
3179 1995 3287 2049 δεῖν
3319 1996 3554 2065 ἀμουσόν
3590 2012 3647 2047 τε
3677 1995 3763 2047 καὶ

2202 2084 2461 2154 ἐκτροπον
2491 2084 2583 2138 καὶ
2612 2084 2995 2155 παρηχημένον
3020 2086 3128 2138 τῶν
3168 2087 3225 2138 ἐν
3254 2085 3417 2155 ἀρετῇ
3448 2083 3672 2146 ζώντων,
3694 2080 3763 2135 εἷ-

2202 2187 2289 2224 ναι
2312 2170 2373 2223 τὸ
2397 2166 2547 2243 ἦθος,
2575 2173 2708 2244 μήτε
2733 2173 2871 2243 πέρα
2896 2172 2989 2227 τοῦ
3020 2173 3218 2244 μέτρου
3242 2173 3339 2243 τῆς
3362 2172 3556 2243 χορδῆς
3590 2171 3762 2236 ὀξυτο-

2202 2260 2427 2330 νούσης-
2466 2264 2722 2332 ῥήγνυται
2768 2263 2873 2333 γὰρ
2920 2262 3132 2324 πάντως
3186 2262 3632 2333 ὑπερτεινόμενω
3674 2260 3764 2329 τῆς

2204 2352 2396 2424 χορδῆς
2416 2351 2477 2404 τὸ
2504 2353 2834 2423 εὐάρμοστον
2858 2370 2871 2383 ·
2911 2355 3034 2424 μήτ’
3072 2350 3136 2407 αὖ
3174 2354 3305 2425 πρὸς
3348 2354 3410 2406 τὸ
3448 2352 3687 2406 ἐναντίον
3715 2353 3777 2404 ἐν

2204 2442 2437 2514 ἀμετρίᾳ
2466 2442 2533 2495 δι’
2559 2442 2749 2513 ήδονῆς
2796 2444 3068 2514 ὑποχαλᾷν
3098 2445 3187 2498 τὸν
3246 2445 3415 2500 τόνον.
3465 2445 3641 2515 Κωφὴ
3670 2444 3767 2514 γὰρ

2204 2533 2299 2590 καλ⁵
2335 2532 2557 2596 ἄναυδος
2590 2533 2795 2602 γίνεται
2832 2537 2866 2606 ἡ
2904 2535 3049 2607 ψυχὴ
3085 2538 3195 2599 τοῖς
3242 2534 3500 2600 τοιούτοις
3547 2536 3770 2589 πάθεσιν

2205 2625 2603 2697 ὲγχαυνωθεῖσα
2622 2644 2633 2656 ·
2666 2627 2762 2681 καὶ
2801 2628 2869 2681 τὰ
2900 2628 3036 2683 ἄλλα
3072 2627 3246 2683 πάντα
3278 2628 3534 2692 ὡσαύτως
3575 2627 3768 2681 ἐπιτεί-

2205 2708 2321 2769 νειν
2356 2731 2417 2767 τε
2465 2715 2605 2771 κατά
2654 2717 2843 2788 καιρὸν
2888 2718 2982 2772 καὶ
3028 2717 3238 2787 ὑφιέναι
3286 2716 3380 2770 τοῦ
3421 2717 3612 2771 τόνου·
3649 2717 3771 2787 πρὸς

2205 2804 2362 2859 τοῦτο
2386 2804 2695 2875 βλέποντας,
2744 2808 2891 2871 ὅπως
2945 2807 3010 2862 ἂν
3058 2810 3188 2879 ἡμῖν
3236 2807 3324 2861 διὰ
3379 2807 3585 2871 παντὸς
3618 2808 3771 2879 εὐμε-

2208 2894 2305 2966 λής
2333 2912 2393 2948 τε
2424 2895 2516 2952 καὶ
2543 2895 2810 2968 εὕρυθμος
2837 2900 2865 2951 6
2893 2899 2950 2951 ἐν
2975 2898 3180 2962 τούτοις
3206 2897 3359 2969 ήθεσι
3393 2897 3638 2968 διαμένοι
3662 2898 3774 2968 τρό-

2209 3001 2328 3049 πος,
2362 2985 2496 3055 μήτε
2526 2984 2777 3057 ἀμέτρως
2809 2985 3084 3057 λυόμενος,
3111 2988 3246 3059 μήτε
3278 2988 3421 3058 πέρα
3450 2986 3544 3040 τοῦ
3587 2989 3772 3058 μέτρου

2211 3074 2847 3145 ὑπερτεινόμενος.⁹Ὀθεν
2872 3078 2965 3131 καὶ
2994 3077 3485 3159 miliadecem
3510 3078 3614 3148 τῆς
3636 3078 3771 3140 θείας

2212 3168 2411 3240 ταύτης
2438 3168 2698 3239 μουσικῆς
2726 3170 3132 3239 προσμαρτυρεῖ
3161 3167 3239 3239 τῷ
3270 3166 3431 3220 Δαυτδ
3468 3168 3501 3237 ή
3533 3166 3740 3237 ἱστορία
3760 3182 3772 3194 ·

2214 3262 2294 3316 ὅτι
2317 3260 2625 3333 παράφορόν
2642 3276 2769 3315 ποτε
2790 3259 3105 3317 καταλαϐὼν
3129 3260 3218 3313 τὸν
3237 3259 3423 3322 Σαοὺλ,
3442 3259 3533 3311 καὶ
3564 3258 3776 3327 ἐξεστη-

2216 3354 2347 3409 κότα
2378 3353 2475 3424 τῆς
2506 3352 2760 3415 διανοίας,
2814 3350 2985 3414 οὕτως
3030 3350 3280 3415 ἐξιάσατο
3331 3350 3652 3420 κατεπᾴδων
3690 3347 3784 3401 τοῦ.

2218 3444 2443 3507 πάθους,
2485 3442 2625 3497 ὥστε
2676 3441 2824 3512 αὑτῷ
2866 3441 3027 3497 πάλιν
3067 3442 3201 3513 πρὸς
3245 3441 3306 3497 τὸ
3342 3441 3478 3497 κατὰ
3504 3441 3666 3510 φύσιν
3690 3443 3779 3493 ὲπ-

2218 3534 2458 3589 ανελθεῖν
2486 3534 2583 3604 τὴν
2604 3532 2859 3588 διάνοιαν.
2887 3533 3051 3603 Δῆλον
3074 3528 3165 3586 οὖν
3195 3534 3259 3587 ἐκ
3282 3532 3484 3588 τούτων
3506 3533 3627 3585 ἐστὶ
3654 3532 3776 3601 πρὸς

2218 3627 2246 3681 ὃ
2295 3643 2345 3679 τι
2381 3624 2564 3695 βλέπει
2590 3624 2688 3693 τῆς
2734 3623 2993 3694 μελῳδίας
3043 3623 3103 3676 τὸ
3147 3621 3373 3693 αἴνιγμα
3431 3623 3513 3677 ὅτι
3548 3622 3653 3693 τὴν
3682 3619 3779 3673 τῶν

2220 3716 2554 3787 παθημάτων
2606 3716 2936 3787 καταστολὴν
2974 3714 3323 3785 συμϐουλεύει
3368 3714 3640 3767 ποιεῖσθαι
3682 3712 3780 3765 τῶν

2221 3807 2486 3878 διαφόρως
2517 3808 2645 3878 ἡμῖν
2684 3806 2794 3877 (40)
2841 3805 3201 3876 ἐγγινομένων
3250 3806 3315 3857 ἐκ
3353 3805 3460 3857 τῶν
3523 3800 3780 3873 βιωτικῶν

2224 3899 2608 3968 περιστάσεων.
2640 3897 2797 3951 Ἀλλά
2824 3896 3087 3952 καὶτοῦτο
3122 3896 3384 3966 προσήκει
3419 3894 3490 3965 μὴ
3512 3894 3781 3964 παραδρα-

2226 3994 2347 4061 μεῖν
2369 3990 2695 4061 ἀθεώρητον,
2726 3991 2807 4044 ὃτι
2832 3992 2892 4042 ού
2923 3990 3061 4043 κατά
3087 3988 3210 4053 τοὺς
3254 3987 3358 4053 ἔξω
3397 3986 3493 4055 τῆς
3518 3985 3781 4055 ἡμετέρας

2226 4081 2416 4151 σοφίας
2449 4081 2797 4153 μελοποιοὺς,
2844 4082 2937 4135 καὶ
2980 4080 3152 4133 ταῦτα
3192 4080 3262 4132 τὰ
3301 4078 3434 4149 μέλη
3469 4077 3777 4142 πεποίηται·

2224 4175 2285 4227 ού
2318 4174 2426 4245 γάρ
2458 4176 2514 4228 ἐν
2542 4172 2620 4244 τῷ
2642 4174 2749 4227 τῶν
2783 4172 2977 4239 λέξεων
3003 4173 3138 4243 τόνῳ
3172 4173 3347 4225 κεῖται
3370 4170 3431 4223 τὸ
3470 4168 3650 4237 μέλος,
3683 4166 3781 4220 ῶσ-

2226 4283 2331 4337 περ
2355 4267 2412 4318 ἐν
2443 4264 2668 4328 ἐκείνοις
2696 4264 2839 4321 ἐστιν
2881 4264 3023 4330 ἰδεῖν,
3064 4262 3190 4335 παρ’
3220 4257 3301 4326 οἷς
3336 4264 3393 4317 ἐν
3421 4264 3486 4333 τῇ
3528 4261 3657 4329 ποιᾷ
3683 4257 3781 4310 τῶν

2230 4357 2538 4429 προσῳδιῶν
2578 4356 2834 4428 συνθήκῃ,
2863 4357 2955 4409 τοῦ
2982 4359 3037 4411 ἐν
3065 4360 3175 4420 τοῖς
3219 4355 3472 4424 φθόγγοις
3512 4351 3667 4405 τόνου
3698 4348 3783 4419 βα-

2231 4448 2520 4521 ρυνομένου
2552 4465 2612 4501 τε
2642 4447 2737 4501 καὶ
2776 4446 3142 4511 όξυτονοῦντος
3189 4445 3283 4501 καὶ
3315 4445 3424 4513 (ιι)
3458 4439 3778 4513 βραχυνομέ-

2230 4557 2319 4593 νου
2360 4557 2420 4593 τε
2475 4540 2568 4594 καὶ
2621 4539 3054 4610 παρατείνοντος,
3102 4539 3131 4591 6
3168 4536 3368 4608 ῥυθμὸς
3421 4534 3777 4592 ἀποτίκτεται,

2233 4632 2369 4686 άλλά
2399 4632 2493 4686 καὶ
2522 4630 2632 4702 (42)
2666 4629 3034 4687 ἀκατάσκευόν
3059 4646 3117 4682 τε
3143 4631 3231 4681 καὶ
3252 4626 3657 4695 ἀνεπιτήδευτον
3677 4624 3779 4685 τοῖς

2233 4723 2394 4787 θείοις
2426 4723 2601 4791 λόγοις
2632 4721 2842 4792 ἐνείρας
2870 4721 2931 4773 τὸ
2967 4721 3144 4791 μέλος,
3190 4717 3508 4790 ἑρμηνεύειν
3555 4719 3618 4787 τῇ
3665 4715 3782 4784 μελ-

2231 4814 2364 4887 ῳδίᾳ
2390 4815 2487 4887 τὴν
2512 4813 2621 4867 τῶν
2642 4812 2946 4883 λεγομένων
2989 4811 3228 4865 διάνοιαν
3268 4809 3533 4878 βούλεται,
3562 4809 3626 4877 τῇ
3660 4804 3779 4873 ποιᾷ

2233 4907 2579 4972 συνδιαθέσει,
2608 4907 2699 4960 τοῦ
2732 4906 2870 4957 κατά
2895 4902 2989 4974 τὴν
3027 4902 3206 4972 φωνὴν
3241 4901 3391 4954 τόνου
3417 4899 3506 4952 τὸν
3538 4896 3782 4968 ἐγκείμε·

2231 5017 2318 5055 νον
2345 5002 2453 5063 τοῖς
2488 5000 2689 5070 ῥήμασι
2718 4994 2860 5059 νοῦν,
2900 4994 2975 5058 ὡς
3006 4992 3242 5055 δυνατὸν,
3273 4990 3621 5045 ἐκκαλύπτων
3656 4986 3780 5057 (45).

2235 5090 2308 5144 Τὸ
2338 5090 2436 5159 μὲν
2461 5084 2553 5142 οὖν
2585 5086 2909 5159 προσόψημα
2936 5084 3035 5154 τῆς
3060 5083 3255 5155 ἐδωδῆς
3284 5082 3537 5145 τοιοῦτον,
3557 5073 3601 5146 ᾧ
3625 5094 3781 5133 κατα-

2236 5180 2576 5249 γλυκαίνεται
2615 5177 2860 5248 καθάπερ
2910 5178 3047 5230 τισὶν
3094 5175 3459 5248 ήδύσμασινή
3516 5172 3628 5245 (44)
3678 5168 3780 5228 τῶν

2236 5272 2578 5342 διδαγμάτων
2610 5272 2807 5342 τροφή.

2238 5574 2245 5581 ’
2320 5590 2433 5661 (ιι)
2459 5587 2695 5661 Καιοιη.
2726 5586 2817 5661 ed.

2320 5657 2433 5729 (ιε)
2470 5658 2579 5713 Καί
2599 5672 2706 5729 om.
2731 5657 2817 5712 ed.

2330 5725 2432 5798 ’45)
2448 5725 2922 5789 Ἐκκαλύπτοντος,
2946 5725 3033 5782 ed.

2312 5733 2423 5873 έιι)
2464 5800 2528 5854 Ἦ
2553 5813 2662 5854 om.
2685 5797 2773 5853 ed.

2334 5797 2423 5871 ιι)
2464 5800 2528 5854 Ἦ
2553 5813 2662 5854 om.
2685 5797 2773 5853 ed.
