3982 6500
234 401 342 461 με

767 543 1160 598 ΚΕΦΑΛΑΙΟΝ
1196 546 1233 596 Δ
1255 584 1268 597 .

306 672 509 744 Καιρὸς
551 672 596 726 δ’
638 672 704 726 ἂν
751 675 835 744 εἴη
867 676 959 728 καὶ
986 675 1153 746 αὐτὴν
1186 676 1285 746 ἤδη
1315 673 1413 746 τὴν
1442 672 1550 728 τῶν
1583 672 1794 745 ἀρετῶν

235 764 555 820 πανδαισίαν
588 766 915 837 κατανοῆσαι
939 767 1018 837 τῷ
1046 767 1210 839 λόγῳ,
1250 768 1390 822 κατὰ
1412 767 1508 839 τὴν
1533 784 1795 837 προεκτε-

234 857 419 910 θείσαν
459 858 591 927 ἡμῖν
648 855 899 927 τεχνικὴν
949 856 1200 928 θεωρίαν.
1266 858 1483 928 Πρῶτον
1542 858 1638 928 μὲν
1686 858 1795 929 γὰρ

230 950 488 1019 φανεροῖς
538 947 783 1019 σημείοις
828 949 1244 1020 διακεκριμένην
1289 949 1434 1002 ἐστιν
1479 950 1656 1021 εὑρεῖν
1696 949 1794 1020 τὴν

229 1039 435 1110 ἀρετὴν
481 1040 546 1092 ὲκ
583 1040 683 1108 τῆς
729 1037 966 1103 κακίας,
1028 1039 1104 1102 ὡς
1159 1040 1459 1109 ἀσύγχυτον
1507 1035 1643 1093 εἶναι
1699 1038 1795 1110 τὴν

230 1124 495 1196 ἑκατέρου
523 1123 726 1178 τούτων
749 1125 885 1195 πρὸς
913 1125 974 1178 τὸ
998 1126 1233 1179 ἐναντίον
1258 1127 1535 1198 διαφοράν.
1574 1129 1666 1181 Ἐκ
1686 1128 1794 1197 γὰρ

230 1216 332 1286 τῆς
378 1215 730 1285 ἐγγινομένης
777 1218 907 1287 ήμίν
956 1217 1050 1270 ἀπ’
1096 1217 1273 1271 αὐτῶν
1320 1217 1685 1289 εὐφροσύνης,
1734 1218 1795 1271 τὸ

229 1307 509 1377 ἐξαίρετον
535 1307 631 1376 τῆς
666 1306 773 1360 τῶν
813 1305 1254 1377 ἐπιτηδευμάτων
1282 1306 1539 1376 ἰδιότητος
1582 1306 1791 1359 δείκνυ⁶

226 1413 320 1448 ται
350 1411 366 1426 ο
416 1395 514 1466 τῆς
547 1395 649 1465 μὲν
679 1395 876 1458 κακίας
915 1395 1013 1458 τὰς
1044 1395 1171 1465 περὶ
1201 1396 1261 1448 τὸ
1297 1395 1455 1465 σῶμα
1494 1395 1790 1466 αίσθήσεις,

228 1485 329 1556 τῆς
356 1485 414 1538 δὲ
446 1487 642 1556 ἀρετῆς
670 1485 768 1555 τὴν
795 1486 968 1556 ψυχὴν
995 1486 1408 1557 εὐφραινούσης.
1458 1486 1544 1551 Ὠς
1583 1486 1794 1557 ἀπλανῆ

227 1594 288 1630 τε
319 1578 413 1629 καὶ
446 1576 807 1646 ἀναμφίόολον
843 1574 1002 1640 εἶναι,
1042 1578 1139 1649 τὴν
1167 1579 1232 1630 ὲκ
1260 1577 1368 1631 τῶν
1399 1577 1637 1649 σημείων
1666 1579 1789 1632 τού⁶

226 1685 337 1722 των
371 1669 767 1742 εὑρισκομένην
796 1668 889 1722 τοῦ
921 1668 1279 1739 ὑποκειμένου
1309 1670 1491 1738 φύσιν.

301 1799 412 1850 Kal
450 1797 606 1851 τοῦτο
640 1798 748 1868 (4ὕ)
803 1799 863 1863 ἐξ
913 1799 1087 1853 ἄλλων
1128 1801 1187 1853 τέ
1236 1818 1412 1866 τινων,
1446 1805 1600 1858 -κατά
1640 1822 1700 1858 τε
1730 1805 1789 1858 τὸ

228 1889 539 1959 πρόχειρον,
570 1890 662 1942 καὶ
692 1896 832 1943 κατὰ
858 1891 956 1961 τὴν
989 1894 1047 1944 ὲν
1077 1891 1153 1961 τῷ
1188 1890 1337 1961 βάθει
1370 1894 1624 1965 κειμένην
1657 1895 1792 1948 θεω-

231 1980 355 2049 ρίαν
398 1978 507 2033 τῶν
536 1981 817 2048 νοημάτων
848 1982 905 2032 ἐν
946 1980 1156 2045 πολλοῖς
1181 1985 1279 2050 τῆς
1303 1984 1618 2055 ψαλμῳδίας
1650 1987 1792 2042 ἔστιν

228 2071 435 2141 εὑρεῖν,
483 2070 579 2122 καὶ
612 2070 845 2139 μάλιστά
885 2087 949 2139 γε
998 2076 1141 2126 κατὰ
1165 2074 1257 2128 τὸν
1281 2076 1539 2145 τέταρτον
1560 2075 1790 2147 ψαλμὸν,

227 2162 287 2213 ὲν
321 2152 367 2227 ᾧ
393 2176 546 2229 φησι,
577 2160 969 2231 βαρυκαρδίους
993 2158 1131 2216 εἶναι
1159 2164 1284 2227 τοὺς
1309 2165 1370 2217 τὸ
1390 2165 1581 2234 ψεῦδος
1614 2167 1706 2219 καὶ
1732 2165 1793 2219 τὸ

230 2251 460 2321 μάταιον
492 2252 590 2321 τῆς
634 2252 889 2321 ἀληθείας
939 2252 1013 2324 μὴ
1066 2253 1177 2323 (46)
1225 2256 1630 2327 διακρίνοντας,
1679 2256 1791 2309 ἀλλ’

226 2344 558 2411 ἀγαπῶντας
589 2343 687 2414 μὲν
714 2343 775 2396 τὸ
803 2343 1175 2414 ἀνύπαρκτον,
1225 2348 1591 2418 περιορῶντας
1633 2349 1689 2401 δὲ
1731 2347 1793 2401 τὸ

234 2433 417 2503 μένον,
465 2435 558 2487 καὶ
596 2432 692 2486 τοῦ
734 2434 1044 2502 ἀγαπᾶσθαι
1080 2435 1241 2499 ἄξιον.
1288 2437 1475 2506 Μόνην
1520 2438 1626 2507 γὰρ
1671 2432 1792 2491 εἷπε

229 2524 549 2595 θαυμαστήν
580 2524 794 2596 ἀληθῶς
835 2521 972 2580 εἶναι
1004 2526 1101 2597 τὴν
1130 2527 1404 2597 ὁσιότητα,
1450 2527 1518 2581 τὰ
1555 2528 1612 2582 δὲ
1659 2529 1793 2582 ἄλλα

226 2615 411 2669 πάντα
438 2614 503 2669 τὰ
534 2614 645 2685 (47)
686 2615 805 2668 ἀντὶ
836 2615 944 2669 τῶν
986 2617 1204 2685 ἀγαθῶν
1247 2618 1647 2689 σπουδαζόμενα
1679 2622 1792 2683 τοῖς

226 2704 535 2775 ἀνθρώποις
560 2707 617 2759 ὲν
640 2704 900 2776 ὑπολήψει
922 2708 1157 2773 κεῖσθαι,
1181 2709 1266 2777 ἐφ’
1288 2709 1496 2763 ἑαυτῶν
1523 2711 1623 2764 οὐκ
1642 2710 1789 2777 ὄντα,

225 2796 345 2850 ἀλλ’
393 2798 450 2849 ὲν
500 2800 566 2869 τῇ
616 2798 818 2870 ματαίᾳ
847 2799 956 2852 τῶν
1006 2800 1307 2871 ἀνθρώπων
1347 2801 1522 2873 ὂίήσει
1564 2803 1624 2856 τὸ
1655 2799 1790 2858 εἶναι

226 2886 372 2957 ἔχειν
412 2888 687 2945 δοκοῦντα.
737 2891 845 2944 Kal
870 2890 945 2954 ὡς
977 2889 1043 2944 ἂν
1076 2883 1791 2965 φανερώτᾷὂῖῐιᾶαλύψειε

226 2979 289 3032 τὸ
324 2981 451 3050 περὶ
487 2980 688 3036 τούτων
713 2982 908 3052 δόγμα,
950 2983 1153 3054 προῖὼν
1197 3002 1380 3055 φησιν,
1412 2976 1494 3044 ὅτι
1532 2987 1581 3039 οἱ
1612 2987 1794 3040 πολλοὶ

224 3070 290 3122 τὸ
321 3070 523 3138 ἀγαθὸν
554 3073 612 3124 ὲν
656 3075 768 3136 τοῖς
813 3075 1152 3143 φαινομένοις
1195 3075 1461 3142 ὁρίζονται
1486 3116 1501 3140 ,
1545 3076 1793 3145 λέγοντες

224 3160 405 3213 ἐκεῖνο
423 3161 579 3231 μόνον
596 3158 733 3215 εἶναι
755 3162 974 3230 ἀγαθὸν,
990 3164 1122 3235 ὅπερ
1140 3166 1202 3218 ἄν
1222 3182 1304 3229 τις
1318 3169 1382 3237 τῇ
1402 3167 1647 3238 αἰσθήσει
1662 3185 1791 3238 προσ

224 3249 378 3323 δείξῃ
426 3251 800 3319 (48).‹Πολλοὶ
846 3252 973 3324 γὰρ,
1026 3255 1180 3325 φησὶ,
1223 3254 1459 3324 λέγουσι,
1494 3258 1590 3322 Τίς
1631 3258 1789 3326 δείξει

223 3344 360 3411 ήμῖν
389 3343 459 3395 τὰ
490 3343 717 3412 ἀγαθάν
738 3346 797 3398 '0
826 3345 882 3403 δὲ
918 3346 1052 3417 πρὸς
1082 3347 1179 3417 τὴν
1213 3349 1410 3419 ἀρετὴν
1443 3349 1655 3419 βλέπων
1694 3351 1791 3422 τὴν

229 3430 334 3500 μὲν
367 3431 749 3503 ἀνδραποδώδη
774 3434 976 3504 ταύτην
1001 3436 1094 3494 τοῦ
1125 3437 1287 3491 καλοῦ
1315 3439 1494 3508 κρίσιν
1524 3442 1752 3511 περιορᾷ
1771 3456 1786 3472 ο

224 3520 285 3573 ὲν
333 3518 391 3571 δὲ
432 3520 511 3590 τῷ
550 3524 691 3589 φωτὶ
721 3522 781 3575 τὸ
828 3523 988 3578 καλὸν
1016 3524 1220 3595 βλέπει.
1258 3527 1368 3580 Kal
1395 3527 1566 3592 οὑτως
1597 3531 1789 3601 ὲπιση-

226 3611 482 3681 μειοῦται
531 3612 628 3683 τὴν
684 3612 885 3685 θεοειδῆ
931 3633 992 3668 τε
1037 3619 1130 3670 καὶ
1177 3617 1384 3688 ὑψηλὴν
1432 3619 1786 3693 εὐφροσύνην.

221 3704 347 3767 Φῶς
398 3704 457 3757 δὲ
500 3707 671 3759 έκεῖνο
725 3708 902 3775 λέγει,
950 3708 1012 3761 τὸ
1054 3712 1116 3762 ἐκ
1163 3709 1255 3762 τοῦ
1308 3709 1450 3763 θείου
1503 3711 1787 3781 προσώπου

222 3795 694 3867 ἀπαυγαζόμενον,
715 3794 776 3853 οὗ
802 3799 1118 3854 καθικέσθαι
1148 3801 1257 3871 (49)
1287 3804 1319 3872 ή
1352 3801 1598 3874 αἴσθησις
1630 3804 1790 3872 φύσιν

222 3885 329 3939 οὐκ
358 3886 487 3957 ἔχει.
510 3907 529 3940 ‹
562 3890 899 3961 Ἐσημειώθη
927 3892 1055 3962 γὰρ,
1078 3892 1261 3963 φησὶν,
1292 3894 1376 3962 ἐφ’
1409 3895 1553 3964 ἡμᾶς
1587 3894 1646 3949 τὸ
1675 3895 1789 3963 φῶς

219 3980 319 4036 τοῦ
350 3980 640 4051 προσώπου
668 3999 781 4047 σου,
815 3984 1005 4053 Κύριε.
1041 4004 1061 4035 ι
1086 3984 1218 4038 Θεοῦ
1267 3985 1374 4055 γὰρ
1417 3987 1702 4056 πρόσωπον
1733 3990 1789 4042 ὲν

221 4072 568 4143 χαρακτῆρσι
596 4074 983 4145 θεωρούμενον,
1027 4074 1087 4129 οὗ
1120 4093 1207 4146 μοι
1252 4076 1398 4131 δοκεῖ
1430 4077 1611 4149 ἕτερον
1639 4080 1790 4149 παρά

220 4164 326 4224 τὰς
354 4161 553 4234 ἀρετὰς
580 4167 717 4217 νοεῖν
739 4165 766 4215 ὁ
786 4166 1081 4237 Προφήτης
1102 4182 1116 4195 ⁸
1162 4166 1383 4230 ταύταις
1409 4166 1517 4237 γὰρ
1558 4167 1619 4220 τὸ
1651 4168 1789 4223 θεῖον

218 4250 367 4316 εἶδος
411 4255 893 4326 χαρακτηρίζεται.
941 4258 1049 4310 Kal
1087 4258 1244 4315 τοῦτο
1289 4258 1476 4325 εἰπὼν,
1502 4258 1561 4315 τὸ
1589 4259 1790 4314 τέλειον

220 4343 521 4414 γνώρισμα
548 4345 691 4413 λέγει
737 4347 844 4417 τῆς
862 4347 1081 4419 ἀρετῆς.
1118 4367 1136 4398 ι
1178 4349 1419 4413 Ἔδωκας
1460 4349 1790 4422 εὐφροσύνην

218 4439 305 4498 εἰς
343 4437 441 4501 τὴν
480 4437 704 4507 καρδίαν
736 4455 837 4506 μου
858 4455 870 4469 ’
899 4458 919 4492 ι
947 4441 1067 4493 ἀντὶ
1105 4440 1205 4506 τῆς
1245 4440 1421 4511 ψυχῆς
1450 4442 1542 4494 καὶ
1575 4440 1666 4494 τοῦ
1696 4442 1787 4498 νοῦ

1618 407 1685 463 IN
1723 405 2056 464 PSALMOS.

1820 527 1870 581 Δ

1815 3205 1857 3264 C

3339 390 3440 445 446

2486 530 2714 588 CAPUT
2754 530 2839 587 ιν.

1960 661 2196 741 Tempus
2227 683 2389 739 porro
2421 667 2683 739 postulat,
2712 674 2769 721 ut
2797 665 2932 736 jam,
2957 663 3251 722 secundum
3279 677 3445 732 supra

1902 777 1933 816 a
1988 763 2145 818 nobis
2178 761 2366 815 initam
2415 760 2705 823 rationem,
2735 758 2916 829 ipsum
2947 757 3230 821 virtutum,
3280 762 3339 809 ut
3365 753 3444 809 sic

1892 854 2091 919 dicam,
2125 852 2492 908 lautissimum
2522 850 2740 921 epulum
2771 847 3153 918 inspiciamus.
3182 846 3259 902 Ac
3292 846 3445 917 prin-

1893 947 2037 1018 cipio
2068 944 2285 1017 quidem
2317 943 2746 999 animadvertere
2778 943 2927 1007 licet,
2951 941 3209 997 virtutem
3235 940 3447 1013 perspi-

1894 1038 2013 1092 cuis
2046 1046 2100 1092 et
2152 1033 2497 1089 evidentibus
2526 1032 2674 1087 notis
2704 1046 2734 1086 a
2769 1031 2979 1086 malitia
3005 1037 3271 1087 secretam
3303 1045 3445 1097 esse,

1894 1126 1969 1180 ita
2004 1134 2063 1179 ut
2101 1121 2389 1179 inconfusa
2417 1121 2511 1185 sit,
2551 1130 2603 1177 et
2636 1135 2667 1174 a
2698 1120 2976 1175 contrario
3018 1134 3245 1190 prorsus
3277 1120 3447 1176 libera

1893 1218 2180 1286 utriusque
2202 1216 2399 1270 borum
2432 1213 2757 1269 differentia.
2784 1211 2863 1266 Ex
2886 1211 3248 1267 delectatione
3277 1211 3445 1277 enim,

1894 1324 2053 1380 quam
2085 1307 2190 1362 illae
2219 1307 2273 1360 in
2312 1305 2471 1361 nobis
2520 1304 2782 1367 excitant,
2818 1301 3148 1366 ostenditur,
3197 1316 3445 1371 quamam

1894 1404 2089 1457 horum
2144 1399 2447 1455 studiorum
2510 1396 2583 1451 sit
2647 1393 2993 1465 proprietas,
3047 1408 3169 1448 cum
3239 1392 3446 1446 malitia

1893 1503 2089 1543 sensus
2136 1486 2406 1555 corporis,
2437 1484 2618 1543 virtus
2648 1483 2892 1537 animum
2924 1482 3195 1537 oblectet:
3228 1480 3363 1536 adeo
3386 1488 3449 1535 ut

1890 1578 2050 1646 ejus,
2112 1576 2259 1648 quod
2330 1573 2636 1645 subjectum
2695 1580 2799 1635 est,
2851 1578 3067 1637 natura,
3124 1570 3243 1625 sine
3298 1569 3445 1624 omni

1890 1684 2078 1725 errore
2099 1678 2153 1724 et
2177 1667 2530 1740 ambiguitate
2550 1681 2617 1722 ex
2642 1665 2728 1720 his
2758 1662 2976 1720 indiciis
3001 1662 3233 1718 inveniri
3260 1667 3441 1732 queat.

1972 1800 2039 1856 Et
2067 1801 2171 1856 hoc
2204 1815 2311 1855 non
2342 1798 2580 1865 aliunde,
2613 1813 2773 1868 quam
2823 1813 2887 1853 ex
2930 1796 3022 1861 iis,
3083 1810 3207 1866 qua:
3256 1795 3340 1850 vel
3385 1795 3442 1850 in

1893 1899 2144 1962 promptu
2175 1897 2305 1946 sunt
2338 1889 2538 1960 posita,
2572 1890 2656 1944 vel
2688 1890 2743 1943 in
2773 1888 2959 1943 multis
2997 1888 3239 1957 psalmis,
3277 1886 3434 1955 quasi

1894 1980 2166 2052 profundo
2198 1981 2586 2036 sententiarum
2639 1980 2860 2034 recessu
2896 1979 3078 2033 abdita
3130 1979 3319 2041 latent,
3357 1976 3445 2029 in-

1894 2072 2142 2143 telligere
2175 2071 2343 2137 licet;
2374 2071 2608 2125 maxime
2636 2084 2700 2125 ex
2732 2078 2928 2139 quarto
2985 2069 3216 2139 psalmo,
3250 2068 3305 2121 in
3339 2083 3446 2136 quo

1893 2161 2212 2231 pronuntiat
2254 2159 2408 2214 corde
2433 2175 2635 2230 graves,
2664 2158 2757 2229 qui
2786 2158 3129 2214 mendacium
3161 2166 3214 2213 et
3241 2158 3447 2211 vanita~

1893 2261 2001 2305 tem
2035 2266 2066 2306 a
2119 2252 2347 2307 veritate
2376 2250 2593 2321 quidem
2651 2250 3053 2315 internoscunl,
3111 2249 3204 2305 sed
3262 2257 3445 2304 tamen

1892 2342 2123 2412 diligunt
2155 2341 2209 2395 id
2245 2340 2391 2411 quod
2425 2355 2534 2395 non
2586 2341 2864 2403 subsistit,
2896 2342 3145 2409 neglecto
3187 2356 3251 2395 eo
3300 2341 3446 2410 quod

1892 2441 2195 2502 permanet,
2221 2434 2473 2503 quodque
2495 2432 2643 2485 omni
2666 2446 2850 2487 amore
2879 2430 3103 2501 dignum
3126 2438 3250 2499 est;
3274 2433 3445 2487 solam

1891 2524 2035 2579 enim
2067 2525 2412 2580 sanctitatem
2437 2524 2575 2579 dixit
2593 2538 2719 2579 vere
2747 2538 2870 2579 esse
2896 2523 3271 2579 admirandam
3300 2540 3314 2585 ;
3340 2524 3448 2576 alia

1891 2615 2093 2677 omnia,
2120 2630 2241 2684 quae
2271 2629 2467 2685 magno
2497 2616 2700 2679 studio,
2729 2615 2994 2671 bonorum
3022 2615 3166 2680 vice,
3191 2631 3447 2685 quarun-

1893 2714 1980 2760 tur
2019 2706 2086 2761 ab
2144 2706 2479 2770 hominibus,
2543 2708 2597 2760 in
2651 2708 2909 2774 opinione
2964 2707 3069 2762 sita
3112 2721 3256 2767 esse.
3283 2713 3337 2760 et
3391 2706 3448 2760 in

1891 2797 2090 2867 scipsis
2143 2811 2254 2850 non
2309 2796 2646 2863 subsistere;
2709 2796 2804 2851 sed
2855 2796 2914 2851 in
2965 2810 3107 2850 vana
3163 2794 3444 2849 hominum

1891 2886 2295 2941 existimatione
2319 2884 2512 2952 videri,
2545 2888 2703 2955 quasi
2732 2900 2855 2941 esse
2878 2884 3150 2955 quoddam
3173 2884 3443 2939 habeant:

1890 2991 1944 3035 et
1973 2989 2031 3033 ut
2069 2978 2375 3033 doctrinam
2414 2977 2518 3033 hac
2562 2979 2629 3034 de
2660 2993 2719 3033 re
2775 2978 3128 3033 illustriorem
3171 2976 3444 3038 redderet,

1891 3085 2182 3140 progressu
2214 3068 2482 3123 orationis
2512 3068 2588 3121 ait
2618 3088 2631 3124 :
2660 3070 2862 3123 multos
2890 3070 3094 3125 bonum
3122 3067 3349 3122 deﬁnire
3380 3067 3448 3122 iis

1892 3174 2013 3229 qua:
2059 3166 2365 3229 apparent;
2425 3168 2734 3215 asserentes
2789 3159 2925 3215 illud
2977 3160 3150 3215 solum
3186 3159 3239 3212 in
3287 3158 3449 3213 bonis

1891 3252 2308 3316 numerandum,
2340 3250 2487 3320 quod
2517 3250 2621 3305 sub
2649 3266 2871 3306 sensum
2901 3251 3048 3305 cadit
3080 3269 3094 3305 :
3139 3268 3157 3301 ι
3197 3248 3375 3311 Mulli,
3420 3267 3441 3303 ι

1889 3342 2086 3413 inquit,
2125 3362 2145 3394 ι
2195 3343 2406 3407 dicunt,
2439 3340 2573 3407 Quis
2622 3342 2872 3396 ostendet
2937 3342 3096 3397 nobis
3126 3342 3265 3395 bona
3292 3341 3387 3394 ’σῖ
3423 3360 3441 3391 ι

1888 3435 2073 3503 Atqui
2106 3433 2294 3489 oculos
2333 3432 2402 3487 ad
2453 3434 2707 3488 virtutem
2759 3436 3052 3495 convertit,
3103 3433 3195 3487 ille
3249 3434 3449 3489 servile

1889 3528 1993 3584 hoc
2021 3528 2089 3583 de
2124 3529 2269 3583 bono
2310 3526 2577 3596 judicium
2624 3534 2970 3596 aspernatur,
3023 3536 3342 3596 rectumque
3383 3540 3451 3580 ac

1890 3621 2178 3675 honestum
2212 3619 2382 3673 multo
2413 3619 2619 3673 lumine
2649 3619 3003 3674 collustratus
3034 3619 3298 3672 intuetur.
3330 3617 3450 3683 Quo

1887 3711 2115 3787 denotat
2144 3710 2385 3764 divinam
2416 3711 2563 3763 illam
2594 3717 2649 3764 et
2683 3709 2973 3765 sublimem
3003 3710 3447 3772 exsultationem,

1887 3812 1940 3857 et
1968 3802 2151 3855 lumen
2177 3800 2333 3864 illud,
2382 3800 2527 3869 quod
2559 3815 2622 3855 ex
2670 3798 2855 3853 divina
2912 3798 3054 3854 facie
3108 3798 3444 3868 resplendet,

1889 3894 2146 3965 quodque
2168 3909 2427 3950 sensuum
2456 3902 2668 3948 natura:
2696 3893 2917 3964 assequi
2949 3908 3058 3948 non
3106 3893 3446 3949 conceditur.

1894 4005 1912 4037 ι
1950 3984 2233 4057 Signatum
2280 3993 2367 4041 est
2414 3985 2585 4047 enim.
2634 3986 2834 4054 inquit,
2896 4000 3060 4055 super
3118 4001 3217 4040 nos
3265 3985 3449 4038 lumen

1889 4078 2071 4133 vultus
2102 4078 2203 4140 tui,
2225 4076 2472 4133 Domine.
2506 4095 2526 4129 ι
2551 4075 2656 4131 Per
2687 4076 2782 4131 Dei
2815 4077 3006 4131 faciem
3033 4076 3448 4132 characteribus

1895 4168 2221 4239 quibusdam
2272 4180 2325 4224 et
2354 4169 2500 4223 notis
2529 4169 2882 4238 descriptam,
2918 4185 3027 4222 non
3054 4169 3269 4222 videtur
3314 4169 3449 4224 mihi

1889 4259 2157 4330 Propheta
2182 4259 2332 4314 aliud
2366 4260 2611 4315 indicare
2636 4262 2795 4323 velle,
2823 4275 2985 4327 quam
3017 4260 3246 4316 virtutes
3274 4277 3287 4323 ;
3321 4276 3448 4316 nam

1890 4354 1976 4409 his
2008 4353 2220 4423 species
2245 4352 2428 4406 divina
2452 4352 2793 4422 designatur.
2813 4351 2912 4407 His
2938 4352 3121 4413 dictis,
3152 4352 3449 4421 perfectam

1890 4444 2105 4499 virtutis
2137 4452 2317 4497 notam
2347 4443 2573 4497 adduxit
2600 4459 2612 4495 :
2640 4461 2657 4494 ι
2688 4442 2892 4497 Dedisti
2924 4442 3162 4496 laetitiam
3195 4442 3250 4497 in
3282 4442 3451 4497 corde

216 4527 325 4596 τὴν
371 4527 597 4597 καρδίαν
637 4527 829 4594 λέγων.
875 4529 950 4582 Οὐ
996 4535 1105 4600 γὰρ
1153 4527 1269 4582 ἔστι
1316 4534 1429 4591 τοῖς
1475 4532 1540 4584 ἐκ
1591 4532 1788 4595 κακίας

1892 4548 2053 4598 meo;
2092 4552 2109 4583 ι
2147 4533 2315 4587 animi
2371 4541 2425 4587 et
2460 4534 2659 4589 mentis
2724 4534 2845 4588 loco
2896 4550 2992 4588 cor
3030 4550 3280 4604 ponens:
3337 4550 3449 4589 non

217 4615 556 4685 δελεάσμασι
606 4617 696 4669 τὸν
726 4616 849 4669 νοῦν
871 4617 1117 4687 ήσθῆναι.
1161 4618 1594 4671 Ἀντιδιαστέλλει
1638 4619 1693 4671 δὲ
1719 4622 1786 4691 τῇ

1892 4625 2034 4679 enim
2068 4625 2182 4679 fieri
2218 4631 2416 4695 potest,
2451 4636 2508 4679 ut
2539 4624 2757 4679 malitia:
2797 4625 3185 4680 blandimentis
3233 4627 3449 4680 animus

217 4707 326 4774 τῆς
360 4707 581 4777 καρδίας
608 4707 909 4779 εὐφροσύνῃ
938 4708 1032 4779 τὴν
1059 4708 1228 4780 ὑλώδη
1258 4710 1456 4781 ταύτην
1486 4713 1579 4764 καὶ
1608 4712 1788 4781 βιωτι-

220 4797 329 4867 κῆν
372 4797 625 4863 εὐθηνίαν
666 4799 807 4867 (50),
852 4798 1023 4866 λέγων
1064 4802 1175 4864 τοῖς
1206 4801 1265 4855 τὸ
1299 4802 1469 4870 παρὸν
1502 4802 1667 4872 ὁρῶσι
1690 4802 1789 4872 τὴν

220 4890 468 4961 γαστέρα
516 4889 609 4943 τοῦ
659 4890 823 4943 καλοῦ
875 4893 1151 4962 κριτήριον
1184 4892 1440 4960 γίνεσθαι.
1498 4896 1648 4951 Σῖτον
1680 4894 1788 4966 γὰρ

219 4981 322 5035 καὶ
352 4976 494 5033 οἶνον
528 4980 696 5034 εἰπὼν
724 4984 835 5046 τοῖς
860 4982 1119 5046 τοιούτοις
1147 4984 1527 5055 πληθύνεσθαι,
1560 4986 1666 5039 ἀπὸ
1693 4986 1789 5057 μέ-

218 5087 357 5141 ρους
380 5070 560 5135 πάσας
583 5071 683 5134 τὰς
711 5072 837 5142 περὶ
867 5072 1104 5144 γαστέρα
1147 5074 1241 5127 καὶ
1273 5074 1453 5145 θοίνην
1490 5074 1681 5145 ἡδονὰς
1712 5074 1789 5145 τῷ

1893 4716 2284 4772 demulceatur.
2317 4714 2568 4785 Sejungit
2596 4732 2728 4771 vero
2758 4733 2789 4770 a
2820 4718 3005 4771 cordis
3034 4717 3216 4771 laetitia
3248 4731 3448 4785 corpo-

1895 4821 2042 4860 ream
2072 4806 2213 4859 banc
2244 4815 2298 4860 et
2331 4806 2456 4860 vitae
2487 4805 2648 4874 hujus
2676 4806 3115 4870 oblectationem,
3144 4822 3265 4860 cum
3290 4807 3445 4869 dicit,

1894 4896 1963 4951 iis
1990 4896 2083 4965 qui
2108 4896 2395 4965 praesentia
2428 4902 2637 4950 tantum
2689 4898 2990 4959 intuentur,
3039 4907 3279 4952 ventrem
3314 4909 3449 4951 recti

1894 4986 2230 5056 dijudicandi
2278 4986 2521 5055 regulam
2577 5001 2737 5052 esse;
2799 4986 3126 5042 frumentum
3185 4988 3329 5041 enim
3395 4997 3450 5040 et

1892 5076 2081 5131 vinum
2102 5074 2192 5129 his
2217 5075 2418 5130 talibus
2450 5074 2801 5145 multiplicari
2833 5077 2909 5129 ait
2937 5093 2951 5140 ;
2978 5091 3041 5129 ex
3077 5083 3229 5145 parte
3257 5090 3448 5130 omnes

211 5163 370 5235 λόγῳ
411 5166 837 5237 συμπεριέλαόεν
868 5182 883 5197 ⁸
941 5168 995 5220 αἳ
1051 5167 1230 5238 πάσης
1283 5169 1538 5239 ἄρχουσιν
1599 5166 1789 5236 ὑλικῆς

1891 5158 2281 5234 jucunditates,
2312 5177 2432 5233 qua:
2462 5162 2528 5216 ad
2579 5174 2819 5218 ventrem
2866 5172 2920 5218 et
2954 5166 3140 5233 epulas
3178 5172 3445 5232 spectant,

208 5252 501 5323 ἀσχολίας,
537 5255 663 5326 περὶ
690 5254 725 5308 ἃ
763 5258 795 5327 ή
830 5257 1033 5331 σπουδὴ
1074 5259 1152 5320 εἰς
1200 5256 1348 5311 οὐδὲν
1392 5256 1663 5315 εὐοδοῦταί
1692 5256 1788 5311 πέ-

286 5455 340 5487 ⁹⁸
370 5454 515 5510 Psal.
546 5472 618 5521 tv,
647 5459 680 5511 6
712 5473 833 5528 sqq.

312 5635 407 5703 ιτ)
447 5636 560 5690 orm
597 5638 721 5693 add.
757 5639 841 5694 ed.

315 5706 409 5781 illi}
433 5707 531 5781 ὲίή
554 5723 663 5762 om.
698 5710 807 5777 ed.;
830 5714 873 5764 εξ
905 5708 1059 5765 codd.
1096 5709 1220 5781 aliq.

286 5777 402 5848 (47)
432 5776 527 5831 Τα
544 5793 649 5833 οιη.
681 5782 764 5839 ed.

1892 5253 2253 5322 complexus;
2297 5268 2418 5323 qua:
2472 5252 2625 5307 initia
2657 5262 2785 5308 sunt
2841 5254 3019 5308 omnis
3073 5253 3446 5323 occupationis

1964 5636 2073 5704 (48)
2102 5636 2393 5704 Προδείξει,
2432 5638 2519 5693 od.

1963 5691 2071 5774 (49)
2104 5691 2454 5775 Ἶῖφικέξςθαι,⁷
2470 5707 2555 5763 ed.

1960 5777 2071 5850 (50)
2111 5778 2406 5848 Εύθυμίαν,
2437 5778 2523 5833 ed.
