3982 6510
603 401 707 459 “1

1853 401 1911 457 S.
1951 399 2278 458 GBEGORII
2311 398 2607 458 NYSSENI

3704 405 3800 460 M8

601 522 750 573 circa
803 517 1085 572 materiam
1140 515 1302 571 istam
1351 528 1696 587 corporatsm
1749 519 2064 585 versatilis;
2109 522 2163 575 in

2269 537 2386 591 ρας.
2420 517 2497 573 Οὐ
2534 516 2642 586 γάρ
2675 515 2790 568 ἐστι
2819 513 2918 584 τῆς
2943 515 3001 566 ἐν
3033 513 3228 584 ἀκαρεῖ
3265 512 3547 584 γινομένης
3580 517 3688 580 τοῖς
3713 521 3799 572 ἀν-

603 611 804 679 quibus
841 608 1081 664 Studium
1117 615 1172 660 et
1228 621 1450 676 operam
1499 621 1723 677 ponere,
1758 609 1896 663 nihil
1947 611 2162 679 penitus

603 700 958 757 emolumenti
989 694 1181 754 a'ﬁ'erat
1209 717 1223 772 ;
1265 715 1374 754 non
1415 701 1558 754 enim
1589 707 1676 755 est
1705 698 1986 757 fruitionis
2017 702 2162 758 illius

603 803 660 849 et
686 792 1003 863 voluptatis,
1035 806 1156 862 qua:
1193 799 1472 846 momento
1501 790 1764 860 temporis
1793 790 1873 853 ﬁt,
1903 792 1956 844 in
1988 791 2165 846 homi-

603 900 733 939 num
768 893 967 937 natura
992 899 1158 953 penu,
1180 890 1240 936 ut
1265 882 1684 937 delectationem
1711 881 1856 936 illam
1882 898 2164 938 asservare

603 984 659 1028 et
709 971 1008 1026 recondere
1042 970 1276 1041 possint,
1319 985 1482 1040 quam
1513 969 1663 1024 omni
1693 984 1796 1039 ope
1845 984 2163 1039 comparare

603 1070 876 1119 conantur
903 1078 916 1127 ;
949 1061 1042 1117 sed
1066 1061 1238 1116 instar
1260 1059 1529 1114 fallacium
1556 1060 2014 1129 phantasmatum,
2038 1073 2161 1113 cum

605 1155 778 1211 teneri
814 1170 846 1208 a
905 1157 1242 1222 voluptatum
1292 1152 1628 1207 amatoribus
1681 1149 1954 1214 ‘creditur,
2001 1151 2162 1205 dere-

605 1252 767 1314 pente
793 1243 1092 1306 evanescit,
1120 1250 1173 1295 et
1197 1241 1252 1294 in
1281 1240 1512 1294 nihilum
1536 1239 1748 1294 recidit.
1783 1239 1956 1307 llujus
1982 1248 2162 1292 autem

604 1333 732 1388 vani
789 1333 988 1402 spectri
1043 1332 1268 1386 unicum
1322 1330 1610 1400 vestigium
1667 1329 1990 1400 relinquitur
2041 1335 2165 1398 post

605 1424 993 1489 recessionem,
1021 1423 1197 1492 pudor
1224 1440 1238 1490 ;
1271 1423 1379 1476 alta
1401 1430 1457 1476 et
1482 1421 1755 1476 indelebili
1785 1421 1865 1475 cis
1900 1421 2164 1490 impressa

607 1521 759 1577 nota,
792 1528 891 1584 per
917 1527 1037 1583 quae
1067 1510 1285 1567 transiit
1313 1529 1326 1577 ;
1358 1510 1620 1580 possibile
1645 1517 1704 1564 ut
1731 1509 1822 1573 sit,
1844 1518 2163 1564 venatorum

605 1619 761 1660 more
789 1613 843 1660 et
871 1611 1006 1668 arte,
1040 1619 1104 1659 ex
1139 1603 1274 1673 ipsis
1310 1601 1554 1672 vestigiis
1607 1599 1737 1656 fera:
1779 1609 2032 1654 naturam
2067 1613 2164 1652 co-

605 1711 894 1768 gnoscere.
929 1695 1140 1750 Etenim
1173 1695 1274 1760 illi,
1311 1693 1530 1764 quando
1565 1691 1678 1747 fera
1727 1691 2016 1748 manifesta
2056 1707 2165 1746 non

604 1795 711 1852 est,
741 1787 973 1859 vestigio
1005 1801 1124 1842 eam
1159 1795 1516 1857 cognoscunt.

2263 609 2499 679 θρώποις
2543 604 2891 666 ἀπολαύσεως
2936 603 2994 656 ἐν
3037 605 3102 673 τῇ
3151 601 3307 671 φύσει
3359 605 3599 673 ταμιεῖον
3638 606 3796 675 οὐδὲν,

2261 701 2401 756 ὥστε
2455 697 2716 752 ἀπόθετον
2761 696 2969 756 ἑαυτοῖς
3015 692 3279 746 ποιεῖσθαι
3324 685 3655 766 τῆξ-ἧδδῦἦν
3677 739 3691 761 ν
3739 701 3800 771 ἦν

2262 791 2404 845 κατὰ
2435 791 2612 842 πᾶσαν
2661 785 2890 840 κτῶνται
2938 784 3166 856 σπουδήν
3191 801 3209 818 ο
3260 783 3375 838 ἀλλ’
3416 785 3600 859 ὥσπερ
3625 805 3676 841 τι
3705 791 3800 844 τῶν

2263 877 2555 949 ἀπατηλῶν
2588 876 2982 946 φαντασμάτων
3019 874 3386 946 κεκρατῆσθαι
3415 876 3561 947 παρὰ
3591 877 3696 932 τῶν
3720 898 3799 948 et-

2263 971 2495 1043 ληδόνων
2530 969 2704 1035 δόξαν,
2749 967 2910 1030 εὐθὺς
2937 965 3228 1037 ἠφανίσθη,
3280 965 3374 1019 καὶ
3418 969 3496 1031 εἰς
3540 969 3603 1021 τὸ
3654 973 3722 1042 μὴ
3750 973 3802 1025 ὂν

2267 1058 2630 1131 μετεχώρησε.
2677 1056 2782 1110 Τοῦ
2833 1055 2890 1108 δὲ
2931 1053 3168 1108 τοιούτου
3221 1054 3502 1125 φάσματος
3567 1057 3625 1111 ἒν
3672 1058 3804 1128 [χνος

2264 1149 2638 1204 καταλείπεται
2673 1147 2808 1217 μετά
2830 1147 2925 1218 τὴν
2953 1144 3290 1216 ἀναχώρησιν
3317 1148 3350 1216 ὴ
3381 1147 3626 1218 αἰσχύνη,
3655 1149 3803 1220 βαθύν

2263 1258 2319 1293 τε
2349 1241 2441 1294 κα)⁵
2463 1237 2870 1303 δυσεξάλειπτον
2903 1238 3319 1308 ἐνσημηναμένη
3348 1237 3555 1302 τούτοις
3598 1241 3686 1293 τὸν
3722 1242 3804 1294 τύ-

2265 1347 2363 1383 πον
2395 1329 2579 1383 τοῦτον
2607 1329 2738 1397 (51),
2786 1327 2852 1380 δι’
2879 1320 2952 1379 ὧν
2979 1327 3044 1380 ἂν
3076 1325 3316 1399 παρέλθῃ
3335 1368 3350 1391 ,
3393 1326 3467 1390 ώς
3493 1328 3709 1382 δυνατὸν
3735 1328 3801 1383 εἰ·

2263 1436 2368 1483 ναι,
2405 1418 2545 1471 κατά
2588 1418 2686 1486 τὴν
2727 1416 2918 1486 τέχνην
2963 1416 3069 1468 τῶν
3111 1417 3467 1487 θηρευόντων,
3513 1420 3625 1481 τοῖς
3655 1420 3807 1488 ἴχνεσι

2263 1508 2636 1578 διαγινώσκειν
2667 1506 2762 1559 τοῦ
2797 1507 2986 1578 θηρίου
3021 1507 3121 1577 τὴν
3149 1507 3325 1576 φύσιν.
3364 1507 3466 1560 Καὶ
3498 1507 3607 1578 γὰρ
3633 1510 3808 1561 ἐκεῖνοι

2265 1599 2390 1652 ὅταν
2433 1594 2698 1672 ἀφανὲςῇ
2745 1598 2804 1650 τὸ
2833 1597 3069 1669 θήραμα,
3103 1597 3190 1650 διὰ
3233 1598 3325 1651 τοῦ
3364 1597 3542 1668 ἴχνους
3587 1599 3646 1651 τὸ
3690 1599 3810 1663 ζῶον

2265 1691 2635 1764 γνωρίζουσιν.

679 1899 738 1954 Si
759 1899 924 1970 igitur
938 1914 1068 1969 aper
1087 1906 1181 1953 aut
1201 1899 1284 1952 leo
1302 1897 1534 1968 propriis
1557 1895 1801 1966 vestigiis
1823 1896 2137 1966 agnoscitur
2151 1939 2165 1963 ,

2338 1887 2403 1940 Εἰ
2429 1881 2522 1939 οὖν
2550 1887 2579 1938 ὁ
2605 1883 2701 1947 σῦς
2732 1884 2766 1955 ἢ
2794 1886 2822 1936 ὁ
2849 1883 2984 1937 λέων
3010 1886 3120 1947 τοῖς
3151 1883 3318 1954 ἴχνεσι
3343 1886 3452 1946 τοῖς
3486 1883 3641 1947 ἰδίοις
3667 1901 3812 1937 κατα-

606 2005 949 2060 consequens
971 1998 1076 2054 est,
1106 1996 1167 2044 ut
1192 1999 1246 2044 et
1272 1987 1565 2058 voluptatis
1599 1996 1792 2041 natura
1822 1986 1877 2040 in
1904 1987 2172 2056 impresso

605 2096 639 2134 a
665 2095 724 2137 se
757 2080 987 2150 vestigio
1011 2081 1305 2135 elucescat.
1335 2078 1499 2147 Atqui
1535 2075 1820 2146 vestigium
1849 2076 1968 2145 ejus
1997 2079 2172 2147 pudor

607 2179 692 2227 est
727 2187 740 2222 :
784 2186 914 2242 ergo
941 2178 996 2225 et
1023 2170 1164 2240 ipsa,
1197 2185 1319 2241 quae
1356 2168 1618 2238 imprimit
1640 2167 1821 2221 animo
1859 2166 2171 2236 hujusmodi

607 2272 815 2326 notam,
862 2263 948 2318 vel
989 2263 1217 2333 ipsemet
1244 2260 1419 2332 pudor
1464 2259 1650 2322 fuerit,
1705 2258 1790 2312 vel
1827 2266 1973 2314 certe
2004 2275 2170 2315 causa

605 2352 849 2410 eﬁectrix
869 2351 1116 2423 pudoris.
1137 2350 1338 2406 Verum
1362 2350 1476 2405 haec
1504 2353 1680 2408 obiter
1705 2363 1758 2408 et
1786 2351 1930 2407 aliud
1961 2349 2170 2420 agendo

611 2456 645 2496 a
683 2442 843 2497 nobis
897 2443 1041 2496 dicta
1075 2448 1224 2496 sunt.
1256 2439 1423 2496 Nobis
1469 2443 1613 2496 enim
1650 2444 1994 2512 potissimum
2044 2455 2169 2511 pro-

609 2533 844 2603 positum
876 2539 994 2586 erat
1025 2545 1119 2598 per
1142 2530 1386 2602 ipsorum
1423 2529 1768 2586 Psalmorum
1801 2530 2046 2599 exempla
2073 2528 2169 2584 de—

609 2629 936 2684 monstrare,
967 2621 1145 2691 qualis
1173 2620 1246 2674 sit
1274 2621 1454 2676 exitus
1479 2621 1603 2675 vitae
1626 2629 1735 2675 tam
1765 2621 1974 2684 virtuti,
2006 2633 2170 2689 quam

605 2714 758 2768 vitiis
783 2711 1032 2766 addicta.
1065 2712 1252 2780 Itaque
1275 2711 1331 2765 in
1358 2711 1617 2782 praedicto
1641 2713 1847 2782 psalmo
1869 2711 2030 2766 ﬁnem
2057 2710 2170 2764 vir-

607 2806 740 2860 tutis
776 2803 969 2860 statuit
1003 2817 1194 2873 pacem
1242 2810 1298 2860 et
1334 2804 1782 2875 tranquillitatem
1808 2845 1823 2870 ,
1862 2810 1916 2857 et
1966 2800 2172 2856 unifor-

608 2910 752 2950 mem
784 2895 955 2958 illam,
985 2902 1039 2949 et
1068 2895 1457 2964 impermistam
1492 2893 1559 2948 ad
1585 2895 1867 2965 passiones
1895 2893 2172 2962 animique

609 2986 1045 3056 perturbationes
1077 2984 1416 3040 aﬁ‘ectionem
1439 2994 1490 3041 et
1511 2985 1943 3055 dispositionem,
1973 2985 2170 3055 quaein

609 3090 704 3144 spe
742 3073 938 3128 divina:
967 3074 1364 3129 communionis
1399 3075 1775 3130 constituitur.
1821 3073 2169 3129 Contrarium

607 3180 738 3220 vero
787 3165 914 3220 huic
950 3173 1175 3229 statum,
1228 3165 1350 3236 ipso
1397 3165 1618 3220 silentio
1671 3165 1942 3234 patefecit.
2002 3164 2172 3222 Porro

611 3259 812 3329 saepius
831 3257 888 3312 in
904 3256 1136 3314 Psalmis
1149 3257 1377 3311 clamat:
1400 3275 1418 3308 ι
1439 3256 1629 3326 lniusti
1653 3257 1972 3324 interibunt,
1986 3272 2172 3312 semen

610 3350 898 3418 impiorum
952 3349 1150 3419 peribit
1168 3349 1240 3402 ".
1295 3346 1402 3415 Qui
1450 3346 1630 3416 diligit
1675 3347 2013 3417 iniquitatem
2059 3348 2174 3402 odit

612 3441 852 3493 animam
899 3454 1076 3501 suam,
1118 3438 1267 3510 pluet
1309 3454 1472 3508 super
1498 3446 1812 3508 peccatores
1846 3435 2166 3509 laqueos",!

612 3540 667 3586 et
705 3533 807 3583 alia
846 3531 1055 3584 inﬁnita
1095 3529 1186 3584 his
1210 3529 1428 3583 similia.
1465 3528 1560 3582 Est
1612 3537 1793 3585 autem
1831 3539 1979 3585 totus
2019 3529 2174 3585 Psal-

615 3636 826 3676 morum
859 3620 994 3674 liber
1035 3619 1270 3674 refertus
1303 3619 1524 3674 virtutis
1566 3620 1836 3682 laudibus,
1890 3630 1945 3674 et
1973 3620 2174 3691 impro-

614 3712 808 3767 borum
827 3711 1265 3780 reprehensione,
1284 3719 1600 3782 spectatque
1615 3712 1960 3766 historiarum
1973 3712 2174 3767 mentio

613 3803 752 3859 duos
777 3803 1045 3873 prmcipue
1077 3801 1241 3868 ﬁnes;
1277 3801 1444 3856 efﬁcit
1472 3803 1670 3872 quippe
1702 3810 1760 3855 ut
1804 3812 1857 3856 et
1886 3803 2175 3857 illustrium

612 3898 851 3951 virorum
891 3898 1144 3951 virtutem
1171 3896 1444 3952 mmuleris
1479 3903 1532 3950 et
1558 3895 1848 3964 suspicias,
1894 3894 2176 3967 fugiasque

614 4004 804 4044 eorum
833 3988 1254 4057 improbitatem,
1285 3988 1378 4059 qui
1408 4003 1527 4045 sese
1546 3985 1763 4058 ﬂagitiis
1791 3995 1932 4043 totos
1957 3986 2176 4042 dedide-

615 4095 764 4135 runt.
801 4081 933 4134 Nam
965 4096 1089 4135 cum
1119 4089 1170 4136 te
1193 4082 1260 4135 ad
1293 4081 1544 4136 virtutem
1565 4095 1662 4150 per
1681 4079 1927 4149 exempla
1951 4080 2172 4145 excitat,

615 4181 730 4225 tum
760 4173 866 4226 ait:
914 4190 932 4222 σ
951 4170 1165 4241 Moyses
1187 4181 1240 4226 et
1266 4173 1446 4225 Aaron
1478 4171 1532 4225 in
1556 4170 1929 4225 sacerdotibus
1957 4169 2096 4240 ejus,
2122 4179 2177 4225 et

618 4259 839 4313 Samuel
891 4259 1035 4314 inter
1078 4275 1194 4323 eos,
1231 4260 1326 4328 qui
1375 4259 1630 4314 invocant
1669 4275 1865 4314 nomen
1907 4260 2046 4330 ejus.
2087 4259 2174 4314 ln-

615 4351 884 4404 vocabant
921 4349 1228 4413 Dominum,
1264 4357 1319 4404 et
1349 4351 1464 4420 ipse
1483 4351 1808 4407 exaudiebat
1836 4367 1954 4425 eos,
1995 4351 2051 4406 In
2084 4368 2177 4408 co-

2272 1977 2582 2051 μηνύονται,
2634 1977 2926 2030 ἀκόλουθον
2969 1976 3185 2038 πάντως
3223 1977 3318 2028 καὶ
3365 1975 3467 2044 τῆς
3507 1975 3699 2046 ἡδονῆς
3728 1977 3814 2045 τὴν

2270 2068 2430 2137 φύσιν
2473 2069 2530 2119 ἐν
2575 2065 2652 2136 τῷ
2683 2065 3054 2134 ὑπολειφθέντι
3084 2065 3252 2134 αὐτῆς
3285 2064 3420 2135 ἴχνει
3446 2065 3810 2134 γνωρίζεσθαι.

2282 2160 2438 2214 Ἀλλά
2471 2158 2576 2230 μὴν
2605 2156 2664 2211 τὸ
2692 2157 2834 2226 ίχνος
2879 2156 3047 2226 αὐτῆς
3079 2155 3304 2227 αἰσχύνη
3350 2155 3512 2208 ἐστίν.
3565 2157 3702 2226 Ἀρα
3733 2157 3814 2208 καὶ

2269 2253 2302 2322 ἡ
2332 2249 2746 2321 ὲνσημηναμένη
2789 2250 2854 2318 τῇ
2886 2248 3030 2318 ψυχῇ
3079 2248 3170 2300 τὸν
3206 2247 3316 2318 (59)
3367 2247 3613 2301 τοιοῦτον
3642 2249 3808 2312 τύπον,

2268 2341 2302 2412 ἢ
2333 2340 2462 2393 αὐτὸ
2490 2340 2602 2412 (55)
2637 2340 2850 2402 πάντως
2895 2338 3119 2410 αἰσχύνη
3158 2339 3325 2398 ἐστὶν,
3367 2339 3401 2408 ἢ
3436 2339 3692 2410 ποιητικὴ
3728 2340 3814 2409 τῆς

2268 2432 2547 2502 αἰσχύνης.
2589 2431 2746 2484 Ἀλλὰ
2773 2430 2930 2484 τοῦτο
2977 2431 3075 2501 μὲν
3111 2433 3242 2501 ἡμῖν
3278 2433 3336 2484 ἐν
3379 2432 3679 2503 παρεξοδίῳ
3701 2449 3818 2502 προ-

2269 2523 2544 2596 εθεωρήθη
2574 2523 2652 2593 τῷ
2693 2523 2841 2593 τόπῳ
2868 2539 2883 2555 σ
2921 2523 3098 2588 δεῖξαι
3134 2523 3242 2594 γὰρ
3290 2522 3430 2576 κατά
3473 2523 3534 2576 τὸ
3568 2523 3815 2594 προηγού-

2273 2631 2428 2686 μενον
2474 2614 2579 2667 έδει
2623 2615 2711 2667 διὰ
2751 2615 2852 2684 τῆς
2887 2613 3233 2684 ψαλμῳδίας,
3288 2611 3398 2668 οἷον
3428 2615 3692 2686 ἐκατέρου
3723 2615 3814 2667 τῶν

2269 2707 2386 2760 κατ’
2423 2705 2624 2777 ἀρετήν
2669 2722 2728 2758 τε
2773 2706 2868 2758 καὶ
2910 2705 3104 2758 κακίαν
3148 2704 3596 2775 ἐπιτηδευμάτων
3633 2706 3739 2758 ἐστὶ
3766 2706 3816 2756 τὸ

2269 2798 2460 2870 πέρας.
2504 2796 2592 2850 Ἐν
2631 2796 2806 2850 τοίνυν
2843 2797 2919 2866 τῷ
2950 2797 3331 2868 προειρημένῳ
3372 2795 3487 2867 (54)
3521 2796 3737 2868 ψαλμῷ,
3765 2796 3818 2850 τὸ

2267 2891 2368 2960 τῆς
2405 2889 2602 2960 ἀρετῆς
2636 2887 2804 2941 εἰπὼν
2843 2888 2994 2950 τέλος
3041 2889 3262 2959 εἰρήνην
3308 2883 3446 2941 εἷναι
3488 2889 3591 2942 καὶ
3634 2889 3814 2949 ἄνεσιν,

2269 2986 2362 3038 καὶ
2387 2985 2484 3057 τὴν
2517 2984 2757 3055 μονοειδῆ
2791 3001 2849 3036 τε
2896 2985 2989 3037 καὶ
3029 2983 3381 3054 ἀνεπίμικτον
3412 2983 3549 3055 πρὸς
3593 2985 3658 3038 τὰ
3691 2983 3818 3052 πάθη

2269 3076 2603 3148 κατοίκησιν,
2621 3077 2720 3146 τὴν
2744 3076 2827 3129 ἐπ’
2853 3075 3027 3129 ἐλπίδι
3043 3075 3155 3147 (55)
3171 3076 3273 3146 τῆς
3286 3075 3377 3128 τοῦ
3393 3074 3527 3128 Θεοῦ
3545 3075 3818 3145 μετουσίας

2271 3168 2708 3240 κατορθουμένην
2724 3207 2739 3231 ,
2771 3169 2835 3220 τὸ
2858 3168 3224 3238 ἀντικείμενον
3241 3165 3414 3237 τούτῳ
3443 3167 3583 3236 (55⁸)
3607 3165 3820 3219 ἐνταῦθα

2277 3262 2375 3334 μὲν
2405 3261 2492 3314 διὰ
2525 3261 2624 3330 τῆς
2655 3261 2861 3329 σιωπῆς
2893 3260 3208 3327 ἐνεδείξατο.
3239 3259 3486 3330 Πολλαχῆ
3523 3259 3587 3311 δὲ
3631 3259 3714 3312 διὰ
3735 3260 3818 3327 τῆς

2270 3351 2588 3422 ψαλμῳδίας
2610 3351 2728 3422 βοᾷ,
2753 3349 2952 3418 λέγων·
2974 3369 2992 3402 ι
3023 3351 3163 3405 Οἰδέ
3192 3352 3495 3422 παράνομοι
3519 3349 3817 3420 ἐξολοθμυ-

2273 3445 2545 3513 θήσονται,
2579 3444 2673 3498 καί
2718 3446 2937 3516 σπέρμα
2978 3442 3189 3496 ἀσεϐῶν
3237 3441 3762 3512 ἐξολοθρευθήσεται.
3797 3457 3814 3491 ι

2272 3536 2400 3598 Καὶ,
2437 3555 2455 3585 ι
2497 3533 2556 3588 ’0
2585 3536 2817 3604 ἀγαπῶν
2841 3536 2939 3605 τὴν
2963 3535 3175 3588 ἀδικίαν
3209 3536 3356 3605 μισεῖ
3384 3534 3480 3604 τὴν
3510 3533 3704 3586 ἑαυτοῦ
3730 3532 3819 3601 ψυ-

2273 3627 2393 3695 χήν·
2430 3625 2522 3678 καὶ
2562 3625 2836 3696 ἐπιδρέξει
2871 3627 2962 3678 ἐπὶ
2988 3625 3342 3696 ἁμαρτωλοὺς
3374 3625 3630 3693 παγίδας,
3669 3644 3686 3676 ι
3733 3626 3816 3676 καὶ

2273 3718 2403 3771 ἄλλα
2437 3717 2604 3788 μυρία
2627 3717 2834 3780 τούτοις
2877 3718 3226 3788 ὁμοιότροπα.
3275 3717 3438 3786 Γέμει
3469 3717 3526 3770 δὲ
3553 3719 3706 3770 πᾶσα
3736 3716 3822 3784 τῆς

2254 3805 2589 3878 Ψαλμῳδίας
2615 3807 2649 3876 ἡ
2685 3806 2862 3876 βίϐλος
2883 3807 2990 3859 τῶν
3019 3823 3079 3860 τε
3107 3806 3206 3875 τῆς
3235 3806 3434 3876 ἀρετῆς
3458 3807 3714 3868 ἐπαίνων,
3740 3805 3822 3857 καί

2273 3895 2370 3965 τῆς
2389 3895 2716 3965 κατηγορίας
2738 3895 2844 3948 τῶν
2867 3897 2922 3948 ἐν
2944 3895 3109 3967 κακίᾳ
3133 3893 3365 3959 ζώντων.
3392 3896 3464 3948 Ἤ
3483 3914 3544 3950 τε
3562 3897 3673 3949 τῶν
3697 3897 3822 3948 isto-

2277 3985 2407 4056 ριῶν
2443 3986 2631 4056 μνήμη
2661 3985 2799 4057 πρὸς
2824 3986 2950 4049 τοὺς
2976 3985 3069 4039 δύο
3091 3987 3322 4050 σκοποὺς
3357 3987 3710 4058 μεριζομένη,
3740 3987 3822 4055 ζη-

2277 4075 2454 4147 λωτὴν
2507 4076 2606 4146 μὲν
2648 4074 2796 4128 ποιέἷ
2833 4077 2933 4148 τὴν
2966 4077 3163 4147 ἀρετὴν
3191 4077 3298 4131 τῶν
3328 4078 3631 4147 εὐδοκίμων
3667 4094 3822 4147 προσ.

2275 4166 2438 4220 ώπων
2459 4185 2472 4199 ·
2507 4167 2744 4239 φευκτὴν
2773 4168 2828 4221 δὲ
2855 4168 2943 4222 διὰ
2972 4168 3080 4222 τῶν
3106 4170 3568 4240 κατεγνωσμένων
3619 4171 3714 4240 τὴν
3737 4186 3824 4220 πο·

2276 4259 2487 4329 νηρίαν.
2521 4259 2684 4312 Ὅταν
2713 4259 2811 4328 μὲν
2840 4259 2948 4330 γάρ
2980 4276 3038 4312 σε
3075 4260 3210 4330 πρὸς
3235 4261 3434 4331 ἀρετὴν
3459 4261 3718 4332 ἐπεγείρῃ
3755 4259 3822 4329 τῷ

2278 4350 2648 4420 ὑποδείγματιο
2697 4351 2868 4420 λέγει,
2924 4372 2944 4404 ι
2974 4352 3210 4423 Μωῦσῆς
3246 4354 3339 4406 καὶ
3376 4351 3586 4423 Ἀαρὼν
3628 4355 3684 4406 ἐν
3722 4354 3823 4414 τοῖς

616 4441 800 4495 lumna
830 4441 990 4496 nubis
1014 4441 1336 4511 loquebatur
1361 4443 1427 4496 ad
1443 4458 1537 4497 eos
1550 4443 1614 4495 ”.
1641 4461 1659 4494 ι
1678 4444 1748 4496 At
1763 4443 1981 4513 quando
2004 4446 2169 4502 oculis

2281 4443 2510 4514 ἱερεῦσιν
2539 4443 2722 4507 αὑτοῦ,
2761 4445 2854 4498 καὶ
2891 4445 3142 4516 Σαμουὴλ
3172 4448 3230 4498 ἐν
3255 4447 3368 4508 τοῖς
3391 4445 3821 4516 ἐπικαλουμένοις

618 4534 991 4588 miserandum
1026 4535 1251 4587 malitiae
1273 4534 1481 4587 exitum
1519 4533 1789 4603 subjicere
1817 4536 2038 4605 cogitat,
2067 4549 2169 4590 tum

2280 4536 2460 4590 αὐτόν.
2496 4535 2884 4590 Ἐπεκαλοῦντο
2914 4537 3004 4590 τὸν
3033 4537 3351 4609 Κύριον,καὶ
3371 4537 3531 4600 αὐτὸς
3555 4538 3822 4606 εἰσήκουεν

618 4633 889 4692 recenset,
917 4625 1178 4695 quidnam
1213 4625 1458 4695 perpessi
1492 4626 1622 4690 sint,
1654 4626 1746 4696 qui
1772 4641 1896 4682 sese
1922 4629 2169 4697 nequitia

2278 4627 2474 4682 αὐτῶν.
2533 4627 2620 4681 Ἐν
2672 4627 2844 4700 στύλῳ
2892 4629 3116 4700 νεφέλης
3162 4628 3339 4682 ἐλάλει
3386 4627 3520 4699 πρὸς
3560 4626 3772 4690 αὐτούς.
3801 4643 3818 4674 ι

620 4718 833 4787 penitus
859 4726 1298 4773 consecrarunt:
1325 4736 1346 4768 τ
1371 4717 1569 4786 Aperta
1601 4725 1688 4772 est
1712 4727 1880 4783 terra,
1911 4728 1967 4773 et
1991 4717 2169 4789 deglu-

2279 4719 2450 4772 Ὅταν
2481 4717 2540 4772 δὲ
2568 4719 2629 4772 τὸ
2657 4719 2888 4790 πονηρὸν
2913 4720 3008 4790 τῆς
3045 4719 3242 4782 κακίας
3271 4719 3610 4774 ὑποδεικνύει
3641 4717 3822 4788 πέρας.

619 4808 740 4863 tivit
783 4808 1029 4872 Dathan,
1095 4817 1148 4864 et
1198 4809 1416 4879 operuit
1478 4823 1645 4878 super
1700 4811 2169 4879 congregationem

2277 4811 2346 4864 τά
2378 4809 2522 4882 πάθη
2569 4811 2677 4864 τῶν
2709 4814 2766 4864 ἐν
2805 4812 3038 4882 πονηρία
3081 4814 3537 4882 κατεγνωσμένων
3565 4810 3819 4873 διέξεισιν.

619 4899 854 4966 Abit-on;
879 4899 1096 4954 ﬁamma
1128 4901 1429 4956 combussit
1453 4907 1770 4971 peccatores
1788 4900 1830 4953 ί.
1851 4919 1869 4952 ι
1895 4901 1999 4954 Et:
2028 4920 2047 4952 ι
2070 4900 2169 4956 Fac

2287 4921 2303 4954 ι
2346 4903 2596 4974 Ἦνοίχθη
2638 4906 2670 4975 ἡ
2718 4906 2788 4974 γῆ
2820 4903 2912 4957 καὶ
2939 4903 3193 4957 κατέπιεν
3225 4904 3422 4970 Δαθάν,
3451 4903 3542 4956 καί
3571 4899 3826 4969 ἐκάλυψεν

621 4991 746 5046 illos
774 4992 916 5046 sicut
943 4991 1156 5046 Madian
1175 5000 1229 5047 et
1258 4991 1444 5048 Sisara
1465 4994 1536 5046 ⁸.»
1575 4991 1666 5046 Et:
1695 5011 1713 5043 ι
1738 4991 1884 5046 Pone
1905 4992 2169 5063 principes

2284 4996 2376 5050 ἐπὶ
2445 4996 2542 5067 τὴν
2615 4996 2931 5067 συναγωγὴν
3000 4994 3276 5067 ’Δὸειρών.
3337 4995 3470 5063 Φλὸξ
3513 4991 3824 5064 κατέφλεξεν

619 5099 808 5138 eorum
835 5086 978 5138 sicut
1006 5083 1172 5151 Oreb,
1223 5096 1276 5139 et
1313 5083 1443 5149 Zeb,
1469 5092 1523 5139 et
1551 5083 1744 5149 Zebee,
1802 5092 1855 5138 et
1901 5085 2169 5146 Salmana,

2281 5087 2648 5159 ἁμαρτωλούς.
2677 5107 2695 5138 ι
2721 5089 2850 5152 Καὶ,
2879 5087 3136 5159 «Ποίησον
3164 5086 3359 5151 αὐτοὺς
3387 5086 3464 5150 ώς
3483 5089 3551 5158 τῇ
3577 5086 3686 5157 (56)
3712 5085 3824 5140 Μα-

619 5194 811 5235 omnes
841 5179 1118 5252 principes
1154 5195 1344 5236 eorum
1373 5181 1433 5247 ³;
1471 5199 1489 5232 ι
1541 5191 1593 5236 et
1621 5179 1672 5235 id
1719 5195 1892 5250 genus
1929 5179 2033 5232 alia
2067 5194 2169 5232 non

2279 5180 2395 5236 διάν
2419 5181 2508 5236 καὶ
2523 5180 2599 5252 τῷ
2624 5180 2847 5251 Σισάρα.
2863 5199 2882 5231 ι
2910 5180 3038 5246 Καί,
3061 5177 3194 5234 «Θοῦ
3217 5179 3341 5243 τοὺς
3355 5179 3613 5251 ἄρχοντας
3636 5174 3826 5238 αὐτῶν,

690 5384 735 5416 θ’
763 5378 910 5436 Psal.
946 5393 1132 5446 xxxvi,
1159 5377 1250 5434 58.
1312 5377 1359 5410 ”
1394 5374 1534 5439 Pral.
1556 5393 1612 5445 ι,
1647 5377 1700 5434 6.
1765 5377 1810 5412 ”
1841 5380 1986 5445 Psal.
2006 5395 2193 5446 xcvm,
2214 5377 2267 5434 6.
2340 5379 2355 5409 ¹
2383 5375 2526 5434 Psal.
2552 5393 2636 5442 cv,
2667 5376 2733 5431 17
2762 5392 2883 5448 sqq.
2949 5379 2969 5412 ¹
2993 5376 3133 5434 Psal.
3165 5393 3370 5446 uxvu,
3399 5377 3485 5434 10.
3546 5374 3568 5408 ³
3593 5371 3823 5431 ibid.l2.

691 5562 804 5629 (51)
831 5563 1067 5626 Τούτων,
1099 5562 1162 5617 ed
1173 5599 1189 5616 .

694 5632 809 5702 (52)
837 5634 940 5687 Τόν
970 5649 1078 5687 om.
1110 5632 1199 5686 ed.

694 5703 807 5770 (53)
844 5702 1020 5773 Αὐτῷ,
1056 5703 1144 5758 ed.

696 5773 808 5848 (δι)
842 5775 1088 5846 Προηγου
1096 5772 1258 5845 μένῳ,
1295 5772 1381 5829 ed.

2361 5559 2475 5625 (55)
2509 5559 2745 5624 Ἐλπίδα,
2777 5559 2864 5616 ed.

2359 5630 2492 5697 (55')
2523 5629 2759 5696 Τούτων,
2778 5631 2864 5686 ed.

2359 5699 2470 5770 (56)
2504 5700 2672 5758 Τὸν...
2705 5702 2815 5771 τόν,
2834 5700 2922 5759 ed.
