  <div class='ocr_page' id='page_1' title='image "/cluster/home/n/w/nwhite01/storage/ocr_20150623/44/hvd.32044012542270/234.png"; bbox 0 0 3982 6476; ppageno 0'>
   <div class='ocr_carea' id='block_1_1' title="bbox 208 421 294 478">
    <p class='ocr_par' dir='ltr' id='par_1_1' title="bbox 208 421 294 478">
     <span class='ocr_line' id='line_1_1' title="bbox 208 421 294 478; baseline -0.047 0"><span class='ocrx_word' id='word_1_1' title='bbox 208 421 294 478; x_wconf 69' lang='grc' dir='ltr'>ιιι)</span> 
     </span>
    </p>
   </div>
   <div class='ocr_carea' id='block_1_2' title="bbox 1559 403 1995 462">
    <p class='ocr_par' dir='ltr' id='par_1_2' title="bbox 1559 403 1995 462">
     <span class='ocr_line' id='line_1_2' title="bbox 1559 403 1995 462; baseline 0.007 -3"><span class='ocrx_word' id='word_1_2' title='bbox 1559 403 1625 459; x_wconf 82' lang='lat' dir='ltr'><strong>IN</strong></span> <span class='ocrx_word' id='word_1_3' title='bbox 1657 403 1995 462; x_wconf 74' lang='lat' dir='ltr'><strong>PSALMOS.</strong></span> 
     </span>
    </p>
   </div>
   <div class='ocr_carea' id='block_1_3' title="bbox 3279 407 3387 465">
    <p class='ocr_par' dir='ltr' id='par_1_3' title="bbox 3279 407 3387 465">
     <span class='ocr_line' id='line_1_3' title="bbox 3279 407 3387 465; baseline 0 0"><span class='ocrx_word' id='word_1_4' title='bbox 3279 407 3387 465; x_wconf 68' lang='lat'><strong>650</strong></span> 
     </span>
    </p>
   </div>
   <div class='ocr_carea' id='block_1_4' title="bbox 206 519 1721 599">
    <p class='ocr_par' dir='ltr' id='par_1_4' title="bbox 206 523 1721 599">
     <span class='ocr_line' id='line_1_4' title="bbox 206 523 1721 599; baseline -0.003 -16"><span class='ocrx_word' id='word_1_5' title='bbox 206 538 269 599; x_wconf 67' lang='grc' dir='ltr'>ὡς</span> <span class='ocrx_word' id='word_1_6' title='bbox 308 531 389 583; x_wconf 83' lang='grc' dir='ltr'><strong>τὸν</strong></span> <span class='ocrx_word' id='word_1_7' title='bbox 429 524 611 597; x_wconf 74' lang='grc' dir='ltr'>Ὠρὴ6,</span> <span class='ocrx_word' id='word_1_8' title='bbox 656 533 749 579; x_wconf 79' lang='grc' dir='ltr'>καὶ</span> <span class='ocrx_word' id='word_1_9' title='bbox 774 524 904 596; x_wconf 76' lang='grc' dir='ltr'><strong>Ζὴὸ,</strong></span> <span class='ocrx_word' id='word_1_10' title='bbox 940 525 1034 578; x_wconf 76' lang='grc' dir='ltr'>καὶ</span> <span class='ocrx_word' id='word_1_11' title='bbox 1070 524 1252 587; x_wconf 80' lang='grc' dir='ltr'>Ζεὸεὲ,</span> <span class='ocrx_word' id='word_1_12' title='bbox 1295 524 1388 577; x_wconf 74' lang='grc' dir='ltr'><strong>καὶ</strong></span> <span class='ocrx_word' id='word_1_13' title='bbox 1418 523 1721 594; x_wconf 75' lang='grc' dir='ltr'>Σαλμανὰν,</span> 
     </span>
    </p>
   </div>
   <div class='ocr_carea' id='block_1_5' title="bbox 1821 519 3385 599">
    <p class='ocr_par' dir='ltr' id='par_1_5' title="bbox 1830 519 3385 593">
     <span class='ocr_line' id='line_1_5' title="bbox 1830 519 3385 593; baseline 0.001 -15"><span class='ocrx_word' id='word_1_14' title='bbox 1830 537 2023 593; x_wconf 87' lang='lat' dir='ltr'><strong>pauca.</strong></span> <span class='ocrx_word' id='word_1_15' title='bbox 2072 520 2441 577; x_wconf 86' lang='lat' dir='ltr'><strong>Particulares</strong></span> <span class='ocrx_word' id='word_1_16' title='bbox 2493 535 2625 577; x_wconf 82' lang='lat' dir='ltr'><strong>vero</strong></span> <span class='ocrx_word' id='word_1_17' title='bbox 2672 519 3082 578; x_wconf 85' lang='lat' dir='ltr'><strong>cohortationes</strong></span> <span class='ocrx_word' id='word_1_18' title='bbox 3119 521 3188 578; x_wconf 89' lang='lat' dir='ltr'><strong>ab</strong></span> <span class='ocrx_word' id='word_1_19' title='bbox 3224 522 3385 581; x_wconf 90' lang='lat' dir='ltr'><strong>initio</strong></span> 
     </span>
    </p>
   </div>
   <div class='ocr_carea' id='block_1_6' title="bbox 207 616 1732 688">
    <p class='ocr_par' dir='ltr' id='par_1_6' title="bbox 207 616 1732 688">
     <span class='ocr_line' id='line_1_6' title="bbox 207 616 1732 688; baseline -0.003 -13"><span class='ocrx_word' id='word_1_20' title='bbox 207 628 384 684; x_wconf 76' lang='grc' dir='ltr'>πάντας</span> <span class='ocrx_word' id='word_1_21' title='bbox 427 618 550 680; x_wconf 78' lang='grc' dir='ltr'>τοὺς</span> <span class='ocrx_word' id='word_1_22' title='bbox 588 618 854 687; x_wconf 80' lang='grc' dir='ltr'>ἄρχοντας</span> <span class='ocrx_word' id='word_1_23' title='bbox 900 616 1097 670; x_wconf 88' lang='grc' dir='ltr'>αὐτῶν.</span> <span class='ocrx_word' id='word_1_24' title='bbox 1144 636 1162 667; x_wconf 71' lang='grc' dir='ltr'><strong>ι</strong></span> <span class='ocrx_word' id='word_1_25' title='bbox 1222 617 1331 671; x_wconf 69' lang='grc' dir='ltr'><strong>Καὶ</strong></span> <span class='ocrx_word' id='word_1_26' title='bbox 1374 616 1543 669; x_wconf 85' lang='grc' dir='ltr'>πολλὰ</span> <span class='ocrx_word' id='word_1_27' title='bbox 1568 617 1732 688; x_wconf 75' lang='grc' dir='ltr'>ἕτερα</span> 
     </span>
    </p>
   </div>
   <div class='ocr_carea' id='block_1_7' title="bbox 205 707 1734 778">
    <p class='ocr_par' dir='ltr' id='par_1_7' title="bbox 205 707 1734 778">
     <span class='ocr_line' id='line_1_7' title="bbox 205 707 1734 778; baseline -0.006 -9"><span class='ocrx_word' id='word_1_28' title='bbox 205 713 424 769; x_wconf 83' lang='grc' dir='ltr'>τοιαῦτα’</span> <span class='ocrx_word' id='word_1_29' title='bbox 454 707 552 771; x_wconf 87' lang='grc' dir='ltr'><strong>τάς</strong></span> <span class='ocrx_word' id='word_1_30' title='bbox 580 724 639 760; x_wconf 85' lang='grc' dir='ltr'><strong>τε</strong></span> <span class='ocrx_word' id='word_1_31' title='bbox 672 708 900 778; x_wconf 80' lang='grc' dir='ltr'>μερικάς</span> <span class='ocrx_word' id='word_1_32' title='bbox 945 708 1247 778; x_wconf 75' lang='grc' dir='ltr'>συμϐουλὰς</span> <span class='ocrx_word' id='word_1_33' title='bbox 1280 708 1458 771; x_wconf 90' lang='grc' dir='ltr'>πάσας</span> <span class='ocrx_word' id='word_1_34' title='bbox 1509 724 1589 761; x_wconf 87' lang='grc' dir='ltr'><strong>σοι</strong></span> <span class='ocrx_word' id='word_1_35' title='bbox 1635 709 1734 778; x_wconf 78' lang='grc' dir='ltr'><strong>βοᾷ</strong></span> 
     </span>
    </p>
   </div>
   <div class='ocr_carea' id='block_1_8' title="bbox 202 796 1730 871">
    <p class='ocr_par' dir='ltr' id='par_1_8' title="bbox 202 796 1730 871">
     <span class='ocr_line' id='line_1_8' title="bbox 202 796 1730 871; baseline -0.003 -14"><span class='ocrx_word' id='word_1_36' title='bbox 202 808 281 861; x_wconf 79' lang='grc' dir='ltr'><strong>ἀπ’</strong></span> <span class='ocrx_word' id='word_1_37' title='bbox 315 799 477 871; x_wconf 80' lang='grc' dir='ltr'>ἀρχῆς</span> <span class='ocrx_word' id='word_1_38' title='bbox 526 800 604 862; x_wconf 85' lang='grc' dir='ltr'><strong>είς</strong></span> <span class='ocrx_word' id='word_1_39' title='bbox 648 799 800 862; x_wconf 81' lang='grc' dir='ltr'><strong>τέλος</strong></span> <span class='ocrx_word' id='word_1_40' title='bbox 840 796 1198 870; x_wconf 77' lang='grc' dir='ltr'>ἠΨαλμῳδία</span> <span class='ocrx_word' id='word_1_41' title='bbox 1235 842 1250 865; x_wconf 94' lang='grc'><strong>,</strong></span> <span class='ocrx_word' id='word_1_42' title='bbox 1286 798 1348 851; x_wconf 90' lang='grc' dir='ltr'><strong>ἐν</strong></span> <span class='ocrx_word' id='word_1_43' title='bbox 1374 799 1547 852; x_wconf 78' lang='grc' dir='ltr'>οὐδενὶ</span> <span class='ocrx_word' id='word_1_44' title='bbox 1577 801 1730 870; x_wconf 80' lang='grc' dir='ltr'>μέρει</span> 
     </span>
    </p>
   </div>
   <div class='ocr_carea' id='block_1_9' title="bbox 202 890 1731 968">
    <p class='ocr_par' dir='ltr' id='par_1_9' title="bbox 202 890 1731 968">
     <span class='ocr_line' id='line_1_9' title="bbox 202 890 1731 968; baseline -0.002 -20"><span class='ocrx_word' id='word_1_45' title='bbox 202 898 283 968; x_wconf 79' lang='grc' dir='ltr'>τὴν</span> <span class='ocrx_word' id='word_1_46' title='bbox 306 891 429 963; x_wconf 84' lang='grc' dir='ltr'>πρὸς</span> <span class='ocrx_word' id='word_1_47' title='bbox 449 890 509 944; x_wconf 80' lang='grc' dir='ltr'><strong>τὸ</strong></span> <span class='ocrx_word' id='word_1_48' title='bbox 537 890 697 943; x_wconf 83' lang='grc' dir='ltr'>καλὸν</span> <span class='ocrx_word' id='word_1_49' title='bbox 727 891 932 961; x_wconf 81' lang='grc' dir='ltr'>τροπὴν</span> <span class='ocrx_word' id='word_1_50' title='bbox 959 890 1069 960; x_wconf 85' lang='grc'><strong>(57)</strong></span> <span class='ocrx_word' id='word_1_51' title='bbox 1094 890 1519 960; x_wconf 86' lang='grc' dir='ltr'>παραλείπουσα,</span> <span class='ocrx_word' id='word_1_52' title='bbox 1551 892 1644 945; x_wconf 77' lang='grc' dir='ltr'><strong>καὶ</strong></span> <span class='ocrx_word' id='word_1_53' title='bbox 1665 891 1731 945; x_wconf 88' lang='grc' dir='ltr'>δι’</span> 
     </span>
    </p>
   </div>
   <div class='ocr_carea' id='block_1_10' title="bbox 198 981 1732 1055">
    <p class='ocr_par' dir='ltr' id='par_1_10' title="bbox 198 981 1732 1055">
     <span class='ocr_line' id='line_1_10' title="bbox 198 981 1732 1055; baseline -0.01 -11"><span class='ocrx_word' id='word_1_54' title='bbox 198 983 261 1044; x_wconf 82' lang='grc' dir='ltr'>ὧν</span> <span class='ocrx_word' id='word_1_55' title='bbox 286 987 344 1041; x_wconf 78' lang='grc' dir='ltr'>ἄν</span> <span class='ocrx_word' id='word_1_56' title='bbox 368 999 450 1045; x_wconf 84' lang='grc' dir='ltr'><strong>τις</strong></span> <span class='ocrx_word' id='word_1_57' title='bbox 476 981 634 1053; x_wconf 81' lang='grc' dir='ltr'><strong>φύγοι</strong></span> <span class='ocrx_word' id='word_1_58' title='bbox 667 982 765 1054; x_wconf 82' lang='grc' dir='ltr'>τὴν</span> <span class='ocrx_word' id='word_1_59' title='bbox 812 983 1010 1037; x_wconf 82' lang='grc' dir='ltr'>κακίαν</span> <span class='ocrx_word' id='word_1_60' title='bbox 1035 999 1047 1013; x_wconf 90' lang='grc'><strong>·</strong></span> <span class='ocrx_word' id='word_1_61' title='bbox 1098 984 1276 1037; x_wconf 87' lang='grc' dir='ltr'>πάντα</span> <span class='ocrx_word' id='word_1_62' title='bbox 1323 984 1440 1047; x_wconf 82' lang='grc' dir='ltr'>ταῖς</span> <span class='ocrx_word' id='word_1_63' title='bbox 1485 983 1619 1055; x_wconf 80' lang='grc' dir='ltr'>πρὸς</span> <span class='ocrx_word' id='word_1_64' title='bbox 1670 984 1732 1037; x_wconf 78' lang='grc' dir='ltr'><strong>τὸ</strong></span> 
     </span>
    </p>
   </div>
   <div class='ocr_carea' id='block_1_11' title="bbox 198 1075 1730 1147">
    <p class='ocr_par' dir='ltr' id='par_1_11' title="bbox 198 1075 1730 1147">
     <span class='ocr_line' id='line_1_11' title="bbox 198 1075 1730 1147; baseline -0.004 -12"><span class='ocrx_word' id='word_1_65' title='bbox 198 1079 339 1136; x_wconf 82' lang='grc' dir='ltr'>καλὸν</span> <span class='ocrx_word' id='word_1_66' title='bbox 369 1075 681 1145; x_wconf 86' lang='grc' dir='ltr'>ὁδηγούσαις</span> <span class='ocrx_word' id='word_1_67' title='bbox 711 1075 1189 1146; x_wconf 79' lang='grc' dir='ltr'>συμπαρέζευκται</span> <span class='ocrx_word' id='word_1_68' title='bbox 1226 1077 1485 1146; x_wconf 81' lang='grc' dir='ltr'><strong>γνώμαις.</strong></span> <span class='ocrx_word' id='word_1_69' title='bbox 1529 1075 1592 1129; x_wconf 87' lang='grc' dir='ltr'><strong>Ἦ</strong></span> <span class='ocrx_word' id='word_1_70' title='bbox 1623 1076 1730 1147; x_wconf 82' lang='grc' dir='ltr'><strong>γὰρ</strong></span> 
     </span>
    </p>
   </div>
   <div class='ocr_carea' id='block_1_12' title="bbox 193 1167 1729 1239">
    <p class='ocr_par' dir='ltr' id='par_1_12' title="bbox 193 1167 1729 1239">
     <span class='ocr_line' id='line_1_12' title="bbox 193 1167 1729 1239; baseline -0.003 -14"><span class='ocrx_word' id='word_1_71' title='bbox 193 1171 273 1228; x_wconf 80' lang='grc' dir='ltr'>τοῦ</span> <span class='ocrx_word' id='word_1_72' title='bbox 300 1167 498 1237; x_wconf 77' lang='grc' dir='ltr'>ἀγαθοῦ</span> <span class='ocrx_word' id='word_1_73' title='bbox 531 1169 743 1238; x_wconf 83' lang='grc' dir='ltr'>κτῆσις,</span> <span class='ocrx_word' id='word_1_74' title='bbox 774 1170 917 1239; x_wconf 81' lang='grc' dir='ltr'>φυγὴ</span> <span class='ocrx_word' id='word_1_75' title='bbox 946 1168 1040 1221; x_wconf 77' lang='grc' dir='ltr'>τοῦ</span> <span class='ocrx_word' id='word_1_76' title='bbox 1070 1168 1307 1221; x_wconf 72' lang='grc' dir='ltr'><strong>ἐναντίου</strong></span> <span class='ocrx_word' id='word_1_77' title='bbox 1332 1169 1426 1221; x_wconf 73' lang='grc' dir='ltr'><strong>καὶ</strong></span> <span class='ocrx_word' id='word_1_78' title='bbox 1454 1167 1729 1238; x_wconf 83' lang='grc' dir='ltr'>ἀναίρεσις</span> 
     </span>
    </p>
   </div>
   <div class='ocr_carea' id='block_1_13' title="bbox 194 1256 1728 1334">
    <p class='ocr_par' dir='ltr' id='par_1_13' title="bbox 194 1256 1728 1334">
     <span class='ocr_line' id='line_1_13' title="bbox 194 1256 1728 1334; baseline -0.004 -19"><span class='ocrx_word' id='word_1_79' title='bbox 194 1264 395 1334; x_wconf 87' lang='grc' dir='ltr'>γίνεται.</span> <span class='ocrx_word' id='word_1_80' title='bbox 431 1258 705 1328; x_wconf 81' lang='grc' dir='ltr'>Παρέλκον</span> <span class='ocrx_word' id='word_1_81' title='bbox 743 1257 786 1309; x_wconf 91' lang='grc' dir='ltr'>δ’</span> <span class='ocrx_word' id='word_1_82' title='bbox 815 1256 881 1311; x_wconf 80' lang='grc' dir='ltr'><strong>ἂν</strong></span> <span class='ocrx_word' id='word_1_83' title='bbox 914 1259 998 1327; x_wconf 77' lang='grc' dir='ltr'>εἴη</span> <span class='ocrx_word' id='word_1_84' title='bbox 1038 1258 1214 1310; x_wconf 88' lang='grc' dir='ltr'>πάντα</span> <span class='ocrx_word' id='word_1_85' title='bbox 1240 1258 1413 1311; x_wconf 78' lang='grc' dir='ltr'>ταῦτα</span> <span class='ocrx_word' id='word_1_86' title='bbox 1460 1257 1528 1310; x_wconf 79' lang='grc' dir='ltr'>δι’</span> <span class='ocrx_word' id='word_1_87' title='bbox 1568 1259 1728 1328; x_wconf 86' lang='grc' dir='ltr'>ἀκρι-</span> 
     </span>
    </p>
   </div>
   <div class='ocr_carea' id='block_1_14' title="bbox 191 1348 1727 1421">
    <p class='ocr_par' dir='ltr' id='par_1_14' title="bbox 191 1348 1727 1421">
     <span class='ocr_line' id='line_1_14' title="bbox 191 1348 1727 1421; baseline -0.001 -16"><span class='ocrx_word' id='word_1_88' title='bbox 191 1352 321 1414; x_wconf 81' lang='grc' dir='ltr'>σείας</span> <span class='ocrx_word' id='word_1_89' title='bbox 351 1348 677 1411; x_wconf 79' lang='grc' dir='ltr'><strong>ἐκτίθεσθαι,</strong></span> <span class='ocrx_word' id='word_1_90' title='bbox 712 1350 952 1419; x_wconf 70' lang='grc' dir='ltr'>φανερᾶς</span> <span class='ocrx_word' id='word_1_91' title='bbox 993 1348 1156 1421; x_wconf 79' lang='grc' dir='ltr'>οὐσης</span> <span class='ocrx_word' id='word_1_92' title='bbox 1201 1353 1311 1413; x_wconf 86' lang='grc' dir='ltr'>τοῖς</span> <span class='ocrx_word' id='word_1_93' title='bbox 1345 1351 1727 1419; x_wconf 71' lang='grc' dir='ltr'><strong>ἐντυγχάνουσι</strong></span> 
     </span>
    </p>
   </div>
   <div class='ocr_carea' id='block_1_15' title="bbox 190 1439 1726 1513">
    <p class='ocr_par' dir='ltr' id='par_1_15' title="bbox 190 1439 1726 1513">
     <span class='ocr_line' id='line_1_15' title="bbox 190 1439 1726 1513; baseline 0.005 -26"><span class='ocrx_word' id='word_1_94' title='bbox 190 1446 245 1513; x_wconf 69' lang='grc' dir='ltr'><strong>τῇ</strong></span> <span class='ocrx_word' id='word_1_95' title='bbox 277 1442 449 1513; x_wconf 72' lang='grc' dir='ltr'>γραφῇ</span> <span class='ocrx_word' id='word_1_96' title='bbox 495 1439 666 1509; x_wconf 75' lang='grc' dir='ltr'>ταύτῃ</span> <span class='ocrx_word' id='word_1_97' title='bbox 695 1439 793 1509; x_wconf 82' lang='grc' dir='ltr'>τῆς</span> <span class='ocrx_word' id='word_1_98' title='bbox 824 1439 952 1510; x_wconf 69' lang='grc' dir='ltr'>περὶ</span> <span class='ocrx_word' id='word_1_99' title='bbox 987 1439 1053 1492; x_wconf 80' lang='grc' dir='ltr'>τὰ</span> <span class='ocrx_word' id='word_1_100' title='bbox 1080 1439 1302 1493; x_wconf 79' lang='grc' dir='ltr'>τοιαῦτα</span> <span class='ocrx_word' id='word_1_101' title='bbox 1351 1441 1585 1511; x_wconf 76' lang='grc' dir='ltr'><strong>σπουδῆς</strong></span> <span class='ocrx_word' id='word_1_102' title='bbox 1632 1441 1726 1494; x_wconf 77' lang='grc' dir='ltr'><strong>τοῦ</strong></span> 
     </span>
    </p>
   </div>
   <div class='ocr_carea' id='block_1_16' title="bbox 187 1535 343 1587">
    <p class='ocr_par' dir='ltr' id='par_1_16' title="bbox 187 1535 343 1587">
     <span class='ocr_line' id='line_1_16' title="bbox 187 1535 343 1587; baseline -0.013 0"><span class='ocrx_word' id='word_1_103' title='bbox 187 1535 343 1587; x_wconf 72' lang='grc' dir='ltr'>λόγου.</span> 
     </span>
    </p>
   </div>
   <div class='ocr_carea' id='block_1_17' title="bbox 694 1665 1198 1719">
    <p class='ocr_par' dir='ltr' id='par_1_17' title="bbox 694 1665 1198 1719">
     <span class='ocr_line' id='line_1_17' title="bbox 694 1665 1198 1719; baseline 0.004 -2"><span class='ocrx_word' id='word_1_104' title='bbox 694 1665 1083 1718; x_wconf 79' lang='grc' dir='ltr'><strong>ΚΕΦΑΛΑΙΟΝ</strong></span> <span class='ocrx_word' id='word_1_105' title='bbox 1122 1667 1198 1719; x_wconf 81' lang='grc' dir='ltr'><strong>Ε’.</strong></span> 
     </span>
    </p>
   </div>
   <div class='ocr_carea' id='block_1_18' title="bbox 242 1793 1727 1869">
    <p class='ocr_par' dir='ltr' id='par_1_18' title="bbox 242 1793 1727 1869">
     <span class='ocr_line' id='line_1_18' title="bbox 242 1793 1727 1869; baseline -0.003 -17"><span class='ocrx_word' id='word_1_106' title='bbox 242 1799 511 1869; x_wconf 85' lang='grc' dir='ltr'>Τέτμηται</span> <span class='ocrx_word' id='word_1_107' title='bbox 549 1796 603 1849; x_wconf 76' lang='grc' dir='ltr'><strong>δὲ</strong></span> <span class='ocrx_word' id='word_1_108' title='bbox 635 1796 872 1865; x_wconf 81' lang='grc' dir='ltr'>πενταχῆ</span> <span class='ocrx_word' id='word_1_109' title='bbox 908 1796 1056 1849; x_wconf 83' lang='grc' dir='ltr'>πᾶσα</span> <span class='ocrx_word' id='word_1_110' title='bbox 1100 1796 1133 1865; x_wconf 85' lang='grc' dir='ltr'>ἡ</span> <span class='ocrx_word' id='word_1_111' title='bbox 1176 1794 1283 1848; x_wconf 91' lang='grc' dir='ltr'><strong>τῶν</strong></span> <span class='ocrx_word' id='word_1_112' title='bbox 1313 1793 1541 1865; x_wconf 78' lang='grc' dir='ltr'>ψαλμῶν</span> <span class='ocrx_word' id='word_1_113' title='bbox 1570 1814 1727 1869; x_wconf 3' lang='grc' dir='ltr'>,πρα-</span> 
     </span>
    </p>
   </div>
   <div class='ocr_carea' id='block_1_19' title="bbox 182 1868 1727 1964">
    <p class='ocr_par' dir='ltr' id='par_1_19' title="bbox 182 1868 1727 1964">
     <span class='ocr_line' id='line_1_19' title="bbox 182 1868 1727 1964; baseline -0.003 -21"><span class='ocrx_word' id='word_1_114' title='bbox 182 1868 425 1964; x_wconf 52' lang='grc' dir='ltr'>γματξῖῖ</span> <span class='ocrx_word' id='word_1_115' title='bbox 442 1874 473 1877; x_wconf 13' lang='grc' dir='ltr'><strong>νᾼ</strong></span> <span class='ocrx_word' id='word_1_116' title='bbox 490 1890 597 1942; x_wconf 74' lang='grc' dir='ltr'><strong>Καὶ</strong></span> <span class='ocrx_word' id='word_1_117' title='bbox 638 1870 909 1949; x_wconf 51' lang='grc' dir='ltr'><strong>τέἷέάιὺ</strong></span> <span class='ocrx_word' id='word_1_118' title='bbox 956 1876 1165 1950; x_wconf 73' lang='grc' dir='ltr'>ἐντοῖς</span> <span class='ocrx_word' id='word_1_119' title='bbox 1218 1890 1465 1958; x_wconf 80' lang='grc' dir='ltr'><strong>τμήμασι</strong></span> <span class='ocrx_word' id='word_1_120' title='bbox 1522 1874 1727 1951; x_wconf 83' lang='grc' dir='ltr'>τούτοις</span> 
     </span>
    </p>
   </div>
   <div class='ocr_carea' id='block_1_20' title="bbox 178 1974 1727 2052">
    <p class='ocr_par' dir='ltr' id='par_1_20' title="bbox 178 1974 1727 2052">
     <span class='ocr_line' id='line_1_20' title="bbox 178 1974 1727 2052; baseline -0.001 -18"><span class='ocrx_word' id='word_1_121' title='bbox 178 1974 377 2052; x_wconf 65' lang='grc' dir='ltr'>τεχῧῖκὴ</span> <span class='ocrx_word' id='word_1_122' title='bbox 402 1978 667 2049; x_wconf 81' lang='grc' dir='ltr'>διασκευὴ</span> <span class='ocrx_word' id='word_1_123' title='bbox 696 1977 789 2031; x_wconf 78' lang='grc' dir='ltr'><strong>καὶ</strong></span> <span class='ocrx_word' id='word_1_124' title='bbox 810 1977 1089 2049; x_wconf 89' lang='grc' dir='ltr'>διαίρεσις.</span> <span class='ocrx_word' id='word_1_125' title='bbox 1125 1978 1186 2029; x_wconf 82' lang='grc' dir='ltr'>Ἢ</span> <span class='ocrx_word' id='word_1_126' title='bbox 1208 1974 1599 2049; x_wconf 43' lang='grc' dir='ltr'>δέ““περιγραφὴ</span> <span class='ocrx_word' id='word_1_127' title='bbox 1620 1979 1727 2032; x_wconf 87' lang='grc' dir='ltr'><strong>τῶν</strong></span> 
     </span>
    </p>
   </div>
   <div class='ocr_carea' id='block_1_21' title="bbox 177 2069 1727 2145">
    <p class='ocr_par' dir='ltr' id='par_1_21' title="bbox 177 2069 1727 2145">
     <span class='ocr_line' id='line_1_21' title="bbox 177 2069 1727 2145; baseline -0.003 -16"><span class='ocrx_word' id='word_1_128' title='bbox 177 2074 463 2145; x_wconf 82' lang='grc' dir='ltr'><strong>τμημάτων</strong></span> <span class='ocrx_word' id='word_1_129' title='bbox 498 2070 705 2141; x_wconf 81' lang='grc' dir='ltr'>φανερὰ</span> <span class='ocrx_word' id='word_1_130' title='bbox 736 2070 942 2139; x_wconf 88' lang='grc' dir='ltr'>γίνεται</span> <span class='ocrx_word' id='word_1_131' title='bbox 968 2109 983 2133; x_wconf 94' lang='grc'><strong>,</strong></span> <span class='ocrx_word' id='word_1_132' title='bbox 1029 2069 1198 2133; x_wconf 90' lang='grc' dir='ltr'>θείαις</span> <span class='ocrx_word' id='word_1_133' title='bbox 1246 2072 1357 2123; x_wconf 77' lang='grc' dir='ltr'>τισὶ</span> <span class='ocrx_word' id='word_1_134' title='bbox 1401 2069 1727 2140; x_wconf 83' lang='grc' dir='ltr'>δοξολογίαις</span> 
     </span>
    </p>
   </div>
   <div class='ocr_carea' id='block_1_22' title="bbox 173 2160 1726 2236">
    <p class='ocr_par' dir='ltr' id='par_1_22' title="bbox 173 2160 1726 2236">
     <span class='ocr_line' id='line_1_22' title="bbox 173 2160 1726 2236; baseline 0.003 -22"><span class='ocrx_word' id='word_1_135' title='bbox 173 2163 532 2236; x_wconf 77' lang='grc' dir='ltr'><strong>ὁμοιοτρόπως</strong></span> <span class='ocrx_word' id='word_1_136' title='bbox 563 2162 1004 2232; x_wconf 85' lang='grc' dir='ltr'>ἐναπολήγουσα,</span> <span class='ocrx_word' id='word_1_137' title='bbox 1054 2162 1119 2225; x_wconf 83' lang='grc' dir='ltr'><strong>ἂς</strong></span> <span class='ocrx_word' id='word_1_138' title='bbox 1170 2160 1379 2224; x_wconf 75' lang='grc' dir='ltr'>ἔξεστιν</span> <span class='ocrx_word' id='word_1_139' title='bbox 1430 2163 1726 2232; x_wconf 76' lang='grc' dir='ltr'>ἐπιγνῶναι</span> 
     </span>
    </p>
   </div>
   <div class='ocr_carea' id='block_1_23' title="bbox 176 2254 1726 2326">
    <p class='ocr_par' dir='ltr' id='par_1_23' title="bbox 176 2254 1726 2326">
     <span class='ocr_line' id='line_1_23' title="bbox 176 2254 1726 2326; baseline -0.002 -15"><span class='ocrx_word' id='word_1_140' title='bbox 176 2257 298 2311; x_wconf 75' lang='grc' dir='ltr'>κατὰ</span> <span class='ocrx_word' id='word_1_141' title='bbox 334 2256 435 2326; x_wconf 81' lang='grc' dir='ltr'>τὴν</span> <span class='ocrx_word' id='word_1_142' title='bbox 492 2255 621 2325; x_wconf 79' lang='grc' dir='ltr'>παρ’</span> <span class='ocrx_word' id='word_1_143' title='bbox 671 2254 824 2324; x_wconf 80' lang='grc' dir='ltr'>ἡμῶν</span> <span class='ocrx_word' id='word_1_144' title='bbox 864 2254 1319 2325; x_wconf 86' lang='grc' dir='ltr'>ύποδεικνυμένην</span> <span class='ocrx_word' id='word_1_145' title='bbox 1359 2254 1470 2325; x_wconf 83' lang='grc'><strong>(58)</strong></span> <span class='ocrx_word' id='word_1_146' title='bbox 1509 2256 1567 2307; x_wconf 86' lang='grc' dir='ltr'><strong>ἐν</strong></span> <span class='ocrx_word' id='word_1_147' title='bbox 1610 2259 1726 2320; x_wconf 89' lang='grc' dir='ltr'>ταῖς</span> 
     </span>
    </p>
   </div>
   <div class='ocr_carea' id='block_1_24' title="bbox 168 2345 1725 2419">
    <p class='ocr_par' dir='ltr' id='par_1_24' title="bbox 168 2345 1725 2419">
     <span class='ocr_line' id='line_1_24' title="bbox 168 2345 1725 2419; baseline -0.001 -19"><span class='ocrx_word' id='word_1_148' title='bbox 168 2348 502 2419; x_wconf 51' lang='grc' dir='ltr'>ψαλμιγῦαις</span> <span class='ocrx_word' id='word_1_149' title='bbox 546 2347 826 2417; x_wconf 80' lang='grc' dir='ltr'>διαίρεσιν.</span> <span class='ocrx_word' id='word_1_150' title='bbox 886 2346 1041 2398; x_wconf 85' lang='grc' dir='ltr'>Ἐστι</span> <span class='ocrx_word' id='word_1_151' title='bbox 1086 2346 1141 2397; x_wconf 80' lang='grc' dir='ltr'>δὲ</span> <span class='ocrx_word' id='word_1_152' title='bbox 1171 2345 1399 2399; x_wconf 78' lang='grc' dir='ltr'><strong>ἑκάστου</strong></span> <span class='ocrx_word' id='word_1_153' title='bbox 1442 2348 1725 2419; x_wconf 75' lang='grc' dir='ltr'><strong>τμήματος</strong></span> 
     </span>
    </p>
   </div>
   <div class='ocr_carea' id='block_1_25' title="bbox 170 2418 1725 2511">
    <p class='ocr_par' dir='ltr' id='par_1_25' title="bbox 170 2418 1725 2511">
     <span class='ocr_line' id='line_1_25' title="bbox 170 2418 1725 2511; baseline -0.005 -18"><span class='ocrx_word' id='word_1_154' title='bbox 170 2418 385 2510; x_wconf 71' lang='grc' dir='ltr'>ἀριθμὸς</span> <span class='ocrx_word' id='word_1_155' title='bbox 414 2436 530 2489; x_wconf 87' lang='grc' dir='ltr'><strong>τῶν</strong></span> <span class='ocrx_word' id='word_1_156' title='bbox 560 2434 883 2509; x_wconf 68' lang='grc' dir='ltr'>ψαλμιρδιῶν</span> <span class='ocrx_word' id='word_1_157' title='bbox 913 2431 1063 2511; x_wconf 72' lang='grc' dir='ltr'>οὗτος</span> <span class='ocrx_word' id='word_1_158' title='bbox 1083 2451 1100 2469; x_wconf 81' lang='grc' dir='ltr'><strong><em>ο</em></strong></span> <span class='ocrx_word' id='word_1_159' title='bbox 1123 2434 1226 2487; x_wconf 76' lang='grc' dir='ltr'><strong>Τοῦ</strong></span> <span class='ocrx_word' id='word_1_160' title='bbox 1258 2426 1496 2505; x_wconf 81' lang='grc' dir='ltr'>πρώτου,</span> <span class='ocrx_word' id='word_1_161' title='bbox 1520 2418 1725 2502; x_wconf 68' lang='grc' dir='ltr'>τεσσαῖ-</span> 
     </span>
    </p>
   </div>
   <div class='ocr_carea' id='block_1_26' title="bbox 168 2510 1724 2605">
    <p class='ocr_par' dir='ltr' id='par_1_26' title="bbox 168 2513 1724 2605">
     <span class='ocr_line' id='line_1_26' title="bbox 168 2513 1724 2605; baseline -0.002 -22"><span class='ocrx_word' id='word_1_162' title='bbox 168 2513 419 2601; x_wconf 59' lang='grc' dir='ltr'>ράκῖνταζ</span> <span class='ocrx_word' id='word_1_163' title='bbox 459 2525 569 2579; x_wconf 76' lang='grc' dir='ltr'>Τοῦ</span> <span class='ocrx_word' id='word_1_164' title='bbox 602 2528 880 2597; x_wconf 81' lang='grc' dir='ltr'><strong>δευτέρου,</strong></span> <span class='ocrx_word' id='word_1_165' title='bbox 928 2521 1007 2605; x_wconf 83' lang='grc' dir='ltr'><strong>εἷς</strong></span> <span class='ocrx_word' id='word_1_166' title='bbox 1055 2527 1498 2599; x_wconf 14' lang='grc' dir='ltr'>καιντριάκοντα.</span> <span class='ocrx_word' id='word_1_167' title='bbox 1556 2528 1724 2580; x_wconf 67' lang='grc' dir='ltr'>Ἑπτὰ</span> 
     </span>
    </p>
   </div>
   <div class='ocr_carea' id='block_1_27' title="bbox 166 2606 1721 2691">
    <p class='ocr_par' dir='ltr' id='par_1_27' title="bbox 166 2606 1721 2691">
     <span class='ocr_line' id='line_1_27' title="bbox 166 2606 1721 2691; baseline -0.001 -18"><span class='ocrx_word' id='word_1_168' title='bbox 166 2618 249 2691; x_wconf 51' lang='grc' dir='ltr'>καὶ</span> <span class='ocrx_word' id='word_1_169' title='bbox 277 2621 405 2672; x_wconf 78' lang='grc' dir='ltr'>δέκα</span> <span class='ocrx_word' id='word_1_170' title='bbox 434 2620 500 2672; x_wconf 83' lang='grc' dir='ltr'><strong>δὲ</strong></span> <span class='ocrx_word' id='word_1_171' title='bbox 534 2606 857 2691; x_wconf 50' lang='lat' dir='ltr'><strong>«caepim,</strong></span> <span class='ocrx_word' id='word_1_172' title='bbox 900 2620 990 2671; x_wconf 79' lang='grc' dir='ltr'>καὶ</span> <span class='ocrx_word' id='word_1_173' title='bbox 1034 2618 1123 2669; x_wconf 80' lang='grc' dir='ltr'><strong>τού</strong></span> <span class='ocrx_word' id='word_1_174' title='bbox 1169 2618 1426 2687; x_wconf 77' lang='grc' dir='ltr'>τετάρτου</span> <span class='ocrx_word' id='word_1_175' title='bbox 1461 2620 1721 2685; x_wconf 73' lang='grc' dir='ltr'>τοσοῦτοι,</span> 
     </span>
    </p>
   </div>
   <div class='ocr_carea' id='block_1_28' title="bbox 162 2686 1719 2782">
    <p class='ocr_par' dir='ltr' id='par_1_28' title="bbox 162 2686 1719 2782">
     <span class='ocr_line' id='line_1_28' title="bbox 162 2686 1719 2782; baseline 0.001 -19"><span class='ocrx_word' id='word_1_176' title='bbox 162 2686 361 2764; x_wconf 63' lang='grc' dir='ltr'><strong>τοδ</strong></span> <span class='ocrx_word' id='word_1_177' title='bbox 432 2696 686 2782; x_wconf 75' lang='grc' dir='ltr'>πέμπτου</span> <span class='ocrx_word' id='word_1_178' title='bbox 750 2710 909 2764; x_wconf 83' lang='grc' dir='ltr'>πέντε</span> <span class='ocrx_word' id='word_1_179' title='bbox 970 2711 1079 2779; x_wconf 85' lang='grc'><strong>(59)</strong></span> <span class='ocrx_word' id='word_1_180' title='bbox 1144 2712 1235 2763; x_wconf 80' lang='grc' dir='ltr'>καὶ</span> <span class='ocrx_word' id='word_1_181' title='bbox 1296 2712 1719 2780; x_wconf 87' lang='grc' dir='ltr'>τεσσαράκοντα.</span> 
     </span>
    </p>
   </div>
   <div class='ocr_carea' id='block_1_29' title="bbox 165 2796 1723 2872">
    <p class='ocr_par' dir='ltr' id='par_1_29' title="bbox 165 2796 1723 2872">
     <span class='ocr_line' id='line_1_29' title="bbox 165 2796 1723 2872; baseline -0.001 -17"><span class='ocrx_word' id='word_1_182' title='bbox 165 2802 395 2855; x_wconf 84' lang='grc' dir='ltr'>Ἱσταται</span> <span class='ocrx_word' id='word_1_183' title='bbox 423 2796 524 2854; x_wconf 78' lang='grc' dir='ltr'>οὖν</span> <span class='ocrx_word' id='word_1_184' title='bbox 554 2799 614 2852; x_wconf 87' lang='grc' dir='ltr'><strong>τὸ</strong></span> <span class='ocrx_word' id='word_1_185' title='bbox 640 2799 851 2870; x_wconf 84' lang='grc' dir='ltr'>πρῶτον</span> <span class='ocrx_word' id='word_1_186' title='bbox 878 2800 1040 2870; x_wconf 90' lang='grc' dir='ltr'>μέρος</span> <span class='ocrx_word' id='word_1_187' title='bbox 1066 2800 1155 2852; x_wconf 72' lang='grc' dir='ltr'><strong>ἐπὶ</strong></span> <span class='ocrx_word' id='word_1_188' title='bbox 1178 2802 1267 2852; x_wconf 81' lang='grc' dir='ltr'><strong>τὸν</strong></span> <span class='ocrx_word' id='word_1_189' title='bbox 1296 2802 1723 2872; x_wconf 81' lang='grc' dir='ltr'>τεσσαρακοστὸν</span> 
     </span>
    </p>
   </div>
   <div class='ocr_carea' id='block_1_30' title="bbox 157 2884 1723 2963">
    <p class='ocr_par' dir='ltr' id='par_1_30' title="bbox 157 2884 1723 2963">
     <span class='ocr_line' id='line_1_30' title="bbox 157 2884 1723 2963; baseline -0.001 -17"><span class='ocrx_word' id='word_1_190' title='bbox 157 2894 217 2946; x_wconf 83' lang='grc' dir='ltr'><strong>ἐκ</strong></span> <span class='ocrx_word' id='word_1_191' title='bbox 238 2892 328 2945; x_wconf 77' lang='grc' dir='ltr'>τοῦ</span> <span class='ocrx_word' id='word_1_192' title='bbox 362 2890 614 2963; x_wconf 64' lang='grc' dir='ltr'>πρώτου,</span> <span class='ocrx_word' id='word_1_193' title='bbox 639 2884 698 2943; x_wconf 74' lang='grc' dir='ltr'><strong>οὐ</strong></span> <span class='ocrx_word' id='word_1_194' title='bbox 723 2891 893 2961; x_wconf 86' lang='grc' dir='ltr'>πέρας</span> <span class='ocrx_word' id='word_1_195' title='bbox 920 2892 1066 2943; x_wconf 84' lang='grc' dir='ltr'>ἐστίν</span> <span class='ocrx_word' id='word_1_196' title='bbox 1094 2909 1104 2920; x_wconf 93' lang='grc'><strong>·</strong></span> <span class='ocrx_word' id='word_1_197' title='bbox 1152 2913 1169 2942; x_wconf 74' lang='grc' dir='ltr'><strong>ι</strong></span> <span class='ocrx_word' id='word_1_198' title='bbox 1203 2893 1501 2963; x_wconf 77' lang='grc' dir='ltr'><strong>Εὐλογητὸς</strong></span> <span class='ocrx_word' id='word_1_199' title='bbox 1524 2892 1723 2963; x_wconf 84' lang='grc' dir='ltr'>Κύριος</span> 
     </span>
    </p>
   </div>
   <div class='ocr_carea' id='block_1_31' title="bbox 157 2979 1719 3051">
    <p class='ocr_par' dir='ltr' id='par_1_31' title="bbox 157 2979 1719 3051">
     <span class='ocr_line' id='line_1_31' title="bbox 157 2979 1719 3051; baseline -0.001 -18"><span class='ocrx_word' id='word_1_200' title='bbox 157 2982 183 3033; x_wconf 98' lang='lat'><strong>6</strong></span> <span class='ocrx_word' id='word_1_201' title='bbox 212 2980 337 3044; x_wconf 83' lang='grc' dir='ltr'>Θεὸς</span> <span class='ocrx_word' id='word_1_202' title='bbox 380 2979 606 3051; x_wconf 79' lang='grc' dir='ltr'>Ἰσραὴλ</span> <span class='ocrx_word' id='word_1_203' title='bbox 644 2981 751 3033; x_wconf 87' lang='grc' dir='ltr'><strong>άπὸ</strong></span> <span class='ocrx_word' id='word_1_204' title='bbox 788 2980 881 3032; x_wconf 81' lang='grc' dir='ltr'><strong>τοῦ</strong></span> <span class='ocrx_word' id='word_1_205' title='bbox 927 2980 1119 3044; x_wconf 78' lang='grc' dir='ltr'>αἰῶνος</span> <span class='ocrx_word' id='word_1_206' title='bbox 1161 2982 1253 3034; x_wconf 72' lang='grc' dir='ltr'><strong>καὶ</strong></span> <span class='ocrx_word' id='word_1_207' title='bbox 1287 2984 1363 3044; x_wconf 81' lang='grc' dir='ltr'>εἰς</span> <span class='ocrx_word' id='word_1_208' title='bbox 1402 2981 1490 3034; x_wconf 89' lang='grc' dir='ltr'><strong>τὸν</strong></span> <span class='ocrx_word' id='word_1_209' title='bbox 1530 2982 1719 3045; x_wconf 80' lang='grc' dir='ltr'>αἰῶνα,</span> 
     </span>
    </p>
   </div>
   <div class='ocr_carea' id='block_1_32' title="bbox 155 3072 1722 3144">
    <p class='ocr_par' dir='ltr' id='par_1_32' title="bbox 155 3072 1722 3144">
     <span class='ocr_line' id='line_1_32' title="bbox 155 3072 1722 3144; baseline -0.003 -18"><span class='ocrx_word' id='word_1_210' title='bbox 155 3074 370 3141; x_wconf 85' lang='grc' dir='ltr'>γένοιτο,</span> <span class='ocrx_word' id='word_1_211' title='bbox 397 3073 637 3141; x_wconf 88' lang='grc' dir='ltr'>γένοιτο.</span> <span class='ocrx_word' id='word_1_212' title='bbox 670 3092 687 3123; x_wconf 72' lang='grc' dir='ltr'><strong>ι</strong></span> <span class='ocrx_word' id='word_1_213' title='bbox 735 3072 806 3125; x_wconf 86' lang='grc' dir='ltr'>Τὸ</span> <span class='ocrx_word' id='word_1_214' title='bbox 826 3072 1091 3144; x_wconf 88' lang='grc' dir='ltr'>δεύτερον,</span> <span class='ocrx_word' id='word_1_215' title='bbox 1112 3073 1202 3124; x_wconf 80' lang='grc' dir='ltr'><strong>ἐπὶ</strong></span> <span class='ocrx_word' id='word_1_216' title='bbox 1220 3072 1309 3124; x_wconf 88' lang='grc' dir='ltr'><strong>τὸν</strong></span> <span class='ocrx_word' id='word_1_217' title='bbox 1332 3072 1722 3141; x_wconf 75' lang='grc' dir='ltr'>ἑϐδομηκοστόν</span> 
     </span>
    </p>
   </div>
   <div class='ocr_carea' id='block_1_33' title="bbox 152 3150 1722 3236">
    <p class='ocr_par' dir='ltr' id='par_1_33' title="bbox 152 3150 1722 3236">
     <span class='ocr_line' id='line_1_33' title="bbox 152 3150 1722 3236; baseline -0.001 -19"><span class='ocrx_word' id='word_1_218' title='bbox 152 3182 206 3217; x_wconf 89' lang='grc' dir='ltr'><strong>τε</strong></span> <span class='ocrx_word' id='word_1_219' title='bbox 224 3167 315 3219; x_wconf 71' lang='grc' dir='ltr'><strong>καὶ</strong></span> <span class='ocrx_word' id='word_1_220' title='bbox 338 3165 588 3236; x_wconf 81' lang='grc' dir='ltr'>πρῶτον,</span> <span class='ocrx_word' id='word_1_221' title='bbox 625 3156 684 3217; x_wconf 69' lang='grc' dir='ltr'>οὗ</span> <span class='ocrx_word' id='word_1_222' title='bbox 712 3165 772 3217; x_wconf 89' lang='grc' dir='ltr'><strong>τὸ</strong></span> <span class='ocrx_word' id='word_1_223' title='bbox 808 3150 958 3227; x_wconf 81' lang='grc' dir='ltr'>τέλος</span> <span class='ocrx_word' id='word_1_224' title='bbox 978 3163 1146 3227; x_wconf 75' lang='grc' dir='ltr'>οὕτως</span> <span class='ocrx_word' id='word_1_225' title='bbox 1183 3164 1293 3233; x_wconf 77' lang='grc' dir='ltr'>ἔχει</span> <span class='ocrx_word' id='word_1_226' title='bbox 1321 3181 1333 3194; x_wconf 91' lang='grc'>·</span> <span class='ocrx_word' id='word_1_227' title='bbox 1382 3184 1399 3213; x_wconf 76' lang='grc' dir='ltr'><strong>ι</strong></span> <span class='ocrx_word' id='word_1_228' title='bbox 1422 3164 1722 3232; x_wconf 82' lang='grc' dir='ltr'>Εὐλογητὸς</span> 
     </span>
    </p>
   </div>
   <div class='ocr_carea' id='block_1_34' title="bbox 151 3252 1721 3327">
    <p class='ocr_par' dir='ltr' id='par_1_34' title="bbox 151 3252 1721 3327">
     <span class='ocr_line' id='line_1_34' title="bbox 151 3252 1721 3327; baseline -0.003 -19"><span class='ocrx_word' id='word_1_229' title='bbox 151 3255 347 3327; x_wconf 82' lang='grc' dir='ltr'>Κύριος</span> <span class='ocrx_word' id='word_1_230' title='bbox 382 3258 413 3309; x_wconf 89' lang='grc' dir='ltr'>ὁ</span> <span class='ocrx_word' id='word_1_231' title='bbox 436 3255 579 3318; x_wconf 86' lang='grc' dir='ltr'>Θεὸς</span> <span class='ocrx_word' id='word_1_232' title='bbox 613 3256 828 3327; x_wconf 80' lang='grc' dir='ltr'>Ἰσραὴλ</span> <span class='ocrx_word' id='word_1_233' title='bbox 862 3257 889 3307; x_wconf 90' lang='lat'><strong>6</strong></span> <span class='ocrx_word' id='word_1_234' title='bbox 923 3254 1091 3307; x_wconf 87' lang='grc' dir='ltr'>ποιῶν</span> <span class='ocrx_word' id='word_1_235' title='bbox 1117 3253 1392 3323; x_wconf 78' lang='grc' dir='ltr'>θαυμάσια</span> <span class='ocrx_word' id='word_1_236' title='bbox 1428 3252 1607 3323; x_wconf 83' lang='grc' dir='ltr'>μόνος,</span> <span class='ocrx_word' id='word_1_237' title='bbox 1629 3252 1721 3305; x_wconf 74' lang='grc' dir='ltr'><strong>καὶ</strong></span> 
     </span>
    </p>
   </div>
   <div class='ocr_carea' id='block_1_35' title="bbox 148 3344 1719 3419">
    <p class='ocr_par' dir='ltr' id='par_1_35' title="bbox 148 3344 1719 3419">
     <span class='ocr_line' id='line_1_35' title="bbox 148 3344 1719 3419; baseline -0.002 -20"><span class='ocrx_word' id='word_1_238' title='bbox 148 3348 440 3419; x_wconf 83' lang='grc' dir='ltr'>εὐλογητὺν</span> <span class='ocrx_word' id='word_1_239' title='bbox 489 3350 554 3401; x_wconf 88' lang='grc' dir='ltr'><strong>τὸ</strong></span> <span class='ocrx_word' id='word_1_240' title='bbox 590 3348 757 3419; x_wconf 80' lang='grc' dir='ltr'>ὄνομα</span> <span class='ocrx_word' id='word_1_241' title='bbox 789 3350 887 3419; x_wconf 84' lang='grc' dir='ltr'>τῆς</span> <span class='ocrx_word' id='word_1_242' title='bbox 922 3346 1078 3416; x_wconf 79' lang='grc' dir='ltr'>δόξης</span> <span class='ocrx_word' id='word_1_243' title='bbox 1112 3346 1275 3399; x_wconf 79' lang='grc' dir='ltr'>αὐτοῦ</span> <span class='ocrx_word' id='word_1_244' title='bbox 1307 3346 1385 3408; x_wconf 77' lang='grc' dir='ltr'><strong>εἰς</strong></span> <span class='ocrx_word' id='word_1_245' title='bbox 1420 3345 1509 3398; x_wconf 89' lang='grc' dir='ltr'><strong>τὸν</strong></span> <span class='ocrx_word' id='word_1_246' title='bbox 1530 3344 1719 3408; x_wconf 73' lang='grc' dir='ltr'>αἰῶνα,</span> 
     </span>
    </p>
   </div>
   <div class='ocr_carea' id='block_1_36' title="bbox 148 3436 1720 3507">
    <p class='ocr_par' dir='ltr' id='par_1_36' title="bbox 148 3436 1720 3507">
     <span class='ocr_line' id='line_1_36' title="bbox 148 3436 1720 3507; baseline -0.005 -13"><span class='ocrx_word' id='word_1_247' title='bbox 148 3442 235 3495; x_wconf 77' lang='grc' dir='ltr'><strong>καὶ</strong></span> <span class='ocrx_word' id='word_1_248' title='bbox 254 3444 333 3504; x_wconf 82' lang='grc' dir='ltr'><strong>είς</strong></span> <span class='ocrx_word' id='word_1_249' title='bbox 355 3443 453 3494; x_wconf 88' lang='grc' dir='ltr'><strong>τὸν</strong></span> <span class='ocrx_word' id='word_1_250' title='bbox 481 3442 657 3494; x_wconf 82' lang='grc' dir='ltr'>αἰῶνα</span> <span class='ocrx_word' id='word_1_251' title='bbox 678 3440 769 3493; x_wconf 81' lang='grc' dir='ltr'>τοῦ</span> <span class='ocrx_word' id='word_1_252' title='bbox 800 3439 1008 3501; x_wconf 74' lang='grc' dir='ltr'>αἰῶνος.</span> <span class='ocrx_word' id='word_1_253' title='bbox 1048 3438 1155 3489; x_wconf 72' lang='grc' dir='ltr'>Καὶ</span> <span class='ocrx_word' id='word_1_254' title='bbox 1188 3436 1600 3507; x_wconf 77' lang='grc' dir='ltr'>πληρωθήσεται</span> <span class='ocrx_word' id='word_1_255' title='bbox 1623 3436 1720 3506; x_wconf 79' lang='grc' dir='ltr'>τῆς</span> 
     </span>
    </p>
   </div>
   <div class='ocr_carea' id='block_1_37' title="bbox 144 3528 1717 3603">
    <p class='ocr_par' dir='ltr' id='par_1_37' title="bbox 144 3528 1717 3603">
     <span class='ocr_line' id='line_1_37' title="bbox 144 3528 1717 3603; baseline -0.006 -16"><span class='ocrx_word' id='word_1_256' title='bbox 144 3532 292 3603; x_wconf 75' lang='grc' dir='ltr'>δόξης</span> <span class='ocrx_word' id='word_1_257' title='bbox 316 3533 497 3587; x_wconf 75' lang='grc' dir='ltr'>αὐτοῦ</span> <span class='ocrx_word' id='word_1_258' title='bbox 528 3534 721 3601; x_wconf 80' lang='grc' dir='ltr'>πᾶσαή</span> <span class='ocrx_word' id='word_1_259' title='bbox 745 3532 836 3601; x_wconf 85' lang='grc' dir='ltr'>γῆ,</span> <span class='ocrx_word' id='word_1_260' title='bbox 859 3530 1085 3596; x_wconf 84' lang='grc' dir='ltr'>γένοιτο,</span> <span class='ocrx_word' id='word_1_261' title='bbox 1108 3529 1331 3597; x_wconf 84' lang='grc' dir='ltr'>γένοιτο.</span> <span class='ocrx_word' id='word_1_262' title='bbox 1366 3546 1383 3577; x_wconf 72' lang='grc' dir='ltr'><strong>ι</strong></span> <span class='ocrx_word' id='word_1_263' title='bbox 1425 3528 1496 3579; x_wconf 89' lang='grc' dir='ltr'>Τὸ</span> <span class='ocrx_word' id='word_1_264' title='bbox 1519 3528 1717 3598; x_wconf 87' lang='grc' dir='ltr'>τρίτον,</span> 
     </span>
    </p>
   </div>
   <div class='ocr_carea' id='block_1_38' title="bbox 145 3615 1719 3692">
    <p class='ocr_par' dir='ltr' id='par_1_38' title="bbox 145 3615 1719 3692">
     <span class='ocr_line' id='line_1_38' title="bbox 145 3615 1719 3692; baseline -0.003 -17"><span class='ocrx_word' id='word_1_265' title='bbox 145 3624 231 3675; x_wconf 76' lang='grc' dir='ltr'>ἐπὶ</span> <span class='ocrx_word' id='word_1_266' title='bbox 256 3624 348 3677; x_wconf 89' lang='grc' dir='ltr'><strong>τὸν</strong></span> <span class='ocrx_word' id='word_1_267' title='bbox 371 3622 739 3692; x_wconf 84' lang='grc' dir='ltr'>ὀγδοηκοστόν</span> <span class='ocrx_word' id='word_1_268' title='bbox 760 3637 817 3672; x_wconf 90' lang='grc' dir='ltr'><strong>τε</strong></span> <span class='ocrx_word' id='word_1_269' title='bbox 850 3620 941 3673; x_wconf 88' lang='grc' dir='ltr'><strong>καί</strong></span> <span class='ocrx_word' id='word_1_270' title='bbox 971 3618 1174 3686; x_wconf 73' lang='grc' dir='ltr'>ὃγδοον,</span> <span class='ocrx_word' id='word_1_271' title='bbox 1208 3617 1501 3688; x_wconf 82' lang='grc' dir='ltr'>καταλήγει</span> <span class='ocrx_word' id='word_1_272' title='bbox 1537 3616 1595 3669; x_wconf 84' lang='grc' dir='ltr'><strong>δέ</strong></span> <span class='ocrx_word' id='word_1_273' title='bbox 1628 3615 1719 3670; x_wconf 74' lang='grc' dir='ltr'>καὶ</span> 
     </span>
    </p>
   </div>
   <div class='ocr_carea' id='block_1_39' title="bbox 140 3708 1720 3783">
    <p class='ocr_par' dir='ltr' id='par_1_39' title="bbox 140 3708 1720 3783">
     <span class='ocr_line' id='line_1_39' title="bbox 140 3708 1720 3783; baseline -0.005 -16"><span class='ocrx_word' id='word_1_274' title='bbox 140 3715 291 3767; x_wconf 77' lang='grc' dir='ltr'>τοῦτο</span> <span class='ocrx_word' id='word_1_275' title='bbox 330 3718 416 3777; x_wconf 83' lang='grc' dir='ltr'>εἰς</span> <span class='ocrx_word' id='word_1_276' title='bbox 464 3715 655 3783; x_wconf 78' lang='grc' dir='ltr'>ὅμοιον</span> <span class='ocrx_word' id='word_1_277' title='bbox 698 3712 887 3781; x_wconf 81' lang='grc' dir='ltr'>πέρας.</span> <span class='ocrx_word' id='word_1_278' title='bbox 932 3712 1085 3781; x_wconf 86' lang='grc' dir='ltr'>Ἔχει</span> <span class='ocrx_word' id='word_1_279' title='bbox 1122 3708 1227 3779; x_wconf 85' lang='grc' dir='ltr'>γὰρ</span> <span class='ocrx_word' id='word_1_280' title='bbox 1266 3709 1435 3771; x_wconf 73' lang='grc' dir='ltr'>οὕτως</span> <span class='ocrx_word' id='word_1_281' title='bbox 1463 3720 1477 3734; x_wconf 79' lang='grc'><strong><em>⁸</em></strong></span> <span class='ocrx_word' id='word_1_282' title='bbox 1511 3729 1528 3759; x_wconf 76' lang='grc' dir='ltr'><strong>ι</strong></span> <span class='ocrx_word' id='word_1_283' title='bbox 1558 3708 1720 3760; x_wconf 74' lang='grc' dir='ltr'>Εὐλο-</span> 
     </span>
    </p>
   </div>
   <div class='ocr_carea' id='block_1_40' title="bbox 140 3799 1718 3879">
    <p class='ocr_par' dir='ltr' id='par_1_40' title="bbox 140 3799 1718 3879">
     <span class='ocr_line' id='line_1_40' title="bbox 140 3799 1718 3879; baseline -0.004 -21"><span class='ocrx_word' id='word_1_284' title='bbox 140 3808 298 3876; x_wconf 87' lang='grc' dir='ltr'>γητὸς</span> <span class='ocrx_word' id='word_1_285' title='bbox 333 3808 560 3879; x_wconf 81' lang='grc' dir='ltr'>Κύριος</span> <span class='ocrx_word' id='word_1_286' title='bbox 598 3808 677 3868; x_wconf 80' lang='grc' dir='ltr'><strong>εἰς</strong></span> <span class='ocrx_word' id='word_1_287' title='bbox 713 3806 802 3858; x_wconf 89' lang='grc' dir='ltr'><strong>τὸν</strong></span> <span class='ocrx_word' id='word_1_288' title='bbox 823 3804 1014 3865; x_wconf 89' lang='grc' dir='ltr'>αίῶνα,</span> <span class='ocrx_word' id='word_1_289' title='bbox 1038 3802 1263 3870; x_wconf 85' lang='grc' dir='ltr'>γένοιτο,</span> <span class='ocrx_word' id='word_1_290' title='bbox 1285 3802 1511 3869; x_wconf 86' lang='grc' dir='ltr'>γένοιτο.</span> <span class='ocrx_word' id='word_1_291' title='bbox 1546 3820 1563 3850; x_wconf 72' lang='grc' dir='ltr'><strong>ι</strong></span> <span class='ocrx_word' id='word_1_292' title='bbox 1613 3799 1718 3852; x_wconf 80' lang='grc' dir='ltr'><strong>Τοῦ</strong></span> 
     </span>
    </p>
   </div>
   <div class='ocr_carea' id='block_1_41' title="bbox 136 3893 1720 3967">
    <p class='ocr_par' dir='ltr' id='par_1_41' title="bbox 136 3893 1720 3967">
     <span class='ocr_line' id='line_1_41' title="bbox 136 3893 1720 3967; baseline -0.003 -18"><span class='ocrx_word' id='word_1_293' title='bbox 136 3897 188 3949; x_wconf 80' lang='grc' dir='ltr'>δὲ</span> <span class='ocrx_word' id='word_1_294' title='bbox 226 3899 514 3967; x_wconf 82' lang='grc' dir='ltr'>τετάρτου</span> <span class='ocrx_word' id='word_1_295' title='bbox 563 3897 845 3967; x_wconf 86' lang='grc' dir='ltr'>τμήματος</span> <span class='ocrx_word' id='word_1_296' title='bbox 888 3896 1093 3964; x_wconf 83' lang='grc' dir='ltr'>πέρας.</span> <span class='ocrx_word' id='word_1_297' title='bbox 1136 3896 1163 3946; x_wconf 89' lang='grc' dir='ltr'>ὁ</span> <span class='ocrx_word' id='word_1_298' title='bbox 1202 3893 1488 3956; x_wconf 84' lang='grc' dir='ltr'>ἐκατοστός</span> <span class='ocrx_word' id='word_1_299' title='bbox 1528 3910 1586 3945; x_wconf 87' lang='grc' dir='ltr'><strong>τε</strong></span> <span class='ocrx_word' id='word_1_300' title='bbox 1626 3893 1720 3945; x_wconf 72' lang='grc' dir='ltr'><strong>καὶ</strong></span> 
     </span>
    </p>
   </div>
   <div class='ocr_carea' id='block_1_42' title="bbox 138 3982 1715 4058">
    <p class='ocr_par' dir='ltr' id='par_1_42' title="bbox 138 3982 1715 4058">
     <span class='ocr_line' id='line_1_42' title="bbox 138 3982 1715 4058; baseline -0.003 -19"><span class='ocrx_word' id='word_1_301' title='bbox 138 3988 388 4058; x_wconf 84' lang='grc' dir='ltr'>πέμπτος</span> <span class='ocrx_word' id='word_1_302' title='bbox 416 4029 433 4052; x_wconf 93' lang='grc'><strong>,</strong></span> <span class='ocrx_word' id='word_1_303' title='bbox 488 3983 556 4042; x_wconf 76' lang='grc' dir='ltr'>οὗ</span> <span class='ocrx_word' id='word_1_304' title='bbox 612 3988 674 4040; x_wconf 78' lang='grc' dir='ltr'><strong>τὸ</strong></span> <span class='ocrx_word' id='word_1_305' title='bbox 714 3987 865 4049; x_wconf 84' lang='grc' dir='ltr'>τέλος</span> <span class='ocrx_word' id='word_1_306' title='bbox 914 3989 1022 4049; x_wconf 79' lang='grc' dir='ltr'>τοῖς</span> <span class='ocrx_word' id='word_1_307' title='bbox 1072 3986 1276 4047; x_wconf 81' lang='grc' dir='ltr'>λοιποῖς</span> <span class='ocrx_word' id='word_1_308' title='bbox 1321 3982 1715 4055; x_wconf 87' lang='grc' dir='ltr'>παραπλήσιον·</span> 
     </span>
    </p>
   </div>
   <div class='ocr_carea' id='block_1_43' title="bbox 137 4075 1716 4152">
    <p class='ocr_par' dir='ltr' id='par_1_43' title="bbox 137 4075 1716 4152">
     <span class='ocr_line' id='line_1_43' title="bbox 137 4075 1716 4152; baseline -0.003 -22"><span class='ocrx_word' id='word_1_309' title='bbox 137 4098 154 4130; x_wconf 71' lang='grc' dir='ltr'><strong>ι</strong></span> <span class='ocrx_word' id='word_1_310' title='bbox 184 4081 517 4152; x_wconf 76' lang='grc' dir='ltr'>Εὐλογητὸς</span> <span class='ocrx_word' id='word_1_311' title='bbox 549 4079 743 4149; x_wconf 83' lang='grc' dir='ltr'>Κύριος</span> <span class='ocrx_word' id='word_1_312' title='bbox 774 4081 802 4132; x_wconf 90' lang='grc' dir='ltr'>ὀ</span> <span class='ocrx_word' id='word_1_313' title='bbox 836 4078 966 4143; x_wconf 88' lang='grc' dir='ltr'>Θεὸς</span> <span class='ocrx_word' id='word_1_314' title='bbox 1006 4077 1217 4149; x_wconf 80' lang='grc' dir='ltr'>Ἰσραὴλ</span> <span class='ocrx_word' id='word_1_315' title='bbox 1247 4077 1354 4131; x_wconf 87' lang='grc' dir='ltr'>ἀπὸ</span> <span class='ocrx_word' id='word_1_316' title='bbox 1384 4075 1475 4128; x_wconf 80' lang='grc' dir='ltr'>τοῦ</span> <span class='ocrx_word' id='word_1_317' title='bbox 1503 4075 1716 4141; x_wconf 89' lang='grc' dir='ltr'>αἰῶνος,</span> 
     </span>
    </p>
   </div>
   <div class='ocr_carea' id='block_1_44' title="bbox 130 4166 1716 4244">
    <p class='ocr_par' dir='ltr' id='par_1_44' title="bbox 130 4166 1716 4244">
     <span class='ocr_line' id='line_1_44' title="bbox 130 4166 1716 4244; baseline -0.003 -19"><span class='ocrx_word' id='word_1_318' title='bbox 130 4173 222 4225; x_wconf 75' lang='grc' dir='ltr'><strong>καὶ</strong></span> <span class='ocrx_word' id='word_1_319' title='bbox 263 4174 375 4237; x_wconf 72' lang='grc' dir='ltr'><strong>ἕως</strong></span> <span class='ocrx_word' id='word_1_320' title='bbox 430 4172 537 4226; x_wconf 80' lang='grc' dir='ltr'><strong>τοῦ</strong></span> <span class='ocrx_word' id='word_1_321' title='bbox 587 4173 797 4238; x_wconf 80' lang='grc' dir='ltr'>αἰῶνος,</span> <span class='ocrx_word' id='word_1_322' title='bbox 836 4172 927 4226; x_wconf 72' lang='grc' dir='ltr'><strong>καὶ</strong></span> <span class='ocrx_word' id='word_1_323' title='bbox 973 4174 1085 4244; x_wconf 87' lang='grc' dir='ltr'>ἐρεῖ</span> <span class='ocrx_word' id='word_1_324' title='bbox 1116 4172 1223 4233; x_wconf 80' lang='grc' dir='ltr'><strong>πᾶς</strong></span> <span class='ocrx_word' id='word_1_325' title='bbox 1259 4172 1286 4221; x_wconf 89' lang='grc' dir='ltr'>ὁ</span> <span class='ocrx_word' id='word_1_326' title='bbox 1316 4169 1459 4233; x_wconf 84' lang='grc' dir='ltr'>λαὸς,</span> <span class='ocrx_word' id='word_1_327' title='bbox 1485 4166 1716 4231; x_wconf 85' lang='grc' dir='ltr'>Γένοιτο,</span> 
     </span>
    </p>
   </div>
   <div class='ocr_carea' id='block_1_45' title="bbox 127 4261 1719 4336">
    <p class='ocr_par' dir='ltr' id='par_1_45' title="bbox 127 4261 1719 4336">
     <span class='ocr_line' id='line_1_45' title="bbox 127 4261 1719 4336; baseline -0.004 -18"><span class='ocrx_word' id='word_1_328' title='bbox 127 4266 357 4332; x_wconf 84' lang='grc' dir='ltr'>γένοιτο.</span> <span class='ocrx_word' id='word_1_329' title='bbox 395 4287 416 4319; x_wconf 74' lang='grc' dir='ltr'><strong>ι</strong></span> <span class='ocrx_word' id='word_1_330' title='bbox 487 4267 747 4335; x_wconf 87' lang='grc' dir='ltr'>Πέμπτον</span> <span class='ocrx_word' id='word_1_331' title='bbox 794 4265 849 4317; x_wconf 82' lang='grc' dir='ltr'>δὲ</span> <span class='ocrx_word' id='word_1_332' title='bbox 896 4265 1057 4336; x_wconf 87' lang='grc' dir='ltr'>μέρος</span> <span class='ocrx_word' id='word_1_333' title='bbox 1102 4265 1247 4316; x_wconf 73' lang='grc' dir='ltr'>ἐστὶν</span> <span class='ocrx_word' id='word_1_334' title='bbox 1284 4262 1390 4315; x_wconf 86' lang='grc' dir='ltr'>ἀπὸ</span> <span class='ocrx_word' id='word_1_335' title='bbox 1420 4261 1607 4315; x_wconf 87' lang='grc' dir='ltr'>τούτου</span> <span class='ocrx_word' id='word_1_336' title='bbox 1640 4263 1719 4325; x_wconf 86' lang='grc' dir='ltr'><strong>είς</strong></span> 
     </span>
    </p>
   </div>
   <div class='ocr_carea' id='block_1_46' title="bbox 124 4348 1718 4427">
    <p class='ocr_par' dir='ltr' id='par_1_46' title="bbox 124 4348 1718 4427">
     <span class='ocr_line' id='line_1_46' title="bbox 124 4348 1718 4427; baseline -0.003 -18"><span class='ocrx_word' id='word_1_337' title='bbox 124 4358 182 4409; x_wconf 86' lang='grc' dir='ltr'><strong>τὸ</strong></span> <span class='ocrx_word' id='word_1_338' title='bbox 211 4358 328 4425; x_wconf 84' lang='grc'><strong>(60)</strong></span> <span class='ocrx_word' id='word_1_339' title='bbox 379 4359 642 4427; x_wconf 78' lang='grc' dir='ltr'>ἔσχατον,</span> <span class='ocrx_word' id='word_1_340' title='bbox 688 4348 748 4411; x_wconf 75' lang='grc' dir='ltr'><strong>οὗ</strong></span> <span class='ocrx_word' id='word_1_341' title='bbox 786 4357 995 4427; x_wconf 85' lang='grc' dir='ltr'>πέρας,</span> <span class='ocrx_word' id='word_1_342' title='bbox 1042 4376 1060 4408; x_wconf 78' lang='grc' dir='ltr'><strong>ι</strong></span> <span class='ocrx_word' id='word_1_343' title='bbox 1096 4356 1253 4409; x_wconf 79' lang='grc' dir='ltr'>Πᾶσα</span> <span class='ocrx_word' id='word_1_344' title='bbox 1280 4354 1415 4425; x_wconf 86' lang='grc' dir='ltr'>πνοὴ</span> <span class='ocrx_word' id='word_1_345' title='bbox 1453 4354 1718 4407; x_wconf 83' lang='grc' dir='ltr'>αίνεσάτω</span> 
     </span>
    </p>
   </div>
   <div class='ocr_carea' id='block_1_47' title="bbox 120 4447 727 4519">
    <p class='ocr_par' dir='ltr' id='par_1_47' title="bbox 120 4447 727 4519">
     <span class='ocr_line' id='line_1_47' title="bbox 120 4447 727 4519; baseline 0 -22"><span class='ocrx_word' id='word_1_346' title='bbox 120 4448 209 4500; x_wconf 84' lang='grc' dir='ltr'><strong>τὸν</strong></span> <span class='ocrx_word' id='word_1_347' title='bbox 239 4447 319 4501; x_wconf 85' lang='grc' dir='ltr'>Κύ</span> <span class='ocrx_word' id='word_1_348' title='bbox 332 4466 485 4519; x_wconf 81' lang='grc' dir='ltr'>ριον.</span> <span class='ocrx_word' id='word_1_349' title='bbox 544 4466 561 4497; x_wconf 71' lang='grc' dir='ltr'><strong>ι</strong></span> <span class='ocrx_word' id='word_1_350' title='bbox 724 4458 727 4461; x_wconf 72' lang='grc'><strong><em>⁷</em></strong></span> 
     </span>
    </p>
   </div>
   <div class='ocr_carea' id='block_1_48' title="bbox 1834 611 3385 683">
    <p class='ocr_par' dir='ltr' id='par_1_48' title="bbox 1834 611 3385 683">
     <span class='ocr_line' id='line_1_48' title="bbox 1834 611 3385 683; baseline 0.001 -14"><span class='ocrx_word' id='word_1_351' title='bbox 1834 613 1903 669; x_wconf 88' lang='lat' dir='ltr'><strong>ad</strong></span> <span class='ocrx_word' id='word_1_352' title='bbox 1968 614 2126 669; x_wconf 86' lang='lat' dir='ltr'><strong>ﬁnem</strong></span> <span class='ocrx_word' id='word_1_353' title='bbox 2180 629 2354 683; x_wconf 86' lang='lat' dir='ltr'><strong>usque</strong></span> <span class='ocrx_word' id='word_1_354' title='bbox 2405 611 2718 673; x_wconf 82' lang='lat' dir='ltr'><strong>Psalmodia</strong></span> <span class='ocrx_word' id='word_1_355' title='bbox 2770 614 2869 669; x_wconf 94' lang='lat' dir='ltr'><strong>tibi</strong></span> <span class='ocrx_word' id='word_1_356' title='bbox 2908 613 3189 683; x_wconf 77' lang='lat' dir='ltr'><strong>suggerit;</strong></span> <span class='ocrx_word' id='word_1_357' title='bbox 3234 615 3385 671; x_wconf 89' lang='lat' dir='ltr'><strong>nulla</strong></span> 
     </span>
    </p>
   </div>
   <div class='ocr_carea' id='block_1_49' title="bbox 1832 703 3388 775">
    <p class='ocr_par' dir='ltr' id='par_1_49' title="bbox 1832 703 3388 775">
     <span class='ocr_line' id='line_1_49' title="bbox 1832 703 3388 775; baseline 0.003 -16"><span class='ocrx_word' id='word_1_358' title='bbox 1832 712 1986 775; x_wconf 90' lang='lat' dir='ltr'><strong>parte</strong></span> <span class='ocrx_word' id='word_1_359' title='bbox 2012 704 2432 759; x_wconf 91' lang='lat' dir='ltr'><strong>admonitionem</strong></span> <span class='ocrx_word' id='word_1_360' title='bbox 2459 703 2526 757; x_wconf 91' lang='lat' dir='ltr'><strong>ad</strong></span> <span class='ocrx_word' id='word_1_361' title='bbox 2564 704 2861 760; x_wconf 70' lang='lat' dir='ltr'><strong>honestatis</strong></span> <span class='ocrx_word' id='word_1_362' title='bbox 2896 704 3107 760; x_wconf 87' lang='lat' dir='ltr'><strong>laudem</strong></span> <span class='ocrx_word' id='word_1_363' title='bbox 3135 713 3189 760; x_wconf 85' lang='lat' dir='ltr'><strong>et</strong></span> <span class='ocrx_word' id='word_1_364' title='bbox 3217 706 3388 763; x_wconf 82' lang='lat' dir='ltr'><strong>decus</strong></span> 
     </span>
    </p>
   </div>
   <div class='ocr_carea' id='block_1_50' title="bbox 1832 797 3385 867">
    <p class='ocr_par' dir='ltr' id='par_1_50' title="bbox 1832 797 3385 867">
     <span class='ocr_line' id='line_1_50' title="bbox 1832 797 3385 867; baseline 0.001 -16"><span class='ocrx_word' id='word_1_365' title='bbox 1832 797 2250 867; x_wconf 67' lang='lat' dir='ltr'><strong>praetermittens</strong></span> <span class='ocrx_word' id='word_1_366' title='bbox 2279 814 2293 863; x_wconf 89' lang='lat'>;</span> <span class='ocrx_word' id='word_1_367' title='bbox 2330 806 2388 850; x_wconf 92' lang='lat' dir='ltr'><strong>ut</strong></span> <span class='ocrx_word' id='word_1_368' title='bbox 2412 804 2466 850; x_wconf 90' lang='lat' dir='ltr'><strong>et</strong></span> <span class='ocrx_word' id='word_1_369' title='bbox 2495 797 2648 861; x_wconf 90' lang='lat' dir='ltr'><strong>illud,</strong></span> <span class='ocrx_word' id='word_1_370' title='bbox 2690 812 2799 865; x_wconf 93' lang='lat' dir='ltr'><strong>quo</strong></span> <span class='ocrx_word' id='word_1_371' title='bbox 2826 804 2986 865; x_wconf 89' lang='lat' dir='ltr'><strong>pacto</strong></span> <span class='ocrx_word' id='word_1_372' title='bbox 3020 797 3226 851; x_wconf 90' lang='lat' dir='ltr'><strong>malitia</strong></span> <span class='ocrx_word' id='word_1_373' title='bbox 3270 799 3385 853; x_wconf 80' lang='lat' dir='ltr'><strong>evi-</strong></span> 
     </span>
    </p>
   </div>
   <div class='ocr_carea' id='block_1_51' title="bbox 1833 888 3382 960">
    <p class='ocr_par' dir='ltr' id='par_1_51' title="bbox 1833 888 3382 960">
     <span class='ocr_line' id='line_1_51' title="bbox 1833 888 3382 960; baseline 0.002 -17"><span class='ocrx_word' id='word_1_374' title='bbox 1833 890 1935 944; x_wconf 86' lang='lat' dir='ltr'><strong>tari</strong></span> <span class='ocrx_word' id='word_1_375' title='bbox 1962 898 2125 960; x_wconf 87' lang='lat' dir='ltr'><strong>queat</strong></span> <span class='ocrx_word' id='word_1_376' title='bbox 2162 907 2176 943; x_wconf 90' lang='lat'><strong>:</strong></span> <span class='ocrx_word' id='word_1_377' title='bbox 2211 890 2391 944; x_wconf 88' lang='lat' dir='ltr'><strong>omnia</strong></span> <span class='ocrx_word' id='word_1_378' title='bbox 2420 896 2568 944; x_wconf 91' lang='lat' dir='ltr'><strong>certe</strong></span> <span class='ocrx_word' id='word_1_379' title='bbox 2603 889 2889 945; x_wconf 86' lang='lat' dir='ltr'><strong>sententiis</strong></span> <span class='ocrx_word' id='word_1_380' title='bbox 2926 888 2991 942; x_wconf 89' lang='lat' dir='ltr'><strong>ad</strong></span> <span class='ocrx_word' id='word_1_381' title='bbox 3040 889 3382 946; x_wconf 88' lang='lat' dir='ltr'><strong>honestatem</strong></span> 
     </span>
    </p>
   </div>
   <div class='ocr_carea' id='block_1_52' title="bbox 1832 980 3383 1055">
    <p class='ocr_par' dir='ltr' id='par_1_52' title="bbox 1832 980 3383 1055">
     <span class='ocr_line' id='line_1_52' title="bbox 1832 980 3383 1055; baseline -0.001 -19"><span class='ocrx_word' id='word_1_382' title='bbox 1832 981 2215 1055; x_wconf 77' lang='lat' dir='ltr'><strong>inducentibus</strong></span> <span class='ocrx_word' id='word_1_383' title='bbox 2245 980 2405 1052; x_wconf 86' lang='lat' dir='ltr'><strong>plena</strong></span> <span class='ocrx_word' id='word_1_384' title='bbox 2438 988 2601 1036; x_wconf 90' lang='lat' dir='ltr'><strong>sunt:</strong></span> <span class='ocrx_word' id='word_1_385' title='bbox 2634 995 2761 1035; x_wconf 88' lang='lat' dir='ltr'><strong>nam</strong></span> <span class='ocrx_word' id='word_1_386' title='bbox 2814 981 3102 1050; x_wconf 83' lang='lat' dir='ltr'><strong>acquisitio</strong></span> <span class='ocrx_word' id='word_1_387' title='bbox 3140 981 3268 1036; x_wconf 89' lang='lat' dir='ltr'><strong>boni</strong></span> <span class='ocrx_word' id='word_1_388' title='bbox 3299 988 3383 1035; x_wconf 90' lang='lat' dir='ltr'><strong>est</strong></span> 
     </span>
    </p>
   </div>
   <div class='ocr_carea' id='block_1_53' title="bbox 1832 1072 3387 1147">
    <p class='ocr_par' dir='ltr' id='par_1_53' title="bbox 1832 1072 3387 1147">
     <span class='ocr_line' id='line_1_53' title="bbox 1832 1072 3387 1147; baseline -0.001 -17"><span class='ocrx_word' id='word_1_389' title='bbox 1832 1076 2022 1147; x_wconf 85' lang='lat' dir='ltr'><strong>utique</strong></span> <span class='ocrx_word' id='word_1_390' title='bbox 2064 1074 2326 1130; x_wconf 84' lang='lat' dir='ltr'><strong>contrarii</strong></span> <span class='ocrx_word' id='word_1_391' title='bbox 2376 1073 2501 1146; x_wconf 83' lang='lat' dir='ltr'><strong>fuga</strong></span> <span class='ocrx_word' id='word_1_392' title='bbox 2545 1081 2599 1130; x_wconf 88' lang='lat' dir='ltr'><strong>ct</strong></span> <span class='ocrx_word' id='word_1_393' title='bbox 2648 1074 3011 1143; x_wconf 87' lang='lat' dir='ltr'><strong>interemptio.</strong></span> <span class='ocrx_word' id='word_1_394' title='bbox 3048 1072 3387 1144; x_wconf 90' lang='lat' dir='ltr'><strong>Supervaca-</strong></span> 
     </span>
    </p>
   </div>
   <div class='ocr_carea' id='block_1_54' title="bbox 1830 1164 3387 1234">
    <p class='ocr_par' dir='ltr' id='par_1_54' title="bbox 1830 1164 3387 1234">
     <span class='ocr_line' id='line_1_54' title="bbox 1830 1164 3387 1234; baseline -0.003 -11"><span class='ocrx_word' id='word_1_395' title='bbox 1830 1183 1989 1223; x_wconf 91' lang='lat' dir='ltr'><strong>neum</strong></span> <span class='ocrx_word' id='word_1_396' title='bbox 2022 1175 2201 1223; x_wconf 89' lang='lat' dir='ltr'><strong>autem</strong></span> <span class='ocrx_word' id='word_1_397' title='bbox 2234 1166 2397 1222; x_wconf 78' lang='lat' dir='ltr'><strong>fuerit</strong></span> <span class='ocrx_word' id='word_1_398' title='bbox 2422 1166 2603 1221; x_wconf 88' lang='lat' dir='ltr'><strong>omnia</strong></span> <span class='ocrx_word' id='word_1_399' title='bbox 2630 1165 2745 1220; x_wconf 68' lang='lat' dir='ltr'><strong>haec</strong></span> <span class='ocrx_word' id='word_1_400' title='bbox 2768 1164 3076 1221; x_wconf 87' lang='lat' dir='ltr'><strong>accuratius</strong></span> <span class='ocrx_word' id='word_1_401' title='bbox 3102 1165 3239 1219; x_wconf 86' lang='lat' dir='ltr'><strong>velle</strong></span> <span class='ocrx_word' id='word_1_402' title='bbox 3263 1180 3387 1234; x_wconf 86' lang='lat' dir='ltr'><strong>per-</strong></span> 
     </span>
    </p>
   </div>
   <div class='ocr_carea' id='block_1_55' title="bbox 1830 1256 3384 1329">
    <p class='ocr_par' dir='ltr' id='par_1_55' title="bbox 1830 1256 3384 1329">
     <span class='ocr_line' id='line_1_55' title="bbox 1830 1256 3384 1329; baseline -0.003 -14"><span class='ocrx_word' id='word_1_403' title='bbox 1830 1258 2004 1328; x_wconf 88' lang='lat' dir='ltr'><strong>sequi,</strong></span> <span class='ocrx_word' id='word_1_404' title='bbox 2036 1274 2159 1314; x_wconf 91' lang='lat' dir='ltr'><strong>cum</strong></span> <span class='ocrx_word' id='word_1_405' title='bbox 2187 1258 2315 1322; x_wconf 91' lang='lat' dir='ltr'><strong>illis,</strong></span> <span class='ocrx_word' id='word_1_406' title='bbox 2345 1258 2436 1329; x_wconf 92' lang='lat' dir='ltr'><strong>qui</strong></span> <span class='ocrx_word' id='word_1_407' title='bbox 2466 1256 2807 1313; x_wconf 86' lang='lat' dir='ltr'><strong>Psalmorum</strong></span> <span class='ocrx_word' id='word_1_408' title='bbox 2831 1257 3083 1313; x_wconf 83' lang='lat' dir='ltr'><strong>volumen</strong></span> <span class='ocrx_word' id='word_1_409' title='bbox 3105 1258 3384 1322; x_wconf 86' lang='lat' dir='ltr'><strong>evolvunt,</strong></span> 
     </span>
    </p>
   </div>
   <div class='ocr_carea' id='block_1_56' title="bbox 1832 1348 3387 1420">
    <p class='ocr_par' dir='ltr' id='par_1_56' title="bbox 1832 1348 3387 1420">
     <span class='ocr_line' id='line_1_56' title="bbox 1832 1348 3387 1420; baseline 0 -17"><span class='ocrx_word' id='word_1_410' title='bbox 1832 1365 1925 1419; x_wconf 87' lang='lat' dir='ltr'><strong>per</strong></span> <span class='ocrx_word' id='word_1_411' title='bbox 1951 1366 2009 1404; x_wconf 87' lang='lat' dir='ltr'><strong>se</strong></span> <span class='ocrx_word' id='word_1_412' title='bbox 2032 1359 2217 1404; x_wconf 86' lang='lat' dir='ltr'><strong>notum</strong></span> <span class='ocrx_word' id='word_1_413' title='bbox 2247 1350 2317 1406; x_wconf 89' lang='lat' dir='ltr'><strong>sit</strong></span> <span class='ocrx_word' id='word_1_414' title='bbox 2364 1349 2418 1403; x_wconf 87' lang='lat' dir='ltr'><strong>id</strong></span> <span class='ocrx_word' id='word_1_415' title='bbox 2449 1349 2594 1420; x_wconf 91' lang='lat' dir='ltr'><strong>quod</strong></span> <span class='ocrx_word' id='word_1_416' title='bbox 2624 1348 2715 1405; x_wconf 88' lang='lat' dir='ltr'><strong>hic</strong></span> <span class='ocrx_word' id='word_1_417' title='bbox 2748 1348 2998 1404; x_wconf 86' lang='lat' dir='ltr'><strong>oratione</strong></span> <span class='ocrx_word' id='word_1_418' title='bbox 3040 1348 3387 1404; x_wconf 85' lang='lat' dir='ltr'><strong>accuratiore</strong></span> 
     </span>
    </p>
   </div>
   <div class='ocr_carea' id='block_1_57' title="bbox 1830 1439 2473 1512">
    <p class='ocr_par' dir='ltr' id='par_1_57' title="bbox 1830 1439 2473 1512">
     <span class='ocr_line' id='line_1_57' title="bbox 1830 1439 2473 1512; baseline -0.002 -17"><span class='ocrx_word' id='word_1_419' title='bbox 1830 1439 2264 1512; x_wconf 83' lang='lat' dir='ltr'><strong>patefaciendum</strong></span> <span class='ocrx_word' id='word_1_420' title='bbox 2304 1451 2473 1496; x_wconf 90' lang='lat' dir='ltr'><strong>esset.</strong></span> 
     </span>
    </p>
   </div>
   <div class='ocr_carea' id='block_1_58' title="bbox 2439 1657 2771 1714">
    <p class='ocr_par' dir='ltr' id='par_1_58' title="bbox 2439 1657 2771 1714">
     <span class='ocr_line' id='line_1_58' title="bbox 2439 1657 2771 1714; baseline 0 0"><span class='ocrx_word' id='word_1_421' title='bbox 2439 1657 2664 1714; x_wconf 83' lang='lat' dir='ltr'><strong>CAPUT</strong></span> <span class='ocrx_word' id='word_1_422' title='bbox 2707 1658 2771 1714; x_wconf 69' lang='grc' dir='ltr'>ν.</span> 
     </span>
    </p>
   </div>
   <div class='ocr_carea' id='block_1_59' title="bbox 1898 1795 3385 1871">
    <p class='ocr_par' dir='ltr' id='par_1_59' title="bbox 1898 1795 3385 1871">
     <span class='ocr_line' id='line_1_59' title="bbox 1898 1795 3385 1871; baseline 0.005 -22"><span class='ocrx_word' id='word_1_423' title='bbox 1898 1796 1963 1849; x_wconf 85' lang='lat' dir='ltr'><strong>At</strong></span> <span class='ocrx_word' id='word_1_424' title='bbox 2011 1800 2155 1850; x_wconf 87' lang='lat' dir='ltr'><strong>enim</strong></span> <span class='ocrx_word' id='word_1_425' title='bbox 2204 1804 2313 1851; x_wconf 89' lang='lat' dir='ltr'><strong>tota</strong></span> <span class='ocrx_word' id='word_1_426' title='bbox 2350 1795 2687 1852; x_wconf 87' lang='lat' dir='ltr'><strong>Psalmorum</strong></span> <span class='ocrx_word' id='word_1_427' title='bbox 2738 1798 2991 1852; x_wconf 88' lang='lat' dir='ltr'><strong>tractatio</strong></span> <span class='ocrx_word' id='word_1_428' title='bbox 3040 1798 3094 1853; x_wconf 91' lang='lat' dir='ltr'><strong>in</strong></span> <span class='ocrx_word' id='word_1_429' title='bbox 3143 1800 3385 1871; x_wconf 85' lang='lat' dir='ltr'><strong>quinque</strong></span> 
     </span>
    </p>
   </div>
   <div class='ocr_carea' id='block_1_60' title="bbox 1758 1872 3383 1959">
    <p class='ocr_par' dir='ltr' id='par_1_60' title="bbox 1758 1872 3383 1959">
     <span class='ocr_line' id='line_1_60' title="bbox 1758 1872 3383 1959; baseline 0.004 -20"><span class='ocrx_word' id='word_1_430' title='bbox 1758 1872 1799 1926; x_wconf 77' lang='grc' dir='ltr'><strong><em>Β</em></strong></span> <span class='ocrx_word' id='word_1_431' title='bbox 1829 1897 2009 1958; x_wconf 89' lang='lat' dir='ltr'><strong>partes</strong></span> <span class='ocrx_word' id='word_1_432' title='bbox 2034 1887 2327 1941; x_wconf 87' lang='lat' dir='ltr'><strong>distributa</strong></span> <span class='ocrx_word' id='word_1_433' title='bbox 2357 1896 2461 1948; x_wconf 85' lang='lat' dir='ltr'><strong>est,</strong></span> <span class='ocrx_word' id='word_1_434' title='bbox 2485 1890 2903 1959; x_wconf 87' lang='lat' dir='ltr'><strong>contineturque</strong></span> <span class='ocrx_word' id='word_1_435' title='bbox 2927 1889 2981 1943; x_wconf 87' lang='lat' dir='ltr'><strong>iu</strong></span> <span class='ocrx_word' id='word_1_436' title='bbox 3007 1889 3093 1945; x_wconf 89' lang='lat' dir='ltr'><strong>his</strong></span> <span class='ocrx_word' id='word_1_437' title='bbox 3118 1893 3383 1945; x_wconf 86' lang='lat' dir='ltr'><strong>sectioni-</strong></span> 
     </span>
    </p>
   </div>
   <div class='ocr_carea' id='block_1_61' title="bbox 1826 1978 3385 2048">
    <p class='ocr_par' dir='ltr' id='par_1_61' title="bbox 1826 1978 3385 2048">
     <span class='ocr_line' id='line_1_61' title="bbox 1826 1978 3385 2048; baseline 0.004 -17"><span class='ocrx_word' id='word_1_438' title='bbox 1826 1978 1931 2033; x_wconf 86' lang='lat' dir='ltr'><strong>bus</strong></span> <span class='ocrx_word' id='word_1_439' title='bbox 1976 1978 2273 2033; x_wconf 87' lang='lat' dir='ltr'><strong>artiﬁciosa</strong></span> <span class='ocrx_word' id='word_1_440' title='bbox 2331 1978 2576 2048; x_wconf 68' lang='lat' dir='ltr'><strong>quaedam</strong></span> <span class='ocrx_word' id='word_1_441' title='bbox 2626 1987 2902 2035; x_wconf 89' lang='lat' dir='ltr'><strong>structura</strong></span> <span class='ocrx_word' id='word_1_442' title='bbox 2963 1989 3017 2035; x_wconf 90' lang='lat' dir='ltr'><strong>et</strong></span> <span class='ocrx_word' id='word_1_443' title='bbox 3070 1980 3291 2046; x_wconf 80' lang='lat' dir='ltr'><strong>divisio;</strong></span> <span class='ocrx_word' id='word_1_444' title='bbox 3328 1990 3385 2039; x_wconf 88' lang='lat' dir='ltr'><strong>et</strong></span> 
     </span>
    </p>
   </div>
   <div class='ocr_carea' id='block_1_62' title="bbox 1826 2069 3383 2141">
    <p class='ocr_par' dir='ltr' id='par_1_62' title="bbox 1826 2069 3383 2141">
     <span class='ocr_line' id='line_1_62' title="bbox 1826 2069 3383 2141; baseline 0.004 -18"><span class='ocrx_word' id='word_1_445' title='bbox 1826 2084 1989 2139; x_wconf 89' lang='lat' dir='ltr'><strong>quam</strong></span> <span class='ocrx_word' id='word_1_446' title='bbox 2024 2069 2133 2125; x_wconf 89' lang='lat' dir='ltr'><strong>late</strong></span> <span class='ocrx_word' id='word_1_447' title='bbox 2164 2076 2344 2139; x_wconf 87' lang='lat' dir='ltr'><strong>pateat</strong></span> <span class='ocrx_word' id='word_1_448' title='bbox 2391 2070 2642 2140; x_wconf 68' lang='lat' dir='ltr'><strong>quaelibet</strong></span> <span class='ocrx_word' id='word_1_449' title='bbox 2701 2072 2893 2137; x_wconf 87' lang='lat' dir='ltr'><strong>sectio,</strong></span> <span class='ocrx_word' id='word_1_450' title='bbox 2944 2074 3163 2141; x_wconf 90' lang='lat' dir='ltr'><strong>planum</strong></span> <span class='ocrx_word' id='word_1_451' title='bbox 3218 2074 3278 2128; x_wconf 88' lang='lat' dir='ltr'><strong>ﬁt</strong></span> <span class='ocrx_word' id='word_1_452' title='bbox 3312 2091 3383 2131; x_wconf 75' lang='lat' dir='ltr'><strong>ex</strong></span> 
     </span>
    </p>
   </div>
   <div class='ocr_carea' id='block_1_63' title="bbox 1826 2161 3384 2234">
    <p class='ocr_par' dir='ltr' id='par_1_63' title="bbox 1826 2161 3384 2234">
     <span class='ocr_line' id='line_1_63' title="bbox 1826 2161 3384 2234; baseline 0.004 -18"><span class='ocrx_word' id='word_1_453' title='bbox 1826 2161 2027 2217; x_wconf 86' lang='lat' dir='ltr'><strong>divinis</strong></span> <span class='ocrx_word' id='word_1_454' title='bbox 2061 2161 2387 2233; x_wconf 91' lang='lat' dir='ltr'><strong>quibusdam</strong></span> <span class='ocrx_word' id='word_1_455' title='bbox 2422 2161 2599 2217; x_wconf 87' lang='lat' dir='ltr'><strong>laudis</strong></span> <span class='ocrx_word' id='word_1_456' title='bbox 2631 2161 2831 2216; x_wconf 66' lang='lat' dir='ltr'><strong>divinae</strong></span> <span class='ocrx_word' id='word_1_457' title='bbox 2882 2164 3384 2234; x_wconf 68' lang='lat' dir='ltr'><strong>praedicationibus,</strong></span> 
     </span>
    </p>
   </div>
   <div class='ocr_carea' id='block_1_64' title="bbox 1825 2253 3385 2327">
    <p class='ocr_par' dir='ltr' id='par_1_64' title="bbox 1825 2253 3385 2327">
     <span class='ocr_line' id='line_1_64' title="bbox 1825 2253 3385 2327; baseline 0.004 -20"><span class='ocrx_word' id='word_1_458' title='bbox 1825 2254 1878 2307; x_wconf 93' lang='lat' dir='ltr'><strong>in</strong></span> <span class='ocrx_word' id='word_1_459' title='bbox 1904 2269 2039 2324; x_wconf 88' lang='lat' dir='ltr'><strong>quas</strong></span> <span class='ocrx_word' id='word_1_460' title='bbox 2058 2253 2249 2309; x_wconf 91' lang='lat' dir='ltr'><strong>eodem</strong></span> <span class='ocrx_word' id='word_1_461' title='bbox 2271 2254 2433 2307; x_wconf 90' lang='lat' dir='ltr'><strong>modo</strong></span> <span class='ocrx_word' id='word_1_462' title='bbox 2456 2268 2648 2308; x_wconf 89' lang='lat' dir='ltr'><strong>omnes</strong></span> <span class='ocrx_word' id='word_1_463' title='bbox 2670 2253 2925 2309; x_wconf 89' lang='lat' dir='ltr'><strong>desinunt</strong></span> <span class='ocrx_word' id='word_1_464' title='bbox 2948 2272 2962 2308; x_wconf 92' lang='lat'><strong>:</strong></span> <span class='ocrx_word' id='word_1_465' title='bbox 2986 2271 3122 2325; x_wconf 88' lang='lat' dir='ltr'><strong>quas</strong></span> <span class='ocrx_word' id='word_1_466' title='bbox 3145 2258 3385 2327; x_wconf 86' lang='lat' dir='ltr'><strong>reperire</strong></span> 
     </span>
    </p>
   </div>
   <div class='ocr_carea' id='block_1_65' title="bbox 1824 2345 3525 2444">
    <p class='ocr_par' dir='ltr' id='par_1_65' title="bbox 1824 2345 3525 2444">
     <span class='ocr_line' id='line_1_65' title="bbox 1824 2345 3525 2444; baseline 0.004 -45"><span class='ocrx_word' id='word_1_467' title='bbox 1824 2345 1951 2400; x_wconf 86' lang='lat' dir='ltr'><strong>licet</strong></span> <span class='ocrx_word' id='word_1_468' title='bbox 1980 2346 2279 2401; x_wconf 89' lang='lat' dir='ltr'><strong>secundum</strong></span> <span class='ocrx_word' id='word_1_469' title='bbox 2311 2346 2740 2403; x_wconf 88' lang='lat' dir='ltr'><strong>demonstratam</strong></span> <span class='ocrx_word' id='word_1_470' title='bbox 2783 2362 2813 2401; x_wconf 87' lang='lat' dir='ltr'><strong>a</strong></span> <span class='ocrx_word' id='word_1_471' title='bbox 2842 2348 3002 2403; x_wconf 89' lang='lat' dir='ltr'><strong>nobis</strong></span> <span class='ocrx_word' id='word_1_472' title='bbox 3037 2348 3378 2405; x_wconf 83' lang='lat' dir='ltr'><strong>Psalmorum</strong></span> <span class='ocrx_word' id='word_1_473' title='bbox 3426 2370 3525 2444; x_wconf 31' lang='grc' dir='ltr'><strong>(βίιῆ</strong></span> 
     </span>
    </p>
   </div>
   <div class='ocr_carea' id='block_1_66' title="bbox 3444 2485 3527 2546">
    <p class='ocr_par' dir='ltr' id='par_1_66' title="bbox 3444 2485 3527 2546">
     <span class='ocr_line' id='line_1_66' title="bbox 3444 2485 3527 2546; baseline 0 0"><span class='ocrx_word' id='word_1_474' title='bbox 3444 2485 3527 2546; x_wconf 69' lang='lat'><strong>3/</strong></span> 
     </span>
    </p>
   </div>
   <div class='ocr_carea' id='block_1_67' title="bbox 1826 2580 3526 2743">
    <p class='ocr_par' dir='ltr' id='par_1_67' title="bbox 1826 2580 3526 2743">
     <span class='ocr_line' id='line_1_67' title="bbox 1828 2580 3382 2603; baseline 0.001 -3"><span class='ocrx_word' id='word_1_475' title='bbox 1828 2580 2079 2600; x_wconf 65' lang='grc' dir='ltr'><strong>ἰ’-⁷⁷⁷⁷⁸⁷⁷⁷</strong></span> <span class='ocrx_word' id='word_1_476' title='bbox 2116 2580 2286 2587; x_wconf 69' lang='lat'>&quot;&quot;&quot;</span> <span class='ocrx_word' id='word_1_477' title='bbox 2352 2580 2758 2602; x_wconf 59' lang='lat' dir='ltr'><strong>&quot;&quot;&#39;r“&#39;&quot;‘&quot;&quot;v</strong></span> <span class='ocrx_word' id='word_1_478' title='bbox 2813 2580 2891 2587; x_wconf 68' lang='lat'><strong>&quot;&#39;</strong></span> <span class='ocrx_word' id='word_1_479' title='bbox 2942 2580 3127 2603; x_wconf 67' lang='lat' dir='ltr'><strong>—&#39;&quot;&#39;I&#39;&quot;</strong></span> <span class='ocrx_word' id='word_1_480' title='bbox 3162 2580 3173 2587; x_wconf 91' lang='lat'>&#39;</span> <span class='ocrx_word' id='word_1_481' title='bbox 3202 2580 3220 2587; x_wconf 86' lang='lat'><strong>&quot;</strong></span> <span class='ocrx_word' id='word_1_482' title='bbox 3245 2580 3382 2589; x_wconf 83' lang='grc'><em>”’“’“’</em></span> 
     </span>
     <span class='ocr_line' id='line_1_68' title="bbox 1826 2580 3526 2743; baseline 0.002 -69"><span class='ocrx_word' id='word_1_483' title='bbox 1826 2621 1985 2677; x_wconf 88' lang='lat' dir='ltr'><strong>habet</strong></span> <span class='ocrx_word' id='word_1_484' title='bbox 2013 2622 2369 2694; x_wconf 79' lang='lat' dir='ltr'><strong>quadraginta</strong></span> <span class='ocrx_word' id='word_1_485' title='bbox 2390 2640 2404 2689; x_wconf 92' lang='lat'><strong>;</strong></span> <span class='ocrx_word' id='word_1_486' title='bbox 2424 2624 2684 2687; x_wconf 88' lang='lat' dir='ltr'><strong>secunda,</strong></span> <span class='ocrx_word' id='word_1_487' title='bbox 2715 2640 2882 2678; x_wconf 90' lang='lat' dir='ltr'><strong>unum</strong></span> <span class='ocrx_word' id='word_1_488' title='bbox 2916 2639 3083 2695; x_wconf 88' lang='lat' dir='ltr'><strong>supra</strong></span> <span class='ocrx_word' id='word_1_489' title='bbox 3113 2626 3333 2695; x_wconf 79' lang='lat' dir='ltr'><strong>triginta</strong></span> <span class='ocrx_word' id='word_1_490' title='bbox 3361 2643 3380 2692; x_wconf 84' lang='lat'><strong>;</strong></span> 
     </span>
     <span class='ocr_line' id='line_1_69' title="bbox 1826 2712 3507 2743; baseline 0 0"><span class='ocrx_word' id='word_1_491' title='bbox 1826 2717 1980 2743; x_wconf 68' lang='grc' dir='ltr'><strong>Ιηυιιῖιι</strong></span> <span class='ocrx_word' id='word_1_492' title='bbox 2070 2714 2454 2743; x_wconf 63' lang='grc' dir='ltr'><strong>οηηιη-κιιηηζ...</strong></span> <span class='ocrx_word' id='word_1_493' title='bbox 2496 2733 2509 2743; x_wconf 91' lang='grc'><strong><em>.</em></strong></span> <span class='ocrx_word' id='word_1_494' title='bbox 2569 2723 2757 2743; x_wconf 69' lang='grc' dir='ltr'><strong>...ιιι-ο..</strong></span> <span class='ocrx_word' id='word_1_495' title='bbox 2836 2716 3059 2743; x_wconf 67' lang='grc' dir='ltr'><strong>οηοεληη.</strong></span> <span class='ocrx_word' id='word_1_496' title='bbox 3089 2732 3102 2743; x_wconf 90' lang='grc'><em>.</em></span> <span class='ocrx_word' id='word_1_497' title='bbox 3168 2716 3354 2743; x_wconf 65' lang='grc' dir='ltr'><strong>ηυξ-ιο..</strong></span> 
     </span>
    </p>
   </div>
   <div class='ocr_carea' id='block_1_68' title="bbox 1825 2806 3553 2887">
    <p class='ocr_par' dir='ltr' id='par_1_68' title="bbox 1825 2806 3553 2887">
     <span class='ocr_line' id='line_1_70' title="bbox 1825 2806 3553 2887; baseline 0.004 -27"><span class='ocrx_word' id='word_1_498' title='bbox 1825 2808 2186 2878; x_wconf 79' lang='lat' dir='ltr'><strong>quadraginta</strong></span> <span class='ocrx_word' id='word_1_499' title='bbox 2234 2808 2496 2878; x_wconf 90' lang='lat' dir='ltr'><strong>quinque.</strong></span> <span class='ocrx_word' id='word_1_500' title='bbox 2552 2806 2764 2863; x_wconf 81' lang='lat' dir='ltr'><strong>Finitur</strong></span> <span class='ocrx_word' id='word_1_501' title='bbox 2813 2808 2978 2879; x_wconf 84' lang='lat' dir='ltr'><strong>igitur</strong></span> <span class='ocrx_word' id='word_1_502' title='bbox 3028 2810 3200 2879; x_wconf 88' lang='lat' dir='ltr'><strong>prima</strong></span> <span class='ocrx_word' id='word_1_503' title='bbox 3254 2824 3382 2878; x_wconf 87' lang='lat' dir='ltr'><strong>pars</strong></span> <span class='ocrx_word' id='word_1_504' title='bbox 3438 2810 3553 2887; x_wconf 20' lang='lat' dir='ltr'><strong>ait</strong></span> 
     </span>
    </p>
   </div>
   <div class='ocr_carea' id='block_1_69' title="bbox 1824 2437 3382 2506">
    <p class='ocr_par' dir='ltr' id='par_1_69' title="bbox 1824 2437 3382 2506">
     <span class='ocr_line' id='line_1_71' title="bbox 1824 2437 3382 2506; baseline 0.003 -14"><span class='ocrx_word' id='word_1_505' title='bbox 1824 2437 2285 2494; x_wconf 87' lang='lat' dir='ltr'><strong>distributionem.</strong></span> <span class='ocrx_word' id='word_1_506' title='bbox 2326 2438 2499 2506; x_wconf 86' lang='lat' dir='ltr'><strong>Quem</strong></span> <span class='ocrx_word' id='word_1_507' title='bbox 2544 2453 2674 2493; x_wconf 82' lang='lat' dir='ltr'><strong>vero</strong></span> <span class='ocrx_word' id='word_1_508' title='bbox 2703 2437 3040 2494; x_wconf 89' lang='lat' dir='ltr'><strong>Psalmorum</strong></span> <span class='ocrx_word' id='word_1_509' title='bbox 3094 2456 3382 2496; x_wconf 91' lang='lat' dir='ltr'><strong>numerum</strong></span> 
     </span>
    </p>
   </div>
   <div class='ocr_carea' id='block_1_70' title="bbox 1823 2531 3382 2603">
    <p class='ocr_par' dir='ltr' id='par_1_70' title="bbox 1823 2531 3382 2603">
     <span class='ocr_line' id='line_1_72' title="bbox 1823 2531 3382 2603; baseline 0.003 -19"><span class='ocrx_word' id='word_1_510' title='bbox 1823 2532 2081 2600; x_wconf 68' lang='lat' dir='ltr'><strong>quaelibet</strong></span> <span class='ocrx_word' id='word_1_511' title='bbox 2115 2531 2290 2587; x_wconf 91' lang='lat' dir='ltr'><strong>sectio</strong></span> <span class='ocrx_word' id='word_1_512' title='bbox 2345 2533 2758 2602; x_wconf 87' lang='lat' dir='ltr'><strong>complectatur,</strong></span> <span class='ocrx_word' id='word_1_513' title='bbox 2813 2531 2895 2587; x_wconf 89' lang='lat' dir='ltr'><strong>sic</strong></span> <span class='ocrx_word' id='word_1_514' title='bbox 2941 2534 3127 2603; x_wconf 88' lang='lat' dir='ltr'><strong>accipe</strong></span> <span class='ocrx_word' id='word_1_515' title='bbox 3160 2551 3173 2587; x_wconf 90' lang='lat'><strong>:</strong></span> <span class='ocrx_word' id='word_1_516' title='bbox 3201 2532 3382 2589; x_wconf 85' lang='lat' dir='ltr'><strong>Prima</strong></span> 
     </span>
    </p>
   </div>
   <div class='ocr_carea' id='block_1_71' title="bbox 1824 2714 3435 2787">
    <p class='ocr_par' dir='ltr' id='par_1_71' title="bbox 1824 2714 3435 2787">
     <span class='ocr_line' id='line_1_73' title="bbox 1824 2714 3435 2787; baseline 0.001 -21"><span class='ocrx_word' id='word_1_517' title='bbox 1824 2717 2005 2777; x_wconf 87' lang='lat' dir='ltr'><strong>tertia,</strong></span> <span class='ocrx_word' id='word_1_518' title='bbox 2070 2714 2510 2785; x_wconf 87' lang='lat' dir='ltr'><strong>septemdecim;</strong></span> <span class='ocrx_word' id='word_1_519' title='bbox 2566 2723 2783 2785; x_wconf 88' lang='lat' dir='ltr'><strong>quarta,</strong></span> <span class='ocrx_word' id='word_1_520' title='bbox 2836 2716 3103 2781; x_wconf 88' lang='lat' dir='ltr'><strong>totidem;</strong></span> <span class='ocrx_word' id='word_1_521' title='bbox 3166 2716 3380 2787; x_wconf 87' lang='lat' dir='ltr'><strong>quinta,</strong></span> <span class='ocrx_word' id='word_1_522' title='bbox 3426 2748 3435 2767; x_wconf 60' lang='grc' dir='ltr'>κ</span> 
     </span>
    </p>
   </div>
   <div class='ocr_carea' id='block_1_72' title="bbox 1823 2899 3384 2969">
    <p class='ocr_par' dir='ltr' id='par_1_72' title="bbox 1823 2899 3384 2969">
     <span class='ocr_line' id='line_1_74' title="bbox 1823 2899 3384 2969; baseline 0.004 -16"><span class='ocrx_word' id='word_1_523' title='bbox 1823 2900 2032 2967; x_wconf 90' lang='lat' dir='ltr'><strong>psalmo</strong></span> <span class='ocrx_word' id='word_1_524' title='bbox 2061 2900 2501 2969; x_wconf 81' lang='lat' dir='ltr'><strong>quadragesimo.</strong></span> <span class='ocrx_word' id='word_1_525' title='bbox 2532 2900 2690 2969; x_wconf 88' lang='lat' dir='ltr'><strong>cujus</strong></span> <span class='ocrx_word' id='word_1_526' title='bbox 2718 2899 2839 2957; x_wconf 86' lang='lat' dir='ltr'><strong>ﬁnis</strong></span> <span class='ocrx_word' id='word_1_527' title='bbox 2865 2910 2969 2965; x_wconf 87' lang='lat' dir='ltr'><strong>est,</strong></span> <span class='ocrx_word' id='word_1_528' title='bbox 3004 2920 3022 2951; x_wconf 75' lang='grc' dir='ltr'><strong>ι</strong></span> <span class='ocrx_word' id='word_1_529' title='bbox 3055 2900 3384 2960; x_wconf 82' lang='lat' dir='ltr'><strong>Benedictus</strong></span> 
     </span>
    </p>
   </div>
   <div class='ocr_carea' id='block_1_73' title="bbox 1826 2990 3381 3056">
    <p class='ocr_par' dir='ltr' id='par_1_73' title="bbox 1826 2990 3381 3056">
     <span class='ocr_line' id='line_1_75' title="bbox 1826 2990 3381 3056; baseline 0.005 -13"><span class='ocrx_word' id='word_1_530' title='bbox 1826 2990 2087 3046; x_wconf 85' lang='lat' dir='ltr'><strong>Dominus</strong></span> <span class='ocrx_word' id='word_1_531' title='bbox 2135 2991 2280 3046; x_wconf 84' lang='lat' dir='ltr'><strong>Deus</strong></span> <span class='ocrx_word' id='word_1_532' title='bbox 2337 2991 2525 3056; x_wconf 91' lang='lat' dir='ltr'><strong>Israel,</strong></span> <span class='ocrx_word' id='word_1_533' title='bbox 2572 3007 2602 3046; x_wconf 89' lang='lat' dir='ltr'><strong>a</strong></span> <span class='ocrx_word' id='word_1_534' title='bbox 2653 2994 2852 3047; x_wconf 82' lang='lat' dir='ltr'><strong>saeculo</strong></span> <span class='ocrx_word' id='word_1_535' title='bbox 2880 3002 2934 3048; x_wconf 91' lang='lat' dir='ltr'><strong>et</strong></span> <span class='ocrx_word' id='word_1_536' title='bbox 2981 2994 3036 3049; x_wconf 92' lang='lat' dir='ltr'><strong>in</strong></span> <span class='ocrx_word' id='word_1_537' title='bbox 3076 2995 3381 3051; x_wconf 58' lang='lat' dir='ltr'><strong>saculum:</strong></span> 
     </span>
    </p>
   </div>
   <div class='ocr_carea' id='block_1_74' title="bbox 1824 3083 3385 3158">
    <p class='ocr_par' dir='ltr' id='par_1_74' title="bbox 1824 3083 3385 3158">
     <span class='ocr_line' id='line_1_76' title="bbox 1824 3083 3385 3158; baseline 0.004 -23"><span class='ocrx_word' id='word_1_538' title='bbox 1824 3083 1940 3143; x_wconf 83' lang='lat' dir='ltr'><strong>ﬁat,</strong></span> <span class='ocrx_word' id='word_1_539' title='bbox 1978 3084 2089 3136; x_wconf 85' lang='lat' dir='ltr'><strong>ﬁat.</strong></span> <span class='ocrx_word' id='word_1_540' title='bbox 2134 3101 2151 3133; x_wconf 74' lang='grc' dir='ltr'><strong>ι</strong></span> <span class='ocrx_word' id='word_1_541' title='bbox 2188 3083 2371 3137; x_wconf 84' lang='lat' dir='ltr'><strong>Altera</strong></span> <span class='ocrx_word' id='word_1_542' title='bbox 2407 3098 2534 3152; x_wconf 89' lang='lat' dir='ltr'><strong>pars</strong></span> <span class='ocrx_word' id='word_1_543' title='bbox 2568 3084 2895 3139; x_wconf 88' lang='lat' dir='ltr'><strong>terminatur</strong></span> <span class='ocrx_word' id='word_1_544' title='bbox 2930 3088 3138 3155; x_wconf 89' lang='lat' dir='ltr'><strong>psalmo</strong></span> <span class='ocrx_word' id='word_1_545' title='bbox 3165 3098 3385 3158; x_wconf 86' lang='lat' dir='ltr'><strong>septua-</strong></span> 
     </span>
    </p>
   </div>
   <div class='ocr_carea' id='block_1_75' title="bbox 1822 3173 3381 3245">
    <p class='ocr_par' dir='ltr' id='par_1_75' title="bbox 1822 3173 3381 3245">
     <span class='ocr_line' id='line_1_77' title="bbox 1822 3173 3381 3245; baseline 0.004 -16"><span class='ocrx_word' id='word_1_546' title='bbox 1822 3175 2029 3245; x_wconf 84' lang='lat' dir='ltr'><strong>gesimo</strong></span> <span class='ocrx_word' id='word_1_547' title='bbox 2058 3174 2258 3244; x_wconf 90' lang='lat' dir='ltr'><strong>primo,</strong></span> <span class='ocrx_word' id='word_1_548' title='bbox 2298 3173 2459 3243; x_wconf 90' lang='lat' dir='ltr'><strong>cujus</strong></span> <span class='ocrx_word' id='word_1_549' title='bbox 2485 3175 2607 3229; x_wconf 87' lang='lat' dir='ltr'><strong>ﬁnis</strong></span> <span class='ocrx_word' id='word_1_550' title='bbox 2636 3193 2650 3230; x_wconf 92' lang='lat'><strong>:</strong></span> <span class='ocrx_word' id='word_1_551' title='bbox 2689 3193 2708 3225; x_wconf 84' lang='grc'><em>‹</em></span> <span class='ocrx_word' id='word_1_552' title='bbox 2761 3175 3087 3233; x_wconf 85' lang='lat' dir='ltr'><strong>Benedictus</strong></span> <span class='ocrx_word' id='word_1_553' title='bbox 3118 3176 3381 3236; x_wconf 90' lang='lat' dir='ltr'><strong>Dominus</strong></span> 
     </span>
    </p>
   </div>
   <div class='ocr_carea' id='block_1_76' title="bbox 1826 3264 3381 3335">
    <p class='ocr_par' dir='ltr' id='par_1_76' title="bbox 1826 3264 3381 3335">
     <span class='ocr_line' id='line_1_78' title="bbox 1826 3264 3381 3335; baseline 0.005 -18"><span class='ocrx_word' id='word_1_554' title='bbox 1826 3264 1969 3320; x_wconf 84' lang='lat' dir='ltr'><strong>Deus</strong></span> <span class='ocrx_word' id='word_1_555' title='bbox 2023 3264 2209 3327; x_wconf 88' lang='lat' dir='ltr'><strong>Israel,</strong></span> <span class='ocrx_word' id='word_1_556' title='bbox 2246 3265 2335 3335; x_wconf 93' lang='lat' dir='ltr'><strong>qui</strong></span> <span class='ocrx_word' id='word_1_557' title='bbox 2374 3264 2503 3320; x_wconf 82' lang='lat' dir='ltr'><strong>facit</strong></span> <span class='ocrx_word' id='word_1_558' title='bbox 2535 3265 2803 3320; x_wconf 84' lang='lat' dir='ltr'><strong>mirabilia</strong></span> <span class='ocrx_word' id='word_1_559' title='bbox 2834 3266 3005 3331; x_wconf 91' lang='lat' dir='ltr'><strong>solus,</strong></span> <span class='ocrx_word' id='word_1_560' title='bbox 3036 3277 3089 3323; x_wconf 84' lang='lat' dir='ltr'><strong>et</strong></span> <span class='ocrx_word' id='word_1_561' title='bbox 3125 3269 3381 3325; x_wconf 89' lang='lat' dir='ltr'><strong>benedic-</strong></span> 
     </span>
    </p>
   </div>
   <div class='ocr_carea' id='block_1_77' title="bbox 1828 3357 3379 3425">
    <p class='ocr_par' dir='ltr' id='par_1_77' title="bbox 1828 3357 3379 3425">
     <span class='ocr_line' id='line_1_79' title="bbox 1828 3357 3379 3425; baseline 0.005 -16"><span class='ocrx_word' id='word_1_562' title='bbox 1828 3364 1942 3410; x_wconf 88' lang='lat' dir='ltr'><strong>tum</strong></span> <span class='ocrx_word' id='word_1_563' title='bbox 1998 3372 2195 3410; x_wconf 90' lang='lat' dir='ltr'><strong>nomen</strong></span> <span class='ocrx_word' id='word_1_564' title='bbox 2257 3358 2559 3425; x_wconf 87' lang='lat' dir='ltr'><strong>majestatis</strong></span> <span class='ocrx_word' id='word_1_565' title='bbox 2610 3358 2730 3425; x_wconf 91' lang='lat' dir='ltr'><strong>ejus</strong></span> <span class='ocrx_word' id='word_1_566' title='bbox 2769 3357 2822 3411; x_wconf 90' lang='lat' dir='ltr'><strong>in</strong></span> <span class='ocrx_word' id='word_1_567' title='bbox 2888 3360 3169 3423; x_wconf 56' lang='lat' dir='ltr'><strong>saeculum,</strong></span> <span class='ocrx_word' id='word_1_568' title='bbox 3222 3368 3275 3417; x_wconf 88' lang='lat' dir='ltr'><strong>et</strong></span> <span class='ocrx_word' id='word_1_569' title='bbox 3323 3362 3379 3417; x_wconf 82' lang='lat' dir='ltr'><strong>in</strong></span> 
     </span>
    </p>
   </div>
   <div class='ocr_carea' id='block_1_78' title="bbox 1820 3448 3380 3521">
    <p class='ocr_par' dir='ltr' id='par_1_78' title="bbox 1820 3448 3380 3521">
     <span class='ocr_line' id='line_1_80' title="bbox 1820 3448 3380 3521; baseline 0.004 -20"><span class='ocrx_word' id='word_1_570' title='bbox 1820 3450 2075 3501; x_wconf 81' lang='lat' dir='ltr'><strong>sacculum</strong></span> <span class='ocrx_word' id='word_1_571' title='bbox 2131 3448 2354 3513; x_wconf 68' lang='lat' dir='ltr'><strong>saeculi;</strong></span> <span class='ocrx_word' id='word_1_572' title='bbox 2415 3456 2468 3504; x_wconf 88' lang='lat' dir='ltr'><strong>et</strong></span> <span class='ocrx_word' id='word_1_573' title='bbox 2532 3448 2845 3516; x_wconf 90' lang='lat' dir='ltr'><strong>implebitur</strong></span> <span class='ocrx_word' id='word_1_574' title='bbox 2920 3450 3200 3518; x_wconf 87' lang='lat' dir='ltr'><strong>majestate</strong></span> <span class='ocrx_word' id='word_1_575' title='bbox 3257 3452 3380 3521; x_wconf 87' lang='lat' dir='ltr'><strong>ejus</strong></span> 
     </span>
    </p>
   </div>
   <div class='ocr_carea' id='block_1_79' title="bbox 1820 3536 3381 3608">
    <p class='ocr_par' dir='ltr' id='par_1_79' title="bbox 1820 3536 3381 3608">
     <span class='ocr_line' id='line_1_81' title="bbox 1820 3536 3381 3608; baseline 0.005 -19"><span class='ocrx_word' id='word_1_576' title='bbox 1820 3538 2001 3592; x_wconf 92' lang='lat' dir='ltr'><strong>omnis</strong></span> <span class='ocrx_word' id='word_1_577' title='bbox 2028 3546 2174 3591; x_wconf 91' lang='lat' dir='ltr'><strong>terra</strong></span> <span class='ocrx_word' id='word_1_578' title='bbox 2203 3555 2216 3592; x_wconf 89' lang='lat'><strong>:</strong></span> <span class='ocrx_word' id='word_1_579' title='bbox 2254 3537 2365 3600; x_wconf 86' lang='lat' dir='ltr'><strong>ﬁat,</strong></span> <span class='ocrx_word' id='word_1_580' title='bbox 2401 3538 2513 3592; x_wconf 89' lang='lat' dir='ltr'><strong>ﬁat.</strong></span> <span class='ocrx_word' id='word_1_581' title='bbox 2550 3556 2568 3589; x_wconf 85' lang='grc'><strong>›</strong></span> <span class='ocrx_word' id='word_1_582' title='bbox 2610 3536 2790 3593; x_wconf 86' lang='lat' dir='ltr'><strong>Tertia</strong></span> <span class='ocrx_word' id='word_1_583' title='bbox 2822 3552 2946 3608; x_wconf 88' lang='lat' dir='ltr'><strong>pars</strong></span> <span class='ocrx_word' id='word_1_584' title='bbox 2975 3541 3381 3597; x_wconf 86' lang='lat' dir='ltr'><strong>circumscribi-</strong></span> 
     </span>
    </p>
   </div>
   <div class='ocr_carea' id='block_1_80' title="bbox 1820 3627 3383 3697">
    <p class='ocr_par' dir='ltr' id='par_1_80' title="bbox 1820 3627 3383 3697">
     <span class='ocr_line' id='line_1_82' title="bbox 1820 3627 3383 3697; baseline 0.004 -17"><span class='ocrx_word' id='word_1_585' title='bbox 1820 3634 1909 3680; x_wconf 88' lang='lat' dir='ltr'><strong>tur</strong></span> <span class='ocrx_word' id='word_1_586' title='bbox 1945 3628 2153 3696; x_wconf 88' lang='lat' dir='ltr'><strong>psalmo</strong></span> <span class='ocrx_word' id='word_1_587' title='bbox 2181 3627 2517 3697; x_wconf 86' lang='lat' dir='ltr'><strong>octogesimo</strong></span> <span class='ocrx_word' id='word_1_588' title='bbox 2545 3636 2757 3690; x_wconf 88' lang='lat' dir='ltr'><strong>octavo,</strong></span> <span class='ocrx_word' id='word_1_589' title='bbox 2786 3636 2841 3682; x_wconf 90' lang='lat' dir='ltr'><strong>et</strong></span> <span class='ocrx_word' id='word_1_590' title='bbox 2883 3630 2937 3683; x_wconf 88' lang='lat' dir='ltr'><strong>in</strong></span> <span class='ocrx_word' id='word_1_591' title='bbox 2971 3629 3200 3685; x_wconf 86' lang='lat' dir='ltr'><strong>similem</strong></span> <span class='ocrx_word' id='word_1_592' title='bbox 3254 3647 3383 3686; x_wconf 87' lang='lat' dir='ltr'><strong>sen-</strong></span> 
     </span>
    </p>
   </div>
   <div class='ocr_carea' id='block_1_81' title="bbox 1822 3719 3381 3779">
    <p class='ocr_par' dir='ltr' id='par_1_81' title="bbox 1822 3719 3381 3779">
     <span class='ocr_line' id='line_1_83' title="bbox 1822 3719 3381 3779; baseline 0.004 -9"><span class='ocrx_word' id='word_1_593' title='bbox 1822 3719 2047 3772; x_wconf 89' lang='lat' dir='ltr'><strong>tentiam</strong></span> <span class='ocrx_word' id='word_1_594' title='bbox 2115 3719 2266 3773; x_wconf 79' lang='lat' dir='ltr'><strong>exit:</strong></span> <span class='ocrx_word' id='word_1_595' title='bbox 2328 3721 2409 3774; x_wconf 92' lang='lat' dir='ltr'><strong>sic</strong></span> <span class='ocrx_word' id='word_1_596' title='bbox 2469 3720 2613 3773; x_wconf 85' lang='lat' dir='ltr'><strong>enim</strong></span> <span class='ocrx_word' id='word_1_597' title='bbox 2681 3720 2888 3776; x_wconf 88' lang='lat' dir='ltr'><strong>habet:</strong></span> <span class='ocrx_word' id='word_1_598' title='bbox 2959 3740 2977 3772; x_wconf 78' lang='grc' dir='ltr'><strong>ι</strong></span> <span class='ocrx_word' id='word_1_599' title='bbox 3059 3721 3381 3779; x_wconf 86' lang='lat' dir='ltr'><strong>Benedictus</strong></span> 
     </span>
    </p>
   </div>
   <div class='ocr_carea' id='block_1_82' title="bbox 1821 3808 3379 3877">
    <p class='ocr_par' dir='ltr' id='par_1_82' title="bbox 1821 3808 3379 3877">
     <span class='ocr_line' id='line_1_84' title="bbox 1821 3808 3379 3877; baseline 0.006 -17"><span class='ocrx_word' id='word_1_600' title='bbox 1821 3808 2083 3865; x_wconf 90' lang='lat' dir='ltr'><strong>Dominus</strong></span> <span class='ocrx_word' id='word_1_601' title='bbox 2112 3811 2165 3863; x_wconf 92' lang='lat' dir='ltr'><strong>in</strong></span> <span class='ocrx_word' id='word_1_602' title='bbox 2197 3818 2492 3874; x_wconf 81' lang='lat' dir='ltr'><strong>aeternum;</strong></span> <span class='ocrx_word' id='word_1_603' title='bbox 2526 3810 2633 3875; x_wconf 85' lang='lat' dir='ltr'><strong>ﬁat,</strong></span> <span class='ocrx_word' id='word_1_604' title='bbox 2665 3809 2775 3863; x_wconf 87' lang='lat' dir='ltr'><strong>ﬁat.</strong></span> <span class='ocrx_word' id='word_1_605' title='bbox 2805 3830 2823 3861; x_wconf 75' lang='grc' dir='ltr'><strong>ι</strong></span> <span class='ocrx_word' id='word_1_606' title='bbox 2862 3809 3078 3877; x_wconf 84' lang='lat' dir='ltr'><strong>Quartae</strong></span> <span class='ocrx_word' id='word_1_607' title='bbox 3114 3816 3379 3869; x_wconf 84' lang='lat' dir='ltr'><strong>sectionis</strong></span> 
     </span>
    </p>
   </div>
   <div class='ocr_carea' id='block_1_83' title="bbox 1820 3900 3380 3974">
    <p class='ocr_par' dir='ltr' id='par_1_83' title="bbox 1820 3900 3380 3974">
     <span class='ocr_line' id='line_1_85' title="bbox 1820 3900 3380 3974; baseline 0.002 -19"><span class='ocrx_word' id='word_1_608' title='bbox 1820 3901 2087 3955; x_wconf 88' lang='lat' dir='ltr'><strong>terminus</strong></span> <span class='ocrx_word' id='word_1_609' title='bbox 2120 3910 2203 3955; x_wconf 82' lang='lat' dir='ltr'><strong>est</strong></span> <span class='ocrx_word' id='word_1_610' title='bbox 2234 3900 2570 3956; x_wconf 87' lang='lat' dir='ltr'><strong>centesimus</strong></span> <span class='ocrx_word' id='word_1_611' title='bbox 2599 3910 2649 3955; x_wconf 83' lang='lat' dir='ltr'><strong>et</strong></span> <span class='ocrx_word' id='word_1_612' title='bbox 2682 3901 2907 3971; x_wconf 88' lang='lat' dir='ltr'><strong>quintus</strong></span> <span class='ocrx_word' id='word_1_613' title='bbox 2929 3902 3189 3971; x_wconf 90' lang='lat' dir='ltr'><strong>psalmus,</strong></span> <span class='ocrx_word' id='word_1_614' title='bbox 3217 3905 3380 3974; x_wconf 82' lang='lat' dir='ltr'><strong>cujus</strong></span> 
     </span>
    </p>
   </div>
   <div class='ocr_carea' id='block_1_84' title="bbox 1821 3991 3378 4060">
    <p class='ocr_par' dir='ltr' id='par_1_84' title="bbox 1821 3991 3378 4060">
     <span class='ocr_line' id='line_1_86' title="bbox 1821 3991 3378 4060; baseline 0.006 -17"><span class='ocrx_word' id='word_1_615' title='bbox 1821 3991 1945 4045; x_wconf 87' lang='lat' dir='ltr'><strong>ﬁnis</strong></span> <span class='ocrx_word' id='word_1_616' title='bbox 1979 3992 2206 4060; x_wconf 86' lang='lat' dir='ltr'><strong>reliquis</strong></span> <span class='ocrx_word' id='word_1_617' title='bbox 2238 4001 2322 4047; x_wconf 91' lang='lat' dir='ltr'><strong>est</strong></span> <span class='ocrx_word' id='word_1_618' title='bbox 2357 3992 2616 4047; x_wconf 89' lang='lat' dir='ltr'><strong>assimilis</strong></span> <span class='ocrx_word' id='word_1_619' title='bbox 2648 4010 2660 4044; x_wconf 92' lang='lat'>:</span> <span class='ocrx_word' id='word_1_620' title='bbox 2700 4012 2717 4044; x_wconf 85' lang='grc'><strong><em>‹</em></strong></span> <span class='ocrx_word' id='word_1_621' title='bbox 2754 3991 3076 4050; x_wconf 89' lang='lat' dir='ltr'><strong>Benedictus</strong></span> <span class='ocrx_word' id='word_1_622' title='bbox 3114 3993 3378 4052; x_wconf 78' lang='lat' dir='ltr'><strong>Dominus</strong></span> 
     </span>
    </p>
   </div>
   <div class='ocr_carea' id='block_1_85' title="bbox 1819 4081 3379 4152">
    <p class='ocr_par' dir='ltr' id='par_1_85' title="bbox 1819 4081 3379 4152">
     <span class='ocr_line' id='line_1_87' title="bbox 1819 4081 3379 4152; baseline 0.005 -18"><span class='ocrx_word' id='word_1_623' title='bbox 1819 4081 1963 4137; x_wconf 90' lang='lat' dir='ltr'><strong>Deus</strong></span> <span class='ocrx_word' id='word_1_624' title='bbox 1992 4083 2153 4137; x_wconf 88' lang='lat' dir='ltr'><strong>Israel</strong></span> <span class='ocrx_word' id='word_1_625' title='bbox 2184 4098 2212 4136; x_wconf 91' lang='lat' dir='ltr'><strong>a</strong></span> <span class='ocrx_word' id='word_1_626' title='bbox 2246 4084 2463 4145; x_wconf 62' lang='lat' dir='ltr'><strong>saeculo,</strong></span> <span class='ocrx_word' id='word_1_627' title='bbox 2500 4095 2552 4138; x_wconf 92' lang='lat' dir='ltr'><strong>et</strong></span> <span class='ocrx_word' id='word_1_628' title='bbox 2585 4100 2757 4152; x_wconf 91' lang='lat' dir='ltr'><strong>usque</strong></span> <span class='ocrx_word' id='word_1_629' title='bbox 2790 4086 2845 4138; x_wconf 92' lang='lat' dir='ltr'><strong>in</strong></span> <span class='ocrx_word' id='word_1_630' title='bbox 2876 4086 3130 4139; x_wconf 70' lang='lat' dir='ltr'><strong>saaculum</strong></span> <span class='ocrx_word' id='word_1_631' title='bbox 3160 4106 3171 4139; x_wconf 90' lang='lat'>:</span> <span class='ocrx_word' id='word_1_632' title='bbox 3206 4094 3260 4141; x_wconf 89' lang='lat' dir='ltr'><strong>et</strong></span> <span class='ocrx_word' id='word_1_633' title='bbox 3293 4087 3379 4142; x_wconf 80' lang='lat' dir='ltr'><strong>di-</strong></span> 
     </span>
    </p>
   </div>
   <div class='ocr_carea' id='block_1_86' title="bbox 1818 4172 3381 4248">
    <p class='ocr_par' dir='ltr' id='par_1_86' title="bbox 1818 4172 3381 4248">
     <span class='ocr_line' id='line_1_88' title="bbox 1818 4172 3381 4248; baseline 0.004 -20"><span class='ocrx_word' id='word_1_634' title='bbox 1818 4183 1904 4228; x_wconf 88' lang='lat' dir='ltr'><strong>cet</strong></span> <span class='ocrx_word' id='word_1_635' title='bbox 1952 4176 2129 4229; x_wconf 87' lang='lat' dir='ltr'><strong>omnis</strong></span> <span class='ocrx_word' id='word_1_636' title='bbox 2177 4175 2430 4244; x_wconf 91' lang='lat' dir='ltr'><strong>populus,</strong></span> <span class='ocrx_word' id='word_1_637' title='bbox 2456 4172 2595 4238; x_wconf 82' lang='lat' dir='ltr'><strong>Fiat,</strong></span> <span class='ocrx_word' id='word_1_638' title='bbox 2644 4176 2753 4230; x_wconf 87' lang='lat' dir='ltr'><strong>ﬁat.</strong></span> <span class='ocrx_word' id='word_1_639' title='bbox 2788 4196 2805 4228; x_wconf 76' lang='grc' dir='ltr'><strong>ι</strong></span> <span class='ocrx_word' id='word_1_640' title='bbox 2843 4174 3037 4242; x_wconf 88' lang='lat' dir='ltr'><strong>Quinta</strong></span> <span class='ocrx_word' id='word_1_641' title='bbox 3085 4194 3212 4248; x_wconf 89' lang='lat' dir='ltr'><strong>pars</strong></span> <span class='ocrx_word' id='word_1_642' title='bbox 3253 4180 3381 4235; x_wconf 82' lang='lat' dir='ltr'><strong>inde</strong></span> 
     </span>
    </p>
   </div>
   <div class='ocr_carea' id='block_1_87' title="bbox 1820 4264 3381 4341">
    <p class='ocr_par' dir='ltr' id='par_1_87' title="bbox 1820 4264 3381 4341">
     <span class='ocr_line' id='line_1_89' title="bbox 1820 4264 3381 4341; baseline 0.006 -24"><span class='ocrx_word' id='word_1_643' title='bbox 1820 4280 1993 4333; x_wconf 83' lang='lat' dir='ltr'><strong>usque</strong></span> <span class='ocrx_word' id='word_1_644' title='bbox 2052 4264 2117 4318; x_wconf 88' lang='lat' dir='ltr'><strong>ad</strong></span> <span class='ocrx_word' id='word_1_645' title='bbox 2179 4266 2425 4319; x_wconf 90' lang='lat' dir='ltr'><strong>ultimum</strong></span> <span class='ocrx_word' id='word_1_646' title='bbox 2481 4267 2746 4336; x_wconf 88' lang='lat' dir='ltr'><strong>psalmum</strong></span> <span class='ocrx_word' id='word_1_647' title='bbox 2801 4270 3158 4339; x_wconf 82' lang='lat' dir='ltr'><strong>protenditur,</strong></span> <span class='ocrx_word' id='word_1_648' title='bbox 3221 4271 3381 4341; x_wconf 87' lang='lat' dir='ltr'><strong>cujus</strong></span> 
     </span>
    </p>
   </div>
   <div class='ocr_carea' id='block_1_88' title="bbox 1820 4353 3141 4424">
    <p class='ocr_par' dir='ltr' id='par_1_88' title="bbox 1820 4353 3141 4424">
     <span class='ocr_line' id='line_1_90' title="bbox 1820 4353 3141 4424; baseline 0.002 -17"><span class='ocrx_word' id='word_1_649' title='bbox 1820 4354 1944 4409; x_wconf 90' lang='lat' dir='ltr'><strong>ﬁnis</strong></span> <span class='ocrx_word' id='word_1_650' title='bbox 1978 4373 1991 4407; x_wconf 95' lang='lat'>:</span> <span class='ocrx_word' id='word_1_651' title='bbox 2030 4372 2049 4404; x_wconf 76' lang='grc' dir='ltr'><strong>σ</strong></span> <span class='ocrx_word' id='word_1_652' title='bbox 2091 4353 2280 4408; x_wconf 89' lang='lat' dir='ltr'><strong>Omnis</strong></span> <span class='ocrx_word' id='word_1_653' title='bbox 2308 4354 2534 4424; x_wconf 90' lang='lat' dir='ltr'><strong>spiritus</strong></span> <span class='ocrx_word' id='word_1_654' title='bbox 2564 4354 2744 4409; x_wconf 90' lang='lat' dir='ltr'><strong>laudet</strong></span> <span class='ocrx_word' id='word_1_655' title='bbox 2775 4354 3082 4411; x_wconf 89' lang='lat' dir='ltr'><strong>Dominum.</strong></span> <span class='ocrx_word' id='word_1_656' title='bbox 3121 4376 3141 4409; x_wconf 75' lang='grc' dir='ltr'><strong>ι</strong></span> 
     </span>
    </p>
   </div>
   <div class='ocr_carea' id='block_1_89' title="bbox 188 4549 1721 4628">
    <p class='ocr_par' dir='ltr' id='par_1_89' title="bbox 188 4554 1710 4628">
     <span class='ocr_line' id='line_1_91' title="bbox 188 4554 1710 4628; baseline -0.005 -15"><span class='ocrx_word' id='word_1_657' title='bbox 188 4562 327 4614; x_wconf 82' lang='grc' dir='ltr'>Τίνα</span> <span class='ocrx_word' id='word_1_658' title='bbox 369 4562 571 4614; x_wconf 83' lang='grc' dir='ltr'>τοίνυν</span> <span class='ocrx_word' id='word_1_659' title='bbox 620 4560 716 4628; x_wconf 79' lang='grc' dir='ltr'>τὴν</span> <span class='ocrx_word' id='word_1_660' title='bbox 760 4561 817 4612; x_wconf 84' lang='grc' dir='ltr'><strong>ἐν</strong></span> <span class='ocrx_word' id='word_1_661' title='bbox 858 4559 1059 4621; x_wconf 85' lang='grc' dir='ltr'>τούτοις</span> <span class='ocrx_word' id='word_1_662' title='bbox 1102 4554 1349 4626; x_wconf 85' lang='grc' dir='ltr'>τεχνικὴν</span> <span class='ocrx_word' id='word_1_663' title='bbox 1395 4554 1547 4620; x_wconf 82' lang='grc' dir='ltr'>τάξιν</span> <span class='ocrx_word' id='word_1_664' title='bbox 1580 4570 1710 4606; x_wconf 89' lang='grc' dir='ltr'>κατ-</span> 
     </span>
    </p>
   </div>
   <div class='ocr_carea' id='block_1_90' title="bbox 1821 4549 3376 4628">
    <p class='ocr_par' dir='ltr' id='par_1_90' title="bbox 1892 4550 3376 4625">
     <span class='ocr_line' id='line_1_92' title="bbox 1892 4550 3376 4625; baseline 0.004 -17"><span class='ocrx_word' id='word_1_665' title='bbox 1892 4550 2019 4622; x_wconf 70' lang='lat' dir='ltr'><strong>Quaa</strong></span> <span class='ocrx_word' id='word_1_666' title='bbox 2050 4554 2213 4625; x_wconf 80' lang='lat' dir='ltr'><strong>igitur</strong></span> <span class='ocrx_word' id='word_1_667' title='bbox 2240 4556 2415 4610; x_wconf 88' lang='lat' dir='ltr'><strong>subsit</strong></span> <span class='ocrx_word' id='word_1_668' title='bbox 2450 4556 2576 4611; x_wconf 90' lang='lat' dir='ltr'><strong>huic</strong></span> <span class='ocrx_word' id='word_1_669' title='bbox 2602 4558 2967 4613; x_wconf 91' lang='lat' dir='ltr'><strong>distributioni</strong></span> <span class='ocrx_word' id='word_1_670' title='bbox 2999 4574 3089 4614; x_wconf 90' lang='lat' dir='ltr'><strong>ars</strong></span> <span class='ocrx_word' id='word_1_671' title='bbox 3123 4569 3176 4614; x_wconf 91' lang='lat' dir='ltr'><strong>et</strong></span> <span class='ocrx_word' id='word_1_672' title='bbox 3212 4560 3376 4625; x_wconf 88' lang='lat' dir='ltr'><strong>ratio,</strong></span> 
     </span>
    </p>
   </div>
   <div class='ocr_carea' id='block_1_91' title="bbox 116 4643 1710 4723">
    <p class='ocr_par' dir='ltr' id='par_1_91' title="bbox 116 4643 1710 4723">
     <span class='ocr_line' id='line_1_93' title="bbox 116 4643 1710 4723; baseline -0.004 -19"><span class='ocrx_word' id='word_1_673' title='bbox 116 4655 441 4723; x_wconf 82' lang='grc' dir='ltr'>ενοήσαμεν</span> <span class='ocrx_word' id='word_1_674' title='bbox 465 4691 484 4713; x_wconf 93' lang='grc'><strong>,</strong></span> <span class='ocrx_word' id='word_1_675' title='bbox 542 4652 728 4721; x_wconf 85' lang='grc' dir='ltr'>καιρὸς</span> <span class='ocrx_word' id='word_1_676' title='bbox 762 4652 824 4704; x_wconf 86' lang='grc' dir='ltr'><strong>ἂν</strong></span> <span class='ocrx_word' id='word_1_677' title='bbox 857 4653 939 4719; x_wconf 79' lang='grc' dir='ltr'>εἴη</span> <span class='ocrx_word' id='word_1_678' title='bbox 968 4651 1033 4703; x_wconf 85' lang='grc' dir='ltr'>δι’</span> <span class='ocrx_word' id='word_1_679' title='bbox 1063 4649 1256 4717; x_wconf 87' lang='grc' dir='ltr'>ὀλίγων</span> <span class='ocrx_word' id='word_1_680' title='bbox 1288 4650 1481 4701; x_wconf 71' lang='grc' dir='ltr'>εἰπεῖν.</span> <span class='ocrx_word' id='word_1_681' title='bbox 1526 4647 1611 4699; x_wconf 85' lang='grc' dir='ltr'><strong>Ἐν</strong></span> <span class='ocrx_word' id='word_1_682' title='bbox 1634 4643 1710 4716; x_wconf 81' lang='grc' dir='ltr'>τῷ</span> 
     </span>
    </p>
   </div>
   <div class='ocr_carea' id='block_1_92' title="bbox 118 4736 1711 4814">
    <p class='ocr_par' dir='ltr' id='par_1_92' title="bbox 118 4736 1711 4814">
     <span class='ocr_line' id='line_1_94' title="bbox 118 4736 1711 4814; baseline -0.005 -17"><span class='ocrx_word' id='word_1_683' title='bbox 118 4744 325 4814; x_wconf 80' lang='grc' dir='ltr'>πρώτῳ</span> <span class='ocrx_word' id='word_1_684' title='bbox 378 4745 527 4805; x_wconf 79' lang='grc' dir='ltr'>τοὺς</span> <span class='ocrx_word' id='word_1_685' title='bbox 571 4746 629 4795; x_wconf 87' lang='grc' dir='ltr'><strong>ἐν</strong></span> <span class='ocrx_word' id='word_1_686' title='bbox 661 4742 826 4812; x_wconf 80' lang='grc' dir='ltr'>κακίᾳ</span> <span class='ocrx_word' id='word_1_687' title='bbox 854 4742 1057 4806; x_wconf 80' lang='grc' dir='ltr'>ζῶντας</span> <span class='ocrx_word' id='word_1_688' title='bbox 1098 4741 1280 4809; x_wconf 84' lang='grc' dir='ltr'>ἵστησι</span> <span class='ocrx_word' id='word_1_689' title='bbox 1315 4739 1412 4809; x_wconf 80' lang='grc' dir='ltr'><strong>μὲν</strong></span> <span class='ocrx_word' id='word_1_690' title='bbox 1444 4736 1542 4807; x_wconf 80' lang='grc' dir='ltr'>τῆς</span> <span class='ocrx_word' id='word_1_691' title='bbox 1587 4737 1711 4814; x_wconf 58' lang='lat'><em>61:6—</em></span> 
     </span>
    </p>
   </div>
   <div class='ocr_carea' id='block_1_93' title="bbox 114 4828 1717 4909">
    <p class='ocr_par' dir='ltr' id='par_1_93' title="bbox 114 4828 1717 4909">
     <span class='ocr_line' id='line_1_95' title="bbox 114 4828 1717 4909; baseline -0.003 -22"><span class='ocrx_word' id='word_1_692' title='bbox 114 4853 212 4888; x_wconf 86' lang='grc' dir='ltr'>που</span> <span class='ocrx_word' id='word_1_693' title='bbox 250 4837 495 4903; x_wconf 80' lang='grc' dir='ltr'>πλάνης</span> <span class='ocrx_word' id='word_1_694' title='bbox 522 4852 537 4865; x_wconf 82' lang='grc'><em>’</em></span> <span class='ocrx_word' id='word_1_695' title='bbox 583 4833 870 4909; x_wconf 74' lang='grc' dir='ltr'>ἐφέλκεται</span> <span class='ocrx_word' id='word_1_696' title='bbox 900 4832 956 4885; x_wconf 89' lang='grc' dir='ltr'>δὲ</span> <span class='ocrx_word' id='word_1_697' title='bbox 987 4833 1121 4903; x_wconf 88' lang='grc' dir='ltr'>πρὸς</span> <span class='ocrx_word' id='word_1_698' title='bbox 1151 4832 1261 4901; x_wconf 75' lang='grc'><strong>(61)</strong></span> <span class='ocrx_word' id='word_1_699' title='bbox 1294 4832 1393 4901; x_wconf 81' lang='grc' dir='ltr'>τὴν</span> <span class='ocrx_word' id='word_1_700' title='bbox 1417 4830 1507 4883; x_wconf 81' lang='grc' dir='ltr'>τοῦ</span> <span class='ocrx_word' id='word_1_701' title='bbox 1540 4828 1717 4899; x_wconf 84' lang='grc' dir='ltr'>κρείτ-</span> 
     </span>
    </p>
   </div>
   <div class='ocr_carea' id='block_1_94' title="bbox 112 4906 1717 5000">
    <p class='ocr_par' dir='ltr' id='par_1_94' title="bbox 112 4906 1717 5000">
     <span class='ocr_line' id='line_1_96' title="bbox 112 4906 1717 5000; baseline -0.006 -19"><span class='ocrx_word' id='word_1_702' title='bbox 112 4945 263 4990; x_wconf 85' lang='grc' dir='ltr'>τονος</span> <span class='ocrx_word' id='word_1_703' title='bbox 305 4930 575 5000; x_wconf 80' lang='grc' dir='ltr'>αἵρεσιν,</span> <span class='ocrx_word' id='word_1_704' title='bbox 725 4906 918 4997; x_wconf 75' lang='grc' dir='ltr'>μηκέτι</span> <span class='ocrx_word' id='word_1_705' title='bbox 943 4928 1061 4988; x_wconf 82' lang='grc' dir='ltr'>ταῖς</span> <span class='ocrx_word' id='word_1_706' title='bbox 1098 4924 1204 4977; x_wconf 91' lang='grc' dir='ltr'><strong>τῶν</strong></span> <span class='ocrx_word' id='word_1_707' title='bbox 1241 4922 1449 4977; x_wconf 80' lang='grc' dir='ltr'>ἅσεὸῶν</span> <span class='ocrx_word' id='word_1_708' title='bbox 1480 4922 1717 4983; x_wconf 87' lang='grc' dir='ltr'>ἀπάταις</span> 
     </span>
    </p>
   </div>
   <div class='ocr_carea' id='block_1_95' title="bbox 109 5010 1716 5090">
    <p class='ocr_par' dir='ltr' id='par_1_95' title="bbox 109 5010 1716 5090">
     <span class='ocr_line' id='line_1_97' title="bbox 109 5010 1716 5090; baseline 0 -18"><span class='ocrx_word' id='word_1_709' title='bbox 109 5017 575 5090; x_wconf 78' lang='grc' dir='ltr'>ἐπιπορεύεσθαι</span> <span class='ocrx_word' id='word_1_710' title='bbox 627 5015 778 5083; x_wconf 70' lang='lat'><strong>(62),</strong></span> <span class='ocrx_word' id='word_1_711' title='bbox 838 5014 973 5084; x_wconf 82' lang='grc' dir='ltr'>μηδὲ</span> <span class='ocrx_word' id='word_1_712' title='bbox 1006 5017 1071 5083; x_wconf 86' lang='grc' dir='ltr'>τῇ</span> <span class='ocrx_word' id='word_1_713' title='bbox 1129 5013 1337 5083; x_wconf 80' lang='grc' dir='ltr'>πονηρᾷ</span> <span class='ocrx_word' id='word_1_714' title='bbox 1398 5010 1566 5081; x_wconf 72' lang='grc' dir='ltr'>τρίϐῳ</span> <span class='ocrx_word' id='word_1_715' title='bbox 1616 5010 1716 5079; x_wconf 80' lang='grc' dir='ltr'><strong>τῆς</strong></span> 
     </span>
    </p>
   </div>
   <div class='ocr_carea' id='block_1_96' title="bbox 109 5102 1715 5181">
    <p class='ocr_par' dir='ltr' id='par_1_96' title="bbox 109 5102 1715 5181">
     <span class='ocr_line' id='line_1_98' title="bbox 109 5102 1715 5181; baseline -0.006 -20"><span class='ocrx_word' id='word_1_716' title='bbox 109 5112 401 5181; x_wconf 81' lang='grc' dir='ltr'>ἁμαρτίας</span> <span class='ocrx_word' id='word_1_717' title='bbox 462 5107 560 5161; x_wconf 82' lang='grc' dir='ltr'>διὰ</span> <span class='ocrx_word' id='word_1_718' title='bbox 593 5106 785 5177; x_wconf 79' lang='grc' dir='ltr'>βάθους</span> <span class='ocrx_word' id='word_1_719' title='bbox 827 5104 1152 5170; x_wconf 84' lang='grc' dir='ltr'>ἐνίστασθαι,</span> <span class='ocrx_word' id='word_1_720' title='bbox 1189 5104 1323 5174; x_wconf 85' lang='grc' dir='ltr'><strong>μηδέ</strong></span> <span class='ocrx_word' id='word_1_721' title='bbox 1356 5102 1611 5173; x_wconf 85' lang='grc' dir='ltr'>ἀκίνητόν</span> <span class='ocrx_word' id='word_1_722' title='bbox 1655 5116 1715 5153; x_wconf 81' lang='grc' dir='ltr'><strong>τε</strong></span> 
     </span>
    </p>
   </div>
   <div class='ocr_carea' id='block_1_97' title="bbox 100 5192 1711 5271">
    <p class='ocr_par' dir='ltr' id='par_1_97' title="bbox 100 5192 1711 5271">
     <span class='ocr_line' id='line_1_99' title="bbox 100 5192 1711 5271; baseline -0.007 -16"><span class='ocrx_word' id='word_1_723' title='bbox 100 5203 197 5255; x_wconf 80' lang='grc' dir='ltr'><strong>καὶ</strong></span> <span class='ocrx_word' id='word_1_724' title='bbox 245 5200 693 5271; x_wconf 81' lang='grc' dir='ltr'>καθιδρυμένην</span> <span class='ocrx_word' id='word_1_725' title='bbox 730 5198 943 5259; x_wconf 74' lang='grc' dir='ltr'>ἑαυτοῖς</span> <span class='ocrx_word' id='word_1_726' title='bbox 973 5195 1077 5265; x_wconf 83' lang='grc' dir='ltr'>τὴν</span> <span class='ocrx_word' id='word_1_727' title='bbox 1119 5195 1318 5249; x_wconf 85' lang='grc' dir='ltr'>κακίαν</span> <span class='ocrx_word' id='word_1_728' title='bbox 1346 5192 1711 5265; x_wconf 84' lang='grc' dir='ltr'>ἐπιτηδεύειν,</span> 
     </span>
    </p>
   </div>
   <div class='ocr_carea' id='block_1_98' title="bbox 101 5283 1711 5363">
    <p class='ocr_par' dir='ltr' id='par_1_98' title="bbox 101 5283 1711 5363">
     <span class='ocr_line' id='line_1_100' title="bbox 101 5283 1711 5363; baseline -0.006 -18"><span class='ocrx_word' id='word_1_729' title='bbox 101 5295 239 5346; x_wconf 81' lang='grc' dir='ltr'>ἀλλὰ</span> <span class='ocrx_word' id='word_1_730' title='bbox 278 5293 371 5363; x_wconf 81' lang='grc' dir='ltr'>τῷ</span> <span class='ocrx_word' id='word_1_731' title='bbox 433 5290 581 5360; x_wconf 78' lang='grc' dir='ltr'>θείῳ</span> <span class='ocrx_word' id='word_1_732' title='bbox 613 5288 971 5343; x_wconf 83' lang='grc' dir='ltr'>συνάπτεσθαι</span> <span class='ocrx_word' id='word_1_733' title='bbox 1000 5287 1175 5357; x_wconf 84' lang='grc' dir='ltr'>νόμῳ,</span> <span class='ocrx_word' id='word_1_734' title='bbox 1225 5286 1315 5339; x_wconf 87' lang='grc' dir='ltr'>διὰ</span> <span class='ocrx_word' id='word_1_735' title='bbox 1349 5286 1578 5357; x_wconf 87' lang='grc' dir='ltr'>μελέτης</span> <span class='ocrx_word' id='word_1_736' title='bbox 1609 5283 1711 5355; x_wconf 84' lang='grc' dir='ltr'>τὴν</span> 
     </span>
    </p>
   </div>
   <div class='ocr_carea' id='block_1_99' title="bbox 96 5377 1716 5454">
    <p class='ocr_par' dir='ltr' id='par_1_99' title="bbox 96 5377 1716 5454">
     <span class='ocr_line' id='line_1_101' title="bbox 96 5377 1716 5454; baseline -0.007 -15"><span class='ocrx_word' id='word_1_737' title='bbox 96 5385 329 5454; x_wconf 82' lang='grc' dir='ltr'>ἀπλανῆ</span> <span class='ocrx_word' id='word_1_738' title='bbox 381 5382 633 5453; x_wconf 82' lang='grc' dir='ltr'>πορείαν</span> <span class='ocrx_word' id='word_1_739' title='bbox 681 5381 891 5443; x_wconf 82' lang='grc' dir='ltr'>ἑαυτοῖς</span> <span class='ocrx_word' id='word_1_740' title='bbox 923 5378 1398 5450; x_wconf 85' lang='grc' dir='ltr'>κατορθώσαντας,</span> <span class='ocrx_word' id='word_1_741' title='bbox 1430 5377 1505 5441; x_wconf 84' lang='grc' dir='ltr'>ὼς</span> <span class='ocrx_word' id='word_1_742' title='bbox 1536 5377 1603 5430; x_wconf 82' lang='grc' dir='ltr'><strong>ἂν</strong></span> <span class='ocrx_word' id='word_1_743' title='bbox 1631 5378 1716 5447; x_wconf 77' lang='grc' dir='ltr'>ἐρ-</span> 
     </span>
    </p>
   </div>
   <div class='ocr_carea' id='block_1_100' title="bbox 97 5467 1719 5547">
    <p class='ocr_par' dir='ltr' id='par_1_100' title="bbox 97 5467 1719 5547">
     <span class='ocr_line' id='line_1_102' title="bbox 97 5467 1719 5547; baseline -0.005 -18"><span class='ocrx_word' id='word_1_744' title='bbox 97 5477 377 5547; x_wconf 75' lang='grc' dir='ltr'>ριζωθείη</span> <span class='ocrx_word' id='word_1_745' title='bbox 412 5470 603 5543; x_wconf 79' lang='grc' dir='ltr'>φυτοῦ</span> <span class='ocrx_word' id='word_1_746' title='bbox 625 5472 777 5543; x_wconf 89' lang='grc' dir='ltr'>δίκην</span> <span class='ocrx_word' id='word_1_747' title='bbox 802 5471 981 5535; x_wconf 85' lang='grc' dir='ltr'>αὐτοῖς</span> <span class='ocrx_word' id='word_1_748' title='bbox 1005 5472 1041 5542; x_wconf 76' lang='grc' dir='ltr'><strong>ἡ</strong></span> <span class='ocrx_word' id='word_1_749' title='bbox 1062 5470 1195 5542; x_wconf 87' lang='grc' dir='ltr'>πρὸς</span> <span class='ocrx_word' id='word_1_750' title='bbox 1223 5468 1283 5523; x_wconf 89' lang='grc' dir='ltr'><strong>τὸ</strong></span> <span class='ocrx_word' id='word_1_751' title='bbox 1311 5471 1553 5539; x_wconf 86' lang='grc' dir='ltr'>κρεῖττον</span> <span class='ocrx_word' id='word_1_752' title='bbox 1580 5467 1719 5540; x_wconf 76' lang='grc' dir='ltr'>ἕξις,</span> 
     </span>
    </p>
   </div>
   <div class='ocr_carea' id='block_1_101' title="bbox 163 5654 878 5728">
    <p class='ocr_par' dir='ltr' id='par_1_101' title="bbox 163 5654 878 5728">
     <span class='ocr_line' id='line_1_103' title="bbox 163 5654 878 5728; baseline -0.013 -14"><span class='ocrx_word' id='word_1_753' title='bbox 163 5660 285 5728; x_wconf 86' lang='grc'><strong>(57)</strong></span> <span class='ocrx_word' id='word_1_754' title='bbox 324 5658 536 5728; x_wconf 61' lang='lat' dir='ltr'><strong>Fortq</strong></span> <span class='ocrx_word' id='word_1_755' title='bbox 555 5654 878 5728; x_wconf 69' lang='grc' dir='ltr'>προτροπὴν.</span> 
     </span>
    </p>
   </div>
   <div class='ocr_carea' id='block_1_102' title="bbox 160 5724 1000 5799">
    <p class='ocr_par' dir='ltr' id='par_1_102' title="bbox 160 5724 1000 5799">
     <span class='ocr_line' id='line_1_104' title="bbox 160 5724 1000 5799; baseline -0.008 -15"><span class='ocrx_word' id='word_1_756' title='bbox 160 5724 181 5797; x_wconf 73' lang='lat'><strong><em>(</em></strong></span> <span class='ocrx_word' id='word_1_757' title='bbox 184 5724 284 5799; x_wconf 86' lang='lat'><strong>58)</strong></span> <span class='ocrx_word' id='word_1_758' title='bbox 342 5724 879 5799; x_wconf 80' lang='grc' dir='ltr'>Ἀποδεικνυμένην,</span> <span class='ocrx_word' id='word_1_759' title='bbox 913 5725 1000 5782; x_wconf 90' lang='lat' dir='ltr'><strong>ed.</strong></span> 
     </span>
    </p>
   </div>
   <div class='ocr_carea' id='block_1_103' title="bbox 159 5796 757 5873">
    <p class='ocr_par' dir='ltr' id='par_1_103' title="bbox 159 5796 757 5873">
     <span class='ocr_line' id='line_1_105' title="bbox 159 5796 757 5873; baseline -0.013 -17"><span class='ocrx_word' id='word_1_760' title='bbox 316 5799 526 5853; x_wconf 78' lang='grc' dir='ltr'>Πέντε</span> <span class='ocrx_word' id='word_1_761' title='bbox 558 5810 664 5852; x_wconf 87' lang='lat' dir='ltr'><strong>om.</strong></span> <span class='ocrx_word' id='word_1_762' title='bbox 691 5796 757 5850; x_wconf 84' lang='lat' dir='ltr'><strong>ed</strong></span> 
     </span>
    </p>
   </div>
   <div class='ocr_carea' id='block_1_104' title="bbox 1817 4648 3377 4721">
    <p class='ocr_par' dir='ltr' id='par_1_104' title="bbox 1817 4648 3377 4721">
     <span class='ocr_line' id='line_1_106' title="bbox 1817 4648 3377 4721; baseline 0.003 -21"><span class='ocrx_word' id='word_1_763' title='bbox 1817 4654 2031 4716; x_wconf 84' lang='lat' dir='ltr'><strong>tempus</strong></span> <span class='ocrx_word' id='word_1_764' title='bbox 2058 4662 2204 4703; x_wconf 92' lang='lat' dir='ltr'><strong>nunc</strong></span> <span class='ocrx_word' id='word_1_765' title='bbox 2226 4648 2414 4717; x_wconf 77' lang='lat' dir='ltr'><strong>exigit,</strong></span> <span class='ocrx_word' id='word_1_766' title='bbox 2444 4656 2503 4701; x_wconf 89' lang='lat' dir='ltr'><strong>ut</strong></span> <span class='ocrx_word' id='word_1_767' title='bbox 2526 4650 2716 4717; x_wconf 85' lang='lat' dir='ltr'><strong>paucis</strong></span> <span class='ocrx_word' id='word_1_768' title='bbox 2739 4649 3095 4705; x_wconf 86' lang='lat' dir='ltr'><strong>declaremus.</strong></span> <span class='ocrx_word' id='word_1_769' title='bbox 3121 4650 3174 4704; x_wconf 93' lang='lat' dir='ltr'><strong>In</strong></span> <span class='ocrx_word' id='word_1_770' title='bbox 3200 4654 3377 4721; x_wconf 83' lang='lat' dir='ltr'><strong>prima</strong></span> 
     </span>
    </p>
   </div>
   <div class='ocr_carea' id='block_1_105' title="bbox 1819 4737 3377 4807">
    <p class='ocr_par' dir='ltr' id='par_1_105' title="bbox 1819 4737 3377 4807">
     <span class='ocr_line' id='line_1_107' title="bbox 1819 4737 3377 4807; baseline 0.004 -19"><span class='ocrx_word' id='word_1_771' title='bbox 1819 4744 1972 4805; x_wconf 81' lang='lat' dir='ltr'><strong>parte</strong></span> <span class='ocrx_word' id='word_1_772' title='bbox 2019 4737 2241 4791; x_wconf 89' lang='lat' dir='ltr'><strong>abducit</strong></span> <span class='ocrx_word' id='word_1_773' title='bbox 2286 4753 2381 4793; x_wconf 90' lang='lat' dir='ltr'><strong>eos</strong></span> <span class='ocrx_word' id='word_1_774' title='bbox 2428 4738 2521 4807; x_wconf 90' lang='lat' dir='ltr'><strong>qui</strong></span> <span class='ocrx_word' id='word_1_775' title='bbox 2573 4738 2817 4807; x_wconf 90' lang='lat' dir='ltr'><strong>improbe</strong></span> <span class='ocrx_word' id='word_1_776' title='bbox 2858 4740 3065 4805; x_wconf 82' lang='lat' dir='ltr'><strong>vivunt,</strong></span> <span class='ocrx_word' id='word_1_777' title='bbox 3114 4741 3182 4793; x_wconf 91' lang='lat' dir='ltr'><strong>ah</strong></span> <span class='ocrx_word' id='word_1_778' title='bbox 3228 4742 3377 4795; x_wconf 87' lang='lat' dir='ltr'><strong>inani</strong></span> 
     </span>
    </p>
   </div>
   <div class='ocr_carea' id='block_1_106' title="bbox 1816 4828 3379 4900">
    <p class='ocr_par' dir='ltr' id='par_1_106' title="bbox 1816 4828 3379 4900">
     <span class='ocr_line' id='line_1_108' title="bbox 1816 4828 3379 4900; baseline 0.004 -19"><span class='ocrx_word' id='word_1_779' title='bbox 1816 4829 2162 4900; x_wconf 88' lang='lat' dir='ltr'><strong>absurdaque</strong></span> <span class='ocrx_word' id='word_1_780' title='bbox 2198 4828 2431 4893; x_wconf 78' lang='lat' dir='ltr'><strong>fallacia,</strong></span> <span class='ocrx_word' id='word_1_781' title='bbox 2481 4829 2751 4898; x_wconf 87' lang='lat' dir='ltr'><strong>simulque</strong></span> <span class='ocrx_word' id='word_1_782' title='bbox 2792 4829 2857 4883; x_wconf 90' lang='lat' dir='ltr'><strong>ad</strong></span> <span class='ocrx_word' id='word_1_783' title='bbox 2901 4831 3120 4884; x_wconf 89' lang='lat' dir='ltr'><strong>meliora</strong></span> <span class='ocrx_word' id='word_1_784' title='bbox 3160 4841 3379 4887; x_wconf 82' lang='lat' dir='ltr'><strong>sectan-</strong></span> 
     </span>
    </p>
   </div>
   <div class='ocr_carea' id='block_1_107' title="bbox 1813 4918 3378 4991">
    <p class='ocr_par' dir='ltr' id='par_1_107' title="bbox 1813 4918 3378 4991">
     <span class='ocr_line' id='line_1_109' title="bbox 1813 4918 3378 4991; baseline 0.003 -18"><span class='ocrx_word' id='word_1_785' title='bbox 1813 4920 1881 4974; x_wconf 92' lang='lat' dir='ltr'><strong>da</strong></span> <span class='ocrx_word' id='word_1_786' title='bbox 1946 4918 2161 4982; x_wconf 87' lang='lat' dir='ltr'><strong>invitat,</strong></span> <span class='ocrx_word' id='word_1_787' title='bbox 2226 4928 2283 4973; x_wconf 92' lang='lat' dir='ltr'><strong>ut</strong></span> <span class='ocrx_word' id='word_1_788' title='bbox 2338 4920 2414 4973; x_wconf 90' lang='lat' dir='ltr'><strong>nil</strong></span> <span class='ocrx_word' id='word_1_789' title='bbox 2475 4920 2707 4989; x_wconf 85' lang='lat' dir='ltr'><strong>amplius</strong></span> <span class='ocrx_word' id='word_1_790' title='bbox 2770 4920 3054 4990; x_wconf 90' lang='lat' dir='ltr'><strong>impiorum</strong></span> <span class='ocrx_word' id='word_1_791' title='bbox 3109 4921 3378 4991; x_wconf 76' lang='lat' dir='ltr'><strong>decoptio~</strong></span> 
     </span>
    </p>
   </div>
   <div class='ocr_carea' id='block_1_108' title="bbox 1813 5009 3375 5082">
    <p class='ocr_par' dir='ltr' id='par_1_108' title="bbox 1813 5009 3375 5082">
     <span class='ocr_line' id='line_1_110' title="bbox 1813 5009 3375 5082; baseline 0.001 -17"><span class='ocrx_word' id='word_1_792' title='bbox 1813 5011 1977 5065; x_wconf 86' lang='lat' dir='ltr'><strong>nibus</strong></span> <span class='ocrx_word' id='word_1_793' title='bbox 2005 5009 2289 5080; x_wconf 86' lang='lat' dir='ltr'><strong>adjiciant,</strong></span> <span class='ocrx_word' id='word_1_794' title='bbox 2324 5026 2502 5080; x_wconf 89' lang='lat' dir='ltr'><strong>neque</strong></span> <span class='ocrx_word' id='word_1_795' title='bbox 2534 5026 2739 5082; x_wconf 64' lang='lat' dir='ltr'><strong>asperae</strong></span> <span class='ocrx_word' id='word_1_796' title='bbox 2768 5023 3112 5082; x_wconf 79' lang='lat' dir='ltr'><strong>peccatorum</strong></span> <span class='ocrx_word' id='word_1_797' title='bbox 3144 5014 3240 5066; x_wconf 73' lang='lat' dir='ltr'><strong>via:</strong></span> <span class='ocrx_word' id='word_1_798' title='bbox 3271 5013 3375 5067; x_wconf 88' lang='lat' dir='ltr'><strong>im-</strong></span> 
     </span>
    </p>
   </div>
   <div class='ocr_carea' id='block_1_109' title="bbox 1813 5101 3371 5175">
    <p class='ocr_par' dir='ltr' id='par_1_109' title="bbox 1813 5101 3371 5175">
     <span class='ocr_line' id='line_1_111' title="bbox 1813 5101 3371 5175; baseline 0.001 -20"><span class='ocrx_word' id='word_1_799' title='bbox 1813 5117 2004 5173; x_wconf 84' lang='lat' dir='ltr'><strong>presso</strong></span> <span class='ocrx_word' id='word_1_800' title='bbox 2037 5102 2264 5172; x_wconf 81' lang='lat' dir='ltr'><strong>vestigio</strong></span> <span class='ocrx_word' id='word_1_801' title='bbox 2297 5101 2528 5159; x_wconf 87' lang='lat' dir='ltr'><strong>ﬁrmiter</strong></span> <span class='ocrx_word' id='word_1_802' title='bbox 2552 5104 2825 5170; x_wconf 89' lang='lat' dir='ltr'><strong>insistant,</strong></span> <span class='ocrx_word' id='word_1_803' title='bbox 2854 5120 3029 5175; x_wconf 87' lang='lat' dir='ltr'><strong>neque</strong></span> <span class='ocrx_word' id='word_1_804' title='bbox 3069 5105 3371 5168; x_wconf 81' lang='lat' dir='ltr'><strong>immotam,</strong></span> 
     </span>
    </p>
   </div>
   <div class='ocr_carea' id='block_1_110' title="bbox 1810 5194 3372 5267">
    <p class='ocr_par' dir='ltr' id='par_1_110' title="bbox 1810 5194 3372 5267">
     <span class='ocr_line' id='line_1_112' title="bbox 1810 5194 3372 5267; baseline -0.001 -18"><span class='ocrx_word' id='word_1_805' title='bbox 1810 5194 2327 5264; x_wconf 89' lang='lat' dir='ltr'><strong>corroboratamque</strong></span> <span class='ocrx_word' id='word_1_806' title='bbox 2378 5196 2641 5250; x_wconf 89' lang='lat' dir='ltr'><strong>malitiam</strong></span> <span class='ocrx_word' id='word_1_807' title='bbox 2690 5198 2791 5252; x_wconf 90' lang='lat' dir='ltr'><strong>sibi</strong></span> <span class='ocrx_word' id='word_1_808' title='bbox 2852 5213 3040 5267; x_wconf 83' lang='lat' dir='ltr'><strong>parere</strong></span> <span class='ocrx_word' id='word_1_809' title='bbox 3091 5196 3372 5261; x_wconf 83' lang='lat' dir='ltr'><strong>studeant,</strong></span> 
     </span>
    </p>
   </div>
   <div class='ocr_carea' id='block_1_111' title="bbox 1814 5285 3368 5360">
    <p class='ocr_par' dir='ltr' id='par_1_111' title="bbox 1814 5285 3368 5360">
     <span class='ocr_line' id='line_1_113' title="bbox 1814 5285 3368 5360; baseline 0 -21"><span class='ocrx_word' id='word_1_810' title='bbox 1814 5286 1910 5340; x_wconf 91' lang='lat' dir='ltr'><strong>sed</strong></span> <span class='ocrx_word' id='word_1_811' title='bbox 1942 5295 1997 5338; x_wconf 93' lang='lat' dir='ltr'><strong>ut</strong></span> <span class='ocrx_word' id='word_1_812' title='bbox 2022 5286 2193 5355; x_wconf 83' lang='lat' dir='ltr'><strong>legem</strong></span> <span class='ocrx_word' id='word_1_813' title='bbox 2226 5285 2321 5340; x_wconf 91' lang='lat' dir='ltr'><strong>Dei</strong></span> <span class='ocrx_word' id='word_1_814' title='bbox 2356 5288 2784 5357; x_wconf 89' lang='lat' dir='ltr'><strong>apprehendant,</strong></span> <span class='ocrx_word' id='word_1_815' title='bbox 2810 5288 3202 5360; x_wconf 78' lang='lat' dir='ltr'><strong>diligenterque</strong></span> <span class='ocrx_word' id='word_1_816' title='bbox 3226 5287 3368 5340; x_wconf 92' lang='lat' dir='ltr'><strong>viam</strong></span> 
     </span>
    </p>
   </div>
   <div class='ocr_carea' id='block_1_112' title="bbox 1812 5377 3374 5448">
    <p class='ocr_par' dir='ltr' id='par_1_112' title="bbox 1812 5377 3374 5448">
     <span class='ocr_line' id='line_1_114' title="bbox 1812 5377 3374 5448; baseline 0.001 -17"><span class='ocrx_word' id='word_1_817' title='bbox 1812 5377 2019 5432; x_wconf 89' lang='lat' dir='ltr'><strong>erroris</strong></span> <span class='ocrx_word' id='word_1_818' title='bbox 2046 5385 2323 5447; x_wconf 84' lang='lat' dir='ltr'><strong>expertem</strong></span> <span class='ocrx_word' id='word_1_819' title='bbox 2348 5379 2453 5433; x_wconf 89' lang='lat' dir='ltr'><strong>sibi</strong></span> <span class='ocrx_word' id='word_1_820' title='bbox 2486 5382 2754 5446; x_wconf 87' lang='lat' dir='ltr'><strong>muniant,</strong></span> <span class='ocrx_word' id='word_1_821' title='bbox 2791 5389 2851 5435; x_wconf 87' lang='lat' dir='ltr'><strong>ut</strong></span> <span class='ocrx_word' id='word_1_822' title='bbox 2881 5380 3136 5435; x_wconf 88' lang='lat' dir='ltr'><strong>habitudo</strong></span> <span class='ocrx_word' id='word_1_823' title='bbox 3169 5388 3221 5434; x_wconf 86' lang='lat' dir='ltr'><strong>et</strong></span> <span class='ocrx_word' id='word_1_824' title='bbox 3252 5394 3374 5448; x_wconf 78' lang='lat' dir='ltr'><strong>pro-</strong></span> 
     </span>
    </p>
   </div>
   <div class='ocr_carea' id='block_1_113' title="bbox 1814 5469 3371 5543">
    <p class='ocr_par' dir='ltr' id='par_1_113' title="bbox 1814 5469 3371 5543">
     <span class='ocr_line' id='line_1_115' title="bbox 1814 5469 3371 5543; baseline 0.004 -22"><span class='ocrx_word' id='word_1_825' title='bbox 1814 5469 2004 5538; x_wconf 90' lang='lat' dir='ltr'><strong>pensio</strong></span> <span class='ocrx_word' id='word_1_826' title='bbox 2055 5469 2122 5522; x_wconf 88' lang='lat' dir='ltr'><strong>ad</strong></span> <span class='ocrx_word' id='word_1_827' title='bbox 2174 5469 2373 5525; x_wconf 92' lang='lat' dir='ltr'><strong>bonum</strong></span> <span class='ocrx_word' id='word_1_828' title='bbox 2424 5471 2478 5525; x_wconf 91' lang='lat' dir='ltr'><strong>in</strong></span> <span class='ocrx_word' id='word_1_829' title='bbox 2530 5473 2664 5543; x_wconf 89' lang='lat' dir='ltr'><strong>ipsis</strong></span> <span class='ocrx_word' id='word_1_830' title='bbox 2700 5473 2897 5543; x_wconf 70' lang='lat' dir='ltr'><strong>planta:</strong></span> <span class='ocrx_word' id='word_1_831' title='bbox 2945 5473 3119 5529; x_wconf 89' lang='lat' dir='ltr'><strong>instar</strong></span> <span class='ocrx_word' id='word_1_832' title='bbox 3155 5470 3371 5527; x_wconf 80' lang='lat' dir='ltr'><strong>radices</strong></span> 
     </span>
    </p>
   </div>
   <div class='ocr_carea' id='block_1_114' title="bbox 1887 5650 2256 5719">
    <p class='ocr_par' dir='ltr' id='par_1_114' title="bbox 1887 5650 2256 5719">
     <span class='ocr_line' id='line_1_116' title="bbox 1887 5650 2256 5719; baseline 0.008 -16"><span class='ocrx_word' id='word_1_833' title='bbox 1887 5650 1999 5719; x_wconf 82' lang='lat'><strong>(60)</strong></span> <span class='ocrx_word' id='word_1_834' title='bbox 2022 5652 2143 5713; x_wconf 86' lang='grc' dir='ltr'>Τόν,</span> <span class='ocrx_word' id='word_1_835' title='bbox 2171 5654 2256 5708; x_wconf 87' lang='lat' dir='ltr'><strong>ed.</strong></span> 
     </span>
    </p>
   </div>
   <div class='ocr_carea' id='block_1_115' title="bbox 1887 5721 2380 5789">
    <p class='ocr_par' dir='ltr' id='par_1_115' title="bbox 1887 5721 2380 5789">
     <span class='ocr_line' id='line_1_117' title="bbox 1887 5721 2380 5789; baseline 0.006 -16"><span class='ocrx_word' id='word_1_836' title='bbox 1887 5721 1994 5789; x_wconf 88' lang='lat'><strong>(6|)</strong></span> <span class='ocrx_word' id='word_1_837' title='bbox 2014 5723 2123 5776; x_wconf 81' lang='lat' dir='ltr'><strong>Kal</strong></span> <span class='ocrx_word' id='word_1_838' title='bbox 2153 5724 2264 5786; x_wconf 86' lang='grc' dir='ltr'>ἐπί,</span> <span class='ocrx_word' id='word_1_839' title='bbox 2296 5724 2380 5778; x_wconf 89' lang='lat' dir='ltr'><strong>ed.</strong></span> 
     </span>
    </p>
   </div>
   <div class='ocr_carea' id='block_1_116' title="bbox 1890 5790 2634 5865">
    <p class='ocr_par' dir='ltr' id='par_1_116' title="bbox 1890 5790 2634 5865">
     <span class='ocr_line' id='line_1_118' title="bbox 1890 5790 2634 5865; baseline 0.012 -22"><span class='ocrx_word' id='word_1_840' title='bbox 1890 5790 2001 5860; x_wconf 68' lang='grc'><strong>(62)</strong></span> <span class='ocrx_word' id='word_1_841' title='bbox 2042 5793 2522 5865; x_wconf 87' lang='grc' dir='ltr'>Ἐπισωρεύεσθαι,</span> <span class='ocrx_word' id='word_1_842' title='bbox 2549 5796 2634 5852; x_wconf 90' lang='lat' dir='ltr'><strong>ed.</strong></span> 
     </span>
    </p>
   </div>
  </div>
