  <div class='ocr_page' id='page_1' title='image "/cluster/home/n/w/nwhite01/storage/ocr_20150623/44/hvd.32044012542270/235.png"; bbox 0 0 3982 6472; ppageno 0'>
   <div class='ocr_carea' id='block_1_1' title="bbox 630 397 727 456">
    <p class='ocr_par' dir='ltr' id='par_1_1' title="bbox 630 397 727 456">
     <span class='ocr_line' id='line_1_1' title="bbox 630 397 727 456; baseline -0.052 0"><span class='ocrx_word' id='word_1_1' title='bbox 630 397 727 456; x_wconf 68' lang='grc'><strong>451</strong></span> 
     </span>
    </p>
   </div>
   <div class='ocr_carea' id='block_1_2' title="bbox 1855 395 2183 473">
    <p class='ocr_par' dir='ltr' id='par_1_2' title="bbox 1855 395 2183 453">
     <span class='ocr_line' id='line_1_2' title="bbox 1855 395 2183 453; baseline 0.003 -1"><span class='ocrx_word' id='word_1_2' title='bbox 1855 397 1912 452; x_wconf 86' lang='lat' dir='ltr'><strong>S.</strong></span> <span class='ocrx_word' id='word_1_3' title='bbox 1956 395 2183 453; x_wconf 76' lang='lat' dir='ltr'><strong>GREGO</strong></span> 
     </span>
    </p>
   </div>
   <div class='ocr_carea' id='block_1_3' title="bbox 2281 395 3797 473">
    <p class='ocr_par' dir='ltr' id='par_1_3' title="bbox 2323 397 3797 473">
     <span class='ocr_line' id='line_1_3' title="bbox 2323 397 3797 473; baseline 0.015 -22"><span class='ocrx_word' id='word_1_4' title='bbox 2323 397 2615 454; x_wconf 77' lang='lat' dir='ltr'><strong>NYSSEM</strong></span> <span class='ocrx_word' id='word_1_5' title='bbox 3711 417 3797 473; x_wconf 61' lang='grc' dir='ltr'><strong>ιιι</strong></span> 
     </span>
    </p>
   </div>
   <div class='ocr_carea' id='block_1_4' title="bbox 629 514 2183 593">
    <p class='ocr_par' dir='ltr' id='par_1_4' title="bbox 629 514 2183 584">
     <span class='ocr_line' id='line_1_4' title="bbox 629 514 2183 584; baseline 0.001 -16"><span class='ocrx_word' id='word_1_6' title='bbox 629 519 786 584; x_wconf 74' lang='lat' dir='ltr'><strong>agat;</strong></span> <span class='ocrx_word' id='word_1_7' title='bbox 825 526 1050 569; x_wconf 89' lang='lat' dir='ltr'><strong>accessu</strong></span> <span class='ocrx_word' id='word_1_8' title='bbox 1084 521 1137 567; x_wconf 91' lang='lat' dir='ltr'><strong>et</strong></span> <span class='ocrx_word' id='word_1_9' title='bbox 1164 515 1410 584; x_wconf 76' lang='lat' dir='ltr'><strong>ingressu</strong></span> <span class='ocrx_word' id='word_1_10' title='bbox 1439 514 1504 570; x_wconf 92' lang='lat' dir='ltr'><strong>ad</strong></span> <span class='ocrx_word' id='word_1_11' title='bbox 1540 522 1770 578; x_wconf 89' lang='lat' dir='ltr'><strong>rectum,</strong></span> <span class='ocrx_word' id='word_1_12' title='bbox 1801 516 1893 584; x_wconf 88' lang='lat' dir='ltr'><strong>qui</strong></span> <span class='ocrx_word' id='word_1_13' title='bbox 1933 517 2064 570; x_wconf 83' lang='lat' dir='ltr'><strong>nihil</strong></span> <span class='ocrx_word' id='word_1_14' title='bbox 2101 527 2183 571; x_wconf 88' lang='lat' dir='ltr'><strong>est</strong></span> 
     </span>
    </p>
   </div>
   <div class='ocr_carea' id='block_1_5' title="bbox 2281 514 3793 593">
    <p class='ocr_par' dir='ltr' id='par_1_5' title="bbox 2288 517 3793 593">
     <span class='ocr_line' id='line_1_5' title="bbox 2288 517 3793 593; baseline 0.009 -23"><span class='ocrx_word' id='word_1_15' title='bbox 2288 521 2406 582; x_wconf 81' lang='grc' dir='ltr'>ταῖς</span> <span class='ocrx_word' id='word_1_16' title='bbox 2458 518 2626 581; x_wconf 72' lang='grc' dir='ltr'>θείαις</span> <span class='ocrx_word' id='word_1_17' title='bbox 2680 517 3040 582; x_wconf 75' lang='grc' dir='ltr'>διδασκαλίαις</span> <span class='ocrx_word' id='word_1_18' title='bbox 3086 518 3423 591; x_wconf 79' lang='grc' dir='ltr'>ἐπαρδομένη</span> <span class='ocrx_word' id='word_1_19' title='bbox 3463 523 3608 593; x_wconf 78' lang='lat'><strong>(62‘).</strong></span> <span class='ocrx_word' id='word_1_20' title='bbox 3640 529 3692 583; x_wconf 82' lang='lat' dir='ltr'><strong>&#39;H</strong></span> <span class='ocrx_word' id='word_1_21' title='bbox 3718 529 3793 589; x_wconf 67' lang='grc' dir='ltr'>οὖν</span> 
     </span>
    </p>
   </div>
   <div class='ocr_carea' id='block_1_6' title="bbox 615 607 2183 677">
    <p class='ocr_par' dir='ltr' id='par_1_6' title="bbox 615 607 2183 677">
     <span class='ocr_line' id='line_1_6' title="bbox 615 607 2183 677; baseline 0 -15"><span class='ocrx_word' id='word_1_22' title='bbox 615 607 774 662; x_wconf 66' lang='grc' dir='ltr'>εαιίυά</span> <span class='ocrx_word' id='word_1_23' title='bbox 819 622 981 677; x_wconf 81' lang='lat' dir='ltr'><strong>quam</strong></span> <span class='ocrx_word' id='word_1_24' title='bbox 1016 620 1266 662; x_wconf 83' lang='lat' dir='ltr'><strong>recessus</strong></span> <span class='ocrx_word' id='word_1_25' title='bbox 1299 620 1328 660; x_wconf 89' lang='lat' dir='ltr'><strong>a</strong></span> <span class='ocrx_word' id='word_1_26' title='bbox 1364 607 1659 669; x_wconf 83' lang='lat' dir='ltr'><strong>contrario,</strong></span> <span class='ocrx_word' id='word_1_27' title='bbox 1706 621 1802 677; x_wconf 78' lang='lat' dir='ltr'><strong>per</strong></span> <span class='ocrx_word' id='word_1_28' title='bbox 1831 623 1987 677; x_wconf 85' lang='lat' dir='ltr'><strong>quem</strong></span> <span class='ocrx_word' id='word_1_29' title='bbox 2019 608 2183 664; x_wconf 71' lang='lat' dir='ltr'><strong>efﬁci-</strong></span> 
     </span>
    </p>
   </div>
   <div class='ocr_carea' id='block_1_7' title="bbox 627 698 1903 769">
    <p class='ocr_par' dir='ltr' id='par_1_7' title="bbox 627 698 1903 769">
     <span class='ocr_line' id='line_1_7' title="bbox 627 698 1903 769; baseline -0.002 -13"><span class='ocrx_word' id='word_1_30' title='bbox 627 708 717 756; x_wconf 88' lang='lat' dir='ltr'><strong>tur</strong></span> <span class='ocrx_word' id='word_1_31' title='bbox 750 699 875 769; x_wconf 85' lang='lat' dir='ltr'><strong>quis</strong></span> <span class='ocrx_word' id='word_1_32' title='bbox 914 713 1093 753; x_wconf 90' lang='lat' dir='ltr'><strong>rerum</strong></span> <span class='ocrx_word' id='word_1_33' title='bbox 1125 698 1560 768; x_wconf 68' lang='lat' dir='ltr'><strong>praestantiorum</strong></span> <span class='ocrx_word' id='word_1_34' title='bbox 1612 700 1903 768; x_wconf 76' lang='lat' dir='ltr'><strong>particeps.</strong></span> 
     </span>
    </p>
   </div>
   <div class='ocr_carea' id='block_1_8' title="bbox 695 829 2183 904">
    <p class='ocr_par' dir='ltr' id='par_1_8' title="bbox 695 829 2183 904">
     <span class='ocr_line' id='line_1_8' title="bbox 695 829 2183 904; baseline 0.004 -21"><span class='ocrx_word' id='word_1_35' title='bbox 695 829 765 884; x_wconf 83' lang='lat' dir='ltr'><strong>At</strong></span> <span class='ocrx_word' id='word_1_36' title='bbox 785 830 876 900; x_wconf 91' lang='lat' dir='ltr'><strong>qui</strong></span> <span class='ocrx_word' id='word_1_37' title='bbox 898 831 1010 900; x_wconf 89' lang='lat' dir='ltr'><strong>jam</strong></span> <span class='ocrx_word' id='word_1_38' title='bbox 1035 831 1291 886; x_wconf 76' lang='lat' dir='ltr'><strong>virtutem</strong></span> <span class='ocrx_word' id='word_1_39' title='bbox 1315 831 1642 903; x_wconf 80' lang='lat' dir='ltr'><strong>degustavit,</strong></span> <span class='ocrx_word' id='word_1_40' title='bbox 1676 833 2001 904; x_wconf 89' lang='lat' dir='ltr'><strong>propriaque</strong></span> <span class='ocrx_word' id='word_1_41' title='bbox 2029 850 2183 904; x_wconf 83' lang='lat' dir='ltr'><strong>expe-</strong></span> 
     </span>
    </p>
   </div>
   <div class='ocr_carea' id='block_1_9' title="bbox 625 917 2182 997">
    <p class='ocr_par' dir='ltr' id='par_1_9' title="bbox 625 917 2182 997">
     <span class='ocr_line' id='line_1_9' title="bbox 625 917 2182 997; baseline 0.003 -20"><span class='ocrx_word' id='word_1_42' title='bbox 625 917 818 978; x_wconf 85' lang='lat' dir='ltr'><strong>rientia</strong></span> <span class='ocrx_word' id='word_1_43' title='bbox 851 922 979 977; x_wconf 90' lang='lat' dir='ltr'><strong>boni</strong></span> <span class='ocrx_word' id='word_1_44' title='bbox 1015 930 1267 978; x_wconf 89' lang='lat' dir='ltr'><strong>naturam</strong></span> <span class='ocrx_word' id='word_1_45' title='bbox 1298 925 1517 993; x_wconf 90' lang='lat' dir='ltr'><strong>didicit,</strong></span> <span class='ocrx_word' id='word_1_46' title='bbox 1558 923 1649 981; x_wconf 91' lang='lat' dir='ltr'><strong>ille</strong></span> <span class='ocrx_word' id='word_1_47' title='bbox 1693 941 1803 982; x_wconf 85' lang='lat' dir='ltr'><strong>non</strong></span> <span class='ocrx_word' id='word_1_48' title='bbox 1833 924 1916 983; x_wconf 87' lang='lat' dir='ltr'><strong>est</strong></span> <span class='ocrx_word' id='word_1_49' title='bbox 1949 929 2182 997; x_wconf 85' lang='lat' dir='ltr'><strong>amplius</strong></span> 
     </span>
    </p>
   </div>
   <div class='ocr_carea' id='block_1_10' title="bbox 625 1013 2185 1084">
    <p class='ocr_par' dir='ltr' id='par_1_10' title="bbox 625 1013 2185 1084">
     <span class='ocr_line' id='line_1_10' title="bbox 625 1013 2185 1084; baseline 0.001 -14"><span class='ocrx_word' id='word_1_50' title='bbox 625 1013 699 1070; x_wconf 87' lang='lat' dir='ltr'><strong>ita</strong></span> <span class='ocrx_word' id='word_1_51' title='bbox 727 1022 1098 1084; x_wconf 87' lang='lat' dir='ltr'><strong>comparatus,</strong></span> <span class='ocrx_word' id='word_1_52' title='bbox 1129 1024 1186 1069; x_wconf 86' lang='lat' dir='ltr'><strong>ut</strong></span> <span class='ocrx_word' id='word_1_53' title='bbox 1217 1030 1441 1071; x_wconf 87' lang='lat' dir='ltr'><strong>necesse</strong></span> <span class='ocrx_word' id='word_1_54' title='bbox 1469 1017 1542 1071; x_wconf 93' lang='lat' dir='ltr'><strong>sit</strong></span> <span class='ocrx_word' id='word_1_55' title='bbox 1573 1028 1696 1071; x_wconf 88' lang='lat' dir='ltr'><strong>eum</strong></span> <span class='ocrx_word' id='word_1_56' title='bbox 1727 1016 1911 1072; x_wconf 87' lang='lat' dir='ltr'><strong>multis</strong></span> <span class='ocrx_word' id='word_1_57' title='bbox 1932 1017 2185 1078; x_wconf 87' lang='lat' dir='ltr'><strong>cohorta—</strong></span> 
     </span>
    </p>
   </div>
   <div class='ocr_carea' id='block_1_11' title="bbox 624 1106 2181 1170">
    <p class='ocr_par' dir='ltr' id='par_1_11' title="bbox 624 1106 2181 1170">
     <span class='ocr_line' id='line_1_11' title="bbox 624 1106 2181 1170; baseline 0.001 -10"><span class='ocrx_word' id='word_1_58' title='bbox 624 1107 864 1161; x_wconf 74' lang='lat' dir='ltr'><strong>tionibus</strong></span> <span class='ocrx_word' id='word_1_59' title='bbox 885 1107 953 1161; x_wconf 90' lang='lat' dir='ltr'><strong>ab</strong></span> <span class='ocrx_word' id='word_1_60' title='bbox 973 1106 1347 1162; x_wconf 71' lang='lat' dir='ltr'><strong>affectionibus</strong></span> <span class='ocrx_word' id='word_1_61' title='bbox 1369 1107 1526 1162; x_wconf 90' lang='lat' dir='ltr'><strong>malis</strong></span> <span class='ocrx_word' id='word_1_62' title='bbox 1547 1108 1884 1170; x_wconf 86' lang='lat' dir='ltr'><strong>abstrahere,</strong></span> <span class='ocrx_word' id='word_1_63' title='bbox 1903 1114 1958 1163; x_wconf 87' lang='lat' dir='ltr'><strong>et</strong></span> <span class='ocrx_word' id='word_1_64' title='bbox 1980 1109 2044 1162; x_wconf 91' lang='lat' dir='ltr'><strong>ad</strong></span> <span class='ocrx_word' id='word_1_65' title='bbox 2070 1109 2181 1162; x_wconf 89' lang='lat' dir='ltr'><strong>vir-</strong></span> 
     </span>
    </p>
   </div>
   <div class='ocr_carea' id='block_1_12' title="bbox 538 1197 2181 1268">
    <p class='ocr_par' dir='ltr' id='par_1_12' title="bbox 538 1197 2181 1268">
     <span class='ocr_line' id='line_1_12' title="bbox 538 1197 2181 1268; baseline 0.002 -18"><span class='ocrx_word' id='word_1_66' title='bbox 538 1249 545 1260; x_wconf 33' lang='lat'><strong>,</strong></span> <span class='ocrx_word' id='word_1_67' title='bbox 624 1199 793 1252; x_wconf 86' lang='lat' dir='ltr'><strong>tutem</strong></span> <span class='ocrx_word' id='word_1_68' title='bbox 815 1198 1075 1265; x_wconf 82' lang='lat' dir='ltr'><strong>incitare;</strong></span> <span class='ocrx_word' id='word_1_69' title='bbox 1100 1198 1193 1254; x_wconf 90' lang='lat' dir='ltr'><strong>sed</strong></span> <span class='ocrx_word' id='word_1_70' title='bbox 1222 1198 1338 1267; x_wconf 86' lang='lat' dir='ltr'><strong>ipse</strong></span> <span class='ocrx_word' id='word_1_71' title='bbox 1367 1199 1455 1253; x_wconf 88' lang='lat' dir='ltr'><strong>siti</strong></span> <span class='ocrx_word' id='word_1_72' title='bbox 1482 1197 1714 1268; x_wconf 89' lang='lat' dir='ltr'><strong>quadam</strong></span> <span class='ocrx_word' id='word_1_73' title='bbox 1738 1200 1863 1254; x_wconf 87' lang='lat' dir='ltr'><strong>boni</strong></span> <span class='ocrx_word' id='word_1_74' title='bbox 1889 1209 1942 1255; x_wconf 92' lang='lat' dir='ltr'><strong>et</strong></span> <span class='ocrx_word' id='word_1_75' title='bbox 1968 1198 2181 1254; x_wconf 84' lang='lat' dir='ltr'><strong>honesti</strong></span> 
     </span>
    </p>
   </div>
   <div class='ocr_carea' id='block_1_13' title="bbox 533 1287 2183 1359">
    <p class='ocr_par' dir='ltr' id='par_1_13' title="bbox 533 1287 2183 1359">
     <span class='ocr_line' id='line_1_13' title="bbox 533 1287 2183 1359; baseline 0.004 -18"><span class='ocrx_word' id='word_1_76' title='bbox 533 1297 547 1341; x_wconf 69' lang='grc' dir='ltr'>ξ</span> <span class='ocrx_word' id='word_1_77' title='bbox 624 1290 778 1358; x_wconf 88' lang='lat' dir='ltr'><strong>quasi</strong></span> <span class='ocrx_word' id='word_1_78' title='bbox 807 1297 1021 1345; x_wconf 65' lang='lat' dir='ltr'><strong>aestuat.</strong></span> <span class='ocrx_word' id='word_1_79' title='bbox 1051 1287 1380 1359; x_wconf 90' lang='lat' dir='ltr'><strong>Cupiditatis</strong></span> <span class='ocrx_word' id='word_1_80' title='bbox 1409 1287 1552 1344; x_wconf 91' lang='lat' dir='ltr'><strong>enim</strong></span> <span class='ocrx_word' id='word_1_81' title='bbox 1577 1290 1972 1346; x_wconf 82' lang='lat' dir='ltr'><strong>vehementiam</strong></span> <span class='ocrx_word' id='word_1_82' title='bbox 1999 1293 2055 1345; x_wconf 85' lang='lat' dir='ltr'><strong>et</strong></span> <span class='ocrx_word' id='word_1_83' title='bbox 2075 1292 2183 1347; x_wconf 83' lang='lat' dir='ltr'><strong>vio-</strong></span> 
     </span>
    </p>
   </div>
   <div class='ocr_carea' id='block_1_14' title="bbox 529 1373 2180 1452">
    <p class='ocr_par' dir='ltr' id='par_1_14' title="bbox 529 1373 2180 1452">
     <span class='ocr_line' id='line_1_14' title="bbox 529 1373 2180 1452; baseline 0.002 -17"><span class='ocrx_word' id='word_1_84' title='bbox 627 1380 846 1436; x_wconf 86' lang='lat' dir='ltr'><strong>lentiam</strong></span> <span class='ocrx_word' id='word_1_85' title='bbox 873 1381 964 1437; x_wconf 89' lang='lat' dir='ltr'><strong>siti</strong></span> <span class='ocrx_word' id='word_1_86' title='bbox 987 1389 1267 1451; x_wconf 85' lang='lat' dir='ltr'><strong>comparat</strong></span> <span class='ocrx_word' id='word_1_87' title='bbox 1291 1380 1629 1436; x_wconf 87' lang='lat' dir='ltr'><strong>Psalmorum</strong></span> <span class='ocrx_word' id='word_1_88' title='bbox 1664 1385 1913 1452; x_wconf 88' lang='lat' dir='ltr'><strong>scriptor,</strong></span> <span class='ocrx_word' id='word_1_89' title='bbox 1949 1383 2180 1439; x_wconf 86' lang='lat' dir='ltr'><strong>adducta</strong></span> 
     </span>
    </p>
   </div>
   <div class='ocr_carea' id='block_1_15' title="bbox 534 1469 2184 1538">
    <p class='ocr_par' dir='ltr' id='par_1_15' title="bbox 534 1469 2184 1538">
     <span class='ocr_line' id='line_1_15' title="bbox 534 1469 2184 1538; baseline 0.002 -15"><span class='ocrx_word' id='word_1_90' title='bbox 534 1469 548 1523; x_wconf 81' lang='grc'>’.</span> <span class='ocrx_word' id='word_1_91' title='bbox 625 1469 1062 1524; x_wconf 87' lang='lat' dir='ltr'><strong>siticulosissima</strong></span> <span class='ocrx_word' id='word_1_92' title='bbox 1093 1484 1215 1538; x_wconf 70' lang='lat' dir='ltr'><strong>qua:</strong></span> <span class='ocrx_word' id='word_1_93' title='bbox 1246 1469 1301 1522; x_wconf 89' lang='lat' dir='ltr'><strong>in</strong></span> <span class='ocrx_word' id='word_1_94' title='bbox 1348 1470 1716 1525; x_wconf 84' lang='lat' dir='ltr'><strong>animantibus</strong></span> <span class='ocrx_word' id='word_1_95' title='bbox 1749 1475 1830 1526; x_wconf 79' lang='lat' dir='ltr'><strong>est</strong></span> <span class='ocrx_word' id='word_1_96' title='bbox 1869 1481 2084 1537; x_wconf 87' lang='lat' dir='ltr'><strong>natura,</strong></span> <span class='ocrx_word' id='word_1_97' title='bbox 2122 1478 2184 1527; x_wconf 87' lang='lat' dir='ltr'><strong>ut</strong></span> 
     </span>
    </p>
   </div>
   <div class='ocr_carea' id='block_1_16' title="bbox 518 1550 2181 1646">
    <p class='ocr_par' dir='ltr' id='par_1_16' title="bbox 518 1550 2181 1646">
     <span class='ocr_line' id='line_1_16' title="bbox 518 1550 2181 1646; baseline 0.005 -35"><span class='ocrx_word' id='word_1_98' title='bbox 624 1559 858 1614; x_wconf 84' lang='lat' dir='ltr'><strong>maxime</strong></span> <span class='ocrx_word' id='word_1_99' title='bbox 890 1560 1049 1614; x_wconf 89' lang='lat' dir='ltr'><strong>nobis</strong></span> <span class='ocrx_word' id='word_1_100' title='bbox 1087 1561 1157 1614; x_wconf 89' lang='lat' dir='ltr'><strong>ob</strong></span> <span class='ocrx_word' id='word_1_101' title='bbox 1185 1561 1374 1614; x_wconf 88' lang='lat' dir='ltr'><strong>oculos</strong></span> <span class='ocrx_word' id='word_1_102' title='bbox 1425 1571 1589 1630; x_wconf 90' lang='lat' dir='ltr'><strong>ponat</strong></span> <span class='ocrx_word' id='word_1_103' title='bbox 1639 1564 1996 1619; x_wconf 88' lang='lat' dir='ltr'><strong>intensionem</strong></span> <span class='ocrx_word' id='word_1_104' title='bbox 2031 1566 2181 1636; x_wconf 88' lang='lat' dir='ltr'><strong>cupi-</strong></span> 
     </span>
    </p>
   </div>
   <div class='ocr_carea' id='block_1_17' title="bbox 625 1648 2181 1721">
    <p class='ocr_par' dir='ltr' id='par_1_17' title="bbox 625 1648 2181 1721">
     <span class='ocr_line' id='line_1_17' title="bbox 625 1648 2181 1721; baseline 0.002 -15"><span class='ocrx_word' id='word_1_105' title='bbox 625 1650 812 1706; x_wconf 88' lang='lat' dir='ltr'><strong>ditatis</strong></span> <span class='ocrx_word' id='word_1_106' title='bbox 839 1666 934 1720; x_wconf 87' lang='lat' dir='ltr'><strong>per</strong></span> <span class='ocrx_word' id='word_1_107' title='bbox 971 1651 1192 1714; x_wconf 88' lang='lat' dir='ltr'><strong>animal,</strong></span> <span class='ocrx_word' id='word_1_108' title='bbox 1227 1648 1371 1721; x_wconf 88' lang='lat' dir='ltr'><strong>quod</strong></span> <span class='ocrx_word' id='word_1_109' title='bbox 1401 1667 1562 1721; x_wconf 87' lang='lat' dir='ltr'><strong>supra</strong></span> <span class='ocrx_word' id='word_1_110' title='bbox 1591 1653 1810 1707; x_wconf 91' lang='lat' dir='ltr'><strong>modum</strong></span> <span class='ocrx_word' id='word_1_111' title='bbox 1843 1655 1934 1710; x_wconf 88' lang='lat' dir='ltr'><strong>siti</strong></span> <span class='ocrx_word' id='word_1_112' title='bbox 1967 1657 2181 1709; x_wconf 84' lang='lat' dir='ltr'><strong>crucia-</strong></span> 
     </span>
    </p>
   </div>
   <div class='ocr_carea' id='block_1_18' title="bbox 623 1741 2181 1808">
    <p class='ocr_par' dir='ltr' id='par_1_18' title="bbox 623 1741 2181 1808">
     <span class='ocr_line' id='line_1_18' title="bbox 623 1741 2181 1808; baseline 0.004 -14"><span class='ocrx_word' id='word_1_113' title='bbox 623 1747 716 1795; x_wconf 89' lang='lat' dir='ltr'><strong>tur</strong></span> <span class='ocrx_word' id='word_1_114' title='bbox 755 1752 808 1795; x_wconf 86' lang='lat' dir='ltr'><strong>et</strong></span> <span class='ocrx_word' id='word_1_115' title='bbox 842 1741 1027 1808; x_wconf 86' lang='lat' dir='ltr'><strong>ardet;</strong></span> <span class='ocrx_word' id='word_1_116' title='bbox 1068 1742 1172 1797; x_wconf 90' lang='lat' dir='ltr'><strong>hoc</strong></span> <span class='ocrx_word' id='word_1_117' title='bbox 1215 1751 1395 1797; x_wconf 90' lang='lat' dir='ltr'><strong>autem</strong></span> <span class='ocrx_word' id='word_1_118' title='bbox 1431 1743 1634 1797; x_wconf 88' lang='lat' dir='ltr'><strong>animal</strong></span> <span class='ocrx_word' id='word_1_119' title='bbox 1663 1758 1854 1800; x_wconf 72' lang='lat' dir='ltr'><strong>cerrus</strong></span> <span class='ocrx_word' id='word_1_120' title='bbox 1874 1755 1958 1800; x_wconf 89' lang='lat' dir='ltr'><strong>est</strong></span> <span class='ocrx_word' id='word_1_121' title='bbox 1987 1746 2046 1800; x_wconf 66' lang='grc' dir='ltr'>ιι</span> <span class='ocrx_word' id='word_1_122' title='bbox 2091 1746 2181 1801; x_wconf 85' lang='lat' dir='ltr'><strong>cui</strong></span> 
     </span>
    </p>
   </div>
   <div class='ocr_carea' id='block_1_19' title="bbox 624 1833 2182 1896">
    <p class='ocr_par' dir='ltr' id='par_1_19' title="bbox 624 1833 2182 1896">
     <span class='ocr_line' id='line_1_19' title="bbox 624 1833 2182 1896; baseline 0.003 -10"><span class='ocrx_word' id='word_1_123' title='bbox 624 1838 969 1896; x_wconf 85' lang='lat' dir='ltr'><strong>consuetum,</strong></span> <span class='ocrx_word' id='word_1_124' title='bbox 1000 1833 1386 1887; x_wconf 82' lang='lat' dir='ltr'><strong>venenatarum</strong></span> <span class='ocrx_word' id='word_1_125' title='bbox 1415 1835 1711 1890; x_wconf 85' lang='lat' dir='ltr'><strong>bestiarum</strong></span> <span class='ocrx_word' id='word_1_126' title='bbox 1737 1835 1919 1891; x_wconf 88' lang='lat' dir='ltr'><strong>cibatu</strong></span> <span class='ocrx_word' id='word_1_127' title='bbox 1947 1837 2091 1892; x_wconf 83' lang='lat' dir='ltr'><strong>vesci</strong></span> <span class='ocrx_word' id='word_1_128' title='bbox 2125 1844 2182 1892; x_wconf 89' lang='lat' dir='ltr'><strong>et</strong></span> 
     </span>
    </p>
   </div>
   <div class='ocr_carea' id='block_1_20' title="bbox 624 1921 2181 1996">
    <p class='ocr_par' dir='ltr' id='par_1_20' title="bbox 624 1921 2181 1996">
     <span class='ocr_line' id='line_1_20' title="bbox 624 1921 2181 1996; baseline 0.004 -20"><span class='ocrx_word' id='word_1_129' title='bbox 624 1923 1016 1994; x_wconf 74' lang='lat' dir='ltr'><strong>pinguescere;</strong></span> <span class='ocrx_word' id='word_1_130' title='bbox 1061 1921 1225 1977; x_wconf 88' lang='lat' dir='ltr'><strong>calidi</strong></span> <span class='ocrx_word' id='word_1_131' title='bbox 1257 1939 1392 1979; x_wconf 91' lang='lat' dir='ltr'><strong>vero</strong></span> <span class='ocrx_word' id='word_1_132' title='bbox 1415 1932 1468 1980; x_wconf 89' lang='lat' dir='ltr'><strong>et</strong></span> <span class='ocrx_word' id='word_1_133' title='bbox 1508 1925 1660 1996; x_wconf 77' lang='lat' dir='ltr'><strong>igniti</strong></span> <span class='ocrx_word' id='word_1_134' title='bbox 1708 1936 1838 1982; x_wconf 88' lang='lat' dir='ltr'><strong>sunt</strong></span> <span class='ocrx_word' id='word_1_135' title='bbox 1867 1926 2181 1996; x_wconf 86' lang='lat' dir='ltr'><strong>hujusmodi</strong></span> 
     </span>
    </p>
   </div>
   <div class='ocr_carea' id='block_1_21' title="bbox 625 2013 2183 2088">
    <p class='ocr_par' dir='ltr' id='par_1_21' title="bbox 625 2013 2183 2088">
     <span class='ocr_line' id='line_1_21' title="bbox 625 2013 2183 2088; baseline 0.004 -20"><span class='ocrx_word' id='word_1_136' title='bbox 625 2015 939 2068; x_wconf 87' lang='lat' dir='ltr'><strong>animalium</strong></span> <span class='ocrx_word' id='word_1_137' title='bbox 977 2013 1161 2082; x_wconf 89' lang='lat' dir='ltr'><strong>succi;</strong></span> <span class='ocrx_word' id='word_1_138' title='bbox 1201 2015 1400 2086; x_wconf 89' lang='lat' dir='ltr'><strong>quibus</strong></span> <span class='ocrx_word' id='word_1_139' title='bbox 1446 2017 1811 2088; x_wconf 80' lang='lat' dir='ltr'><strong>ingurgitatus</strong></span> <span class='ocrx_word' id='word_1_140' title='bbox 1856 2033 2076 2082; x_wconf 89' lang='lat' dir='ltr'><strong>cervus,</strong></span> <span class='ocrx_word' id='word_1_141' title='bbox 2125 2019 2183 2074; x_wconf 82' lang='lat' dir='ltr'><strong>fit</strong></span> 
     </span>
    </p>
   </div>
   <div class='ocr_carea' id='block_1_22' title="bbox 628 2104 2181 2178">
    <p class='ocr_par' dir='ltr' id='par_1_22' title="bbox 628 2104 2181 2178">
     <span class='ocr_line' id='line_1_22' title="bbox 628 2104 2181 2178; baseline 0.004 -20"><span class='ocrx_word' id='word_1_142' title='bbox 628 2105 935 2160; x_wconf 89' lang='lat' dir='ltr'><strong>necessario</strong></span> <span class='ocrx_word' id='word_1_143' title='bbox 964 2104 1190 2173; x_wconf 84' lang='lat' dir='ltr'><strong>aridior,</strong></span> <span class='ocrx_word' id='word_1_144' title='bbox 1222 2106 1412 2160; x_wconf 84' lang='lat' dir='ltr'><strong>talium</strong></span> <span class='ocrx_word' id='word_1_145' title='bbox 1449 2108 1764 2162; x_wconf 89' lang='lat' dir='ltr'><strong>animalium</strong></span> <span class='ocrx_word' id='word_1_146' title='bbox 1805 2124 1991 2170; x_wconf 86' lang='lat' dir='ltr'><strong>succo.</strong></span> <span class='ocrx_word' id='word_1_147' title='bbox 2023 2109 2181 2178; x_wconf 89' lang='lat' dir='ltr'><strong>quasi</strong></span> 
     </span>
    </p>
   </div>
   <div class='ocr_carea' id='block_1_23' title="bbox 624 2191 2180 2270">
    <p class='ocr_par' dir='ltr' id='par_1_23' title="bbox 624 2191 2180 2270">
     <span class='ocr_line' id='line_1_23' title="bbox 624 2191 2180 2270; baseline 0.004 -23"><span class='ocrx_word' id='word_1_148' title='bbox 624 2193 807 2248; x_wconf 73' lang='lat' dir='ltr'><strong>toxico</strong></span> <span class='ocrx_word' id='word_1_149' title='bbox 827 2191 1091 2262; x_wconf 85' lang='lat' dir='ltr'><strong>infectus;</strong></span> <span class='ocrx_word' id='word_1_150' title='bbox 1111 2203 1165 2250; x_wconf 93' lang='lat' dir='ltr'><strong>et</strong></span> <span class='ocrx_word' id='word_1_151' title='bbox 1183 2195 1253 2250; x_wconf 89' lang='lat' dir='ltr'><strong>ob</strong></span> <span class='ocrx_word' id='word_1_152' title='bbox 1270 2197 1322 2250; x_wconf 93' lang='lat' dir='ltr'><strong>id</strong></span> <span class='ocrx_word' id='word_1_153' title='bbox 1340 2197 1712 2253; x_wconf 85' lang='lat' dir='ltr'><strong>vehementius</strong></span> <span class='ocrx_word' id='word_1_154' title='bbox 1733 2203 1936 2270; x_wconf 90' lang='lat' dir='ltr'><strong>appetit</strong></span> <span class='ocrx_word' id='word_1_155' title='bbox 1959 2215 2180 2269; x_wconf 85' lang='lat' dir='ltr'><strong>aquam,</strong></span> 
     </span>
    </p>
   </div>
   <div class='ocr_carea' id='block_1_24' title="bbox 624 2285 2180 2358">
    <p class='ocr_par' dir='ltr' id='par_1_24' title="bbox 624 2285 2180 2358">
     <span class='ocr_line' id='line_1_24' title="bbox 624 2285 2180 2358; baseline 0.004 -20"><span class='ocrx_word' id='word_1_156' title='bbox 624 2293 684 2338; x_wconf 84' lang='lat' dir='ltr'><strong>ut</strong></span> <span class='ocrx_word' id='word_1_157' title='bbox 709 2293 860 2338; x_wconf 88' lang='lat' dir='ltr'><strong>curet</strong></span> <span class='ocrx_word' id='word_1_158' title='bbox 889 2286 1132 2338; x_wconf 79' lang='lat' dir='ltr'><strong>exortam</strong></span> <span class='ocrx_word' id='word_1_159' title='bbox 1163 2300 1228 2340; x_wconf 80' lang='lat' dir='ltr'><strong>ex</strong></span> <span class='ocrx_word' id='word_1_160' title='bbox 1252 2285 1586 2354; x_wconf 84' lang='lat' dir='ltr'><strong>ejuscemodi</strong></span> <span class='ocrx_word' id='word_1_161' title='bbox 1615 2287 1812 2358; x_wconf 89' lang='lat' dir='ltr'><strong>pabulo</strong></span> <span class='ocrx_word' id='word_1_162' title='bbox 1847 2289 2180 2345; x_wconf 87' lang='lat' dir='ltr'><strong>ariditatem.</strong></span> 
     </span>
    </p>
   </div>
   <div class='ocr_carea' id='block_1_25' title="bbox 623 2373 2182 2447">
    <p class='ocr_par' dir='ltr' id='par_1_25' title="bbox 623 2373 2182 2447">
     <span class='ocr_line' id='line_1_25' title="bbox 623 2373 2182 2447; baseline 0.004 -20"><span class='ocrx_word' id='word_1_163' title='bbox 623 2373 728 2440; x_wconf 84' lang='lat' dir='ltr'><strong>Qui</strong></span> <span class='ocrx_word' id='word_1_164' title='bbox 758 2375 922 2444; x_wconf 77' lang='lat' dir='ltr'><strong>igitur</strong></span> <span class='ocrx_word' id='word_1_165' title='bbox 951 2376 1006 2429; x_wconf 91' lang='lat' dir='ltr'><strong>in</strong></span> <span class='ocrx_word' id='word_1_166' title='bbox 1037 2377 1208 2446; x_wconf 91' lang='lat' dir='ltr'><strong>prima</strong></span> <span class='ocrx_word' id='word_1_167' title='bbox 1239 2375 1575 2432; x_wconf 87' lang='lat' dir='ltr'><strong>Psalmorum</strong></span> <span class='ocrx_word' id='word_1_168' title='bbox 1615 2387 1767 2447; x_wconf 88' lang='lat' dir='ltr'><strong>parte</strong></span> <span class='ocrx_word' id='word_1_169' title='bbox 1811 2381 1975 2432; x_wconf 90' lang='lat' dir='ltr'><strong>vitam</strong></span> <span class='ocrx_word' id='word_1_170' title='bbox 2007 2383 2182 2434; x_wconf 82' lang='lat' dir='ltr'><strong>virtu-</strong></span> 
     </span>
    </p>
   </div>
   <div class='ocr_carea' id='block_1_26' title="bbox 622 2466 2177 2540">
    <p class='ocr_par' dir='ltr' id='par_1_26' title="bbox 622 2466 2177 2540">
     <span class='ocr_line' id='line_1_26' title="bbox 622 2466 2177 2540; baseline 0.003 -20"><span class='ocrx_word' id='word_1_171' title='bbox 622 2467 695 2521; x_wconf 87' lang='lat' dir='ltr'><strong>tis</strong></span> <span class='ocrx_word' id='word_1_172' title='bbox 725 2466 1024 2521; x_wconf 90' lang='lat' dir='ltr'><strong>studiosam</strong></span> <span class='ocrx_word' id='word_1_173' title='bbox 1057 2467 1352 2534; x_wconf 85' lang='lat' dir='ltr'><strong>inchoavit,</strong></span> <span class='ocrx_word' id='word_1_174' title='bbox 1384 2477 1654 2538; x_wconf 79' lang='lat' dir='ltr'><strong>gustuque</strong></span> <span class='ocrx_word' id='word_1_175' title='bbox 1675 2469 2011 2524; x_wconf 87' lang='lat' dir='ltr'><strong>dulcedinem</strong></span> <span class='ocrx_word' id='word_1_176' title='bbox 2039 2471 2177 2540; x_wconf 79' lang='lat' dir='ltr'><strong>ejus,</strong></span> 
     </span>
    </p>
   </div>
   <div class='ocr_carea' id='block_1_27' title="bbox 623 2556 2182 2632">
    <p class='ocr_par' dir='ltr' id='par_1_27' title="bbox 623 2556 2182 2632">
     <span class='ocr_line' id='line_1_27' title="bbox 623 2556 2182 2632; baseline 0.004 -22"><span class='ocrx_word' id='word_1_177' title='bbox 623 2557 767 2628; x_wconf 86' lang='lat' dir='ltr'><strong>quod</strong></span> <span class='ocrx_word' id='word_1_178' title='bbox 799 2556 1074 2614; x_wconf 82' lang='lat' dir='ltr'><strong>desiderat</strong></span> <span class='ocrx_word' id='word_1_179' title='bbox 1109 2560 1400 2626; x_wconf 74' lang='lat' dir='ltr'><strong>cognovit;</strong></span> <span class='ocrx_word' id='word_1_180' title='bbox 1458 2571 1511 2613; x_wconf 90' lang='lat' dir='ltr'><strong>et</strong></span> <span class='ocrx_word' id='word_1_181' title='bbox 1547 2576 1763 2614; x_wconf 90' lang='lat' dir='ltr'><strong>omnem</strong></span> <span class='ocrx_word' id='word_1_182' title='bbox 1794 2563 1950 2632; x_wconf 87' lang='lat' dir='ltr'><strong>quasi</strong></span> <span class='ocrx_word' id='word_1_183' title='bbox 1990 2578 2182 2632; x_wconf 84' lang='lat' dir='ltr'><strong>repen-</strong></span> 
     </span>
    </p>
   </div>
   <div class='ocr_carea' id='block_1_28' title="bbox 624 2649 2179 2722">
    <p class='ocr_par' dir='ltr' id='par_1_28' title="bbox 624 2649 2179 2722">
     <span class='ocr_line' id='line_1_28' title="bbox 624 2649 2179 2722; baseline 0.003 -20"><span class='ocrx_word' id='word_1_184' title='bbox 624 2649 759 2703; x_wconf 89' lang='lat' dir='ltr'><strong>tium</strong></span> <span class='ocrx_word' id='word_1_185' title='bbox 801 2649 1154 2718; x_wconf 83' lang='lat' dir='ltr'><strong>cupiditatum</strong></span> <span class='ocrx_word' id='word_1_186' title='bbox 1208 2651 1440 2719; x_wconf 89' lang='lat' dir='ltr'><strong>speciem</strong></span> <span class='ocrx_word' id='word_1_187' title='bbox 1495 2651 1548 2704; x_wconf 91' lang='lat' dir='ltr'><strong>in</strong></span> <span class='ocrx_word' id='word_1_188' title='bbox 1612 2651 1793 2721; x_wconf 91' lang='lat' dir='ltr'><strong>seipso</strong></span> <span class='ocrx_word' id='word_1_189' title='bbox 1855 2652 2179 2722; x_wconf 86' lang='lat' dir='ltr'><strong>absumpsit,</strong></span> 
     </span>
    </p>
   </div>
   <div class='ocr_carea' id='block_1_29' title="bbox 624 2737 2182 2810">
    <p class='ocr_par' dir='ltr' id='par_1_29' title="bbox 624 2737 2182 2810">
     <span class='ocr_line' id='line_1_29' title="bbox 624 2737 2182 2810; baseline 0.001 -18"><span class='ocrx_word' id='word_1_190' title='bbox 624 2737 1102 2807; x_wconf 67' lang='lat' dir='ltr'><strong>temperantiaeque</strong></span> <span class='ocrx_word' id='word_1_191' title='bbox 1126 2737 1273 2793; x_wconf 87' lang='lat' dir='ltr'><strong>velut</strong></span> <span class='ocrx_word' id='word_1_192' title='bbox 1294 2737 1576 2802; x_wconf 90' lang='lat' dir='ltr'><strong>dentibus,</strong></span> <span class='ocrx_word' id='word_1_193' title='bbox 1607 2739 1728 2795; x_wconf 91' lang='lat' dir='ltr'><strong>loco</strong></span> <span class='ocrx_word' id='word_1_194' title='bbox 1758 2741 2054 2810; x_wconf 88' lang='lat' dir='ltr'><strong>reptilium,</strong></span> <span class='ocrx_word' id='word_1_195' title='bbox 2089 2743 2182 2794; x_wconf 83' lang='lat' dir='ltr'><strong>im-</strong></span> 
     </span>
    </p>
   </div>
   <div class='ocr_carea' id='block_1_30' title="bbox 625 2827 2182 2900">
    <p class='ocr_par' dir='ltr' id='par_1_30' title="bbox 625 2827 2182 2900">
     <span class='ocr_line' id='line_1_30' title="bbox 625 2827 2182 2900; baseline 0.001 -17"><span class='ocrx_word' id='word_1_196' title='bbox 625 2828 936 2883; x_wconf 83' lang='lat' dir='ltr'><strong>moderalas</strong></span> <span class='ocrx_word' id='word_1_197' title='bbox 962 2827 1321 2898; x_wconf 84' lang='lat' dir='ltr'><strong>appetitiones</strong></span> <span class='ocrx_word' id='word_1_198' title='bbox 1355 2840 1484 2884; x_wconf 87' lang='lat' dir='ltr'><strong>suas</strong></span> <span class='ocrx_word' id='word_1_199' title='bbox 1513 2829 1812 2892; x_wconf 81' lang='lat' dir='ltr'><strong>devoravit,</strong></span> <span class='ocrx_word' id='word_1_200' title='bbox 1840 2831 1962 2900; x_wconf 91' lang='lat' dir='ltr'><strong>plus</strong></span> <span class='ocrx_word' id='word_1_201' title='bbox 1993 2830 2107 2885; x_wconf 90' lang='lat' dir='ltr'><strong>sitit</strong></span> <span class='ocrx_word' id='word_1_202' title='bbox 2129 2837 2182 2884; x_wconf 90' lang='lat' dir='ltr'><strong>et</strong></span> 
     </span>
    </p>
   </div>
   <div class='ocr_carea' id='block_1_31' title="bbox 625 2918 2179 2990">
    <p class='ocr_par' dir='ltr' id='par_1_31' title="bbox 625 2918 2179 2990">
     <span class='ocr_line' id='line_1_31' title="bbox 625 2918 2179 2990; baseline 0 -17"><span class='ocrx_word' id='word_1_203' title='bbox 625 2919 828 2988; x_wconf 79' lang='lat' dir='ltr'><strong>expetit</strong></span> <span class='ocrx_word' id='word_1_204' title='bbox 868 2918 962 2974; x_wconf 89' lang='lat' dir='ltr'><strong>Dei</strong></span> <span class='ocrx_word' id='word_1_205' title='bbox 1008 2919 1354 2989; x_wconf 63' lang='lat' dir='ltr'><strong>praesentiam</strong></span> <span class='ocrx_word' id='word_1_206' title='bbox 1406 2927 1461 2974; x_wconf 90' lang='lat' dir='ltr'><strong>et</strong></span> <span class='ocrx_word' id='word_1_207' title='bbox 1516 2921 1976 2983; x_wconf 84' lang='lat' dir='ltr'><strong>communionem,</strong></span> <span class='ocrx_word' id='word_1_208' title='bbox 2017 2934 2179 2990; x_wconf 87' lang='lat' dir='ltr'><strong>quam</strong></span> 
     </span>
    </p>
   </div>
   <div class='ocr_carea' id='block_1_32' title="bbox 624 3007 2180 3081">
    <p class='ocr_par' dir='ltr' id='par_1_32' title="bbox 624 3007 2180 3081">
     <span class='ocr_line' id='line_1_32' title="bbox 624 3007 2180 3081; baseline 0 -17"><span class='ocrx_word' id='word_1_209' title='bbox 624 3025 819 3065; x_wconf 85' lang='lat' dir='ltr'><strong>cervus</strong></span> <span class='ocrx_word' id='word_1_210' title='bbox 865 3009 1042 3065; x_wconf 88' lang='lat' dir='ltr'><strong>fontes</strong></span> <span class='ocrx_word' id='word_1_211' title='bbox 1078 3024 1345 3080; x_wconf 90' lang='lat' dir='ltr'><strong>aquarum</strong></span> <span class='ocrx_word' id='word_1_212' title='bbox 1379 3009 1753 3079; x_wconf 89' lang='lat' dir='ltr'><strong>concupiscat.</strong></span> <span class='ocrx_word' id='word_1_213' title='bbox 1789 3007 2020 3064; x_wconf 88' lang='lat' dir='ltr'><strong>Tantum</strong></span> <span class='ocrx_word' id='word_1_214' title='bbox 2055 3026 2180 3081; x_wconf 80' lang='lat' dir='ltr'><strong>por-</strong></span> 
     </span>
    </p>
   </div>
   <div class='ocr_carea' id='block_1_33' title="bbox 623 3099 2178 3171">
    <p class='ocr_par' dir='ltr' id='par_1_33' title="bbox 623 3099 2178 3171">
     <span class='ocr_line' id='line_1_33' title="bbox 623 3099 2178 3171; baseline -0.002 -15"><span class='ocrx_word' id='word_1_215' title='bbox 623 3117 688 3157; x_wconf 88' lang='lat' dir='ltr'><strong>ro</strong></span> <span class='ocrx_word' id='word_1_216' title='bbox 720 3101 829 3165; x_wconf 91' lang='lat' dir='ltr'><strong>ille,</strong></span> <span class='ocrx_word' id='word_1_217' title='bbox 868 3101 962 3171; x_wconf 89' lang='lat' dir='ltr'><strong>qui</strong></span> <span class='ocrx_word' id='word_1_218' title='bbox 994 3101 1048 3155; x_wconf 92' lang='lat' dir='ltr'><strong>in</strong></span> <span class='ocrx_word' id='word_1_219' title='bbox 1080 3099 1279 3155; x_wconf 87' lang='lat' dir='ltr'><strong>fontem</strong></span> <span class='ocrx_word' id='word_1_220' title='bbox 1311 3099 1503 3155; x_wconf 88' lang='lat' dir='ltr'><strong>incidit</strong></span> <span class='ocrx_word' id='word_1_221' title='bbox 1537 3110 1658 3170; x_wconf 89' lang='lat' dir='ltr'><strong>post</strong></span> <span class='ocrx_word' id='word_1_222' title='bbox 1693 3100 1970 3155; x_wconf 86' lang='lat' dir='ltr'><strong>ardentem</strong></span> <span class='ocrx_word' id='word_1_223' title='bbox 2011 3102 2178 3162; x_wconf 89' lang='lat' dir='ltr'><strong>sitim,</strong></span> 
     </span>
    </p>
   </div>
   <div class='ocr_carea' id='block_1_34' title="bbox 625 3192 2250 3283">
    <p class='ocr_par' dir='ltr' id='par_1_34' title="bbox 625 3192 2250 3283">
     <span class='ocr_line' id='line_1_34' title="bbox 625 3192 2250 3283; baseline -0.001 -37"><span class='ocrx_word' id='word_1_224' title='bbox 625 3207 780 3264; x_wconf 55' lang='lat' dir='ltr'><strong>aqua;</strong></span> <span class='ocrx_word' id='word_1_225' title='bbox 806 3192 1006 3257; x_wconf 90' lang='lat' dir='ltr'><strong>haurit,</strong></span> <span class='ocrx_word' id='word_1_226' title='bbox 1034 3201 1294 3262; x_wconf 88' lang='lat' dir='ltr'><strong>quantum</strong></span> <span class='ocrx_word' id='word_1_227' title='bbox 1319 3192 1591 3262; x_wconf 88' lang='lat' dir='ltr'><strong>cupiditas</strong></span> <span class='ocrx_word' id='word_1_228' title='bbox 1621 3196 1764 3262; x_wconf 89' lang='lat' dir='ltr'><strong>potis</strong></span> <span class='ocrx_word' id='word_1_229' title='bbox 1783 3201 1867 3247; x_wconf 90' lang='lat' dir='ltr'><strong>est</strong></span> <span class='ocrx_word' id='word_1_230' title='bbox 1888 3193 2178 3246; x_wconf 89' lang='lat' dir='ltr'><strong>attrahere.</strong></span> <span class='ocrx_word' id='word_1_231' title='bbox 2209 3225 2250 3283; x_wconf 64' lang='grc' dir='ltr'>Ο</span> 
     </span>
    </p>
   </div>
   <div class='ocr_carea' id='block_1_35' title="bbox 626 3282 2183 3354">
    <p class='ocr_par' dir='ltr' id='par_1_35' title="bbox 626 3282 2183 3354">
     <span class='ocr_line' id='line_1_35' title="bbox 626 3282 2183 3354; baseline -0.001 -16"><span class='ocrx_word' id='word_1_232' title='bbox 626 3283 732 3351; x_wconf 83' lang='lat' dir='ltr'><strong>Qui</strong></span> <span class='ocrx_word' id='word_1_233' title='bbox 757 3297 885 3339; x_wconf 79' lang='lat' dir='ltr'><strong>vero</strong></span> <span class='ocrx_word' id='word_1_234' title='bbox 928 3282 1071 3338; x_wconf 89' lang='lat' dir='ltr'><strong>intra</strong></span> <span class='ocrx_word' id='word_1_235' title='bbox 1101 3298 1160 3338; x_wconf 92' lang='lat' dir='ltr'><strong>se</strong></span> <span class='ocrx_word' id='word_1_236' title='bbox 1196 3283 1388 3354; x_wconf 81' lang='lat' dir='ltr'><strong>recipit</strong></span> <span class='ocrx_word' id='word_1_237' title='bbox 1428 3282 1559 3338; x_wconf 91' lang='lat' dir='ltr'><strong>illud</strong></span> <span class='ocrx_word' id='word_1_238' title='bbox 1595 3282 1740 3353; x_wconf 92' lang='lat' dir='ltr'><strong>quod</strong></span> <span class='ocrx_word' id='word_1_239' title='bbox 1771 3283 2100 3352; x_wconf 84' lang='lat' dir='ltr'><strong>concupivit,</strong></span> <span class='ocrx_word' id='word_1_240' title='bbox 2135 3282 2183 3337; x_wconf 93' lang='lat' dir='ltr'><strong>is</strong></span> 
     </span>
    </p>
   </div>
   <div class='ocr_carea' id='block_1_36' title="bbox 625 3371 2186 3445">
    <p class='ocr_par' dir='ltr' id='par_1_36' title="bbox 625 3371 2186 3445">
     <span class='ocr_line' id='line_1_36' title="bbox 625 3371 2186 3445; baseline 0 -17"><span class='ocrx_word' id='word_1_241' title='bbox 625 3375 819 3445; x_wconf 85' lang='lat' dir='ltr'><strong>plenus</strong></span> <span class='ocrx_word' id='word_1_242' title='bbox 845 3381 927 3428; x_wconf 89' lang='lat' dir='ltr'><strong>est</strong></span> <span class='ocrx_word' id='word_1_243' title='bbox 954 3374 1075 3443; x_wconf 90' lang='lat' dir='ltr'><strong>ejus</strong></span> <span class='ocrx_word' id='word_1_244' title='bbox 1118 3375 1262 3445; x_wconf 89' lang='lat' dir='ltr'><strong>quod</strong></span> <span class='ocrx_word' id='word_1_245' title='bbox 1293 3375 1512 3444; x_wconf 87' lang='lat' dir='ltr'><strong>appetiit</strong></span> <span class='ocrx_word' id='word_1_246' title='bbox 1551 3389 1568 3428; x_wconf 90' lang='lat'><strong>:</strong></span> <span class='ocrx_word' id='word_1_247' title='bbox 1609 3389 1716 3427; x_wconf 91' lang='lat' dir='ltr'><strong>non</strong></span> <span class='ocrx_word' id='word_1_248' title='bbox 1750 3375 1894 3428; x_wconf 89' lang='lat' dir='ltr'><strong>enim</strong></span> <span class='ocrx_word' id='word_1_249' title='bbox 1934 3389 1998 3429; x_wconf 91' lang='lat' dir='ltr'><strong>eo</strong></span> <span class='ocrx_word' id='word_1_250' title='bbox 2027 3371 2186 3428; x_wconf 90' lang='lat' dir='ltr'><strong>modo</strong></span> 
     </span>
    </p>
   </div>
   <div class='ocr_carea' id='block_1_37' title="bbox 627 3464 2186 3536">
    <p class='ocr_par' dir='ltr' id='par_1_37' title="bbox 627 3464 2186 3536">
     <span class='ocr_line' id='line_1_37' title="bbox 627 3464 2186 3536; baseline 0.001 -18"><span class='ocrx_word' id='word_1_251' title='bbox 627 3481 736 3536; x_wconf 88' lang='lat' dir='ltr'><strong>quo</strong></span> <span class='ocrx_word' id='word_1_252' title='bbox 787 3465 839 3517; x_wconf 90' lang='lat' dir='ltr'><strong>in</strong></span> <span class='ocrx_word' id='word_1_253' title='bbox 875 3479 1162 3532; x_wconf 90' lang='lat' dir='ltr'><strong>corporum</strong></span> <span class='ocrx_word' id='word_1_254' title='bbox 1204 3466 1521 3535; x_wconf 89' lang='lat' dir='ltr'><strong>repletione,</strong></span> <span class='ocrx_word' id='word_1_255' title='bbox 1560 3465 1872 3519; x_wconf 80' lang='lat' dir='ltr'><strong>exinanitur</strong></span> <span class='ocrx_word' id='word_1_256' title='bbox 1905 3464 2083 3520; x_wconf 90' lang='lat' dir='ltr'><strong>denuo</strong></span> <span class='ocrx_word' id='word_1_257' title='bbox 2132 3465 2186 3519; x_wconf 89' lang='lat' dir='ltr'><strong>id</strong></span> 
     </span>
    </p>
   </div>
   <div class='ocr_carea' id='block_1_38' title="bbox 627 3553 2186 3625">
    <p class='ocr_par' dir='ltr' id='par_1_38' title="bbox 627 3553 2186 3625">
     <span class='ocr_line' id='line_1_38' title="bbox 627 3553 2186 3625; baseline 0.001 -15"><span class='ocrx_word' id='word_1_258' title='bbox 627 3555 771 3625; x_wconf 90' lang='lat' dir='ltr'><strong>quod</strong></span> <span class='ocrx_word' id='word_1_259' title='bbox 804 3555 969 3609; x_wconf 90' lang='lat' dir='ltr'><strong>semel</strong></span> <span class='ocrx_word' id='word_1_260' title='bbox 1011 3555 1280 3624; x_wconf 89' lang='lat' dir='ltr'><strong>repletum</strong></span> <span class='ocrx_word' id='word_1_261' title='bbox 1312 3553 1520 3619; x_wconf 81' lang='lat' dir='ltr'><strong>fuerat,</strong></span> <span class='ocrx_word' id='word_1_262' title='bbox 1554 3570 1726 3624; x_wconf 86' lang='lat' dir='ltr'><strong>neque</strong></span> <span class='ocrx_word' id='word_1_263' title='bbox 1768 3556 1976 3610; x_wconf 90' lang='lat' dir='ltr'><strong>otiosus</strong></span> <span class='ocrx_word' id='word_1_264' title='bbox 2010 3555 2061 3609; x_wconf 93' lang='lat' dir='ltr'><strong>in</strong></span> <span class='ocrx_word' id='word_1_265' title='bbox 2098 3571 2186 3611; x_wconf 88' lang='lat' dir='ltr'><strong>se-</strong></span> 
     </span>
    </p>
   </div>
   <div class='ocr_carea' id='block_1_39' title="bbox 630 3643 2187 3718">
    <p class='ocr_par' dir='ltr' id='par_1_39' title="bbox 630 3643 2187 3718">
     <span class='ocr_line' id='line_1_39' title="bbox 630 3643 2187 3718; baseline 0 -18"><span class='ocrx_word' id='word_1_266' title='bbox 630 3646 750 3715; x_wconf 87' lang='lat' dir='ltr'><strong>ipso</strong></span> <span class='ocrx_word' id='word_1_267' title='bbox 782 3656 942 3716; x_wconf 89' lang='lat' dir='ltr'><strong>potus</strong></span> <span class='ocrx_word' id='word_1_268' title='bbox 973 3643 1062 3699; x_wconf 83' lang='lat' dir='ltr'><strong>ille</strong></span> <span class='ocrx_word' id='word_1_269' title='bbox 1110 3657 1323 3709; x_wconf 83' lang='lat' dir='ltr'><strong>manet;</strong></span> <span class='ocrx_word' id='word_1_270' title='bbox 1365 3646 1456 3699; x_wconf 89' lang='lat' dir='ltr'><strong>sed</strong></span> <span class='ocrx_word' id='word_1_271' title='bbox 1506 3647 1724 3702; x_wconf 79' lang='lat' dir='ltr'><strong>divinus</strong></span> <span class='ocrx_word' id='word_1_272' title='bbox 1774 3647 1917 3706; x_wconf 86' lang='lat' dir='ltr'><strong>fons.</strong></span> <span class='ocrx_word' id='word_1_273' title='bbox 1960 3647 2015 3701; x_wconf 90' lang='lat' dir='ltr'><strong>in</strong></span> <span class='ocrx_word' id='word_1_274' title='bbox 2058 3663 2187 3718; x_wconf 70' lang='lat' dir='ltr'><strong>quo~</strong></span> 
     </span>
    </p>
   </div>
   <div class='ocr_carea' id='block_1_40' title="bbox 629 3737 2190 3808">
    <p class='ocr_par' dir='ltr' id='par_1_40' title="bbox 629 3737 2190 3808">
     <span class='ocr_line' id='line_1_40' title="bbox 629 3737 2190 3808; baseline -0.001 -14"><span class='ocrx_word' id='word_1_275' title='bbox 629 3753 840 3808; x_wconf 83' lang='lat' dir='ltr'><strong>cunque</strong></span> <span class='ocrx_word' id='word_1_276' title='bbox 866 3737 1151 3800; x_wconf 76' lang='lat' dir='ltr'><strong>exstiterit,</strong></span> <span class='ocrx_word' id='word_1_277' title='bbox 1208 3737 1274 3790; x_wconf 89' lang='lat' dir='ltr'><strong>ad</strong></span> <span class='ocrx_word' id='word_1_278' title='bbox 1314 3751 1434 3790; x_wconf 87' lang='lat' dir='ltr'><strong>sese</strong></span> <span class='ocrx_word' id='word_1_279' title='bbox 1478 3738 1618 3806; x_wconf 89' lang='lat' dir='ltr'><strong>rapit</strong></span> <span class='ocrx_word' id='word_1_280' title='bbox 1661 3753 1782 3792; x_wconf 91' lang='lat' dir='ltr'><strong>eum</strong></span> <span class='ocrx_word' id='word_1_281' title='bbox 1813 3739 1903 3808; x_wconf 86' lang='lat' dir='ltr'><strong>qui</strong></span> <span class='ocrx_word' id='word_1_282' title='bbox 1948 3753 2190 3793; x_wconf 80' lang='lat' dir='ltr'><strong>accesse-</strong></span> 
     </span>
    </p>
   </div>
   <div class='ocr_carea' id='block_1_41' title="bbox 631 3829 2044 3901">
    <p class='ocr_par' dir='ltr' id='par_1_41' title="bbox 631 3829 2044 3901">
     <span class='ocr_line' id='line_1_41' title="bbox 631 3829 2044 3901; baseline 0 -18"><span class='ocrx_word' id='word_1_283' title='bbox 631 3830 719 3895; x_wconf 86' lang='lat' dir='ltr'><strong>rit,</strong></span> <span class='ocrx_word' id='word_1_284' title='bbox 752 3831 923 3899; x_wconf 82' lang='lat' dir='ltr'><strong>deque</strong></span> <span class='ocrx_word' id='word_1_285' title='bbox 953 3843 1050 3884; x_wconf 89' lang='lat' dir='ltr'><strong>sua</strong></span> <span class='ocrx_word' id='word_1_286' title='bbox 1082 3829 1129 3881; x_wconf 90' lang='lat' dir='ltr'><strong>vi</strong></span> <span class='ocrx_word' id='word_1_287' title='bbox 1161 3836 1213 3884; x_wconf 89' lang='lat' dir='ltr'><strong>ct</strong></span> <span class='ocrx_word' id='word_1_288' title='bbox 1245 3829 1503 3884; x_wconf 83' lang='lat' dir='ltr'><strong>facultate</strong></span> <span class='ocrx_word' id='word_1_289' title='bbox 1535 3829 1737 3900; x_wconf 89' lang='lat' dir='ltr'><strong>aliquid</strong></span> <span class='ocrx_word' id='word_1_290' title='bbox 1769 3829 2044 3901; x_wconf 77' lang='lat' dir='ltr'><strong>elargitur.</strong></span> 
     </span>
    </p>
   </div>
   <div class='ocr_carea' id='block_1_42' title="bbox 1235 3955 1591 4012">
    <p class='ocr_par' dir='ltr' id='par_1_42' title="bbox 1235 3955 1591 4012">
     <span class='ocr_line' id='line_1_42' title="bbox 1235 3955 1591 4012; baseline 0.006 -3"><span class='ocrx_word' id='word_1_291' title='bbox 1235 3955 1463 4010; x_wconf 83' lang='lat' dir='ltr'><strong>CAPUT</strong></span> <span class='ocrx_word' id='word_1_292' title='bbox 1503 3957 1591 4012; x_wconf 79' lang='lat' dir='ltr'><strong>Vl.</strong></span> 
     </span>
    </p>
   </div>
   <div class='ocr_carea' id='block_1_43' title="bbox 702 4109 2184 4188">
    <p class='ocr_par' dir='ltr' id='par_1_43' title="bbox 702 4109 2184 4188">
     <span class='ocr_line' id='line_1_43' title="bbox 702 4109 2184 4188; baseline 0.004 -22"><span class='ocrx_word' id='word_1_293' title='bbox 702 4109 966 4166; x_wconf 66' lang='lat' dir='ltr'><strong>Caeterum</strong></span> <span class='ocrx_word' id='word_1_294' title='bbox 994 4112 1214 4182; x_wconf 89' lang='lat' dir='ltr'><strong>propria</strong></span> <span class='ocrx_word' id='word_1_295' title='bbox 1257 4121 1337 4167; x_wconf 90' lang='lat' dir='ltr'><strong>est</strong></span> <span class='ocrx_word' id='word_1_296' title='bbox 1362 4110 1674 4171; x_wconf 86' lang='lat' dir='ltr'><strong>Divinitatis</strong></span> <span class='ocrx_word' id='word_1_297' title='bbox 1703 4132 1786 4172; x_wconf 77' lang='lat' dir='ltr'><strong>ws</strong></span> <span class='ocrx_word' id='word_1_298' title='bbox 1820 4117 2184 4188; x_wconf 85' lang='lat' dir='ltr'><strong>perspiciendi</strong></span> 
     </span>
    </p>
   </div>
   <div class='ocr_carea' id='block_1_44' title="bbox 629 4197 2184 4276">
    <p class='ocr_par' dir='ltr' id='par_1_44' title="bbox 629 4197 2184 4276">
     <span class='ocr_line' id='line_1_44' title="bbox 629 4197 2184 4276; baseline 0.005 -24"><span class='ocrx_word' id='word_1_299' title='bbox 629 4208 684 4252; x_wconf 86' lang='lat' dir='ltr'><strong>et</strong></span> <span class='ocrx_word' id='word_1_300' title='bbox 708 4197 969 4254; x_wconf 77' lang='lat' dir='ltr'><strong>efﬁciendi</strong></span> <span class='ocrx_word' id='word_1_301' title='bbox 1009 4209 1205 4254; x_wconf 89' lang='lat' dir='ltr'><strong>cuncta</strong></span> <span class='ocrx_word' id='word_1_302' title='bbox 1246 4216 1429 4256; x_wconf 89' lang='lat' dir='ltr'><strong>rerum</strong></span> <span class='ocrx_word' id='word_1_303' title='bbox 1473 4218 1692 4273; x_wconf 80' lang='lat' dir='ltr'><strong>genera.</strong></span> <span class='ocrx_word' id='word_1_304' title='bbox 1731 4204 1871 4276; x_wconf 74' lang='lat' dir='ltr'><strong>Ergo</strong></span> <span class='ocrx_word' id='word_1_305' title='bbox 1915 4206 2006 4276; x_wconf 92' lang='lat' dir='ltr'><strong>qui</strong></span> <span class='ocrx_word' id='word_1_306' title='bbox 2043 4207 2184 4260; x_wconf 89' lang='lat' dir='ltr'><strong>intra</strong></span> 
     </span>
    </p>
   </div>
   <div class='ocr_carea' id='block_1_45' title="bbox 633 4288 2184 4358">
    <p class='ocr_par' dir='ltr' id='par_1_45' title="bbox 633 4288 2184 4358">
     <span class='ocr_line' id='line_1_45' title="bbox 633 4288 2184 4358; baseline 0.006 -16"><span class='ocrx_word' id='word_1_307' title='bbox 633 4302 693 4342; x_wconf 85' lang='lat' dir='ltr'><strong>se</strong></span> <span class='ocrx_word' id='word_1_308' title='bbox 741 4289 930 4358; x_wconf 88' lang='lat' dir='ltr'><strong>recipit</strong></span> <span class='ocrx_word' id='word_1_309' title='bbox 966 4288 1069 4342; x_wconf 92' lang='lat' dir='ltr'><strong>hoc</strong></span> <span class='ocrx_word' id='word_1_310' title='bbox 1116 4291 1260 4358; x_wconf 88' lang='lat' dir='ltr'><strong>quod</strong></span> <span class='ocrx_word' id='word_1_311' title='bbox 1311 4291 1680 4357; x_wconf 85' lang='lat' dir='ltr'><strong>desideravit,</strong></span> <span class='ocrx_word' id='word_1_312' title='bbox 1735 4295 1824 4350; x_wconf 93' lang='lat' dir='ltr'><strong>ille</strong></span> <span class='ocrx_word' id='word_1_313' title='bbox 1876 4297 2038 4350; x_wconf 90' lang='lat' dir='ltr'><strong>etiam</strong></span> <span class='ocrx_word' id='word_1_314' title='bbox 2085 4296 2184 4351; x_wconf 89' lang='lat' dir='ltr'><strong>hac</strong></span> 
     </span>
    </p>
   </div>
   <div class='ocr_carea' id='block_1_46' title="bbox 633 4375 2182 4455">
    <p class='ocr_par' dir='ltr' id='par_1_46' title="bbox 633 4375 2182 4455">
     <span class='ocr_line' id='line_1_46' title="bbox 633 4375 2182 4455; baseline 0.008 -28"><span class='ocrx_word' id='word_1_315' title='bbox 633 4375 999 4445; x_wconf 86' lang='lat' dir='ltr'><strong>perspiciendi</strong></span> <span class='ocrx_word' id='word_1_316' title='bbox 1039 4376 1294 4434; x_wconf 83' lang='lat' dir='ltr'><strong>facultate</strong></span> <span class='ocrx_word' id='word_1_317' title='bbox 1322 4381 1580 4446; x_wconf 91' lang='lat' dir='ltr'><strong>donatur,</strong></span> <span class='ocrx_word' id='word_1_318' title='bbox 1609 4399 1901 4455; x_wconf 89' lang='lat' dir='ltr'><strong>rerumque</strong></span> <span class='ocrx_word' id='word_1_319' title='bbox 1932 4394 2182 4440; x_wconf 86' lang='lat' dir='ltr'><strong>naturam</strong></span> 
     </span>
    </p>
   </div>
   <div class='ocr_carea' id='block_1_47' title="bbox 631 4469 2184 4540">
    <p class='ocr_par' dir='ltr' id='par_1_47' title="bbox 631 4469 2184 4540">
     <span class='ocr_line' id='line_1_47' title="bbox 631 4469 2184 4540; baseline 0.007 -19"><span class='ocrx_word' id='word_1_320' title='bbox 631 4470 1048 4538; x_wconf 84' lang='lat' dir='ltr'><strong>contemplatur.</strong></span> <span class='ocrx_word' id='word_1_321' title='bbox 1081 4469 1369 4540; x_wconf 86' lang='lat' dir='ltr'><strong>Propterea</strong></span> <span class='ocrx_word' id='word_1_322' title='bbox 1393 4474 1605 4528; x_wconf 89' lang='lat' dir='ltr'><strong>tertiam</strong></span> <span class='ocrx_word' id='word_1_323' title='bbox 1630 4474 1966 4531; x_wconf 88' lang='lat' dir='ltr'><strong>Psalmorum</strong></span> <span class='ocrx_word' id='word_1_324' title='bbox 1993 4479 2184 4532; x_wconf 84' lang='lat' dir='ltr'><strong>sectio-</strong></span> 
     </span>
    </p>
   </div>
   <div class='ocr_carea' id='block_1_48' title="bbox 2285 611 3787 682">
    <p class='ocr_par' dir='ltr' id='par_1_48' title="bbox 2285 611 3787 682">
     <span class='ocr_line' id='line_1_48' title="bbox 2285 611 3787 682; baseline 0.028 -43"><span class='ocrx_word' id='word_1_325' title='bbox 2285 611 2496 682; x_wconf 60' lang='grc' dir='ltr'><strong>πρώτη,</strong></span> <span class='ocrx_word' id='word_1_326' title='bbox 2522 611 2656 680; x_wconf 73' lang='grc' dir='ltr'>πρὸς</span> <span class='ocrx_word' id='word_1_327' title='bbox 2679 611 2738 663; x_wconf 84' lang='grc' dir='ltr'><strong>τδ</strong></span> <span class='ocrx_word' id='word_1_328' title='bbox 2765 611 2964 678; x_wconf 81' lang='grc' dir='ltr'>ἀγαθὸν</span> <span class='ocrx_word' id='word_1_329' title='bbox 2991 611 3209 674; x_wconf 75' lang='grc' dir='ltr'>εἴσοδος,</span> <span class='ocrx_word' id='word_1_330' title='bbox 3229 612 3266 682; x_wconf 79' lang='grc' dir='ltr'>ἦ</span> <span class='ocrx_word' id='word_1_331' title='bbox 3299 614 3401 667; x_wconf 85' lang='grc' dir='ltr'>τῶν</span> <span class='ocrx_word' id='word_1_332' title='bbox 3421 616 3652 672; x_wconf 74' lang='grc' dir='ltr'><strong>ἐναντίων</strong></span> <span class='ocrx_word' id='word_1_333' title='bbox 3668 623 3787 682; x_wconf 74' lang='grc' dir='ltr'>ἐστὶν</span> 
     </span>
    </p>
   </div>
   <div class='ocr_carea' id='block_1_49' title="bbox 2284 696 3694 773">
    <p class='ocr_par' dir='ltr' id='par_1_49' title="bbox 2284 696 3694 773">
     <span class='ocr_line' id='line_1_49' title="bbox 2284 696 3694 773; baseline 0.006 -19"><span class='ocrx_word' id='word_1_334' title='bbox 2284 702 2600 763; x_wconf 82' lang='grc' dir='ltr'><strong>ἀπόστασις,</strong></span> <span class='ocrx_word' id='word_1_335' title='bbox 2625 700 2691 752; x_wconf 80' lang='grc' dir='ltr'>δι’</span> <span class='ocrx_word' id='word_1_336' title='bbox 2718 696 2786 771; x_wconf 79' lang='grc' dir='ltr'>ἧς</span> <span class='ocrx_word' id='word_1_337' title='bbox 2815 700 3020 767; x_wconf 83' lang='grc' dir='ltr'>γίνεται</span> <span class='ocrx_word' id='word_1_338' title='bbox 3043 701 3075 770; x_wconf 84' lang='grc' dir='ltr'>ὴ</span> <span class='ocrx_word' id='word_1_339' title='bbox 3109 701 3302 771; x_wconf 78' lang='grc' dir='ltr'>μετοχὴ</span> <span class='ocrx_word' id='word_1_340' title='bbox 3322 703 3410 756; x_wconf 84' lang='grc' dir='ltr'>τοῦ</span> <span class='ocrx_word' id='word_1_341' title='bbox 3437 704 3694 773; x_wconf 85' lang='grc' dir='ltr'>βελτιόνος.</span> 
     </span>
    </p>
   </div>
   <div class='ocr_carea' id='block_1_50' title="bbox 2366 837 3788 913">
    <p class='ocr_par' dir='ltr' id='par_1_50' title="bbox 2366 837 3788 913">
     <span class='ocr_line' id='line_1_50' title="bbox 2366 837 3788 913; baseline 0.008 -58"><span class='ocrx_word' id='word_1_342' title='bbox 2366 837 2426 892; x_wconf 81' lang='lat'><strong>.0</strong></span> <span class='ocrx_word' id='word_1_343' title='bbox 2475 837 2530 890; x_wconf 84' lang='grc' dir='ltr'>δὲ</span> <span class='ocrx_word' id='word_1_344' title='bbox 2563 837 2892 906; x_wconf 80' lang='grc' dir='ltr'><strong>γευσάμενος</strong></span> <span class='ocrx_word' id='word_1_345' title='bbox 2947 837 3047 907; x_wconf 75' lang='grc' dir='ltr'>ήδη</span> <span class='ocrx_word' id='word_1_346' title='bbox 3106 837 3203 905; x_wconf 82' lang='grc' dir='ltr'>τῆς</span> <span class='ocrx_word' id='word_1_347' title='bbox 3244 837 3454 909; x_wconf 55' lang='grc' dir='ltr'><strong>ἀρετ-ἦςν</strong></span> <span class='ocrx_word' id='word_1_348' title='bbox 3491 840 3577 892; x_wconf 53' lang='grc' dir='ltr'><strong>καὶ</strong></span> <span class='ocrx_word' id='word_1_349' title='bbox 3599 845 3658 913; x_wconf 68' lang='grc' dir='ltr'><strong>τῇ</strong></span> <span class='ocrx_word' id='word_1_350' title='bbox 3687 846 3788 898; x_wconf 56' lang='grc' dir='ltr'>καθ.</span> 
     </span>
    </p>
   </div>
   <div class='ocr_carea' id='block_1_51' title="bbox 2283 925 3789 1002">
    <p class='ocr_par' dir='ltr' id='par_1_51' title="bbox 2283 925 3789 1002">
     <span class='ocr_line' id='line_1_51' title="bbox 2283 925 3789 1002; baseline 0.003 -21"><span class='ocrx_word' id='word_1_351' title='bbox 2283 928 2472 981; x_wconf 76' lang='grc' dir='ltr'>ἐαυτὸν</span> <span class='ocrx_word' id='word_1_352' title='bbox 2515 927 2679 997; x_wconf 66' lang='grc' dir='ltr'>πείρᾳ.</span> <span class='ocrx_word' id='word_1_353' title='bbox 2727 926 2820 979; x_wconf 80' lang='grc' dir='ltr'>τοῦ</span> <span class='ocrx_word' id='word_1_354' title='bbox 2862 925 3065 995; x_wconf 78' lang='grc' dir='ltr'><strong>ἀγαθοῦ</strong></span> <span class='ocrx_word' id='word_1_355' title='bbox 3123 927 3220 996; x_wconf 85' lang='grc' dir='ltr'><strong>τὴν</strong></span> <span class='ocrx_word' id='word_1_356' title='bbox 3266 927 3422 996; x_wconf 85' lang='grc' dir='ltr'>φύσιν</span> <span class='ocrx_word' id='word_1_357' title='bbox 3477 933 3789 1002; x_wconf 71' lang='grc' dir='ltr'>κατανοήσας,</span> 
     </span>
    </p>
   </div>
   <div class='ocr_carea' id='block_1_52' title="bbox 2283 1006 3789 1090">
    <p class='ocr_par' dir='ltr' id='par_1_52' title="bbox 2283 1006 3789 1090">
     <span class='ocr_line' id='line_1_52' title="bbox 2283 1006 3789 1090; baseline 0 -15"><span class='ocrx_word' id='word_1_358' title='bbox 2283 1021 2464 1075; x_wconf 76' lang='grc' dir='ltr'>οὐκέτι</span> <span class='ocrx_word' id='word_1_359' title='bbox 2493 1006 2730 1082; x_wconf 75' lang='grc' dir='ltr'>τοιοῦτός</span> <span class='ocrx_word' id='word_1_360' title='bbox 2765 1020 2912 1070; x_wconf 84' lang='grc' dir='ltr'>ἐστιν</span> <span class='ocrx_word' id='word_1_361' title='bbox 2936 1057 2951 1082; x_wconf 91' lang='grc'><strong>,</strong></span> <span class='ocrx_word' id='word_1_362' title='bbox 2997 1009 3072 1080; x_wconf 82' lang='grc' dir='ltr'>ὠς</span> <span class='ocrx_word' id='word_1_363' title='bbox 3107 1015 3316 1090; x_wconf 82' lang='grc' dir='ltr'>ἀνάγκῃ</span> <span class='ocrx_word' id='word_1_364' title='bbox 3357 1018 3458 1071; x_wconf 78' lang='grc' dir='ltr'>τινὶ</span> <span class='ocrx_word' id='word_1_365' title='bbox 3506 1021 3594 1072; x_wconf 67' lang='grc' dir='ltr'><strong>καὶ</strong></span> <span class='ocrx_word' id='word_1_366' title='bbox 3634 1024 3789 1076; x_wconf 66' lang='grc' dir='ltr'>νουθει</span> 
     </span>
    </p>
   </div>
   <div class='ocr_carea' id='block_1_53' title="bbox 2287 1101 3794 1182">
    <p class='ocr_par' dir='ltr' id='par_1_53' title="bbox 2287 1101 3794 1182">
     <span class='ocr_line' id='line_1_53' title="bbox 2287 1101 3794 1182; baseline 0 -18"><span class='ocrx_word' id='word_1_367' title='bbox 2287 1111 2379 1182; x_wconf 76' lang='grc' dir='ltr'><strong>σίᾳ</strong></span> <span class='ocrx_word' id='word_1_368' title='bbox 2429 1101 2526 1182; x_wconf 75' lang='grc' dir='ltr'>τῆς</span> <span class='ocrx_word' id='word_1_369' title='bbox 2582 1103 2719 1181; x_wconf 72' lang='grc' dir='ltr'>πρὸς</span> <span class='ocrx_word' id='word_1_370' title='bbox 2781 1110 2880 1179; x_wconf 79' lang='grc' dir='ltr'>τὴν</span> <span class='ocrx_word' id='word_1_371' title='bbox 2949 1109 3145 1162; x_wconf 78' lang='grc' dir='ltr'><strong>κακίαν</strong></span> <span class='ocrx_word' id='word_1_372' title='bbox 3195 1108 3550 1179; x_wconf 80' lang='grc' dir='ltr'>προσπαθείας</span> <span class='ocrx_word' id='word_1_373' title='bbox 3599 1113 3794 1181; x_wconf 83' lang='grc' dir='ltr'>ἀφέλκε-</span> 
     </span>
    </p>
   </div>
   <div class='ocr_carea' id='block_1_54' title="bbox 2285 1192 3793 1275">
    <p class='ocr_par' dir='ltr' id='par_1_54' title="bbox 2285 1192 3793 1275">
     <span class='ocr_line' id='line_1_54' title="bbox 2285 1192 3793 1275; baseline 0.001 -20"><span class='ocrx_word' id='word_1_374' title='bbox 2285 1203 2446 1264; x_wconf 87' lang='grc' dir='ltr'>σθαι,</span> <span class='ocrx_word' id='word_1_375' title='bbox 2481 1203 2576 1256; x_wconf 81' lang='grc' dir='ltr'>καὶ</span> <span class='ocrx_word' id='word_1_376' title='bbox 2613 1200 2750 1273; x_wconf 83' lang='grc' dir='ltr'>πρὸς</span> <span class='ocrx_word' id='word_1_377' title='bbox 2791 1200 2889 1268; x_wconf 80' lang='grc' dir='ltr'>τὴν</span> <span class='ocrx_word' id='word_1_378' title='bbox 2921 1192 3122 1270; x_wconf 75' lang='grc' dir='ltr'>ἀρετὴν</span> <span class='ocrx_word' id='word_1_379' title='bbox 3153 1198 3382 1268; x_wconf 80' lang='grc' dir='ltr'><strong>βλέπειν,</strong></span> <span class='ocrx_word' id='word_1_380' title='bbox 3416 1200 3524 1253; x_wconf 76' lang='grc' dir='ltr'>ἀλλ’</span> <span class='ocrx_word' id='word_1_381' title='bbox 3561 1202 3793 1275; x_wconf 77' lang='grc' dir='ltr'>ὑπερδιψᾷ</span> 
     </span>
    </p>
   </div>
   <div class='ocr_carea' id='block_1_55' title="bbox 2285 1279 3794 1366">
    <p class='ocr_par' dir='ltr' id='par_1_55' title="bbox 2285 1279 3794 1366">
     <span class='ocr_line' id='line_1_55' title="bbox 2285 1279 3794 1366; baseline 0.001 -23"><span class='ocrx_word' id='word_1_382' title='bbox 2285 1293 2380 1347; x_wconf 80' lang='grc' dir='ltr'>τοῦ</span> <span class='ocrx_word' id='word_1_383' title='bbox 2422 1293 2706 1363; x_wconf 75' lang='grc' dir='ltr'>βελτίονος.</span> <span class='ocrx_word' id='word_1_384' title='bbox 2748 1280 2822 1344; x_wconf 78' lang='grc' dir='ltr'><strong>Τὸ</strong></span> <span class='ocrx_word' id='word_1_385' title='bbox 2856 1279 2963 1360; x_wconf 84' lang='grc' dir='ltr'><strong>γὰρ</strong></span> <span class='ocrx_word' id='word_1_386' title='bbox 2992 1281 3215 1359; x_wconf 83' lang='grc' dir='ltr'>ἄσχετόν</span> <span class='ocrx_word' id='word_1_387' title='bbox 3265 1307 3323 1342; x_wconf 87' lang='grc' dir='ltr'><strong>τε</strong></span> <span class='ocrx_word' id='word_1_388' title='bbox 3364 1286 3455 1343; x_wconf 58' lang='grc' dir='ltr'><strong>καὶ⁵</strong></span> <span class='ocrx_word' id='word_1_389' title='bbox 3487 1292 3692 1362; x_wconf 73' lang='grc' dir='ltr'>σφοδρὸν</span> <span class='ocrx_word' id='word_1_390' title='bbox 3715 1295 3794 1366; x_wconf 77' lang='grc' dir='ltr'>τῆς</span> 
     </span>
    </p>
   </div>
   <div class='ocr_carea' id='block_1_56' title="bbox 2283 1369 3795 1451">
    <p class='ocr_par' dir='ltr' id='par_1_56' title="bbox 2283 1369 3795 1451">
     <span class='ocr_line' id='line_1_56' title="bbox 2283 1369 3795 1451; baseline -0.003 -15"><span class='ocrx_word' id='word_1_391' title='bbox 2283 1382 2576 1451; x_wconf 74' lang='grc' dir='ltr'><strong>ἐπιθυμίας</strong></span> <span class='ocrx_word' id='word_1_392' title='bbox 2620 1381 2685 1451; x_wconf 82' lang='grc' dir='ltr'>τῇ</span> <span class='ocrx_word' id='word_1_393' title='bbox 2719 1380 2840 1451; x_wconf 71' lang='grc' dir='ltr'>δίψῃ</span> <span class='ocrx_word' id='word_1_394' title='bbox 2871 1376 3213 1449; x_wconf 81' lang='grc' dir='ltr'><strong>προσεικάζει</strong></span> <span class='ocrx_word' id='word_1_395' title='bbox 3242 1369 3271 1428; x_wconf 79' lang='grc' dir='ltr'>ὁ</span> <span class='ocrx_word' id='word_1_396' title='bbox 3294 1375 3464 1443; x_wconf 82' lang='grc' dir='ltr'>λόγος,</span> <span class='ocrx_word' id='word_1_397' title='bbox 3503 1377 3795 1448; x_wconf 78' lang='grc' dir='ltr'><strong>ἐπιζητήσας</strong></span> 
     </span>
    </p>
   </div>
   <div class='ocr_carea' id='block_1_57' title="bbox 2280 1466 3798 1546">
    <p class='ocr_par' dir='ltr' id='par_1_57' title="bbox 2280 1466 3798 1546">
     <span class='ocr_line' id='line_1_57' title="bbox 2280 1466 3798 1546; baseline -0.006 -18"><span class='ocrx_word' id='word_1_398' title='bbox 2280 1475 2378 1546; x_wconf 83' lang='grc' dir='ltr'>τὴν</span> <span class='ocrx_word' id='word_1_399' title='bbox 2424 1474 2821 1544; x_wconf 74' lang='grc' dir='ltr'>διψωδεστάτην</span> <span class='ocrx_word' id='word_1_400' title='bbox 2856 1473 2913 1525; x_wconf 88' lang='grc' dir='ltr'><strong>ἐν</strong></span> <span class='ocrx_word' id='word_1_401' title='bbox 2945 1473 3054 1534; x_wconf 80' lang='grc' dir='ltr'>τοῖς</span> <span class='ocrx_word' id='word_1_402' title='bbox 3105 1468 3262 1534; x_wconf 78' lang='grc' dir='ltr'>ζώοις</span> <span class='ocrx_word' id='word_1_403' title='bbox 3302 1466 3486 1537; x_wconf 87' lang='grc' dir='ltr'>φύσιν,</span> <span class='ocrx_word' id='word_1_404' title='bbox 3527 1469 3597 1532; x_wconf 82' lang='grc' dir='ltr'>ὡς</span> <span class='ocrx_word' id='word_1_405' title='bbox 3627 1469 3685 1522; x_wconf 76' lang='grc' dir='ltr'><strong>ἂν</strong></span> <span class='ocrx_word' id='word_1_406' title='bbox 3715 1471 3798 1540; x_wconf 80' lang='grc' dir='ltr'><strong>μά-</strong></span> 
     </span>
    </p>
   </div>
   <div class='ocr_carea' id='block_1_58' title="bbox 2282 1559 3798 1633">
    <p class='ocr_par' dir='ltr' id='par_1_58' title="bbox 2282 1559 3798 1633">
     <span class='ocr_line' id='line_1_58' title="bbox 2282 1559 3798 1633; baseline -0.004 -15"><span class='ocrx_word' id='word_1_407' title='bbox 2282 1566 2441 1619; x_wconf 84' lang='grc' dir='ltr'>λιστα</span> <span class='ocrx_word' id='word_1_408' title='bbox 2471 1566 2531 1618; x_wconf 80' lang='grc' dir='ltr'><strong>τὸ</strong></span> <span class='ocrx_word' id='word_1_409' title='bbox 2561 1563 2943 1633; x_wconf 79' lang='grc' dir='ltr'>ἐπιτεταμένον</span> <span class='ocrx_word' id='word_1_410' title='bbox 2969 1562 3066 1632; x_wconf 78' lang='grc' dir='ltr'>τῆς</span> <span class='ocrx_word' id='word_1_411' title='bbox 3103 1560 3394 1630; x_wconf 77' lang='grc' dir='ltr'><strong>ἐπιθυμίας</strong></span> <span class='ocrx_word' id='word_1_412' title='bbox 3431 1559 3516 1612; x_wconf 81' lang='grc' dir='ltr'>διὰ</span> <span class='ocrx_word' id='word_1_413' title='bbox 3542 1560 3628 1612; x_wconf 84' lang='grc' dir='ltr'>τοῦ</span> <span class='ocrx_word' id='word_1_414' title='bbox 3659 1561 3798 1631; x_wconf 62' lang='grc' dir='ltr'>ὑπερέ</span> 
     </span>
    </p>
   </div>
   <div class='ocr_carea' id='block_1_59' title="bbox 2282 1645 3797 1722">
    <p class='ocr_par' dir='ltr' id='par_1_59' title="bbox 2282 1645 3797 1722">
     <span class='ocr_line' id='line_1_59' title="bbox 2282 1645 3797 1722; baseline 0 -20"><span class='ocrx_word' id='word_1_415' title='bbox 2282 1651 2579 1713; x_wconf 78' lang='grc' dir='ltr'>ϐαλλόντως</span> <span class='ocrx_word' id='word_1_416' title='bbox 2601 1651 2658 1702; x_wconf 81' lang='grc' dir='ltr'><strong>ἐν</strong></span> <span class='ocrx_word' id='word_1_417' title='bbox 2759 1649 2885 1722; x_wconf 68' lang='grc' dir='ltr'>δίψῃ</span> <span class='ocrx_word' id='word_1_418' title='bbox 2901 1648 3178 1718; x_wconf 77' lang='grc' dir='ltr'>γινομένου</span> <span class='ocrx_word' id='word_1_419' title='bbox 3197 1645 3334 1712; x_wconf 74' lang='grc' dir='ltr'>ζώου</span> <span class='ocrx_word' id='word_1_420' title='bbox 3361 1646 3466 1717; x_wconf 78' lang='lat'><strong>(65)</strong></span> <span class='ocrx_word' id='word_1_421' title='bbox 3490 1647 3797 1718; x_wconf 85' lang='grc' dir='ltr'>ἐπιδειχθείη.</span> 
     </span>
    </p>
   </div>
   <div class='ocr_carea' id='block_1_60' title="bbox 2281 1731 3796 1820">
    <p class='ocr_par' dir='ltr' id='par_1_60' title="bbox 2281 1731 3796 1820">
     <span class='ocr_line' id='line_1_60' title="bbox 2281 1731 3796 1820; baseline 0.007 -27"><span class='ocrx_word' id='word_1_422' title='bbox 2281 1739 2450 1793; x_wconf 81' lang='grc' dir='ltr'>Τοῦτο</span> <span class='ocrx_word' id='word_1_423' title='bbox 2474 1739 2607 1792; x_wconf 82' lang='grc' dir='ltr'>δὲτὸ</span> <span class='ocrx_word' id='word_1_424' title='bbox 2637 1739 2774 1804; x_wconf 77' lang='grc' dir='ltr'>ζῶον</span> <span class='ocrx_word' id='word_1_425' title='bbox 2797 1739 2987 1808; x_wconf 79' lang='grc' dir='ltr'>ἔλαφον</span> <span class='ocrx_word' id='word_1_426' title='bbox 3015 1739 3180 1807; x_wconf 80' lang='grc' dir='ltr'>λέγει,</span> <span class='ocrx_word' id='word_1_427' title='bbox 3202 1731 3246 1804; x_wconf 83' lang='grc' dir='ltr'>ᾧ</span> <span class='ocrx_word' id='word_1_428' title='bbox 3271 1737 3428 1806; x_wconf 81' lang='grc' dir='ltr'>φύσις</span> <span class='ocrx_word' id='word_1_429' title='bbox 3447 1737 3796 1820; x_wconf 37' lang='grc' dir='ltr'><strong>ὲσῖξῇἐηδίξδῇ</strong></span> 
     </span>
    </p>
   </div>
   <div class='ocr_carea' id='block_1_61' title="bbox 2281 1817 3798 1905">
    <p class='ocr_par' dir='ltr' id='par_1_61' title="bbox 2281 1817 3798 1905">
     <span class='ocr_line' id='line_1_61' title="bbox 2281 1817 3798 1905; baseline -0.004 -19"><span class='ocrx_word' id='word_1_430' title='bbox 2281 1821 2390 1886; x_wconf 75' lang='grc' dir='ltr'>τῶν</span> <span class='ocrx_word' id='word_1_431' title='bbox 2438 1822 2654 1904; x_wconf 74' lang='grc' dir='ltr'>ἰοϐόλων</span> <span class='ocrx_word' id='word_1_432' title='bbox 2689 1821 3482 1905; x_wconf 34' lang='grc' dir='ltr'>θηρίων,πιαίνεσθαιξῦερμόι</span> <span class='ocrx_word' id='word_1_433' title='bbox 3503 1817 3563 1881; x_wconf 69' lang='grc' dir='ltr'><strong>δέ</strong></span> <span class='ocrx_word' id='word_1_434' title='bbox 3595 1828 3681 1881; x_wconf 70' lang='grc' dir='ltr'><strong>καὶ</strong></span> <span class='ocrx_word' id='word_1_435' title='bbox 3701 1828 3798 1880; x_wconf 71' lang='grc' dir='ltr'>διαο</span> 
     </span>
    </p>
   </div>
   <div class='ocr_carea' id='block_1_62' title="bbox 2282 1905 3800 1992">
    <p class='ocr_par' dir='ltr' id='par_1_62' title="bbox 2282 1905 3800 1992">
     <span class='ocr_line' id='line_1_62' title="bbox 2282 1905 3800 1992; baseline -0.004 -18"><span class='ocrx_word' id='word_1_436' title='bbox 2282 1907 2518 1984; x_wconf 60' lang='grc' dir='ltr'>ἦεῗςόί</span> <span class='ocrx_word' id='word_1_437' title='bbox 2546 1921 2708 1992; x_wconf 73' lang='grc' dir='ltr'>χυμοὶ</span> <span class='ocrx_word' id='word_1_438' title='bbox 2730 1905 3083 1990; x_wconf 82' lang='grc' dir='ltr'>τῶνθηρίων,</span> <span class='ocrx_word' id='word_1_439' title='bbox 3108 1913 3184 1972; x_wconf 84' lang='grc' dir='ltr'>ὧν</span> <span class='ocrx_word' id='word_1_440' title='bbox 3203 1915 3523 1988; x_wconf 78' lang='grc' dir='ltr'>ἐμφαγοῦσα</span> <span class='ocrx_word' id='word_1_441' title='bbox 3556 1917 3587 1987; x_wconf 84' lang='grc' dir='ltr'>ή</span> <span class='ocrx_word' id='word_1_442' title='bbox 3615 1916 3800 1986; x_wconf 74' lang='grc' dir='ltr'>ἔλαφος,</span> 
     </span>
    </p>
   </div>
   <div class='ocr_carea' id='block_1_63' title="bbox 2282 2005 3801 2083">
    <p class='ocr_par' dir='ltr' id='par_1_63' title="bbox 2282 2005 3801 2083">
     <span class='ocr_line' id='line_1_63' title="bbox 2282 2005 3801 2083; baseline -0.01 -14"><span class='ocrx_word' id='word_1_443' title='bbox 2282 2005 2548 2083; x_wconf 77' lang='grc' dir='ltr'>ξηροτέρα</span> <span class='ocrx_word' id='word_1_444' title='bbox 2586 2007 2793 2081; x_wconf 80' lang='grc' dir='ltr'>γίνεται</span> <span class='ocrx_word' id='word_1_445' title='bbox 2841 2012 2961 2064; x_wconf 77' lang='grc' dir='ltr'>κατ’</span> <span class='ocrx_word' id='word_1_446' title='bbox 2995 2009 3236 2079; x_wconf 84' lang='grc' dir='ltr'>ἀνάγκην</span> <span class='ocrx_word' id='word_1_447' title='bbox 3277 2006 3702 2078; x_wconf 82' lang='grc' dir='ltr'>φαρμακευθεῖσα</span> <span class='ocrx_word' id='word_1_448' title='bbox 3736 2006 3801 2078; x_wconf 80' lang='grc' dir='ltr'>τῷ</span> 
     </span>
    </p>
   </div>
   <div class='ocr_carea' id='block_1_64' title="bbox 2281 2097 3802 2173">
    <p class='ocr_par' dir='ltr' id='par_1_64' title="bbox 2281 2097 3802 2173">
     <span class='ocr_line' id='line_1_64' title="bbox 2281 2097 3802 2173; baseline -0.003 -18"><span class='ocrx_word' id='word_1_449' title='bbox 2281 2102 2388 2155; x_wconf 84' lang='grc' dir='ltr'><strong>τῶν</strong></span> <span class='ocrx_word' id='word_1_450' title='bbox 2423 2102 2557 2173; x_wconf 79' lang='lat'><strong>(65‘)</strong></span> <span class='ocrx_word' id='word_1_451' title='bbox 2584 2101 2789 2172; x_wconf 70' lang='grc' dir='ltr'>’θηρίων</span> <span class='ocrx_word' id='word_1_452' title='bbox 2817 2100 2998 2172; x_wconf 85' lang='grc' dir='ltr'><strong>χυμῷ.</strong></span> <span class='ocrx_word' id='word_1_453' title='bbox 3049 2101 3158 2154; x_wconf 72' lang='grc' dir='ltr'>Καὶ</span> <span class='ocrx_word' id='word_1_454' title='bbox 3188 2100 3278 2152; x_wconf 78' lang='grc' dir='ltr'>διὰ</span> <span class='ocrx_word' id='word_1_455' title='bbox 3309 2098 3463 2152; x_wconf 76' lang='grc' dir='ltr'>τοῦτο</span> <span class='ocrx_word' id='word_1_456' title='bbox 3491 2097 3802 2169; x_wconf 75' lang='grc' dir='ltr'>σφοδρότερον</span> 
     </span>
    </p>
   </div>
   <div class='ocr_carea' id='block_1_65' title="bbox 2282 2186 3806 2263">
    <p class='ocr_par' dir='ltr' id='par_1_65' title="bbox 2282 2186 3806 2263">
     <span class='ocr_line' id='line_1_65' title="bbox 2282 2186 3806 2263; baseline -0.002 -17"><span class='ocrx_word' id='word_1_457' title='bbox 2282 2193 2540 2263; x_wconf 78' lang='grc' dir='ltr'>ἐπιθυμεῖ</span> <span class='ocrx_word' id='word_1_458' title='bbox 2562 2192 2655 2246; x_wconf 84' lang='grc' dir='ltr'>τοῦ</span> <span class='ocrx_word' id='word_1_459' title='bbox 2683 2192 2890 2255; x_wconf 80' lang='grc' dir='ltr'>ὓδατος,</span> <span class='ocrx_word' id='word_1_460' title='bbox 2912 2190 2998 2245; x_wconf 80' lang='grc' dir='ltr'>ἵνα</span> <span class='ocrx_word' id='word_1_461' title='bbox 3019 2186 3332 2262; x_wconf 74' lang='grc' dir='ltr'>θεραπεύσῃ</span> <span class='ocrx_word' id='word_1_462' title='bbox 3359 2189 3454 2260; x_wconf 82' lang='grc' dir='ltr'><strong>τὴν</strong></span> <span class='ocrx_word' id='word_1_463' title='bbox 3473 2192 3535 2243; x_wconf 83' lang='grc' dir='ltr'><strong>ἐκ</strong></span> <span class='ocrx_word' id='word_1_464' title='bbox 3552 2189 3642 2260; x_wconf 82' lang='grc' dir='ltr'>τῆς</span> <span class='ocrx_word' id='word_1_465' title='bbox 3659 2188 3806 2243; x_wconf 87' lang='grc' dir='ltr'>τοιαύ-</span> 
     </span>
    </p>
   </div>
   <div class='ocr_carea' id='block_1_66' title="bbox 2280 2280 3807 2354">
    <p class='ocr_par' dir='ltr' id='par_1_66' title="bbox 2280 2280 3807 2354">
     <span class='ocr_line' id='line_1_66' title="bbox 2280 2280 3807 2354; baseline -0.003 -18"><span class='ocrx_word' id='word_1_466' title='bbox 2280 2301 2380 2354; x_wconf 87' lang='grc' dir='ltr'><strong>της</strong></span> <span class='ocrx_word' id='word_1_467' title='bbox 2413 2284 2666 2354; x_wconf 72' lang='grc' dir='ltr'>βρὶῦσεως</span> <span class='ocrx_word' id='word_1_468' title='bbox 2697 2283 3048 2354; x_wconf 86' lang='grc' dir='ltr'>ἐγγινομένην</span> <span class='ocrx_word' id='word_1_469' title='bbox 3081 2283 3376 2354; x_wconf 75' lang='grc' dir='ltr'><strong>ξηρότητα.</strong></span> <span class='ocrx_word' id='word_1_470' title='bbox 3422 2280 3482 2334; x_wconf 86' lang='lat'><strong>&#39;0</strong></span> <span class='ocrx_word' id='word_1_471' title='bbox 3506 2281 3670 2335; x_wconf 79' lang='grc' dir='ltr'>τοίνυν</span> <span class='ocrx_word' id='word_1_472' title='bbox 3695 2287 3807 2352; x_wconf 55' lang='lat' dir='ltr'><strong>inpo—</strong></span> 
     </span>
    </p>
   </div>
   <div class='ocr_carea' id='block_1_67' title="bbox 2279 2364 3807 2447">
    <p class='ocr_par' dir='ltr' id='par_1_67' title="bbox 2279 2364 3807 2447">
     <span class='ocr_line' id='line_1_67' title="bbox 2279 2364 3807 2447; baseline -0.003 -20"><span class='ocrx_word' id='word_1_473' title='bbox 2279 2376 2549 2438; x_wconf 77' lang='grc' dir='ltr'>τελεσθεὶς</span> <span class='ocrx_word' id='word_1_474' title='bbox 2581 2375 2680 2447; x_wconf 86' lang='grc' dir='ltr'>τὴν</span> <span class='ocrx_word' id='word_1_475' title='bbox 2707 2377 2764 2427; x_wconf 87' lang='grc' dir='ltr'><strong>ἐν</strong></span> <span class='ocrx_word' id='word_1_476' title='bbox 2790 2364 2955 2446; x_wconf 73' lang='grc' dir='ltr'>ἀρετῇ</span> <span class='ocrx_word' id='word_1_477' title='bbox 2978 2374 3122 2443; x_wconf 79' lang='grc' dir='ltr'>ζωὴν</span> <span class='ocrx_word' id='word_1_478' title='bbox 3144 2376 3200 2427; x_wconf 88' lang='grc' dir='ltr'><strong>ἐν</strong></span> <span class='ocrx_word' id='word_1_479' title='bbox 3231 2372 3313 2443; x_wconf 82' lang='grc' dir='ltr'>τῷ</span> <span class='ocrx_word' id='word_1_480' title='bbox 3343 2370 3536 2443; x_wconf 79' lang='grc' dir='ltr'>πρώτῳ</span> <span class='ocrx_word' id='word_1_481' title='bbox 3563 2371 3701 2442; x_wconf 80' lang='grc' dir='ltr'>μέρει</span> <span class='ocrx_word' id='word_1_482' title='bbox 3726 2371 3807 2441; x_wconf 81' lang='grc' dir='ltr'><strong>τῆς</strong></span> 
     </span>
    </p>
   </div>
   <div class='ocr_carea' id='block_1_68' title="bbox 2279 2457 3808 2552">
    <p class='ocr_par' dir='ltr' id='par_1_68' title="bbox 2279 2457 3808 2552">
     <span class='ocr_line' id='line_1_68' title="bbox 2279 2457 3808 2552; baseline -0.004 -32"><span class='ocrx_word' id='word_1_483' title='bbox 2279 2467 2598 2536; x_wconf 75' lang='grc' dir='ltr'>ψαλμῳδίας</span> <span class='ocrx_word' id='word_1_484' title='bbox 2620 2507 2634 2529; x_wconf 92' lang='grc'><strong>,</strong></span> <span class='ocrx_word' id='word_1_485' title='bbox 2660 2467 2754 2520; x_wconf 77' lang='grc' dir='ltr'><strong>καὶ</strong></span> <span class='ocrx_word' id='word_1_486' title='bbox 2784 2465 2845 2519; x_wconf 79' lang='grc' dir='ltr'>τὸ</span> <span class='ocrx_word' id='word_1_487' title='bbox 2874 2457 3044 2534; x_wconf 78' lang='grc' dir='ltr'>γλυκὺ</span> <span class='ocrx_word' id='word_1_488' title='bbox 3074 2464 3167 2518; x_wconf 81' lang='grc' dir='ltr'>τοῦ</span> <span class='ocrx_word' id='word_1_489' title='bbox 3190 2463 3525 2534; x_wconf 85' lang='grc' dir='ltr'>ποθουμένου</span> <span class='ocrx_word' id='word_1_490' title='bbox 3534 2461 3808 2552; x_wconf 9' lang='grc' dir='ltr'>ΗΜΛ-γεύσει</span> 
     </span>
    </p>
   </div>
   <div class='ocr_carea' id='block_1_69' title="bbox 2281 2547 3809 2628">
    <p class='ocr_par' dir='ltr' id='par_1_69' title="bbox 2281 2547 3809 2628">
     <span class='ocr_line' id='line_1_69' title="bbox 2281 2547 3809 2628; baseline -0.003 -18"><span class='ocrx_word' id='word_1_491' title='bbox 2281 2558 2582 2628; x_wconf 81' lang='grc' dir='ltr'>γνωρίσας,</span> <span class='ocrx_word' id='word_1_492' title='bbox 2627 2559 2941 2628; x_wconf 83' lang='grc' dir='ltr'>δαπανήσας</span> <span class='ocrx_word' id='word_1_493' title='bbox 2971 2557 3027 2610; x_wconf 84' lang='grc' dir='ltr'><strong>δέ</strong></span> <span class='ocrx_word' id='word_1_494' title='bbox 3059 2559 3168 2611; x_wconf 79' lang='grc' dir='ltr'><strong>πᾶν</strong></span> <span class='ocrx_word' id='word_1_495' title='bbox 3194 2547 3809 2628; x_wconf 75' lang='grc' dir='ltr'>ἐρπυστικδνέπιθυμίας</span> 
     </span>
    </p>
   </div>
   <div class='ocr_carea' id='block_1_70' title="bbox 2281 2642 3809 2718">
    <p class='ocr_par' dir='ltr' id='par_1_70' title="bbox 2281 2642 3809 2718">
     <span class='ocr_line' id='line_1_70' title="bbox 2281 2642 3809 2718; baseline -0.004 -16"><span class='ocrx_word' id='word_1_496' title='bbox 2281 2644 2419 2713; x_wconf 76' lang='grc' dir='ltr'>εἶδος</span> <span class='ocrx_word' id='word_1_497' title='bbox 2459 2650 2517 2701; x_wconf 84' lang='grc' dir='ltr'><strong>ἐν</strong></span> <span class='ocrx_word' id='word_1_498' title='bbox 2550 2648 2728 2718; x_wconf 80' lang='grc' dir='ltr'>ἑαυτῷ</span> <span class='ocrx_word' id='word_1_499' title='bbox 2751 2688 2766 2709; x_wconf 87' lang='grc'><strong>,</strong></span> <span class='ocrx_word' id='word_1_500' title='bbox 2816 2649 2910 2701; x_wconf 72' lang='grc' dir='ltr'>καὶ</span> <span class='ocrx_word' id='word_1_501' title='bbox 2962 2651 3074 2711; x_wconf 84' lang='grc' dir='ltr'>τοῖς</span> <span class='ocrx_word' id='word_1_502' title='bbox 3116 2649 3214 2716; x_wconf 83' lang='grc' dir='ltr'>τῆς</span> <span class='ocrx_word' id='word_1_503' title='bbox 3271 2646 3619 2717; x_wconf 79' lang='grc' dir='ltr'>σωφροσύνης</span> <span class='ocrx_word' id='word_1_504' title='bbox 3653 2642 3809 2698; x_wconf 67' lang='grc' dir='ltr'>ἰδοῦσι</span> 
     </span>
    </p>
   </div>
   <div class='ocr_carea' id='block_1_71' title="bbox 2279 2733 3810 2809">
    <p class='ocr_par' dir='ltr' id='par_1_71' title="bbox 2279 2733 3810 2809">
     <span class='ocr_line' id='line_1_71' title="bbox 2279 2733 3810 2809; baseline -0.005 -15"><span class='ocrx_word' id='word_1_505' title='bbox 2279 2737 2555 2808; x_wconf 81' lang='grc' dir='ltr'>διαφαγὼν</span> <span class='ocrx_word' id='word_1_506' title='bbox 2585 2740 2704 2793; x_wconf 78' lang='grc' dir='ltr'>ἀντὶ</span> <span class='ocrx_word' id='word_1_507' title='bbox 2736 2738 2936 2809; x_wconf 83' lang='grc' dir='ltr'>θηρίων</span> <span class='ocrx_word' id='word_1_508' title='bbox 2985 2737 3050 2792; x_wconf 83' lang='grc' dir='ltr'>τὰ</span> <span class='ocrx_word' id='word_1_509' title='bbox 3093 2738 3238 2809; x_wconf 85' lang='grc' dir='ltr'>πάθη</span> <span class='ocrx_word' id='word_1_510' title='bbox 3263 2755 3278 2771; x_wconf 82' lang='lat'><strong><em>°</em></strong></span> <span class='ocrx_word' id='word_1_511' title='bbox 3307 2738 3437 2809; x_wconf 79' lang='grc' dir='ltr'>διψᾷ</span> <span class='ocrx_word' id='word_1_512' title='bbox 3462 2738 3558 2809; x_wconf 78' lang='grc' dir='ltr'><strong>τῆς</strong></span> <span class='ocrx_word' id='word_1_513' title='bbox 3582 2735 3669 2789; x_wconf 78' lang='grc' dir='ltr'>τοῦ</span> <span class='ocrx_word' id='word_1_514' title='bbox 3694 2733 3810 2788; x_wconf 85' lang='grc' dir='ltr'><strong>Θεοῦ</strong></span> 
     </span>
    </p>
   </div>
   <div class='ocr_carea' id='block_1_72' title="bbox 2284 2826 3814 2902">
    <p class='ocr_par' dir='ltr' id='par_1_72' title="bbox 2284 2826 3814 2902">
     <span class='ocr_line' id='line_1_72' title="bbox 2284 2826 3814 2902; baseline -0.005 -18"><span class='ocrx_word' id='word_1_515' title='bbox 2284 2832 2570 2902; x_wconf 76' lang='grc' dir='ltr'>μετουσίας</span> <span class='ocrx_word' id='word_1_516' title='bbox 2615 2831 2794 2894; x_wconf 83' lang='grc' dir='ltr'>πλέον,</span> <span class='ocrx_word' id='word_1_517' title='bbox 2827 2829 2859 2902; x_wconf 81' lang='grc' dir='ltr'><strong>ἢ</strong></span> <span class='ocrx_word' id='word_1_518' title='bbox 2897 2831 3017 2885; x_wconf 86' lang='grc' dir='ltr'>καθ’</span> <span class='ocrx_word' id='word_1_519' title='bbox 3045 2831 3169 2884; x_wconf 84' lang='grc' dir='ltr'>ὅσον</span> <span class='ocrx_word' id='word_1_520' title='bbox 3196 2829 3358 2883; x_wconf 80' lang='grc' dir='ltr'>ποθεῖ</span> <span class='ocrx_word' id='word_1_521' title='bbox 3387 2829 3485 2892; x_wconf 85' lang='grc' dir='ltr'>τὰς</span> <span class='ocrx_word' id='word_1_522' title='bbox 3524 2828 3694 2900; x_wconf 78' lang='grc' dir='ltr'>πηγὰς</span> <span class='ocrx_word' id='word_1_523' title='bbox 3720 2826 3814 2878; x_wconf 81' lang='grc' dir='ltr'>τῶν</span> 
     </span>
    </p>
   </div>
   <div class='ocr_carea' id='block_1_73' title="bbox 2282 2918 3813 2992">
    <p class='ocr_par' dir='ltr' id='par_1_73' title="bbox 2282 2918 3813 2992">
     <span class='ocr_line' id='line_1_73' title="bbox 2282 2918 3813 2992; baseline -0.005 -16"><span class='ocrx_word' id='word_1_524' title='bbox 2282 2922 2488 2976; x_wconf 81' lang='grc' dir='ltr'>ὑδάτων</span> <span class='ocrx_word' id='word_1_525' title='bbox 2518 2923 2551 2992; x_wconf 84' lang='grc' dir='ltr'>ὴ</span> <span class='ocrx_word' id='word_1_526' title='bbox 2586 2920 2799 2989; x_wconf 75' lang='grc' dir='ltr'>ἔλαφος.</span> <span class='ocrx_word' id='word_1_527' title='bbox 2834 2918 3067 2974; x_wconf 75' lang='grc' dir='ltr'>’Ἐπεται</span> <span class='ocrx_word' id='word_1_528' title='bbox 3109 2919 3164 2974; x_wconf 85' lang='grc' dir='ltr'>δὲ</span> <span class='ocrx_word' id='word_1_529' title='bbox 3193 2919 3272 2990; x_wconf 81' lang='grc' dir='ltr'>τῷ</span> <span class='ocrx_word' id='word_1_530' title='bbox 3303 2920 3404 2990; x_wconf 79' lang='grc' dir='ltr'>τῆς</span> <span class='ocrx_word' id='word_1_531' title='bbox 3443 2919 3620 2990; x_wconf 86' lang='grc' dir='ltr'>πηγῆς</span> <span class='ocrx_word' id='word_1_532' title='bbox 3657 2919 3813 2970; x_wconf 77' lang='grc' dir='ltr'>ἐπιτυ·</span> 
     </span>
    </p>
   </div>
   <div class='ocr_carea' id='block_1_74' title="bbox 2281 3004 3814 3083">
    <p class='ocr_par' dir='ltr' id='par_1_74' title="bbox 2281 3004 3814 3083">
     <span class='ocr_line' id='line_1_74' title="bbox 2281 3004 3814 3083; baseline -0.005 -19"><span class='ocrx_word' id='word_1_533' title='bbox 2281 3013 2426 3083; x_wconf 81' lang='grc' dir='ltr'>χόντι</span> <span class='ocrx_word' id='word_1_534' title='bbox 2467 3012 2602 3082; x_wconf 76' lang='grc' dir='ltr'>μετὰ</span> <span class='ocrx_word' id='word_1_535' title='bbox 2627 3012 2724 3080; x_wconf 79' lang='grc' dir='ltr'>τὴν</span> <span class='ocrx_word' id='word_1_536' title='bbox 2765 3009 3202 3080; x_wconf 75' lang='grc' dir='ltr'>ὑπερϐάλλουσαν</span> <span class='ocrx_word' id='word_1_537' title='bbox 3233 3008 3397 3078; x_wconf 71' lang='grc' dir='ltr'>δίψαν</span> <span class='ocrx_word' id='word_1_538' title='bbox 3428 3005 3671 3060; x_wconf 82' lang='grc' dir='ltr'>τοσοῦτον</span> <span class='ocrx_word' id='word_1_539' title='bbox 3695 3004 3814 3058; x_wconf 66' lang='grc' dir='ltr'>σπᾶδ</span> 
     </span>
    </p>
   </div>
   <div class='ocr_carea' id='block_1_75' title="bbox 2283 3095 3816 3172">
    <p class='ocr_par' dir='ltr' id='par_1_75' title="bbox 2283 3095 3816 3172">
     <span class='ocr_line' id='line_1_75' title="bbox 2283 3095 3816 3172; baseline -0.006 -15"><span class='ocrx_word' id='word_1_540' title='bbox 2283 3121 2373 3156; x_wconf 91' lang='grc' dir='ltr'><strong>σαι</strong></span> <span class='ocrx_word' id='word_1_541' title='bbox 2396 3104 2488 3157; x_wconf 81' lang='grc' dir='ltr'>τοῦ</span> <span class='ocrx_word' id='word_1_542' title='bbox 2521 3102 2728 3164; x_wconf 76' lang='grc' dir='ltr'>ὕδατος,</span> <span class='ocrx_word' id='word_1_543' title='bbox 2758 3103 2880 3154; x_wconf 83' lang='grc' dir='ltr'>ὅσον</span> <span class='ocrx_word' id='word_1_544' title='bbox 2914 3102 2947 3172; x_wconf 82' lang='grc' dir='ltr'>ἡ</span> <span class='ocrx_word' id='word_1_545' title='bbox 2974 3100 3234 3171; x_wconf 88' lang='grc' dir='ltr'>ἐπιθυμία</span> <span class='ocrx_word' id='word_1_546' title='bbox 3261 3101 3388 3154; x_wconf 79' lang='grc' dir='ltr'>κατ’</span> <span class='ocrx_word' id='word_1_547' title='bbox 3413 3097 3651 3166; x_wconf 80' lang='grc' dir='ltr'>ἐξουσίαν</span> <span class='ocrx_word' id='word_1_548' title='bbox 3677 3095 3816 3165; x_wconf 82' lang='grc' dir='ltr'>ἐφέλ-</span> 
     </span>
    </p>
   </div>
   <div class='ocr_carea' id='block_1_76' title="bbox 2283 3185 3812 3261">
    <p class='ocr_par' dir='ltr' id='par_1_76' title="bbox 2283 3185 3812 3261">
     <span class='ocr_line' id='line_1_76' title="bbox 2283 3185 3812 3261; baseline -0.004 -13"><span class='ocrx_word' id='word_1_549' title='bbox 2283 3211 2456 3249; x_wconf 89' lang='grc' dir='ltr'>κεται.</span> <span class='ocrx_word' id='word_1_550' title='bbox 2509 3194 2565 3247; x_wconf 87' lang='grc' dir='ltr'>Ὁ</span> <span class='ocrx_word' id='word_1_551' title='bbox 2608 3192 2663 3246; x_wconf 81' lang='grc' dir='ltr'>δὲ</span> <span class='ocrx_word' id='word_1_552' title='bbox 2705 3191 2882 3247; x_wconf 80' lang='grc' dir='ltr'>λαϐὼν</span> <span class='ocrx_word' id='word_1_553' title='bbox 2912 3193 2967 3243; x_wconf 88' lang='grc' dir='ltr'><strong>ἐν</strong></span> <span class='ocrx_word' id='word_1_554' title='bbox 3004 3190 3180 3261; x_wconf 81' lang='grc' dir='ltr'>ἐαυτῷ</span> <span class='ocrx_word' id='word_1_555' title='bbox 3214 3191 3276 3243; x_wconf 83' lang='grc' dir='ltr'><strong>τὸ</strong></span> <span class='ocrx_word' id='word_1_556' title='bbox 3308 3189 3642 3260; x_wconf 81' lang='grc' dir='ltr'>ποθούμενον</span> <span class='ocrx_word' id='word_1_557' title='bbox 3692 3185 3812 3256; x_wconf 56' lang='lat' dir='ltr'><strong>ult}-</strong></span> 
     </span>
    </p>
   </div>
   <div class='ocr_carea' id='block_1_77' title="bbox 2286 3273 3817 3358">
    <p class='ocr_par' dir='ltr' id='par_1_77' title="bbox 2286 3273 3817 3358">
     <span class='ocr_line' id='line_1_77' title="bbox 2286 3273 3817 3358; baseline -0.005 -21"><span class='ocrx_word' id='word_1_558' title='bbox 2286 3302 2386 3358; x_wconf 79' lang='grc' dir='ltr'><strong>ρης</strong></span> <span class='ocrx_word' id='word_1_559' title='bbox 2411 3286 2556 3337; x_wconf 76' lang='grc' dir='ltr'>ἐστὶν</span> <span class='ocrx_word' id='word_1_560' title='bbox 2602 3277 2662 3336; x_wconf 76' lang='grc' dir='ltr'>οὗ</span> <span class='ocrx_word' id='word_1_561' title='bbox 2692 3281 2974 3352; x_wconf 81' lang='grc' dir='ltr'>ἐπόθησεν.</span> <span class='ocrx_word' id='word_1_562' title='bbox 3020 3281 3094 3334; x_wconf 82' lang='grc' dir='ltr'><strong>Οὐ</strong></span> <span class='ocrx_word' id='word_1_563' title='bbox 3127 3283 3236 3351; x_wconf 84' lang='grc' dir='ltr'>γὰρ</span> <span class='ocrx_word' id='word_1_564' title='bbox 3281 3279 3410 3334; x_wconf 86' lang='grc' dir='ltr'>καθ’</span> <span class='ocrx_word' id='word_1_565' title='bbox 3435 3276 3712 3350; x_wconf 78' lang='grc' dir='ltr'>ὁμοιότητα</span> <span class='ocrx_word' id='word_1_566' title='bbox 3733 3273 3817 3343; x_wconf 66' lang='grc' dir='ltr'>τῆς</span> 
     </span>
    </p>
   </div>
   <div class='ocr_carea' id='block_1_78' title="bbox 2282 3369 3821 3448">
    <p class='ocr_par' dir='ltr' id='par_1_78' title="bbox 2282 3369 3821 3448">
     <span class='ocr_line' id='line_1_78' title="bbox 2282 3369 3821 3448; baseline -0.007 -18"><span class='ocrx_word' id='word_1_567' title='bbox 2282 3380 2339 3432; x_wconf 88' lang='grc' dir='ltr'><strong>ἐν</strong></span> <span class='ocrx_word' id='word_1_568' title='bbox 2374 3377 2582 3448; x_wconf 86' lang='grc' dir='ltr'>σώματι</span> <span class='ocrx_word' id='word_1_569' title='bbox 2606 3374 2920 3446; x_wconf 85' lang='grc' dir='ltr'>πλησμονῆς</span> <span class='ocrx_word' id='word_1_570' title='bbox 2942 3372 3188 3426; x_wconf 82' lang='grc' dir='ltr'>κενοῦται</span> <span class='ocrx_word' id='word_1_571' title='bbox 3228 3371 3396 3425; x_wconf 83' lang='grc' dir='ltr'>πάλιν</span> <span class='ocrx_word' id='word_1_572' title='bbox 3427 3369 3488 3423; x_wconf 81' lang='grc' dir='ltr'>τὸ</span> <span class='ocrx_word' id='word_1_573' title='bbox 3517 3369 3714 3439; x_wconf 82' lang='grc' dir='ltr'>πλῆρες</span> <span class='ocrx_word' id='word_1_574' title='bbox 3739 3379 3821 3434; x_wconf 75' lang='grc' dir='ltr'>γε·</span> 
     </span>
    </p>
   </div>
   <div class='ocr_carea' id='block_1_79' title="bbox 2282 3457 3815 3539">
    <p class='ocr_par' dir='ltr' id='par_1_79' title="bbox 2282 3457 3815 3539">
     <span class='ocr_line' id='line_1_79' title="bbox 2282 3457 3815 3539; baseline -0.011 -15"><span class='ocrx_word' id='word_1_575' title='bbox 2282 3470 2531 3539; x_wconf 75' lang='grc' dir='ltr'>νόμενονο</span> <span class='ocrx_word' id='word_1_576' title='bbox 2578 3467 2696 3520; x_wconf 80' lang='grc' dir='ltr'><strong>ούδέ</strong></span> <span class='ocrx_word' id='word_1_577' title='bbox 2726 3464 2890 3536; x_wconf 80' lang='grc' dir='ltr'>ἀργὸν</span> <span class='ocrx_word' id='word_1_578' title='bbox 2926 3465 2982 3516; x_wconf 93' lang='grc' dir='ltr'><strong>ἐν</strong></span> <span class='ocrx_word' id='word_1_579' title='bbox 3027 3461 3202 3531; x_wconf 82' lang='grc' dir='ltr'>ἐαυτῷ</span> <span class='ocrx_word' id='word_1_580' title='bbox 3229 3461 3294 3515; x_wconf 78' lang='grc' dir='ltr'>τὸ</span> <span class='ocrx_word' id='word_1_581' title='bbox 3335 3461 3502 3514; x_wconf 79' lang='grc' dir='ltr'>ποτὸν</span> <span class='ocrx_word' id='word_1_582' title='bbox 3551 3457 3815 3528; x_wconf 84' lang='grc' dir='ltr'>διαμένει’</span> 
     </span>
    </p>
   </div>
   <div class='ocr_carea' id='block_1_80' title="bbox 2283 3547 3821 3631">
    <p class='ocr_par' dir='ltr' id='par_1_80' title="bbox 2283 3547 3821 3631">
     <span class='ocr_line' id='line_1_80' title="bbox 2283 3547 3821 3631; baseline -0.011 -17"><span class='ocrx_word' id='word_1_583' title='bbox 2283 3561 2396 3615; x_wconf 77' lang='grc' dir='ltr'>ἀλλ’</span> <span class='ocrx_word' id='word_1_584' title='bbox 2425 3561 2458 3631; x_wconf 81' lang='grc' dir='ltr'>ὴ</span> <span class='ocrx_word' id='word_1_585' title='bbox 2501 3559 2616 3613; x_wconf 84' lang='grc' dir='ltr'>θεία</span> <span class='ocrx_word' id='word_1_586' title='bbox 2651 3556 2822 3628; x_wconf 81' lang='grc' dir='ltr'>πηγὴ,</span> <span class='ocrx_word' id='word_1_587' title='bbox 2857 3557 2913 3609; x_wconf 90' lang='grc' dir='ltr'><strong>ἐν</strong></span> <span class='ocrx_word' id='word_1_588' title='bbox 2946 3548 3097 3625; x_wconf 81' lang='grc' dir='ltr'>ᾧπερ</span> <span class='ocrx_word' id='word_1_589' title='bbox 3139 3552 3205 3606; x_wconf 75' lang='grc' dir='ltr'><strong>ἂν</strong></span> <span class='ocrx_word' id='word_1_590' title='bbox 3236 3551 3488 3623; x_wconf 86' lang='grc' dir='ltr'>γένηται,</span> <span class='ocrx_word' id='word_1_591' title='bbox 3534 3549 3666 3621; x_wconf 77' lang='grc' dir='ltr'>πρὸς</span> <span class='ocrx_word' id='word_1_592' title='bbox 3711 3547 3821 3599; x_wconf 74' lang='grc' dir='ltr'>ἐανο</span> 
     </span>
    </p>
   </div>
   <div class='ocr_carea' id='block_1_81' title="bbox 2282 3637 3823 3723">
    <p class='ocr_par' dir='ltr' id='par_1_81' title="bbox 2282 3637 3823 3723">
     <span class='ocr_line' id='line_1_81' title="bbox 2282 3637 3823 3723; baseline -0.004 -19"><span class='ocrx_word' id='word_1_593' title='bbox 2282 3652 2377 3722; x_wconf 79' lang='grc' dir='ltr'>τὴν</span> <span class='ocrx_word' id='word_1_594' title='bbox 2406 3653 2684 3723; x_wconf 83' lang='grc' dir='ltr'>μεταποιεῖ</span> <span class='ocrx_word' id='word_1_595' title='bbox 2705 3649 2795 3703; x_wconf 85' lang='grc' dir='ltr'><strong>τὸν</strong></span> <span class='ocrx_word' id='word_1_596' title='bbox 2829 3647 3123 3718; x_wconf 80' lang='grc' dir='ltr'>ἁψάμενον,</span> <span class='ocrx_word' id='word_1_597' title='bbox 3150 3644 3243 3699; x_wconf 63' lang='grc' dir='ltr'><strong>καὶ⁵</strong></span> <span class='ocrx_word' id='word_1_598' title='bbox 3276 3642 3708 3715; x_wconf 79' lang='grc' dir='ltr'>συμμεταδίδωσι</span> <span class='ocrx_word' id='word_1_599' title='bbox 3737 3637 3823 3706; x_wconf 74' lang='grc' dir='ltr'>τῆς</span> 
     </span>
    </p>
   </div>
   <div class='ocr_carea' id='block_1_82' title="bbox 2287 3742 2749 3812">
    <p class='ocr_par' dir='ltr' id='par_1_82' title="bbox 2287 3742 2749 3812">
     <span class='ocr_line' id='line_1_82' title="bbox 2287 3742 2749 3812; baseline -0.011 -15"><span class='ocrx_word' id='word_1_600' title='bbox 2287 3742 2420 3806; x_wconf 79' lang='grc' dir='ltr'>ἰδίας</span> <span class='ocrx_word' id='word_1_601' title='bbox 2451 3743 2749 3812; x_wconf 85' lang='grc' dir='ltr'>δυνάμεως.</span> 
     </span>
    </p>
   </div>
   <div class='ocr_carea' id='block_1_83' title="bbox 2796 3975 3317 4044">
    <p class='ocr_par' dir='ltr' id='par_1_83' title="bbox 2796 3975 3317 4044">
     <span class='ocr_line' id='line_1_83' title="bbox 2796 3975 3317 4044; baseline -0.013 -7"><span class='ocrx_word' id='word_1_602' title='bbox 2796 3977 3188 4037; x_wconf 70' lang='grc' dir='ltr'>ιιΕοΑΑΑιοΝ</span> <span class='ocrx_word' id='word_1_603' title='bbox 3220 3975 3317 4044; x_wconf 67' lang='lat' dir='ltr'><strong>cr.</strong></span> 
     </span>
    </p>
   </div>
   <div class='ocr_carea' id='block_1_84' title="bbox 2365 4102 3822 4192">
    <p class='ocr_par' dir='ltr' id='par_1_84' title="bbox 2365 4102 3822 4192">
     <span class='ocr_line' id='line_1_84' title="bbox 2365 4102 3822 4192; baseline -0.013 -16"><span class='ocrx_word' id='word_1_604' title='bbox 2365 4122 2520 4176; x_wconf 82' lang='grc' dir='ltr'>Ἀλλὰ</span> <span class='ocrx_word' id='word_1_605' title='bbox 2551 4118 2653 4192; x_wconf 79' lang='grc' dir='ltr'>μὴν</span> <span class='ocrx_word' id='word_1_606' title='bbox 2689 4118 2814 4192; x_wconf 74' lang='grc' dir='ltr'>ἴδιόν</span> <span class='ocrx_word' id='word_1_607' title='bbox 2851 4119 2967 4170; x_wconf 83' lang='grc' dir='ltr'>ἐστι</span> <span class='ocrx_word' id='word_1_608' title='bbox 2997 4107 3419 4186; x_wconf 77' lang='grc' dir='ltr'>τῆςΘεότητοςὴ</span> <span class='ocrx_word' id='word_1_609' title='bbox 3450 4105 3711 4177; x_wconf 76' lang='grc' dir='ltr'>ἐποπτικὴ</span> <span class='ocrx_word' id='word_1_610' title='bbox 3729 4102 3822 4158; x_wconf 68' lang='grc' dir='ltr'>τῶν</span> 
     </span>
    </p>
   </div>
   <div class='ocr_carea' id='block_1_85' title="bbox 2281 4193 3825 4279">
    <p class='ocr_par' dir='ltr' id='par_1_85' title="bbox 2281 4193 3825 4279">
     <span class='ocr_line' id='line_1_85' title="bbox 2281 4193 3825 4279; baseline -0.014 -13"><span class='ocrx_word' id='word_1_611' title='bbox 2281 4211 2447 4266; x_wconf 73' lang='grc' dir='ltr'>ὄντων</span> <span class='ocrx_word' id='word_1_612' title='bbox 2503 4207 2727 4279; x_wconf 83' lang='grc' dir='ltr'>δύναμίς</span> <span class='ocrx_word' id='word_1_613' title='bbox 2770 4223 2829 4260; x_wconf 84' lang='grc' dir='ltr'><strong>τε</strong></span> <span class='ocrx_word' id='word_1_614' title='bbox 2874 4205 2970 4258; x_wconf 75' lang='grc' dir='ltr'><strong>καὶ</strong></span> <span class='ocrx_word' id='word_1_615' title='bbox 3012 4203 3278 4272; x_wconf 85' lang='grc' dir='ltr'>ἐνέργεια.</span> <span class='ocrx_word' id='word_1_616' title='bbox 3327 4198 3543 4254; x_wconf 82' lang='grc' dir='ltr'>Οὐκοῦν</span> <span class='ocrx_word' id='word_1_617' title='bbox 3583 4199 3612 4250; x_wconf 82' lang='grc' dir='ltr'><strong>ὁ</strong></span> <span class='ocrx_word' id='word_1_618' title='bbox 3651 4197 3706 4247; x_wconf 87' lang='grc' dir='ltr'><strong>ἐν</strong></span> <span class='ocrx_word' id='word_1_619' title='bbox 3745 4193 3825 4245; x_wconf 82' lang='grc' dir='ltr'>αύ-</span> 
     </span>
    </p>
   </div>
   <div class='ocr_carea' id='block_1_86' title="bbox 2251 4282 3824 4376">
    <p class='ocr_par' dir='ltr' id='par_1_86' title="bbox 2251 4282 3824 4376">
     <span class='ocr_line' id='line_1_86' title="bbox 2251 4282 3824 4376; baseline -0.013 -19"><span class='ocrx_word' id='word_1_620' title='bbox 2251 4284 2358 4374; x_wconf 78' lang='grc' dir='ltr'><strong>¹τῷ</strong></span> <span class='ocrx_word' id='word_1_621' title='bbox 2386 4301 2495 4374; x_wconf 76' lang='grc'><strong>(64)</strong></span> <span class='ocrx_word' id='word_1_622' title='bbox 2524 4299 2680 4370; x_wconf 75' lang='grc' dir='ltr'>ἔχων,</span> <span class='ocrx_word' id='word_1_623' title='bbox 2721 4297 2854 4376; x_wconf 80' lang='grc' dir='ltr'>ὅπερ</span> <span class='ocrx_word' id='word_1_624' title='bbox 2897 4293 3149 4364; x_wconf 80' lang='grc' dir='ltr'>ἐπόθησε,</span> <span class='ocrx_word' id='word_1_625' title='bbox 3203 4292 3296 4345; x_wconf 74' lang='grc' dir='ltr'>καὶ</span> <span class='ocrx_word' id='word_1_626' title='bbox 3339 4291 3509 4354; x_wconf 81' lang='grc' dir='ltr'>αὐτὸς</span> <span class='ocrx_word' id='word_1_627' title='bbox 3558 4282 3824 4376; x_wconf 60' lang='grc' dir='ltr'>ἐποπτικὺι</span> 
     </span>
    </p>
   </div>
   <div class='ocr_carea' id='block_1_87' title="bbox 2281 4373 3828 4465">
    <p class='ocr_par' dir='ltr' id='par_1_87' title="bbox 2281 4373 3828 4465">
     <span class='ocr_line' id='line_1_87' title="bbox 2281 4373 3828 4465; baseline -0.015 -16"><span class='ocrx_word' id='word_1_628' title='bbox 2281 4373 2508 4465; x_wconf 83' lang='grc' dir='ltr'>γίνεται,</span> <span class='ocrx_word' id='word_1_629' title='bbox 2544 4394 2635 4446; x_wconf 76' lang='grc' dir='ltr'>καὶ</span> <span class='ocrx_word' id='word_1_630' title='bbox 2671 4373 2770 4462; x_wconf 71' lang='grc' dir='ltr'>τὴν</span> <span class='ocrx_word' id='word_1_631' title='bbox 2800 4387 2909 4441; x_wconf 80' lang='grc' dir='ltr'>τῶν</span> <span class='ocrx_word' id='word_1_632' title='bbox 2944 4387 3109 4440; x_wconf 67' lang='grc' dir='ltr'>ὄντων</span> <span class='ocrx_word' id='word_1_633' title='bbox 3134 4384 3512 4438; x_wconf 82' lang='grc' dir='ltr'>διασκοπεῖται</span> <span class='ocrx_word' id='word_1_634' title='bbox 3542 4379 3716 4450; x_wconf 84' lang='grc' dir='ltr'>φύσιν.</span> <span class='ocrx_word' id='word_1_635' title='bbox 3744 4373 3828 4428; x_wconf 79' lang='grc' dir='ltr'><strong>Διά</strong></span> 
     </span>
    </p>
   </div>
   <div class='ocr_carea' id='block_1_88' title="bbox 2281 4466 3828 4567">
    <p class='ocr_par' dir='ltr' id='par_1_88' title="bbox 2281 4466 3828 4567">
     <span class='ocr_line' id='line_1_88' title="bbox 2281 4466 3828 4567; baseline -0.016 -25"><span class='ocrx_word' id='word_1_636' title='bbox 2281 4487 2434 4542; x_wconf 83' lang='grc' dir='ltr'>τοῦτο</span> <span class='ocrx_word' id='word_1_637' title='bbox 2469 4484 2562 4539; x_wconf 82' lang='grc' dir='ltr'>τοῦ</span> <span class='ocrx_word' id='word_1_638' title='bbox 2608 4482 2789 4555; x_wconf 84' lang='grc' dir='ltr'>τρίτου</span> <span class='ocrx_word' id='word_1_639' title='bbox 2828 4479 3112 4567; x_wconf 61' lang='grc' dir='ltr'>τμήματος</span> <span class='ocrx_word' id='word_1_640' title='bbox 3158 4475 3257 4544; x_wconf 83' lang='grc' dir='ltr'><strong>τῆς</strong></span> <span class='ocrx_word' id='word_1_641' title='bbox 3295 4471 3620 4567; x_wconf 74' lang='grc' dir='ltr'>ψαλμῳδίας</span> <span class='ocrx_word' id='word_1_642' title='bbox 3637 4466 3828 4567; x_wconf 53' lang='grc' dir='ltr'>ταύτην</span> 
     </span>
    </p>
   </div>
   <div class='ocr_carea' id='block_1_89' title="bbox 631 4555 2183 4651">
    <p class='ocr_par' dir='ltr' id='par_1_89' title="bbox 631 4559 2183 4638">
     <span class='ocr_line' id='line_1_89' title="bbox 631 4559 2183 4638; baseline 0.006 -27"><span class='ocrx_word' id='word_1_643' title='bbox 631 4572 753 4612; x_wconf 89' lang='lat' dir='ltr'><strong>nem</strong></span> <span class='ocrx_word' id='word_1_644' title='bbox 782 4559 851 4614; x_wconf 89' lang='lat' dir='ltr'><strong>ab</strong></span> <span class='ocrx_word' id='word_1_645' title='bbox 890 4561 994 4615; x_wconf 86' lang='lat' dir='ltr'><strong>hoc</strong></span> <span class='ocrx_word' id='word_1_646' title='bbox 1023 4562 1286 4634; x_wconf 90' lang='lat' dir='ltr'><strong>principio</strong></span> <span class='ocrx_word' id='word_1_647' title='bbox 1315 4563 1632 4634; x_wconf 89' lang='lat' dir='ltr'><strong>auspicatus</strong></span> <span class='ocrx_word' id='word_1_648' title='bbox 1663 4574 1768 4630; x_wconf 90' lang='lat' dir='ltr'><strong>est,</strong></span> <span class='ocrx_word' id='word_1_649' title='bbox 1816 4583 1921 4638; x_wconf 88' lang='lat' dir='ltr'><strong>qua</strong></span> <span class='ocrx_word' id='word_1_650' title='bbox 1967 4567 2183 4637; x_wconf 87' lang='lat' dir='ltr'><strong>potissi-</strong></span> 
     </span>
    </p>
   </div>
   <div class='ocr_carea' id='block_1_90' title="bbox 2281 4555 3832 4651">
    <p class='ocr_par' dir='ltr' id='par_1_90' title="bbox 2287 4555 3832 4651">
     <span class='ocr_line' id='line_1_90' title="bbox 2287 4555 3832 4651; baseline -0.016 -17"><span class='ocrx_word' id='word_1_651' title='bbox 2287 4580 2575 4651; x_wconf 88' lang='grc' dir='ltr'>πεποίηται</span> <span class='ocrx_word' id='word_1_652' title='bbox 2597 4576 2694 4647; x_wconf 82' lang='grc' dir='ltr'>τὴν</span> <span class='ocrx_word' id='word_1_653' title='bbox 2721 4557 2910 4645; x_wconf 65' lang='grc' dir='ltr'>ἀρχὴν,</span> <span class='ocrx_word' id='word_1_654' title='bbox 2945 4573 3002 4623; x_wconf 89' lang='grc' dir='ltr'><strong>ἐν</strong></span> <span class='ocrx_word' id='word_1_655' title='bbox 3029 4563 3073 4637; x_wconf 83' lang='grc' dir='ltr'>ᾧ</span> <span class='ocrx_word' id='word_1_656' title='bbox 3100 4567 3257 4621; x_wconf 76' lang='grc' dir='ltr'>τοῦτο</span> <span class='ocrx_word' id='word_1_657' title='bbox 3285 4566 3526 4636; x_wconf 85' lang='grc' dir='ltr'>μάλιστα</span> <span class='ocrx_word' id='word_1_658' title='bbox 3551 4555 3832 4651; x_wconf 70' lang='grc' dir='ltr'>διεξετὰζει</span> 
     </span>
    </p>
   </div>
   <div class='ocr_carea' id='block_1_91' title="bbox 632 4651 2184 4731">
    <p class='ocr_par' dir='ltr' id='par_1_91' title="bbox 632 4651 2184 4731">
     <span class='ocr_line' id='line_1_91' title="bbox 632 4651 2184 4731; baseline 0.007 -28"><span class='ocrx_word' id='word_1_659' title='bbox 632 4666 780 4704; x_wconf 91' lang='lat' dir='ltr'><strong>mum</strong></span> <span class='ocrx_word' id='word_1_660' title='bbox 829 4651 1072 4722; x_wconf 90' lang='lat' dir='ltr'><strong>inquirit,</strong></span> <span class='ocrx_word' id='word_1_661' title='bbox 1112 4654 1386 4724; x_wconf 85' lang='lat' dir='ltr'><strong>quomodo</strong></span> <span class='ocrx_word' id='word_1_662' title='bbox 1430 4655 1642 4726; x_wconf 90' lang='lat' dir='ltr'><strong>justitia</strong></span> <span class='ocrx_word' id='word_1_663' title='bbox 1674 4657 1846 4714; x_wconf 92' lang='lat' dir='ltr'><strong>divini</strong></span> <span class='ocrx_word' id='word_1_664' title='bbox 1896 4659 2090 4731; x_wconf 90' lang='lat' dir='ltr'><strong>judicii</strong></span> <span class='ocrx_word' id='word_1_665' title='bbox 2128 4659 2184 4714; x_wconf 79' lang='lat' dir='ltr'><strong>in</strong></span> 
     </span>
    </p>
   </div>
   <div class='ocr_carea' id='block_1_92' title="bbox 633 4741 2182 4826">
    <p class='ocr_par' dir='ltr' id='par_1_92' title="bbox 633 4741 2182 4826">
     <span class='ocr_line' id='line_1_92' title="bbox 633 4741 2182 4826; baseline 0.015 -32"><span class='ocrx_word' id='word_1_666' title='bbox 633 4741 995 4812; x_wconf 64' lang='lat' dir='ltr'><strong>inrequalitate</strong></span> <span class='ocrx_word' id='word_1_667' title='bbox 1057 4745 1218 4815; x_wconf 89' lang='lat' dir='ltr'><strong>hujus</strong></span> <span class='ocrx_word' id='word_1_668' title='bbox 1263 4749 1386 4802; x_wconf 75' lang='lat' dir='ltr'><strong>vitae</strong></span> <span class='ocrx_word' id='word_1_669' title='bbox 1428 4757 1698 4818; x_wconf 85' lang='lat' dir='ltr'><strong>servetur,</strong></span> <span class='ocrx_word' id='word_1_670' title='bbox 1745 4753 2182 4826; x_wconf 83' lang='lat' dir='ltr'><strong>quandoquidem</strong></span> 
     </span>
    </p>
   </div>
   <div class='ocr_carea' id='block_1_93' title="bbox 632 4837 2183 4920">
    <p class='ocr_par' dir='ltr' id='par_1_93' title="bbox 632 4837 2183 4920">
     <span class='ocr_line' id='line_1_93' title="bbox 632 4837 2183 4920; baseline 0.014 -33"><span class='ocrx_word' id='word_1_671' title='bbox 632 4837 949 4914; x_wconf 71' lang='lat' dir='ltr'><strong>p‘erumque</strong></span> <span class='ocrx_word' id='word_1_672' title='bbox 969 4852 1073 4892; x_wconf 88' lang='lat' dir='ltr'><strong>non</strong></span> <span class='ocrx_word' id='word_1_673' title='bbox 1100 4854 1198 4909; x_wconf 89' lang='lat' dir='ltr'><strong>pro</strong></span> <span class='ocrx_word' id='word_1_674' title='bbox 1221 4842 1432 4897; x_wconf 83' lang='lat' dir='ltr'><strong>meritis</strong></span> <span class='ocrx_word' id='word_1_675' title='bbox 1462 4858 1526 4898; x_wconf 80' lang='lat' dir='ltr'><strong>ex</strong></span> <span class='ocrx_word' id='word_1_676' title='bbox 1555 4843 1819 4915; x_wconf 77' lang='lat' dir='ltr'><strong>dignitate</strong></span> <span class='ocrx_word' id='word_1_677' title='bbox 1845 4847 2183 4920; x_wconf 76' lang='lat' dir='ltr'><strong>singulorum</strong></span> 
     </span>
    </p>
   </div>
   <div class='ocr_carea' id='block_1_94' title="bbox 632 4925 2182 5011">
    <p class='ocr_par' dir='ltr' id='par_1_94' title="bbox 632 4925 2182 5011">
     <span class='ocr_line' id='line_1_94' title="bbox 632 4925 2182 5011; baseline 0.014 -35"><span class='ocrx_word' id='word_1_678' title='bbox 632 4925 862 5000; x_wconf 78' lang='lat' dir='ltr'><strong>felicitas</strong></span> <span class='ocrx_word' id='word_1_679' title='bbox 895 4927 948 4981; x_wconf 94' lang='lat' dir='ltr'><strong>in</strong></span> <span class='ocrx_word' id='word_1_680' title='bbox 979 4929 1077 4984; x_wconf 92' lang='lat' dir='ltr'><strong>hac</strong></span> <span class='ocrx_word' id='word_1_681' title='bbox 1103 4931 1210 4985; x_wconf 89' lang='lat' dir='ltr'><strong>vita</strong></span> <span class='ocrx_word' id='word_1_682' title='bbox 1238 4931 1549 4990; x_wconf 91' lang='lat' dir='ltr'><strong>hominibus</strong></span> <span class='ocrx_word' id='word_1_683' title='bbox 1577 4936 1841 5009; x_wconf 78' lang='lat' dir='ltr'><strong>obtingit;</strong></span> <span class='ocrx_word' id='word_1_684' title='bbox 1875 4954 2020 5011; x_wconf 69' lang='lat' dir='ltr'><strong>saepe</strong></span> <span class='ocrx_word' id='word_1_685' title='bbox 2039 4943 2182 4996; x_wconf 88' lang='lat' dir='ltr'><strong>enim</strong></span> 
     </span>
    </p>
   </div>
   <div class='ocr_carea' id='block_1_95' title="bbox 632 5017 2179 5094">
    <p class='ocr_par' dir='ltr' id='par_1_95' title="bbox 632 5017 2179 5094">
     <span class='ocr_line' id='line_1_95' title="bbox 632 5017 2179 5094; baseline 0.013 -25"><span class='ocrx_word' id='word_1_686' title='bbox 632 5017 687 5070; x_wconf 93' lang='lat' dir='ltr'><strong>in</strong></span> <span class='ocrx_word' id='word_1_687' title='bbox 725 5017 912 5072; x_wconf 88' lang='lat' dir='ltr'><strong>eodem</strong></span> <span class='ocrx_word' id='word_1_688' title='bbox 959 5019 1071 5076; x_wconf 85' lang='lat' dir='ltr'><strong>duo</strong></span> <span class='ocrx_word' id='word_1_689' title='bbox 1106 5030 1342 5078; x_wconf 79' lang='lat' dir='ltr'><strong>extrema</strong></span> <span class='ocrx_word' id='word_1_690' title='bbox 1375 5039 1599 5082; x_wconf 89' lang='lat' dir='ltr'><strong>cernere</strong></span> <span class='ocrx_word' id='word_1_691' title='bbox 1638 5029 1784 5094; x_wconf 90' lang='lat' dir='ltr'><strong>licet,</strong></span> <span class='ocrx_word' id='word_1_692' title='bbox 1833 5031 1908 5085; x_wconf 92' lang='lat' dir='ltr'><strong>ita</strong></span> <span class='ocrx_word' id='word_1_693' title='bbox 1947 5040 2006 5086; x_wconf 91' lang='lat' dir='ltr'><strong>ut</strong></span> <span class='ocrx_word' id='word_1_694' title='bbox 2033 5032 2179 5088; x_wconf 89' lang='lat' dir='ltr'><strong>idem</strong></span> 
     </span>
    </p>
   </div>
   <div class='ocr_carea' id='block_1_96' title="bbox 633 5108 2180 5194">
    <p class='ocr_par' dir='ltr' id='par_1_96' title="bbox 633 5108 2180 5194">
     <span class='ocr_line' id='line_1_96' title="bbox 633 5108 2180 5194; baseline 0.012 -33"><span class='ocrx_word' id='word_1_695' title='bbox 633 5108 704 5161; x_wconf 84' lang='lat' dir='ltr'><strong>sit</strong></span> <span class='ocrx_word' id='word_1_696' title='bbox 729 5120 781 5162; x_wconf 82' lang='lat' dir='ltr'><strong>et</strong></span> <span class='ocrx_word' id='word_1_697' title='bbox 815 5110 866 5163; x_wconf 95' lang='lat' dir='ltr'><strong>in</strong></span> <span class='ocrx_word' id='word_1_698' title='bbox 899 5113 1121 5178; x_wconf 87' lang='lat' dir='ltr'><strong>malitia,</strong></span> <span class='ocrx_word' id='word_1_699' title='bbox 1152 5123 1206 5169; x_wconf 91' lang='lat' dir='ltr'><strong>et</strong></span> <span class='ocrx_word' id='word_1_700' title='bbox 1239 5116 1294 5169; x_wconf 94' lang='lat' dir='ltr'><strong>in</strong></span> <span class='ocrx_word' id='word_1_701' title='bbox 1343 5119 1564 5187; x_wconf 90' lang='lat' dir='ltr'><strong>perenni</strong></span> <span class='ocrx_word' id='word_1_702' title='bbox 1597 5135 1776 5175; x_wconf 91' lang='lat' dir='ltr'><strong>rerum</strong></span> <span class='ocrx_word' id='word_1_703' title='bbox 1821 5125 2180 5194; x_wconf 87' lang='lat' dir='ltr'><strong>prosperitate</strong></span> 
     </span>
    </p>
   </div>
   <div class='ocr_carea' id='block_1_97' title="bbox 632 5207 2178 5280">
    <p class='ocr_par' dir='ltr' id='par_1_97' title="bbox 632 5207 2178 5280">
     <span class='ocr_line' id='line_1_97' title="bbox 632 5207 2178 5280; baseline 0.011 -27"><span class='ocrx_word' id='word_1_704' title='bbox 632 5214 877 5256; x_wconf 82' lang='lat' dir='ltr'><strong>summus</strong></span> <span class='ocrx_word' id='word_1_705' title='bbox 903 5221 915 5255; x_wconf 93' lang='lat'><strong>:</strong></span> <span class='ocrx_word' id='word_1_706' title='bbox 956 5220 1110 5275; x_wconf 91' lang='lat' dir='ltr'><strong>quem</strong></span> <span class='ocrx_word' id='word_1_707' title='bbox 1140 5220 1262 5260; x_wconf 90' lang='lat' dir='ltr'><strong>cum</strong></span> <span class='ocrx_word' id='word_1_708' title='bbox 1289 5207 1412 5277; x_wconf 84' lang='lat' dir='ltr'><strong>quis</strong></span> <span class='ocrx_word' id='word_1_709' title='bbox 1438 5209 1656 5280; x_wconf 90' lang='lat' dir='ltr'><strong>aspicit,</strong></span> <span class='ocrx_word' id='word_1_710' title='bbox 1689 5212 1943 5268; x_wconf 86' lang='lat' dir='ltr'><strong>turbatur</strong></span> <span class='ocrx_word' id='word_1_711' title='bbox 1974 5215 2178 5280; x_wconf 88' lang='lat' dir='ltr'><strong>animo,</strong></span> 
     </span>
    </p>
   </div>
   <div class='ocr_carea' id='block_1_98' title="bbox 632 5290 2178 5377">
    <p class='ocr_par' dir='ltr' id='par_1_98' title="bbox 632 5290 2178 5377">
     <span class='ocr_line' id='line_1_98' title="bbox 632 5290 2178 5377; baseline 0.011 -32"><span class='ocrx_word' id='word_1_712' title='bbox 632 5305 700 5346; x_wconf 89' lang='lat' dir='ltr'><strong>ne</strong></span> <span class='ocrx_word' id='word_1_713' title='bbox 731 5290 867 5348; x_wconf 90' lang='lat' dir='ltr'><strong>forte</strong></span> <span class='ocrx_word' id='word_1_714' title='bbox 889 5296 1058 5366; x_wconf 74' lang='lat' dir='ltr'><strong>magis</strong></span> <span class='ocrx_word' id='word_1_715' title='bbox 1077 5313 1139 5352; x_wconf 77' lang='lat' dir='ltr'><strong>ex</strong></span> <span class='ocrx_word' id='word_1_716' title='bbox 1165 5315 1223 5355; x_wconf 92' lang='lat' dir='ltr'><strong>re</strong></span> <span class='ocrx_word' id='word_1_717' title='bbox 1246 5300 1494 5356; x_wconf 56' lang='lat' dir='ltr'><strong>humanae</strong></span> <span class='ocrx_word' id='word_1_718' title='bbox 1525 5302 1852 5361; x_wconf 88' lang='lat' dir='ltr'><strong>conditionis</strong></span> <span class='ocrx_word' id='word_1_719' title='bbox 1873 5305 1944 5360; x_wconf 92' lang='lat' dir='ltr'><strong>sit</strong></span> <span class='ocrx_word' id='word_1_720' title='bbox 1974 5307 2178 5377; x_wconf 70' lang='lat' dir='ltr'><strong>impro~</strong></span> 
     </span>
    </p>
   </div>
   <div class='ocr_carea' id='block_1_99' title="bbox 699 5492 1111 5561">
    <p class='ocr_par' dir='ltr' id='par_1_99' title="bbox 699 5492 1111 5561">
     <span class='ocr_line' id='line_1_99' title="bbox 699 5492 1111 5561; baseline 0.012 -15"><span class='ocrx_word' id='word_1_721' title='bbox 699 5495 720 5525; x_wconf 74' lang='grc'>⁸</span> <span class='ocrx_word' id='word_1_722' title='bbox 736 5492 878 5550; x_wconf 86' lang='lat' dir='ltr'><strong>Psal.</strong></span> <span class='ocrx_word' id='word_1_723' title='bbox 911 5508 1019 5561; x_wconf 79' lang='lat' dir='ltr'><strong>xu,</strong></span> <span class='ocrx_word' id='word_1_724' title='bbox 1055 5496 1111 5551; x_wconf 70' lang='grc' dir='ltr'>ἳ.</span> 
     </span>
    </p>
   </div>
   <div class='ocr_carea' id='block_1_100' title="bbox 700 5645 2170 5721">
    <p class='ocr_par' dir='ltr' id='par_1_100' title="bbox 700 5645 2170 5721">
     <span class='ocr_line' id='line_1_100' title="bbox 700 5645 2170 5721; baseline 0.007 -21"><span class='ocrx_word' id='word_1_725' title='bbox 700 5645 989 5721; x_wconf 57' lang='grc' dir='ltr'><strong>(ϐῒλταίς</strong></span> <span class='ocrx_word' id='word_1_726' title='bbox 1019 5648 1192 5721; x_wconf 70' lang='grc' dir='ltr'>θείαις</span> <span class='ocrx_word' id='word_1_727' title='bbox 1220 5651 1313 5704; x_wconf 84' lang='grc' dir='ltr'>διδ.</span> <span class='ocrx_word' id='word_1_728' title='bbox 1357 5650 1546 5721; x_wconf 83' lang='grc' dir='ltr'>ἐπαρδ.</span> <span class='ocrx_word' id='word_1_729' title='bbox 1588 5666 1696 5707; x_wconf 89' lang='lat' dir='ltr'><strong>om.</strong></span> <span class='ocrx_word' id='word_1_730' title='bbox 1744 5653 1828 5708; x_wconf 93' lang='lat' dir='ltr'><strong>ed.</strong></span> <span class='ocrx_word' id='word_1_731' title='bbox 1865 5649 1984 5708; x_wconf 80' lang='lat' dir='ltr'><strong>Mox</strong></span> <span class='ocrx_word' id='word_1_732' title='bbox 2030 5651 2170 5710; x_wconf 88' lang='lat' dir='ltr'><strong>idem</strong></span> 
     </span>
    </p>
   </div>
   <div class='ocr_carea' id='block_1_101' title="bbox 631 5716 1461 5793">
    <p class='ocr_par' dir='ltr' id='par_1_101' title="bbox 631 5716 1461 5793">
     <span class='ocr_line' id='line_1_101' title="bbox 631 5716 1461 5793; baseline 0.01 -26"><span class='ocrx_word' id='word_1_733' title='bbox 631 5716 980 5793; x_wconf 50' lang='lat' dir='ltr'><strong>tﬁ.;Le1306(9</strong></span> <span class='ocrx_word' id='word_1_734' title='bbox 1001 5722 1116 5773; x_wconf 85' lang='lat' dir='ltr'><strong>sine</strong></span> <span class='ocrx_word' id='word_1_735' title='bbox 1138 5719 1229 5774; x_wconf 77' lang='grc' dir='ltr'><strong>οὖν</strong></span> <span class='ocrx_word' id='word_1_736' title='bbox 1256 5721 1461 5793; x_wconf 83' lang='grc' dir='ltr'>πρώτη.</span> 
     </span>
    </p>
   </div>
   <div class='ocr_carea' id='block_1_102' title="bbox 702 5785 1226 5859">
    <p class='ocr_par' dir='ltr' id='par_1_102' title="bbox 702 5785 1226 5859">
     <span class='ocr_line' id='line_1_102' title="bbox 702 5785 1226 5859; baseline 0.011 -21"><span class='ocrx_word' id='word_1_737' title='bbox 702 5785 810 5859; x_wconf 74' lang='lat'><strong>(63)</strong></span> <span class='ocrx_word' id='word_1_738' title='bbox 840 5785 981 5841; x_wconf 82' lang='grc' dir='ltr'>Ζώου</span> <span class='ocrx_word' id='word_1_739' title='bbox 1011 5805 1116 5842; x_wconf 88' lang='lat' dir='ltr'><strong>om.</strong></span> <span class='ocrx_word' id='word_1_740' title='bbox 1143 5793 1226 5846; x_wconf 84' lang='lat' dir='ltr'><strong>ed.</strong></span> 
     </span>
    </p>
   </div>
   <div class='ocr_carea' id='block_1_103' title="bbox 2281 4649 3831 4741">
    <p class='ocr_par' dir='ltr' id='par_1_103' title="bbox 2281 4649 3831 4741">
     <span class='ocr_line' id='line_1_103' title="bbox 2281 4649 3831 4741; baseline -0.017 -13"><span class='ocrx_word' id='word_1_741' title='bbox 2281 4675 2312 4728; x_wconf 82' lang='grc' dir='ltr'>ὁ</span> <span class='ocrx_word' id='word_1_742' title='bbox 2356 4649 2510 4741; x_wconf 84' lang='grc' dir='ltr'>λόγος</span> <span class='ocrx_word' id='word_1_743' title='bbox 2530 4711 2544 4735; x_wconf 91' lang='grc'><strong>,</strong></span> <span class='ocrx_word' id='word_1_744' title='bbox 2591 4667 2708 4730; x_wconf 82' lang='grc' dir='ltr'>πῶς</span> <span class='ocrx_word' id='word_1_745' title='bbox 2757 4664 2819 4717; x_wconf 82' lang='grc' dir='ltr'>τὸ</span> <span class='ocrx_word' id='word_1_746' title='bbox 2847 4662 3050 4717; x_wconf 84' lang='grc' dir='ltr'>δίκαιον</span> <span class='ocrx_word' id='word_1_747' title='bbox 3081 4659 3181 4729; x_wconf 82' lang='grc' dir='ltr'>τῆς</span> <span class='ocrx_word' id='word_1_748' title='bbox 3212 4657 3364 4721; x_wconf 83' lang='grc' dir='ltr'>θείας</span> <span class='ocrx_word' id='word_1_749' title='bbox 3414 4657 3652 4728; x_wconf 83' lang='grc' dir='ltr'>κρίσεως</span> <span class='ocrx_word' id='word_1_750' title='bbox 3682 4653 3737 4704; x_wconf 81' lang='grc' dir='ltr'><strong>ἐν</strong></span> <span class='ocrx_word' id='word_1_751' title='bbox 3767 4649 3831 4741; x_wconf 72' lang='grc' dir='ltr'>τῇ</span> 
     </span>
    </p>
   </div>
   <div class='ocr_carea' id='block_1_104' title="bbox 2282 4739 3832 4834">
    <p class='ocr_par' dir='ltr' id='par_1_104' title="bbox 2282 4739 3832 4834">
     <span class='ocr_line' id='line_1_104' title="bbox 2282 4739 3832 4834; baseline -0.017 -14"><span class='ocrx_word' id='word_1_752' title='bbox 2282 4739 2561 4834; x_wconf 70' lang='grc' dir='ltr'><strong>ἀνωμαλίᾳ⁴</strong></span> <span class='ocrx_word' id='word_1_753' title='bbox 2585 4758 2676 4813; x_wconf 79' lang='grc' dir='ltr'>τοῦ</span> <span class='ocrx_word' id='word_1_754' title='bbox 2699 4755 2812 4828; x_wconf 85' lang='grc' dir='ltr'>βίου</span> <span class='ocrx_word' id='word_1_755' title='bbox 2847 4751 3234 4820; x_wconf 85' lang='grc' dir='ltr'>διασωθήσεται</span> <span class='ocrx_word' id='word_1_756' title='bbox 3256 4765 3270 4778; x_wconf 90' lang='grc'><strong>·</strong></span> <span class='ocrx_word' id='word_1_757' title='bbox 3293 4751 3355 4802; x_wconf 81' lang='grc' dir='ltr'><strong>οὐ</strong></span> <span class='ocrx_word' id='word_1_758' title='bbox 3391 4747 3541 4802; x_wconf 78' lang='grc' dir='ltr'>κατὰ</span> <span class='ocrx_word' id='word_1_759' title='bbox 3565 4746 3662 4816; x_wconf 78' lang='grc' dir='ltr'><strong>τὴν</strong></span> <span class='ocrx_word' id='word_1_760' title='bbox 3693 4739 3832 4834; x_wconf 72' lang='grc' dir='ltr'>ἀξίαν</span> 
     </span>
    </p>
   </div>
   <div class='ocr_carea' id='block_1_105' title="bbox 2281 4833 3832 4924">
    <p class='ocr_par' dir='ltr' id='par_1_105' title="bbox 2281 4833 3832 4924">
     <span class='ocr_line' id='line_1_105' title="bbox 2281 4833 3832 4924; baseline -0.016 -13"><span class='ocrx_word' id='word_1_761' title='bbox 2281 4856 2390 4910; x_wconf 82' lang='grc' dir='ltr'>τῶν</span> <span class='ocrx_word' id='word_1_762' title='bbox 2404 4833 2774 4924; x_wconf 73' lang='grc' dir='ltr'>προαιρέσεων</span> <span class='ocrx_word' id='word_1_763' title='bbox 2794 4845 2894 4915; x_wconf 81' lang='grc' dir='ltr'><strong>τῆς</strong></span> <span class='ocrx_word' id='word_1_764' title='bbox 2911 4843 3050 4897; x_wconf 75' lang='grc' dir='ltr'>κατὰ</span> <span class='ocrx_word' id='word_1_765' title='bbox 3073 4843 3164 4896; x_wconf 78' lang='grc' dir='ltr'>τὸν</span> <span class='ocrx_word' id='word_1_766' title='bbox 3191 4841 3300 4912; x_wconf 87' lang='grc' dir='ltr'>βίον</span> <span class='ocrx_word' id='word_1_767' title='bbox 3315 4840 3513 4894; x_wconf 75' lang='grc' dir='ltr'>τοῦτον</span> <span class='ocrx_word' id='word_1_768' title='bbox 3534 4833 3832 4924; x_wconf 80' lang='grc' dir='ltr'>εὐκληρίας.</span> 
     </span>
    </p>
   </div>
   <div class='ocr_carea' id='block_1_106' title="bbox 2282 4923 3835 5011">
    <p class='ocr_par' dir='ltr' id='par_1_106' title="bbox 2282 4923 3835 5011">
     <span class='ocr_line' id='line_1_106' title="bbox 2282 4923 3835 5011; baseline -0.019 -10"><span class='ocrx_word' id='word_1_769' title='bbox 2282 4947 2357 5011; x_wconf 85' lang='grc' dir='ltr'>ὡς</span> <span class='ocrx_word' id='word_1_770' title='bbox 2380 4923 2665 5007; x_wconf 75' lang='grc' dir='ltr'>τὰπολλὰ,</span> <span class='ocrx_word' id='word_1_771' title='bbox 2693 4941 2806 5001; x_wconf 77' lang='grc' dir='ltr'>τοῖς</span> <span class='ocrx_word' id='word_1_772' title='bbox 2837 4934 3140 5006; x_wconf 82' lang='grc' dir='ltr'>ἀνθρώποις</span> <span class='ocrx_word' id='word_1_773' title='bbox 3161 4931 3549 5002; x_wconf 82' lang='grc' dir='ltr'>ἐγγινομένης.</span> <span class='ocrx_word' id='word_1_774' title='bbox 3587 4923 3835 4983; x_wconf 73' lang='grc' dir='ltr'>Πολλάκις</span> 
     </span>
    </p>
   </div>
   <div class='ocr_carea' id='block_1_107' title="bbox 2285 5011 3831 5107">
    <p class='ocr_par' dir='ltr' id='par_1_107' title="bbox 2285 5011 3831 5107">
     <span class='ocr_line' id='line_1_107' title="bbox 2285 5011 3831 5107; baseline -0.018 -15"><span class='ocrx_word' id='word_1_775' title='bbox 2285 5037 2392 5107; x_wconf 86' lang='grc' dir='ltr'>γὰρ</span> <span class='ocrx_word' id='word_1_776' title='bbox 2411 5036 2538 5107; x_wconf 79' lang='grc' dir='ltr'>περὶ</span> <span class='ocrx_word' id='word_1_777' title='bbox 2564 5032 2653 5086; x_wconf 80' lang='grc' dir='ltr'><strong>τὸν</strong></span> <span class='ocrx_word' id='word_1_778' title='bbox 2682 5029 2842 5084; x_wconf 82' lang='grc' dir='ltr'>αὑτὸν</span> <span class='ocrx_word' id='word_1_779' title='bbox 2869 5026 2980 5098; x_wconf 83' lang='grc'><strong>(65)</strong></span> <span class='ocrx_word' id='word_1_780' title='bbox 3006 5024 3104 5088; x_wconf 83' lang='grc' dir='ltr'>τὰς</span> <span class='ocrx_word' id='word_1_781' title='bbox 3130 5022 3222 5077; x_wconf 91' lang='grc' dir='ltr'><strong>δύο</strong></span> <span class='ocrx_word' id='word_1_782' title='bbox 3247 5021 3490 5076; x_wconf 83' lang='grc' dir='ltr'>κατιδεῖν</span> <span class='ocrx_word' id='word_1_783' title='bbox 3511 5018 3659 5107; x_wconf 86' lang='grc' dir='ltr'>ἔστιν</span> <span class='ocrx_word' id='word_1_784' title='bbox 3687 5011 3831 5107; x_wconf 70' lang='grc' dir='ltr'>άκρόε</span> 
     </span>
    </p>
   </div>
   <div class='ocr_carea' id='block_1_108' title="bbox 2286 5105 3842 5197">
    <p class='ocr_par' dir='ltr' id='par_1_108' title="bbox 2286 5105 3842 5197">
     <span class='ocr_line' id='line_1_108' title="bbox 2286 5105 3842 5197; baseline -0.018 -16"><span class='ocrx_word' id='word_1_785' title='bbox 2286 5105 2559 5197; x_wconf 44' lang='lat' dir='ltr'><strong>intuma</strong></span> <span class='ocrx_word' id='word_1_786' title='bbox 2589 5121 2810 5191; x_wconf 77' lang='grc' dir='ltr'>ἔσχατον</span> <span class='ocrx_word' id='word_1_787' title='bbox 2830 5119 2886 5170; x_wconf 82' lang='grc' dir='ltr'><strong>ἐν</strong></span> <span class='ocrx_word' id='word_1_788' title='bbox 2915 5115 3101 5184; x_wconf 80' lang='grc' dir='ltr'>κακίᾳ,</span> <span class='ocrx_word' id='word_1_789' title='bbox 3139 5111 3232 5166; x_wconf 73' lang='grc' dir='ltr'><strong>καὶ</strong></span> <span class='ocrx_word' id='word_1_790' title='bbox 3266 5111 3326 5164; x_wconf 80' lang='grc' dir='ltr'>τὸ</span> <span class='ocrx_word' id='word_1_791' title='bbox 3349 5109 3501 5163; x_wconf 81' lang='grc' dir='ltr'>κατὰ</span> <span class='ocrx_word' id='word_1_792' title='bbox 3525 5106 3624 5178; x_wconf 80' lang='grc' dir='ltr'>τὴν</span> <span class='ocrx_word' id='word_1_793' title='bbox 3654 5105 3842 5197; x_wconf 56' lang='grc' dir='ltr'>εὑημσ-</span> 
     </span>
    </p>
   </div>
   <div class='ocr_carea' id='block_1_109' title="bbox 2289 5189 3838 5283">
    <p class='ocr_par' dir='ltr' id='par_1_109' title="bbox 2289 5189 3838 5283">
     <span class='ocr_line' id='line_1_109' title="bbox 2289 5189 3838 5283; baseline -0.014 -16"><span class='ocrx_word' id='word_1_794' title='bbox 2289 5189 2408 5283; x_wconf 76' lang='grc' dir='ltr'>ρίαν</span> <span class='ocrx_word' id='word_1_795' title='bbox 2429 5189 2743 5281; x_wconf 78' lang='grc' dir='ltr'>ἀκρότατον.</span> <span class='ocrx_word' id='word_1_796' title='bbox 2766 5204 2909 5275; x_wconf 78' lang='grc' dir='ltr'>Πρὸς</span> <span class='ocrx_word' id='word_1_797' title='bbox 2933 5204 2962 5256; x_wconf 86' lang='grc' dir='ltr'><strong>ὃ</strong></span> <span class='ocrx_word' id='word_1_798' title='bbox 2988 5216 3069 5266; x_wconf 84' lang='grc' dir='ltr'><strong>τις</strong></span> <span class='ocrx_word' id='word_1_799' title='bbox 3095 5201 3325 5272; x_wconf 81' lang='grc' dir='ltr'>βλέπων,</span> <span class='ocrx_word' id='word_1_800' title='bbox 3355 5197 3584 5262; x_wconf 76' lang='grc' dir='ltr'>ὀκλάζει</span> <span class='ocrx_word' id='word_1_801' title='bbox 3614 5209 3727 5255; x_wconf 78' lang='grc' dir='ltr'><strong>πως</strong></span> <span class='ocrx_word' id='word_1_802' title='bbox 3753 5189 3838 5283; x_wconf 54' lang='grc' dir='ltr'><strong>τὴξ</strong></span> 
     </span>
    </p>
   </div>
   <div class='ocr_carea' id='block_1_110' title="bbox 2283 5278 3837 5372">
    <p class='ocr_par' dir='ltr' id='par_1_110' title="bbox 2283 5278 3837 5372">
     <span class='ocr_line' id='line_1_110' title="bbox 2283 5278 3837 5372; baseline -0.016 -14"><span class='ocrx_word' id='word_1_803' title='bbox 2283 5278 2539 5366; x_wconf 74' lang='grc' dir='ltr'>διάνοιαν,</span> <span class='ocrx_word' id='word_1_804' title='bbox 2579 5301 2784 5372; x_wconf 84' lang='grc' dir='ltr'>μήποτε</span> <span class='ocrx_word' id='word_1_805' title='bbox 2822 5297 3065 5368; x_wconf 83' lang='grc' dir='ltr'>κρεῖττον</span> <span class='ocrx_word' id='word_1_806' title='bbox 3159 5294 3225 5365; x_wconf 77' lang='grc' dir='ltr'>τῇ</span> <span class='ocrx_word' id='word_1_807' title='bbox 3253 5290 3584 5362; x_wconf 68' lang='grc' dir='ltr'>ἀνθρωπίνῃ</span> <span class='ocrx_word' id='word_1_808' title='bbox 3607 5287 3762 5358; x_wconf 83' lang='grc' dir='ltr'>φύσει</span> <span class='ocrx_word' id='word_1_809' title='bbox 3787 5278 3837 5333; x_wconf 62' lang='lat' dir='ltr'><strong>vi</strong></span> 
     </span>
    </p>
   </div>
   <div class='ocr_carea' id='block_1_111' title="bbox 2343 5650 2852 5722">
    <p class='ocr_par' dir='ltr' id='par_1_111' title="bbox 2343 5650 2852 5722">
     <span class='ocr_line' id='line_1_111' title="bbox 2343 5650 2852 5722; baseline -0.006 -15"><span class='ocrx_word' id='word_1_810' title='bbox 2343 5650 2476 5722; x_wconf 80' lang='lat'><strong>(63&#39;)</strong></span> <span class='ocrx_word' id='word_1_811' title='bbox 2501 5650 2732 5714; x_wconf 84' lang='grc' dir='ltr'>Τούτων.</span> <span class='ocrx_word' id='word_1_812' title='bbox 2763 5651 2852 5722; x_wconf 82' lang='lat' dir='ltr'><strong>ed.</strong></span> 
     </span>
    </p>
   </div>
   <div class='ocr_carea' id='block_1_112' title="bbox 2344 5721 2841 5809">
    <p class='ocr_par' dir='ltr' id='par_1_112' title="bbox 2344 5721 2841 5809">
     <span class='ocr_line' id='line_1_112' title="bbox 2344 5721 2841 5809; baseline -0.01 0"><span class='ocrx_word' id='word_1_813' title='bbox 2344 5721 2457 5809; x_wconf 55' lang='grc' dir='ltr'><strong>ἐξὲξ</strong></span> <span class='ocrx_word' id='word_1_814' title='bbox 2483 5721 2841 5809; x_wconf 63' lang='grc' dir='ltr'><strong>..ἰξαυτιῑινςάο</strong></span> 
     </span>
    </p>
   </div>
   <div class='ocr_carea' id='block_1_113' title="bbox 2341 5791 2942 5865">
    <p class='ocr_par' dir='ltr' id='par_1_113' title="bbox 2341 5791 2942 5865">
     <span class='ocr_line' id='line_1_113' title="bbox 2341 5791 2942 5865; baseline 0 -19"><span class='ocrx_word' id='word_1_815' title='bbox 2341 5793 2456 5865; x_wconf 84' lang='lat'><strong>(65)</strong></span> <span class='ocrx_word' id='word_1_816' title='bbox 2483 5792 2601 5846; x_wconf 84' lang='grc' dir='ltr'>Τῶν</span> <span class='ocrx_word' id='word_1_817' title='bbox 2635 5791 2831 5859; x_wconf 77' lang='grc' dir='ltr'>αὐτῶν,</span> <span class='ocrx_word' id='word_1_818' title='bbox 2857 5791 2942 5848; x_wconf 84' lang='lat' dir='ltr'><strong>ed.</strong></span> 
     </span>
    </p>
   </div>
  </div>
