3982 6462
197 366 307 422 ⁸83

1574 376 1640 428 ΙΝ
1672 374 1999 434 ΡδΑιΜοεδ

3329 357 3425 440 tsi

199 487 381 559 χεῖρον
411 482 696 552 λεγόμενον
723 498 738 513 ο
769 483 862 536 καὶ
882 481 942 537 τδ
966 483 1201 555 ἔμπαλιν
1225 480 1390 539 κακὸν
1430 488 1625 550 ἐκεῖνο,
1650 491 1678 543 ὃ
1705 493 1763 544 ἐν

1878 494 2049 560 Litas,
2084 506 2383 566 rursusque
2410 508 2609 553 malum
2642 507 2694 552 et
2726 498 2948 552 noxium
2979 496 3152 552 eidem
3184 512 3311 554 vere
3337 500 3426 555 sit.

196 580 266 649 τῇ
294 573 387 629 τοῦ
413 575 718 645 κρείττονος
749 567 1058 645 ἀριθμεῖται
1088 577 1267 649 μοίρᾳ.
1304 578 1365 631 El
1392 579 1499 648 γάρ
1524 581 1764 635 ἐπαινεῖ-

196 685 290 722 ται
318 667 413 738 μὲν
441 668 474 737 ἡ
498 664 810 735 δικαιοσύνη
834 705 849 729 ,
875 666 1101 737 πράττει
1126 667 1183 719 δὲ
1216 669 1399 732 κακῶς
1430 671 1457 724 ό
1489 670 1614 740 περὶ
1640 671 1765 723 ταύ-

197 779 301 832 την
321 756 687 826 ἐσπουδακὼς,
717 755 1056 812 διαόάλλεται
1081 760 1136 813 δὲ
1166 762 1198 831 ἡ
1219 762 1404 826 κακία,
1437 764 1529 815 καὶ
1554 764 1766 817 πάντων

196 853 310 905 τῷν
357 850 806 921 σπουδαζομένων
843 850 1086 921 διαρκεῖς
1133 852 1232 914 τὰς
1286 853 1613 917 ἀπολαύσεις
1654 857 1766 917 τοῖς

198 944 334 1015 ιντερ)⁸
360 943 529 1013 αὐτὴν
555 936 911 995 ἐσπουδακόσι
938 944 1239 1013 χαρίζεται,
1264 945 1379 1007 πῶς
1408 942 1523 998 ἐστι
1554 946 1627 1017 μὴ
1657 946 1767 1015 (66)

197 1033 600 1106 προτιμοτέραν
637 1032 771 1103 πρὸς
810 1032 924 1103 βίου
954 1035 1161 1103 αἵρεσιν
1185 1036 1392 1091 οἴεσθαι
1430 1036 1528 1107 τὴν
1568 1036 1768 1090 κακίαν

201 1112 566 1197 τῆξῖρέιξῆῖ,
594 1125 692 1196 τὴν
726 1116 1181 1198 κατεγνωσμένην
1210 1127 1310 1197 τῆς
1354 1125 1770 1197 ἐγκωμιαζομέ-

201 1232 335 1285 νηςς
360 1217 388 1267 ό
414 1216 589 1267 τοίνυν
616 1210 815 1284 ὑψηλὸς
840 1213 935 1285 τὴν
956 1214 1210 1276 διάνοιαν.
1241 1216 1336 1268 καὶ
1369 1212 1480 1268 οἷον
1502 1208 1609 1270 ἀπό
1628 1232 1771 1279 τινος

124 1328 133 1343 π
196 1308 434 1370 σκοπιᾶς
473 1307 763 1378 ἐξεχούσης
805 1306 917 1371 τοῖς
960 1307 1295 1377 ἀφεστηκόσι
1348 1308 1446 1361 τὸν
1498 1306 1771 1377 ὀφθαλμὸν

195 1399 551 1462 ἐπεκτείνων,
583 1399 689 1452 ῖδεν
710 1401 768 1451 ἐν
790 1386 833 1466 ᾧ
858 1401 972 1452 ἐστι
1000 1392 1101 1469 τῆς
1136 1399 1332 1462 κακίας
1365 1398 1503 1471 πρὸς
1522 1398 1621 1469 τὴν
1641 1400 1770 1469 ἀρε-

194 1493 298 1563 τὴν
326 1491 389 1544 τὸ
416 1491 701 1561 διάφορον,
737 1492 817 1544 ὅτι
867 1493 932 1544 ἐκ
977 1491 1085 1544 τῶν
1128 1492 1403 1562 ἐσχάτων,
1444 1492 1543 1544 οὑκ
1576 1483 1640 1543 ἐκ
1664 1489 1771 1542 τῶν

196 1583 482 1654 παρόντων
503 1584 535 1653 ἡ
557 1582 761 1635 τούτων
786 1582 993 1651 γίνεται
1022 1583 1218 1652 κρίσις.
1246 1582 1335 1653 Τῷ
1363 1582 1470 1654 γάρ
1494 1581 1773 1652 ἐποπτικῷ

193 1690 257 1725 τε
284 1676 379 1726 καὶ
403 1672 692 1743 διορατικῷ
727 1673 824 1743 τῆς
857 1673 1033 1743 ψυχῆς
1060 1673 1339 1743 ὀφθαλμῷ,
1370 1664 1443 1736 ὡς
1468 1673 1639 1744 παρὸν
1670 1690 1771 1726 κα·-

197 1765 488 1835 τανοτήσας,
505 1764 564 1817 τὸ
590 1765 655 1818 δι’
678 1764 886 1826 ἐλπίδος
904 1767 1015 1829 τοῖς
1040 1760 1260 1833 ἀγαθοῖς
1285 1761 1659 1834 ἀποκείμενον,
1679 1765 1772 1818 καὶ

202 1855 491 1927 παρελθὼν
519 1860 584 1927 τῇ
618 1856 763 1927 ψυχῇ
796 1857 903 1909 πᾶν
931 1855 992 1907 τὸ
1023 1856 1367 1926 φαινόμενον,
1400 1855 1548 1918 ἐντός
1578 1871 1638 1908 τε
1667 1854 1772 1907 τῶν
1804 1845 1845 1899 Β

204 1948 471 2020 οὐρανίων
500 1948 707 2000 ἀδύτων
736 1947 999 2017 παραδὺς,
1023 1946 1361 2001 καθάπτεται
1392 1947 1492 2017 τῆς
1520 1947 1774 2017 ἀκρισίας

202 2042 313 2095 τῶν
348 2038 737 2110 μικροπρεπῶς
760 2040 859 2110 τὴν
884 2038 979 2091 τοῦ
1019 2036 1186 2092 καλοῦ
1224 2038 1409 2109 κρίσιν
1446 2038 1559 2101 τοῖς
1580 2038 1775 2109 αἰσθη-

203 2136 377 2195 τικοῖς
403 2133 608 2203 μορίοις
633 2131 1051 2202 ἐπιτρεπόντων.
1083 2132 1158 2183 Δι’
1188 2123 1262 2183 ὧν
1292 2145 1478 2202 φησιν·
1521 2149 1539 2181 ι
1577 2131 1640 2183 Τί
1666 2131 1775 2201 γάρ

208 2242 300 2293 μοι
326 2224 559 2294 ὑπάρχει
586 2224 641 2275 ἐν
670 2222 746 2293 τῷ
768 2222 1000 2293 οὐρανῷ,
1032 2221 1124 2276 καὶ
1151 2222 1301 2294 παρά
1326 2222 1419 2275 σού
1448 2221 1502 2275 τί
1535 2221 1776 2292 ἠθέλησα

206 2315 301 2367 ἐπὶ
346 2313 448 2382 τῆς
486 2310 628 2383 γῆς;
668 2331 685 2363 ι
739 2311 817 2380 τῷ
848 2311 995 2383 αύτῷ
1042 2311 1212 2383 μορίῳ
1241 2311 1336 2364 τοῦ
1374 2311 1534 2381 λόγου
1571 2311 1630 2363 τὸ
1676 2310 1775 2381 μὲν

202 2406 455 2477 οὐράνιον
486 2402 871 2473 θαυμαστικῶς
897 2402 1213 2473 μεγαλύνων
1248 2421 1305 2457 τε
1334 2405 1427 2457 καὶ
1450 2402 1678 2473 ἐξαίρων
1699 2400 1776 2472 τῷ

201 2496 378 2566 λόγῳ,
422 2494 483 2549 τὸ
520 2494 576 2547 δὲ
623 2494 715 2547 ἐπὶ
749 2495 852 2565 γῆς
902 2497 1012 2557 τοῖς
1056 2495 1163 2547 τῶν
1197 2497 1436 2567 ἀνοήτων
1481 2494 1777 2563 ὀφθαλμοῖς

206 2587 641 2656 σπουδαζόμενον
684 2586 1171 2656 καταφρονητικῶς
1202 2604 1261 2639 τε
1318 2588 1413 2640 καὶ
1449 2584 1777 2649 σκωπτικῶς

206 2678 563 2758 ἐξευτελέων
600 2695 657 2730 τε
688 2681 780 2731 καὶ
822 2678 1246 2748 μυσαττόμενος.
1284 2678 1373 2741 Ὠς
1399 2678 1552 2743 εἴτις
1586 2682 1694 2736 τῶν
1719 2684 1776 2735 ἐν

204 2767 420 2842 φυλακῇ
452 2770 750 2841 τεχθέντων
790 2770 929 2841 μέγα
957 2787 1008 2823 τι
1045 2770 1243 2839 κρίνων
1273 2770 1477 2840 ἀγαθὸν
1521 2767 1658 2827 εἶναι
1686 2776 1778 2828 τὸν

205 2862 391 2932 ζόφον,
411 2856 455 2931 ᾧ
479 2862 748 2933 ἐνετράφη
768 2879 824 2915 τε
855 2863 949 2916 καὶ
976 2860 1329 2934 συνηύξησεν,
1353 2860 1469 2917 εἶτα
1490 2866 1590 2936 τῆς
1620 2867 1780 2920 ὑπαί-

208 2960 342 3028 θρου
370 2956 591 3028 χάριτος
638 2953 920 3026 μετασχὼν
950 2953 1349 3024 καταγινώσκει
1374 2956 1475 3027 τῆς
1508 2959 1780 3029 προτέρας

205 3049 373 3103 αὐτοῦ
409 3049 661 3120 κρίσεως,
699 3047 892 3117 λέγων,
921 3041 1058 3100 Οῖων
1098 3047 1385 3118 θεαμάτων
1412 3050 1562 3120 ⁴ἡλίου
1592 3058 1654 3102 ’τε
1687 3052 1779 3104 καὶ

210 3139 483 3210 ἀστέρων,
526 3140 619 3191 καὶ
661 3138 860 3202 παντὸς
885 3136 976 3190 τοῦ
1011 3139 1137 3207 περὶ
1173 3137 1263 3191 τὸν
1292 3139 1516 3209 οὐρανὸν
1549 3140 1779 3203 κάλλους

211 3228 509 3300 προετίθην
543 3228 653 3298 (67)
700 3228 792 3281 τὸν
842 3225 1044 3297 συνήθη
1089 3225 1250 3296 ζόφον
1289 3229 1357 3280 δι’
1402 3230 1655 3299 ἀπειρίαν
1686 3229 1777 3283 τοῦ

212 3322 544 3392 κρείττονος.
577 3314 650 3375 Ob
684 3319 842 3391 χάριν
876 3319 1382 3390 προκαταγινὼσκει
1405 3320 1483 3391 τῷ
1510 3321 1652 3392 λόγῳ
1684 3322 1780 3391 τῆς

212 3414 343 3484 περὶ
362 3413 423 3466 τὸ
444 3412 605 3466 καλὸν
635 3411 909 3481 ἀκρισίας,
940 3410 1185 3482 κτηνώδη
1209 3410 1385 3480 λέγων
1407 3413 1595 3465 ἑαυτὸν
1619 3408 1778 3476 εἶναι,

212 3505 317 3567 ἕως
353 3505 411 3556 ὲν
460 3502 686 3566 ἐκείνοις
726 3501 786 3554 τὸ
813 3500 1014 3570 ἀγαθὸν
1057 3499 1222 3572 ἐώρα.
1267 3501 1420 3554 Ἐπεὶ
1459 3503 1515 3555 δέ
1569 3504 1783 3571 ἐγένετο

218 3596 356 3667 μετά
383 3594 479 3648 τοῦ
505 3594 638 3647 Θεοῦ
662 3634 675 3659 ,
708 3594 839 3658 Θεὸς
875 3594 932 3647 δὲ
966 3596 994 3647 ό
1022 3591 1179 3661 λόγος
1199 3633 1214 3656 ,
1243 3594 1338 3647 καὶ
1368 3595 1504 3666 πρὸς
1531 3596 1590 3647 τὸ
1611 3596 1781 3662 δεξιὸν

1877 581 2020 651 quod
2040 597 2187 637 nunc
2208 584 2260 636 in
2294 599 2521 638 numero
2546 586 2672 639 boni
2700 593 3007 655 reputatur.
3036 585 3173 641 Nam
3197 588 3241 642 si
3269 590 3423 657 justi-

1873 673 1949 726 tia
1994 674 2269 738 laudatur,
2308 676 2357 730 is
2393 684 2575 730 autem
2612 676 2713 757 qui.
2746 676 3021 745 justitiam
3064 678 3429 748 amplectitur,

1872 767 2073 822 misere
2088 777 2140 822 et
2156 768 2479 824 calamitose
2498 768 2651 835 vivit;
2672 770 2782 825 etsi
2813 770 2985 825 altera
3009 786 3073 825 ex
3097 781 3250 841 parte
3273 772 3430 825 mali-

1872 857 1949 910 tia
1978 849 2339 927 vituperatur,
2380 858 2656 929 simulque
2698 860 2954 915 omnibus
3000 862 3092 930 qui
3124 861 3431 917 sceleribus

1872 947 2136 1019 implicati
2154 958 2302 1016 sunt,
2320 951 2502 1005 omnia
2520 951 2838 1007 deliciarum
2859 968 3058 1022 genera
3073 952 3287 1007 abunde
3301 969 3431 1023 sup—

1874 1048 2065 1109 petunt
2092 1056 2105 1089 2
2133 1043 2405 1111 quomodo
2432 1042 2544 1097 ﬁeri
2575 1052 2750 1113 potest
2776 1050 2835 1097 ut
2863 1044 2983 1112 quis
3002 1050 3154 1114 putet
3174 1044 3353 1114 potius
3374 1044 3430 1097 in

1872 1132 1975 1187 bac
2006 1133 2115 1185 vita
2146 1134 2447 1203 eligendam
2491 1136 2770 1199 virtutem,
2814 1148 2978 1205 quam
3010 1133 3296 1199 malitiam,
3330 1148 3453 1204 ρο·-

1872 1221 2090 1291 tiusque
2126 1236 2265 1286 eam,
2313 1239 2436 1293 qua:
2484 1232 2564 1278 tot
2612 1224 2862 1279 laudibus
2892 1224 3217 1289 celebratur,
3265 1240 3427 1295 quam

1873 1326 1992 1366 eam
2027 1328 2149 1382 quae
2182 1318 2261 1366 tot
2293 1315 2579 1384 vituperiis
2613 1314 2879 1370 adicitur?
2910 1313 3013 1381 Qui
3056 1315 3221 1385 igitur
3253 1324 3432 1370 mente

1873 1402 2087 1457 excelsa
2114 1413 2216 1466 est,
2249 1410 2303 1458 et
2342 1407 2490 1460 velut
2528 1405 2596 1458 ab
2627 1406 2729 1459 alta
2769 1404 3001 1475 quadam
3044 1406 3263 1475 specula
3300 1420 3425 1460 ocu-

1875 1497 1985 1550 lum
2018 1495 2072 1549 in
2099 1510 2187 1551 res
2216 1496 2443 1553 dissitas
2469 1497 2722 1559 intendit,
2745 1498 2792 1551 is
2825 1497 2992 1566 probe
3010 1498 3174 1561 videt,
3197 1512 3305 1567 quo
3329 1498 3433 1550 dis-

1873 1588 2102 1643 crimine
2145 1589 2334 1643 vitium
2372 1606 2400 1644 a
2440 1591 2643 1646 virtute
2684 1590 2876 1655 distet;
2905 1588 3031 1659 quia
3072 1589 3336 1657 judicium
3364 1587 3432 1643 de

1872 1679 1959 1733 his
1990 1694 2096 1732 non
2131 1696 2196 1735 ex
2228 1683 2609 1750 praesentibus,
2645 1681 2739 1737 sed
2772 1697 2835 1736 ex
2858 1680 3056 1735 futuris
3082 1680 3241 1744 facit;
3271 1680 3432 1733 oculo

1875 1772 2020 1825 enim
2051 1774 2249 1829 mentis
2275 1774 2339 1828 ad
2373 1774 2812 1845 perspiciendum
2841 1781 2893 1828 et
2923 1771 3308 1842 penetrandum
3340 1784 3431 1822 ac-

1875 1865 2237 1927 commodato,
2290 1872 2549 1937 tanquam
2599 1881 2839 1937 praesens
2888 1865 3132 1919 intuetur
3180 1863 3230 1916 id
3286 1862 3432 1932 quod

1874 1970 1972 2026 per
2025 1970 2175 2026 spem
2227 1957 2392 2027 justis
2457 1968 2541 2014 est
2604 1959 2901 2028 repositum
2932 1995 2947 2021 ,
3006 1966 3061 2010 et
3110 1954 3436 2025 cogitatione

1874 2045 2197 2112 praeteriens
2247 2061 2412 2102 omne
2456 2047 2600 2118 quod
2650 2048 2753 2102 sub
2798 2060 3016 2102 sensum
3065 2044 3230 2111 cadit,
3270 2052 3323 2098 et
3361 2043 3439 2097 in-

1874 2143 1959 2190 tra
1990 2138 2236 2193 caelestia
2271 2139 2431 2210 adyta
2469 2139 2768 2204 admissus,
2815 2138 3057 2194 stultitiae
3102 2142 3155 2191 et
3204 2134 3438 2191 vesaniae

1876 2228 2000 2284 illos
2039 2230 2388 2294 condemnat,
2421 2233 2517 2302 qui
2552 2232 2767 2301 abjeeto
2802 2232 2984 2284 animo
3017 2228 3279 2299 judicium
3311 2227 3440 2283 boni

1873 2319 2135 2389 potentiis
2154 2320 2221 2374 ad
2261 2321 2603 2376 sentiendum
2625 2322 2766 2390 aptis
2792 2318 3152 2373 committunt.
3188 2316 3440 2386 Quapro-

1875 2418 1996 2480 pter
2045 2427 2167 2465 cum
2212 2413 2344 2466 dicit
2389 2409 2599 2468 David:
2654 2432 2672 2464 ι
2705 2409 2845 2479 Quid
2896 2406 3039 2465 enim
3088 2409 3220 2463 mihi
3258 2418 3341 2464 est
3383 2410 3439 2463 in

1879 2502 2040 2565 cado,
2074 2508 2127 2555 et
2157 2517 2186 2555 a
2221 2510 2273 2557 te
2311 2504 2442 2573 quid
2482 2504 2627 2557 volui
2664 2518 2827 2572 super
2857 2509 3056 2556 terram
3084 2500 3165 2553 “‘2
3202 2520 3220 2552 ι
3250 2500 3439 2556 eodem

1877 2594 2145 2647 orationis
2162 2602 2419 2648 contextu
2437 2596 2568 2649 illud
2593 2593 2737 2665 quod
2761 2594 2979 2649 cmlcste
2999 2601 3103 2660 est,
3122 2593 3444 2647 mirabiliter

1877 2694 1931 2739 et
1954 2684 2216 2755 magnﬁce
2240 2686 2486 2749 extollit;
2519 2695 2571 2741 et
2595 2688 2738 2756 quod
2788 2686 2854 2739 ab
2879 2685 3246 2754 insipientium
3273 2683 3447 2738 oculis

1878 2777 2015 2830 tanti
2063 2777 2338 2847 penditur,
2368 2778 2526 2847 quasi
2570 2794 2667 2848 per
2696 2778 3014 2846 despectum
3046 2787 3098 2831 et
3148 2775 3443 2829 ludibrium

1879 2877 2159 2933 extenuat,
2203 2877 2257 2925 et
2290 2870 2344 2924 in
2378 2870 2563 2924 odium
2600 2869 2858 2923 adducit:
2910 2866 3365 2938 quemadmodum
3398 2862 3446 2922 si

1880 2961 2005 3029 quis
2030 2960 2083 3013 in
2111 2975 2329 3015 carcere
2358 2970 2540 3023 natus,
2582 2961 2836 3014 tenebras
2878 2959 3020 3023 illas,
3057 2959 3257 3028 quibus
3284 2960 3440 3012 innu-

1882 3053 2045 3106 tritus
2083 3060 2166 3107 est
2197 3059 2250 3106 et
2280 3053 2567 3115 educatus,
2598 3052 2785 3107 eximii
2816 3051 2941 3105 boni
2985 3051 3104 3104 loco
3136 3057 3447 3125 reputaret;

1883 3142 1973 3210 qui
2018 3140 2272 3209 deinceps
2311 3140 2534 3195 luminis
2566 3140 2697 3195 aerii
2732 3141 3006 3210 particeps
3050 3138 3265 3201 factus.
3309 3153 3447 3193 conc

1884 3234 2104 3288 demnat
2132 3234 2283 3302 prius
2314 3231 2445 3287 illud
2481 3247 2638 3288 suum
2669 3231 2955 3301 judicium,
2990 3238 3284 3299 narratque
3312 3242 3452 3299 qua-

1838 3382 1845 3389 _
1886 3323 2027 3378 libus
2052 3322 2378 3393 spectaculis
2422 3322 2556 3377 solis
2580 3329 2635 3376 et
2668 3321 2950 3375 steilarum
2973 3361 2986 3385 ,
3015 3319 3301 3389 omnisque
3328 3320 3452 3388 put-

1885 3414 2210 3470 chritudinis
2256 3427 2377 3483 qua:
2430 3412 2484 3466 in
2519 3412 2659 3468 caelo
2688 3412 3049 3481 conspicitur,
3094 3410 3450 3481 praeposuerit

1885 3504 2172 3574 caliginem
2222 3504 2309 3558 cui
2347 3510 2599 3559 assuetus
2638 3508 2791 3569 erat;
2846 3504 2991 3573 quod
3036 3505 3263 3559 meliora
3296 3506 3451 3575 igno-

1888 3604 2032 3650 raret
2062 3609 2076 3648 :
2112 3594 2318 3648 idcirco
2349 3595 2616 3666 improbat
2643 3601 2698 3649 et
2725 3594 2975 3664 repudiat
3005 3610 3162 3648 suum
3194 3596 3263 3650 de
3307 3596 3454 3649 bono

210 3687 841 3784 Wﬁmst
890 3686 1097 3755 γίνεται
1142 3685 1290 3759 αύτῷ
1341 3686 1510 3753 δεξιὸς
1556 3688 1642 3741 διὰ
1685 3689 1777 3758 τῆς

1888 3686 2193 3756 imperitum
2209 3685 2456 3755 judiciuu
2478 3701 2661 3756 ,seque
2688 3686 2872 3741 bestiae
2900 3687 3075 3740 instar
3099 3688 3304 3743 vixisse
3326 3704 3449 3758 proa

214 3766 425 3850 pﬁtﬁé
440 3766 804 3847 dirimi
840 3778 945 3831 ἴδεν
971 3777 1069 3849 τὴν
1094 3779 1150 3831 ἐν
1189 3779 1356 3850 ἀρετῇ
1398 3779 1573 3846 δόξαν,
1609 3781 1676 3834 δι’
1715 3776 1783 3853 ἦς

210 3873 424 3942 γίνεται
450 3875 563 3934 τοῖς
588 3871 725 3941 πρὸς
754 3870 846 3924 τὸν
871 3871 1096 3941 οὐρανὸν
1126 3870 1411 3940 βλέπουσιν
1434 3874 1466 3943 ἡ
1496 3874 1781 3945 ἀνάληψις,

208 3965 333 4017 τότε
378 3963 579 4033 χρῆται
605 3965 722 4026 ταῖς
756 3965 958 4030 φωναῖς
994 3962 1248 4025 ἐκείναις,
1280 3956 1407 4034 ὧνή
1446 3965 1541 4034 μὲν
1564 3967 1620 4017 ἐν
1650 3966 1782 4019 θαύ-

218 4074 348 4127 ματι
382 4042 633 4108 ποιεῖται
683 4053 744 4106 τὸ
786 4056 842 4107 ἐν
868 4054 1124 4125 οὐρανοῖς
1162 4054 1274 4124 (68)
1309 4055 1508 4124 ἀγαθόν
1528 4072 1541 4086 ο
1571 4057 1603 4127 ή
1636 4056 1691 4109 δὲ
1724 4057 1784 4110 τό

213 4148 494 4202 ούτιδανόν
531 4163 590 4198 τε
636 4146 729 4199 καὶ
761 4145 985 4216 μάταιον
1015 4146 1112 4216 τῆς
1151 4147 1506 4218 ὴπατημὲνης
1536 4148 1664 4217 περὶ
1693 4148 1784 4201 τὸν

214 4238 327 4309 βίον
351 4234 591 4303 σπουδῆς
618 4234 885 4289 διαπτύει.
916 4231 1066 4303 Ἔχει
1092 4232 1149 4287 δὲ
1182 4237 1331 4287 πᾶσα
1360 4236 1392 4306 ἡ
1426 4234 1568 4301 λέξις
1590 4234 1781 4301 οὕτως·

221 4350 237 4382 ι
283 4327 603 4399 Κτηνώδης,
647 4347 666 4379 ›
715 4327 896 4397 φησὶν,
938 4346 955 4377 ι
997 4327 1264 4397 ἐγενόμην
1296 4327 1446 4397 παρὰ
1481 4328 1583 4381 σοί.
1627 4349 1643 4380 ι
1674 4328 1786 4401 Τὴν

214 4423 410 4489 ἄλογον
443 4422 500 4473 ὲν
536 4421 646 4482 τοῖς,¹
684 4417 942 4481 τοιούτοις
985 4418 1358 4487 διασημαίνων
1390 4418 1782 4488 προσπάθειαν.

215 4512 349 4567 Εἶτα
378 4513 598 4581 ἐπάγει·
631 4532 648 4563 ι
674 4510 814 4578 Ἐγὼ
842 4511 898 4563 δὲ
922 4509 1008 4563 διά
1041 4510 1237 4572 παντὸς
1273 4508 1407 4578 μετά
1426 4509 1539 4562 σού.
1574 4529 1590 4561 ι
1619 4510 1788 4564 Τοῦτο

1889 3777 2088 3844 litetur,
2112 3777 2353 3847 quandiu
2384 3777 2437 3829 in
2483 3778 2591 3832 illis
2624 3778 2830 3832 bonum
2862 3779 2969 3832 sibi
3010 3781 3196 3835 videre
3224 3780 3449 3836 videba-

1888 3876 1997 3922 tur.
2028 3869 2097 3922 At
2124 3884 2245 3923 cum
2274 3868 2340 3922 ad
2369 3866 2537 3922 Deum
2569 3868 2838 3923 adductus
2864 3878 2978 3931 est.
3010 3869 3152 3925 Deus
3184 3886 3313 3925 vero
3364 3877 3449 3924 est

1889 3958 2062 4021 ratio;
2089 3964 2143 4012 et
2173 3958 2241 4012 ad
2316 3960 2592 4015 dexteram
2615 3964 2857 4030 pervenit
2877 3963 3014 4029 ;dux
3035 3972 3211 4017 autem
3234 3963 3454 4018 dextera

1888 4050 1935 4105 ei
1963 4051 2065 4105 fuit
2093 4051 2233 4106 ratio
2261 4066 2357 4121 per
2387 4051 2676 4105 consilium
2709 4062 2762 4106 et
2790 4052 3259 4117 deliberationem,
3292 4053 3455 4106 vidit-

1891 4159 1996 4214 que
2031 4144 2246 4198 virtutis
2278 4144 2530 4214 gloriam,
2564 4160 2671 4214 qua
2699 4145 2776 4198 illi
2812 4145 2902 4215 qui
2940 4147 3139 4200 ccelum
3169 4153 3415 4216 spectant
3437 4183 3457 4208 ,

1890 4251 2105 4290 sursum
2132 4237 2468 4304 evehuntur;
2495 4243 2621 4289 tunc
2636 4237 2863 4293 vocibus
2882 4238 2990 4291 illis
3012 4238 3199 4300 utitur,
3224 4253 3455 4306 quarum

1892 4328 2060 4382 altera
2099 4328 2324 4393 bonum,
2346 4330 2490 4397 quod
2522 4329 2662 4383 inter
2688 4330 2936 4384 homines
2964 4329 3250 4398 reperitUr,
3280 4329 3459 4383 extol-

1892 4420 1973 4484 lit,
2013 4426 2157 4473 etut
2202 4418 2583 4475 admirandum
2622 4422 2921 4491 pra-dicat;
2961 4421 3131 4474 altera
3165 4421 3458 4475 vanitatem

1891 4521 1943 4565 et
1968 4512 2270 4566 {utilitatem
2291 4510 2497 4568 fallacis
2514 4514 2675 4569 studii
2695 4516 2748 4567 in
2771 4512 2871 4567 hac
2893 4514 2998 4566 vita
3019 4514 3355 4580 detestatur;
3381 4514 3462 4568 sic

214 4606 270 4658 δὲ
310 4604 487 4658 εἰπὼν
534 4604 627 4656 καὶ
680 4603 769 4655 τὸν
802 4603 1000 4671 τρόπον
1049 4601 1149 4670 τῆς
1195 4602 1330 4672 πρὸς
1364 4600 1452 4653 τὸν
1493 4600 1622 4655 Θεὸν
1663 4619 1777 4655 συν-

1892 4611 2066 4655 autem
2092 4608 2201 4655 tota
2233 4603 2407 4657 oratio
2434 4605 2498 4657 ad
2524 4606 2747 4659 verbum
2777 4606 2937 4659 liabet
2966 4624 2982 4658 :
3016 4623 3033 4655 ι
3068 4598 3132 4658 Ut
3152 4604 3463 4673 jumeutum

216 4695 418 4764 αφείας
452 4692 826 4763 προστίθησιν.
859 4693 943 4754 Ὠς
974 4689 1039 4743 ἂν
1067 4691 1159 4743 καὶ
1184 4692 1342 4761 ἡμεῖς
1361 4692 1645 4763 μάθοιμεν,
1680 4692 1777 4756 πῶς

1883 4692 2060 4748 factus
2074 4709 2193 4748 sum
2214 4694 2353 4764 apud
2374 4696 2478 4750 te“.
2502 4709 2522 4745 ι
2547 4695 2644 4751 His
2666 4696 3001 4751 affectionem
3022 4697 3248 4752 rationis
3269 4714 3465 4767 exper-

217 4787 246 4836 ὁ
279 4785 500 4856 πρῶτον
522 4782 800 4854 κτηνώδης
829 4784 965 4851 μετά
985 4783 1158 4836 ταῦτα
1179 4783 1256 4853 τῷ
1280 4782 1398 4854 Θεῷ
1427 4784 1754 4838 συνάπτεται
1776 4800 1792 4814 ⁸

1893 4794 1998 4840 tem
2046 4784 2406 4840 demonstrat.
2440 4786 2605 4840 Addit
2666 4788 2906 4842 deinde:
2949 4807 2966 4840 ι
3006 4782 3071 4841 Ει
3116 4803 3218 4858 ego
3253 4804 3466 4858 semper

224 4898 245 4930 ι
280 4878 623 4949 Ἐκράτησας
660 4895 677 4927 ι
720 4876 851 4945 γὰρ,
891 4877 1045 4945 φησὶ,
1092 4896 1107 4927 ι
1150 4875 1249 4946 τῆς
1286 4876 1463 4949 χειρὸς
1490 4876 1586 4949 τῆς
1616 4878 1777 4942 δεξιᾶς

1892 4885 2092 4933 tecum.
2132 4897 2152 4930 ι
2180 4876 2305 4932 Haec
2358 4878 2545 4935 dicens
2594 4880 2753 4933 etiam
2788 4880 3007 4934 modum
3054 4881 3467 4950 eonjunctionis

222 4988 348 5040 μου.
388 4988 405 5018 ι
441 4968 576 5020 Θεοῦ
618 4965 904 5037 ἀντίληψιν
931 4966 1114 5033 λέγει,
1144 4967 1241 5036 τὴν
1273 4968 1408 5038 πρὸς
1431 4966 1498 5019 τά
1528 4967 1675 5033 δεξιά
1694 4966 1777 5038 τῆς

1894 4985 2013 5023 cum
2044 4970 2153 5023 Deo
2187 4969 2396 5040 adjicit,
2423 4979 2482 5023 ut
2510 4977 2564 5026 et
2597 4986 2699 5025 nos
2729 4971 3028 5036 discamus,
3071 4971 3345 5041 quomodo
3368 4971 3469 5042 qui

218 5059 463 5121 διανοίας
482 5057 678 5127 ὁρμήν.
713 5075 731 5108 ι
760 5056 868 5109 Καὶ
888 5058 945 5109 ἐν
965 5058 1029 5126 τῇ
1055 5055 1213 5127 βουλῇ
1236 5073 1329 5108 σου
1350 5056 1636 5145 mea;
1654 5074 1741 5127 με·
1774 5078 1777 5109 1

1896 5061 2045 5131 prius
2077 5061 2250 5117 instar
2283 5063 2516 5132 jumenti
2549 5072 2697 5129 erat,
2741 5073 2929 5135 postea
2959 5080 3082 5120 eum
3114 5065 3222 5121 Deo
3263 5080 3467 5122 conso-

220 5151 280 5203 ού
313 5150 429 5219 γὰρ
462 5150 587 5202 ἄνευ
617 5147 766 5210 θείας
805 5144 1000 5216 βουλῆς
1034 5145 1241 5214 γίνεται
1272 5136 1642 5199 ἐπΓτῖῖάλδν
1669 5146 1777 5219 όδη

1896 5150 2092 5205 cietur.
2128 5168 2147 5201 ι
2198 5146 2480 5220 Tenuisti,
2512 5173 2530 5205 ι
2568 5155 2762 5224 inquit,
2824 5173 2843 5205 ι
2875 5154 3151 5211 dexteram
3198 5170 3393 5210 meam.
3438 5171 3465 5205 ιι

221 5243 336 5309 γῐα.
378 5258 397 5291 ι
441 5240 553 5294 Καὶ
588 5239 724 5310 μετὰ
751 5237 908 5309 δόξης
937 5236 1272 5308 προσελάϐου
1295 5236 1618 5308 με.ιΚαλῶς
1648 5240 1777 5292 ἀντιι

1900 5240 1993 5296 Dei
2031 5243 2292 5298 auxilium
2329 5245 2503 5300 innuit
2550 5262 2643 5315 per
2675 5246 2871 5301 utentis
2899 5246 2966 5301 ad
3004 5246 3282 5301 dexteram
3313 5254 3467 5299 tran—

221 5333 527 5389 διαστέλλει
570 5335 640 5402 τῇ
682 5330 911 5403 αἰσχύνῃ
950 5330 1048 5400 τὴν
1094 5328 1271 5394 δόξαν.
1339 5329 1497 5395 ’Ήτις
1546 5330 1777 5404 καθάπερ

1901 5332 2177 5389 sitionem.
2228 5356 2245 5387 ι
2284 5335 2349 5389 Et
2382 5337 2435 5391 in
2462 5338 2735 5394 voluntate
2762 5347 2852 5394 tua
2875 5336 3148 5395 deduxisti
3174 5352 3279 5392 me.
3313 5355 3335 5387 ι
3361 5333 3472 5392 Ne-

299 5518 350 5544 “
369 5513 516 5568 Psal.
544 5528 712 5576 Lxxn,
746 5511 836 5567 25.
911 5509 1081 5565 l’ibid.
1106 5508 1174 5564 '25
1196 5524 1321 5579 sqq.

302 5700 415 5767 (66)
442 5700 525 5765 Μή
562 5714 673 5750 om.
706 5696 789 5752 ed.

442 5700 525 5824 LI?)
562 5714 677 5823 ω’ίὸ
706 5696 841 5822 θάἰ]
1992 5693 2101 5764 (6⁸)
2133 5693 2482 5766 ’Ᾱνθρὼποις,
2520 5695 2608 5751 ed.

504 5787 627 5843 ροετ
682 5786 751 5833 ει,
777 5784 805 5822 e
850 5808 865 5822 .
