3982 6482
503 398 609 456 655

1711 397 1769 450 S.
1817 394 2141 454 GREGOBII
2178 394 2474 453 NYSSENI

3610 385 3711 440 456

504 533 613 591 que
633 516 774 571 enim
800 515 916 570 sine
943 513 1124 568 divina
1155 513 1435 569 voluntate
1473 513 1532 568 lit
1559 513 1626 568 ad
1653 523 1858 570 rectum
1884 524 1939 572 et
1966 516 2059 571 ho-

2171 518 2340 589 Sx'qu
2364 535 2416 571 tt
2447 516 2538 570 ml.
2565 518 2761 586 πτερὸν
2793 514 2998 582 γίνεται
3024 511 3116 565 τοῦ
3141 511 3242 563 ὑπὸ
3264 507 3360 578 τῆς
3379 503 3528 567 θείας
3549 517 3714 573 προσ⁴

503 616 718 665 nestum
740 604 1026 661 traductio.
1081 621 1100 654 ι
1132 603 1196 658 Et
1223 618 1345 676 cum
1372 603 1544 674 gloria
1566 605 1855 675 suscepisti
1890 621 1995 662 me.
2039 625 2058 658 ι

2171 608 2566 681 λαμϐανομένου
2606 606 2808 677 χειρὸς,
2849 607 2976 658 ὅταν
3015 603 3098 664 τὶς
3130 599 3314 655 ἑαυτὸν
3347 595 3456 649 τῶν
3484 593 3605 646 κατ’
3632 592 3713 645 ai-

505 699 737 755 Pulchre
767 696 988 767 opponit
1021 694 1214 766 pudori
1244 696 1508 766 gloriam;
1561 713 1682 767 qua:
1715 696 1873 767 quasi
1912 696 2064 750 vehi-

504 793 686 846 culum
727 797 781 844 et
823 789 906 842 ala
943 787 1191 858 quaedam
1232 789 1309 842 illi
1340 799 1444 852 est,
1477 789 1570 860 qui
1613 805 1644 844 a
1683 789 1864 844 divina
1895 802 2058 842 manu

505 881 801 938 assumitur
839 890 894 934 et
931 879 1168 935 ducitur.
1223 879 1319 934 llis
1372 880 1484 936 haec
1541 881 1788 950 adjecit:
1849 897 1869 930 ι
1918 877 2062 944 Quid

504 975 648 1031 enim
689 973 820 1027 mihi
867 981 951 1028 est
999 972 1054 1028 in
1091 973 1266 1037 coelo,
1302 981 1356 1027 et
1385 989 1414 1028 a
1458 980 1514 1030 te
1543 974 1673 1044 quid
1705 973 1848 1028 volui
1903 988 2067 1042 super

507 1065 752 1121 terram?
798 1082 818 1116 ›
889 1064 958 1118 At
1001 1063 1146 1135 quod
1195 1065 1350 1119 multi
1409 1066 1714 1121 mortalium
1781 1064 2066 1134 hucusque

499 1153 670 1210 'etiam
717 1153 1000 1219 factitant,
1037 1153 1091 1209 id
1134 1152 1381 1210 videlicet
1410 1162 1530 1218 est:
1555 1169 1678 1210 cum
1710 1161 1918 1208 tantam
1965 1153 2065 1208 bo-

507 1261 701 1300 norum
740 1245 950 1316 copiam
999 1245 1052 1300 in
1088 1246 1228 1301 caelo
1262 1247 1554 1315 repositam
1583 1245 1838 1308 habeant,
1872 1245 1938 1300 ad
1976 1260 2068 1299 ar-

505 1340 728 1394 bitrium
768 1355 962 1407 suum;
1006 1339 1360 1396 nihilominus
1393 1341 1645 1411 precibus
1674 1354 1892 1411 quoque
1942 1354 2069 1394 con-

505 1429 767 1492 tendunt,
823 1437 881 1483 ut
932 1446 962 1484 a
1013 1429 1120 1485 Deo
1170 1430 1452 1486 obtineant
1483 1431 1798 1486 umbratiles
1850 1430 1972 1486 illas
2017 1440 2070 1486 et

418 1521 437 1558 έ-
511 1519 864 1588 imaginarias
891 1521 1166 1588 fallacias,
1202 1521 1628 1577 dominationem
1649 1563 1665 1588 ,
1697 1523 1952 1592 inquam,
1982 1521 2070 1576 vel

399 1647 420 1681 ς,
511 1611 794 1677 honorem,
825 1614 900 1667 vel
928 1612 1166 1678 divitias,
1196 1615 1281 1669 vel
1311 1614 1563 1669 miseram
1587 1613 1732 1668 illam
1759 1613 2064 1682 gloriolam,

513 1705 671 1773 cujus
718 1705 971 1774 cupidine
1001 1705 1302 1761 humanum
1335 1721 1506 1776 genus
1543 1707 1767 1763 insanit.
1803 1706 1905 1772 Qui
1939 1720 2070 1760 vero

506 1797 560 1852 in
584 1797 896 1851 caelestibus
923 1808 1194 1862 versatur,
1223 1798 1270 1853 is
1297 1805 1350 1853 et
1372 1798 1475 1853 hoc
1495 1796 1686 1852 ordine
1714 1795 2071 1853 conveniente

2164 703 2362 774 σχύνην
2403 701 2579 772 ἔργων
2611 696 2966 770 ἀλλοτριώσῃ.
3011 695 3121 748 Καὶ
3160 692 3301 746 οὕτω
3330 691 3442 752 τοῖς
3479 685 3718 758 ῥηθεῖσιν

2165 794 2430 863 ἐπήγαγεο
2470 808 2490 842 t
2522 790 2590 842 Τί
2617 789 2726 860 γάρ
2769 805 2857 860 μοι
2892 787 3125 857 ὑπάρχει
3169 785 3226 836 ὲν
3251 781 3329 854 τῷ
3361 777 3593 850 οὐρανῷ,
3627 775 3720 829 καὶ

2165 885 2314 955 παρὰ
2353 884 2445 936 σου
2471 881 2524 934 τί
2552 881 2790 952 ἠθέλησα
2834 880 2926 933 ἐπὶ
2952 879 3050 949 τῆς
3095 876 3234 946 γῆςς
3289 893 3307 923 ο
3350 873 3378 926 6
3413 871 3480 942 δὴ
3509 865 3722 922 ποιοῦσι

2168 976 2329 1047 μέχρι
2362 973 2455 1028 τοῦ
2503 973 2597 1026 νῦν
2635 974 2684 1026 οἱ
2731 971 2914 1024 πολλοὶ
2958 969 3066 1022 τῶν
3096 965 3396 1038 ἀνθρώπων
3423 985 3440 1001 ο
3471 959 3723 1014 τοιούτων

2165 1069 2345 1131 αὐτοῖς
2397 1066 2514 1119 κατ’
2567 1064 2814 1132 ἐξουσίαν
2862 1060 3214 1130 ὑπαρχόντων
3265 1059 3322 1110 ὲν
3364 1054 3442 1126 τῷ
3488 1049 3723 1124 οὐρανῷ,

2164 1158 2311 1229 ὅμως
2343 1158 2400 1210 ἐν
2432 1155 2595 1226 εὐχῆς
2632 1155 2783 1228 μέρει
2818 1151 3094 1207 ποιοῦνται
3138 1151 3198 1204 τὸ
3249 1147 3402 1220 παρά
3444 1146 3539 1200 τοῦ
3589 1143 3724 1198 Θεοῦ

2165 1246 2414 1316 γενέσθαι
2441 1245 2539 1308 τὰς
2561 1241 2948 1314 φαπασιὼδεις
2973 1242 3204 1303 ἀπάτας,
3241 1235 3554 1290 δυναστείαν
3581 1231 3724 1295 τινα,

2166 1339 2199 1411 ἢ
2227 1339 2411 1410 τιμὴν,
2461 1339 2495 1408 ἦ
2529 1337 2775 1400 πλοῦτον,
2810 1337 2843 1408 ἢ
2885 1335 2944 1389 τὺ
2973 1334 3230 1403 δύστηνον
3257 1323 3415 1384 τοῦτο
3459 1327 3726 1398 δοξάριον,

2169 1432 2296 1504 περὶ
2326 1431 2354 1484 ὃ
2389 1431 2627 1502 μέμηνεν
2659 1433 2691 1501 ἡ
2716 1429 3023 1500 ἀνθρωπίνη
3051 1426 3226 1496 φύσις.
3273 1423 3332 1478 '0
3358 1423 3414 1476 δὲ
3436 1423 3492 1475 ὲν
3519 1420 3730 1482 τούτοις

2169 1521 2478 1593 γενόμενος,
2521 1520 2589 1573 δι’
2637 1518 2931 1574 ἀκολούθου
2972 1516 3165 1584 ἐπάγει
3198 1514 3288 1572 t6.
3323 1531 3342 1564 ι
3396 1510 3547 1580 Ἐμοὶ
3579 1508 3635 1562 δὲ
3669 1506 3732 1560 τὸ

2169 1611 2599 1685 προσκολλᾶσθαι
2629 1611 2708 1681 τῷ
2738 1609 2856 1680 Θεῷ
2895 1608 3093 1677 ἀγαθόν
3128 1609 3264 1667 ἐστι,
3294 1601 3534 1657 τίθεσθαι
3560 1601 3618 1652 ὲν
3651 1597 3732 1668 τῷ

2168 1707 2356 1778 Κυρίῳ
2388 1705 2486 1776 τὴν
2510 1705 2699 1758 ἐλπίδα
2723 1721 2843 1774 μου.
2882 1723 2900 1754 ι
2939 1701 3107 1754 Τοῦτο
3131 1699 3362 1760 δεικνὺς,
3387 1696 3468 1748 ὃτι
3491 1691 3736 1778 συμφύεσ-

2169 1777 2269 1852 ταιί
2288 1795 2482 1868 τρόπον
2510 1792 2630 1848 τινὰ
2651 1792 2728 1862 τῷ
2759 1791 2899 1860 Θεῷ,
2930 1792 2958 1843 6
2977 1789 3112 1858 πρὸς
3139 1785 3297 1839 αὑτὸν
3325 1782 3412 1836 διὰ
3432 1780 3538 1834 τῶν
3577 1777 3735 1832 ἐλπίς

507 1883 656 1938 addit
688 1903 701 1939 :
740 1905 758 1938 ‹
797 1885 925 1940 Mihi
962 1857 1238 1942 adhaerere
1272 1886 1381 1943 Deo
1411 1889 1615 1944 bonum
1642 1897 1748 1952 est,
1781 1901 1983 1958 ponere
2015 1886 2069 1940 in

2171 1888 2272 1942 δων
2303 1857 2654 1956 κολλώμενος,
2691 1857 2784 1936 καὶ
2813 1857 2868 1935 ἓν
2890 1857 3027 1952 πρὸς
3053 1881 3255 1932 ἐκεῖνον
3281 1875 3588 1944 γενόμενος.

507 1973 736 2032 Domino
763 1992 912 2048 spem
944 1992 1115 2032 meam
1145 1996 1159 2032 :
1196 1996 1215 2028 ι
1253 1979 1356 2033 hoc
1384 1977 1720 2050 signiﬁcans,
1748 1979 1900 2034 illum
1933 1978 2335 2052 quodammodo
2385 1979 2494 2033 Deo
2529 1975 2784 2041 adnasci,
2847 1973 2938 2044 qui
2987 1971 3091 2043 ipsi
3141 1985 3238 2042 per
3293 1984 3442 2040 spem
3485 1967 3738 2020 adhaere-

508 2070 614 2127 scit
635 2111 651 2138 ,
683 2087 851 2126 unum
884 2086 1008 2126 cum
1041 2071 1161 2142 ipso
1195 2071 1392 2126 factus.

1123 2237 1348 2293 CAPUT
1387 2237 1498 2294 VII.

583 2371 716 2428 Cum
751 2369 915 2442 igitur
941 2369 996 2425 in
1022 2369 1180 2424 tertia
1202 2371 1442 2427 sectione
1475 2371 1743 2441 ejusmodi
1771 2373 1844 2428 sit
1875 2373 1943 2427 ad
1975 2389 2077 2429 su-

513 2476 641 2530 pera
669 2474 953 2524 ascensus,
983 2457 1030 2512 is
1050 2459 1142 2528 qui
1167 2459 1272 2515 huc
1295 2460 1640 2516 celsitudinis
1657 2470 1890 2517 mentem
1918 2476 2075 2516 suam

507 2554 776 2623 provexit,
798 2568 992 2608 rursus
1013 2554 1296 2624 superiore
1313 2553 1481 2625 gradu
1504 2555 1863 2625 apprehenso,
1896 2555 2076 2624 seipso

510 2645 570 2697 ﬁt
617 2643 790 2712 major
829 2653 882 2697 ct
921 2645 1225 2709 sublimior,
1263 2645 1316 2699 in
1365 2655 1559 2715 quarta
1598 2648 1854 2700 nimirum
1889 2656 2072 2716 parte,

508 2735 656 2789 velut
679 2736 928 2797 tertium‘,
961 2745 1021 2791 ut
1051 2735 1252 2792 Paulus
1275 2740 1372 2805 ait,
1399 2739 1601 2796 cmlum
1636 2741 1930 2804 transiens,
1957 2755 2076 2809 spa-

509 2826 604 2880 tiis
642 2825 754 2896 jam
807 2828 958 2896 prius
1015 2831 1315 2900 peragratis
1366 2832 1633 2886 excelsior
1681 2831 1958 2886 edicitur:
2018 2833 2071 2885 in

511 2932 696 2986 quam,
733 2919 970 2988 nonjam
993 2921 1172 2989 quivis
1194 2920 1260 2976 de
1282 2922 1460 2990 vulgo,
1493 2921 1584 2976 sed
1613 2923 1775 2975 homo
1805 2938 1928 2976 cum
1965 2921 2072 2976 Duo

504 3009 874 3079 conjunctus,
925 3009 1189 3082 ﬁrmoque
1246 3029 1387 3067 nexu
1435 3015 1723 3082 copulatus
1775 3015 1969 3068 subit:
2004 3015 2074 3067 ita

506 3117 637 3156 vero
677 3117 797 3158 sese
829 3103 991 3157 habet
1030 3104 1236 3168 oratio,
1267 3121 1389 3174 quae
1422 3108 1700 3176 sequentis
1729 3108 1899 3175 partis
1928 3107 2075 3174 prin~

2715 2230 3106 2286 ΚΕΦΔΛΑΙΟΝ
3140 2231 3213 2286 Z'.

2244 2372 2512 2443 Τοιαύτης
2553 2370 2728 2428 τοίνυν
2767 2369 3062 2440 γενομένης
3092 2367 3756 2455 ὲμῆῷηίτρίτωμημιὲι

2172 2464 2270 2534 τῆς
2299 2464 2390 2518 ἐπὶ
2415 2463 2476 2517 τδ
2518 2461 2649 2532 ὕψος
2680 2461 2898 2534 ἀνόδου,
2932 2461 2960 2512 6
2988 2460 3082 2513 ἐπὶ
3110 2458 3357 2512 τοσοῦτον
3404 2459 3743 2530 ἀναληφθεὶς

2169 2532 2268 2625 την
2293 2552 2549 2616 διάνοιαν,
2581 2532 2868 2606 πάλῖἶδτοῦ
2904 2550 3297 2622 ὑπερκειμένου
3329 2549 3535 2621 βαθμοῦ
3563 2550 3739 2605 λαϐό-

2173 2662 2350 2714 μενος.
2377 2645 2584 2713 γίνεται
2614 2644 2778 2708 αὐτὸς
2804 2643 2996 2710 ἑαυτοῦ
3032 2643 3234 2713 μείζων
3257 2630 3706 2717 καΐῦᾷῆλῖἷιερος
3724 2661 3739 2675 °

2170 2738 2226 2788 ὲν
2277 2736 2355 2806 τῷ
2403 2736 2643 2807 τετάρτῳ
2691 2734 2879 2805 μέρει,
2909 2735 3086 2810 ,οἱονεὶ
3128 2736 3309 2805 τρίτον
3334 2736 3454 2790 τινὰ
3477 2739 3615 2792 κατά
3641 2739 3744 2791 τὸν

2176 2827 2382 2881 Παῦλον
2425 2825 2614 2890 διαϐὰς
2661 2825 2907 2894 οὐρανὸν.
2962 2825 3058 2877 καὶ
3100 2825 3208 2878 τῶν
3255 2827 3745 2899 προδιηνυσμένων

2175 2919 2485 2988 ύψωμάτων
2538 2917 2773 2986 γεγονὼς
2821 2917 3170 2989 ὑψηλότερος.
3241 2920 3553 2990 Διαδέχεται
3622 2922 3744 2992 γὰρ

2173 3009 2344 3060 ταῦτα
2382 3007 2562 3061 οὐκέτι
2598 3011 2627 3061 6
2660 3008 2833 3071 κοινὸς
2866 3005 3168 3077 ἄνθρωπος,
3195 3009 3309 3061 ἀλλ’
3335 3010 3362 3060 6
3396 3011 3744 3081 προσκολλη-

2175 3097 2285 3161 θεὶς
2313 3099 2410 3170 ἠδη
2441 3100 2531 3152 καὶ
2560 3099 2897 3170 συνημμένος
2922 3099 3058 3170 Θεῷ.
3081 3103 3217 3173 Φησὶ
3244 3103 3300 3156 δὲ
3323 3103 3491 3168 οὕτως
3523 3107 3550 3158 6
3578 3106 3746 3174 λόγος

506 3193 707 3263 cipium
735 3201 820 3248 est
858 3212 870 3246 :
913 3213 931 3244 ι
967 3192 1153 3249 Oratio
1197 3193 1368 3267 Moysi
1408 3197 1612 3251 homini
1663 3196 1751 3252 Dei
1785 3198 1824 3251 ⁸.
1872 3218 1888 3248 ι
1925 3196 2069 3250 Talis

2171 3188 2264 3240 τοῦ
2301 3189 2495 3259 ἐφεξῆς
2527 3190 2723 3264 μέρους
2751 3189 3068 3262 ἀρχόμενος·
3104 3211 3122 3241 ι
3165 3194 3441 3265 Προσευχὴ
3465 3196 3540 3266 τῷ
3559 3199 3744 3272 Μωσῇ

505 3280 651 3335 enim
689 3281 803 3347 jam
851 3282 949 3335 iste
980 3291 1098 3348 est,
1135 3293 1196 3338 ut
1223 3299 1331 3339 non
1365 3285 1596 3355 amplius
1646 3301 1784 3355 Opus
1818 3286 2011 3340 habeat
2041 3301 2070 3340 a

509 3372 645 3442 lege,
679 3381 939 3441 tanquam
970 3390 998 3427 a
1028 3374 1318 3445 ptedagogo
1345 3376 1572 3441 instrui;
1602 3377 1695 3432 sed
1724 3387 1781 3430 ut
1806 3377 1921 3445 ipse
1950 3377 2070 3430 aliis

508 3464 644 3532 legis
668 3465 859 3518 doctor
880 3473 933 3519 et
959 3467 1278 3536 explanator
1305 3467 1416 3529 ﬁat,
1444 3467 1749 3536 cujusmodi
1780 3477 1896 3522 erat
1926 3467 2074 3538 Moy-

510 3569 598 3608 ses
632 3554 720 3608 ille
749 3556 1033 3616 sublimis.
1075 3557 1142 3612 de
1174 3572 1284 3626 quo
1307 3557 1418 3626 jam
1459 3559 1795 3624 audivimus,
1836 3559 1928 3628 qui
1978 3575 2070 3612 re-

509 3647 649 3713 giam
685 3645 1023 3715 dignitatem.
1051 3656 1308 3721 tanquam
1337 3650 1610 3717 pulverem
1642 3650 1868 3720 pedibus
1891 3649 2072 3703 adhae-

511 3744 809 3790 rescentcm
854 3747 1047 3808 sponte
1081 3741 1358 3805 excussit;
1387 3740 1481 3810 qui
1517 3742 1877 3813 quadraginta
1911 3743 2072 3797 annis

509 3825 579 3879 ab
621 3825 902 3880 hominum
936 3827 1214 3882 consortio
1257 3844 1378 3884 sese
1419 3833 1753 3901 segregavit,
1789 3831 1939 3886 solus
1967 3831 2074 3886 sibi

509 3920 610 3974 soli
642 3920 850 3983 vivens,
881 3921 1044 3990 inque
1067 3936 1163 3975 sua
1194 3919 1376 3990 quiete
1395 3921 1866 3993 inaspectabilium
1891 3937 2071 3976 rerum

509 4011 952 4079 contemplationi
1005 4025 1272 4079 suspensa
1315 4020 1494 4068 mente
1534 4027 1770 4078 vacans;
1807 4013 1899 4083 qui
1951 4019 2073 4082 post

519 4104 632 4157 haec
673 4102 927 4156 inetl‘abili
960 4104 1160 4159 lumine
1219 4103 1471 4175 perfusus
1500 4113 1612 4170 est,
1643 4105 1944 4173 animaeque
1976 4118 2070 4172 pe-

508 4191 607 4245 des
639 4207 702 4244 ex
747 4191 998 4246 coriaceo
1041 4200 1093 4245 et
1139 4204 1353 4246 mortuo
1406 4200 1719 4262 tcgumento
1769 4192 2070 4261 expedivit;

511 4284 602 4354 qui
648 4283 959 4354 [Egyptium
999 4288 1294 4339 exercitum
1337 4295 1391 4340 et
1422 4296 1708 4355 tyrannum
1739 4286 1840 4340 sibi
1883 4293 2073 4339 mutuo

512 4375 926 4432 succedentibus
959 4376 1130 4445 plagis
1159 4377 1390 4443 attrivit,
1430 4386 1615 4448 erepto
1656 4376 1854 4433 lsraele
1887 4393 1951 4433 ex
1986 4385 2068 4447 ty-

2172 3278 2440 3349 ἀνθρώπῳ
2474 3280 2566 3332 τοῦ
2617 3279 2749 3333 Θεοῦ
2773 3298 2786 3310 ·
2836 3299 2854 3332 ο
2903 3282 3134 3346 τοιοῦτος
3162 3285 3268 3355 γὰρ
3309 3286 3407 3356 ἤδη
3440 3283 3620 3353 οὗτος,
3661 3292 3746 3354 ὡς

2177 3370 2369 3441 μηκέτι
2405 3371 2864 3440 παιδαγωγεῖσθαι
2906 3374 3053 3444 νόμῳ
3076 3415 3090 3438 ,
3122 3374 3234 3428 ἀλλ’
3289 3378 3580 3449 εἰσηγητὴς
3614 3382 3745 3434 ἑτέ-

2175 3479 2287 3531 ροις
2315 3462 2557 3530 γίνεσθαι
2588 3465 2754 3532 νόμου
2780 3481 2794 3495 '
2829 3459 2938 3528 οἷος
2974 3459 3042 3536 ἦν
3071 3467 3275 3538 Μωσῆς
3308 3469 3510 3534 ἐκεῖνος
3543 3474 3570 3524 6
3598 3472 3746 3544 ὕψη.

2172 3554 2280 3618 λὸς,
2313 3554 2370 3605 ὃν
2395 3554 2660 3624 ἀκούομεν
2683 3571 2696 3584 ·
2738 3557 2766 3608 6
2793 3555 2893 3626 τὴν
2928 3555 3210 3629 βασιλικὴν
3251 3559 3438 3624 ἀξίαν,
3485 3562 3744 3637 καθάπερ

2171 3646 2292 3700 τινὰ
2339 3648 2486 3700 κόνιν
2530 3647 2991 3718 περισπασθεῖσαν
3041 3652 3107 3718 τῇ
3167 3649 3318 3720 βάσει
3371 3653 3478 3706 τῶν
3527 3657 3741 3722 ποδῶν,

2172 3739 2430 3802 ἑκουσίως
2459 3739 2892 3809 ἐκτιναξάμενος.
2933 3740 2990 3794 Ὀ
3010 3743 3412 3812 τεσσαράκοντα
3456 3746 3598 3799 ἔτεσι
3627 3749 3745 3818 τῆς

2177 3831 2313 3901 μετὰ
2329 3830 2434 3882 τῶν
2465 3829 3052 3901 ἀνθρώπωνὲπιμιξίας
3081 3833 3268 3886 ἑαυτὸν
3296 3835 3605 3901 ἀποικίσας,
3637 3842 3747 3896 καὶ

2177 3917 2332 3986 μόνος
2359 3919 2500 3987 μόνῳ
2523 3917 2694 3982 συζῶν
2720 3919 2917 3988 ἐαυτῷ,
2953 3920 3046 3972 καὶ
3071 3919 3154 3972 διὰ
3177 3922 3402 3992 ἡσυχίας
3425 3925 3742 3999 ἀμετεωρξ.

2175 4021 2312 4067 στως
2337 4008 2402 4076 τῇ
2429 4005 2628 4078 θεωρίᾳ
2659 4007 2764 4061 τῶν
2793 4007 3039 4078 ἀοράτων
3070 4010 3404 4074 ὲνατενίζωνο
3431 4015 3458 4066 6
3484 4014 3560 4086 τῷ
3591 4020 3744 4085 φωτὶ

2173 4095 2249 4166 τῷ
2280 4097 2501 4168 ἀρρήτῳ
2535 4098 2671 4168 μετὰ
2700 4097 2870 4151 ταῦτα
2903 4101 3298 4168 καταυγασθεὶς
3317 4143 3331 4166 ,
3365 4107 3456 4157 καὶ
3482 4110 3580 4176 τῆς
3609 4108 3745 4179 δερ-

2175 4187 2402 4258 ματίνης
2436 4206 2493 4241 τε
2516 4191 2607 4242 καὶ
2632 4192 2828 4260 νεκρᾶς
2857 4190 3144 4261 περιϐολῆς
3173 4193 3404 4258 ἐκλύσας
3433 4197 3530 4266 τῆς
3550 4199 3744 4269 ψυχῆς

2173 4280 2269 4352 τὴν
2305 4280 2475 4350 βάσιν.
2519 4281 2574 4334 Ὀ
2607 4281 2698 4334 τὸν
2739 4281 3032 4349 Αἰγύπτιον
3065 4284 3288 4354 στρατόν
3320 4303 3375 4338 τε
3410 4288 3500 4340 καὶ
3528 4289 3742 4360 τύραν-

2172 4388 2261 4424 νον
2290 4374 2407 4434 ταῖς
2445 4372 2529 4422 ἐπ’
2556 4371 2800 4442 ἀλλήλοις
2835 4372 3094 4442 ἐκτρίψας
3133 4374 3388 4444 πληγαῖς.
3416 4378 3506 4430 τὸν
3529 4379 3585 4432 δὲ
3626 4381 3743 4436 Ἰσο

514 4465 742 4520 rannidc
786 4481 881 4535 per
917 4466 1100 4520 lumen
1138 4475 1193 4520 et
1228 4483 1460 4538 aquam;
1509 4469 1596 4523 cui
1637 4480 1758 4539 post
1783 4484 2069 4526 excessum

2178 4463 2312 4534 ραὴλ
2341 4462 2705 4533 ἐλευθερώσας
2731 4463 2828 4533 τῆς
2848 4465 3155 4533 τυραννίδος
3175 4466 3262 4520 διὰ
3285 4469 3377 4521 τοῦ
3409 4471 3602 4538 φωτὸς,
3633 4477 3742 4529 καὶ

511 4571 579 4610 ex
616 4555 849 4627 zEgyplo
883 4564 1053 4612 totum
1093 4565 1305 4630 tempus
1335 4560 1450 4616 dies
1479 4575 1587 4614 una
1626 4559 1756 4627 fuit;
1791 4576 2069 4630 nunquam

2175 4552 2266 4606 τοῦ
2293 4551 2499 4614 ὓδατος·
2589 4551 2697 4622 (70)
2723 4552 2858 4622 μετά
2884 4554 2980 4623 τὴν
3008 4555 3278 4622 Αἴγυπτον
3297 4559 3326 4610 6
3351 4559 3532 4628 χρόνος
3560 4561 3742 4632 ἄπας,

512 4656 670 4702 nocte
697 4649 936 4703 tenebris
953 4649 1275 4718 obscurato;
1307 4651 1610 4722 excipiebat
1639 4652 1781 4706 enim
1814 4652 1948 4707 solis
1980 4667 2068 4706 ra-

512 4736 634 4791 dios
655 4745 774 4806 post
800 4737 1052 4791 diurnum
1085 4738 1204 4804 iter,
1238 4738 1384 4794 aliud
1424 4739 1604 4794 lumen
1633 4755 1699 4794 cx
1733 4739 1878 4794 nube
1925 4754 2067 4794 novo

511 4844 663 4884 more
693 4830 1048 4899 productum;
1098 4838 1156 4886 ut
1192 4833 1273 4887 sol
1299 4832 1517 4902 quidem
1557 4833 1866 4903 praestituto
1897 4847 2064 4887 cursu

511 4921 797 4984 confecto,
841 4921 974 4990 ipsis
1011 4925 1394 4983 occumberet,
1424 4922 1604 4978 lumen
1647 4939 1775 4979 vero
1801 4923 2066 4995 lampadis

510 5027 576 5066 ex
611 5013 861 5066 columna
890 5011 1206 5084 refulgentis
1237 5024 1496 5084 perpetuo
1523 5023 1577 5070 et
1603 5016 1722 5071 sine
1767 5017 1877 5069 ulla
1903 5016 2068 5070 vicis-

511 5103 749 5158 situdine
776 5118 1145 5173 permaneret,
1192 5118 1244 5162 et
1274 5109 1480 5177 absque
1507 5107 1614 5161 ulla
1643 5107 1982 5162 dubitatione
2015 5107 2067 5160 in

513 5195 690 5249 locum
725 5195 984 5248 solarium
1027 5195 1301 5250 radiorum
1335 5196 1564 5252 subiret.
1608 5196 1709 5263 Qui
1745 5212 1986 5250 amaram
2015 5207 2072 5252 et

513 5282 580 5336 ad
619 5289 801 5351 potum
850 5282 1086 5353 ineptam
1117 5299 1312 5355 aquam
1357 5285 1505 5354 ligno
1545 5285 1758 5340 dulcem
1802 5285 2065 5350 reddidit,

512 5385 829 5446 petramque
868 5377 922 5430 in
961 5375 1158 5430 fontem
1207 5377 1517 5434 sitientibus
1559 5376 1945 5442 commutavit,
1971 5378 2074 5447 qui

585 5577 604 5606 ‘
634 5574 778 5630 Psal.
809 5590 1028 5638 tum,
1067 5575 1117 5629 l.

579 5758 694 5833 (70)
727 5753 796 5830 τῼ
821 5759 886 5815 ad
908 5759 1055 5831 ζόφῳ
1077 5774 1186 5814 om.
1210 5757 1298 5815 ed.

2179 4644 2275 4715 μία
2315 4646 2452 4699 κατά
2477 4645 2536 4698 τὸ
2560 4645 2777 4714 συνεχὲς
2797 4643 2975 4715 ἡμέρα
3003 4640 3070 4716 ἦν
3090 4663 3103 4676 ο
3133 4646 3384 4702 οὐδέποτε
3411 4650 3512 4721 τῆς
3539 4654 3744 4718 νυκτὸς

2178 4734 2565 4806 μελαινομένης
2620 4735 2704 4806 τῷ
2746 4733 2912 4802 ζόφῳ.
2970 4734 3244 4805 Διεδέχετο
3303 4737 3410 4806 γὰρ
3455 4740 3591 4809 μετά
3636 4743 3742 4796 τὸν

2173 4827 2466 4898 ἡμερήσιον
2484 4827 2698 4897 δρόμον,
2720 4827 2816 4890 τὰς
2838 4827 2944 4879 τῶν
2965 4827 3194 4880 ἀκτίνων
3209 4829 3400 4897 αύγάς.
3421 4831 3600 4902 ἕτερον
3617 4835 3744 4900 φῶς

2172 4920 2236 4970 ὲκ
2287 4918 2508 4988 νεφέλης
2541 4917 3037 4988 καινοτομούμενον.
3091 4920 3249 4971 Ὥστε
3297 4920 3385 4973 τὸν
3432 4922 3527 4991 μὲν
3578 4923 3741 4993 ἥλιον

2172 5009 2308 5061 κατὰ
2337 5009 2432 5077 τὴν
2471 5007 2770 5075 ἀναγκαίαν
2802 5007 3046 5076 περίοδον
3075 5008 3254 5073 αὺτοῖς
3284 5009 3594 5065 ὲπιδύεσθαι
3623 5051 3637 5075 ,
3667 5015 3742 5068 τὸ

2171 5100 2226 5152 δὲ
2256 5100 2368 5167 φῶς
2402 5099 2618 5169 συνεχές
2648 5117 2705 5151 τε
2747 5099 2926 5170 μένειν
2959 5100 3052 5152 καὶ
3097 5101 3368 5170 ἁδιάδοχον
3403 5103 3499 5174 τῆς
3538 5105 3601 5156 ἐκ
3635 5103 3738 5157 τοῦ

2173 5190 2363 5243 στύλου
2397 5190 2732 5262 λαμπηδόνος
2751 5231 2765 5253 ,
2797 5191 3125 5258 ἁδιαστάτως
3155 5193 3264 5261 (71)
3295 5195 3390 5258 τὰς
3415 5195 3586 5266 αύγάς
3620 5197 3740 5252 τῶν

2123 5291 2130 5310 ‘
2170 5280 2409 5352 ἡλιακῶν
2432 5281 2662 5333 ἀκτίνων
2699 5280 3075 5352 ἐκδεχομένης.
3119 5284 3175 5337 '0
3203 5285 3260 5338 τὸ
3302 5287 3493 5358 πικρόν
3531 5303 3587 5340 τε
3633 5291 3739 5343 καὶ

2171 5359 2367 5426 angi-6‘)
2399 5363 2562 5442 ’ῦδιῖἶρ
2591 5371 2786 5442 ἡδύνας
2828 5374 2904 5444 τῷ
2948 5372 3120 5445 ξύλῳ,
3153 5375 3242 5429 καὶ
3272 5377 3367 5448 τὴν
3398 5379 3600 5450 πέτραν
3645 5382 3738 5444 είς

2239 5763 2348 5832 (71)
2379 5763 2757 5828 Ἀδιστάκτως,
2773 5765 2860 5821 ed.
