3982 6470
208 426 294 477 ιιι-ι

1590 405 1657 461 iN
1696 370 2056 460 ιδειιιλιίοδ.⁸

3323 404 3427 459 ιδε

205 539 366 607 πηγὴν
397 535 502 597 τοῖς
535 532 731 601 διψῶσι
761 530 1152 601 μεταποιήσας.
1193 528 1252 580 Ὀ
1280 528 1376 596 τῆς
1398 526 1589 595 γηῖνης
1626 541 1747 594 τρο-

1878 530 2169 576 errestrem
2199 520 2381 575 cibum
2411 522 2620 576 cmlesti
2654 526 3002 590 permutant,
3030 518 3121 589 qui
3157 519 3211 575 in
3243 518 3425 576 divina

204 630 294 698 φῆς
319 627 410 695 τὴν
436 624 689 693 οὐράνιον
714 622 1160 693 διαμειψάμενος.
1202 621 1259 673 Ὀ
1286 622 1343 675 ὲν
1369 618 1447 689 τῷ
1472 618 1600 687 θείῳ
1625 617 1748 685 γνό-

203 740 274 791 φῳ
308 717 585 784 όξυωπῶν.
627 717 721 769 καὶ
762 715 973 785 βλέπων
1008 717 1065 767 ὲν
1099 712 1247 781 αὐτῷ
1280 711 1369 764 τὸν
1395 710 1639 781 ἀόρατον.
1692 708 1749 759 '0

202 814 281 884 τὴν
324 809 522 880 σκηνὴν
553 809 653 878 τὴν
691 807 1101 878 ἀχειροποίητον
1133 806 1423 875 ἱστορήσας
1448 844 1463 867 ,
1520 802 1614 855 καὶ
1657 800 1748 851 τὸν

203 906 283 973 τῆς
328 901 626 973 ἱερωσύνης
675 901 875 971 κόσμον
922 899 1090 964 ἀξίως
1138 899 1501 967 κατανοήσας.
1562 896 1619 945 '0
1656 894 1751 956 τὰς

202 994 530 1056 θεοτεὺκτους
577 994 793 1056 πλάκας
848 991 1173 1061 δεξάμενος,
1226 990 1321 1043 καὶ
1372 987 1749 1059 συντριϐείσας

204 1086 349 1141 πάλιν
410 1082 798 1153 ἀναχαράξας·
868 1081 897 1131 ὁ
959 1081 1056 1150 τῆς
1123 1078 1545 1149 ὲμφανισθείσης
1607 1076 1753 1146 αὐτῷ

204 1179 332 1239 (λείας
367 1176 653 1244 δυνάμεως
687 1173 778 1226 ἐπὶ
832 1170 926 1225 τοῦ
961 1172 1253 1243 προσώπου
1293 1171 1472 1242 φέρων
1519 1172 1587 1223 τὰ
1619 1168 1755 1239 σύμ-

204 1268 332 1328 ϐολα,
363 1266 463 1319 καὶ
507 1269 573 1335 τῇ
628 1264 687 1331 ἐξ
719 1263 883 1317 αὑτοῦ
928 1264 1249 1334 λαμπηδόνι,
1273 1258 1383 1319 οἷόν
1422 1281 1562 1317 τισιν
1603 1262 1755 1314 ἀκτί-

203 1378 290 1412 νων
340 1360 539 1424 αὐγαῖς
562 1397 574 1418 ,
607 1358 715 1408 τῶν
746 1356 980 1421 ἀναξίως
1012 1356 1443 1425 ἐντυγχανόντων
1490 1354 1757 1424 ἀποστρε-

204 1468 299 1520 φων
327 1450 429 1511 τάς
464 1449 634 1516 ὄψεις.
698 1448 754 1500 Ὀ
808 1448 942 1517 πυρὶ
981 1449 1072 1502 καὶ
1118 1449 1356 1519 χάσματι
1399 1449 1526 1511 τοὺς
1555 1447 1759 1503 ἐπανα-

205 1544 437 1604 στάντας
473 1543 539 1611 τῇ
595 1540 864 1610 ἱερωσύνῃ
902 1540 1308 1603 καταδικάσας,
1344 1540 1441 1593 καὶ
1495 1540 1619 1601 τοὺς
1678 1540 1757 1602 είς

201 1640 282 1706 τὴν
310 1636 465 1689 θείαν
494 1635 651 1705 χάριν
700 1634 1023 1706 ὑϐρίσαντας
1066 1633 1420 1701 ἐξαφανίσαςο
1458 1634 1487 1685 ό
1513 1632 1611 1702 τὴν
1634 1649 1762 1702 γοη-

204 1730 333 1781 τείαν
369 1726 471 1779 τοῦ
516 1726 745 1795 Βαλαὰμ
782 1724 1099 1794 μεταϐαλὼν
1144 1727 1224 1787 είς
1254 1724 1557 1778 εὐσέϐειαν.
1622 1719 1695 1777 υῦ
1728 1724 1761 1792 ἡ

205 1816 406 1885 τελευτὴ
442 1814 544 1883 τῆς
574 1815 718 1883 ζωῆς
769 1814 1043 1885 ἱστόρηται
1075 1814 1401 1885 ὑψηλοτέρα.
1466 1812 1522 1865 '0
1552 1814 1643 1867 ἐπὶ
1663 1813 1763 1881 τῆς

1852 612 1941 665 illa
1975 612 2206 681 caligine
2236 611 2490 665 acumine
2519 610 2718 664 mentis
2761 610 2897 665 vidit
2932 609 3295 673 lnvisibilem,
3331 612 3426 679 qui

1851 703 2259 761 tabernaculum
2291 716 2399 756 non
2437 716 2603 754 manu
2628 700 2831 755 factum
2864 700 3153 770 descripsit
3173 742 3189 764 ,
3220 708 3416 755 totum-

1852 811 1957 867 que
1993 793 2287 853 sacerdotii
2337 801 2590 849 ornatum
2637 800 2691 847 et
2733 800 3052 861 apparatum
3097 792 3202 848 rite
3244 792 3430 847 animo

1853 887 2121 956 concepit,
2154 886 2245 956 qui
2291 896 2541 955 acceptas
2585 898 2615 938 a
2657 883 2765 937 Deo
2794 882 2968 938 factas
3002 884 3219 939 tabulas
3244 925 3257 949 ,
3291 898 3427 943 con-

1854 974 2167 1045 fractasque
2194 975 2263 1028 de
2294 974 2503 1044 integro
2525 972 2783 1031 restituit.
2826 973 2919 1041 qui
2959 972 3013 1026 iu
3045 972 3199 1026 vultu
3233 972 3431 1030 divinae

1856 1067 2072 1121 virtutis
2096 1105 2110 1128 ,
2141 1081 2263 1135 quae
2309 1066 2412 1120 sibi
2449 1072 2815 1134 apparuerat,
2856 1072 3179 1131 argumenta
3223 1064 3429 1127 ferens,

1859 1159 2069 1228 fulgore
2088 1173 2151 1212 ex
2184 1156 2343 1225 facie,
2376 1157 2524 1211 velut
2546 1156 2824 1210 radiorum
2861 1155 3110 1225 spiculis,
3137 1157 3420 1212 emicante,

1855 1253 2040 1306 vultus
2083 1265 2273 1309 eorum
2316 1250 2410 1319 qui
2452 1264 2684 1304 occursu
2722 1247 2929 1321 indigni
2982 1256 3142 1302 erant
3189 1250 3431 1304 avertit:

1858 1344 1949 1415 qui
1983 1347 2106 1413 igne
2132 1350 2186 1397 et
2229 1342 2378 1396 hiatu
2425 1342 2712 1396 invasores
2753 1340 3047 1396 sacerdotii
3098 1342 3435 1408 vindicavit,

1858 1451 2061 1504 eosque
2110 1436 2203 1502 qui
2263 1435 2316 1487 in
2358 1434 2597 1488 divinam
2655 1436 2886 1503 gratiam
2937 1432 3187 1500 injuriosi
3242 1445 3433 1498 erant,

1861 1526 2104 1582 funditus
2138 1526 2338 1581 delevit
2366 1546 2379 1582 :
2414 1527 2509 1595 qui
2542 1526 2946 1580 incantationes
2979 1525 3200 1579 Balaam
3235 1525 3289 1580 in
3321 1526 3436 1595 pie-

1860 1628 2026 1675 tatem
2082 1627 2135 1674 et
2181 1619 2614 1675 benedictionem
2660 1620 2856 1681 vertit,
2904 1617 3063 1686 cujus
3109 1617 3295 1675 obitus
3346 1617 3433 1671 vel

1864 1712 2036 1780 ipsam
2095 1712 2257 1763 vitam
2335 1710 2711 1778 magnitudine
2762 1710 3092 1780 praestantiae
3148 1724 3439 1779 superasse

1866 1811 2123 1857 narratur
2152 1821 2164 1858 :
2195 1802 2397 1872 quippe
2422 1804 2511 1871 qui
2546 1801 2611 1857 ad
2639 1818 2951 1871 supremum
2978 1802 3180 1857 montis
3215 1802 3437 1856 culmen

204 1874 645 1976 ἀκρωρείας-τοῦ
674 1874 836 1973 δρους
877 1874 1199 1974 velociusve-cI,
1248 1874 1343 1958 ml.
1396 1903 1560 1975 μηδὲν
1602 1874 1764 1971 ἴχνος)

1878 1910 2225 1966 progressus,
2262 1910 2439 1964 neque
2470 1895 2757 1965 vestigium
2805 1910 2981 1963 neque
3022 1902 3435 1953 monumentum

208 1994 319 2064 μηδὲ
341 1992 694 2063 μνημόσυνον
722 1993 819 2061 τῆς
834 1994 1026 2062 γηῒνης
1053 1993 1343 2063 ἀχθηδόνος
1372 1993 1450 2063 τῷ
1476 1992 1611 2063 ἡλίῳ
1638 1993 1767 2045 ὁποι

204 2087 530 2155 λειπόμενος.
575 2084 635 2135 Ὀ
680 2083 754 2153 μὴ
799 2085 1148 2155 παραλλάξας
1189 2086 1279 2139 τὸν
1327 2088 1648 2156 χαρακτῆρα
1676 2084 1768 2137 τοῦ

208 2179 421 2239 κάλλους
460 2178 564 2232 ὑπὸ
589 2177 682 2232 τοῦ
717 2177 909 2248 χρόνου
932 2195 946 2209 ·
992 2177 1128 2232 ἀλλά
1161 2176 1431 2239 διασώσας
1460 2178 1519 2228 ἐν
1549 2180 1614 2247 τῇ
1644 2192 1771 2246 τρε-

208 2273 299 2339 πτῇ
341 2270 511 2337 φύσει
552 2270 613 2322 τὸ
657 2271 715 2321 ὲν
755 2268 903 2339 καλῴ
932 2268 1310 2323 ἀναλλοίωτον.
1344 2262 1513 2331 Οὗτός
1553 2270 1698 2321 ἐστιν
1743 2268 1773 2319 ό

206 2357 589 2437 ᾗέέἑῖἐέἱης
614 2357 1058 2440 ἕαξξέρχωνμῄμῖν
1089 2339 1611 2421 ἀναδάσεωςῇἱῶό
1646 2354 1815 2408 suo?“

206 2451 441 2519 επαίρων
469 2450 649 2519 ἑαυτῴ
674 2449 763 2505 τὸν
791 2450 879 2504 διὰ
909 2449 1019 2502 τῶν
1048 2440 1466 2520 τριῶνηῆδῇτῶν
1495 2448 1774 2519 προδιηνυ-

208 2544 401 2611 σμένων
438 2541 652 2595 αἰώνων
676 2542 847 2611 μέγαν
873 2541 1176 2610 γενόμενον.
1214 2541 1272 2591 ’θ
1291 2541 1395 2611 γάρ
1425 2543 1481 2593 ὲν
1504 2540 1677 2609 τούτῳ
1696 2538 1775 2609 τῷ

208 2633 312 2702 ὕψει
344 2634 668 2701 γενόμενος,
697 2631 945 2702 μεθόριος
970 2632 1169 2701 τρόπον
1193 2632 1316 2683 τινὰ
1333 2632 1430 2699 τῆς
1452 2632 1688 2702 τρεπτῆς
1716 2646 1773 2681 τε

207 2724 288 2776 καὶ
316 2722 598 2793 ἀτρέπτου
632 2722 843 2789 φύσεως
874 2720 1109 2782 ἵσταται,
1156 2719 1249 2773 καὶ
1278 2720 1547 2789 μεσιτεύει
1576 2718 1775 2772 καταλ-

206 2816 364 2885 17W»;
390 2817 511 2876 τοῖς
545 2814 757 2884 ἄκροις,
787 2812 864 2883 τῷ
910 2813 1006 2883 μὲν
1040 2812 1158 2882 Θεῷ
1195 2812 1471 2882 ἱκετηρίας
1504 2812 1641 2880 ὑπὲρ
1668 2812 1777 2863 τῶν

208 2905 605 2959 ἀλλοιωθὲντων
639 2904 698 2967 ἐξ
731 2904 1004 2976 ἁμαρτίας
1036 2903 1356 2974 προσάγων’
1398 2904 1495 2970 τῆς
1527 2902 1582 2955 δὲ
1612 2902 1778 2972 ὑπερ-

210 3000 461 3068 κειμένης
487 2996 740 3061 ἐξουσίας
774 2995 865 3048 τὸν
898 2995 1044 3048 ἔλεον
1089 2995 1183 3046 ἐπὶ
1209 2994 1335 3058 τοὺς
1374 2993 1657 3063 δεομένους
1684 2992 1777 3045 τοῦ

210 3090 341 3143 ἐλέου
401 3087 849 3157 διαπορθμεύων.
901 3088 983 3149 Ὠς
1034 3086 1100 3141 ἂν
1129 3086 1220 3140 καὶ
1248 3085 1337 3139 διὰ
1374 3087 1561 3140 τούτου
1593 3085 1781 3156 μάθοι-

1870 1989 2147 2047 terrestris
2179 1987 2414 2045 tristitiae
2446 1987 2763 2056 reliquerit,
2792 1987 2884 2055 qui
2915 1997 3099 2045 notam
3132 1995 3187 2043 et
3224 1987 3439 2057 insigne

1871 2079 2297 2151 pulchritudinis
2326 2078 2633 2134 labentibus
2658 2078 2820 2132 annis
2855 2094 2964 2133 non
2992 2078 3317 2148 deperdidit,
3344 2080 3440 2134 sed

1872 2172 2088 2227 decoris
2126 2171 2619 2227 immutabilitatem
2650 2210 2664 2235 ,
2716 2181 3147 2240 perpetuumque
3197 2179 3442 2233 tenorem

1874 2264 1927 2319 in
1960 2266 2078 2333 ipsa
2109 2264 2273 2319 etiam
2299 2263 2547 2318 variabili
2578 2271 2774 2318 natura
2818 2264 3184 2320 conservavit.
3233 2263 3444 2323 Tantus

1873 2362 1978 2415 est,
2010 2353 2105 2423 qui
2130 2353 2186 2408 in
2217 2362 2410 2423 quarto
2441 2369 2672 2410 ascensu
2704 2356 2813 2409 dux
2840 2356 2997 2413 nobis
3028 2358 3216 2425 praeit;
3244 2357 3453 2426 quique

1876 2461 2059 2499 secum
2089 2446 2253 2501 simul
2283 2446 2481 2501 attollit
2510 2463 2633 2501 eum
2655 2487 2671 2511 ,
2698 2448 2792 2514 qui
2812 2447 2923 2517 jam
2956 2447 3009 2500 in
3038 2448 3211 2502 tribus
3247 2463 3447 2517 praece-

1874 2539 2129 2594 dentibus
2158 2539 2477 2594 ascensibus
2514 2556 2636 2595 sese
2660 2555 2825 2610 supra
2857 2540 3052 2610 vulgus
3086 2540 3298 2597 extulit.
3341 2538 3446 2605 Qui

1874 2630 2019 2685 enim
2051 2630 2118 2684 ad
2145 2630 2248 2686 hoc
2278 2630 2557 2701 fastigium
2581 2631 2776 2695 evasit,
2807 2632 2853 2686 is
2878 2631 3289 2701 quodammodo
3313 2646 3449 2686 eon~

1877 2720 2003 2777 finis
2034 2732 2118 2777 est
2146 2730 2360 2777 naturae
2382 2724 2628 2778 mutabili
2660 2732 2715 2789 et
2746 2723 3106 2789 immutabili;
3131 2724 3449 2793 mediusque

1876 2814 2168 2871 intercedit
2206 2816 2593 2870 convenienter
2623 2815 2904 2879 extremis,
2944 2815 3050 2869 Deo
3077 2816 3299 2885 quidem
3333 2831 3450 2885 pre-

1880 2918 1974 2959 ces
2008 2912 2062 2959 et
2095 2905 2526 2972 supplicationes
2556 2904 2789 2960 oﬂ'erens
2833 2919 2931 2973 pro
2964 2904 3032 2959 iis
3063 2906 3155 2970 qui
3205 2919 3296 2972 per
3324 2918 3451 2972 pec-

1878 3007 2056 3052 catum
2090 2998 2377 3051 abalienati
2408 3005 2572 3059 sunt,
2607 2998 2863 3067 potentia:
2896 3011 3027 3052 vero
3055 2996 3201 3051 illius
3233 2995 3449 3053 miseri-

1880 3088 2124 3144 cordiam
2154 3090 2310 3158 quasi
2340 3090 2630 3144 demittens
2650 3131 2665 3153 ,
2698 3098 2753 3144 et
2796 3089 3051 3144 derivans
3092 3088 3155 3142 ad
3204 3088 3327 3143 illos
3358 3087 3448 3156 qui

214 3195 316 3247 μεν,
345 3179 435 3232 ὃτι
469 3179 582 3247 ὅσῳ
606 3193 690 3238 τις
722 3175 880 3229 πλέον
902 3174 1011 3229 τῶν
1043 3175 1335 3247 χθαμαλῶν
1365 3193 1422 3229 τε
1450 3176 1541 3228 καὶ
1580 3176 1776 3244 γηΐνων

1884 3180 2260 3235 misericordia
2292 3180 2571 3249 indigent;
2602 3188 2659 3234 ut
2690 3190 2741 3234 et
2769 3195 2832 3235 ex
2865 3180 2949 3234 his
2978 3178 3280 3238 discamus.
3303 3177 3450 3246 quod

210 3270 521 3336 ἁςηίσταται,
545 3267 783 3338 τοσούτῳ
814 3267 1012 3337 μᾶλλον
1039 3267 1473 3339 πῳσοικειοῦται
1504 3270 1571 3338 τῇ
1604 3268 1779 3321 πάντα

213 3360 322 3413 νοῦν
356 3360 707 3431 ὑπερεχούσῃ
731 3358 927 3429 φύσει·
966 3360 1057 3412 καὶ
1090 3361 1337 3429 μιμεῖται
1359 3358 1425 3412 δι’
1456 3360 1700 3422 εὐποιῖας
1722 3359 1782 3412 τὸ

210 3454 367 3516 θεῖον,
403 3453 591 3505 ἐκεῖνο
634 3449 803 3501 ποιῶν
838 3449 865 3501 ὂ
903 3450 999 3518 τῆς
1045 3448 1194 3512 Θείας
1240 3451 1352 3502 ἐστὶ
1390 3449 1598 3517 φύσεως
1631 3450 1779 3502 ἴδιον.

213 3542 360 3609 Λέγω
392 3542 456 3593 δὲ
490 3542 551 3593 τὸ
587 3542 895 3610 εὐεργετεῖν
941 3544 1047 3596 πᾶν
1077 3543 1137 3595 τὸ
1165 3542 1479 3611 εὐεργεσίας
1510 3543 1781 3612 δεόμενον,

213 3633 322 3684 ὅσον
354 3632 575 3695 mags;
597 3632 696 3701 τῆς
733 3633 976 3696 εὐποιῖας
1002 3635 1138 3686 ἐστί.

275 3902 549 3971 Τοιαύτην
578 3902 641 3971 δὴ
663 3902 772 3969 (72)
799 3902 1173 3972 κατελαϐόμην
1198 3905 1294 3974 τῆς
1319 3904 1635 3975 ψαλμῳδίας
1660 3907 1788 3960 ταύ-

212 4009 301 4062 της
323 3995 428 4065 τὴν
457 3992 667 4045 ἔννοιαν
689 4032 704 4057 ,
746 3988 808 4065 ἧς
844 3995 876 4064 ἡ
910 3993 1020 4064 (73)
1048 3996 1324 4066 ἐπιγραφή
1349 3999 1529 4060 ἐστιν’,
1572 4017 1589 4047 ι
1617 3999 1791 4069 Προσ-

214 4084 334 4155 ευχὴ
377 4084 463 4154 τῷ
494 4085 701 4152 Μωῦσῇ
737 4086 1007 4158 ἀνθρώπῳ
1038 4087 1129 4140 τοῦ
1174 4087 1329 4144 Θεοῦ.
1357 4110 1374 4141 ι
1441 4090 1654 4161 Ἐπειδὴ
1684 4092 1790 4161 γὰρ

216 4178 520 4247 κεκράτητο
535 4177 646 4245 (74)
660 4177 738 4247 τῷ
758 4179 857 4247 τῆς
880 4180 1154 4250 ἁμαρτίας
1175 4182 1330 4253 κακῷ
1351 4183 1413 4235 τὸ
1434 4183 1791 4253 ἀνθρώπινον,

215 4267 299 4318 καὶ
327 4267 432 4335 τῆς
492 4267 627 4335 πρὸς
678 4266 739 4321 τὸ
782 4267 982 4334 ἀγαθὸν
1029 4268 1270 4331 ὲνώσεως
1304 4272 1611 4342 ἀπορραγὲν
1636 4314 1648 4336 ,
1684 4274 1794 4336 τοῖς

215 4358 479 4420 ἐναντίοις
527 4357 856 4429 συνεφύρετο
886 4359 1119 4420 πάθεσι,
1164 4361 1255 4413 καί
1284 4379 1423 4424 τινος
1457 4362 1624 4414 ἐδεῖτο
1666 4379 1795 4433 πρε-

216 4448 400 4513 σϐείας
425 4490 441 4515 ,
475 4450 611 4520 πρὸς
640 4450 729 4502 τὸν
762 4452 1196 4505 ἀνακαλέσασθαι
1216 4453 1315 4522 τῆς
1348 4455 1619 4517 ἀπωλείας
1646 4455 1796 4509 δυνά-

1882 3278 2087 3339 quanto
2127 3270 2251 3339 quis
2286 3271 2462 3340 magis
2516 3286 2544 3325 a
2581 3269 2933 3327 terrestribus
2969 3268 3229 3337 humique
3263 3268 3456 3322 stratis

1883 3360 2047 3417 rebus
2081 3359 2321 3423 absistit,
2372 3368 2523 3413 tanto
2557 3359 2730 3428 magis
2758 3356 3157 3428 apprOpinquat
3189 3353 3255 3409 ad
3287 3363 3451 3408 natu-

1889 3469 2004 3506 ram
2050 3469 2173 3521 qua:
2213 3468 2428 3507 omnem
2472 3451 2881 3520 intelligentiam
2916 3457 3239 3518 exsuperat,
3276 3447 3451 3501 imita-

1890 3553 2084 3613 turque
2112 3543 2389 3600 beneficiis
2411 3543 2705 3613 largiendis
2727 3542 2950 3599 cmleste
2971 3554 3189 3602 numen,
3214 3537 3454 3607 illudque

1888 3634 2020 3705 agit,
2062 3634 2207 3704 quod
2233 3636 2430 3690 divina:
2468 3642 2679 3689 natura:
2719 3633 2998 3702 proprium
3041 3638 3158 3693 est,
3202 3630 3329 3684 dum
3360 3628 3453 3684 be-

1891 3726 2081 3782 neﬁcia
2120 3726 2337 3785 confert
2385 3728 2437 3783 in
2487 3742 2678 3782 omnes
2724 3726 2847 3781 illos
2887 3724 2981 3794 qui
3030 3722 3328 3778 benefactis
3373 3723 3454 3773 in-

1891 3819 2092 3889 digent.

1967 3912 2286 3981 Huiusmodi
2314 3912 2571 3982 quiddam
2598 3912 2782 3966 animo
2806 3919 2860 3965 et
2884 3908 3209 3980 cogitatione
3238 3907 3305 3962 de
3331 3921 3454 3961 sen-

1899 4005 2068 4060 tentia
2101 4006 2295 4073 psalmi
2327 4005 2472 4060 illius
2504 4003 2812 4067 informavi,
2835 4002 2993 4071 cujus
3026 3999 3311 4068 inscriptio
3331 4006 3414 4052 est
3440 4016 3452 4050 :

1901 4114 1919 4145 ι
1961 4096 2150 4151 Oratio
2181 4094 2352 4167 Moysi
2387 4096 2595 4150 homini
2627 4094 2721 4150 Dei
2756 4112 2768 4147 :
2807 4113 2826 4146 ι
2866 4100 3152 4162 postquam
3185 4089 3328 4144 enim
3362 4104 3456 4158 ge-

1896 4203 1999 4242 nus
2019 4189 2316 4243 humanum
2350 4207 2379 4241 a
2410 4187 2614 4241 malitia
2646 4200 2966 4255 oppressum
2996 4192 3099 4244 est,
3122 4180 3455 4250 seiunctum-

1895 4295 1999 4349 que
2027 4288 2081 4333 et
2104 4279 2407 4338 abscissum
2440 4294 2467 4331 a
2497 4277 2882 4347 conjunctione
2913 4290 3035 4329 cum
3078 4274 3243 4336 bono,
3278 4272 3333 4327 in
3362 4287 3456 4325 va-

1898 4372 2009 4423 rias
2056 4369 2489 4439 perturbationes
2521 4369 2742 4433 incidit,
2780 4381 3025 4436 opusque
3076 4364 3264 4420 habuit
3300 4363 3455 4417 inter-

1897 4463 2147 4517 cessione
2198 4461 2431 4532 quadam
2454 4501 2467 4525 ,
2511 4468 2567 4517 et
2603 4461 2867 4531 legatione
2910 4460 2975 4512 ad
3013 4458 3162 4512 illum
3192 4470 3221 4509 a
3253 4469 3360 4524 quo
3392 4452 3459 4506 ab

217 4557 372 4607 μενον
391 4582 407 4605 ,
440 4540 563 4593 ἀντὶ
601 4540 881 4610 πρέσϐεως
909 4545 937 4596 ὁ
963 4542 1059 4595 τοῦ
1091 4544 1225 4597 Θεοῦ
1254 4544 1534 4615 ἅνθρωπος
1563 4548 1776 4613 γίνεται,

1894 4555 2115 4610 interitu
2165 4553 2406 4609 revocari
2459 4560 2687 4622 posset;
2725 4550 2885 4619 legati
2940 4562 3164 4606 munere
3216 4544 3459 4613 fungitur

216 4630 796 4701 ὑπεραπολογούμενος
839 4632 934 4701 μὲν
966 4632 1058 4685 τοῦ
1108 4634 1215 4685 τῶν
1243 4635 1527 4703 ὁμοφύλων
1569 4634 1793 4703 πτώμα-

212 4738 300 4783 τος
322 4739 335 4750 ·
363 4724 447 4784 εἰς
479 4722 538 4774 δὲ
576 4721 665 4774 τὸν
693 4722 801 4773 τῶν
833 4724 1185 4777 ἀπολωλότων
1222 4722 1398 4779 οἶκτον
1429 4727 1691 4781 δυσωπῶν
1736 4729 1794 4783 τὸ

215 4813 386 4865 Θεῖον.
451 4813 629 4876 Εὐθὺς
695 4814 804 4883 γὰρ
870 4810 982 4867 οἷον
1049 4817 1458 4886 δικαιολογεῖται
1516 4820 1650 4889 πρὸς
1705 4820 1794 4874 τὸν

217 4902 517 4964 ἁκούοντα,
552 4904 645 4956 καί
680 4922 843 4974 φησι,
878 4906 1022 4976 μόνῳ
1058 4911 1335 4977 προσεῖναι
1374 4908 1451 4978 τῷ
1478 4909 1596 4979 Θεῴ
1634 4911 1695 4963 τὸ
1738 4914 1795 4964 ὲν

218 4996 380 5045 παντὶ
427 4994 618 5064 ἀγαθῷ
652 4998 847 5064 πάγιόν
892 5014 950 5049 τε
1010 4999 1102 5051 καὶ
1151 4998 1404 5068 ἀκίνητον
1444 5001 1551 5070 (75)
1591 5002 1682 5054 καὶ
1707 5002 1793 5056 ἀεὶ

218 5080 479 5145 ὡσαύτως
506 5083 627 5153 ἔχον
652 5102 663 5114 ·
699 5087 755 5137 ὲν
782 5090 953 5158 τροπῇ
982 5087 1037 5141 δὲ
1077 5089 1170 5140 καὶ
1191 5089 1467 5143 ἀλλοιώσει
1494 5093 1553 5144 τὸ
1583 5092 1794 5162 ἀνθρώ-

217 5189 371 5225 πινον
408 5174 681 5243 κείμενον,
702 5177 968 5245 μηδέποτε
995 5178 1086 5231 ἐπὶ
1115 5179 1206 5232 τοῦ
1235 5181 1397 5233 αὐτοῦ
1433 5183 1631 5252 μένειν,
1660 5183 1793 5253 μηδὲ

219 5267 263 5315 εἰ
294 5265 433 5335 πρὸς
461 5266 521 5318 τὸ
552 5270 796 5336 κρεῖττον
820 5270 954 5322 ἀνίοι
986 5310 1000 5329 ,
1035 5272 1167 5341 μήτε
1204 5274 1250 5324 εἰ
1282 5273 1531 5326 ὲκπίπτοι
1561 5274 1659 5342 τῆς
1698 5293 1793 5344 με-

216 5357 437 5419 τουσίας
462 5356 557 5409 τοῦ
580 5358 904 5428 κρείττονος.
938 5356 1012 5415 Οὗ
1041 5363 1199 5433 χάριν
1226 5364 1544 5435 καταφυγὴν
1583 5368 1661 5427 εἰς
1687 5383 1792 5417 σω-

217 5448 416 5514 τηρίαν
444 5448 587 5513 ἀξιοί
612 5449 751 5502 κατὰ
778 5452 954 5504 πᾶσαν
988 5454 1176 5520 γενεὰν
1206 5455 1448 5522 γίνεσθαι
1476 5453 1566 5507 τοῦ
1589 5455 1794 5509 πλανω-

222 5538 384 5603 μένου
410 5540 469 5591 τὸ
496 5540 848 5610 ἀμετάθετον.

292 5747 309 5809 (
320 5743 411 5809 7'2)
432 5743 592 5799 Forte
610 5746 688 5799 δέ.

292 5813 412 5884 (T5)
439 5814 596 5869 Forte
625 5832 733 5871 oni.
766 5818 817 5885 ἡ.

518 5911 788 5971 Ρηαοι.
823 5910 940 5973 Gn.
986 5913 1209 5977 XLIV.

1894 4646 2073 4716 quivis
2101 4645 2261 4699 homo
2294 4645 2423 4704 Dei,
2474 4651 2729 4711 suscepto
2762 4640 3066 4711 patrocinio
3108 4651 3207 4708 pro
3235 4650 3368 4691 casu
3407 4644 3462 4688 et

1895 4738 2047 4806 lapsu
2078 4752 2267 4792 eorum
2294 4736 2387 4805 qui
2419 4734 2663 4803 ejusdem
2688 4746 2871 4788 secum
2900 4740 3029 4786 sunt
3048 4727 3379 4784 conditionis
3410 4736 3461 4779 et

1895 4840 2072 4886 status
2092 4868 2107 4891 ,
2133 4830 2423 4896 divinaque
2450 4826 2669 4880 numine
2694 4825 2758 4878 ad
2789 4820 3215 4877 misericordiam
3246 4820 3299 4873 in
3338 4833 3459 4886 per-

1894 4922 2040 4977 ditos
2070 4919 2228 4975 ﬂexo.
2264 4918 2457 4973 Statim
2488 4918 2653 4979 enim,
2687 4916 2840 4984 quasi
2867 4916 2918 4967 in
2951 4913 3157 4981 judicio
3191 4928 3313 4966 cum
3356 4912 3461 4965 “eo

1896 5022 2162 5083 praesente
2194 5021 2249 5065 et
2303 5010 2559 5065 audiente
2589 5009 2730 5079 agit,
2786 5008 2999 5077 ipsique
3048 5006 3150 5061 soli
3197 5015 3457 5074 tanquam

1895 5103 2139 5157 omnium
2173 5102 2437 5157 bonorum
2471 5101 2629 5166 fonti,
2658 5100 3048 5153 immutabilem
3079 5098 3229 5152 ilhun
3261 5106 3313 5149 et
3340 5110 3461 5161 pcr—

1894 5203 2056 5265 petuo
2109 5193 2211 5249 sibi
2259 5202 2601 5249 constantem
2644 5193 2743 5247 via:
2784 5200 3025 5247 tenorem
3070 5190 3249 5245 inesse
3280 5188 3446 5241 dicit:

1896 5286 2125 5339 mortale
2158 5292 2337 5339 autem
2368 5284 2645 5339 hominum
2678 5298 2847 5353 genus
2875 5278 3322 5335 conversionibus
3362 5290 3455 5326 va-

1895 5376 1991 5430 riis
2014 5383 2067 5429 et
2097 5374 2564 5430 vicissitudinibus
2598 5373 2894 5427 obnoxium
2925 5372 3123 5429 vivere,
3158 5383 3333 5435 neque
3357 5382 3457 5419 un-

1894 5478 2055 5533 quam
2092 5464 2144 5518 in
2177 5464 2366 5518 eodem
2399 5470 2543 5517 statu
2591 5462 2915 5531 persistere,
2950 5476 3016 5515 ne
3064 5470 3173 5513 tum
3207 5457 3455 5526 quidem.

1895 5569 2017 5609 cum
2042 5554 2153 5622 jam
2204 5554 2272 5607 ad
2312 5554 2365 5608 id
2394 5552 2541 5623 quod
2574 5552 2921 5623 praestantius
2952 5559 3037 5605 est
3080 5547 3328 5607 evaserit.
3360 5557 3458 5595 "0"

1969 5760 2077 5829 (74)
2116 5761 2480 5830 Κεκράτηται,
2513 5761 2598 5813 ecl.

1969 5828 2079 5901 (75)
2115 5833 2221 5883 Kal.
2240 5828 2492 5899 ἀκίνητον
2529 5846 2635 5884 οιιι.
2662 5828 2746 5884 ed.

3067 5925 3141 5985 15
