3982 6464
565 403 670 459 459

1854 411 1910 467 S.
1953 410 2276 468 CREGORII
2310 410 2602 467 NYSSENI

3672 427 3761 485 ‘60

564 535 673 589 que
723 529 835 575 tum
878 536 1001 574 cum
1044 535 1073 572 a
1107 523 1490 578 communione
1539 527 1936 594 prastanlioris
1977 528 2122 582 illius
2165 527 2292 582 boni
2345 520 2624 581 exciderit.
2653 524 2920 593 Quocirca
2972 534 3124 598 optat
3171 544 3314 595 eum,
3349 531 3440 600 qui
3474 541 3553 588 est
3585 535 3762 594 immu-

565 613 766 678 tabilis,
797 614 914 683 ejus
944 615 1032 682 qui
1061 613 1186 666 hinc
1217 613 1341 668 inde
1365 615 1605 680 oberrat,
1630 618 1684 671 in
1715 620 1862 672 omni
1895 619 2240 689 generatione
2274 617 2387 671 fieri
2425 616 2712 688 refugium,
2763 617 2951 672 salutis
2992 619 3207 673 tuenda:
3245 622 3432 691 gratia.

626 794 719 849 Sic
734 810 860 848 vero
874 793 1069 847 Psalmi
1083 793 1244 847 verba
1259 811 1377 849 sese
1390 796 1614 850 habent:
1637 817 1654 848 ι
1676 799 1836 861 Deus,
1851 799 2120 870 refugium
2150 805 2198 861 Α

559 885 734 941 iactus
753 902 812 940 es
832 886 989 940 nobis
1011 900 1041 938 a
1063 887 1409 955 generatione
1432 887 1485 940 in
1511 894 1910 957 generationem
1935 893 1975 944 ⁷.
2011 911 2028 944 ι
2060 890 2122 945 Et

567 991 737 1046 quare
752 978 856 1031 hoc
875 976 1103 1031 afﬁrmat
1131 978 1154 1032 ἲ
1180 977 1335 1042 Quia,
1363 978 1688 1047 inquit.ante
1703 989 2002 1036 creaturam
2029 992 2108 1040 es,

2297 799 2446 867 Ἔχει
2471 798 2529 851 δὲ
2552 799 2584 868 ἡ
2615 797 2756 863 λέξις
2777 798 2948 863 οὕτως
2967 814 2982 829 ⁸
3023 820 3040 851 ι
3066 801 3257 872 Κύριε,
3288 807 3565 877 καταφυγὴ
3592 809 3762 885 ἐγενή-

2225 889 2322 960 θης
2347 892 2478 959 ἡμῖν
2511 891 2568 942 ὲν
2597 893 2761 961 γενεᾷ
2795 893 2885 943 καὶ
2913 895 3138 963 γενεᾷκ»
3186 894 3285 946 Διὰ
3315 894 3366 946 τί
3397 896 3549 950 τοῦτο
3573 898 3763 970 λέγων;

2227 982 2349 1036 Ὀτι
2366 978 2758 1053 σὺ,φησ“ιν,πρδ
2782 984 2878 1054 τῆς
2901 985 3126 1048 κτίσεως
3149 982 3218 1050 εἴ,
3246 990 3352 1041 πᾶν
3373 988 3433 1040 τὸ
3454 990 3658 1047 αἰώνιον
3677 997 3764 1066 ὲμ-

552 1081 713 1120 omne
755 1067 1137 1135 temporarium
1177 1067 1516 1121 intervallum
1545 1067 1877 1136 complexus,
1905 1083 1969 1122 ex
2009 1084 2097 1138 qui

2219 1069 2486 1140 περιέχων
2528 1071 2798 1144 διάστημα
2824 1115 2839 1139 ,
2887 1077 2979 1144 ἀφ’
3007 1072 3066 1130 οὗ
3108 1095 3165 1130 τε
3199 1079 3372 1150 ἀρχὴν
3419 1081 3570 1150 ἔσχεν
3609 1086 3640 1153 ἡ
3681 1088 3762 1140 τοῦ

553 1156 812 1226 temporis
838 1165 1032 1210 natura
1051 1157 1235 1226 cmpit,
1260 1165 1312 1212 et
1339 1158 1391 1210 in
1415 1173 1791 1227 quemcunque
1824 1160 2114 1213 terminum

551 1247 852 1303 desiturum
897 1248 1004 1315 sit;
1037 1263 1160 1301 nam
1203 1249 1531 1302 interminati
1572 1249 1837 1304 terminus
1876 1261 1959 1304 est
1991 1251 2116 1304 infi-

2218 1162 2410 1226 αἰῶνος
2463 1164 2622 1232 φύσις
2649 1205 2664 1227 ,
2715 1167 2806 1218 καὶ
2846 1169 2924 1230 εἰς
2969 1170 2997 1220 ὅ
3079 1187 3132 1222 τι
3169 1171 3552 1242 προελεύσεται
3587 1176 3759 1245 πέρας,

2218 1257 2390 1327 πέρας
2421 1257 2477 1309 δὲ
2505 1257 2596 1310 τοῦ
2626 1259 2976 1330 ἀτελευτήτου
3007 1263 3038 1332 ἡ
3067 1264 3310 1336 ἀπειρία.
3350 1265 3492 1335 (Πρὸ
3515 1267 3606 1319 τοῦ
3627 1269 3718 1342 ὅρη
3742 1291 3758 1322 ι

551 1338 713 1392 nitas.
752 1357 770 1389 ι
806 1336 1152 1407 Priusquam,
1190 1356 1207 1387 ι
1244 1337 1441 1406 inquit,
1477 1354 1495 1387 ι
1535 1346 1745 1391 montes
1783 1339 1994 1403 ﬁerent,
2025 1355 2091 1394 au

2212 1346 2320 1415 γὰρ
2345 1386 2356 1407 ,
2387 1346 2548 1416 φησὶ,
2596 1367 2612 1397 ι
2638 1348 2930 1419 γενηθῆναι
2960 1352 3053 1404 καὶ
3094 1353 3393 1423 πλασθῆναι
3422 1356 3519 1426 τὴν
3555 1336 3763 1428 γῆνκαὶ

550 1430 874 1484 formaretur
909 1437 1054 1484 terra
1103 1436 1157 1484 et
1203 1416 1384 1490 orbis,
1418 1445 1449 1482 a
1482 1414 1702 1491 saeculo,
1747 1439 1800 1484 et
1853 1447 2024 1499 usque
2061 1433 2115 1485 in

543 1520 870 1576 szeculumtu
904 1536 982 1575 es.
1017 1540 1034 1570 ι
1079 1519 1147 1573 At
1180 1522 1321 1574 enim
1359 1535 1530 1589 genus
1556 1521 1854 1575 humanum
1885 1523 1954 1577 ob
1988 1539 2110 1575 mu-

546 1611 862 1665 tabilitatem
905 1618 1112 1664 natura:
1154 1627 1217 1665 cx
1264 1611 1585 1666 celsitudine
1629 1612 1804 1666 omnis
1847 1613 2009 1679 boui,
2042 1614 2110 1668 ad

545 1702 812 1771 abiectam
842 1709 895 1756 et
924 1702 1184 1757 lubricam
1235 1703 1442 1772 peccati
1476 1702 1846 1758 conditionem
1886 1704 2110 1758 devolu~

542 1801 657 1847 tum
694 1794 892 1848 decidit
919 1813 930 1848 :
966 1794 1135 1863 Igitur
1161 1794 1361 1863 praebe,
1389 1794 1586 1861 inquit,
1614 1809 1833 1848 manqu
1871 1795 1978 1849 labi
2010 1813 2105 1850 ne-

541 1885 689 1938 scius
748 1884 1044 1939 vacillanti.
1095 1882 1248 1948 Quod
1295 1891 1486 1936 natura
1532 1899 1632 1946 es,
1688 1885 1790 1938 hoc
1834 1892 1888 1938 et
1943 1886 2104 1940 nobis

539 1975 778 2042 efﬁcere;
827 1992 1002 2047 neque
1042 1976 1297 2031 deturbes
1343 1977 1493 2030 illum
1541 1993 1604 2032 ex
1649 1978 1739 2032 illa
1789 1978 1843 2032 in
1891 1994 1996 2048 qua
2044 1988 2101 2032 tu

538 2069 814 2134 versaris,
892 2067 1209 2132 altitudine,
1291 2068 1346 2120 in
1423 2068 1780 2123 humilitatem
1869 2071 2098 2139 peccati.

540 2159 731 2215 Postea
762 2161 910 2216 vocis
952 2160 1164 2214 Domini
1190 2160 1273 2214 sui
1306 2160 1463 2228 quasi
1499 2160 1822 2215 administer
1851 2161 2095 2226 effectus,

541 2250 695 2306 affert
739 2251 953 2320 plenam
987 2251 1324 2304 humanitate
1355 2253 1682 2306 sententiam
1717 2271 1728 2306 :
1769 2271 1787 2304 ι
1831 2253 2098 2316 Quoniam

537 2343 761 2398 dixisti:
792 2343 1181 2405 Revertimini,
1231 2343 1324 2395 filii
1373 2343 1687 2412 hominum;
1740 2362 1758 2394 ι
1809 2360 1915 2413 qua
1968 2360 2102 2400 voce

536 2436 730 2504 dogma
764 2435 1038 2504 quoddam
1075 2435 1421 2501 continetur;
1459 2450 1581 2488 nam
1617 2436 1684 2490 ad
1714 2445 1961 2490 naturam
1997 2453 2098 2490 no-

537 2534 704 2580 stram
731 2527 906 2580 oratio
932 2527 1174 2595 respicit,
1212 2526 1585 2596 malorumque
1618 2528 1940 2583 medicinam
1971 2545 2098 2598 sug-

537 2620 692 2688 gerit.
727 2618 814 2687 Ait
839 2619 982 2673 enim
1013 2637 1027 2672 :
1056 2618 1191 2672 Cum
1218 2633 1315 2672 vos
1342 2619 1588 2675 homines
1614 2621 1900 2676 mutationi
1932 2625 2107 2691 expo—‘

537 2710 691 2763 sitia
727 2708 869 2762 bono
887 2708 1230 2774 ‘decideritis,
1283 2707 1511 2762 utamini
1560 2726 1750 2766 rursus
1797 2715 2099 2770 mutatione

535 2795 602 2847 ad
635 2794 708 2860 id,
742 2801 884 2865 quod
919 2796 1204 2851 honestum
1244 2807 1348 2862 est,
1378 2809 1428 2852 et
1450 2799 1591 2852 unde
1620 2800 1925 2868 cxcidistis,
1959 2805 2097 2858 rcci-

535 2901 700 2956 proco
723 2901 888 2940 cursu
917 2887 1272 2942 revertimini.
1307 2887 1426 2952 Quo
1453 2888 1525 2951 fit,
1560 2902 1617 2942 ut
1646 2892 1699 2943 in
1727 2891 1894 2946 libera
1923 2894 2096 2947 homi-

533 2996 662 3035 num
692 2979 945 3034 facultate
973 2981 1064 3047 sit,
1092 2991 1149 3034 ut
1182 2980 1249 3033 ad
1285 2981 1567 3034 arbitrium
1599 2981 1652 3034 in
1681 2983 1814 3052 ipsis
1842 2999 2094 3054 perseve-

531 3079 673 3138 rent,
698 3089 818 3142 quzn
844 3077 1052 3139 volunt,
1083 3073 1196 3127 sive
1220 3073 1360 3127 bona
1390 3075 1500 3126 sint
1528 3074 1639 3128 sive
1669 3076 1831 3129 mala.
1862 3076 1916 3129 ld
1949 3078 2094 3148 quod

2209 1434 2306 1505 τὴν
2339 1436 2660 1507 οἰκουμένην
2689 1477 2703 1497 .
2742 1439 2836 1490 κα)⁸
2883 1440 2991 1492 ἀπὸ
3032 1441 3126 1493 τοῦ
3159 1442 3384 1509 αἰῶνος,
3432 1446 3524 1496 καὶ
3551 1445 3649 1509 ἕως
3676 1449 3762 1502 τοῦ

2208 1526 2401 1590 αίῶνος
2430 1529 2493 1579 σὺ
2509 1525 2628 1581 νεῖ.»
2658 1529 2730 1581 Τὸ
2757 1529 2814 1581 δὲ
2838 1530 3173 1602 ἀνθρώπινον
3205 1533 3282 1604 τῷ
3310 1535 3529 1605 τρεπτῷ
3554 1538 3649 1606 τῆς
3673 1540 3763 1608 φύ-

2208 1633 2344 1679 σεως
2373 1617 2436 1669 ὲκ
2463 1617 2556 1670 τοῦ
2584 1617 2751 1688 ὕψους
2775 1619 2882 1670 τῶν
2920 1621 3138 1688 ἀγαθῶν
3166 1623 3300 1692 πρὸς
3338 1625 3397 1677 τὸ
3420 1628 3668 1680 ταπεινόν
3710 1647 3762 1682 τε

2206 1707 2298 1758 καὶ
2340 1707 2623 1779 ὀλισθηρὸν
2666 1711 2762 1780 τῆς
2812 1710 3084 1782 ἁμαρτίας
3114 1715 3432 1784 κατενεχθὲν
3462 1716 3575 1786 (76)
3619 1736 3762 1773 κατεο

2207 1798 2380 1869 σύρηο
2413 1800 2620 1854 Οὐκοῦν
2652 1803 2869 1874 ὄρεξον,
2904 1807 3038 1874 φησὶ
3061 1846 3074 1869 ,
3111 1808 3264 1877 χεῖρα
3286 1846 3304 1871 ,
3336 1809 3365 1860 ὀ
3401 1809 3647 1873 ἄπτωτος
3695 1813 3762 1882 τῷ

2205 1891 2549 1963 ὀλισθήσαντι
2571 1910 2585 1924 ·
2611 1895 2745 1966 ὅπερ
2777 1891 2825 1947 εἴ
2850 1899 2915 1966 τῇ
2953 1897 3130 1966 φύσει,
3163 1901 3255 1953 καὶ
3284 1902 3416 1970 ἡμῖν
3445 1903 3604 1955 τοῦτο
3630 1907 3762 1972 γινό-

2208 2002 2394 2054 μενος,
2425 1986 2519 2038 καὶ
2551 2005 2569 2037 ι
2614 1987 2686 2057 μὴ
2727 1988 3077 2060 ἁποστρέψῃς
3116 2009 3133 2041 ι
3183 1991 3341 2044 αὑτὸν
3376 1995 3438 2046 ὲκ
3480 1995 3576 2047 τοῦ
3624 1997 3762 2066 παρὰ

2207 2078 2288 2128 σοὶ
2321 2075 2523 2146 ὕψους,
2575 2080 2654 2141 είς
2700 2079 2797 2148 τὴν
2829 2080 2938 2149 (77)
2977 2083 3073 2151 τῆς
3108 2083 3380 2152 ἁμαρτίας
3423 2087 3759 2142 ταπείνωσιν.

2203 2161 2336 2218 Εἶτα
2380 2169 2478 2237 τῆς
2529 2168 2850 2238 δεσποτικῆς
2883 2171 3065 2241 φωνῆς
3116 2172 3359 2237 διάκονος
3389 2174 3630 2243 γίνεται,
3679 2180 3764 2231 καὶ

2203 2258 2463 2328 προφέρει
2509 2259 2606 2329 τὴν
2638 2259 3010 2331 φιλάνθρωπον
3045 2263 3201 2332 ῥῆσιν
3249 2263 3456 2332 λέγων·
3495 2265 3656 2318 «Ὅτι
3681 2272 3765 2321 καὶ

2201 2343 2378 2412 εἶπαςυ
2443 2352 2854 2422 Ἐπιστρέψατε,
2877 2353 2983 2405 υἱοὶ
3007 2355 3114 2406 τῶν
3137 2356 3485 2426 ἀνθρώπων.»
3509 2359 3576 2412 Ἥ
3595 2361 3649 2413 δὲ
3667 2378 3764 2414 τοι-

2201 2440 2334 2511 αύτη
2366 2442 2536 2514 φωνὴ,
2568 2443 2742 2514 δόγμα
2771 2444 2904 2497 ἐστί·
2938 2445 3121 2514 βλέπει
3141 2449 3248 2518 γὰρ
3263 2451 3397 2518 πρὸς
3426 2451 3530 2520 τὴν
3563 2452 3714 2520 φύσιν
3737 2453 3764 2506 6

2201 2530 2393 2598 λόγος,
2429 2536 2522 2586 καὶ
2567 2534 2663 2604 τὴν
2709 2535 3000 2606 θεραπείαν
3042 2539 3146 2591 τῶν
3200 2542 3382 2595 κακῶν
3434 2544 3759 2600 ὑποτίθεται.

2213 2623 2427 2694 Ἐπειδὴ
2457 2626 2596 2695 γὰρ,
2626 2627 2780 2695 φησὶ,
2808 2631 3030 2698 στρεπτοὶ
3057 2631 3207 2694 ὄντες
3235 2632 3329 2686 τοῦ
3363 2635 3574 2703 ἀγαθοῦ
3605 2637 3764 2709 ἀπερ-

2201 2712 2383 2782 ρύητε,
2412 2716 2684 2785 χρήσασθε
2716 2717 2872 2770 πάλιν
2902 2721 3035 2790 πρὸς
3063 2723 3123 2774 τὸ
3152 2723 3312 2778 καλὸν
3338 2729 3401 2796 τῇ
3431 2733 3647 2799 τροπῇ·
3681 2730 3766 2782 καὶ

2196 2803 2317 2858 ὅθεν
2340 2806 2747 2868 ὲκπεπτώκατε,
2773 2811 2864 2862 ἐπὶ
2884 2812 2944 2863 τὸ
2964 2813 3092 2865 αὐτὸ
3121 2815 3279 2868 πάλιν
3299 2818 3764 2892 ὲπαναστρέῲατε.

2208 2895 2296 2957 Ὠς
2329 2896 2385 2948 ἐν
2426 2900 2488 2967 τῇ
2523 2900 2835 2970 προαιρέσει
2883 2903 2989 2954 τῶν
3023 2904 3321 2974 ἀνθρώπων
3375 2904 3517 2964 εἶναι
3566 2913 3627 2965 τὸ
3652 2914 3770 2966 ἐαυ-

2195 2989 2305 3050 τοῖς
2337 2988 2520 3058 νέμειν
2551 2990 2660 3059 (78)
2699 2995 2817 3044 κατ’
2852 2991 3096 3056 ἐξουσίαν
3137 2997 3171 3050 ἅ
3205 2997 3478 3067 βούλονται
3509 3043 3527 3066 ,
3579 3005 3684 3057 εἴτε
3711 3005 3768 3058 τὸ

2195 3079 2396 3148 ἀγαθὸν
2417 3123 2430 3145 ,
2461 3083 2568 3135 εἴτε
2597 3085 2657 3136 τὸ
2686 3086 2883 3154 φαῦλον
2905 3105 2917 3117 ·
2948 3089 3008 3141 τὸ
3034 3089 3089 3142 δὲ
3118 3091 3314 3162 ἐφεξῆς
3332 3133 3347 3157 ,
3381 3095 3573 3165 ἕτερον
3601 3098 3768 3168 δόγμα

531 3166 776 3234 sequitur
816 3166 1043 3219 alterum
1091 3163 1286 3235 dogma
1324 3165 1728 3232 complectitur.
1771 3185 1789 3216 ι
1826 3165 2091 3232 Quoniam

2198 3172 2312 3224 ἐστί
2341 3190 2354 3202 ·
2391 3175 2526 3244 φησὶ
2553 3175 2658 3248 γὰρ
2680 3218 2694 3240 ,
2725 3169 2757 3229 ἰ
2783 3180 2900 3232 ’Ότι
2924 3181 3068 3249 χίλια
3101 3182 3192 3254 ἔτη
3238 3185 3295 3236 ὲν
3322 3163 3626 3257 ὀφθαλμοῖς
3656 3163 3765 3253 σου,

529 3260 677 3314 mille
719 3259 846 3311 anni
893 3259 946 3311 in
977 3258 1151 3311 oculis
1189 3258 1326 3323 luis,
1381 3256 1636 3324 Domine,
1685 3268 1942 3329 tanquam
1979 3261 2094 3316 dies

527 3350 805 3409 hesterna,
841 3364 960 3418 quae
996 3350 1287 3417 praeteriit:
1316 3355 1370 3402 et
1409 3365 1527 3418 quae
1564 3365 1661 3417 pro
1692 3351 1861 3405 nihilo
1890 3352 2094 3406 haben-

527 3452 638 3507 tur,
670 3456 854 3495 eorum
887 3440 1020 3514 anni
1054 3449 1230 3494 erunt.
1274 3459 1292 3490 ι
1327 3440 1466 3505 Quid
1496 3441 1660 3509 igitur
1690 3442 1962 3514 dogmatis
2000 3460 2093 3497 no-

528 3531 614 3587 bis
642 3533 731 3585 hic
758 3530 1111 3585 insinuatur?
1145 3531 1202 3584 Ei
1251 3531 1518 3599 videlicet,
1553 3535 1647 3602 qui
1679 3544 1886 3589 mutata
1929 3535 2092 3591 velifi-

529 3622 765 3685 catione,
794 3621 860 3676 ad
877 3629 1078 3676 rectam
1099 3621 1314 3677 vivendi
1342 3625 1606 3679 rationem
1629 3626 1944 3688 revertitur,
1963 3627 2090 3681 licet

527 3716 638 3769 vita
667 3715 894 3770 infinitis
928 3718 1192 3770 scelerum
1226 3717 1455 3771 maculis
1485 3727 1664 3774 notata
1707 3721 1799 3783 sit,
1831 3729 1892 3774 ut
1925 3721 2090 3776 colle-

525 3806 634 3861 ctio
662 3807 752 3860 illa
785 3815 1126 3877 peccatorum
1163 3809 1309 3864 mille
1331 3825 1596 3865 annorum
1624 3827 1745 3867 esse
1774 3812 2084 3877 videantur,

527 3908 626 3964 pro
674 3895 842 3950 nihilo
876 3905 1038 3948 totam
1087 3896 1230 3950 illam
1285 3899 1590 3968 congeriem
1627 3908 1934 3969 reputatum
1982 3903 2084 3968 iri,

524 3987 818 4041 dummodo
847 3986 1036 4055 pedem
1069 3989 1268 4043 referat
1292 4007 1304 4042 :
1342 4006 1466 4044 nam
1494 3991 1714 4047 divinus
1743 3994 1935 4048 oculus
1957 4010 2090 4064 prae-

525 4080 699 4134 sentia
731 4095 947 4149 semper
976 4080 1235 4146 intuetur,
1272 4084 1602 4152 praeteritum
1635 4101 1761 4140 vero
1793 4103 1901 4142 non
1937 4089 2086 4143 aesti-

525 4178 660 4233 mat,
694 4170 789 4225 sed
831 4171 1002 4225 instar
1033 4174 1193 4227 unius
1225 4175 1353 4237 diei,
1383 4175 1466 4229 vel
1495 4177 1670 4231 noctis
1699 4186 1918 4243 nostra,
1966 4198 2085 4251 qua:

2197 3262 2389 3334 Κύριε,
2414 3266 2490 3328 ὡς
2521 3268 2552 3337 ή
2579 3269 2757 3338 ἡμέρα
2783 3272 2816 3340 ἡ
2844 3271 2996 3341 ἐχθὲς
3016 3274 3085 3343 ,ἦ
3114 3293 3197 3338 τις
3220 3276 3421 3346 διῆλθε,
3445 3279 3520 3333 τὰ
3547 3280 3601 3334 δὲ
3628 3283 3769 3349 ἐξου-

2193 3354 2474 3425 δενώματα
2521 3359 2695 3411 αὐτῶν
2744 3361 2836 3431 ἔτη
2882 3363 3118 3418 ἔσονται.
3153 3385 3170 3416 ι
3218 3368 3282 3420 Τί
3328 3365 3419 3422 οὖν
3467 3373 3534 3423 ὲν
3567 3375 3766 3438 τούτοις

2192 3446 2533 3516 δογματικῶς
2567 3451 2960 3522 παιδευόμεθα;
2991 3456 3068 3509 ὅτι
3093 3457 3169 3528 τῷ
3203 3459 3261 3524 ἐξ
3289 3463 3632 3536 ἐπιστροφῆς
3667 3468 3766 3520 πά-

2192 3537 2275 3589 λιν
2307 3539 2442 3608 πρὸς
2474 3541 2534 3593 τὸ
2563 3543 2762 3609 ἀγαθὸν
2806 3545 3130 3602 ἀναλύσαντι
3150 3589 3166 3613 ,
3211 3551 3314 3605 κᾶν
3345 3556 3566 3625 μυρίοις
3600 3561 3628 3612 6
3661 3559 3767 3627 βίος

2191 3634 2522 3705 καταστιχθῇ
2559 3637 3021 3708 πλημμελήμασιν
3046 3681 3060 3703 ,
3096 3642 3170 3705 ὡς
3193 3644 3376 3714 χιλίων
3415 3648 3562 3702 ὲτῶν
3595 3649 3768 3704 δοκεῖν

2190 3719 2325 3777 εἶναι
2363 3726 2470 3779 τῶν
2503 3728 2682 3780 κακῶν
2711 3730 2771 3783 τὸ
2814 3731 3084 3802 ἄθροισμα
3108 3775 3122 3798 ,
3164 3736 3276 3788 ἀντ’
3303 3738 3520 3804 οὐδενός
3550 3744 3668 3796 ἐστι
3694 3743 3767 3814 τῷ

2189 3816 2306 3886 Θεῷ
2343 3818 2439 3870 ἐπὶ
2478 3818 2572 3872 τοῦ
2625 3822 3081 3893 ἐπιστραφέντοςο
3112 3830 3140 3880 ὀ
3168 3828 3275 3899 γάρ
3308 3829 3447 3894 θεῖος
3483 3834 3770 3906 ὀφθαλμὸς

2188 3908 2248 3960 τὸ
2273 3909 2504 3974 ἐνεστὼς
2531 3913 2616 3966 ἀεὶ
2657 3913 2867 3983 βλέπει,
2908 3917 2968 3970 τὸ
2996 3917 3052 3972 δὲ
3085 3921 3412 3992 παρῳχηκθκ
3451 3926 3515 3977 οὐ
3553 3925 3766 3995 λογίζε-

2187 4017 2310 4053 ται·
2342 4002 2456 4054 ἀλλ’
2478 4003 2598 4056 ἀντὶ
2621 4007 2747 4076 μιᾶς
2769 4007 2876 4076 (79)
2902 4010 3114 4080 ἡμέρας
3143 4011 3174 4081 ἢ
3206 4013 3400 4083 μέρους
3424 4015 3540 4087 (80)
3573 4023 3768 4083 νυκτὸς

2188 4092 2336 4163 παρὰ
2361 4093 2438 4164 τῷ
2461 4094 2578 4164 Θεῷ
2610 4098 2852 4167 κρίνεται
2873 4139 2888 4161 ,
2927 4101 2960 4170 ἦ
2994 4119 3075 4164 τις
3103 4101 3342 4176 παρῆλθέ
3368 4125 3424 4160 τε
3465 4110 3566 4162 καὶ
3597 4115 3768 4182 παρέ-

2184 4184 2375 4255 δραμε.
2413 4186 2483 4239 Τὸ
2511 4188 2564 4240 δὲ
2591 4187 2818 4252 ἐνεστὼς
2851 4193 2907 4244 ἐν
2931 4195 3114 4264 κακίᾳ,
3151 4196 3252 4249 κᾶν
3281 4197 3356 4260 ὡς
3396 4199 3571 4271 μηδὲν
3613 4203 3768 4275 παρὰ

523 4261 633 4329 jam
668 4262 946 4330 praeteriit,
986 4278 1015 4316 a
1056 4263 1163 4319 Deo
1200 4267 1446 4319 habetur.
1492 4266 1561 4318 At
1593 4267 1645 4320 id
1686 4269 1830 4338 quod
1859 4271 1913 4324 in
1949 4289 2085 4342 pra:-

2198 4277 2290 4330 τῶν
2325 4280 2736 4350 ἁμαρτανόντων
2761 4281 3154 4355 έξευτελίζηται
3203 4287 3414 4358 (81),ὼς
3458 4293 3606 4346 ἐτῶν
3637 4295 3767 4366 πλῆ-

527 4349 666 4403 senti
693 4350 1012 4404 obstrictum
1047 4361 1132 4406 est
1163 4355 1399 4420 malitia,
1439 4355 1651 4410 etiamsi
1704 4365 1960 4428 tanquam
2007 4363 2085 4415 ni-

527 4439 693 4493 hilum
730 4456 758 4493 a
796 4442 1169 4510 peccatoribus
1198 4452 1552 4513 extenuetur,
1601 4445 1741 4502 Deus
1769 4456 1949 4504 tamen
1989 4468 2079 4505 ve-

2184 4369 2274 4433 θος
2295 4371 2372 4441 τῷ
2390 4373 2509 4444 Θεῷ
2538 4373 2851 4446 καθορᾶται.
2879 4369 3179 4452 Φησῖγάρο
3203 4381 3316 4436 (Τά
3344 4382 3766 4457 ὲξουδενώματα

2183 4462 2358 4516 αὐτῶν
2388 4464 2482 4535 ἔτη
2521 4466 2780 4521 ἔσονται.»
2813 4469 3004 4534 Καλῶς
3033 4471 3088 4525 δὲ
3121 4475 3214 4526 καὶ
3259 4477 3554 4545 προσφυῶς
3609 4479 3764 4543 ἐξου-

523 4531 600 4582 lut
658 4531 1026 4600 longissimam
1063 4536 1349 4604 quamdam
1376 4551 1644 4591 annorum
1681 4539 2079 4597 multitudinem

2198 4531 2480 4626 isvdipata‘
2505 4558 2753 4630 ὀνομάζει
2795 4561 2862 4614 τὰ
2896 4531 3377 4636 πλημμελήματα·
3409 4531 3488 4621 ὀτι
3531 4531 3764 4640 πέφυυκέ

523 4621 755 4690 aspicit:
799 4621 930 4676 dicit
978 4624 1168 4680 enim:
1209 4644 1227 4676 ι
1266 4628 1395 4693 Quae
1427 4643 1522 4698 pro
1567 4629 1736 4683 nihilo
1783 4631 2077 4695 habentur,

520 4727 708 4766 eorum
741 4715 866 4767 anni
909 4723 1088 4770 erunt.
1125 4736 1144 4769 ι
1199 4717 1432 4774 Pulchre
1485 4729 1667 4774 autem
1699 4731 1752 4776 et
1795 4723 2081 4793 ingeniose

521 4805 749 4874 appellat
774 4809 1025 4874 peccata‘,
1068 4827 1086 4859 ι
1116 4810 1282 4877 nihil;
1315 4830 1332 4860 ι
1381 4828 1503 4865 nam
1527 4813 1619 4882 qui
1661 4823 1884 4883 peccat,
1944 4817 2083 4870 solet

518 4896 916 4962 quodammodo
969 4915 1067 4968 pro
1135 4901 1306 4955 nihilo
1356 4914 1638 4972 peccatum
1700 4909 1900 4964 ducere
1957 4929 1969 4963 :
2029 4917 2081 4964 et

441 5017 443 5019 ι
520 5003 616 5055 pro
655 4991 846 5057 quovis
892 4991 1097 5046 scelere
1143 5003 1448 5063 perpetrato
1499 4997 1872 5056 defensionem
1921 5001 2077 5056 iusti-

515 5089 690 5144 tuere,
725 5090 783 5134 ut
805 5082 981 5138 cuivis
1014 5085 1067 5138 in
1091 5101 1418 5157 quocunque
1437 5092 1575 5144 male
1591 5093 1886 5149 commisso
1905 5111 2081 5164 prom-

513 5185 664 5242 ptum
693 5177 764 5230 sit
788 5177 968 5232 dicere
1019 5190 1033 5225 :
1073 5171 1218 5228 Nihil
1277 5187 1362 5231 est
1417 5179 1681 5247 cupiditas
1707 5219 1724 5245 ,
1764 5183 1898 5236 nihil
1956 5184 2032 5239 ira
2063 5227 2078 5251 ,

512 5274 564 5316 et
601 5265 704 5317 alia
743 5264 903 5333 hujus
975 5271 1190 5339 generis
1244 5271 1380 5325 nihil
1442 5283 1608 5337 sunt,
1686 5288 1809 5326 cum
1842 5275 1950 5328 sint
1984 5293 2078 5330 na-

515 5364 647 5409 turae
675 5357 920 5426 quaedam
949 5361 1251 5426 motiones;
1290 5369 1481 5415 natura
1507 5378 1634 5417 vero
1671 5379 1809 5434 opus
1854 5365 1968 5420 Dei.

586 5496 603 5524 ⁷
626 5494 763 5550 Psal.
801 5513 1018 5560 Lxxxu,
1058 5501 1079 5552 l
1113 5515 1231 5569 sqq.

584 5634 698 5772 (76)
726 5636 798 5687 Τὸ
824 5637 1056 5708 ὲνεχθέν,
1093 5639 1177 5692 ed.

584 5704 671 5771 (77
742 5707 832 5757 Ἐκ
860 5709 980 5761 add.
1008 5710 1092 5762 ed.

584 5704 695 5771 (77)
742 5707 832 5757 Ἐκ
860 5704 980 5761 add.
1008 5710 1092 5762 ed.

584 5774 696 5839 (78)
722 5776 811 5828 Ἐν
843 5778 1020 5841 αὐτοῖς
1049 5779 1218 5848 μένει,
1249 5783 1333 5834 ed.

2186 4663 2300 4709 πως
2329 4651 2356 4700 ὀ
2403 4644 2477 4701 το
2508 4653 2674 4704 κακὸν
2718 4655 2953 4724 ἐνεργῶν
2980 4658 3092 4710 ἀντ’
3136 4658 3343 4724 οὐδενὸς
3393 4663 3655 4731 ἡγεῖσθαι
3703 4664 3764 4716 τὸ

2185 4736 2682 4811 πλημμελούμενον,
2712 4744 2802 4797 καί
2822 4763 2971 4811 τινας
2999 4749 3224 4802 ἑκάστου
3244 4751 3351 4802 τῶν
3382 4752 3522 4806 κατὰ
3555 4756 3765 4808 κακίαν

2183 4830 2478 4899 γινομένων
2504 4835 2886 4906 παρευρίσκειν
2927 4841 3216 4908 ἀπολογίας
3241 4883 3253 4905 ,
3292 4843 3430 4896 ὥστε
3458 4847 3764 4917 πρόχειρον

2181 4915 2319 4973 εἶναι
2361 4922 2420 4974 τὸ
2446 4923 2531 4991 ἐφ’
2571 4925 2781 4996 ἑκάστῳ
2810 4928 2988 4996 λέγειν
3011 4971 3023 4992 ,
3058 4931 3224 4985 Οὐδὲν
3253 4937 3284 5005 ἡ
3317 4915 3586 5004 ἐπιθυμία
3608 4978 3624 5002 ,
3669 4915 3767 4990 καὶ

2181 5013 2329 5066 οὐδὲν
2381 5016 2428 5081 ἡ¹
2473 5015 2642 5086 ὀργὴ,
2697 5019 2789 5072 καὶ
2847 5021 2994 5074 οὐδὲν
3045 5023 3268 5078 ἕκαστον
3325 5025 3432 5079 τῶν
3488 5028 3765 5081 τοιούτων

2181 5102 2313 5155 ὲστί.
2352 5103 2567 5168 Φύσεως
2599 5105 2703 5179 γὰρ
2743 5109 2911 5163 ταῦτα
2960 5118 3263 5185 κινήματα·
3305 5119 3336 5188 ή
3371 5117 3426 5173 δὲ
3457 5117 3631 5188 φύσις
3672 5118 3768 5191 ἐρ-

2179 5209 2272 5260 γον
2297 5194 2449 5250 Θεοῦ.

2389 5652 2701 5732 -ᾘμετέρας
2731 5663 2855 5718 add.
2891 5666 2975 5721 cd.

2246 5724 2358 5798 (ὅθ)
2388 5724 2729 5798 Μέρουςοηι.
2761 5734 2848 5789 ed.

2247 5795 2357 5866 (81)
2383 5795 2818 5869 Ἐξευτελίζεται,
2850 5807 2939 5862 ed.
