3982 6466
165 380 255 435 461
1608 355 1676 409 IN
1714 352 1767 408 Pi

1870 348 2053 407 .MOS.

3302 344 3408 397 402

236 494 351 546 Ούκ
389 490 455 545 ἄν
479 506 530 541 τι
562 486 674 555 (82)
705 483 909 538 τούτων
938 481 996 534 ἐν
1021 496 1126 533 τινι
1149 472 1429 547 νομισθείη
1479 467 1634 539 κακῷ
1663 465 1739 537 τῷ

1871 461 2042 535 Igitur
2057 478 2215 517 nemo
2233 463 2426 517 horum
2448 462 2591 515 malo
2618 460 2800 529 aliquo
2816 460 3084 528 obligatus
3102 459 3401 513 censebitur

168 583 435 658 ἐφορῶν-ει
457 580 553 649 τὴν
582 576 923 649 ἀνθρωπίνην
947 573 1091 641 ζωήν
1116 586 1128 598 ’
1150 568 1238 622 διὰ
1259 563 1416 619 τοῦτό
1440 578 1625 632 φησιν,
1655 560 1735 612 ὃτι

341 670 745 741 ὲξουδενώματα
788 687 805 718 ι
864 665 1034 719 ταῦτα
1083 662 1225 732 (85),
1283 659 1412 711 ὅταν
1472 656 1620 725 παρῇ
1670 653 1737 722 τῇ

170 763 481 838 προαιρέσει
528 761 622 815 τοῦ
667 758 1047 830 ἐνεργοῦντος,
1079 753 1171 806 καὶ
1222 751 1296 821 μὴ
1344 746 1617 819 παρέλθῃ,
1666 744 1742 806 ὡς

171 860 372 921 πλάτος
400 857 534 909 ἐτῶν
564 854 713 926 παρά
743 852 821 922 τῷ
846 850 973 918 θείῳ
996 845 1253 916 ὀφθαλμῴ
1273 844 1342 897 τὰ
1371 841 1491 895 καθ’
1515 840 1742 892 ἕκαστον

171 950 433 1022 κρίνεται.
482 947 650 1001 Πάλιν
711 945 772 997 τὸ
827 939 1114 1012 παροδικὸν
1165 940 1263 1006 τῆς
1319 933 1532 1002 φύσεως
1588 928 1743 999 ἡμῶν

174 1020 481 1114 ὑπογράφει
533 1039 609 1110 τῷ
657 1037 800 1106 λόγῳ
823 1077 837 1100 ,
876 1033 950 1096 ὡς
995 1032 1059 1085 ἂν
1111 1029 1309 1101 μᾶλλον
1342 1028 1421 1087 είς
1470 1024 1616 1075 ἔλεον
1654 1020 1744 1073 τὸν

174 1137 305 1191 Θεὸν
325 1113 689 1203 δυσωπήσειε.
720 1127 882 1196 Λέγει
903 1124 1010 1194 γὰρ
1041 1119 1286 1191 ὲναργῶς
1315 1116 1405 1170 ὑπ’
1439 1116 1560 1184 ὄψιν
1600 1113 1745 1180 ἄγων

175 1228 252 1298 τῷ
285 1224 662 1293 ὑποδείγματι,
706 1219 758 1271 τί
792 1217 899 1289 χρὴ
939 1214 1179 1285 νομίζειν
1211 1207 1349 1263 εἶναι
1380 1208 1491 1278 (84)
1519 1207 1623 1298 τὴν
1649 1205 1749 1272 τῆς

178 1297 394 1389 φύσεως
427 1315 582 1386 ήμῶν
604 1311 912 1379 ἀθλιότητα,
948 1307 1155 1377 πρωϊαν
1183 1303 1277 1356 καὶ
1302 1299 1558 1370 ἑσπέραν.
1584 1297 1751 1348 Τουτ-

179 1387 325 1475 έστι,
375 1410 601 1478 νεότητα
644 1405 738 1459 καὶ
775 1404 981 1472 γῆρας’
1015 1398 1176 1468 χλόην
1214 1396 1272 1448 ὲν
1308 1392 1386 1463 τῷ
1413 1390 1626 1461 ὄρθρῳ,
1658 1387 1752 1439 καὶ

179 1505 374 1567 ἄνθος,
406 1502 499 1555 καὶ
523 1477 798 1568 πάροδον.
828 1493 936 1547 Καὶ
966 1490 1104 1561 μετά
1139 1485 1296 1540 τοῦτο
1340 1484 1438 1553 τῆς
1477 1478 1616 1533 κατά
1655 1477 1753 1548 τὴν

181 1597 399 1668 ἠλικίαν
442 1591 641 1655 νοτίδος
679 1584 1071 1652 ἀναλωθείσης,
1104 1579 1198 1634 καὶ
1241 1575 1336 1630 τοῦ
1376 1572 1542 1645 φυτοῦ
1582 1572 1754 1624 ἁπαν·-

183 1662 447 1761 θήσαντος
475 1724 488 1749 ,
528 1687 627 1754 τῆς
669 1698 729 1733 τε
780 1674 1057 1749 συμφυοῦς
1104 1672 1249 1744 ὥρας
1285 1662 1753 1731 διαπνευσθείσης,

184 1755 421 1853 ξοράττις
445 1779 539 1831 καὶ
574 1772 859 1847 μαρασμὸς
887 1769 949 1822 τὸ
977 1765 1315 1835 λειπόμενον.
1340 1755 1630 1853 Ούτωῌγάρ
1657 1770 1759 1853 φη-

1843 557 1911 610 ab
1938 571 2002 610 eo
2034 556 2126 624 qui
2156 554 2446 608 humanam
2475 553 2642 605 vitam
2679 552 2920 604 intuetur
2948 567 2962 603 :
2998 550 3067 603 ob
3113 550 3165 603 id
3198 551 3408 619 inquit:

1852 668 1871 702 ι
1893 650 2023 715 Quae
2044 664 2141 717 pro
2159 647 2329 701 nihilo
2356 648 2424 699 ab
2454 645 2586 715 ipsis
2605 645 2874 698 habentur
2899 660 2911 696 :
2953 662 2971 693 ι
2990 642 3034 696 si
3067 650 3415 711 perseverent

1847 742 1902 795 in
1932 740 2212 793 voluntate
2245 744 2298 791 et
2335 736 2615 805 proposito
2669 732 2946 803 cperantis
2980 746 3155 800 neque
3191 740 3447 799 praeter-,

1852 833 2036 893 ierint,
2094 839 2352 898 tanquam
2393 842 2657 882 annorum
2722 822 3124 878 multitudinem
3173 838 3202 876 a
3233 822 3417 877 divino

1858 926 2021 980 oculo
2050 921 2603 992 sigillatimjudicari.
2635 919 2848 973 Rursus
2869 916 3283 971 mutabilitatem
3320 933 3418 970 na-

1856 1028 1991 1073 turae
2026 1024 2227 1070 nostra:
2251 1014 2495 1069 oratione
2525 1011 2808 1073 describit,
2840 1018 2898 1063 ut
2934 1008 3098 1062 Deum
3130 1008 3305 1078 magis
3352 1009 3417 1060 ad

1855 1109 2287 1166 misericordiam
2319 1111 2677 1160 commoveat.
2721 1101 3009 1155 Manifesto
3055 1101 3198 1154 enim
3238 1116 3420 1154 exem-

1854 1204 1946 1273 plo
1975 1203 2153 1264 docet,
2184 1198 2443 1267 quidnam
2492 1204 2730 1252 statuere
2783 1193 3078 1247 debeamus
3109 1192 3174 1246 de
3212 1201 3421 1245 natura:

1853 1304 2062 1352 nostra:
2110 1293 2371 1359 miseria;
2406 1305 2524 1345 eam
2577 1288 2836 1343 nimirum
2890 1287 3028 1340 nihil
3075 1287 3220 1340 aliud
3277 1302 3420 1349 esse,

1854 1405 2017 1460 quam
2054 1403 2212 1441 mane
2241 1384 2510 1455 quoddam
2545 1390 2599 1438 et
2632 1395 2935 1451 vesperam,
2963 1380 3067 1433 hoc
3104 1391 3206 1442 est,
3230 1380 3424 1449 juven-

1856 1488 2028 1536 tutem
2060 1488 2113 1535 et
2143 1486 2503 1539 senectutem,
2532 1476 2803 1530 viventem
2846 1473 3007 1527 simul
3036 1482 3090 1527 et
3133 1472 3426 1527 ﬂoresceu-

1858 1582 1966 1627 tem
1999 1570 2104 1626 sub
2126 1570 2450 1632 diluculum,
2483 1566 2577 1621 sed
2606 1573 2788 1619 tamen
2820 1571 3253 1634 praetereuntem.
3278 1562 3429 1618 Post-

1860 1664 1975 1717 harc
2010 1670 2338 1731 consumpto
2376 1657 2533 1729 quasi
2565 1656 2858 1721 vcgetioris
2905 1664 2959 1709 et
3004 1655 3280 1709 viridioris
3328 1657 3426 1709 aevi

1862 1771 2007 1821 rore,
2028 1755 2321 1823 plantaque
2348 1750 2737 1807 deﬂorescente
2846 1754 2900 1799 et
2975 1744 3161 1797 innato
3233 1743 3425 1797 decore

188 1830 346 1929 -ὁ-
380 1830 536 1937 λόγος
600 1830 855 1921 ι’·ῖοτξτό
878 1859 1020 1933 πρωϊ
1050 1830 1270 1927 ἀνθήσοι
1292 1854 1386 1907 καὶ
1422 1850 1534 1922 (85)
1563 1846 1761 1918 παρέλ-

1870 1850 2277 1899 evanescente,
2364 1836 2415 1889 id
2508 1834 2651 1904 quod
2736 1830 3058 1900 relinquitur
3119 1834 3254 1888 nihil
3285 1834 3427 1886 aliud

112 1948 119 1953 ’
189 1970 295 2027 θοι,
333 1964 393 2018 τὸ
421 1960 658 2031 ἑσπέρας
692 1954 984 2016 ἀποπέσοι,
1018 1945 1410 2018 σκληρυνθείη,
1444 1942 1538 1995 καὶ
1568 1940 1763 2010 ξηραν-

191 2061 333 2129 θείη.
366 2077 385 2108 ι
417 2052 640 2120 Τοῦτοή
667 2044 977 2118 ἀνθρωπίνη
1010 2042 1189 2111 φύσις.
1232 2039 1320 2091 Ἐν
1341 2035 1399 2089 δὲ
1423 2036 1535 2097 τοῖς
1568 2031 1763 2129 saequ

190 2152 351 2205 πλέον
383 2143 777 2206 κατοικτίζεται
798 2139 858 2191 τὸ
888 2134 1244 2205 ἀνθρώπινον,
1272 2128 1447 2198 λέγων
1474 2122 1765 2185 δεδαπανῆ-

191 2246 319 2298 σθαι
363 2244 430 2313 τῇ
467 2239 603 2310 ὀργῇ
655 2235 755 2305 τὴν
798 2231 906 2285 τῶν
945 2224 1244 2301 ἀνθρώπων
1283 2222 1428 2291 ζωὴν
1452 2259 1467 2284 ,
1516 2211 1625 2271 οἷόν
1659 2230 1765 2267 τινι

194 2308 475 2405 ἀνέμῳ
504 2308 597 2382 τοῦ
636 2322 805 2395 θυμοῦ
841 2319 1110 2391 προσϐολῇ
1151 2312 1568 2387 χειμαζομένην.
1599 2308 1766 2405 Δῆλον

193 2429 270 2487 δὲ,
298 2398 379 2479 δτι
403 2398 493 2477 διά
510 2421 609 2491 τῆς
637 2417 805 2488 ὀργῆς
839 2414 931 2467 καὶ
958 2410 1051 2464 τοῦ
1081 2407 1253 2478 θυμοῦ
1276 2405 1375 2475 τὴν
1401 2398 1767 2466 ἀποστατικὴν

195 2516 542 2588 διασημαίνει
582 2511 859 2580 ἐνέργειαν
883 2546 896 2569 ,
927 2504 991 2556 δι’
1032 2498 1100 2572 ἦς
1146 2497 1383 2566 ἔκλειψις
1424 2495 1521 2564 μὲν
1560 2492 1770 2588 γίνεται

196 2615 302 2682 τῆς
500 2607 611 2667 τοῖς
637 2599 942 2672 ἀνθρώποις
967 2611 980 2624 '
1011 2590 1223 2661 ταραχὴ
1252 2590 1308 2642 δὲ
1346 2587 1439 2640 τοῦ
1475 2582 1771 2655 ἡσυχάζον-

198 2677 310 2766 τος.
350 2698 509 2752 υῦτω
528 2697 584 2749 δὲ
614 2697 646 2764 ὴ
674 2693 815 2757 λέξις
839 2690 977 2760 ἔχει·
1018 2706 1035 2738 ι
1058 2684 1411 2751 Ἐξελίπομεν
1450 2682 1505 2732 ὲν
1540 2680 1606 2748 τῇ
1635 2677 1770 2745 ὀργῇ

1865 1944 1951 1991 est
1984 1950 2147 2005 quam
2180 1931 2441 1987 arefactio
2487 1938 2541 1983 et
2583 1927 2897 1982 exsiccatio.
2962 1926 3054 1980 Sic
3107 1926 3252 1979 enim
3310 1926 3426 1978 ait:

1871 2043 1891 2078 ι
1931 2026 2198 2093 Quoniam
2227 2039 2385 2078 mane
2418 2030 2678 2090 tanquam
2713 2019 2880 2075 herba
2914 2026 3177 2081 transeat,
3210 2032 3432 2085 veSpere

1866 2118 2103 2183 decidat,
2142 2116 2359 2171 induret
2396 2122 2452 2168 et
2493 2109 2883 2167 arescat.iHoc
2916 2110 3165 2164 videlicet
3199 2109 3434 2161 humana

1868 2219 2062 2266 natura
2100 2217 2203 2264 est.
2234 2207 2291 2261 In
2316 2208 2383 2261 iis
2405 2220 2533 2260 vero
2553 2218 2675 2275 quae
2704 2208 3027 2272 sequuntur,
3068 2201 3238 2271 magis
3258 2200 3435 2255 adhuc

1867 2301 2179 2355 mortalium
2213 2299 2583 2352 conditionem
2619 2295 2911 2349 miseratur
2939 2302 2992 2348 et
3015 2294 3281 2363 deplorat,
3311 2309 3434 2348 cum

1870 2391 1967 2456 ait,
2009 2397 2390 2459 consumptam
2443 2402 2567 2443 esse
2612 2388 2669 2440 in
2705 2386 2786 2438 ira
2821 2386 2986 2437 vitam
3042 2385 3345 2449 hominum,
3386 2396 3439 2439 et

1873 2483 2018 2538 velut
2045 2489 2207 2536 vento
2239 2481 2476 2550 quodam
2512 2477 2715 2531 furoris
2778 2477 3113 2530 immissione
3167 2477 3439 2530 turbatam

1873 2582 1927 2629 ct
1956 2574 2307 2642 exagitatam.
2344 2569 2696 2639 Perspicuum
2720 2576 2897 2622 autem
2931 2568 3171 2623 arbitror
3201 2584 3323 2622 eum
3351 2568 3444 2621 ira:

1876 2675 1929 2721 et
1961 2665 2165 2720 furoris
2198 2664 2514 2718 nominibus
2552 2661 2840 2731 designare
2893 2661 3291 2729 operationem,
3335 2675 3442 2730 qua

204 2753 323 2860 εὸξ,
344 2793 441 2846 καὶ
468 2792 523 2842 ὲν
550 2753 802 2857 τῷθυμῷ
826 2753 919 2835 σου
949 2777 1353 2850 ἐταράχθημεν.
1375 2794 1393 2826 ι
1432 2771 1541 2826 Καὶ
1568 2769 1767 2831 τούτοις

1880 2772 1909 2811 a
1941 2757 2050 2813 Deo
2082 2756 2401 2812 absistimus
2424 2764 2477 2811 et
2508 2756 2809 2819 deﬁcimus,
2835 2768 2955 2823 quae
2987 2753 3298 2807 hominibus
3324 2754 3447 2807 vitm

202 2845 407 2953 επάγει
457 2845 855 2934 διἰἀκολούθου
907 2872 969 2924 τὸ
1126 2845 1376 2939 -πρέπειν
1429 2862 1549 2933 Θεῷ
1602 2860 1767 2930 θέαμα

1880 2852 2041 2905 ﬁnem
2072 2850 2260 2913 affert;
2298 2848 2538 2902 turbatio
2563 2861 2691 2901 vero
2732 2846 2851 2915 ejus
2877 2855 2980 2909 est,
3016 2846 3160 2914 quod
3187 2845 3443 2914 quiescit.

204 2938 482 3035 ποιείσθαι
506 2972 605 3043 τὴν
637 2966 981 3040 ἀνθρωπίνην
1016 2938 1244 3023 κακίαν,
1280 2957 1412 3030 μηδὲ
1449 2957 1558 3010 δεῖν
1594 2954 1767 3022 φαίνει

1884 2942 1977 2996 Sic
1998 2949 2176 2995 autem
2206 2940 2368 2996 verba
2398 2956 2518 2995 sese
2552 2939 2788 2993 habent:
2822 2957 2839 2989 ί
2870 2938 3134 3004 Quoniam
3168 2940 3218 2991 in
3247 2938 3326 2991 ira
3360 2947 3446 2991 tua

472 3028 1049 3136 ἀκηράτῳ’προσιί›πῳ
1092 3054 1182 3106 τὸν
1222 3028 1623 3121 ἐμμολυνθέντα
1663 3047 1767 3106 ταῖς

1883 3032 2187 3088 defecimus
2213 3076 2227 3099 ,
2267 3043 2319 3087 et
2352 3033 2405 3086 in
2445 3032 2630 3085 furore
2658 3040 2750 3084 tuo
2788 3031 2991 3085 turbati
3027 3046 3238 3085 sumus.
3278 3049 3295 3080 ι
3328 3028 3451 3084 llis-

206 3122 510 3233 ἀμαρτίαις
539 3122 715 3224 ἡμῶν.
744 3122 944 3201 αἱῶνα’
990 3122 1136 3212 λέγει
1184 3142 1240 3194 δὲ
1285 3138 1485 3193 οὑτωσὶ
1533 3140 1598 3207 τῇ
1631 3138 1767 3205 φωνῇ

1886 3141 1995 3196 quc
2022 3126 2215 3180 ordine
2244 3140 2485 3194 congruo
2516 3124 2687 3186 addit,
2720 3138 2828 3176 non
2855 3122 3066 3184 decere,
3099 3130 3154 3175 ut
3184 3122 3325 3178 Dcus
3353 3122 3454 3175 hu-

199 3217 310 3322 την
335 3217 605 3314 ’τοιαύτην
646 3237 961 3311 ἑρμηνεύων
990 3234 1228 3289 διάνοιαν
1250 3248 1264 3262 ·
1312 3250 1330 3281 ι
1354 3229 1515 3283 ’Έθου
1544 3228 1641 3289 τὰς
1669 3226 1767 3278 ἀνο·

1889 3234 2105 3274 manam
2136 3218 2397 3271 malitiam
2434 3217 2536 3270 sibi
2590 3217 2719 3269 velit
2747 3231 2867 3270 esse
2898 3217 3226 3285 spectaculo,
3282 3232 3455 3286 neque

209 3307 346 3415 μίας
372 3337 528 3411 ἡμῶν
559 3318 793 3387 ἐναντίον
836 3326 952 3381 σοῦ.
980 3346 997 3378 ι
1033 3326 1125 3389 Ὠς
1158 3324 1223 3377 ἂν
1250 3323 1404 3385 εἴτις
1435 3320 1496 3373 τὸ
1526 3339 1542 3371 ι
1579 3319 1664 3371 ἵνα
1691 3318 1767 3369 τί]

1888 3312 2152 3367 inviolato
2185 3310 2260 3363 illi
2295 3309 2469 3362 vultui
2504 3322 2766 3377 apparere
2794 3307 2992 3361 debere
3011 3322 3182 3361 aevum
3212 3316 3457 3363 nostrum

206 3401 477 3504 προσθεὶς
524 3428 618 3480 ἐπὶ
646 3426 705 3478 τὸ
738 3421 1067 3490 σαφέστερον
1103 3416 1332 3488 προάγοι
1373 3414 1461 3465 τὸν
1486 3412 1641 3479 λόγον
1668 3450 1682 3470 ,
1715 3409 1767 3460 ὼ‹

1892 3404 2131 3475 peccatis
2169 3411 2223 3458 et
2255 3401 2475 3472 ﬂagitiis
2510 3401 2892 3470 inquinatum:
2929 3401 3009 3454 sic
3054 3416 3183 3455 vero
3214 3401 3281 3454 ad
3330 3416 3452 3454 ver-

208 3527 359 3585 εἶναι
398 3521 652 3591 τοιαύτην
705 3516 799 3570 τοῦ
837 3516 1075 3586 ῥήματος
1126 3510 1223 3578 τὴν
1249 3507 1518 3559 διάνοιαν·
1549 3505 1669 3555 ’Ότι
1710 3518 1767 3553 σο

1894 3497 2021 3551 hum
2059 3497 2113 3548 in
2145 3494 2286 3548 hanc
2315 3494 2640 3548 sententiam
2676 3492 2953 3561 loquitur:
2990 3510 3009 3542 ι
3069 3490 3306 3546 Posuisti
3356 3493 3461 3546 ini-

210 3582 427 3695 ⁸πρέπει
452 3616 517 3671 τά
560 3582 698 3667 καλὰ
746 3612 802 3663 ὲν
835 3582 1128 3676 δφθαλμοῖς
1162 3601 1302 3672 ἔχειν
1330 3617 1344 3630 ο
1378 3598 1438 3650 τὸ
1474 3596 1529 3695 δὲ
1572 3596 1767 3695 ἄνομον

1894 3591 2127 3659 quitates
2164 3595 2382 3641 nostras
2432 3586 2490 3639 in
2552 3593 2851 3654 conspectu
2907 3590 3020 3639 tuo.
3065 3604 3084 3635 ι
3128 3582 3197 3637 Ut
3241 3585 3286 3639 si
3338 3587 3463 3655 quis

214 3677 338 3785 (86)
366 3706 521 3778 παρά
547 3702 640 3756 σοῦ
663 3698 887 3773 ὁρᾶσθαι
909 3695 1141 3759 ἀνάξιον.
1176 3687 1428 3745 Τοιοῦτον
1449 3682 1540 3740 οὖν
1573 3682 1764 3785 ποίηρο

1897 3682 2109 3751 adjecta
2138 3680 2331 3735 vocula
2367 3697 2386 3731 ι
2412 3677 2593 3744 Quare
2628 3697 2649 3731 ι
2678 3678 2966 3731 clariorem
2993 3679 3311 3732 sententiam
3344 3679 3466 3732 red.

213 3769 281 3858 τὸ
310 3769 650 3872 ἀνθρίῦπινον
673 3769 703 3855 ,⁷
740 3790 816 3853 ὼς
860 3788 958 3857 τῆς
996 3785 1109 3856 (87)
1140 3780 1441 3849 ἐπισκοπῆς
1582 3773 1767 3872 divi-ﬁmo

1898 3777 2027 3831 dere
2056 3774 2205 3837 velit,
2249 3772 2338 3826 hic
2372 3772 2535 3840 hujus
2568 3771 2673 3826 loci
2726 3786 2922 3826 sensus
2954 3771 3023 3824 sit
3073 3770 3289 3824 futurus
3319 3786 3331 3821 :
3365 3769 3466 3825 De-

218 3894 369 3950 εἶναι
389 3860 571 3957 ,1ἀλλὰ
604 3886 717 3952 (88)
745 3878 997 3951 γενέσθαι
1026 3877 1119 3929 τὸν
1159 3873 1330 3928 αίῶνα
1377 3870 1532 3941 ἡμῶν
1578 3865 1668 3919 τοῦ
1694 3881 1767 3957 (σι

1901 3876 1986 3921 cet
2014 3873 2068 3920 te
2104 3864 2333 3936 pulchra
2368 3872 2493 3916 ante
2520 3862 2712 3915 oculos
2736 3861 2958 3925 habere,
3000 3860 3259 3929 iniquitas
3286 3868 3465 3913 autem

218 3950 521 4056 φαίνεσθαι
553 3950 726 4040 aeto»?
760 3972 834 4035 ὼς
852 3972 911 4025 τό
926 3986 989 4038 γε
1003 3965 1099 4021 νῦν
1115 3963 1261 4034 ἔχον,
1274 3982 1292 4015 ι
1320 3964 1489 4015 πᾶσαι
1520 3960 1576 4013 αί
1596 3956 1767 4028 ἡμέρα

1902 3957 2125 4028 indigna
2160 3963 2266 4020 est,
2290 3970 2412 4025 qua:
2441 3969 2469 4007 a
2506 3962 2559 4008 te
2589 3954 2907 4024 aspiciatur.
2942 3951 3099 4005 Tales
3136 3952 3298 4020 igitur
3321 3950 3469 4005 eiliee

229 4042 393 4145 ἡμῶν
431 4068 727 4134 ὲξέλιπονοι
753 4060 815 4114 τὸ
846 4061 954 4130 γὰρ
983 4059 1040 4110 ὲν
1074 4056 1158 4109 σοι
1191 4053 1264 4125 μὴ
1294 4052 1468 4113 εἶναι,
1508 4050 1627 4104 οὐδὲ
1659 4050 1767 4101 ἔστι

1905 4050 2175 4111 homines,
2207 4054 2266 4101 ut
2296 4062 2363 4100 ne
2386 4053 2482 4099 tuo
2515 4046 2715 4099 intuitu
2763 4046 2872 4101 sint
2921 4043 3125 4113 indigni
3159 4061 3173 4107 ;
3221 4042 3316 4097 sed
3360 4043 3470 4095 vita

221 4135 371 4226 ὅλως
403 4155 577 4213 εἶναι·
609 4151 683 4209 ὧν
736 4154 844 4224 γὰρ
899 4149 1256 4221 ἐπικρατήσει
1284 4149 1317 4217 ή
1351 4144 1463 4213 (89)
1502 4143 1602 4212 τῆς
1637 4141 1767 4212 ὀργῆ

1907 4149 2095 4194 nostra
2126 4138 2287 4208 digna
2324 4137 2394 4190 sit
2425 4137 2521 4190 tibi
2565 4137 2815 4197 ostendi;
2864 4143 3052 4204 utpote
3083 4143 3345 4205 quantum
3400 4135 3467 4188 ad

221 4252 529 4313 δυναστεία
549 4292 564 4314 ,
595 4246 960 4303 ἀνυπόστατος
998 4243 1092 4294 καὶ
1126 4236 1391 4311 σκιοειδής
1421 4239 1565 4289 ἐστιν
1607 4232 1807 4306 agon,

221 4348 358 4403 καθ’
387 4343 680 4415 ὁμοιότητα
702 4336 797 4391 τοῦ
821 4334 1077 4405 ἀραχνίου
1109 4333 1348 4401 νήματος
1366 4344 1377 4357 ’
1402 4328 1476 4390 ὡς
1507 4326 1614 4396 γὰρ
1637 4326 1811 4376 ἐκεῖνο

223 4439 489 4509 φαίνεται
525 4434 641 4503 μὲν,
677 4430 780 4492 ἕως
817 4426 882 4480 ἀν
918 4422 1186 4485 συνεστὼς
1214 4421 1349 4491 τύχῃ
1375 4437 1387 4449 ο
1420 4420 1468 4471 εί
1496 4418 1551 4470 δέ
1573 4434 1654 4479 τις
1680 4418 1813 4468 ἐπα-

1911 4239 2231 4301 ρτιρεοιιιθιη
2290 4238 2488 4285 statum
2527 4228 2823 4298 pertinet,c
2884 4240 3074 4279 omnes
3127 4226 3243 4279 dies
3273 4233 3472 4280 nostra

1911 4320 2257 4387 defecerunt;
2296 4340 2313 4372 ν
2349 4319 2494 4389 quod
2527 4319 2671 4373 enim
2718 4318 2772 4370 in
2829 4324 2884 4370 te
2940 4332 3052 4370 non
3106 4324 3209 4376 est,
3246 4331 3470 4384 prorsus

1915 4431 2022 4468 non
2056 4421 2159 4468 est.
2189 4411 2398 4478 Quibus
2427 4411 2569 4465 enim
2606 4411 2701 4464 im:
2734 4408 2973 4478 potentia
3001 4416 3053 4461 et
3084 4408 3166 4462 vis
3200 4408 3475 4475 praevalet,

222 4500 401 4599 γάγοι
425 4500 735 4596 τὴν-χεῖρα,
786 4517 1127 4589 παραχρῆμα
1162 4514 1298 4585 πρὸς
1329 4512 1428 4582 τὴν
1461 4506 1767 4599 ὲπαφὴνντᾷ

1870 4507 2001 4569 this
2029 4507 2137 4559 vita
2166 4505 2412 4575 quaadam
2445 4502 2753 4556 umbratilis
2786 4508 2840 4554 et
2894 4500 3118 4553 minime
3175 4500 3480 4553 subsistens

222 4619 522 4675 δακτύλων
556 4613 804 4686 διαρρυὲν
834 4609 1152 4680 ἀφανίζεται
1171 4624 1185 4637 ·
1220 4604 1390 4666 οὕτως
1414 4602 1506 4654 καὶ
1544 4602 1572 4652 ό
1602 4597 1811 4667 ἀνθρώ-

224 4728 396 4772 πινος
434 4708 546 4778 βίος
572 4685 691 4765 ταῖς
721 4703 829 4773 (90)
861 4700 1250 4759 ἀνυποστάτοις
1276 4694 1531 4754 σπουδαῖς
1553 4733 1566 4756 ,
1601 4685 1709 4743 οἷόν
1736 4707 1815 4742 τι-

1917 4599 2152 4664 ducitur,
2188 4597 2256 4651 ad
2276 4596 2693 4653 similitudinem.
2713 4594 2831 4648 tela:
2860 4608 3179 4646 aranearmn
3208 4609 3223 4658 ;
3253 4600 3310 4644 ut
3335 4592 3479 4645 enim

1917 4693 2007 4747 illa
2043 4700 2267 4762 apparet
2312 4689 2531 4759 quidem
2583 4688 2762 4757 quoad
2798 4699 3043 4740 connexa
3098 4682 3294 4750 fuerit;
3336 4691 3389 4736 at
3436 4686 3481 4737 si

228 4822 329 4858 σιν
367 4774 629 4871 ἐναερίοις
660 4796 769 4868 (91)
790 4795 1025 4864 νήμασιν
1046 4791 1131 4844 ἀεὶ
1149 4786 1613 4859 συμπλεκόμενος,
1645 4782 1767 4871 μάττ

1917 4782 2042 4853 quis
2068 4796 2290 4835 manum
2326 4780 2651 4844 admoverit,
2680 4779 2968 4846 derepente
3000 4785 3250 4828 contactu
3280 4774 3483 4843 digito-

229 4868 527 4961 ἐξυφαίνεί
567 4889 678 4959 (92)
730 4886 828 4957 τὴν
864 4884 1209 4954 ἀνύπαρκτον
1258 4878 1589 4950 ἱστουργίαν.
1633 4868 1767 4928 Οὖπε

1919 4890 2041 4928 ru-m
2071 4874 2319 4927 dilabens
2345 4870 2623 4926 evanescit
2650 4888 2663 4925 :
2699 4871 2777 4923 sic
2809 4877 2863 4923 et
2892 4870 3123 4923 humana
3157 4870 3264 4921 vita
3294 4882 3487 4937 super-

229 4990 295 5041 ετ
324 5002 415 5047 τις
456 4981 749 5049 καθάψοιτο
781 4975 991 5049 στερρῷ
1022 4972 1297 5043 λογισμῷ,
1329 4970 1691 5038 διαδιδράσκει
1722 4966 1767 5019 τί

1922 4966 2178 5020 vacaneis
2208 4972 2262 5019 et
2317 4981 2426 5018 non
2477 4965 2903 5019 consistentibus
2954 4962 3171 5022 studiis.
3224 4969 3481 5028 tanquam

227 5078 423 5148 λαϐὴν
441 5078 476 5146 ἡ
498 5076 607 5143 (93)
632 5072 832 5143 ματαία
854 5068 1077 5138 σπουδὴ,
1094 5066 1189 5119 καὶ
1218 5067 1296 5127 εἰς
1316 5063 1464 5116 οὐδὲν
1481 5060 1767 5129 ἀφανίζεται

1925 5060 2086 5113 aeriis
2120 5059 2443 5127 quibusdam
2482 5056 2607 5121 filis,
2658 5072 2871 5125 semper
2897 5056 3191 5126 implicata,
3247 5054 3485 5107 contexit

228 5170 438 5224 πάντα
457 5166 565 5235 γὰρ
597 5164 665 5218 τὰ
693 5162 833 5217 κατά
861 5160 956 5231 τὴν
991 5157 1133 5228 ζωὴν
1160 5155 1364 5223 ταύτην
1394 5150 1767 5220 σπουδαζόμενη

1928 5150 2032 5205 sibi
2063 5166 2170 5205 non
2203 5150 2588 5205 subsistentem
2629 5150 2787 5204 telam
2819 5166 2833 5215 ;
2864 5162 3024 5218 quam
3058 5146 3102 5202 si
3159 5145 3279 5214 quis
3334 5142 3485 5195 ﬁrma

324 5371 443 5439 (82)
475 5372 591 5433 Τις,
619 5384 706 5425 ea.

327 5442 446 5513 (83)
472 5442 681 5513 Αύτῶν,
714 5439 801 5495 ed.

329 5508 450 5581 ('84)
486 5508 640 5565 Εἶναι
664 5526 772 5565 om.
799 5508 883 5563 ed.

329 5519 427 5581 (84
488 5519 640 5565 Εὶναι
664 5526 772 5565 om.
799 5519 883 5563 ed.

328 5519 450 5652 (85)
489 5583 575 5643 Ὠς
605 5584 638 5651 ἡ
672 5580 822 5650 χλόη,
863 5577 948 5633 ed.

330 5654 449 5720 (86)
473 5652 578 5705 Τοῦ
602 5652 725 5705 add.
758 5653 843 5704 ed.

330 5723 451 5793 (87)
476 5724 579 5790 Σῆς
602 5722 742 5793 add._
757 5721 846 5793 ed.

330 5782 452 5854 tSSl
495 5782 652 5845 ’Ᾱλλὰ
680 5791 747 5846 ad
786 5787 922 5843 εἶναι
943 5804 1049 5845 om.
1092 5785 1178 5842 ed.
1207 5796 1423 5850 propter
1464 5782 1834 5850 repetitionem

1928 5360 2075 5416 verbi
2109 5354 2265 5412 εἶναι.

2002 5429 2114 5497 (89)
2165 5430 2228 5480 Ἠ
2258 5443 2365 5482 om.
2409 5425 2504 5479 Ed.

2006 5502 2119 5571 (90)
2145 5501 2274 5571 ’[αἶς
2298 5514 2404 5552 om.
2442 5498 2529 5551 ed.

2007 5567 2121 5637 (91)
2164 5569 2324 5621 Forte
2355 5567 2652 5638 ἀραχνίοις.

2007 5641 2118 5706 (92)
2141 5639 2293 5708 Αύτῴ
2322 5636 2444 5691 add.
2479 5636 2564 5690 ed.

2010 5713 2121 5779 (95)
2164 5712 2225 5761 ’11
2248 5724 2352 5763 om.
2381 5708 2468 5762 ed.
