3982 6470
584 339 686 393 ιοδ

1885 352 1944 410 S.
1983 351 2314 413 GREGORII
2350 353 2642 414 NYSSENI
3709 378 3787 437 ιιι

581 458 914 528 cogitatione
948 459 1338 531 apprehendat,
1395 463 1583 536 ell'ugit
1639 475 1951 524 contactum
2008 488 2109 526 van

2219 530 2221 535 _
2247 476 2426 544 οτησίς
2464 478 2579 530 ἐστι
2604 517 2620 538 ,
2649 477 2744 530 καὶ
2775 479 2873 549 οὐχ
2921 481 3215 547 ὑπόστασις
3235 495 3252 512 ⁶
3287 486 3463 556 οἴησις
3492 489 3525 558 ἠ
3559 489 3720 563 τιμὴ,
3742 498 3786 549 τὸ

582 549 866 613 sedulitas,
902 550 1066 619 inque
1113 551 1344 605 nihilum
1381 556 1592 610 recidit.
1625 556 1818 611 Omnia
1853 560 1996 614 enim
2028 562 2150 630 qui-

581 641 681 694 bus
716 640 769 695 in
797 641 897 694 bac
928 643 1035 694 vita
1068 645 1380 698 mortalium
1411 661 1557 700 cura:
1576 649 1928 715 distinentur,
1963 651 2145 706 inanis

577 731 823 800 quaedam
863 732 1049 802 opinio
1073 741 1224 800 sunt,
1260 737 1506 807 nihilque
1554 741 1901 806 subsistens;
1958 743 2148 813 opinio

577 831 660 877 est
699 823 895 887 honor,
946 824 1206 895 dignitas,
1268 832 1482 897 generis
1517 831 1810 895 claritudo,
1862 836 2144 902 superbia,

573 915 757 979 elatio,
792 915 1010 981 divitiae,
1044 927 1097 972 et
1137 919 1226 974 his
1265 921 1486 987 similia,
1539 925 1740 993 quibus
1795 925 1918 980 vitae
1978 927 2143 996 hujus

573 1007 755 1060 aranei
797 1008 1050 1065 inhiant:
1088 1011 1291 1067 idcirco
1324 1015 1453 1067 talia
1516 1014 1607 1070 Dei
1662 1019 1871 1072 medela
1939 1029 2137 1090 egent;

572 1096 712 1150 hanc
761 1100 903 1152 enim
964 1101 1161 1171 subjici
1196 1105 1360 1158 credo
1411 1109 1736 1162 sententiam
1795 1110 1872 1164 illi
1920 1111 2138 1167 verbo:

576 1207 594 1238 ι
637 1189 902 1254 Quoniam
929 1192 1044 1246 dies
1079 1208 1347 1248 annorum
1405 1206 1717 1252 nostrorum
1770 1200 1823 1252 in
1882 1199 2019 1269 ipsis
2054 1217 2141 1256 se-

569 1289 847 1357 ptuaginta
877 1290 1000 1342 anni
1034 1309 1046 1344 :
1080 1291 1123 1346 si
1155 1297 1332 1344 autem
1363 1292 1417 1345 in
1451 1294 2129 1367 potentatibusoctoginta

572 1381 719 1441 anni,
749 1391 803 1434 et
863 1382 1095 1451 amplius
1131 1398 1354 1448 eorum,
1414 1385 1567 1438 tabor
1626 1394 1678 1439 et
1711 1384 1904 1454 dolor;
1941 1405 1959 1438 ο
2030 1403 2135 1442 non

569 1471 694 1539 quia
725 1488 884 1543 supra
917 1477 1236 1544 przedictum
1288 1478 1579 1532 terminum
1636 1479 1838 1532 viventi
1894 1481 2004 1533 vita
2066 1481 2137 1535 sit

570 1563 883 1629 laboriosa;
917 1567 1008 1620 sed
1066 1567 1193 1636 quia
1251 1569 1388 1622 adeo
1449 1569 1629 1624 brevis
1695 1571 1818 1623 vita:
1849 1571 2134 1639 potissima

570 1670 695 1722 pars
725 1658 777 1709 in
811 1656 994 1710 labore
1020 1665 1072 1710 et
1101 1657 1289 1711 dolore
1311 1659 1674 1712 consumitur.
1718 1656 1894 1713 Labor
1934 1668 2019 1714 est
2053 1659 2136 1714 in-

569 1749 733 1800 l'antia
761 1765 774 1810 ;
815 1749 879 1800 lal
900 1763 985 1812 or,
1019 1750 1316 1817 juventus;
1370 1760 1523 1816 tetas,
1559 1767 1679 1821 quae
1711 1753 1850 1807 inter
1874 1753 1989 1807 haec
2020 1769 2133 1808 me-

2253 567 2486 638 ἀξίωμα,
2507 569 2568 622 τὸ
2588 571 2741 638 γένος
2765 610 2778 634 ,
2800 574 2829 624 ὁ
2848 572 3014 642 τύφος
3031 613 3047 638 ,
3077 576 3108 627 ὁ
3133 577 3295 644 δγκος
3316 617 3332 641 ,
3359 577 3388 630 6
3407 579 3636 643 πλοῦτος
3654 621 3670 644 ,
3691 585 3787 639 πᾶν

2248 675 2317 713 τα
2340 660 2405 712 τὰ
2433 660 2673 725 τοιαῦτα,
2704 659 2784 726 οἷς
2808 665 3176 735 ὲμμελετῶσιν
3206 671 3262 722 αἱ
3296 668 3391 722 τοῦ
3416 669 3532 739 βίου
3562 671 3782 743 ἀράχναι·

2247 747 2308 806 οὗ
2337 752 2494 823 χάριν
2522 753 2587 806 τὰ
2616 754 2856 818 τοιαῦτα,
2884 757 3021 811 θεοῦ
3049 758 3216 812 δεῖται
3246 761 3358 831 (94)
3386 760 3784 835 θεραπεύοντος·

2247 842 2446 914 ταύτην
2477 845 2584 916 γὰρ
2613 846 2852 917 ἠγοῦμαι
2887 848 2982 901 τοῦ
3017 851 3180 921 ῥητοῦ
3217 853 3316 922 τὴν
3343 853 3583 909 διάνοιαν
3612 855 3701 908 τοῦ
3721 857 3787 912 λίς

2246 950 2457 1002 γοντος·
2477 952 2496 986 ι
2523 935 2642 990 Ὀτι
2670 939 2725 992 αί
2754 939 2957 1010 ἡμέραι
3013 939 3122 994 τῶν
3169 943 3308 996 ὲτῶν
3333 944 3491 1013 ἡμῶν
3531 946 3591 998 ἐν
3640 946 3786 1013 αὐτοῖς

2245 1025 2611 1097 ἑϐδομήκοντα
2643 1027 2758 1098 ἔτη.
2803 1030 2926 1083 Ἐὰν
2953 1030 3009 1084 δὲ
3037 1033 3095 1084 ἐν
3115 1031 3458 1099 δυναστείαις
3487 1035 3787 1106 ὀγδοήκοντα

2243 1115 2335 1186 ἔτη
2357 1157 2372 1179 ,
2402 1117 2494 1171 καὶ
2552 1119 2612 1172 τὸ
2669 1120 2850 1174 πλεῖον
2898 1123 3078 1175 αὐτῶν
3127 1124 3294 1189 κόπος
3321 1126 3416 1178 καὶ
3445 1127 3627 1191 πόνος.
3651 1147 3670 1179 ι
3699 1129 3788 1202 Οὐχ

2241 1209 2322 1261 ὅτι
2356 1210 2432 1279 τῷ
2459 1211 2597 1282 ὑπὲρ
2621 1212 2680 1265 τὸ
2725 1213 2921 1282 μέτρον
2945 1214 3100 1268 τοῦτο
3141 1213 3302 1278 ζῶντι
3329 1218 3358 1269 ὁ
3386 1216 3501 1287 βίος
3532 1219 3783 1287 ἐπίπονος,

2240 1299 2352 1351 ἀλλ’
2381 1301 2462 1352 ὅτι
2488 1302 2587 1370 τῆς
2614 1301 2756 1356 οὕτω
2795 1304 3052 1375 βραχείας
3085 1304 3230 1375 ζωῆς
3263 1307 3320 1358 ὲν
3354 1307 3508 1378 κόπῳ
3546 1309 3610 1362 τὸ
3657 1310 3786 1368 πλέον

2238 1391 2354 1444 ἐστὶ
2384 1393 2477 1446 καὶ
2502 1393 2666 1465 πόνῳ.
2686 1396 2853 1459 Πόνος
2871 1435 2884 1457 ,
2912 1398 2944 1466 ἡ
2975 1397 3236 1469 νηπιότης
3255 1415 3268 1428 ο
3302 1398 3468 1460 κόπος
3485 1441 3500 1463 ,
3531 1402 3565 1470 ἡ
3586 1402 3784 1470 νεότηςο

2236 1482 2265 1534 ό
2302 1485 2359 1536 έν
2383 1482 2461 1554 τῷ
2483 1484 2631 1556 μέσῳ
2652 1485 2794 1555 βίος,
2829 1487 2988 1540 πλέον
3021 1491 3133 1552 τοῖς
3164 1491 3346 1554 πόνοις
3380 1491 3783 1561 ὲνδαψιλεύεται.

2237 1575 2309 1628 Τὸ
2345 1575 2403 1629 δὲ
2443 1578 2650 1647 γῆρας,
2680 1578 3039 1650 διαφερόντως
3065 1583 3201 1653 αὐτῇ
3240 1587 3306 1656 τῇ
3358 1583 3521 1656 πολιᾷ
3549 1587 3649 1638 καὶ
3689 1591 3786 1652 ταῖς

2237 1664 2432 1734 ῥυτίσι,
2455 1667 2545 1719 τὸν
2579 1667 2916 1740 πλεονασμὸν
2940 1669 3032 1724 τοῦ
3061 1673 3229 1726 κόπου
3264 1677 3605 1746 μαρτύρεται
3630 1716 3647 1732 .
3697 1679 3786 1733 na.

2234 1752 2316 1807 λιν
2343 1755 2524 1828 ἕτερον
2553 1758 2757 1812 ἐπινοεῖ
2779 1761 2998 1830 τρόπον,
3076 1765 3224 1825 ὅπως
3259 1765 3326 1818 ἂν
3357 1770 3469 1830 τοῖς
3497 1766 3788 1839 ἀνθρώποις

564 1836 675 1899 dia,
708 1839 878 1906 magis
905 1840 1081 1893 adhuc
1125 1841 1400 1895 laboribus
1434 1841 1817 1906 conﬂictatur;
1876 1850 2117 1897 senectus

2235 1845 2478 1919 ίλεωθείη
2509 1848 2568 1901 τὸ
2596 1847 2771 1904 Θεῖον.
2805 1853 3037 1924 Τοιαύτη
3076 1855 3135 1908 δὲ
3185 1856 3293 1910 τῶν
3319 1836 3633 1928 λεγομένων
3665 1862 3786 1913 ἐστὶν

564 1926 680 1997 ipsa
710 1930 913 1982 canitie
942 1937 996 1983 et
1018 1931 1167 2001 rugis
1197 1933 1406 2000 copiam
1432 1941 1486 1983 et
1514 1932 1899 1986 abundantiam
1925 1933 2128 1986 laboris

563 2021 778 2089 egregie
829 2031 1080 2076 testatur.
1117 2023 1314 2078 lterum
1353 2025 1518 2076 alium
1576 2025 1850 2095 excogitat
1884 2025 2124 2091 modum,

559 2123 668 2176 quo
692 2111 1007 2166 hominibus
1033 2113 1279 2167 divinum
1297 2113 1507 2170 Numen
1531 2114 1805 2185 propitiet,
1822 2115 1922 2170 hoc
1943 2114 2131 2170 verbo-

559 2214 676 2251 rum
711 2215 873 2255 sensu
912 2221 925 2256 :
957 2201 1308 2258 Peccatorum
1341 2214 1655 2261 nostrorum
1679 2207 1851 2261 moles
1873 2223 2124 2277 magnam

557 2291 716 2346 nobis
755 2294 1012 2347 conciliat
1044 2309 1283 2365 penam,
1316 2305 1370 2350 et
1405 2298 1637 2354 facultas
1665 2306 1876 2354 natura:
1923 2310 2124 2355 nostra:

555 2388 666 2435 tam
709 2385 920 2438 inﬁrma
955 2395 1060 2446 est,
1121 2397 1178 2441 ut
1235 2390 1457 2444 minimc
1497 2403 1692 2460 capere
1750 2393 1925 2462 possit
1958 2393 2121 2455 iram,

555 2489 677 2541 quae
710 2490 808 2544 pro
838 2479 1032 2532 merito
1061 2490 1408 2548 peccatorum
1463 2483 1735 2549 intertur;
1793 2498 1964 2552 quare
1996 2485 2123 2538 licet

556 2563 684 2616 mite
715 2572 767 2617 et
802 2566 1139 2622 moderatum
1164 2571 1256 2637 sit,
1277 2570 1328 2624 id
1358 2573 1500 2641 quod
1527 2573 1778 2644 supplicii
1817 2576 1938 2629 loco
1960 2575 2119 2629 nobis

555 2653 848 2720 incutitur;
878 2658 1011 2712 satis
1046 2668 1225 2715 tamen
1258 2670 1342 2716 est
1379 2663 1443 2716 ad
1493 2665 1894 2732 correptionem
1949 2673 2004 2719 et
2034 2664 2120 2718 in-

2226 1937 2259 2007 ὴ
2291 1936 2529 1990 διάνοια·
2561 1941 2618 1990 '0
2654 1941 2754 2010 μὲν
2790 1944 2898 1995 τῶν
2925 1945 3210 2016 ἁμαρτιῶν
3246 1948 3405 2018 ἡμῶν
3437 1950 3605 2015 ὄγκος
3640 1951 3786 2019 μεγτιῑ⁴

2225 2021 2322 2094 λην
2348 2026 2632 2094 ἐφέλκεται
2658 2030 2757 2101 τὴν
2777 2035 3043 2104 τιμωρίαν
3060 2053 3074 2066 ·
3098 2035 3345 2108 ούτιδανὴ
3375 2037 3433 2091 δὲ
3458 2039 3560 2109 τῆς
3591 2039 3784 2107 φύσεως

2225 2119 2257 2188 ἡ
2283 2119 2578 2184 ὑπόστασις
2595 2165 2609 2188 ,
2638 2121 2714 2186 ὼς
2742 2124 2813 2194 μὴ
2836 2126 3080 2196 χωρῆσαι
3112 2126 3210 2199 τὴν
3243 2131 3365 2183 κατ’
3389 2130 3548 2194 ἀξίαν
3573 2131 3671 2184 ἐπὶ
3694 2136 3786 2196 τοῖς

2225 2209 2695 2284 πλημμεληθεῖσιν
2730 2216 2919 2286 ὀργήν.
2956 2218 3114 2272 Ἀλλὰ
3162 2220 3264 2274 κᾶν
3310 2223 3482 2293 πρᾷον
3576 2223 3646 2276 τὸ
3671 2225 3787 2276 Em-

2229 2299 2458 2370 γόμενον
2520 2305 2601 2367 είς
2647 2307 2914 2375 τιμωρίαν
2965 2309 3131 2379 ἡμῖν,
3201 2311 3391 2373 ἱκανὸν,
3446 2313 3608 2367 ἔσται
3672 2315 3786 2384 πρὸς

2229 2392 2476 2448 παιδείαν
2494 2398 2605 2458 τοῖς
2636 2397 3026 2468 ὑπομένουσινο
3067 2405 3116 2454 εί
3150 2397 3242 2457 οὖν
3280 2405 3339 2457 τὸ
3369 2407 3543 2476 πρᾷον
3571 2407 3678 2476 τῆς
3705 2409 3786 2460 ἀν·

2227 2484 2478 2549 τιδόσεως
2511 2487 2647 2558 πρὸς
2679 2489 2957 2544 παίδευσίν
2983 2509 3042 2546 τε
3071 2495 3161 2547 καὶ
3189 2497 3456 2568 τιμωρίαν
3484 2497 3580 2568 ὲξή
3592 2515 3787 2568 ρκεσεν,

2227 2574 2311 2637 τίς
2337 2575 2399 2629 τὸ
2427 2579 2622 2646 κράτος
2649 2581 2748 2650 τῆς
2775 2582 2942 2652 ὀργῆς
2974 2585 3362 2654 ὑποστήσεται;
3397 2589 3430 2659 ἢ
3455 2589 3539 2652 τίς
3572 2590 3789 2661 ἀριθμὸς

2226 2661 2319 2720 τοῦ
2351 2666 2523 2738 θυμοῦ
2550 2669 2643 2723 τὸν
2675 2672 2838 2741 φόϐον
2863 2674 3196 2746 ἐκμετρῆσαι
3219 2677 3533 2748 δυνήσεται;

552 2742 889 2804 stitutionem
926 2750 992 2807 iis
1019 2754 1110 2823 qui
1158 2755 1207 2808 id
1240 2757 1508 2824 patienter
1559 2760 1813 2812 tolerant.
1880 2756 1938 2812 Si
1996 2758 2162 2828 igitur
2215 2770 2498 2816 mansueta
2558 2765 2846 2819 retributio
2904 2742 3100 2850 stillicit
3160 2769 3227 2823 ad
3296 2742 3702 2842 correptionem
3741 2782 3789 2828 et

552 2837 854 2905 mulctam;
900 2843 1023 2910 quis
1083 2847 1375 2913 potentiam
1439 2848 1532 2902 ira:
1592 2847 1975 2904 sull'eret?vel
2024 2849 2148 2918 quis
2186 2863 2450 2906 numerus
2504 2853 2753 2908 timorem
2798 2845 3250 2914 furoris'emetiri
3305 2837 3548 2930 poterit?

515 2977 520 2982 ,
621 2928 762 3000 Ergo
798 2932 842 2985 si
871 2933 1205 3011 intoleranda
1237 2947 1322 2992 cst
1351 2941 1443 2992 irae
1472 2942 1806 3011 magnitudo,
1839 2943 2118 2997 toleranda

550 3031 728 3078 autem
761 3007 1049 3081 actio'cum
1087 3029 1419 3086 humanitate
1457 3040 1511 3086 et
1544 3036 1960 3091 mansuetudine
1990 3052 2116 3092 sus-

2296 2943 2359 2994 El
2383 2939 2477 2998 οὖν
2505 2945 2875 3012 ἀνυπόστατος
2905 2949 3004 3020 μὲν
3030 2952 3062 3017 ἡ
3089 2950 3247 3022 ὀργὴ,
3272 2952 3491 3025 χωρητὴ
3511 2953 3568 3007 δὲ
3593 2955 3628 3024 ἡ
3660 2955 3789 3009 κατὰ

2225 3030 2632 3116 φιλανθρωπίαν
2663 3035 2941 3107 ἐνέργεια,
2977 3057 2997 3088 ι
3047 3038 3221 3104 οὕτως
3251 3041 3514 3113 γνώρισον
3541 3046 3678 3114 ἡμῖν
3702 3046 3788 3116 τὴν

547 3125 700 3185 cepta
728 3159 742 3183 ,
789 3137 808 3168 ι
841 3120 919 3173 sic
952 3129 1132 3173 notam
1167 3124 1248 3175 fac
1279 3123 1436 3177 nobis
1473 3126 1749 3179 dexteram
1787 3134 1958 3188 tuam.
1994 3147 2013 3178 ι
2059 3138 2117 3183 ut

2221 3115 2401 3181 δεξιάν
2451 3136 2580 3185 σου,
2615 3141 2633 3172 ι
2671 3122 2747 3186 ὡς
2786 3125 3028 3196 χωρῆσαι
3064 3127 3358 3200 δυνάμεθα,
3393 3134 3452 3184 ἐν
3485 3134 3676 3205 σοφία,
3701 3115 3788 3188 οὐκ

545 3206 666 3275 ejus
699 3224 927 3278 capaces
968 3211 1178 3278 simus;
1222 3214 1276 3267 in
1311 3216 1597 3284 sapientia,
1630 3232 1738 3271 non
1781 3217 1832 3272 in
1854 3218 2114 3285 vindicta,

545 3303 887 3370 correptione
922 3314 1107 3358 nostra
1133 3314 1237 3360 ate
1263 3307 1424 3362 nobis
1457 3311 1828 3378 proveniente.
1860 3311 2117 3382 Exposita

545 3390 709 3458 igitur
730 3392 873 3446 hunc
903 3395 956 3448 in
994 3398 1212 3451 modum
1238 3402 1529 3464 sententia,
1553 3418 1896 3474 consequens
1931 3404 2113 3468 fuerit,

545 3481 664 3552 ipsa
697 3483 961 3552 divinitus
1005 3489 1265 3558 inspirata
1296 3494 1464 3547 verba
1517 3497 1765 3562 reddere,
1789 3513 1910 3567 qua:
1941 3499 2021 3552 sic
2056 3515 2116 3554 se

543 3571 784 3626 habent:
823 3594 840 3624 ι
885 3574 1154 3640 Quoniam
1191 3579 1334 3633 venit
1393 3584 1752 3637 mansuetudo
1789 3600 1952 3654 super
1988 3600 2110 3647 nos.

543 3669 596 3716 et
625 3666 1008 3735 corripiemur.
1050 3667 1185 3734 Quis
1227 3673 1374 3725 novit
1409 3680 1729 3740 potestatem
1765 3675 1858 3730 ira:
1898 3684 2022 3737 tuae,
2057 3685 2112 3729 et

542 3768 652 3823 prae
691 3755 884 3810 timore
908 3767 1000 3812 tuo
1048 3760 1182 3812 iram
1222 3769 1370 3816 tuam
1399 3763 1746 3821 dinumerare
1767 3767 1792 3818 *ἲ
1823 3767 2108 3822 Dexteram

541 3852 688 3899 tuam
717 3848 798 3902 sic
819 3858 998 3903 notam
1026 3850 1130 3915 fac,
1149 3864 1202 3908 et
1221 3855 1468 3911 eruditos
1497 3858 1662 3912 corde
1691 3859 1744 3912 in
1771 3860 2061 3929 sapientia.
2083 3880 2103 3915 ι

538 3933 831 3992 Pulchrum
857 3956 986 3995 vero
1009 3951 1093 3997 est
1124 3943 1175 3996 id
1196 3945 1341 4014 quod
1365 3947 1557 4002 ordine
1580 3949 1956 4020 subjungitur,
1979 3965 2107 4005 cum

538 4027 615 4080 ait
647 4043 747 4084 nos
793 4031 865 4084 ob
900 4041 1109 4089 naturae
1159 4036 1588 4094 imbecillitatem
1619 4055 1729 4095 non
1763 4057 1957 4112 capere
2014 4043 2108 4098 ira:

537 4121 986 4189 magnitudinem,
1012 4142 1173 4196 quam
1199 4139 1389 4184 contra
1414 4146 1515 4186 nos
1536 4134 1774 4186 concitat
1799 4144 2104 4203 peccatum,

534 4227 660 4268 cum
698 4223 874 4269 tamen
935 4217 1271 4288 indigeamus
1305 4226 1667 4294 correptione,
1703 4227 1798 4282 sed
1844 4223 2104 4299 corripiat

533 4315 586 4359 et
615 4305 828 4361 erudiat
859 4325 958 4363 nos
993 4313 1164 4381 magis
1200 4315 1372 4378 salus,
1418 4333 1580 4386 quam
1641 4324 1965 4376 revertendo
2011 4339 2105 4377 ac-

531 4398 824 4466 quirimus,
857 4417 1020 4469 quam
1052 4406 1378 4473 supplicium
1408 4411 1647 4477 peccatis
1675 4410 1960 4468 inﬂictum.
1995 4414 2101 4484 lgi-

532 4497 622 4542 tur
650 4502 911 4546 converte
944 4509 1063 4552 nos.
1101 4494 1344 4560 Domine,
1378 4501 1525 4552 nulla
1556 4501 1820 4559 dilatione
1872 4505 1938 4559 ad
1971 4522 2098 4572 gra-
2133 4465 2177 4520 Β

529 4580 660 4659 tjam
695 4581 1034 4651 interposita.
1069 4585 1200 4639 Illud
1249 4605 1377 4643 vero
1424 4608 1442 4641 ι
1481 4605 1787 4662 usquequo,
1833 4613 1850 4644 ι
1889 4595 2097 4665 signiti-

527 4676 616 4721 cat
649 4673 1096 4728 accelerationem
1155 4679 1380 4745 gratiae:
1417 4698 1435 4729 ι
1481 4679 1543 4732 Et
1575 4682 1936 4751 deprecabilis
1976 4693 2096 4739 esto

449 4818 452 4821 κ
526 4770 692 4825 super
717 4773 904 4814 servos
932 4770 1075 4827 tuos,
1124 4782 1141 4813 ι
1180 4780 1287 4817 non
1322 4768 1464 4819 cnim
1510 4768 1725 4831 alienis,
1763 4771 1958 4840 inquit,
1997 4772 2092 4826 sed

524 4845 760 4913 propriis
794 4848 967 4902 servis
1009 4851 1470 4908 reconciliabcris.
1531 4855 1731 4911 Deinde
1785 4860 1940 4927 quasi
1977 4860 2090 4929 jam

523 4933 752 4998 gratiam
780 4934 1026 5004 adeptus,
1055 4941 1515 5012 conspicatusque
1565 4946 1694 5000 illud
1753 4947 1958 5011 lumen,
1997 4965 2092 5018 per

524 5019 667 5085 quod
695 5022 932 5076 tenebrae
965 5024 1017 5076 in
1069 5025 1169 5079 hac
1200 5028 1307 5081 vita
1364 5032 1736 5087 oberrantium
1771 5035 2088 5092 illuminan-

521 5113 632 5170 tur,
663 5115 718 5162 et
751 5109 893 5164 unde
923 5113 1138 5169 virtutis
1168 5114 1285 5171 dies
1331 5118 1630 5174 illucescit:
1669 5141 1687 5172 ι
1729 5122 1936 5193 Repleti
1989 5143 2087 5181 su-

520 5209 661 5258 mus,
699 5214 717 5246 ι
757 5197 954 5268 inquit,
988 5219 1008 5253 ι
1044 5216 1202 5256 tuane
1233 5205 1605 5265 misericordia
1649 5218 1760 5273 tua,
1796 5220 1849 5265 et
1904 5215 2088 5269 exsul-

517 5285 772 5350 tavimus,
804 5295 858 5340 et
883 5287 1131 5344 delectati
1174 5308 1402 5349 sumus:
1446 5315 1464 5348 ι
1497 5300 1760 5354 successit
1813 5303 1954 5357 enim
1990 5311 2083 5362 tua

513 5376 684 5440 gratia
721 5377 972 5441 temuori,
1016 5393 1126 5433 ouo
1158 5383 1395 5450 peccatis
1442 5384 1685 5442 immersi
1741 5389 2080 5458 tenebamur,

582 5573 690 5641 (at)
719 5573 816 5630 Ed.
837 5578 960 5632 add.
979 5583 1094 5636 τοῦ.
1201 5569 1204 5574 ’

583 5643 692 5722 ςὲἓ)
713 5645 795 5722 Ξῖ]
823 5648 1028 5722 μωρίᾳ,
1056 5654 1144 5710 ed.

578 5711 690 5782 (9'6)
713 5711 1063 5791 Ἐπίστρεᾧον
1099 5740 1207 5785 om.
1231 5728 1316 5784 ed.

2221 3206 2280 3260 ὲν
2322 3209 2564 3281 τιμωρίᾳ
2593 3211 2735 3282 (95).
2785 3215 2932 3285 παρὰ
2986 3215 3080 3269 σοῦ
3124 3219 3223 3289 τῆς
3276 3220 3619 3287 παιδεύσεως
3669 3226 3787 3293 ἡμῖν

2217 3298 2635 3372 ἐνεργουμένης.
2679 3305 3108 3378 Προεκτεθείσης
3145 3308 3324 3362 τοίνυν
3356 3314 3491 3381 ἡμῖν
3529 3313 3634 3383 τῆς
3685 3314 3788 3366 6t:-

2217 3389 2396 3455 νοίας,
2430 3393 2722 3447 ἀκόλουθον
2767 3395 2833 3450 ἂν
2883 3400 3007 3469 εἴη,
3057 3400 3152 3452 καὶ
3187 3401 3329 3456 αὐτὰ
3376 3403 3685 3472 ἐπαγαγεῖν
3727 3404 3784 3456 τὰ

2214 3479 2542 3538 θεόπνευστα
2607 3488 2858 3558 ῥήματα,
2919 3490 3107 3544 τοῦτον
3170 3492 3361 3563 ἔχοντα
3417 3494 3514 3548 τὸν
3571 3495 3782 3566 τρόπον·

2217 3590 2240 3626 ι
2283 3574 2404 3627 Ὅτι
2432 3573 2633 3644 ἐπῆλθε
2681 3579 2922 3649 πρᾳότης
2967 3580 3053 3650 ἐφ’
3088 3583 3267 3653 ἡμᾶς,
3293 3586 3387 3638 καὶ
3427 3586 3783 3655 παιδευθηιτό⁹

2213 3659 2376 3732 μεθα.
2417 3663 2513 3727 Τίς
2543 3664 2798 3732 γινώσκει
2843 3669 2905 3720 τὸ
2949 3670 3150 3740 κράτος
3192 3673 3293 3742 τῆς
3322 3673 3498 3745 ὀργῆς
3530 3691 3630 3728 σου
3650 3716 3667 3739 ,
3700 3675 3786 3728 καὶ

2209 3751 2318 3805 ἀπὸ
2357 3751 2452 3808 τοῦ
2486 3755 2651 3824 φόϐου
2688 3773 2780 3811 σου
2811 3758 2900 3812 τὸν
2929 3760 3098 3830 θυμόν
3129 3779 3221 3815 σου
3271 3763 3782 3838 ὲξαριθμήσασθαις

2207 3844 2306 3916 τὴν
2339 3845 2516 3914 δεξιάν
2566 3866 2660 3902 σου
2712 3850 2884 3915 οὕτως
2925 3853 3190 3924 γνώρισόν
3239 3874 3327 3928 μοι
3377 3861 3473 3912 καὶ
3517 3863 3648 3924 τοὺς
3691 3877 3782 3914 πε-

2209 3940 2397 3993 παιδευ
2407 3942 2599 4010 μένους
2622 3943 2720 4012 τὴν
2744 3945 2966 4012 καρδίαν
2998 3947 3054 3998 ἐν
3084 3945 3246 4018 σοφίᾳ
3269 3948 3598 4020 ὲπίστρεψον
3619 3951 3778 4022 (96)·ι

2207 4029 2344 4100 καλὴ
2373 4030 2428 4084 δὲ
2457 4033 2490 4102 ἡ
2520 4032 2663 4097 λέξις
2701 4038 2733 4105 ἡ
2767 4039 2904 4092 κατὰ
2935 4039 2997 4092 τὺ
3023 4040 3312 4094 ἀκόλουθον
3339 4043 3648 4112 ἐπειχθεῖσα
3674 4046 3782 4105 τοῖς

2204 4121 2533 4192 εἰρημένοις.
2570 4125 2733 4193 Λέγει
2755 4127 2863 4199 γὰρ
2885 4131 2966 4182 ὅτι
2997 4132 3056 4182 οὐ
3088 4131 3372 4202 χωροῦμεν
3403 4133 3469 4187 δι’
3499 4133 3784 4187 ἀσθένειαν

2203 4211 2451 4281 φύσεως,
2494 4215 2556 4268 τὸ
2597 4217 2696 4286 τῆς
2737 4218 2904 4289 ὀργῆς
2945 4221 3201 4290 μέγεθος,
3232 4222 3261 4274 ὃ
3291 4226 3432 4276 κινεί
3463 4224 3586 4277 καθ’
3625 4224 3781 4296 ἡμῶν

2202 4303 2237 4374 ἠ
2265 4304 2537 4375 ἁμαρτία,
2588 4309 2862 4381 χρῄζομεν
2894 4312 2951 4365 δὲ
2983 4313 3074 4366 τοῦ
3113 4314 3491 4386 παιδευθῆναι.
3544 4317 3778 4371 Παιδευ-

2203 4392 2350 4447 σάτω
2375 4396 2490 4462 (97)
2542 4400 2690 4468 ἡμᾶς
2732 4403 2765 4472 ή
2807 4401 2874 4454 δι’
2902 4405 3236 4476 ἐπιστροφῆς
3265 4409 3509 4478 σωτηρία
3542 4409 3778 4479 μᾶλλον,

2201 4483 2344 4556 ἥπερ
2371 4488 2402 4557 ἡ
2428 4488 2520 4540 ἐπὶ
2547 4492 2659 4553 τοῖς
2683 4492 3072 4564 ἁμαρτήμασιν
3099 4498 3259 4567 ήμῶν
3276 4499 3537 4570 τιμωρία.
3564 4501 3779 4554 Οὐκοῦν

2197 4576 2523 4648 ὲπίστρεψον
2557 4581 2704 4652 ἡμᾶς
2756 4583 3091 4658 (98),Κύριε,
3128 4588 3293 4659 μηδὲν
3325 4591 3462 4660 πρὸς
3485 4589 3585 4661 τὴν
3620 4593 3776 4663 χάριν

2194 4667 2644 4740 ἀναϐαλλόμενος.
2703 4674 2778 4728 Τὸ
2823 4678 2932 4749 γὰρ
2961 4698 2981 4731 ι
3018 4681 3126 4743 ἕως
3183 4679 3310 4733 πότε
3347 4699 3366 4732 ι
3423 4684 3687 4752 σημαίνει
3720 4683 3779 4736 τὸ

2193 4760 2516 4815 ἐπισπεῦσαι
2543 4766 2640 4834 τὴν
2669 4768 2852 4837 χάριν.
2885 4792 2903 4823 ι
2929 4771 3042 4828 Καὶ
3072 4772 3475 4844 παρακλήθητι,
3572 4775 3772 4844 φησὶν,

2193 4851 2286 4904 ἐπὶ
2317 4855 2426 4916 τοῖς
2461 4853 2664 4920 δούλοις
2713 4875 2827 4914 σου.
2870 4879 2889 4912 ι
2936 4862 3010 4914 Οὐ
3058 4863 3166 4933 γὰρ
3197 4863 3518 4935 ἀλλοτρίοις,
3565 4867 3773 4936 φησὶν,

2191 4943 2305 4996 ἀλλ’
2359 4945 2508 5009 ίδίοις
2562 4949 2942 5023 καταλλαγήσῃ
2990 4953 3215 5018 δούλοις.
3278 4952 3412 5010 Εἶτα
3465 4957 3539 5021 ὡς
3590 4957 3775 5026 τυχὼν

2189 5035 2292 5106 ἤδη
2326 5037 2423 5107 τῆς
2459 5039 2710 5110 χάριτος,
2760 5045 2854 5096 καὶ
2901 5044 3022 5098 ἰδὼν
3050 5047 3226 5100 ἐκεῖνο
3270 5048 3331 5102 τὸ
3361 5049 3499 5117 φῶς,
3527 5049 3601 5102 δι’
3628 5047 3693 5104 οὗ
3719 5051 3777 5102 τὸ

2191 5123 2380 5186 σκότος
2403 5125 2510 5178 τῶν
2556 5129 2616 5179 ὲν
2642 5128 2718 5198 τῷ
2752 5130 2852 5200 βίω
2892 5133 3261 5204 πλανωμένων
3290 5139 3772 5208 καταφωτίζεται,

2187 5213 2280 5265 καὶ
2318 5215 2438 5268 ὅθεν
2487 5234 2546 5270 τε
2588 5221 2618 5288 ἡ
2658 5222 2778 5274 κατ’
2813 5223 3011 5294 ἀρετὴν
3041 5225 3225 5297 ἡμέρα
3253 5227 3500 5298 ἄρχεται,
3534 5249 3556 5280 ι
3618 5232 3772 5283 Ἐνε-

2186 5303 2526 5377 πλήσθημεν,
2564 5328 2583 5359 ι
2629 5312 2812 5380 φησὶν,
2852 5333 2870 5364 ι
2907 5314 2966 5367 τὸ
2992 5315 3136 5384 πρωῒ
3166 5316 3259 5370 τοῦ
3298 5312 3484 5384 ἐλέους
3515 5337 3644 5384 σου,
3681 5321 3775 5373 καὶ

2183 5395 2622 5468 ἡγαλλιασάμεθα
2643 5404 2736 5455 καὶ
2764 5405 3174 5479 ηὑφράνθημεν.
3208 5428 3227 5462 ι
3281 5411 3563 5476 Διεδέξατο
3600 5413 3720 5484 γὰρ
3740 5415 3773 5482 ἡ

2253 5603 2363 5674 (97)
2393 5602 2552 5660 Forte
2585 5607 2710 5662 add.
2742 5606 2851 5666 οὖν.

2252 5668 2364 5745 (98)
2403 5675 2596 5750 Ὑμᾶς,
2631 5679 2717 5734 ed.
