3982 6504
224 456 331 512 465

1651 462 1720 517 ΙΝ
1747 459 2081 517 PSALMOS.

3360 461 3466 520 ιεε

225 578 287 630 ιν
320 577 404 629 σοὶ
431 575 574 648 χαρά
608 550 703 629 τὸν
724 579 781 630 ἐν
801 580 867 647 τῇ
893 576 1214 632 ταπεινώσει
1241 580 1339 649 τῆς
1367 581 1642 651 ἁμαρτίας
1672 583 1798 653 χρό-

1909 582 2101 636 etanni
2129 581 2346 635 malitia:
2376 581 2768 649 praeterierunt.
2812 578 2887 632 Ita
2943 594 3175 649 namque
3213 578 3467 649 intelligi-

227 688 340 732 νον,
372 671 465 722 καὶ
494 671 734 740 παρῆλθε
762 670 829 723 τά
856 671 956 740 τῆς
981 671 1178 734 κακίας
1200 671 1315 742 ἔτη.
1343 673 1497 726 Οὖτω
1533 675 1629 745 (ἀρ
1648 674 1798 728 νοοῦ-

233 778 333 829 μεν
358 761 440 815 τὸ,
465 780 481 810 ι
529 761 643 813 ἀνθ’
674 756 747 813 ὧν
777 762 997 833 ἡμερῶν
1032 764 1396 827 ἐταπείνωσας
1438 767 1584 835 ἡμᾶς
1614 806 1628 828 ,
1660 766 1796 819 ἐτῶν

227 844 305 901 ὧν
334 851 544 922 εἴδομεν
593 853 752 905 κακά.
791 871 811 904 ι
866 852 975 905 Καὶ
1028 850 1173 905 οὕτω
1222 852 1444 923 θαρσεῖο
1478 855 1641 908 τέκνα
1691 856 1798 908 τῶν

229 941 409 1012 ἔργων
436 942 525 995 τοῦ
558 944 713 1007 Θεοῦ,
748 946 871 1008 τοὺς
893 944 957 996 δι’
993 947 1322 1016 ἐπιστροφῆς
1358 948 1800 1017 πεφωτισμένους

230 1034 637 1104 κατονομάζων.
682 1055 699 1086 r
748 1035 852 1088 Ἴδε
892 1055 911 1088 ι
956 1036 1082 1107 γὰρ,
1108 1039 1292 1107 φησιν,
1334 1056 1352 1088 ι
1393 1039 1482 1090 ἐπὶ
1507 1041 1633 1103 τοὺς
1674 1039 1799 1091 δού-

228 1125 359 1189 λους
412 1144 504 1178 σου
562 1128 656 1179 καὶ
708 1127 801 1181 ἐπὶ
846 1128 913 1181 τὰ
956 1128 1091 1199 ἔργα
1145 1145 1261 1182 σουο
1313 1150 1331 1181 ι
1384 1132 1509 1193 τοὺς
1553 1132 1681 1201 περὶ
1708 1131 1799 1183 τὸν

245 1211 497 1282 Ἀϐραάμ
519 1213 859 1285 πατριάρχας
878 1216 1228 1274 ἐνδείκνυται.
1260 1213 1415 1272 Οὗτοι
1443 1218 1552 1289 γὰρ
1573 1220 1647 1282 ὼς
1674 1219 1801 1288 ἀλη-

231 1303 341 1367 θῶς
389 1304 521 1357 Θεοῦ
567 1306 701 1375 ἔργα
732 1307 857 1360 εἰσί.
892 1326 909 1358 ι
947 1309 1056 1362 Καὶ
1081 1310 1345 1380 ὁδήγησον
1370 1312 1493 1373 τοὺς
1520 1312 1669 1374 υἱοὺς
1703 1313 1801 1364 αὐ-

229 1396 362 1450 τῶν.
403 1416 420 1447 ι
464 1398 526 1450 Ol
574 1398 681 1469 γὰρ
723 1398 794 1452 τὰ
847 1400 983 1470 ἔργα
1035 1400 1312 1465 ποιοῦντες
1355 1401 1449 1454 τοῦ
1520 1402 1797 1472 Ἀϐραὰμ,

230 1488 401 1541 τέκνα
428 1489 661 1555 γίνονται
691 1492 785 1542 καὶ
811 1491 924 1559 (99)
956 1490 1062 1545 τῶν
1091 1490 1471 1561 πατριαρχῶν,
1500 1492 1567 1544 δι’
1601 1494 1800 1563 ἀρετῆς

231 1580 374 1649 πρὸς
412 1580 486 1648 (1)
520 1579 618 1650 τὴν
658 1581 973 1649 συγγένειαν
1000 1581 1177 1635 αὐτῶν
1221 1584 1631 1653 εἰσποιούμενοι.
1668 1580 1799 1636 Εἶτα

230 1672 285 1723 ἐν
304 1668 720 1736 τοῖςτελευταῖοις
732 1674 979 1732 συνάπτει
1007 1671 1096 1725 διὰ
1114 1673 1481 1744 καθαρότητος
1502 1674 1579 1743 τῷ
1600 1675 1719 1745 Θεῷ
1737 1676 1799 1728 τὸ

234 1759 595 1829 ἀνθρώπινον,
632 1765 991 1834 ἐπευχόμενος
1017 1765 1110 1819 τοῦ
1144 1766 1277 1820 Θεοῦ
1314 1770 1410 1839 τὴν
1444 1770 1799 1840 λαμπρότητα

235 1850 332 1900 καὶ
374 1849 451 1920 τῷ
490 1851 740 1922 ἡμετέρῳ
786 1852 884 1923 βίῳ
913 1854 1000 1907 διὰ
1042 1855 1286 1928 καθαρᾶς
1327 1857 1470 1923 ζωῆς
1525 1859 1801 1929 ἐπαστρά-

1900 684 2020 723 mus
2047 668 2200 735 illud,
2229 688 2247 719 ι
2267 684 2365 738 pro
2384 668 2577 722 diebus
2597 668 2798 737 quibus
2820 682 2922 723 nos
2944 667 3262 729 humiliastl,
3285 671 3463 732 annis,

1899 761 2098 828 quibus
2128 759 2363 812 vidimus
2394 758 2533 811 mala
2560 777 2572 812 :
2614 776 2634 810 ι
2673 758 2861 827 sicque
2888 758 2956 811 ad
2980 754 3467 814 llduciamexcitat.

1899 862 2023 899 cum
2064 845 2202 899 lilios
2224 859 2449 913 operum
2487 842 2604 908 Dei,
2635 858 2730 897 eos
2778 843 2869 912 qui
2902 859 2997 913 per
3051 845 3462 899 conversionem

1900 933 2158 987 illustrati
2190 940 2337 997 sunt,
2367 932 2619 1001 appellat.
2653 929 2793 985 Dicit
2822 931 3000 985 enim:
3040 949 3059 981 ι
3099 932 3328 1001 Respice
3372 948 3467 987 su-

1899 1037 1995 1091 per
2028 1022 2167 1075 lilios
2198 1028 2345 1083 tuos,
2376 1028 2430 1074 et
2460 1035 2624 1089 super
2654 1035 2819 1089 opera
2857 1028 2966 1074 tua.
3009 1038 3027 1073 ›
3078 1020 3196 1085 Quo
3232 1021 3467 1089 patriar-

1899 1110 2031 1165 cllas
2060 1108 2350 1162 Abrahami
2379 1116 2624 1177 posteros
2649 1107 2919 1177 signiﬁcat
2947 1125 2961 1160 :
3004 1121 3127 1161 nam
3156 1108 3268 1169 isti,
3301 1124 3462 1177 quam

1900 1199 2133 1255 maxime
2178 1198 2271 1251 lilii
2325 1198 2557 1251 Abrahm
2589 1204 2754 1252 sunt.
2796 1213 2815 1247 ι
2857 1195 2919 1248 Ει
2974 1195 3144 1265 dirige
3178 1196 3317 1250 filios
3370 1212 3464 1250 eo-

1900 1302 2021 1339 rum
2047 1305 2060 1341 :
2092 1303 2107 1337 ι
2137 1286 2229 1355 qui
2251 1285 2395 1339 enim
2424 1300 2587 1355 opera
2612 1284 2841 1341 Abraha:
2869 1283 3096 1345 faciunt,
3125 1283 3217 1336 lilii
3238 1285 3463 1352 patriar-

1900 1373 2122 1427 charum
2177 1374 2330 1436 liunt,
2378 1387 2474 1442 per
2519 1372 2770 1424 virtutem
2826 1371 2879 1423 iu
2930 1386 3118 1424 eorum
3180 1372 3460 1439 cognatio-

1901 1475 2021 1512 nem
2047 1459 2306 1530 adoptati.
2337 1458 2417 1512 Ad
2445 1452 2747 1513 extremum
2804 1457 3038 1527 puritate
3087 1464 3140 1509 et
3198 1456 3466 1510 munditia

1899 1547 2180 1617 conjungit
2201 1545 2498 1600 humanum
2527 1561 2698 1616 genus
2735 1560 2858 1599 cum
2894 1544 3003 1597 Deo
3025 1583 3038 1605 ,
3075 1544 3368 1598 obsecrans
3404 1550 3465 1597 ut

1902 1632 1993 1687 Dei
2045 1634 2268 1687 claritas
2308 1632 2515 1689 nostris
2544 1647 2760 1702 quoque
2810 1630 3119 1685 actionibus
3154 1646 3248 1699 per
3298 1630 3461 1684 vitam

1900 1735 2089 1788 puram
2126 1720 2362 1783 illuceat,
2408 1720 2482 1772 ait
2518 1720 2703 1773 enim:
2740 1737 2759 1770 ι
2801 1716 2882 1772 Sit
2932 1718 3192 1787 splendor
3252 1716 3463 1775 Domini

1900 1806 1993 1860 Dei
2025 1807 2197 1861 nostri
2230 1822 2392 1876 super
2427 1821 2546 1870 nos,
2588 1825 2606 1857 ι
2641 1814 2699 1860 ut
2726 1806 2908 1859 omnia
2954 1806 3077 1859 vita:
3129 1814 3329 1863 nostra:
3380 1804 3463 1858 in-

1902 1902 2058 1964 cepta
2083 1893 2319 1948 fructum
2352 1894 2642 1948 salutarem
2670 1892 2869 1956 ferant,
2892 1901 2947 1947 et
2974 1893 3155 1946 omnia
3193 1909 3311 1961 qua:
3334 1892 3465 1945 faci-

234 1959 423 1996 πτειν·
452 1964 471 1994 r
510 1947 687 1997 Ἔστω
713 1966 731 1997 ι
766 1946 895 2017 γὰρ,
921 1948 1105 2019 φησὶν,
1136 1968 1154 2001 ι
1195 1951 1227 2019 ἡ
1256 1949 1572 2021 λαμπρότης
1593 1951 1798 2022 Κυρίου

1909 1997 2025 2036 mus
2054 1982 2120 2035 ad
2146 1996 2313 2035 unum
2350 1980 2509 2041 linem
2538 1979 2760 2035 tendant
2784 1997 2798 2047 ;
2822 1994 2928 2049 qua
2953 1979 3020 2033 de
3042 1994 3206 2034 causa
3238 1994 3465 2034 numero

232 2036 330 2089 τοῦ
357 2037 492 2090 Θεοῦ
526 2039 683 2109 ήμῶν
714 2041 799 2108 ἐφ’
839 2043 983 2111 ἡμᾶς
1003 2082 1017 2100 ,
1062 2062 1079 2091 ι
1117 2043 1191 2106 ὡς
1214 2043 1389 2097 πάντα
1420 2043 1488 2097 τὰ
1515 2044 1798 2115 ἐπιτηδεύ-

235 2146 382 2197 ματα
415 2130 513 2200 τῆς
556 2133 703 2202 ζωῆς
738 2132 895 2203 ἡμῶν
934 2135 1142 2205 καρπὸν
1176 2134 1365 2205 φέρειν
1396 2136 1675 2206 σωτήριον,
1707 2136 1800 2189 καὶ

230 2219 417 2272 πάντα
462 2221 499 2275 ἆ
538 2223 845 2292 πράττομεν
893 2225 1029 2296 πρὸς
1076 2227 1170 2279 ἕνα
1201 2227 1400 2280 σκοπὸν
1451 2226 1667 2296 βλέπειν
1697 2226 1795 2297 (2).

226 2311 333 2363 Διὰ
363 2311 522 2365 τοῦτο
552 2313 923 2384 πληθυντικῶς
955 2316 1228 2378 είπὼν,ὅτι
1253 2338 1270 2369 ι
1299 2316 1408 2370 Καὶ
1427 2319 1493 2372 τὰ
1532 2318 1667 2389 ἔργα
1694 2317 1800 2368 τῶν

225 2403 433 2472 χειρῶν
487 2404 641 2474 ἡμῶν
684 2405 1009 2458 κατεύθυνον
1064 2406 1149 2475 ἐφ’
1207 2410 1375 2478 ἡμᾶς,
1411 2429 1429 2461 ι
1505 2408 1584 2471 εἰς
1637 2406 1799 2478 ἒν(5)

224 2494 394 2561 ἔργον
428 2494 496 2547 τὰ
525 2494 693 2547 πολλὰ
724 2495 1005 2560 συστείλας
1030 2497 1222 2566 ἐπάγει
1255 2499 1359 2563 ,ὅτι
1381 2499 1519 2553 ιΚαὶ
1549 2497 1611 2550 τὸ
1640 2496 1799 2570 ἔργον

1905 2084 2121 2139 quoque
2155 2069 2518 2124 multitudinis
2565 2069 2773 2123 utitur:
2834 2085 2851 2119 ι
2892 2066 2956 2119 Ει
2983 2083 3145 2137 opera
3207 2066 3463 2120 manuum

1904 2163 2215 2210 nostrarum
2239 2156 2411 2227 dirige
2462 2171 2625 2225 super
2678 2170 2798 2217 nos,
2864 2174 2882 2205 ι
2919 2156 3088 2208 multa
3121 2173 3137 2204 ι
3174 2169 3397 2223 operum
3441 2173 3459 2204 ι

1905 2241 2125 2296 nomine
2162 2244 2497 2312 complexus.
2537 2260 2553 2293 ι
2597 2241 2660 2296 Ει
2689 2258 2827 2311 opus
2862 2256 3118 2295 manuum
3156 2250 3463 2295 nostrarum

1906 2326 2099 2397 dirige.
2134 2348 2152 2379 ι
2182 2328 2341 2384 Varia
2366 2331 2507 2382 enim
2538 2329 2996 2398 multiformisque
3039 2328 3305 2383 industria
3356 2328 3469 2379 viro

1905 2414 2040 2469 tutis
2067 2414 2133 2468 ad
2164 2417 2534 2485 operationem
2567 2416 2759 2479 tendit,
2792 2416 2845 2469 in
2904 2432 3010 2486 qua
3057 2427 3202 2470 recte
3257 2417 3471 2485 agentis

1906 2501 2053 2557 salus
2079 2503 2344 2558 consistit.

223 2586 341 2638 τῶν
368 2588 563 2656 χειρῶν
590 2587 745 2658 ἡμῶν
770 2588 1111 2644 κατεύθυνον.
1140 2607 1159 2640 ι
1177 2589 1243 2643 Ἡ
1258 2591 1366 2661 γὰρ
1398 2589 1611 2660 ποικίλη
1640 2608 1700 2644 τε
1735 2593 1830 2646 καὶ
1874 2593 2157 2667 πολυειδὴς
2190 2597 2296 2650 τῶν
2347 2597 2556 2668 ἀρετῶν
2579 2597 2865 2667 ἐπιμέλεια
2890 2595 3109 2666 ἐνεργὸς
3139 2594 3217 2664 (4)
3237 2594 3467 2663 γίνεται.

224 2679 404 2734 Τοῦτο
432 2682 487 2734 δέ
513 2683 659 2737 ἐστιν
689 2684 722 2754 ἡ
750 2682 845 2736 τοῦ
878 2684 1264 2755 κατορθοῦντος
1291 2684 1551 2756 σωτηρία.

302 2820 463 2875 Οὕτω
508 2822 560 2874 δέ
608 2820 1090 2901 τετάρΞΒ-ραθμῶ
1133 2820 1231 2890 τῆς
1273 2818 1551 2889 ψαλμικῆς
1594 2818 1802 2901 civilia-

224 2930 408 2983 σεως,
451 2893 1081 2983 ἐπάραῗῖΠροιρἧτης
1110 2910 1216 2964 τῶν
1260 2895 1803 2980 συνανιόντωῗᾶὖῖῷ

215 2980 611 3072 Maximam
640 3003 731 3055 καὶ
760 2980 1027 3073 ὑπερθεὶς
1045 3003 1223 3071 πάσης
1250 3001 1348 3069 τῆς
1387 3000 1525 3053 κατά
1558 3000 1648 3052 τὸν
1692 2999 1805 3070 βίον

217 3093 421 3146 τοῦτον
451 3094 887 3164 σπουδαζομένης
930 3096 1039 3158 τοῖς
1083 3092 1293 3151 πολλοῖς
1326 3091 1713 3161 ματαιότητος,
1747 3094 1804 3144 ἐν

1976 2819 2032 2874 1η
2095 2822 2239 2875 hunc
2293 2818 2510 2873 modum
2571 2829 2767 2889 quarto
2823 2819 2926 2874 hoc
2979 2820 3317 2875 ascensionis
3376 2836 3465 2890 per

1906 2914 2151 2967 Psalmos
2182 2912 2348 2981 gradu
2393 2912 2569 2966 elevat
2626 2909 2897 2981 Propheta
2956 2927 3138 2967 secum
3174 2912 3474 2967 ascenden-

1906 3008 2040 3058 tium
2081 3014 2334 3070 mentem,
2368 3004 2658 3070 evehitque
2685 3018 2850 3072 supra
2886 3019 3125 3067 omnem,
3164 3019 3284 3075 quae
3321 3012 3472 3057 tanto

1910 3096 2091 3151 studio
2127 3095 2181 3149 in
2223 3096 2324 3150 hac
2377 3094 2486 3148 vita
2542 3109 2571 3148 a
2621 3095 2805 3150 multis
2862 3095 3114 3159 ambitur,
3154 3096 3501 3157 vanitatem..

217 3184 306 3254 τῷ
352 3184 521 3251 δεῖξαι
561 3186 655 3256 τὴν
699 3183 1003 3256 ἀραχνιὼδη
1048 3202 1108 3237 τε
1161 3184 1271 3237 καὶ
1296 3184 1660 3236 ἀνυπόστατον
1711 3182 1803 3235 τοῦ

1909 3188 2033 3243 dum
2080 3188 2337 3258 patefacit
2394 3202 2753 3250 araneosam,
2812 3186 3061 3257 fugacem
3116 3198 3169 3242 ct
3228 3186 3472 3241 fallacem

219 3277 419 3330 ὑλικοῦ
484 3277 595 3347 βίου
643 3278 857 3346 ἀπάτην
913 3279 993 3339 εἰς
1046 3276 1195 3329 ούδέν
1265 3275 1435 3344 πέρας
1483 3274 1683 3343 ἀγαθὸν
1727 3275 1803 3345 (5)

219 3368 530 3441 προϊοῦσαν
554 3374 664 3434 τοῖς
694 3368 1070 3439 ματαιάζουσι.

750 3600 1145 3654 ΚΕΦΑΔΑΙΟΝ
1185 3600 1230 3652 Η
1250 3636 1266 3652 .

299 3718 380 3768 Δι’
416 3708 704 3768 ἀκολούθου
733 3714 1117 3793 καθάπεργτινὶ
1149 3713 1358 3782 κορυφῇ
1381 3709 1456 3780 τῷ
1481 3710 1805 3787 ὑψηλοτάτῳ

218 3807 331 3876 τῆς
371 3805 604 3874 θεωρίας
624 3802 842 3880 ’ἐαθεεῦ
870 3781 1077 3854 ντοῦ
1118 3781 1366 3871 πέμπτου
1402 3781 1600 3871 μέρους

220 3900 357 3966 άγει
377 3896 470 3949 τὸν
491 3894 845 3964 ἀκολουθῆσαι
869 3894 1001 3963 πρὸς
1020 3893 1080 3945 τὸ
1106 3891 1238 3961 ’ύψος
1259 3891 1575 3961 δυνάμενον,
1608 3890 1697 3943 τὸν
1729 3890 1804 3959 (6)

215 3986 537 4042 διαπτάντα
585 3986 686 4049 τὰς
730 3985 838 4038 τῶν
876 3984 1139 4055 βιωτικῶν
1189 3983 1461 4053 ἀραχνίων
1510 3981 1804 4044 διαπλοκάς

222 4075 449 4148 στερρῷ
499 4076 575 4146 τῷ
609 4074 809 4146 πτερῷ.
837 4076 900 4127 Οἱ
932 4073 1040 4144 γὰρ
1073 4071 1322 4143 χνοώδεις
1349 4090 1409 4124 τε
1441 4074 1535 4125 ita).
1572 4071 1806 4141 ἐξίτηλοι

219 4172 282 4222 ἐν
339 4168 556 4222 ἀσθενεῖ
596 4168 689 4220 καὶ
736 4167 910 4237 ἀτόνῳ
959 4168 1026 4237 τῇ
1076 4167 1269 4236 πτήσει
1310 4164 1483 4235 μυιῶν
1534 4164 1709 4233 δίκην,
1740 4162 1810 4215 τὰ

217 4262 475 4333 γλίσχρα
506 4258 599 4312 τοῦ
642 4260 756 4330 βίου
786 4256 1247 4328 περιλιχνεύοντες
1302 4255 1665 4325 ἐμπλέκονται
1718 4254 1811 4307 καὶ

221 4349 618 4420 ἐνδεσμοῖωται
635 4388 649 4412 ,
675 4347 924 4415 καθάπερ
949 4346 1057 4399 τισὶ
1083 4345 1315 4408 δικτύοις
1335 4384 1349 4409 ,
1386 4347 1453 4414 τῇ
1492 4344 1601 4396 τῶν
1638 4342 1812 4396 τοιού-

220 4462 350 4499 των
381 4444 642 4513 νημάτων
671 4440 950 4513 περιόολῇι
981 4438 1122 4507 λέγω
1145 4438 1209 4508 δὴ
1233 4440 1463 4509 τρυφαῖς
1493 4437 1586 4490 καὶ
1625 4436 1812 4506 τιμαῖς

222 4540 332 4590 καὶ
380 4536 591 4599 δόξαις,
635 4535 729 4586 καὶ
763 4535 878 4595 ταῖς
913 4531 1182 4593 ποικίλαις
1224 4529 1535 4600 ἐπιθυμίαις
1582 4524 1690 4581 οἷόν
1725 4545 1809 4581 τι-

223 4643 320 4680 σιν
362 4624 641 4696 ἀραχνίοις
678 4623 987 4691 ὑφάσμασιν
1022 4618 1400 4689 ἐνειλούμενοι,
1438 4618 1660 4688 θήραμα
1717 4617 1811 4670 καὶ

224 4719 439 4791 βρῶμα
485 4715 755 4785 γινόμενοι
798 4711 890 4767 τοῦ
937 4712 1128 4784 θηρίου
1182 4711 1390 4764 ἐκείνου
1440 4708 1533 4763 τοῦ
1586 4710 1673 4763 διὰ
1703 4708 1810 4761 τῶν

220 4810 496 4867 τοιούτων
538 4806 875 4878 θηρεύοντος.
927 4806 988 4857 Et
1018 4805 1073 4857 δέ
1116 4821 1197 4867 τις
1243 4802 1481 4872 ἁετώδης
1509 4801 1605 4871 τὴν
1652 4801 1811 4869 φύσιν

222 4903 307 4955 ὣν
330 4940 348 4964 ,
379 4898 648 4969 ὀξυτέρως
686 4897 823 4968 πρὸς
860 4896 958 4967 τὴν
991 4897 1182 4949 ἀκτῖνα
1220 4893 1315 4946 τοῦ
1356 4894 1532 4963 φωτὸς
1564 4893 1713 4961 βλέπο
1747 4912 1772 4945 -ι
1794 4932 1807 4956 ,

222 4992 499 5063 ἀτρέπτῳ
540 4988 617 5060 τῷ
648 4989 747 5059 τῆς
784 4987 959 5058 ψυχῆς
986 4983 1281 5055 ὀφθαλμῷ,
1309 4984 1403 5036 καὶ
1436 4982 1569 5052 πρὸς
1595 4981 1655 5034 τὸ
1680 4980 1811 5049 ὕψος

223 5085 433 5140 ἑαυτὸν
479 5083 556 5153 (7)
612 5081 899 5133 συντείνων
961 5081 1072 5141 τοῖς
1133 5076 1393 5139 τοιούτοις
1452 5074 1812 5145 ὲμπελάσειεν

221 5176 556 5249 ἀραχνίοις,
632 5174 764 5247 μόνῃ
802 5175 867 5244 τῇ
908 5171 1052 5243 αὔρᾳ
1097 5170 1206 5223 τῶν
1258 5169 1590 5239 ὠκυπτέρων
1642 5170 1698 5220 ἐν
1734 5165 1813 5236 τῷ

226 5270 408 5342 ῥοίζῳ
444 5268 541 5336 τῆς
588 5268 868 5336 πτήσεως,
900 5263 1209 5334 ἐξαφανίξει
1242 5264 1348 5316 πᾶν
1383 5261 1444 5314 τὸ
1474 5258 1729 5322 τοιοῦτον,
1761 5260 1809 5320 ὃ,

220 5361 281 5413 τί
316 5376 430 5429 περ
475 5358 540 5412 ἂν
583 5357 905 5429 πλησιάσει,
950 5360 1016 5428 τῇ
1043 5354 1149 5408 τῶν
1181 5353 1466 5425 πτερύγων
1503 5354 1668 5423 ὁρμῇ,
1707 5350 1811 5403 Τὸν

221 5447 331 5506 οὖν
374 5450 614 5504 τοιοῦτον
661 5448 836 5519 ἐαυτῷ
891 5448 1194 5519 ωνεπᾴρας
1226 5447 1254 5499 ὁ
1292 5444 1491 5515 ὑψηλὸς
1527 5442 1812 5514 Προφήτης

307 5655 571 5725 (θυμω
597 5669 706 5707 om.
734 5654 824 5709 ed.

309 5723 393 5795 (ι)
412 5723 584 5795 ’ξονιθ
607 5725 709 5795 εἰς,

309 5792 401 5861 (2)
434 5793 599 5849 Forte
634 5792 913 5863 φέρεσθαι.

312 5867 396 5923 ‘3)
434 5864 529 5918 ’Ἑν
550 5880 661 5919 om.
688 5867 773 5919 ed.

1910 3279 2127 3334 caducae
2173 3279 2331 3348 hujus
2376 3281 2497 3332 vitae
2525 3277 2937 3347 deceptionem,
2990 3292 3111 3340 qua:
3152 3276 3218 3330 ad
3266 3277 3471 3331 nullum

1909 3374 2176 3428 honestati
2202 3380 2628 3427 consentaneum
2660 3370 2819 3425 linem
2851 3370 3277 3435 circumventos,
3309 3385 3476 3425 vane-

1908 3482 2013 3537 que
2043 3466 2231 3521 illusos
2258 3465 2427 3519 ducit.

2499 3594 2727 3650 CAPUT
2753 3594 2889 3649 VIII.

1981 3709 2243 3778 Deinceps
2273 3709 2416 3764 velut
2444 3717 2511 3762 ad
2545 3723 2859 3778 supremum
2887 3710 3169 3775 verticem,
3204 3719 3258 3765 et
3284 3710 3478 3767 celsis-

1910 3803 2105 3857 simum
2130 3799 2607 3870 contemplationis
2637 3800 2891 3869 gradum,
2926 3801 3115 3870 quinta
3155 3810 3306 3871 parte
3329 3803 3477 3857 ducit

1913 3908 2036 3947 eum
2075 3890 2168 3961 qui
2201 3890 2265 3943 ad
2289 3898 2494 3943 tantam
2521 3889 2862 3943 altitudinem
2896 3890 3029 3944 eniti
3065 3900 3264 3961 potest,
3302 3903 3476 3947 trans-

1910 3985 2142 4039 volando
2171 3982 2324 4035 ﬁrma
2351 3982 2507 4051 quasi
2560 3982 2666 4046 ala,
2702 3988 2755 4034 et
2786 3982 2982 4051 pennis
3011 3984 3148 4037 solvi
3180 3985 3474 4037 metuenti-

1910 4078 2015 4132 bus
2049 4091 2240 4131 onmes
2286 4075 2668 4128 araneolorum
2724 4075 2889 4145 hujus
2930 4078 3053 4130 vitae
3107 4083 3392 4131 contextus
3426 4087 3476 4131 ct

1910 4168 2341 4238 implicationes;
2375 4166 2502 4221 vani
2531 4167 2731 4221 etenim
2764 4175 2818 4222 et
2850 4166 2983 4221 fatui
3011 4167 3241 4222 remisso
3270 4176 3324 4222 et
3361 4168 3475 4220 lan-

1913 4270 2108 4330 guente
2146 4259 2329 4313 volatu
2408 4258 2541 4331 (qui
2598 4273 2911 4313 muscarum
2974 4258 3148 4312 instar
3194 4274 3284 4314 res
3317 4259 3479 4328 hujus

1912 4352 2036 4406 vitae
2065 4359 2259 4405 tenues
2290 4359 2342 4405 et
2399 4351 2572 4406 exiles
2609 4350 3072 4405 circumlambunt
3096 4352 3137 4420 ),
3194 4352 3478 4422 implican-

1916 4450 2003 4497 tur
2033 4451 2085 4496 et
2121 4443 2418 4512 illigantur,
2457 4443 2615 4512 quasi
2662 4442 2869 4496 retibus
2903 4442 3252 4512 quibusdam,
3286 4442 3479 4512 hujus—

1917 4533 2061 4588 modi
2097 4533 2306 4587 lilorum
2333 4532 2692 4601 circumjectu
2719 4551 2731 4586 :
2763 4534 2996 4597 deliciis,
3031 4534 3272 4602 inquam,
3309 4534 3479 4590 hono-

1919 4624 2096 4687 ribus,
2131 4623 2324 4694 gloria,
2355 4624 2630 4693 variisque
2646 4623 3037 4692 cupiditatibus
3085 4624 3231 4678 velut
3257 4625 3479 4693 quibus-

1915 4715 2040 4771 dam
2077 4730 2398 4770 araneorum
2461 4715 2691 4770 texturis
2752 4714 3127 4780 involvuntur,
3188 4716 3366 4784 prarda
3431 4726 3482 4770 ct

1916 4821 2039 4862 esca
2075 4807 2200 4860 laeti
2244 4808 2321 4860 illi
2353 4806 2501 4871 ferae,
2536 4821 2657 4875 quae
2688 4820 2784 4875 per
2827 4806 2943 4859 haec
2972 4806 3101 4858 talia
3144 4809 3481 4861 venationem

1916 4898 2209 4953 instituere
2237 4898 2397 4953 solet.
2434 4898 2503 4951 At
2529 4899 2572 4951 si
2601 4897 2724 4967 quis
2748 4898 2945 4967 aquila:
2977 4907 3172 4951 natura
3198 4898 3480 4967 praeditus,

1917 4990 2131 5043 acutius
2158 4988 2225 5041 ad
2248 4988 2384 5043 lucis
2415 4986 2600 5040 radios
2647 4988 2964 5040 irretortum
3021 4988 3220 5041 mentis
3265 4987 3479 5041 oculum

1918 5088 2266 5143 convertens,
2312 5094 2480 5147 seque
2511 5079 2689 5149 ipsum
2726 5079 2779 5130 in
2802 5078 2968 5131 altum
3004 5078 3248 5139 vibrans,
3297 5080 3351 5131 in
3381 5078 3451 5131 hu

1914 5170 2157 5242 jusmodi
2186 5184 2510 5223 aranearum
2543 5169 2677 5224 telas
2727 5169 3021 5223 inciderit:
3082 5170 3197 5223 sola
3250 5182 3381 5221 aura
3429 5177 3477 5219 ct

1919 5262 2157 5332 impulsu
2183 5262 2421 5331 pernicis
2450 5263 2683 5324 volatus,
2733 5262 2963 5331 soloque
3004 5261 3211 5314 alarum
3256 5262 3477 5330 impetu.

1917 5353 2184 5425 quidquid
2219 5354 2484 5421 occurrit,
2512 5353 2744 5423 dissipat
2772 5360 2826 5407 et
2851 5353 3076 5422 disjicit.
3104 5351 3286 5405 Talem
3317 5351 3478 5420 igitur

1918 5460 2102 5503 secum
2136 5446 2190 5500 in
2223 5446 2392 5498 altum
2415 5445 2650 5499 evebens
2685 5443 2935 5499 sublimis
2964 5443 3255 5510 Propheta,
3316 5455 3477 5508 supra

1989 5647 2066 5719 (4)
2096 5646 2258 5719 Forte
2280 5647 2365 5719 εἰς
2382 5644 2638 5719 ἓνᾼὲργον.

1987 5716 2064 5787 (5)
2097 5716 2365 5784 Ἀγαθῶν,
2394 5717 2479 5787 ω.

1989 5786 2068 5856 (6)
2098 5788 2201 5839 Τὸν
2226 5801 2338 5839 om.
2360 5786 2447 5856 ed.

1991 5855 2065 5928 (7)
2090 5856 2185 5912 Ed.
2221 5855 2417 5926 ἐαυτῷ.
