3982 6458
614 413 716 470 ,6.

1903 430 1961 485 S.
2001 429 2324 487 GREGORII
2359 433 2651 492 NYSSENI
3728 442 3818 498 ιδε

613 528 888 598 fastigium
921 529 1125 598 quinta:
1156 529 1321 600 hujus
1354 535 1694 592 ascensionis
1724 542 1934 607 statuit,
1966 545 2021 598 in
2061 560 2154 614 qu:

2272 551 2367 604 ἐπὶ
2399 551 2500 622 τὴν
2543 549 2848 622 ἀκρώρειαν
2886 553 2985 623 τῆς
3024 551 3276 622 πέμπτης
3323 550 3636 616 ἀναϐάσεως
3672 553 3816 622 ἄγει,

614 615 864 671 humana
901 617 1093 671 salutis
1129 621 1606 687 complementum,
1640 636 1714 692 {et
1779 637 1892 684 tota
1957 648 2171 688 summa

609 703 942 759 Continetur.
961 704 1092 759 Nam
1113 707 1165 760 in
1190 717 1362 778 parte,
1385 728 1506 781 quae
1525 715 1667 771 banc
1695 723 1983 783 antecedit,
2001 725 2170 779 multa

611 792 814 864 Moysis
849 808 943 849 ore
971 796 1039 850 de
1093 813 1159 852 eo
1190 801 1335 868 quod
1386 813 1469 858 est
1501 810 1782 876 mutabile,
1817 823 1871 868 et
1922 830 1988 869 eo
2023 818 2169 886 quod

610 892 696 938 est
738 884 1070 940 immutabile
1094 887 1503 960 philosophatus
1548 904 1670 963 est;
1705 901 1849 967 quod
1886 902 1987 956 hoc
2027 884 2171 958 sem-

606 989 704 1042 per
733 986 968 1039 maneat,
1005 978 1055 1032 id
1097 981 1241 1046 quod
1295 991 1421 1038 est:
1459 985 1592 1040 illud
1628 1005 1755 1043 vero
1789 1007 2004 1062 semper
2053 995 2165 1058 ﬁat,

607 1063 662 1117 id
703 1067 847 1135 quod
879 1083 985 1122 non
1012 1080 1094 1124 est
1122 1073 1140 1135 (
1168 1088 1290 1126 nam
1338 1079 1566 1132 mutatio
1608 1089 1696 1135 est
1722 1085 1972 1139 transitio
2005 1087 2070 1141 ab
2102 1102 2168 1141 eo

606 1155 664 1209 in
698 1172 805 1227 quo
830 1160 1035 1230 aliquid
1070 1171 1175 1226 est,
1207 1164 1262 1218 in
1297 1166 1347 1220 id
1377 1168 1431 1221 in
1462 1185 1571 1238 quo
1617 1188 1723 1227 non
1755 1178 1874 1245 est)
1898 1194 1912 1243 ;
1935 1192 2167 1248 cumque

606 1250 940 1306 ostendisset
982 1253 1217 1308 hominis
1270 1265 1518 1313 naturam
1553 1262 1739 1317 eadem
1797 1265 2053 1323 facultate
2114 1279 2168 1322 et

605 1340 776 1396 libere
803 1342 859 1396 in
899 1355 1179 1414 peccatum
1210 1364 1486 1416 corruere,
1513 1361 1566 1407 et
1595 1371 1787 1411 rursus
1812 1372 1907 1425 per
1939 1373 2167 1413 conver-

606 1429 815 1485 sionem
847 1431 912 1486 ad
946 1441 1153 1489 rectum
1182 1445 1236 1492 et
1269 1438 1470 1492 bonum
1502 1441 1762 1511 redire,ut
1792 1442 1882 1498 Dei
1908 1445 2165 1514 splendor

605 1527 659 1573 et
691 1521 952 1591 majestas
980 1524 1160 1579 denuo
1193 1526 1445 1584 humana:
1474 1533 1595 1585 vitae
1644 1531 1964 1602 illucescat;
2018 1553 2164 1592 nunc

604 1613 994 1680 omnem,‘quae
1024 1629 1053 1667 a
1089 1615 1198 1670 Deo
1229 1618 1387 1674 nobis
1424 1621 1593 1685 venit,
1638 1623 1866 1691 gratiam
1916 1627 2164 1682 oratione

603 1699 813 1767 pandit,
844 1704 1118 1773 variisque
1154 1707 1329 1762 modis
1359 1724 1476 1762 eam
1516 1711 1731 1765 illorum
1777 1714 1954 1769 oculis
1987 1716 2163 1786 subji-

601 1790 698 1852 cit,
730 1790 822 1860 qui
855 1790 949 1847 Dei
990 1795 1258 1850 mirabilia
1299 1813 1366 1852 ex
1397 1800 1506 1853 alto
1550 1803 2007 1872 contemplantur.
2040 1806 2161 1861 Non

597 1882 743 1941 enim
771 1884 908 1941 satis
947 1884 1138 1940 habuit
1174 1903 1285 1942 uno
1331 1890 1492 1945 modo
1530 1893 1757 1962 gratiam
1809 1891 1904 1949 Dei
1943 1895 2163 1953 manife-

599 1983 737 2028 stam
771 1977 1016 2042 reddere,
1055 1979 1148 2034 sed
1181 1980 1535 2037 multifariam
1582 1984 1852 2049 miserias,
1886 2002 2023 2055 quas
2064 2005 2162 2060 per

598 2077 880 2134 peccatum
931 2071 1087 2125 nobis
1141 2073 1448 2126 creavimus
1505 2087 1835 2145 exaggerat;
1886 2079 2161 2150 variisque

597 2157 781 2211 itidem
816 2160 1118 2216 rationibus
1143 2177 1296 2231 Opem
1336 2162 1597 2230 divinam,
1650 2177 1708 2220 ut
1732 2169 1799 2223 ad
1834 2171 2034 2225 bouum
2069 2187 2157 2226 re—

553 2257 556 2260 '
595 2257 874 2301 vertantur
930 2252 1176 2320 exponit,
1209 2261 1267 2305 ut
1326 2270 1424 2321 pro
1464 2257 1838 2326 magnitudine
1893 2261 2157 2315 bonorum

595 2337 775 2392 varias
813 2353 1030 2408 quoque
1067 2341 1362 2397 habeamus
1387 2346 1685 2413 gratiarum
1713 2349 2042 2416 agendarum
2065 2364 2155 2404 oc-

594 2427 863 2492 casiones,
886 2431 1360 2502 abundantiorque
1392 2449 1520 2503 erga
1550 2435 1717 2490 Deum
1742 2440 1836 2491 fiat
1861 2455 1960 2508 pro
1991 2442 2155 2495 tantis

595 2517 754 2572 donis
793 2520 1093 2588 gratiarum
1120 2524 1284 2580 actio.

665 2650 861 2704 Statim
931 2655 1075 2708 enim
1137 2656 1206 2709 ab
1241 2659 1465 2711 exordio
1525 2661 1788 2716 orationis
1833 2663 1906 2716 ita
1957 2675 2149 2720 canit:

606 2758 626 2792 ι
660 2739 1004 2796 Conﬁtemini
1055 2743 1302 2808 Domino,
1348 2749 1603 2816 quoniam
1653 2751 1849 2816 bonus,
1896 2757 2152 2822 quoniam

595 2830 652 2886 in
717 2834 973 2888 saeculum
1036 2836 1411 2892 misericordia
1470 2841 1586 2909 ejus
1619 2841 1670 2893 ⁸.
1712 2860 1732 2892 ›
1783 2842 2154 2901 Confessionis

591 2926 815 2980 nomine
867 2928 1164 2996 gratiarum
1232 2934 1530 2993 actionem,
1599 2947 1705 2986 non
1770 2934 1969 2988 nudam
2038 2939 2154 2990 lau-

589 3016 717 3070 dum
770 3015 1075 3070 divinarum
1115 3021 1608 3088 pronuntiationem
1643 3023 1985 3094 intelligens;
2027 3043 2150 3081 nam

591 3109 660 3162 ob
696 3107 868 3161 solam
901 3107 1199 3164 bonitatem
1240 3110 1408 3167 Dcmu
1471 3113 1776 3184 gloriﬁcare
1811 3116 1964 3183 jubet
2003 3136 2015 3172 :
2049 3118 2152 3173 hoc

2271 642 2328 693 ἐν
2437 643 2583 694 πᾶσα
2609 637 2719 695 οἷόν
2763 660 2846 705 τις
2883 642 3273 713 συμπλήρωσίς
3317 659 3377 696 τε
3414 643 3506 698 καὶ
3554 644 3816 714 ἀνακεφα-

2271 729 2491 794 λαίωσις
2512 732 2611 800 τῆς
2637 731 2978 803 ἀνθρωπίνης
3002 732 3271 802 σωτηρίας
3298 733 3465 789 ἐστίν.
3506 733 3596 786 Ἐν
3626 735 3732 806 γάρ
3757 737 3820 807 τῷ

2271 821 2377 892 πρὸ
2389 821 2591 875 τούτων
2609 823 2696 876 διὰ
2720 823 2818 892 τῆς
2842 822 2934 876 τοῦ
2958 823 3239 894 Μωύσέως
3275 824 3480 894 φωνῆς,
3506 825 3677 878 πολλὰ
3706 831 3821 898 περὶ

2268 911 2364 964 τοῦ
2401 913 2633 982 τρεπτοῦ
2669 931 2727 966 τε
2760 915 2854 968 καὶ¹
2897 915 3164 984 ἁτρέπτου
3208 914 3601 986 φιλοσοφήσας,
3636 916 3709 980 ὡς
3736 920 3820 972 τοῦ

2273 1001 2371 1070 μὲν
2408 1002 2494 1054 ἀεὶ
2529 1002 2709 1067 ὄντος,
2753 1004 2888 1073 ὅπερ
2929 998 3099 1062 ἐστὶν,
3123 1000 3226 1053 ,τοῦ
3252 1001 3307 1053 δὲ
3333 1001 3562 1054 πάντοτε
3609 1005 3820 1074 γενομέ-

2270 1109 2358 1143 νου
2401 1092 2498 1163 (8),
2527 1095 2662 1164 ὅπερ
2703 1095 2800 1146 οὐκ
2830 1093 3002 1146 ἐστιν’
3057 1091 3211 1145 τοῦτο
3248 1093 3356 1162 γάρ
3388 1095 3532 1148 ἐστιν
3562 1097 3595 1164 ἡ
3632 1098 3818 1167 τροπὴ,

2267 1185 2300 1252 ἡ
2341 1183 2448 1235 ἀπὸ
2475 1182 2567 1236 τοῦ
2605 1185 2662 1236 ὲν
2698 1178 2742 1251 ᾧ
2785 1186 2960 1249 ἐστιν,
3013 1184 3090 1244 εἰς
3123 1181 3182 1234 τὸ
3227 1183 3284 1235 ὲν
3312 1176 3357 1250 ᾧ
3382 1185 3480 1236 οὐκ
3511 1184 3624 1237 ἔστι
3669 1189 3822 1254 μετά·

2267 1273 2442 1336 ϐασις.
2479 1275 2588 1327 Καὶ
2611 1274 2788 1339 δείξας
2817 1275 2900 1328 ὅτι
2932 1277 2997 1344 τῇ
3024 1275 3159 1344 αὐτῇ
3187 1275 3409 1343 δυνάμει
3437 1276 3558 1327 κατ’
3587 1274 3821 1338 ἐξουσίαν

2264 1367 2298 1434 ἡ
2335 1366 2494 1434 φύσις
2541 1367 2676 1437 πρός
2721 1383 2777 1419 τε
2827 1367 2888 1419 τὸ
2926 1367 3093 1421 κακὸν
3121 1366 3416 1438 ἀπορρέει,
3444 1367 3539 1419 καὶ
3564 1367 3728 1420 πάλιν
3761 1369 3818 1421 δι’

2266 1457 2598 1528 ἐπιστροφῆς
2636 1457 2772 1528 πρὸς
2799 1458 2859 1510 τὸ
2890 1457 3091 1526 ἀγαθὸν
3125 1458 3478 1525 ἐπανάγεται,
3508 1459 3583 1520 ὡς
3605 1458 3822 1514 δυνατὸν

2264 1541 2402 1597 εἶναι
2429 1545 2526 1615 τὴν
2550 1543 2643 1598 τοῦ
2675 1545 2810 1598 Θεοῦ
2847 1545 3206 1617 λαμπρότητα
3227 1549 3292 1618 τῇ
3329 1546 3643 1619 ἀνθρωπίνη
3666 1548 3819 1602 πάλιν

2263 1634 2563 1704 ἐπιλάμψαι
2597 1634 2738 1706 ζωῇ,
2783 1635 2878 1690 νῦν
2921 1639 3097 1690 πᾶσαν
3133 1637 3229 1709 τὴν
3277 1642 3340 1693 ἐκ
3378 1638 3470 1692 τοῦ
3510 1640 3643 1695 Θεοῦ
3681 1657 3818 1708 γινο-

2267 1725 2431 1796 μένην
2463 1727 2621 1797 χάριν
2639 1729 2769 1798 ἡμῖν
2797 1727 3260 1800 ἀνακαλύπτειτῷ
3286 1731 3449 1802 λόγῳ,
3473 1731 3818 1802 πολυτρόπως

2263 1815 2431 1886 αὐτὴν
2475 1817 2566 1870 ὑπ’
2605 1817 2727 1887 ὄψιν
2755 1819 2902 1887 ἄγων
2941 1822 3052 1882 τοῖς
3087 1820 3194 1873 ἀπὸ
3221 1821 3314 1874 τοῦ
3346 1821 3513 1888 ὕψους
3545 1821 3816 1892 καθορῶσι

2266 1904 2334 1957 τὰ
2377 1906 2495 1959 θεῖα
2539 1906 2807 1977 θαύματα.
2835 1909 2911 1962 Οὐ
2950 1909 3056 1981 γὰρ
3087 1910 3330 1982 ἠρκέσθη
3363 1911 3428 1964 δι’
3459 1911 3576 1974 ἑνὸς
3619 1912 3819 1981 τρόπου

2266 1995 2653 2066 παραδηλῶσαι
2699 1997 2794 2069 τὴν
2844 2001 3034 2070 χάριν,
3081 2000 3216 2053 ἀλλὰ
3270 2002 3525 2066 ποικίλως
3583 2003 3686 2071 μὲν
3717 2003 3822 2057 δια-

2267 2083 2517 2148 σκευάζει
2548 2085 2647 2149 τὰς
2683 2087 2963 2158 συμφορὰς
2982 2128 2997 2152 ,
3033 2083 3120 2152 αἷς
3151 2089 3238 2142 διὰ
3271 2091 3372 2160 τῆς
3409 2092 3543 2162 πρὸς
3571 2093 3631 2145 τὸ
3659 2094 3824 2147 κακὸν

2268 2174 2438 2244 ῥοπῆς
2459 2175 2838 2244 συνεπέσομεν.
2863 2178 3217 2254 Πολυτρόπως
3236 2179 3292 2232 δὲ
3313 2180 3412 2250 τὴν
3431 2183 3733 2254 γενομένην
3752 2183 3822 2253 (9)

2263 2265 2394 2332 ἡμῖν
2417 2267 2479 2316 ἐκ
2499 2265 2591 2318 τοῦ
2620 2266 2729 2337 (10)
2758 2253 3125 2340 Θεοῦ
3150 2269 3351 2338 ἀγαθὸν
3375 2273 3694 2352 συμμαχίαν
3717 2275 3823 2344 (Η)

2263 2355 2623 2424 ἐκδιηγεῖται·
2658 2357 2732 2420 ὡς
2768 2357 2833 2410 ἂν
2866 2358 2964 2422 τὰς
3006 2363 3084 2424 εἰς
3110 2361 3168 2414 τὸ
3208 2347 3822 2436 εὐχαριστείνγάιρορμὰς

2265 2445 2607 2512 πλεονάσειε,
2650 2448 2784 2518 πρὸς
2813 2449 2965 2518 λόγον
2993 2451 3097 2505 τῶν
3129 2454 3379 2520 ἀγαθῶν,
3412 2455 3506 2508 καὶ
3533 2456 3629 2526 τῆς
3665 2459 3825 2527 εὐχα-

2264 2533 2472 2606 ριστίας
2502 2538 2637 2608 πρὸς
2658 2539 2748 2591 τὸν
2769 2539 2897 2592 Θεὸν
2921 2540 3332 2615 πλεοναζούσης.

2332 2671 2507 2735 Εὐθὺς
2541 2673 2649 2743 γάρ
2671 2692 2800 2744 φησι
2829 2676 2918 2729 τοῦ
2946 2677 3102 2746 λόγου
3134 2680 3450 2750 ἀρχόμενος,
3482 2701 3499 2731 ι
3551 2681 3829 2753 Ἐξομολο-

2261 2760 2440 2827 γείσθε
2483 2762 2561 2832 τῷ
2590 2765 2888 2834 Κυρίῳ,ὅτι
2926 2767 3157 2836 ἀγαθὸς,
3197 2771 3279 2824 ὅτι
3313 2773 3393 2834 είς
3432 2771 3523 2825 τὸν
3566 2773 3748 2828 αίῶνα
3771 2777 3828 2829 τὸ

2260 2853 2404 2916 ἕλεος
2450 2853 2613 2908 αὐτοῦ
2633 2873 2645 2884 ο
2691 2874 2710 2906 ι
2742 2857 2839 2929 τῆς
2879 2859 2987 2930 γὰρ
3011 2860 3444 2934 ἑξομολογήσεως
3476 2866 3566 2917 ἐπὶ
3595 2866 3706 2936 τῆς
3746 2870 3830 2923 εὐο

2261 2945 2540 3014 χαριστίας
2560 2945 2673 3010 νῦν,
2698 2948 2796 3001 οὐκ
2826 2951 2917 3002 ἐπὶ
2948 2952 3046 3022 τῆς
3072 2953 3471 3025 ὲξαγορεύσεως
3493 2958 3825 3028 νοουμένης·

2260 3037 2352 3087 ἐπὶ
2410 3040 2475 3107 τῇ
2523 3038 2817 3108 άγαθότητι
2859 3043 2949 3095 τὸν
2989 3043 3120 3097 Θεὸν
3160 3045 3400 3110 δοξάζειν
3453 3046 3830 3102 διακελεύεται

2265 3127 2417 3199 μόνῃ.
2452 3128 2617 3182 Τοῦτο
2646 3133 2940 3200 σημαίνων,
2969 3134 3049 3186 ὅτι
3073 3136 3172 3189 ὅσα
3211 3137 3431 3205 γέγονεν
3463 3139 3526 3190 ὲκ
3547 3139 3688 3192 Θεοῦ
3720 3143 3830 3204 τοῖς

587 3200 837 3255 videlicet
875 3200 1211 3270 signiﬁcans,
1275 3203 1419 3272 quod
1480 3203 1740 3274 quidquid
1786 3207 1914 3261 houi
1960 3216 2013 3262 et
2063 3225 2152 3264 sa-

2261 3219 2562 3290 ἀνθρώποις
2595 3222 2772 3290 ἀγαθὰ
2818 3226 2910 3277 καὶ
2959 3200 3234 3297 σωτήρια,
3278 3200 3459 3299 χάριτι
3503 3230 3684 3282 πάντα
3738 3200 3831 3283 καί

529 3353 531 3356 γ
587 3293 781 3350 lutaris
847 3307 879 3347 a
945 3294 1054 3349 Deo
1118 3295 1440 3350 mortalibus
1493 3298 1660 3361 venit,
1720 3297 1775 3352 id
1836 3299 2149 3356 universum

585 3384 797 3436 venerit
854 3386 1026 3454 gratia
1079 3394 1134 3438 et
1171 3385 1413 3439 bonitate
1473 3387 1636 3450 illius,
1693 3403 1817 3442 cum
1877 3389 1931 3442 in
1992 3390 2151 3444 nobis

591 3473 740 3526 nulla
800 3473 920 3541 ejus
979 3474 1277 3544 accipiendi
1333 3491 1499 3530 causa
1547 3479 1768 3533 inesset.
1829 3478 1871 3530 E
1929 3491 2149 3534 contra-

585 3563 692 3627 rio,
741 3577 866 3615 cum
921 3579 1022 3618 nos
1079 3566 1227 3617 omni
1289 3566 1657 3635 improbitatis
1709 3583 1908 3637 genere
1964 3571 2148 3623 obruti

587 3653 814 3718 fuimus,
847 3653 964 3722 ipse
995 3669 1026 3707 a
1059 3663 1251 3709 natura
1281 3672 1379 3711 sua
1405 3672 1746 3728 nequaquam
1777 3660 2027 3726 descivit,
2054 3662 2151 3716 sed

587 3743 640 3797 id
669 3745 815 3813 quod
847 3752 953 3808 est,
989 3746 1134 3814 egit;
1165 3762 1342 3816 neque
1372 3749 1515 3804 enim
1560 3750 1713 3805 decet
1744 3766 1869 3805 eum
1921 3753 2013 3822 qui
2048 3768 2149 3806 na-

585 3843 708 3889 tura
761 3835 938 3890 bonus
971 3847 1074 3900 est,
1120 3838 1265 3892 aliud
1297 3852 1458 3908 quam
1493 3840 1636 3909 quod
1673 3855 1739 3895 ex
1801 3850 1997 3896 natura
2050 3858 2149 3898 sua

583 3933 688 3986 est,
720 3941 899 3995 agere.
943 3945 961 3978 ι
998 3926 1212 3990 Dicant,
1249 3948 1266 3980 ι
1308 3929 1502 3998 inquit,
1543 3950 1560 3979 ι
1597 3931 1690 4000 qui
1725 3930 1990 4001 redempti
2022 3944 2150 3988 sunt

583 4030 615 4068 a
668 4015 917 4080 Domino,
958 4033 1098 4088 quos
1131 4020 1361 4075 redemit
1394 4020 1462 4075 de
1495 4037 1657 4075 manu
1692 4023 1922 4091 inimici,
1977 4033 2030 4080 et
2079 4026 2148 4081 de

583 4105 894 4175 regionibus
930 4112 1279 4179 congregavit
1309 4126 1423 4165 eos.
1457 4114 1502 4164 A
1533 4113 1665 4167 solis
1687 4123 1809 4168 ortu
1839 4123 1893 4169 et
1922 4130 2143 4180 occasu,

583 4196 651 4249 ab
681 4197 934 4265 aquilone
958 4207 1012 4253 et
1052 4200 1188 4252 mari
1216 4203 1258 4262 ’ς
1288 4223 1308 4255 ι
1344 4200 1644 4269 perfectum
1677 4215 2144 4260 consummatum-

581 4302 688 4354 que
728 4289 950 4343 humani
977 4290 1194 4359 generis
1237 4291 1303 4344 ad
1332 4294 1610 4349 meliorem
1658 4295 1866 4366 frugem
1911 4298 2146 4354 reditum

581 4380 759 4434 oratio
793 4382 1100 4449 pollicetur.
1136 4381 1456 4454 Redemptio
1485 4387 1631 4441 enim
1676 4389 2048 4444 reductionem
2079 4406 2143 4445 ex

580 4471 900 4540 captivitate
934 4473 1246 4543 signiﬁcat;
1279 4475 1428 4531 dedit
1454 4493 1582 4532 vero
1616 4478 1758 4535 Deus
1791 4483 2022 4550 pretium
2059 4498 2145 4535 re-

2253 3311 2546 3384 άγαθότήτι
2583 3315 2822 3383 γέγονεν,
2864 3317 3115 3387 οὐδεμίαν
3154 3317 3309 3389 ἡμῶν
3348 3320 3483 3390 πρὸς
3516 3320 3576 3372 τὸ
3616 3321 3831 3388 ἀγαθὸν

2253 3405 2430 3457 αἰτίαν
2469 3407 2917 3476 παρασχομένων.
2947 3409 3266 3463 Τούναντίον
3306 3411 3407 3479 μὲν
3441 3407 3533 3463 οὖν
3563 3412 3618 3463 ὲν
3674 3412 3832 3484 πάσῃ

2254 3497 2422 3567 κακίᾳ
2456 3493 2752 3565 γεγονότων
2797 3499 2985 3569 ἡμῶν,
3014 3501 3216 3564 ἐκεῖνος
3263 3501 3361 3571 τῆς
3397 3500 3532 3563 ἰδίας
3567 3503 3669 3553 οὐκ
3721 3503 3832 3565 ἐξί-

2255 3605 2443 3640 σταται
2491 3589 2736 3656 φύσεως,
2771 3589 2885 3643 ἀλλ’
2927 3592 3064 3660 ὅπερ
3097 3593 3241 3654 ἐστὶ,
3273 3591 3429 3644 τοῦτο
3469 3595 3628 3645 ποιεῖ.
3687 3592 3828 3647 Οὐδὲ

2253 3679 2360 3749 γὰρ
2381 3680 2524 3742 εἰκὸς
2553 3675 2618 3750 ἦν
2647 3680 2737 3734 τὸν
2764 3683 2962 3750 ἀγαθὸν
2983 3685 3049 3753 τῇ
3083 3682 3242 3752 φύσει
3271 3682 3396 3736 ἄλλο
3426 3699 3478 3736 τι
3507 3683 3632 3752 παρ’
3661 3683 3696 3734 ὃ
3733 3684 3832 3736 πέο

2253 3789 2452 3840 φυκεν,
2477 3773 2788 3843 ἐνεργῆσαι.
2825 3794 2843 3825 ι
2877 3776 3220 3839 Είπάτωσαν,
3256 3794 3274 3826 ι
3315 3776 3498 3846 φησὶν,
3535 3793 3553 3825 ι
3592 3776 3641 3828 οἱ
3669 3775 3832 3829 λελυ-

2251 3865 2517 3935 τρωμένοι
2559 3867 2662 3919 ὐπὸ
2697 3866 2926 3938 Κυρίου,
2969 3867 3063 3932 οὒς
3115 3869 3456 3940 ὲλυτρώσατο
3511 3871 3575 3922 ἐκ
3628 3871 3827 3941 χειρὸς

2250 3952 2468 4022 ἐχθροῦ,
2508 3953 2600 4006 καὶ
2633 3954 2697 4007 ὲκ
2740 3954 2848 4008 τῶν
2884 3955 3074 4026 χωρῶν
3119 3957 3420 4025 συνήγαγεν
3459 3957 3678 4020 αὐτοὺς,
3716 3957 3832 4011 ἀπὸ

2249 4043 2519 4095 ἀνατολῶν
2565 4045 2658 4096 καὶ
2689 4043 2928 4114 δυσμῶν,
2966 4046 3059 4098 καὶ
3091 4045 3288 4118 βορρᾶ,
3322 4047 3413 4100 καὶ
3455 4046 3760 4120 θαλάσσης.
3805 4066 3825 4098 ι

2251 4132 2359 4203 Τὴν
2412 4135 2649 4206 παντελῆ
2692 4135 2786 4188 τοῦ
2836 4136 3025 4204 γένους
3069 4136 3177 4190 τῶν
3218 4137 3519 4208 ἀνθρώπων
3563 4139 3708 4209 πρὸς
3765 4139 3832 4192 τὸ

2249 4225 2449 4293 ἀγαθὸν
2494 4227 2746 4280 ἐπάνοδον
2774 4229 2802 4280 ό
2828 4227 2982 4296 λόγος
3022 4230 3442 4298 εὐαγγελίζεται.
3488 4231 3550 4283 Ἦ
3576 4230 3692 4302 γὰρ
3733 4231 3833 4284 λὺο

2247 4331 2466 4384 τρωσις,
2498 4317 2595 4386 τὴν
2631 4317 2738 4371 ἀπὸ
2785 4317 2885 4386 τῆς
2915 4319 3287 4388 αἰχμαλωσίας
3322 4319 3614 4390 ἀνάκλησιν
3639 4321 3835 4394 ἑρμη-

2248 4403 2390 4456 νεύει
2427 4404 2505 4474 τῷ
2547 4406 2766 4476 ῥήματι.
2815 4408 2872 4460 '0
2891 4408 2947 4460 δὲ
2968 4408 3099 4471 Θεὸς
3129 4407 3320 4480 λύτρον
3349 4408 3576 4461 δέδωκεν
3617 4409 3833 4463 ἑαυτὸν

2250 4495 2389 4566 ὑπὲρ
2425 4497 2531 4548 τῶν
2570 4499 2992 4571 κεκρατημένων
3036 4500 3139 4553 ὑπὸ
3181 4499 3274 4554 τοῦ
3319 4499 3544 4553 θανάτου
3582 4519 3600 4551 ι
3643 4501 3735 4571 τῷ
3763 4501 3832 4554 τὸ

580 4563 910 4633 demptionis
932 4565 1172 4636 seipsum
1203 4581 1304 4635 pro
1341 4568 1428 4630 iis,
1468 4571 1560 4637 qui
1615 4585 1645 4623 a
1682 4583 1852 4626 morte
1885 4573 2026 4641 capti
2063 4585 2140 4626 te-

2261 4563 2444 4658 ιράτος
2489 4563 2830 4660 ἔχοντιυτοῦῃ
2855 4590 3117 4645 θανάτου’
3169 4611 3188 4644 ι
3239 4591 3331 4646 καὶ
3374 4592 3560 4662 ἐπειδὴ
3609 4563 3833 4654 πάντες

581 4655 872 4720 nebantur,
902 4655 1162 4725 deditque
1189 4663 1708 4736 «illiquiinmortem
1719 4663 1812 4732 jus
1827 4663 2081 4719 habebat.
2109 4685 2128 4718 ι

578 4745 646 4802 Ει
675 4761 798 4801 cum
823 4762 1013 4804 omnes
1040 4749 1144 4804 sub
1177 4752 1368 4805 mortis
1395 4761 1663 4820 potestate
1687 4753 1912 4818 fuerint,
1949 4769 2143 4810 omnes

579 4839 754 4909 pretio
809 4839 934 4894 inde
993 4841 1244 4907 redemit,
1295 4843 1370 4896 ita
1406 4854 1464 4899 ut
1512 4844 1695 4900 nullus
1756 4846 1858 4900 sub
1916 4846 2143 4916 imperio

577 4931 772 4984 mortis
801 4931 1144 5002 relinquatur
1175 4943 1298 5005 post
1327 4938 1630 5006 generalem
1671 4938 1914 4992 omnium
1945 4939 2140 4994 libera-

575 5023 800 5078 tionem.
833 5022 951 5078 Non
977 5027 1123 5080 enim
1155 5027 1271 5082 ﬁeri
1307 5037 1505 5097 potest,
1540 5040 1596 5083 ut
1622 5030 1745 5100 quis
1770 5033 1928 5085 morti
1954 5031 2140 5101 suhja-

574 5121 716 5177 ceat,
746 5121 920 5168 morte
952 5115 1063 5183 jam
1088 5117 1286 5170 abolita
1316 5118 1639 5188 penitusque
1669 5121 1902 5174 sublata.

642 5203 725 5259 Ob
753 5204 807 5258 id
847 5207 1247 5277 quadripartito
1280 5219 1395 5265 toto
1453 5219 1725 5266 terrarum
1761 5214 1890 5266 orbe
1944 5229 2139 5268 secun-

572 5298 702 5356 dum
734 5298 899 5353 situm
929 5299 1129 5365 diviso,
1181 5303 1383 5361 nullam
1440 5313 1649 5374 partem
1688 5306 1882 5365 divinae
1929 5308 2138 5363 redeuu-

642 5461 664 5488 ⁸
691 5459 830 5512 Psal.
857 5476 966 5527 ενι,
991 5465 1015 5514 1
1057 5479 1178 5532 sqq,
1257 5465 1276 5494 ⁹
1303 5462 1462 5525 llebr.
1499 5481 1556 5528 ιι,
1597 5467 1676 5523 ιρι.

639 5687 717 5751 (8)
745 5685 1052 5754 Γινομένου,
1087 5687 1171 5739 ed.
1207 5685 1325 5742 Mox
1359 5689 1419 5738 ὲκ
1455 5703 1550 5755 pro
1577 5688 1693 5742 οὐκ.

639 5757 712 5822 (9)
745 5755 1056 5824 Γινομένην,
1090 5755 1178 5809 ed.

633 5825 743 5890 (10)
771 5824 874 5880 Τοῦ
898 5840 1008 5881 om.
1041 5827 1126 5884 ed.

2245 4676 2384 4751 ἦσαν
2429 4684 2486 4734 ὲν
2517 4686 2584 4754 τῇ
2622 4681 2716 4736 τοῦ
2757 4683 2982 4736 θανάτου
3029 4684 3272 4754 φρουρᾷ,
3319 4683 3522 4746 πάντας
3565 4683 3828 4752 δηλονότι

2245 4771 2522 4836 ἑξωνεῖται
2547 4772 2625 4844 τῷ
2664 4773 2858 4842 λύτρῳ,
2898 4775 2972 4838 ὡς
3005 4776 3206 4847 μηδένα
3233 4775 3657 4845 καταλειφθῆναι
3700 4777 3830 4846 (1‘2)

2243 4867 2308 4936 τῇ
2343 4864 2630 4937 δυναστεία
2677 4866 2767 4919 τοῦ
2807 4868 3036 4922 θανάτου
3069 4868 3206 4939 μετὰ
3254 4868 3350 4940 τὴν
3383 4870 3676 4940 γινομένην
3721 4871 3829 4926 τοῦ

2246 4958 2444 5021 παντὸς
2469 4958 2862 5028 ἀπολύτρωσιν.
2895 4959 3032 5016 Οὐδὲ
3072 4960 3177 5030 γάρ
3203 4961 3317 5013 ἐστι
3357 4959 3576 5014 δυνατὸν
3606 4963 3667 5013 ἐν
3714 4961 3827 5014 θα-

2243 5049 2387 5121 νάτῳ
2419 5051 2537 5103 τινὰ
2566 5045 2702 5104 εἶναι
2719 5087 2737 5115 ,
2772 5049 2866 5104 τοῦ
2899 5049 3126 5104 Θανάτου
3160 5050 3232 5121 μὴ
3261 5051 3431 5114 ὄντος.

2311 5234 2402 5286 Διὸ
2440 5234 2676 5303 τετραχῆ
2725 5234 2823 5302 τῆς
2866 5234 3183 5304 οἰκουμένης
3235 5237 3448 5303 ἁπάσης
3513 5235 3656 5286 κατὰ
3709 5234 3828 5304 τὴν

2241 5323 2387 5377 θέσιν
2424 5324 2788 5396 διῃρημένης,
2832 5325 2982 5379 οὐδὲν
3021 5327 3050 5378 ό
3085 5326 3241 5395 λόγος
3289 5325 3601 5380 ὑπελείπετο
3636 5325 3827 5393 μέρος

2307 5691 2416 5752 (ll)
2453 5688 2612 5756 Ἡμῖν
2643 5686 2767 5739 add.
2789 5686 2876 5740 ed.

2308 5759 2418 5815 ’12l
2455 5756 2894 5827 Καταληφθῆναι,
2929 5757 3015 5814 ed.
