3982 6504
283 376 389 434 ιδξι

1675 386 1741 441 ΙΝ
1780 384 2112 442 PSALMOS.

3385 381 3390 386 ’
3409 383 3513 442 ΠΟ

281 491 384 557 τῆς
435 487 582 552 θείας
626 489 945 561 λυτρώσεως
997 490 1242 560 ἄμοιρον.
1300 491 1436 560 Φησὶ
1487 493 1612 563 γάρ’
1651 512 1670 545 ι
1721 495 1854 548 Ἀπὸ

1956 495 2157 565 ptionis
2205 503 2480 568 expertem
2541 496 2808 552 mansisse
2867 488 3045 550 docet.
3110 491 3254 550 Dicit
3306 497 3450 550 enim
3496 515 3513 552 :

284 577 556 631 ἀνατολῶν
594 579 688 630 καὶ
718 577 936 647 δυσμῶν
957 618 973 642 ,
1005 580 1097 631 καὶ
1125 578 1328 650 βορρᾶ,
1369 580 1461 634 καὶ
1493 581 1786 652 Θαλάσσης.
1826 601 1843 633 ι

283 673 538 745 Θαλάσσῃ
561 673 929 744 διασημαίνων
955 675 1014 727 τὸ
1040 677 1228 730 νότιον.
1261 678 1347 730 Ἐν
1376 678 1653 747 κεφαλαίῳ
1674 680 1852 733 τοίνυν

283 764 384 832 τὴν
429 763 522 816 τοῦ
575 762 708 815 Θεοῦ
753 763 1148 833 προεκθέμενος
1193 767 1466 833 εὐποιΐαν,
1517 770 1581 838 ἢν
1617 769 1724 839 (15)
1759 770 1852 821 ἐπὶ

288 855 468 924 πάσης
493 854 590 924 τῆς
613 853 956 925 ἀνθρωπίνης
982 858 1250 928 ἐνήργησε
1274 857 1505 925 φύσεως,
1534 859 1672 930 μετά
1694 861 1851 914 τοῦτο

286 944 596 1008 διασκευαῖς
618 961 728 996 τισι
766 948 866 1015 τήν
901 964 961 999 τε
987 948 1121 1018 πρὸς
1147 949 1208 1000 τὸ
1241 949 1408 1002 κακὸν
1439 951 1713 1022 ἀπορροὴν
1745 954 1851 1007 τῶν

289 1033 589 1106 ἀνθρώπων
626 1037 973 1106 ἐκδιηγεῖται,
1005 1039 1098 1092 καὶ
1130 1039 1226 1111 τὴν
1257 1041 1341 1108 ἐφ’
1370 1041 1480 1111 (14)
1511 1043 1722 1114 ἑκάστῳ
1759 1061 1850 1112 γε-

291 1129 594 1198 γενημένην
622 1129 770 1199 παρά
804 1130 898 1182 τοῦ
931 1130 1064 1182 Θεοῦ
1105 1131 1240 1202 πρὸς
1283 1132 1342 1184 τὸ
1370 1137 1612 1202 κρεῖττον
1662 1153 1849 1207 χειρα-

292 1223 531 1289 γωγίαν·
577 1221 721 1290 λέγει
763 1223 820 1275 δὲ
865 1223 1056 1286 οὕτως’
1116 1241 1134 1274 ι
1206 1224 1614 1296 Ἐπλανὴθησαν
1669 1229 1728 1280 ὲν
1784 1225 1885 1299 τῇ

292 1315 484 1382 ἐρήμῳ
518 1313 574 1365 ὲν
612 1313 852 1384 ἀνύδρῳσ
889 1333 907 1364 ι
983 1313 1206 1383 ἀφέντες
1238 1317 1364 1386 γὰρ,
1401 1318 1554 1388 φησὶ,
1591 1319 1689 1389 τὴν
1712 1318 1848 1371 ὁδόν.

307 1404 454 1466 Ὁδὸς
481 1403 537 1454 δέ
576 1405 722 1455 ἐστιν
750 1406 778 1456 ὁ
810 1406 1020 1474 Κύριος.
1071 1404 1158 1458 Ἑν
1181 1408 1243 1473 τῇ
1275 1408 1464 1477 ἐρήμῳ
1489 1407 1592 1471 ἔξω
1621 1408 1719 1477 τῆς
1757 1407 1850 1460 τοῦ

294 1494 431 1547 Θεοῦ
461 1496 762 1564 ἐπισκοπῆς
808 1494 1147 1548 ἐπλανῶντο·
1211 1493 1244 1562 ἠ
1296 1497 1434 1567 ξηρά
1463 1494 1531 1568 ἦν
1560 1500 1666 1568 (15)
1703 1500 1851 1552 πᾶσα

293 1587 390 1639 καὶ
419 1588 644 1657 ἄνικμος
674 1588 773 1658 τῆς
810 1589 1179 1658 πνευματικῆς
1219 1589 1410 1658 δρόσου
1449 1592 1848 1662 κεχωρισμένη.

294 1678 393 1730 Διά
429 1677 585 1730 τοῦτο
625 1678 725 1748 τὴν
767 1679 918 1730 πόλιν
959 1679 1050 1731 τοῦ
1084 1678 1240 1741 Θεοῦ,
1278 1683 1335 1732 ὲν
1434 1681 1492 1734 τὸ
1529 1683 1852 1751 κατοικητή-

298 1784 410 1836 ριον
428 1769 536 1822 τῶν
559 1769 724 1834 ἀξίων
746 1770 912 1833 ἐστὶν,
935 1771 992 1822 ὲν
1013 1773 1083 1840 τῇ
1113 1770 1297 1841 ἀνοδίᾳ
1318 1770 1652 1842 πλανώμενοι
1674 1774 1852 1830 εὑρεῖν

292 1859 394 1911 οὐκ
425 1857 703 1925 ἠδύναντο.
744 1859 880 1926 Φησὶ
905 1857 1042 1926 γὰρ,
1071 1858 1152 1909 ὅτι
1188 1875 1206 1908 ι
1250 1859 1401 1912 πόλιν
1433 1859 1850 1929 κατοικητηρίου
1885 1847 1926 1900 Β

293 1950 393 2020 οὐχ
420 1943 604 2020 εὖρον,
645 1950 934 2013 πεινῶντες
982 1951 1075 2003 κα)⁵
1109 1948 1388 2019 διψῶντες
1411 1969 1428 2001 ι
1454 1951 1520 2019 τῇ
1552 1949 1660 2019 γὰρ
1692 1951 1853 2021 ἀτρο-

295 2041 395 2109 φίᾳ
419 2041 516 2108 τῆς
530 2039 810 2110 δυνάμεως
824 2039 1002 2094 αὐτῶν
1071 2038 1442 2109 ἐκλειπούσης,
1523 2042 1580 2092 ἐν
1609 2041 1852 2093 ἐπιτάσει

294 2132 354 2183 τὸ
380 2131 548 2183 κακὸν
572 2131 752 2192 αὐτοῖς
790 2126 876 2201 ἦν.
909 2129 1031 2194 Πῶς
1065 2130 1172 2199 γὰρ
1199 2126 1266 2200 ἦν
1297 2128 1407 2200 (16)
1436 2131 1607 2201 τροφὴ
1647 2134 1702 2183 ὲν
1723 2132 1854 2200 αὐχ-

299 2221 456 2293 μώσῃ
481 2239 539 2275 τε
571 2223 662 2275 καὶ
691 2223 870 2294 ἀγόνῳ
893 2227 959 2294 τῇ
999 2226 1104 2294 γῇ;
1145 2222 1305 2275 πόθεν
1334 2222 1390 2275 δὲ
1421 2222 1754 2292 θεραπεύσαι
1794 2225 1854 2277 τὸ

293 2313 444 2382 δίψος
483 2316 539 2367 ὲν
576 2317 644 2385 τῇ
672 2314 927 2384 ’ἀνύδρῳ;
969 2313 1124 2384 δῆλον
1153 2313 1210 2366 δὲ
1243 2315 1323 2366 ὅτι
1355 2313 1473 2366 οὐδὲ
1507 2315 1616 2385 (l7)
1649 2315 1854 2386 τροφὴν

294 2407 385 2459 τὸν
418 2405 612 2476 ἄρτον,
659 2405 779 2459 οὔτε
813 2406 968 2458 πόσιν
1004 2406 1063 2458 τὸ
1102 2406 1244 2476 ὕδωρ
1285 2407 1317 2476 ἡ
1351 2407 1653 2477 προφητεία
1685 2407 1850 2474 λέγει,

295 2496 433 2548 ἀλλά
461 2497 665 2566 τροφὴν
691 2497 789 2566 μὲν
807 2496 904 2567 τὴν
928 2496 1098 2567 ἀληθῆ
1127 2496 1343 2567 βρῶσιν,
1375 2497 1531 2549 πόσιν
1553 2497 1628 2558 δὲ,
1655 2497 1714 2549 τὸ
1744 2495 1852 2565 (l8)

298 2588 665 2656 πνευματικὸν
688 2590 861 2640 έκεῖνο
889 2588 1058 2658 πόμα.
1091 2589 1170 2640 Τὰ
1195 2588 1250 2640 δὲ
1285 2588 1376 2641 δύο
1406 2587 1575 2641 ταῦτα
1603 2591 1631 2641 ὁ
1654 2587 1852 2658 Κύριος

297 2681 541 2744 γίνεται,
590 2678 937 2749 καταλλήλως
973 2683 1079 2742 τοῖς
1105 2680 1376 2749 δεομένοις
1415 2680 1604 2732 ἑαυτὸν
1638 2683 1853 2749 ἐμπαρ-

297 2770 436 2840 έχων
458 2787 473 2805 ο
499 2772 671 2840 τροφὴ
706 2771 803 2841 μὲν
837 2776 946 2834 τοῖς
978 2772 1219 2834 πεινῶσι,
1260 2773 1410 2842 πηγὴ
1438 2772 1493 2824 δὲ
1523 2774 1636 2834 τοῖς
1665 2772 1854 2840 διψῶσι

295 2859 595 2929 γινόμενος.
639 2863 734 2925 Τίς
762 2858 852 2915 οὖν
908 2862 1100 2933 εὑρέθη
1135 2863 1233 2932 τῆς
1265 2863 1518 2932 τοιαύτης
1550 2863 1857 2933 ἀμηχανίας

297 2954 330 3021 ὴ
374 2952 559 3015 λύσις,
605 2953 704 3022 τῆς
744 2954 978 3023 πλάνης,
1025 2955 1118 3023 τῆς
1137 2954 1397 3030 ¹ἐρημίας,
1428 2955 1526 3021 τῆς
1564 2957 1619 3005 ἐν
1649 2954 1858 3023 ἀνύδρῳ

295 3045 666 3116 ταλαιπωρίας
689 3086 703 3109 ,
747 3046 844 3114 τῆς
889 3047 951 3097 ἐκ
997 3045 1092 3098 τοῦ
1119 3045 1276 3114 λιμοῦ
1306 3046 1588 3115 γινομένης
1617 3045 1860 3097 λειποθυ-

301 3138 464 3207 piae;
517 3137 582 3189 Ὦ
601 3137 694 3190 τοῦ
743 3137 1051 3207 θαύματοςῑ
1087 3138 1194 3191 Μία
1240 3138 1389 3207 φωνὴ
1430 3138 1564 3208 πρὸς
1611 3139 1697 3189 τὸν
1727 3137 1857 3189 Θεὸν

296 3229 732 3301 ὲπιστρεπτικῶς
762 3229 1040 3299 γινομένη,
1059 3224 1237 3282 πάντα
1269 3230 1403 3300 πρὸς
1430 3230 1488 3281 τὸ
1517 3230 1676 3282 καλὸν
1703 3247 1859 3298 μετε-

299 3322 541 3389 ποίησεν.
575 3341 592 3371 ι
625 3322 953 3391 Ἐκέκραξαν
984 3341 1001 3373 ι
1030 3323 1157 3391 γὰρ,
1187 3324 1338 3390 φησὶ,
1369 3342 1387 3372 ι
1422 3323 1556 3392 πρὸς
1582 3321 1778 3391 Κύριον
1802 3322 1858 3373 έν

293 3413 374 3482 τῷ
407 3413 678 3467 θλίϐεσθαι
703 3413 916 3476 αὐτοὺς,
943 3414 1037 3467 καὶ
1062 3416 1125 3466 ἐκ
1153 3413 1258 3466 τῶν
1284 3413 1537 3481 ἀναγκῶν
1571 3413 1752 3465 αὐτῶν
1775 3412 1860 3475 ἐξ-

295 3507 506 3575 ήγαγεν
524 3506 735 3568 αὐτοὺς,
765 3507 857 3558 καὶ
881 3506 1157 3575 ὡδήγησεν
1182 3507 1375 3569 αὐτοὺς
1395 3508 1474 3568 είς
1499 3506 1614 3560 ὁδὸν
1647 3495 1859 3559 εύθείαν

293 3595 390 3648 τοῦ
423 3594 751 3665 προευθῦναι
781 3597 860 3656 είς
892 3595 1042 3648 πόλιν
1060 3595 1498 3664 κατοικητηρίου.
1514 3615 1530 3646 ι
1549 3594 1697 3648 Ὁδὸν
1715 3594 1859 3662 λέγει

293 3685 460 3738 αὐτὸν
490 3686 578 3737 τὸν
616 3684 838 3755 Κύριον,
867 3682 934 3756 ἧς
969 3686 1354 3754 ἁπεσφάλησαν
1386 3684 1519 3752 (l9).
1549 3683 1710 3750 Λέγει
1744 3684 1797 3735 δὲ
1826 3686 1859 3753 ἡ

307 3773 456 3836 Ὁδὸς
473 3774 610 3842 αθτη
627 3778 683 3826 ὲν
699 3774 775 3842 τῷ
806 3771 1144 3842 Εὑαγγελίῳ,
1167 3771 1275 3822 ὅτι(
1287 3773 1474 3836 υὺδεὶς
1489 3773 1704 3844 ἔρχεται
1725 3773 1859 3842 πρὸς

299 3864 388 3931 μὲ,
411 3864 506 3914 ὲάν
527 3861 840 3932 μὴόΠατήρ
862 3879 960 3931 μου
982 3860 1231 3932 βούληται
1257 3863 1366 3932 ('20)
1383 3863 1602 3915 ἑλκύσαι
1623 3864 1802 3916 αὐτόν.
1835 3882 1856 3917 ι

1959 604 1977 636 ι
2010 585 2092 639 Ab
2121 594 2244 639 ortu
2281 586 2421 641 solis
2455 583 2757 647 et'occasu,
2789 585 2857 639 ab
2889 584 3143 655 aquilone
3183 593 3235 638 et
3260 587 3396 638 mari
3425 604 3441 639 :
3489 605 3508 636 ι

1951 677 2118 731 maris
2156 679 2376 733 nomine
2404 679 2630 733 australi
2668 679 2819 747 plaga
2857 676 3159 746 designata.
3190 673 3511 732 Summatim

1953 767 2118 837 igitur
2147 769 2390 838 exposita
2423 769 2517 824 Dei
2576 783 2739 836 super
2790 782 2980 822 omnes
3046 766 3293 821 homines
3341 767 3511 822 eﬁusa

1951 857 2330 926 beneﬁcentia,
2368 868 2558 930 postea
2585 858 2833 913 artiﬁciis
2860 857 3186 926 quibusdam
3231 856 3510 910 hominum

1953 951 2018 1002 ad
2071 950 2330 1003 malitiam
2370 951 2783 1012 deerrationem,
2841 957 2894 1002 et
2961 948 3392 1017 uniuscujusque
3444 949 3511 1002 ad

1953 1042 2238 1096 rectiorem
2269 1043 2410 1096 viam
2443 1043 2814 1098 reductionem
2859 1039 2953 1094 Dei
2999 1055 3100 1109 ope
3149 1040 3368 1103 factam,
3417 1056 3514 1096 ex-

1953 1131 2140 1198 planat
2164 1132 2249 1185 his
2287 1133 2508 1187 verbis:
2545 1152 2561 1183 ι
2610 1132 2943 1185 Erraverunt
2977 1131 3032 1183 in
3081 1131 3393 1194 solitudine,
3456 1132 3513 1184 in

1952 1222 2260 1291 inaquoso;
2314 1246 2332 1278 ι
2353 1226 2540 1281 relicta
2568 1262 2582 1286 ,
2638 1217 2816 1291 inquit
2847 1260 2864 1287 ,
2919 1217 3026 1276 Via.
3107 1219 3204 1274 Via
3231 1221 3375 1275 enim
3403 1221 3511 1276 Do-

1955 1315 2134 1368 minus
2163 1324 2246 1370 est
2273 1355 2288 1372 .
2320 1315 2378 1369 ln
2403 1313 2696 1368 solitudine
2726 1321 3003 1377 errarunt,
3025 1322 3178 1367 extra
3199 1311 3292 1367 Dei
3320 1327 3509 1366 curam

1951 1416 2004 1461 et
2041 1406 2433 1476 inspectionem
2456 1426 2468 1460 :
2494 1404 2608 1461 haec
2624 1413 2800 1459 autem
2822 1405 2974 1460 arida
3019 1412 3120 1468 est,
3148 1412 3203 1458 et
3266 1405 3512 1458 humoris

1952 1514 2166 1566 expers,
2198 1510 2447 1568 separata
2477 1513 2507 1550 a
2560 1498 2827 1567 spirituali
2862 1512 3003 1552 rore.
3065 1494 3404 1564 Quapropter
3433 1496 3513 1548 ci-

1953 1591 2177 1644 vitatem
2209 1591 2324 1656 Dei,
2358 1592 2409 1643 in
2440 1606 2545 1659 qua
2573 1591 2844 1658 iustorum
2901 1588 3270 1642 habitaculum
3303 1594 3404 1650 est,
3456 1587 3513 1639 in

1955 1681 2101 1734 invio
2127 1688 2374 1736 errantes
2401 1683 2643 1751 reperire
2669 1696 2777 1735 non
2810 1686 3102 1750 potuerunt
3129 1696 3142 1730 :
3171 1678 3307 1734 dicit
3334 1677 3509 1732 enim:

1960 1773 2304 1826 «Civitatem
2353 1774 2644 1827 habitaculi
2697 1789 2803 1827 non
2851 1773 3173 1826 invenerunt
3208 1770 3512 1824 esurientes

1954 1871 2008 1918 et
2044 1865 2327 1920 sitientes:
2367 1886 2385 1916 ι
2422 1874 2547 1920 nam
2587 1865 2962 1920 deﬁcientibus
2994 1881 3089 1933 per
3115 1862 3348 1917 inediam
3380 1861 3516 1914 viri-

1955 1957 2056 2009 hus
2085 1971 2297 2018 eorum,
2329 1958 2534 2012 malitia
2558 1958 2784 2011 multum
2819 1954 3203 2009 intendebatur
3237 1965 3290 2009 et
3319 1966 3513 2023 auges-

1924 2047 2128 2102 cebat.
2167 2047 2322 2104 Unde
2359 2051 2501 2104 enim
2540 2050 2929 2102 nutrimentum
2975 2046 3027 2100 in
3063 2047 3288 2100 ardente
3321 2054 3374 2098 et
3404 2052 3515 2099 ste—

1954 2139 2037 2191 rili
2065 2139 2183 2193 solo
2220 2140 2397 2210 adepti
2438 2141 2663 2195 essent?
2707 2140 2847 2193 unde
2880 2138 3027 2193 sitim
3075 2138 3421 2208 depulissent
3458 2136 3514 2189 in

1955 2229 2074 2283 loco
2103 2231 2404 2299 inaquoso?
2425 2226 2773 2302 Perspicuum
2831 2240 3014 2286 autem
3041 2238 3125 2285 est
3182 2228 3512 2298 Prophetam

1955 2336 2128 2389 neque
2176 2322 2282 2376 cibi
2312 2322 2532 2376 nomine
2571 2335 2787 2390 panem,
2849 2337 3024 2390 neque
3081 2328 3242 2389 potus
3291 2319 3515 2373 nomine

1954 2425 2149 2478 aquam
2179 2410 2424 2468 indicare
2445 2412 2571 2484 ;rsed
2603 2412 2782 2466 cibum
2813 2412 3030 2480 quidem
3063 2412 3296 2481 appellat
3324 2422 3508 2464 veram

1954 2501 2100 2554 illam
2121 2515 2302 2557 escam
2325 2502 2389 2567 ‘°,
2405 2511 2458 2555 et
2485 2513 2694 2570 potum,
2711 2503 2990 2572 spirituale
3016 2502 3146 2555 illud
3173 2501 3423 2571 poculum
3443 2499 3510 2551 “.

1955 2589 2084 2653 Quae
2138 2589 2246 2642 duo
2293 2590 2659 2658 indigentibus
2707 2599 2862 2659 grata
2908 2591 3026 2644 vice
3074 2591 3192 2657 ipse
3247 2587 3514 2641 Dominus

1955 2680 2180 2734 eﬁicitur
2203 2724 2217 2747 ,
2266 2682 2503 2751 seipsum
2540 2683 2994 2751 prmbensmibus
3025 2679 3416 2743 esurientibus,
3459 2685 3516 2733 et

1958 2771 2079 2825 fons
2116 2772 2428 2826 sitientibus
2459 2773 2656 2828 factus.
2694 2774 2824 2838 Qua:
2843 2774 3008 2843 igitur
3038 2773 3175 2826 ratio
3206 2771 3306 2826 hos
3337 2769 3516 2824 exsol-

1959 2863 2034 2916 vit
2071 2877 2132 2915 ex
2169 2863 2335 2917 tantis
2366 2863 2776 2918 diﬁicultatibus
2798 2873 2850 2919 et
2881 2863 3166 2934 angustiis,
3201 2879 3266 2916 ex
3306 2873 3513 2923 errore,

1957 2967 2024 3006 ex
2054 2952 2367 3017 solitudine,
2393 2969 2456 3008 ex
2502 2955 2592 3009 illa
2640 2956 2694 3008 in
2736 2957 3002 3024 inaquoso
3065 2953 3394 3010 calamitate.
3449 2966 3517 3006 ex

1959 3042 2264 3098 defectione
2291 3061 2450 3114 quam
2486 3045 2654 3100 [ames
2683 3045 2988 3116 afferebat?
3027 3061 3059 3100 ο
3088 3062 3198 3100 rem
3236 3045 3514 3098 admiran-

1959 3133 2121 3187 dam!
2155 3137 2313 3188 unica
2349 3152 2451 3188 vox
2483 3136 2549 3190 ad
2585 3134 2780 3198 Deum,
2802 3137 2911 3194 imo
2935 3149 2999 3187 ex
3037 3143 3253 3203 pectore
3292 3132 3513 3197 emissa,

1959 3227 2140 3280 omnia
2172 3228 2224 3280 in
2257 3228 2448 3282 melius
2483 3228 2854 3281 commutavit.
2891 3226 2981 3278 Ait
3023 3226 3206 3279 enim:
3246 3242 3264 3273 ι
3302 3223 3517 3276 Clama-

1961 3323 2155 3370 verunt
2183 3317 2248 3369 ad
2281 3315 2565 3370 Dominum
2608 3332 2728 3370 cum
2762 3316 3046 3370 tribularet
3082 3315 3225 3376 illos,
3253 3321 3305 3367 ct
3333 3329 3396 3367 ex
3428 3327 3520 3366 ne-

1960 3408 2308 3462 cessitatibus
2335 3423 2521 3461 eorum
2561 3407 2760 3477 eripuit
2819 3420 2932 3469 eos,
2965 3413 3016 3459 et
3051 3403 3276 3458 deduxit
3309 3416 3404 3456 eos
3459 3402 3515 3456 in
3567 3395 3571 3399 ’

1959 3501 2099 3553 viam
2139 3509 2364 3562 rectam,
2401 3505 2457 3552 ut
2504 3501 2645 3554 irent
2675 3501 2726 3552 in
2758 3499 3030 3552 civitatem
3084 3494 3454 3550 habitationis.
3489 3513 3509 3545 ι

1956 3591 2109 3646 Viam
2142 3598 2298 3642 vocat
2330 3590 2507 3659 ipsum
2537 3587 2846 3647 Dominum,
2876 3604 2904 3639 a
2947 3601 3054 3654 qua
3085 3586 3468 3639 aberraverant
3497 3601 3511 3637 :

1961 3690 2194 3736 testatur
2215 3697 2342 3734 vero
2365 3681 2481 3750 ipsa
2509 3680 2619 3732 hzec
2634 3677 2728 3732 Via
2753 3680 2807 3731 in
2839 3675 3127 3746 Evangelio
3155 3675 3220 3739 ¹¹,
3245 3675 3513 3751 neminem

1961 3773 2152 3826 venire
2177 3772 2242 3824 ad
2268 3788 2347 3837 se,
2372 3771 2476 3825 nisi
2511 3769 2671 3824 Pater
2694 3768 2937 3823 caelestis
2971 3781 3093 3820 eum
3132 3765 3345 3818 trahere
3366 3764 3514 3818 velit.

1962 3864 2226 3928 Quocirca
2262 3862 2404 3916 Deus
2432 3868 2698 3915 errantes
2729 3861 2782 3913 in
2831 3860 2970 3912 viam
3020 3856 3250 3910 reducit.
3310 3853 3376 3906 Et
3429 3853 3520 3906 ille

294 3954 396 4005 Διά
422 3951 578 4004 τοῦτο
601 3954 629 4004 ὁ
674 3952 806 4015 Θεὸς
865 3954 991 4016 τοὺς
1025 3953 1474 4026 πεπλανημένους
1501 3955 1716 4025 ἐπὶ-τὴν
1740 3954 1857 4006 ὁδὸν

1962 3953 2102 4005 idem
2127 3951 2183 4004 ﬁt
2217 3951 2410 4004 civitas
2438 3949 2769 4014 habitaculi;
2801 3951 2926 4018 quia
2962 3957 3020 4001 ut
3073 3945 3364 4016 Apostolus
3419 3944 3514 4007 ait,

294 4045 438 4111 ἄγει.
482 4042 542 4095 ⁸0
578 4043 633 4095 δὲ
663 4043 822 4106 αὐτὸς
843 4037 1013 4109 οὗτος,
1057 4037 1149 4097 καὶ
1182 4037 1333 4106 erat;
1373 4046 1577 4111 γίνεται
1614 4037 1863 4115 κατοικηὲ

294 4151 360 4203 τη
371 4134 509 4203 ρίου,
541 4133 721 4197 καθώς
750 4136 952 4203 φησινὸ
974 4132 1308 4197 Ἀπόστολος,
1326 4133 1408 4185 ὅτι
1428 4147 1446 4181 ι
1481 4130 1566 4186 Ἐν
1587 4133 1737 4204 αὐτῷ
1759 4134 1877 4198 ζῶ-

1968 4064 1985 4092 ι
2031 4042 2086 4096 Ιιι
2119 4043 2236 4111 ipso
2275 4042 2529 4104 vivimus,
2557 4047 2838 4096 movemur
2862 4051 2914 4094 et
2969 4056 3156 4094 sumus
3183 4038 3244 4092 ¹³.
3295 4056 3312 4087 ι
3351 4034 3519 4090 Recte

1964 4133 2128 4202 igitur
2147 4133 2212 4185 ad
2245 4133 2544 4201 gratiarum
2576 4133 2843 4186 actionem
2900 4132 3153 4200 deinceps
3201 4129 3520 4184 cohortatur

299 4240 400 4292 μεν
441 4224 534 4274 καὶ
566 4222 878 4292 κινούμεθα,
915 4221 1008 4274 καὶ
1037 4221 1220 4290 ἐσμέν.
1251 4239 1268 4269 ι
1306 4221 1497 4284 Καλῶς
1543 4223 1738 4290 ἐπάγει
1763 4223 1857 4293 τὴν

1961 4239 2079 4282 eos,
2103 4223 2194 4292 qui
2222 4223 2336 4277 haec
2376 4223 2502 4276 talia
2533 4223 2811 4278 consecuti
2868 4230 3034 4277 sunt:
3097 4241 3113 4272 ι
3154 4220 3522 4274 Conﬁteantnr

297 4312 700 4382 προτρεπτικὴν
719 4311 818 4380 τῆς
865 4311 1209 4381 εὐχαριστίας
1248 4311 1448 4381 φωνὴν,
1478 4313 1557 4364 ὅτι
1591 4314 1640 4364 οἱ
1660 4312 1857 4365 τούτων

1965 4313 2188 4368 Domino
2220 4315 2606 4369 misericordia:
2637 4317 2777 4382 ejus,
2815 4323 2869 4368 et
2915 4313 3183 4368 mirabilia
3223 4313 3342 4382 ejus
3393 4311 3520 4365 ﬁliis

292 4403 688 4474 τετυχηκότες,
721 4423 738 4454 ι
775 4403 1381 4474 Ἐξομολογησάσθωσαν
1441 4405 1516 4474 τῷ
1572 4404 1760 4476 Κυρίῳ
1796 4407 1857 4458 τὰ

1966 4404 2266 4464 hominum,
2297 4405 2559 4468 ihocest,
2595 4420 2660 4457 ne
2701 4404 2918 4459 silentio
2976 4406 3229 4460 beneﬁcia
3271 4411 3556 4472 accepta...

292 4495 421 4566 ὲλέη
485 4494 682 4557 αὐτοῦ,
735 4497 828 4546 καὶ
887 4495 956 4546 τά
1000 4495 1274 4564 θαυμάσια
1333 4494 1495 4548 αὐτοῦ
1556 4497 1666 4556 τοῖς
1724 4497 1855 4558 υίοῖς

1967 4503 2143 4547 mente
2204 4494 2377 4558 fatua,
2442 4495 2821 4560 abscondant;
2885 4495 2981 4550 sed
3041 4511 3162 4550 cum
3222 4494 3517 4565 gratiarum

291 4581 739 4652 τῶνάνθρώπων.
773 4603 789 4633 ι
807 4583 1082 4644 Τουτέστι,
1110 4583 1183 4651 μὴ
1219 4585 1392 4653 σιωπῇ
1415 4584 1513 4652 τὴν
1545 4585 1859 4654 εὐεργεσίαν

291 4677 354 4727 ὲν
382 4674 741 4744 ἀγνωμοσύνῃ
792 4674 1198 4743 κρυπτέτωσαν,
1231 4673 1365 4726 ἀλλά
1395 4674 1762 4729 διαϐοάτωσαν
1799 4679 1857 4730 ὲν

289 4765 612 4836 εὐχαριστίᾳ
644 4766 742 4834 τὴν
791 4766 968 4834 χάριν,
1000 4765 1081 4818 ὅτι
1125 4765 1284 4836 κενὴν
1321 4761 1482 4818 οὖσαν
1506 4767 1611 4818 τῶν
1639 4768 1855 4836 ἀγαθῶν

287 4856 391 4926 τὴν
421 4855 618 4924 ψυχὴν,
644 4855 822 4924 πλήρη
851 4854 1152 4924 ὲποίησεν.‹
1177 4853 1490 4924 Ἐχόρτασει
1521 4856 1648 4924 γάρ,
1669 4854 1853 4924 φησιν,

294 4969 313 4998 ε
349 4947 530 5018 ψυχὴν
577 4945 758 5016 κενὴν,
797 4945 888 4998 καὶ
909 4945 1084 5015 ψυχὴν
1113 4942 1379 4996 πεινῶσαν
1403 4944 1692 5013 ἐνέπλησεν
1721 4946 1859 5011 ἀγα-

287 5039 423 5092 θῶν.
468 5055 486 5087 ι
526 5036 692 5089 Πάλιν
749 5035 918 5106 ἑτέρῳ
953 5035 1136 5105 τρόπῳ
1178 5033 1274 5102 τὴν
1312 5033 1592 5102 συμφορὰν
1625 5035 1732 5104 (21)
1765 5036 1861 5104 τῆς

285 5124 507 5192 φύσεως
531 5125 620 5176 ὑπ’
648 5123 769 5194 ὄψιν
805 5124 946 5192 ἄγει,
982 5123 1076 5176 καὶ
1097 5122 1192 5192 τὴν
1212 5121 1360 5175 θείαν
1388 5122 1711 5193 ἐκδιηγεῖται
1743 5126 1862 5194 φιλ-

370 5324 416 5352 ¹⁶
445 5321 605 5379 Joan.
632 5339 706 5389 vi,
740 5325 829 5380 55.
907 5327 947 5358 "
989 5326 1009 5380 ι
1040 5327 1166 5383 Cor.
1196 5343 1248 5393 ι,
1289 5327 1343 5382 4.
1423 5330 1466 5360 ¹²
1489 5326 1648 5384 Joan.
1682 5345 1753 5397 γι,
1790 5331 1879 5388 44.

364 5482 377 5496 ρ

391 5506 481 5570 13)
514 5501 645 5569 Ἦς,
678 5505 756 5559 ed.

391 5512 481 5570 15)
521 5512 645 5569 Ἠς,
678 5512 756 5559 ed.

361 5512 479 5643 ίίιι)
515 5576 630 5642 Ἐφ’
654 5589 763 5627 οιιι.
795 5575 879 5630 ed.

369 5647 483 5715 (15)
528 5647 590 5697 'H
625 5645 672 5711 ξ.
705 5643 818 5708 οὖν,
853 5643 939 5700 ed.

369 5717 484 5780 (16)
533 5718 596 5767 Ἡ
630 5715 751 5768 add.
777 5715 864 5770 ed.

369 5785 486 5854 (17)
517 5785 674 5852 Οῢτε,
710 5785 796 5840 ed.

1966 4585 2181 4638 actione
2207 4595 2485 4654 acceptam
2508 4589 2735 4656 gratiam
2769 4587 3081 4655 divulgent;
3125 4588 3250 4656 quia
3286 4587 3520 4640 animam

1963 4677 2228 4730 honorum
2272 4679 2484 4730 inanem
2542 4678 2785 4748 replevit.
2844 4679 2930 4731 Ait
2983 4679 3166 4731 enim:
3208 4695 3228 4728 ι
3291 4675 3521 4731 Satiavit

1962 4769 2196 4822 animam
2237 4769 2473 4831 inanem,
2524 4778 2575 4824 et
2630 4770 2862 4822 animam
2909 4771 3238 4823 esurientem
3298 4770 3522 4838 replevit

1962 4861 2135 4914 bonis.
2179 4879 2196 4910 ι
2234 4858 2446 4916 Rursus
2480 4861 2586 4914 alio
2618 4860 2777 4914 modo
2808 4869 3016 4914 natura;
3068 4860 3402 4915 calamitates
3451 4861 3520 4913 ob

1963 4953 2152 5006 oculos
2179 4954 2347 5020 ponit,
2380 4951 2725 5021 divinainque
2766 4954 3158 5006 humanitatem
3206 4961 3260 5005 ct
3289 4953 3522 5006 benevo-

1966 5043 2207 5105 lentiam,
2243 5059 2350 5112 qua
2383 5045 2447 5097 ad
2479 5045 2701 5098 meliora
2735 5053 2927 5098 natura
2960 5055 3141 5099 nostra
3195 5044 3517 5106 traducitur,

1965 5133 2246 5187 dilaudat:
2281 5144 2408 5189 sunt
2446 5144 2626 5191 autem
2653 5136 2920 5201 ejusmodi
2951 5151 3073 5208 qua:
3095 5137 3279 5191 aﬁ'ert:
3299 5133 3521 5189 Mortale

1957 5330 1998 5361 ³³
2029 5331 2152 5384 Act.
2186 5349 2316 5397 xvu,
2353 5334 2440 5388 28.

2032 5511 2141 5581 (l8)
2167 5511 2239 5566 Τό
2267 5527 2374 5566 om.
2405 5512 2489 5565 ed.

2025 5583 2576 5653 (1ί))Ἐπεσφάλησαν,
2599 5585 2684 5638 ed.

2033 5652 2144 5722 (20)
2171 5652 2446 5713 Βούλεται,
2478 5653 2565 5707 ed.

2036 5721 2145 5792 (2i)
2178 5723 2288 5785 Τάς
2318 5724 2616 5793 συμφοράς,
2651 5721 2740 5776 ed.
