3982 6506
537 366 632 421 471

1757 363 1815 422 S.
1857 362 2185 419 GREGOBH
2221 360 2514 417 NYSSENI
3663 354 3751 410 472

539 493 709 550 genus
742 493 772 531 a
810 476 1014 532 lumine
1043 476 1397 542 abscessisse,
1431 484 1485 532 et
1519 476 1586 531 ad
1619 485 1901 546 peccatum
1930 477 2091 532 decli-

2199 474 2532 545 ανθρωπίαν,
2580 470 2646 524 δι’
2691 464 2760 540 ἦς
2789 468 2922 540 πρὸς
2957 466 3019 520 τὸ
3050 467 3294 537 κρεῖττον
3325 467 3359 537 ὴ
3390 464 3550 534 φύσις
3591 482 3750 535 μετα,

538 583 722 633 nasse,
750 581 926 636 neque
956 566 1009 619 in
1041 573 1186 619 statu
1229 573 1378 620 recto
1411 567 1755 636 perstitisse;
1796 575 1850 622 et
1898 569 1968 622 ab
2008 568 2098 622 illa

537 674 658 730 quae
697 673 823 712 vere
875 658 984 710 vita
1018 663 1122 717 est,
1151 656 1516 711 abalienatum
1569 673 1710 713 esse.
1763 658 1852 711 Ait
1898 658 2043 713 enim
2077 673 2091 711 :

543 769 562 800 ‹
608 748 869 803 Sedentes
897 747 953 800 in
985 746 1224 800 tenebris
1252 755 1307 801 et
1340 749 1530 802 umbra
1555 749 1767 813 mortis,
1797 750 2013 804 vinctos
2043 750 2095 802 in

537 837 886 892 mendicitate
923 843 976 889 et
1005 834 1190 898 ferro;
1236 852 1254 887 ι
1307 852 1434 890 nam
1486 837 1751 890 dimoveri
1796 852 1903 891 non
1939 845 2094 906 pote-

545 934 666 979 rant
728 939 757 978 a
789 924 952 989 malo,
980 925 1244 994 gravitate
1273 927 1593 995 compedum
1625 927 1850 982 detenti.
1886 927 2092 984 Catena

534 1026 618 1071 est
645 1017 776 1071 recti
811 1017 1044 1085 privatio
1073 1028 1126 1072 et
1150 1018 1454 1082 destitutio,
1487 1035 1607 1089 qum
1637 1036 1695 1075 se
1744 1021 1906 1075 habet
1962 1021 2093 1076 ferri

537 1110 708 1161 instar
755 1109 1071 1176 praecordiis
1118 1110 1476 1179 circumjecti.
1534 1111 1774 1176 Quorum
1850 1114 2091 1169 omnium

532 1213 698 1252 causa
728 1207 847 1252 erat
877 1198 1076 1254 divina:
1105 1200 1236 1268 legis
1259 1201 1558 1271 neglectus.
1585 1204 1905 1272 consiliique
1926 1205 2094 1260 Altis-

533 1289 657 1344 simi
719 1297 1083 1360 contemptus.
1150 1291 1263 1347 Hoc
1301 1293 1446 1346 enim
1506 1293 1730 1360 indicat,
1793 1311 1916 1349 cum
1973 1298 2089 1353 ait:

537 1396 556 1428 ι
595 1377 733 1445 Quia
764 1381 1226 1436 exacerbaverunt
1269 1383 1484 1452 eloquia
1540 1383 1652 1449 Dei,
1698 1393 1751 1439 et
1803 1388 2090 1443 consilium

531 1471 794 1526 Altissimi
825 1471 1194 1528 irritaverunt.
1231 1493 1250 1525 ι
1288 1473 1404 1540 His,
1447 1482 1506 1527 ut
1557 1491 1655 1544 par
1685 1487 1824 1539 erat.
1861 1479 2013 1535 labor
2037 1487 2092 1534 et

533 1561 768 1631 abjectio
796 1563 919 1618 vita:
952 1567 1234 1620 successit.
1277 1566 1454 1622 Labor
1501 1570 1739 1639 quidem,
1777 1585 1898 1626 cum
1940 1575 2090 1627 omni

533 1651 870 1708 nutrimento
895 1655 1139 1710 destituti
1171 1667 1319 1712 sunt.
1351 1659 1599 1729 Abjectio
1625 1673 1825 1725 autem,
1873 1665 2090 1734 quando

533 1757 656 1796 cum
699 1744 979 1800 Altissimo
1031 1763 1348 1817 permanere
1403 1751 1717 1808 noluerunt.
1764 1756 1851 1809 Ait
1900 1759 2086 1813 enim:

537 1851 558 1884 ι
606 1831 962 1891 Humiliatum
1025 1849 1106 1892 est
1139 1839 1195 1894 in
1233 1840 1510 1897 laboribus
1566 1859 1663 1898 cor
1711 1860 1922 1900 eorum.
1969 1867 1988 1900 ι
2021 1848 2090 1903 At
2122 1818 2164 1872 Β

532 1928 805 1993 separatio
829 1941 860 1980 a
892 1929 1091 1984 virtute
1118 1931 1254 1984 nihil
1282 1932 1428 1986 aliud
1457 1948 1618 2003 quam
1653 1935 1942 1993 inﬁrmitas
1966 1949 2050 1996 est
2073 1958 2089 2008 ;

531 2016 654 2084 quis
684 2015 828 2070 enim
875 2018 995 2073 sine
1028 2019 1229 2074 virtute
1277 2029 1456 2090 potest
1489 2023 1736 2078 invenire
1770 2027 2035 2080 auxilium
2071 2033 2096 2088 ?

533 2105 872 2177 Quapropter
923 2110 1236 2180 subjungit:
1274 2131 1291 2163 ι
1332 2110 1592 2168 lnlirmati
1633 2124 1792 2179 sunt,
1831 2132 1932 2173 nec
1987 2117 2092 2174 fuit

531 2198 623 2266 qui
654 2198 956 2268 adiuvaret.
999 2221 1017 2252 ι
1053 2202 1319 2256 Caeterum
1350 2220 1542 2260 rursus
1581 2207 1738 2260 unica
1768 2222 1902 2264 voce
1942 2210 2090 2264 cala-

534 2287 750 2342 mitates
810 2289 865 2342 in
918 2291 1330 2361 prosperitatem
1389 2303 1733 2349 commutata:
1777 2305 1952 2352 sunt:
2009 2298 2091 2352 ait

531 2385 672 2439 enim
705 2405 717 2440 :
755 2405 774 2438 ι
805 2385 1186 2442 Clamaverunt
1214 2388 1282 2443 ad
1323 2388 1608 2444 Dominum
1645 2407 1771 2446 cum
1804 2393 2091 2449 tribularet

531 2493 647 2543 eos,
693 2486 748 2532 et
795 2477 863 2533 de
907 2479 1328 2534 necessitatibus
1388 2495 1577 2534 eorum
1629 2481 1878 2536 liberavit
1911 2499 2033 2539 eos.
2063 2502 2085 2536 ι

532 2563 810 2622 Tenebras
836 2567 1059 2635 disjicit,
1106 2577 1336 2623 mortem
1388 2570 1659 2638 dissolvit,
1710 2572 1929 2627 vincula
1977 2574 2092 2628 dis-

531 2655 754 2725 rumpit.
784 2655 949 2710 Addit
973 2658 1116 2712 enim
1146 2677 1158 2710 :
1189 2679 1206 2710 ι
1239 2659 1305 2713 Ει
1336 2659 1526 2715 eduxit
1551 2676 1646 2716 eos
1673 2662 1740 2717 de
1771 2664 2009 2719 tenebris
2037 2673 2092 2720 et

533 2746 725 2800 umbra
749 2747 963 2802 mortis.
991 2756 1045 2801 et
1073 2750 1291 2803 vincula
1335 2765 1522 2806 eorum
1574 2752 1824 2822 disrupit.
1866 2773 1884 2806 ι
1947 2754 2090 2826 Ergo

532 2837 669 2890 laetis
698 2836 919 2893 vocibus
952 2839 1274 2894 beneﬁcium
1310 2841 1414 2896 hoc
1458 2843 1810 2912 praedicetur,
1843 2849 2090 2916 quando-

531 2927 750 2996 quidem
780 2929 1108 2986 inevitabilis
1139 2932 1388 2986 custodia
1420 2935 1631 2998 mortis,
1655 2937 1812 2990 mrcis
1842 2938 2011 3007 portis
2037 2948 2091 2994 et

532 3017 722 3072 ferreis
745 3019 987 3074 vectibus
1019 3023 1248 3088 munita,
1273 3023 1552 3078 confracta
1581 3036 1684 3087 est,
1733 3029 2088 3097 quemadmo-

2205 566 2544 630 σκευάζεται.
2584 565 2654 615 Ἀ
2699 561 2755 615 δὲ
2795 559 2940 628 λέγει
2971 559 3197 613 τοιαῦτά
3225 560 3371 611 ἐστιν
3392 575 3408 589 ·
3435 558 3518 610 ὅτι
3555 557 3749 630 ἀπέστη

2189 657 2289 711 ’τοῦ
2313 656 2489 726 φωτὸς
2543 654 2606 707 τὸ
2662 652 3017 723 ἀνθρώπινον,
3080 651 3172 703 καὶ
3200 650 3334 718 πρὸς
3365 649 3466 718 τὴν
3492 649 3751 718 ἁμαρτίαν

2197 748 2526 811 συνώκλασε,
2555 746 2649 799 καὶ
2678 745 2858 796 οὐκέτι
2876 737 2945 813 ἦν
2978 743 3037 794 ἐν
3055 741 3132 812 τῷ
3158 740 3324 811 ὀρθίῳ
3353 739 3449 792 τοῦ
3487 741 3750 810 σχήματος

2195 841 2290 893 καὶ
2312 839 2410 907 τῆς
2429 837 2595 896 ὅντως
2609 832 2921 902 ἀπεξενώθη
2959 831 3124 900 ζωῆς.
3156 848 3175 881 ι
3207 830 3563 900 Καθημένους
3586 848 3606 882 ι
3633 830 3749 902 γὰρ,

2194 930 2381 1002 φησὶν,
2423 948 2441 980 ι
2478 930 2534 980 ἐν
2561 927 2741 980 σκότει
2772 925 2866 978 καὶ
2917 924 3044 992 σκιᾷ
3089 921 3753 991 θανάτου,πεπεδημένους

2194 1023 2253 1076 ὲν
2305 1020 2566 1089 πτωχείᾳ,
2597 1019 2690 1070 καὶ
2735 1016 2957 1085 σιδήρῳ.
2995 1033 3014 1065 ι
3057 1013 3336 1082 ’Δκίνητον
3389 1010 3498 1080 γὰρ
3538 1007 3610 1082 ἦν
3657 1013 3754 1064 ἀπὸ

2191 1113 2286 1168 τοῦ
2314 1113 2482 1166 κακοῦ
2503 1115 2568 1182 τῇ
2594 1112 2784 1183 βαρείᾳ
2800 1110 3160 1180 κατεχόμενον
3186 1107 3342 1178 πέδη.
3369 1106 3510 1176 Πέδη
3531 1106 3587 1159 δὲ
3608 1108 3641 1176 ἡ
3669 1107 3750 1159 τοῦ

2192 1205 2356 1259 καλοῦ
2403 1205 2642 1273 πτωχεία
2676 1202 2842 1265 ἐστὶν,
2875 1196 2985 1254 οἷόν
3013 1217 3097 1261 τις
3119 1198 3334 1268 σίδηρος
3366 1197 3754 1268 περιτυπωθεξ

2190 1301 2310 1361 ταῖς
2348 1297 2615 1368 καρδίαις.
2647 1296 2868 1348 Πάντων
2901 1293 2957 1346 δὲ
2990 1292 3198 1345 τούτων
3231 1290 3488 1353 ὑπόθεσις
3521 1285 3592 1360 ἦν
3616 1292 3648 1360 ὴ
3673 1291 3752 1344 τοῦ

2192 1388 2336 1440 θείου
2366 1388 2529 1456 νόμου
2551 1385 2819 1456 παρακοὴ,
2843 1383 2935 1436 καὶ
2962 1385 2996 1452 ἡ
3026 1383 3124 1450 τῆς
3151 1382 3344 1451 βουλῆς
3377 1380 3471 1434 τοῦ
3505 1381 3751 1449 Ὑψίστου

2189 1479 2459 1548 ἀθέτησις.
2491 1476 2672 1529 Ταῦτα
2702 1475 2810 1546 γὰρ
2836 1474 3088 1544 σημαίνει
3128 1473 3322 1541 λέγων,
3351 1471 3507 1526 «Ὅτι
3531 1475 3752 1540 παρεπί-

2191 1587 2394 1639 κραναν
2430 1567 2497 1621 τὰ
2545 1567 2698 1635 λόγια
2723 1566 2814 1620 τοῦ
2844 1565 2977 1619 Θεοῦ
3027 1565 3122 1618 καὶ⁹
3158 1564 3257 1635 τὴν
3285 1564 3585 1636 βουλὴντοῦ
3604 1560 3751 1632 Ὑψέα

2193 1677 2315 1714 στου
2367 1659 2705 1731 παρώξυναν.
2767 1678 2784 1708 ι
2843 1657 2965 1710 Ἐπὶ
3019 1657 3226 1719 τούτοις
3283 1655 3421 1708 κατά
3472 1655 3534 1707 τὸ
3579 1654 3748 1717 εἰκὸς,

2189 1754 2374 1818 κόπος,
2407 1753 2500 1805 καὶ
2522 1751 2844 1814 ταπείνωσις
2872 1751 2970 1820 τὴν
3009 1749 3153 1820 ζωὴν
3183 1748 3290 1801 τῶν
3313 1748 3570 1801 τοιούτων
3614 1748 3750 1800 ὲκδέε

2190 1859 2362 1914 χεται.
2390 1843 2569 1904 Κόπος
2604 1840 2723 1910 μὲν,
2748 1841 2828 1892 ὃτι
2851 1839 2950 1908 τῆς
2983 1839 3186 1909 τροφῆς
3224 1839 3336 1906 (2‘2)
3361 1837 3748 1908 ἐχωρίσθησαν,

2189 1932 2514 1995 ταπείνωσις
2556 1931 2632 1993 δὲ,
2666 1931 2747 1983 ὅτι
2781 1931 2838 1982 ὲν
2859 1924 2936 1996 τῷ
2958 1923 3194 1998 ’Υψίστῳ
3227 1928 3338 1998 (25)
3361 1928 3640 1999 διαμεῖναι
3663 1931 3751 1982 οὐκ

2191 2021 2612 2092 ἡϐουλήθησαν.ι
2634 2017 2993 2088 Ἐταπεινώθη
3025 2038 3044 2070 ι
3070 2017 3197 2087 γὰρ,
3218 2018 3371 2086 φησι,
3401 2035 3419 2066 ι
3443 2018 3503 2070 ὲν
3526 2017 3643 2086 (24)
3671 2017 3749 2069 κό-

2191 2131 2311 2177 ποις
2361 2115 2394 2182 ἠ
2435 2112 2628 2183 καρδία
2674 2110 2872 2164 αὐτῶν.
2906 2128 2926 2160 ι
2977 2110 3034 2162 '0
3079 2109 3135 2162 δὲ
3167 2108 3442 2179 χωρισμὸς
3475 2109 3577 2176 τῆς
3606 2109 3749 2161 sava.

2194 2219 2336 2272 μεως
2365 2201 2514 2255 οὐδὲν
2536 2200 2663 2254 ἄλλο
2682 2199 2825 2252 ἐστὶν
2857 2198 2890 2269 ἢ
2929 2197 3183 2250 ἀσθένεια
3201 2215 3215 2228 ο
3247 2197 3330 2260 τίς
3359 2196 3467 2267 γὰρ
3491 2196 3559 2250 ἂν
3589 2198 3749 2266 χωρὶς

2188 2293 2463 2363 δυνάμεως
2503 2291 2750 2362 εὑρεθείη
2781 2288 3024 2360 βοήθειας
3047 2290 3134 2341 Διό
3153 2305 3371 2359 φησιν’(
3399 2286 3748 2357 Ἠσθένησαν,

2190 2385 2284 2436 καὶ
2313 2385 2413 2438 οὐκ
2442 2380 2512 2455 ἦν
2535 2385 2564 2436 ὁ
2590 2383 2814 2454 βοηθῶν.
2860 2396 2878 2434 ι
2929 2380 3086 2434 Ἀλλὰ
3126 2381 3286 2434 πάλιν
3316 2379 3412 2450 μία
3438 2379 3595 2448 φωνὴ
3649 2380 3750 2449 (25)

2189 2475 2323 2546 πρὸς
2392 2475 2725 2545 εὐφροσύνην
2801 2473 2898 2535 τὰς
2975 2472 3257 2541 συμφορὰς
3334 2471 3747 2541 μετεσκεύασεν.

2195 2588 2214 2620 ι
2261 2567 2590 2638 Ἐκέκραξαν
2646 2587 2664 2618 ι
2694 2567 2822 2636 γὰρ,
2849 2566 3003 2636 φησὶ,
3033 2583 3050 2615 ι
3077 2565 3214 2635 πρὸς
3242 2563 3445 2635 Κύριον
3473 2564 3532 2616 ὲν
3555 2562 3636 2632 τῷ
3653 2562 3752 2615 θλίο

2190 2657 2376 2711 ἵεσθαι
2402 2659 2614 2722 αὐτοὺς,
2629 2659 2722 2711 καὶ
2736 2656 2846 2726 (26)
2869 2657 2933 2708 ὲκ
2953 2655 3057 2708 τῶν
3073 2654 3324 2722 ἀναγκῶν
3338 2653 3521 2706 αὐτῶν
3552 2653 3749 2706 ἔσωσεν

2187 2750 2402 2814 αύτούς.
2435 2770 2453 2802 ι
2474 2749 2748 2819 Ἀφανίζει
2793 2748 2853 2801 τὸ
2881 2749 3088 2810 σκότος,
3123 2747 3327 2800 διαλύει
3379 2746 3471 2800 τὸν
3509 2746 3750 2808 θάνατον,

2185 2843 2254 2896 τὰ
2282 2842 2453 2912 δεσμὰ
2479 2841 2880 2912 διαῤῥήγνυσιν.
2916 2859 2934 2892 ι
2993 2840 3290 2909 Ἑξήγαγεν
3327 2857 3345 2889 ι
3388 2837 3520 2908 γὰρ,
3573 2839 3750 2907 φησιν,

2193 2952 2212 2984 ι
2242 2935 2434 2997 αὐτοὺς
2481 2937 2546 2988 ὲκ
2589 2934 2830 2996 σκότους,
2857 2931 2951 2985 καὶ
2999 2932 3157 2993 σκιᾶς
3201 2930 3452 2993 θανάτου,
3489 2932 3589 2984 καὶ
3636 2931 3752 2992 τοὺς

2188 3025 2608 3096 δεσμοὺςαύτῶν
2633 3008 2934 3095 διέρρηξέν.
2972 3042 2992 3075 ι
3031 3022 3237 3076 Οὐκοῦν
3279 3021 3750 3092 ἀνακηρύττεσθαι,

530 3109 659 3164 dum
713 3109 981 3179 Propheta
1041 3113 1188 3166 canit
1233 3153 1248 3168 .
1285 3112 1432 3170 Talis
1488 3131 1722 3187 namque
1786 3119 2088 3174 habebatur

2191 3119 2342 3187 φησὶ,
2370 3117 2435 3170 δι’
2465 3116 2732 3185 εὐφημίας
2761 3116 2793 3185 ἡ
2821 3116 2999 3185 χάρις,
3023 3114 3105 3167 ὃτι
3145 3113 3438 3184 ὴᾶφυκτος
3470 3112 3568 3164 τοῦ
3597 3113 3753 3166 θανα-

531 3199 724 3256 mortis
778 3203 1053 3270 potentia;
1113 3202 1468 3274 quoadusque
1524 3207 1604 3260 vis
1664 3215 1773 3260 tam
1825 3210 2085 3275 violenta,

533 3291 765 3345 adventu
790 3299 842 3345 et
867 3292 1156 3360 praesentia
1184 3309 1322 3347 vera:
1349 3297 1468 3348 vitae
1489 3299 1707 3350 evanuit
1735 3315 1749 3363 ;
1783 3313 1904 3352 cum
1937 3301 2088 3368 prius

530 3399 690 3438 omne
723 3382 854 3437 illud
895 3384 1038 3452 quod
1069 3384 1211 3438 intra
1258 3401 1319 3440 ea
1359 3388 1760 3452 continebatur,
1829 3399 2088 3460 tanquam

535 3474 776 3528 vectibus
805 3471 1017 3535 ferreis,
1056 3475 1336 3544 portisque
1358 3475 1530 3546 frangi
1556 3479 1779 3544 nesciis,
1825 3481 1945 3535 sine
1999 3498 2091 3550 pe-

533 3563 708 3617 riculo
737 3562 877 3634 fugae
909 3574 1300 3619 asservaretur.
1360 3566 1518 3620 Sed:
1589 3560 1848 3624 contrivit
1903 3583 2088 3642 portas

533 3669 724 3718 aereas,
759 3675 778 3707 ι
816 3656 1011 3725 inquit,
1050 3676 1069 3708 ι
1137 3665 1190 3710 et
1221 3667 1404 3713 vectes
1465 3659 1669 3716 ferreos
1726 3663 2010 3733 confregit.
2063 3684 2081 3716 ι

535 3746 649 3800 Hoc
699 3747 957 3802 nimirum
1011 3754 1114 3812 est,
1171 3749 1313 3802 viam
1368 3752 1670 3821 iniquitatis
1713 3754 1951 3824 ipsorum
1988 3775 2088 3810 au--

537 3839 696 3900 ferre,
729 3838 1000 3909 vitamque
1027 3839 1092 3892 ad
1146 3841 1361 3909 pietatis
1395 3857 1641 3896 normam
1701 3848 2085 3906 conformare:

532 3927 756 3981 abolitio
818 3927 1034 3983 illarum
1073 3939 1375 4000 portarum,
1437 3933 1566 4002 quid
1601 3935 1744 3989 aliud
1783 3947 1886 4000 est,
1921 3955 2086 4008 quam

533 4020 641 4073 vita
671 4035 736 4074 ex
766 4019 991 4089 justitia:
1051 4025 1369 4092 praescripto
1427 4025 1719 4080 instituta?
1769 4029 1858 4081 Ait
1897 4032 2082 4086 enim:

539 4129 559 4164 ι
589 4110 841 4182 Suscepit
870 4128 967 4169 eos
996 4113 1065 4168 de
1092 4115 1178 4168 via
1209 4117 1510 4184 iniquitatis
1541 4133 1750 4172 eorum.
1783 4137 1802 4171 ι

2187 3226 2278 3288 του
2309 3207 2518 3278 φρουρὰ
2540 3205 2779 3275 διελύθη,
2803 3207 2837 3274 ἡ
2873 3207 2990 3266 ταῖς
3017 3203 3241 3274 χαλκαῖς
3267 3203 3463 3265 πύλαις
3517 3205 3614 3256 καὶ
3649 3204 3751 3265 τοῖς

2191 3299 2423 3369 σιδηροῖς
2446 3297 2817 3368 ἠσφαλισμένη
2855 3296 3085 3366 μοχλοῖς,
3118 3296 3299 3359 καθώς
3355 3313 3521 3367 φησιν
3557 3299 3587 3350 ὁ
3619 3299 3750 3367 Προ-

2189 3392 2385 3461 φήτης.
2441 3389 2673 3459 Τοιαύτη
2726 3389 2832 3461 γάρ
2871 3406 2954 3452 τις
2985 3391 3018 3457 ή
3053 3389 3180 3460 περὶ
3226 3389 3316 3440 τὸν
3349 3387 3583 3440 θάνατον
3609 3389 3750 3457 ἰσχὺς

2189 3478 2482 3548 ἐνομίζετο,
2547 3479 2649 3542 ἕως
2683 3479 2833 3531 ούπω
2878 3481 2942 3549 τῇ
2973 3479 3245 3548 παρουσίᾳ
3286 3479 3381 3547 τῆς
3411 3479 3584 3541 ὅντως
3612 3478 3747 3546 ζωῆς

2189 3566 2512 3636 ἑξηφανίσθη
2540 3566 2633 3620 τοῦ
2673 3567 2900 3621 θανάτου
2934 3568 2993 3620 τὸ
3021 3568 3239 3637 κράτος,
3267 3569 3346 3621 ὅτι
3383 3570 3488 3620 πᾶν
3520 3569 3583 3620 τὸ
3612 3569 3749 3629 ἐντὸς

2188 3659 2394 3711 ἐκείνου
2435 3659 2740 3728 γενόμενον,
2780 3659 2968 3730 ὥσπερ
3000 3662 3111 3712 τισὶ
3154 3660 3366 3730 μοχλοῖς
3399 3659 3639 3731 σιδηροῖς
3665 3662 3749 3712 καί

2190 3749 2381 3812 πύλαις
2393 3749 2673 3819 ἀτρίπτοις
2700 3749 3084 3820 κρατούμενον,
3115 3751 3523 3821 ἁναπόδραστον
3543 3752 3745 3821 ἔμενεν.

2201 3840 2357 3893 Ἀλλὰ
2398 3858 2416 3891 ι
2443 3839 2722 3912 συνέτριψε
2741 3876 2756 3901 ,
2788 3859 2806 3890 ι
2825 3843 2977 3911 φησὶ,
3013 3861 3032 3892 ι
3065 3842 3238 3905 πύλας
3260 3843 3490 3913 χαλκᾶς,
3521 3845 3614 3896 καὶ
3656 3859 3745 3912 μοι

2188 3931 2347 4002 χλοὺς
2393 3931 2645 4002 σιδηροῦς
2694 3932 3004 3987 συνέθλασε.
3076 3959 3094 3990 ι
3152 3938 3322 3993 Τοῦτο
3380 3934 3437 3987 δέ
3493 3937 3613 3990 ἐστι
3694 3933 3748 3982 τὸ

2186 4023 2285 4094 τὴν
2337 4021 2454 4074 ὁδὸν
2497 4023 2594 4092 τῆς
2645 4023 2873 4092 ἀνομίας
2928 4023 3105 4076 αὐτῶν
3132 4022 3411 4090 ἀφανίσαι,
3452 4024 3553 4076 καὶ
3594 4039 3747 4090 μετα-

2188 4113 2548 4184 σκευασθῆναι
2598 4113 2694 4183 τὴν
2747 4115 2892 4183 ζωὴν
2923 4115 3056 4183 πρὸς
3087 4113 3389 4167 εὐσέϐειαν.
3423 4106 3596 4176 Οὗτος
3620 4116 3749 4181 ἀφα-

2187 4205 2374 4274 νισμος
2417 4203 2523 4256 τῶν
2575 4202 2760 4256 πυλῶν
2792 4205 3014 4256 ἐκείνων
3057 4204 3173 4256 ἐστὶ
3196 4204 3256 4256 τὸ
3296 4205 3375 4267 είς
3410 4204 3747 4273 δικαιοσύνην

2191 4295 2665 4366 μεταρυθμηθῆναι
2713 4295 2824 4363 (27)
2851 4295 2940 4347 τὸν
2982 4293 3113 4364 βίον.
3159 4315 3174 4346 ι
3199 4295 3545 4348 Ἀντελάὃετο
3577 4315 3595 4347 ι
3627 4295 3746 4364 γὰρ,

2189 4386 2369 4457 φησὶν,
2401 4404 2420 4436 ι
2452 4387 2779 4452 αύτῶνίῖδ),
2813 4386 2874 4450 ἐξ
2900 4386 3020 4439 ὁδοῦ
3052 4388 3280 4458 ἀνομίας
3310 4387 3546 4441 αὐτῶν.»

601 4480 801 4532 lterum
840 4477 947 4530 alio
987 4476 1145 4530 modo
1174 4476 1424 4530 humanae
1463 4476 1584 4530 vita:
1616 4477 1888 4532 miseriam
1927 4477 2085 4531 nobis

2259 4477 2424 4529 Πάλιν
2445 4478 2645 4547 ἑτέρως
2680 4479 2778 4548 τὴν
2801 4479 3142 4549 ἀνθρωπίνην
3174 4478 3464 4548 ἀθλιότητα
3499 4479 3580 4549 τῷ
3614 4478 3746 4546 λόγῳ

534 4575 905 4638 repraesentat,
943 4575 998 4621 et
1043 4567 1382 4636 iniquitatem
1425 4568 1558 4621 nihil
1603 4566 1747 4620 aliud
1787 4582 1907 4623 esse
1940 4568 2084 4620 allii-—

535 4667 666 4718 mat,
692 4673 853 4727 quam
889 4658 1319 4712 bumiliationem
1355 4667 1410 4712 et
1444 4659 1822 4727 abjectionem.
1851 4658 1915 4714 Et
1943 4671 2088 4714 recte

533 4749 773 4819 quidem.
812 4747 944 4802 Nam
979 4749 1109 4803 huic
1157 4751 1439 4804 sententia:
1487 4749 1715 4804 alterius
1755 4750 1919 4803 etiam
1961 4764 2087 4820 pro-

534 4840 707 4907 pheta:
747 4841 1031 4896 oraculum
1073 4841 1388 4902 subscribit,
1428 4856 1550 4894 cum
1578 4841 1672 4902 ait,
1700 4860 1717 4891 ι
1753 4841 2086 4909 iniquitatem

534 4944 701 4998 supra
747 4931 950 4998 plumbi
1004 4932 1264 4986 talentum
1325 4932 1689 4996 considere“,
1731 4953 1748 4984 ι
1791 4932 2086 4986 ostendens

531 5019 808 5086 videlicet,
840 5022 1109 5076 malitiam
1153 5039 1275 5080 esse
1313 5023 1523 5093 pondus
1562 5023 1854 5094 quoddam,
1899 5031 2088 5077 natura

535 5129 634 5168 sua
660 5114 914 5169 deorsum
938 5124 991 5169 et
1022 5115 1078 5168 in
1113 5116 1444 5185 profundum
1482 5129 1731 5185 vergens,
1761 5115 1972 5182 aliaque
2005 5127 2090 5168 se-

607 5297 652 5330 “
678 5296 840 5352 Zach.
877 5315 930 5363 v,
962 5298 1012 5355 7.

606 5479 718 5548 (ea)
739 5481 978 5550 τροφῆς.
1011 5481 1097 5534 ed.

610 5549 718 5620 (g5)
757 5549 923 5620 ’Υψει
959 5551 1114 5605 forte.

609 5615 721 5685 (21ιί
763 5615 856 5672 Ἑν
879 5635 986 5674 om.
1011 5621 1098 5673 ed.

618 5689 727 5759 (25)
758 5691 873 5759 Μιᾷ
905 5693 1074 5759 φωνῇ,
1101 5690 1189 5745 ed.

615 5753 722 5813 ’26)
751 5753 861 5816 Kal.
888 5753 996 5813 o‘m.
1026 5753 1122 5815 'éd.

2191 4569 2500 4638 παρίστησι.
2532 4569 2693 4637 Λέγει
2718 4570 2774 4621 δὲ
2801 4570 2898 4639 τὴν
2929 4570 3164 4623 διάνοιαν
3200 4571 3420 4640 ταύτην,
3455 4572 3538 4622 ὅτι
3577 4572 3747 4623 ταπεί-

2189 4656 2348 4720 νωτίς
2383 4659 2526 4708 ἐστιν
2555 4659 2586 4728 ἡ
2613 4658 2828 4728 ἀνομία.
2866 4658 2970 4710 Καὶ
2987 4657 3162 4721 καλῶς
3194 4659 3250 4709 τὸ
3269 4657 3507 4710 τοιοῦτόν
3529 4657 3633 4725 (‘29)
3661 4673 3751 4724 φη·

2193 4764 2274 4799 σιν
2297 4763 2309 4775 ·
2340 4749 2671 4817 συμφέρεται
2698 4749 2806 4819 γάρ
2820 4766 2900 4810 τις
2928 4750 3019 4801 καὶ
3036 4749 3194 4801 ἄλλου
3217 4750 3496 4821 προφήτου
3520 4745 3749 4815 λόγοςτῷ

2193 4838 2415 4908 τοιούτῳ
2459 4842 2705 4909 νοήματι,
2729 4841 2786 4902 ὃς
2815 4858 3000 4911 φησιν,
3031 4861 3048 4892 ι
3081 4842 3172 4892 ἐπὶ
3213 4840 3474 4894 τάλαντον
3516 4838 3748 4910 μολίὸδου

2196 4929 2463 4999 καθῆσθαι
2490 4929 2584 5000 τὴν
2627 4932 2875 4999 ἀνομίαν.
2910 4951 2928 4982 ι
2967 4931 3417 4996 Ἐνδεικνύμενος,
3449 4933 3532 4984 ὄτι
3569 4928 3754 5000 βαρεῖά

2195 5023 2276 5083 τίς
2299 5023 2515 5074 ἐστικαὶ
2532 5024 2846 5094 κατωφερὴς
2862 5025 2893 5092 ἡ
2915 5025 3099 5086 κακία,
3118 5025 3207 5076 τὸν
3225 5022 3336 5092 (30)
3358 5025 3416 5076 ὲν
3433 5019 3746 5092 ὑψηλοίςδιὰ

2195 5114 2294 5184 τὴν
2319 5114 2450 5183 πρὸς
2467 5112 2525 5163 τὸ
2549 5112 2698 5168 Θείον
2724 5115 2981 5184 ὁμοίωσιν
3008 5115 3137 5169 ὄντα
3157 5115 3234 5178 είς
3270 5115 3361 5168 τὸν
3387 5113 3602 5184 βόθυνον
3624 5111 3747 5164 ἑαυ-

2275 5477 2388 5544 (27)
2413 5475 2844 5546 Μεταρυθμίσαι,
2878 5476 2964 5530 ed.

2275 5547 2387 5615 (28)
2419 5545 2604 5598 Αὐτῶν
2631 5561 2740 5615 om.
2767 5545 2853 5600 ed.

2277 5614 2383 5685 (‘29)
2409 5616 2481 5668 Τὸ
2508 5614 2744 5670 τοιοῦτον
2773 5630 2881 5670 om.
2922 5615 3010 5669 ed.

2279 5687 2390 5758 (τοι
2421 5686 2521 5754 Τὰ,
2547 5686 2635 5742 ed.
