3982 6476
174 372 274 428 ωδ

1568 383 1635 438 IN
1671 383 2008 440 PSALMOS.

3303 391 3400 446 474

173 489 268 556 τῆς
289 488 758 556 συγκαθέλκουσαο
790 494 923 564 φησὶ
962 494 1093 565 γάρ·
1121 496 1202 548 ὅτι
1235 514 1253 547 ι
1278 494 1366 550 διὰ
1387 495 1484 559 τὰς
1515 498 1744 569 ἀνομίας

1852 514 1970 552 cum
2000 497 2240 568 rapiens,
2277 513 2400 568 quae
2427 509 2651 569 propter
2677 499 3090 554 similitudinem
3131 509 3184 554 et
3212 513 3408 568 cogna-

175 579 350 632 αύτῶν
399 581 860 653 ἐταπεινώθησαν.
905 603 923 636 ι
958 584 1064 638 Καὶ
1103 585 1190 639 διὰ
1228 585 1384 640 τοῦτο
1414 587 1511 658 τὴν
1545 605 1742 643 παντο-

173 670 408 739 δύναμον
438 672 651 743 ἐκείνην
681 675 886 745 τροφὴν
909 677 1495 749 ἀπεστράφησαν,περὶ
1515 673 1582 750 ἧς
1601 679 1748 747 λέγει

176 761 308 830 πρὸς
327 764 453 826 τούς
486 764 733 836 πρώτους
769 769 797 820 ὁ
832 767 1006 836 λόγος,
1031 769 1112 821 ὅτι
1137 787 1155 818 ‹
1192 769 1318 822 Ἀπὸ
1346 770 1542 835 παντὸς
1586 770 1744 837 ξύλου

174 853 264 906 τοῦ
294 856 354 906 ἐν
384 855 462 924 τῷ
516 858 828 929 παραδείσῳ
857 857 1054 929 βρώσει
1102 863 1275 931 φαγῇ.
1313 878 1332 911 ι
1379 861 1469 925 Ὠς
1493 862 1600 933 γὰρ
1629 863 1748 916 ἐκεῖ

177 948 280 998 πᾶν
303 945 460 1009 ξύλον
482 948 731 1016 ὀνομάζει
761 949 872 1019 (51)
893 949 953 1003 τὸ
980 950 1252 1021 πλήρωμα
1297 953 1496 1016 παντὸς
1521 952 1747 1021 ἀγαθοῦ,

173 1037 343 1101 οὕτως
372 1039 606 1092 ἐνταῦθα
635 1041 732 1110 τὴν
757 1040 929 1111 ἀληθῆ
963 1041 1058 1096 καὶ
1089 1042 1494 1114 παντοδύναμον
1525 1043 1748 1116 βρῶσιν,

176 1127 282 1177 πᾶν
317 1125 513 1196 βρῶμα
532 1127 785 1198 ὀνομάζει
821 1130 850 1180 ὁ
889 1128 1064 1197 λόγος,
1103 1125 1163 1185 οὐ
1198 1133 1231 1202 ἡ
1260 1129 1576 1204 ἀποστροφὴ
1608 1137 1752 1186 ποιεῖ

175 1217 273 1287 τὴν
314 1218 598 1272 ἀσθένειαν
650 1219 749 1290 τὴν
791 1222 870 1284 είς
909 1220 1136 1274 θάνατον
1169 1223 1456 1294 λήγουσαν.
1501 1225 1661 1293 Λέγει
1693 1225 1750 1278 δὲ

176 1307 376 1370 οὕτως’
407 1310 488 1363 ὅτι
521 1329 539 1360 ι
572 1306 686 1364 Πᾶν
726 1311 920 1382 βρῶμα
963 1313 1279 1379 ὲὸδελύξατο
1327 1319 1360 1385 ἠ
1390 1315 1536 1386 ψυχὴ
1565 1315 1748 1370 αὐτῶν

179 1403 270 1453 καὶ
319 1403 550 1472 ἤγγισαν
589 1405 692 1469 ἕως
740 1405 847 1459 τῶν
905 1405 1089 1461 πυλῶν
1142 1407 1234 1460 τοῦ
1287 1407 1535 1461 θανάτου.
1584 1427 1604 1461 ι
1637 1410 1750 1462 Καὶ

180 1491 338 1544 πάλιν
362 1493 496 1563 πρὸς
527 1493 616 1545 τὸν
643 1494 774 1547 Θεὸν
796 1495 946 1566 φωνὴ
974 1498 1053 1560 εἰς
1082 1497 1389 1567 πανήγυριν
1419 1497 1517 1568 τὴν
1552 1515 1754 1568 συμφο-

181 1581 278 1650 ρὰν
329 1583 676 1654 ἀναστρέφει.
715 1605 732 1636 ι
776 1586 1109 1656 Ἐκέκραξαν
1147 1604 1166 1638 ι
1196 1586 1334 1657 γὰρ,
1374 1589 1528 1658 φησὶ,
1567 1606 1586 1639 ί
1618 1588 1751 1658 πρὸς

183 1672 386 1743 Κύριον
419 1676 478 1726 ὲν
506 1675 583 1746 τῷ
617 1675 893 1729 θλίϐεσθαι
924 1678 1140 1742 αὐτοὺς,
1164 1678 1259 1730 καὶ
1280 1679 1344 1732 ἐκ
1372 1679 1478 1732 τῶν
1497 1679 1751 1747 ἀναγκῶν

180 1765 358 1816 αὐτῶν
385 1765 584 1820 ἔσωσεν
613 1767 865 1831 αὐτούς.ι
896 1770 1006 1822 Καὶ
1038 1770 1302 1840 διηγεῖται
1341 1769 1441 1839 τῆς
1481 1771 1752 1842 σωτηρίας

179 1857 268 1908 τὸν
296 1857 518 1927 τρόπον’
538 1859 868 1928 Εὐαγγέλιον
887 1861 944 1913 δὲ
965 1860 1221 1932 ἄντικρύς
1249 1862 1394 1915 ἐστιν
1422 1863 1455 1932 ἡ
1478 1861 1747 1932 διήγησις.

189 1967 206 1998 ι
245 1947 558 2002 ’Δπέστειλε
607 1969 626 2000 ι
657 1949 784 2021 γὰρ,
817 1950 984 2019 φησὶ,
1005 1950 1305 2018 ιτδνΛὸγον
1337 1951 1525 2014 αὐτοῦ,
1557 1954 1649 2003 καὶ
1674 1953 1752 2005 ίά-

186 2051 314 2088 σατο
342 2035 561 2098 αὐτοὺς,
593 2037 686 2089 καὶ
713 2035 980 2108 ἐρρύσατο
1000 2037 1195 2100 αὐτοὺς
1224 2039 1288 2090 ἐκ
1315 2038 1422 2090 τῶν
1447 2038 1752 2109 διαφθορῶν

183 2125 389 2178 αὐτῶν·
440 2146 459 2177 ι
502 2128 632 2198 ὁρᾷς
679 2127 856 2191 ζῶντα
909 2129 1003 2181 κα).
1039 2127 1281 2198 ἔμψυχον
1321 2127 1491 2198 Λόγον
1524 2128 1751 2202 sit-H52)

180 2216 430 2286 σωτηρίᾳ
460 2216 568 2270 τῶν
612 2217 996 2288 ἀπολλυμένων
1019 2218 1501 2290 ἀποστελλόμενον,
1525 2221 1618 2273 καὶ
1657 2222 1754 2292 τῆς

179 2305 389 2376 φθορᾶς
429 2307 521 2360 τὸν
564 2310 620 2361 ἐν
653 2309 790 2380 αὐτῇ
827 2309 939 2381 (55)
967 2310 1224 2378 γεγονότα
1259 2311 1541 2382 ῥυόμενον.
1595 2313 1754 2376 ﬂcio;

173 2397 569 2468 εύαγγελιστὴς
584 2396 726 2452 οὕτω
756 2398 975 2469 γυμνῶς
997 2400 1163 2469 ἐκϐοᾷ
1178 2399 1236 2453 τὸ
1265 2403 1593 2472 μυστήριον;
1628 2403 1755 2455 οὐκ·

169 2487 268 2540 οὖν
309 2490 750 2558 ἁνευφημείσθω,
792 2492 943 2562 φησὶ,
975 2493 1125 2563 παρὰ
1145 2492 1253 2546 τῶν
1275 2488 1332 2546 εὖ
1355 2493 1695 2546 πεπονθότων
1717 2496 1750 2564 ὴ

169 2576 356 2647 χάρις,
389 2579 482 2630 καὶ
499 2577 664 2648 ὕμνος
693 2580 784 2632 ἐπὶ
807 2581 1142 2652 εὐεργεσίαις
1164 2583 1197 2652 ἡ
1221 2581 1465 2652 εὐφημία
1497 2582 1751 2650 γινέσθω.

174 2689 192 2718 ι
230 2669 571 2722 θυσάτωσαν
598 2671 706 2741 γὰρ
743 2671 914 2742 αὐτῷ,
958 2689 981 2724 ι
1003 2672 1157 2743 φησι,
1199 2695 1219 2728 ι
1254 2671 1444 2726 θυσίαν
1474 2673 1750 2738 αἰνέσεως,

169 2762 269 2814 καὶ
305 2760 772 2829 ὲξαγγειλὰτωσαν
802 2764 872 2817 τὰ
915 2763 1052 2836 ἔργα
1077 2763 1244 2818 αὐτοῦ
1283 2765 1340 2818 ἐν
1362 2766 1699 2834 ἀγαλλιάσει.
1728 2786 1748 2818 ι

168 2852 336 2905 Μετά
369 2853 544 2906 ταῦτα
583 2853 739 2907 πάλιν
771 2855 1110 2919 διασκευάςει
1161 2857 1228 2909 τὰ
1269 2857 1436 2928 πάθη,
1470 2859 1561 2910 καὶ
1595 2859 1754 2913 πάλιν

166 2945 381 3012 ἐπάγει
409 2945 502 2998 τοῦ
538 2945 672 2998 Θεοῦ
718 2946 854 3016 μετὰ
883 2946 952 3000 τὰ
979 2944 1124 3018 πάθη
1158 2947 1255 3018 τὴν
1288 2948 1468 3019 χάριν.
1511 2948 1671 3017 Λέγει
1698 2949 1754 3002 δὲ

166 3035 272 3105 τὴν
327 3034 586 3089 ἀϐουλίαν
635 3036 741 3089 τῶν
770 3036 1092 3109 ἀνθρώπων,
1122 3039 1203 3092 ὃτι
1241 3040 1629 3104 καταλιπόντες
1658 3041 1754 3111 τὴν

1847 591 2051 646 tionem
2079 607 2202 644 cum
2230 589 2340 645 Deo
2363 591 2419 644 in
2447 591 2594 645 edito
2619 592 2740 645 loco
2771 596 2876 647 sita
2911 605 3061 646 sunt.
3096 591 3184 645 Ait
3211 593 3355 645 enim
3391 608 3408 646 :

1854 703 1873 730 ι
1906 681 2131 752 Propter
2159 681 2454 747 injustitias
2486 695 2616 736 suas
2651 681 2918 736 humiliati
2959 690 3120 737 sunt.
3156 701 3175 733 ι
3213 679 3279 734 Et
3308 681 3412 735 hac

1849 771 1918 826 de
1957 785 2122 827 causa
2154 770 2581 840 omnipotentem
2619 769 2765 822 illam
2813 784 2995 825 escam
3029 769 3271 823 aversari
3305 782 3412 822 caa-

1850 873 2047 938 perunt
2075 864 2177 919 :de
2198 879 2306 934 qua
2341 862 2409 917 ad
2442 863 2650 932 primos
2672 870 2922 931 parentes
2951 861 3169 915 divinus
3193 875 3406 915 sermo:

1856 974 1874 1006 ι
1909 955 1990 1008 Ab
2022 955 2202 1009 munis
2232 954 2383 1025 ligni,
2409 953 2551 1023 quod
2578 961 2661 1008 est
2691 953 2746 1006 in
2777 952 3051 1022 paradiso,
3083 967 3210 1006 esca
3231 966 3410 1006 corne-

1851 1049 1948 1103 des
1971 1048 2093 1110 ¹⁵;ι
2132 1054 2191 1101 ιιι
2222 1047 2367 1101 enim
2401 1046 2474 1100 ibi
2514 1060 2674 1100 omne
2723 1045 2926 1114 lignum
2957 1044 3202 1098 nominat
3240 1043 3412 1113 pleni-

1853 1138 2096 1194 tudinem
2125 1138 2304 1192 omnis
2337 1137 2488 1200 boni,
2529 1137 2601 1190 ita
2633 1137 2720 1191 hic
2747 1152 2933 1190 verum
2964 1137 3112 1188 illum
3152 1144 3206 1189 et
3234 1135 3412 1188 omni-

1852 1236 2124 1298 potentem
2194 1226 2376 1281 cibum
2429 1225 2662 1295 appellat
2715 1239 2934 1277 omnem
2979 1237 3193 1284 escam,
3252 1223 3410 1290 cujus

1851 1319 2000 1391 fuga,
2045 1334 2164 1375 eam
2205 1333 2327 1389 qua;
2381 1317 2449 1372 ad
2489 1324 2717 1370 mortem
2758 1315 2928 1377 ducit,
2986 1313 3410 1367 imbecillitatem

1850 1412 2125 1468 conciliat.
2161 1409 2253 1464 Sic
2283 1423 2412 1464 vero
2441 1408 2517 1462 ait
2542 1425 2555 1461 :
2588 1423 2607 1458 ι
2637 1405 2863 1461 Omnem
2888 1419 3070 1460 escam
3100 1403 3412 1457 abominata

1850 1510 1936 1559 est
1960 1503 2142 1555 anima
2186 1514 2396 1562 eorum,
2439 1505 2491 1551 et
2523 1495 3094 1566 appropinquaverunt
3138 1505 3310 1559 usque
3346 1491 3412 1542 ad

1851 1603 2038 1664 portas
2069 1591 2263 1646 mortis
2293 1609 2306 1644 :
2339 1612 2359 1641 ι
2395 1586 2702 1656 iterumque
2734 1601 2837 1640 vox
2869 1584 2936 1639 ad
2960 1583 3126 1638 Deum
3158 1582 3325 1637 missa
3358 1582 3411 1635 iu

1852 1663 2040 1739 laudes
2063 1694 2114 1737 et
2142 1680 2413 1752 praeconia
2450 1679 2787 1734 calamitates
2821 1663 3111 1739 convertit,
3147 1675 3291 1745 quod
3327 1675 3411 1729 liis

1851 1775 2034 1831 verbis
2068 1774 2317 1832 indicat:
2357 1791 2374 1824 ι
2408 1772 2795 1827 Clamaverunt
2838 1771 2904 1825 ad
2935 1770 3246 1832 Dominum,
3277 1769 3406 1822 dum

1783 1843 1824 1897 Β
1855 1859 2277 1922 tribularentur,
2312 1867 2367 1914 et
2394 1873 2463 1913 ex
2495 1858 2748 1912 omnibus
2779 1857 3202 1912 necessitatibus
3224 1869 3412 1911 eorum

1853 1952 2103 2006 liberavit
2139 1967 2256 2006 eos.
2294 1971 2313 2004 ι
2367 1950 2559 2005 Narrat
2605 1962 2786 2005 autem
2834 1949 3027 2004 salutis
3071 1947 3246 2001 allatae
3291 1960 3414 1998 mo-

1853 2043 2017 2109 dum;
2064 2059 2185 2114 quae
2219 2043 2462 2098 narratio
2515 2042 2850 2113 ipsissimum
2901 2038 3253 2110 Evangelium
3281 2046 3366 2092 est
3400 2054 3413 2090 :

1861 2155 1879 2186 ι
1915 2134 2059 2192 Misit
2088 2129 2324 2187 Verbum
2341 2141 2523 2192 suum,
2557 2152 2575 2184 ι
2606 2133 2804 2202 inquit,
2839 2151 2857 2184 ι
2885 2139 2938 2186 et
2977 2130 3192 2186 sanavit
3216 2145 3332 2192 eos,
3362 2136 3419 2184 et

1853 2224 2053 2294 eripuit
2084 2238 2176 2280 eos
2217 2224 2284 2279 de
2315 2222 2725 2278 interitionibus
2774 2236 2985 2276 eorum.
3026 2240 3044 2271 ›
3076 2219 3242 2274 Vides
3282 2216 3415 2272 Ver-

1854 2317 1981 2370 bum
2016 2316 2204 2370 vivens
2261 2322 2315 2370 et
2376 2314 2618 2384 spirans,
2672 2312 2740 2366 ad
2799 2313 3027 2367 salutem
3079 2310 3416 2380 perditorum

1826 2408 2104 2471 ‘missum,
2138 2414 2198 2460 ut
2225 2407 2478 2460 liberaret
2505 2421 2533 2459 a
2558 2406 2908 2474 corruptione
2937 2421 3059 2459 eum
3083 2404 3175 2474 qui
3207 2404 3261 2456 in
3295 2416 3419 2456 cor-

1855 2497 2108 2566 ruptione
2157 2497 2398 2550 haerebat
2431 2537 2444 2550 .
2479 2495 2614 2562 Quis
2661 2495 2992 2566 evangelista
3050 2505 3156 2548 tam
3215 2493 3419 2548 diserte

1852 2587 1956 2642 lioc
1988 2587 2305 2658 mysterium
2329 2587 2621 2657 explanat?
2653 2587 2818 2658 Igitur
2840 2588 2910 2641 ab
2941 2586 3072 2651 illis,
3102 2586 3303 2655 inquit,
3326 2586 3420 2654 qui

1854 2678 2020 2733 tantis
2043 2676 2321 2732 beneﬁciis
2351 2677 2616 2731 cumulati
2646 2687 2797 2742 sunt,
2831 2685 2985 2731 tanta
3011 2679 3187 2748 gratia
3221 2677 3419 2747 praedi-

1852 2777 2041 2836 cetur;
2080 2781 2134 2824 et
2174 2768 2491 2839 pnedicatio
2533 2768 2924 2824 beneficiorum
2959 2770 3014 2824 in
3059 2769 3318 2840 hymnum
3371 2777 3426 2824 ct

1855 2859 2066 2914 laudem
2107 2868 2373 2916 transeat.
2407 2879 2425 2912 ι
2463 2859 2786 2915 Sacrilicent
2831 2861 2882 2914 ei
2928 2861 3259 2916 sacriﬁcium
3309 2861 3426 2914 lau-

1853 2949 1958 3013 dis,
1999 2959 2053 3005 et
2095 2950 2423 3004 annuntient
2472 2965 2637 3020 Opera
2683 2950 2804 3016 ejus
2856 2949 2912 3003 in
2959 2949 3350 3004 exsultatione.
3396 2968 3420 3002 ι

1854 3043 2100 3098 Posthac
2133 3059 2329 3098 rursus
2358 3058 2633 3097 aerumnas
2660 3050 2714 3094 et
2745 3042 3065 3106 aulictiones
3095 3054 3427 3096 commemo-

168 3125 462 3196 σταθηρὰν
489 3127 600 3195 (54)
640 3127 733 3181 καὶ
763 3127 1153 3182 ἀκλυδώνιστον
1178 3129 1288 3198 (55)
1322 3129 1484 3199 ζωὴν,
1508 3130 1752 3198 πελάγιοι

1856 3145 1962 3198 rat,
2006 3144 2058 3189 et
2097 3142 2222 3205 post
2262 3135 2383 3190 illas
2423 3134 2517 3188 Dei
2554 3134 2808 3203 gratiam.
2857 3132 3126 3187 Describit
3157 3133 3301 3187 enim
3342 3131 3427 3184 in-

165 3219 236 3285 τῇ
284 3216 607 3286 προαιρέσει
651 3219 915 3286 ἐγένοντο.
950 3239 968 3270 ι
1007 3221 1068 3272 Oi
1119 3221 1534 3284 καταϐαίνοντες
1569 3241 1587 3272 ι
1618 3222 1749 3291 γὰρ,

167 3305 366 3376 φησὶν,
401 3326 421 3358 ι
452 3309 532 3371 είς
573 3308 669 3379 τὴν
716 3309 988 3374 θάλασσαν
1032 3312 1088 3364 ἐν
1143 3311 1365 3375 πλοίοις,
1402 3331 1420 3364 ι
1469 3313 1563 3365 καὶ
1631 3313 1752 3365 ἀντὶ

164 3399 266 3452 τοῦ
320 3400 649 3471 ἐργάξεσθαι
679 3401 770 3454 τὸν
800 3401 1144 3472 παράδεισον,
1171 3405 1228 3456 ὲν
1265 3395 1308 3470 ᾧ
1338 3405 1600 3475 πρότερον
1628 3402 1750 3456 sea-

165 3510 358 3562 γησαν
409 3494 544 3564 (56),
599 3494 924 3567 ὑποϐρύχιον
969 3495 1276 3565 ποιούμενοι
1328 3495 1425 3566 τὴν
1472 3495 1750 3565 ἐργασίαν.

164 3585 472 3638 θάλασσαν
494 3586 550 3638 δὲ
585 3585 727 3653 λέγει
769 3584 865 3646 τὴν
898 3584 1071 3655 ὑλώδη
1099 3586 1206 3655 (57)
1237 3585 1439 3655 ταύτην
1465 3585 1627 3656 ζωὴν,
1654 3586 1754 3657 τὴν

165 3678 316 3728 πᾶσι
370 3678 484 3738 τοῖς
543 3675 650 3728 τῶν
709 3675 1027 3747 πειρασμῶν
1066 3675 1285 3746 ἀνέμοις
1325 3676 1752 3746 ταρασσομένην,

164 3768 266 3820 καὶ
328 3771 443 3831 τοῖς
509 3767 826 3838 ἐπαλλήλοις
874 3766 1069 3821 πάθεσι.
1119 3768 1544 3838 κυμαινομένην.
1585 3787 1603 3818 ι
1633 3769 1756 3821 Ποι-

1855 3224 2163 3280 consultam
2221 3223 2502 3277 hominum
2565 3222 2964 3284 temeritatem,
3027 3222 3116 3290 qui
3167 3220 3429 3275 derelicta

1854 3316 2035 3372 stabili
2065 3327 2118 3372 et
2139 3317 2304 3371 nullis
2333 3315 2754 3385 tempestatibus
2799 3314 3044 3384 exposita
3070 3313 3200 3376 vita,
3227 3312 3427 3365 volun-

1854 3417 1965 3464 tate
1996 3416 2050 3463 et
2080 3409 2363 3479 proposito
2406 3407 2565 3477 quasi
2603 3406 2800 3460 marini
2845 3405 3024 3460 el'fccti
3057 3412 3205 3460 sunt.
3242 3403 3429 3473 lnquit

1857 3502 2002 3555 enim
2031 3519 2044 3554 :
2081 3519 2099 3552 ι
2134 3499 2236 3565 Qui
2268 3499 2611 3555 descendunt
2640 3498 2695 3552 in
2721 3513 2871 3552 mare
2892 3498 3145 3559 navibus,
3178 3515 3194 3546 ι
3230 3503 3283 3549 et
3310 3496 3430 3548 loco

1854 3592 2115 3664 paradisi,
2163 3609 2324 3662 quem
2361 3594 2564 3653 colant.
2609 3603 2665 3648 et
2713 3593 2766 3646 in
2807 3607 2916 3662 quo
2958 3593 3110 3662 prius
3145 3591 3425 3652 vivebant,

1856 3692 2027 3740 artem
2060 3686 2309 3740 factitant
2353 3685 2723 3741 submersioni
2763 3685 3090 3749 obnoxiam;
3128 3682 3298 3736 maris
3338 3696 3434 3750 ap-

1854 3778 2150 3848 pellatione
2204 3779 2375 3832 vitam
2419 3777 2562 3833 hanc
2611 3779 2883 3848 designat,
2941 3793 3063 3847 qua:
3104 3773 3325 3844 corpori
3376 3784 3434 3826 et

163 3859 370 3921 οῦντες
409 3877 428 3909 ι
471 3857 598 3930 γὰρ,
626 3859 807 3929 φησὶν,
841 3876 860 3908 ι
897 3858 1156 3929 ἐργασίαν
1181 3859 1238 3909 ἐν
1273 3857 1424 3911 ὕδασι
1459 3858 1690 3922 πολλοῖς.
1731 3878 1750 3912 ι

1857 3868 2098 3922 materia:
2141 3867 2420 3931 immersa,
2449 3869 2814 3937 omnibusque
2859 3869 3217 3923 tentationum
3252 3864 3434 3918 ventis

165 3953 287 4004 Καὶ
326 3969 344 4000 ι
385 3950 541 4002 αὐτοὶ
574 3945 710 4002 εἶδον
743 3950 811 4002 τὰ
838 3949 974 4020 ἔργα
1005 3950 1232 4021 Κυρίου,
1260 3951 1354 4002 δια)¹
1387 3949 1454 4003 τά
1483 3949 1752 4021 θαυμάσια

1859 3959 2105 4028 exposita
2139 3966 2244 4019 est,
2270 3966 2325 4012 et
2355 3959 2706 4028 passionibus
2731 3961 2834 4014 sibi
2869 3966 3056 4012 mutuo
3084 3954 3435 4011 succedenti-

164 4041 352 4096 αὐτοῦ
400 4045 460 4095 ἐν
515 4043 591 4112 τῷ
637 4041 800 4112 βυθῷ.
832 4061 849 4093 ι
894 4041 1075 4095 Βύθιοι
1119 4043 1227 4111 γὰρ
1261 4043 1318 4094 ἐν
1348 4044 1415 4112 τῇ
1454 4043 1618 4113 κακίᾳ
1645 4043 1752 4113 (58)

1859 4049 1964 4104 bus
1996 4049 2326 4119 exagitatur.
2367 4067 2386 4101 ι
2444 4049 2756 4114 Facientes.
2790 4071 2808 4102 ι
2851 4051 3049 4121 inquit,
3103 4068 3121 4101 ι
3151 4049 3434 4118 operatio-

159 4132 268 4185 τοῦ
340 4132 459 4201 βίου
510 4132 816 4202 γενόμενοι,
863 4133 955 4186 καὶ
1015 4131 1273 4196 πολλάκις
1324 4133 1392 4185 τὰ
1431 4135 1640 4204 πονηρά
1663 4135 1752 4202 τῆς

1864 4155 1988 4194 nem
2019 4141 2076 4194 in
2103 4141 2262 4210 aquis
2301 4142 2510 4196 multis.
2547 4142 2657 4212 lpsi
2692 4142 2948 4198 viderunt
2994 4157 3161 4212 opera
3193 4139 3434 4204 Domini,

159 4225 364 4295 ψυχῆς
421 4222 681 4287 παθόντες
735 4223 988 4291 ναυάγια,
1029 4219 1167 4276 εἶδον
1197 4224 1280 4291 ἐφ’
1315 4223 1520 4277 ἑαυτῶν
1547 4225 1617 4277 τὰ
1649 4225 1752 4294 (59]

1863 4239 1918 4286 et
1950 4231 2223 4286 mirabilia
2271 4231 2393 4301 ejus
2427 4233 2482 4286 in
2527 4233 2822 4303 profundo.
2863 4252 2882 4285 ι
2923 4233 3163 4289 Demersi
3197 4233 3341 4287 enim
3378 4234 3436 4285 in

157 4319 270 4388 τῆς
321 4314 732 4384 φιλανθρωπίας
759 4314 896 4384 ἔργα
922 4313 1014 4366 τοῦ
1044 4315 1107 4365 ὲκ
1134 4312 1242 4366 τῶν
1267 4312 1442 4382 βυθῶν
1466 4315 1613 4384 ἡμᾶς
1637 4316 1752 4367 ἁνα-

1866 4320 2194 4392 prol'undum
2219 4321 2384 4392 hujus
2407 4322 2550 4387 vita,
2575 4325 2883 4394 saepiusque
2907 4324 3218 4394 pernicioso
3242 4324 3440 4376 animae

161 4409 467 4469 σώσαντος
513 4405 647 4476 (40).
701 4425 718 4457 ι
769 4402 936 4458 Εξπεν
980 4425 998 4455 ι
1033 4406 1175 4475 γὰρ,
1222 4404 1405 4476 φησὶν,
1440 4425 1456 4456 ι
1493 4407 1585 4458 καὶ
1635 4406 1752 4474 ἐστι

1868 4413 2149 4483 naufragio
2212 4412 2397 4479 facto,
2463 4414 2716 4470 viderunt
2774 4416 2828 4468 in
2868 4416 3063 4484 seipsis
3113 4429 3276 4484 opera
3347 4415 3438 4468 illa

157 4501 411 4570 πνεῦμα
456 4499 784 4566 καταιγίδος.
833 4517 851 4550 ι
890 4497 1060 4552 Τοῦτο
1111 4497 1170 4551 δὲ
1218 4499 1317 4551 οὐκ
1354 4501 1433 4561 είς
1478 4499 1569 4551 τὸν
1611 4499 1752 4562 Θεὸν1

1870 4505 2252 4571 humanitatis,
2298 4513 2352 4560 et
2396 4506 2751 4577 benignitatis
2793 4505 2886 4561 Dei
2919 4508 3162 4561 eruentis
3205 4506 3329 4560 illos
3372 4521 3441 4559 ex

155 4593 289 4646 ἀλλ’
354 4592 435 4652 είς
467 4589 560 4642 τὸν
595 4589 786 4660 ἐχθρὸν
825 4588 1085 4640 ἀνακτέον
1119 4588 1180 4640 τὸ
1207 4587 1401 4658 νόημα.
1443 4588 1507 4640 Ἠ
1535 4587 1643 4660 γὰρ
1667 4587 1752 4642 τοῦ

1872 4594 2163 4663 profundo.
2213 4595 2377 4650 Addit
2419 4599 2566 4651 enim
2599 4615 2613 4652 :
2645 4617 2665 4650 ι
2703 4596 2871 4662 Dixit,
2912 4607 2968 4652 et
3016 4601 3167 4652 stetit
3211 4598 3442 4668 spiritus

153 4681 570 4750 ἀντικειμένου
615 4680 786 4750 φωνὴ,
846 4679 906 4731 τὸ
941 4681 1036 4750 τῆς
1077 4697 1095 4730 ι
1147 4680 1453 4748 καταιγίδος
1495 4679 1710 4750 πνεῦμα
1739 4700 1758 4734 ι

155 4775 511 4847 ἐργάζεται.
549 4775 662 4842 (Μ)
691 4773 956 4838 Καταιγὶς
993 4771 1050 4824 δὲ
1099 4771 1313 4840 λέγεται
1355 4772 1524 4841 βίαιος
1565 4772 1764 4843 ἄνεμος

149 4871 267 4922 οὐκ
305 4865 438 4937 (42)
468 4866 556 4918 ἐπ’
592 4863 802 4925 εὐθείας
837 4863 1212 4932 προσπίπτων,
1248 4863 1384 4916 ἀλλά
1413 4865 1542 4935 περὶ
1575 4864 1764 4918 ἐαυτὸν

148 4960 576 5029 ἀνειλούμενος
602 4959 714 5030 (45)
745 4959 814 5011 δι’
833 4956 1010 5022 ὀξείας
1032 4958 1442 5028 στροφάλιγγος,
1468 4957 1526 5022 ὃς
1547 4957 1764 5012 ἐπειδὰν

146 5059 426 5128 ἐμπέσοι
469 5054 599 5106 ποτὲ
657 5051 842 5123 βιαίως
883 5051 994 5122 (44)
1038 5050 1114 5121 τῷ
1148 5049 1317 5118 ὕδατι,
1351 5051 1596 5123 καθάπερ
1622 5050 1765 5114 τινὸς

1872 4687 2144 4757 procellae.
2177 4707 2194 4740 ι
2238 4688 2394 4754 Quod
2432 4689 2664 4758 dictum,
2726 4706 2835 4744 non
2877 4691 2941 4743 ad
2996 4690 3188 4756 Deum,
3235 4691 3327 4745 sed
3370 4689 3438 4743 ad

1870 4779 2154 4832 inimicum
2185 4777 2280 4833 Dei
2316 4777 2663 4834 referendum
2691 4788 2807 4844 est;
2845 4795 2969 4833 nam
3012 4778 3311 4834 adversarii
3341 4794 3441 4832 vox

1872 4871 2126 4941 Spiritum
2161 4871 2414 4940 procellae
2446 4871 2636 4926 ellicit:
2664 4871 2901 4942 procella
2927 4887 3054 4926 vero
3083 4871 3288 4926 dicitur
3328 4871 3444 4923 vio-

1871 4964 2051 5017 lentus
2084 4969 2300 5024 ventus,
2331 4977 2440 5016 non
2475 4971 2624 5018 recta
2663 4963 2749 5015 via
2781 4963 3020 5025 irruens.
3052 4962 3146 5018 sed
3181 4962 3286 5017 sibi
3327 4961 3445 5030 ipse

1871 5051 2155 5106 involutus
2193 5050 2418 5122 obliquo
2451 5052 2692 5115 turbine,
2743 5053 2839 5123 qui
2889 5051 3112 5123 quando
3141 5059 3293 5108 tanta
3323 5048 3443 5108 vio-

240 5223 293 5254 υ
330 5217 542 5272 Cenes.
573 5232 634 5278 ιι,
665 5214 752 5268 16.

1940 5385 2051 5458 (ἒξ)
2085 5383 2318 5458 Καρδίᾳ)
2361 5385 2447 5458 ed-

1943 5455 2052 5524 (59)
2085 5453 2189 5508 Ἐιξ
2205 5453 2328 5524 add.
2355 5453 2445 5508 ed.

1951 5523 2064 5595 (40)
2104 5523 2515 5595 Ἀνασώζοντος,
2542 5523 2629 5579 ed.

1952 5566 2064 5663 liii
2093 5566 2372 5647 ιξὲἴᾶἇὶῖῖ
2386 5566 2476 5648 εἴ

1953 5663 2066 5733 (ιε)
2107 5663 2263 5729 Οὐδέ,
2291 5664 2376 5718 ed.

1953 5732 2066 5806 (ᾧ)
2092 5733 2325 5806 ζευειλού
2334 5751 2510 5806 μενος,
2539 5732 2624 5791 cd.

1955 5803 2066 5878 (44)
2092 5803 2189 5857 Βία
2199 5820 2294 5868 ιος,
2316 5805 2403 5859 ed.

237 5401 380 5463 (31)
421 5397 499 5449 Τὸ
520 5413 630 5450 om.
663 5397 750 5451 ed.

234 5467 383 5546 (ξε)
559 5467 646 5521 ed-

238 5534 387 5604 ῖὸὅ)
418 5534 581 5591 Forte
608 5535 773 5604 αὐτῷ.

234 5597 383 5682 (545
403 5597 814 5682 ἓτεθερᾲνυεά·

241 5671 390 5745 (55⁷)
413 5676 536 5729 Τῶν
553 5671 859 5746 ἀνθρώπων
884 5671 1005 5728 add.
1039 5673 1124 5728 ed.

269 5747 393 5813 56)
409 5745 771 5813 Ἐστάθησαν,
802 5745 888 5798 ed.

269 5753 771 5813 56)Ἐστὰθησαν,
802 5753 864 5798 eu

234 5753 390 5886 :37)
422 5816 581 5872 Forte
614 5813 874 5882 ὐδατώδη.
