3982 6468
599 379 702 436 ηε

1833 391 1890 448 S.
1927 391 2250 449 GREGOBII
2287 393 2580 451 NYSSENI

3711 399 3741 453 4
3749 400 3806 454 76

599 502 764 554 lentia
804 502 860 556 in
882 517 1050 572 aquas
1076 503 1348 573 irrumpit,
1381 521 1530 562 mare
1557 509 1716 577 quasi
1763 511 1998 564 maxima
2030 526 2151 576 rupe

2264 513 2466 584 πέτρας
2533 512 3031 584 ὲγκαταϐληθείσης
3105 513 3340 585 μεγάλης
3369 557 3384 580 ,
3437 514 3810 570 ύποκλυσθεῖσα

597 594 986 662 superiniecta,
1025 596 1095 648 ob
1122 597 1444 664 gravitatem
1486 599 1878 670 subagitatum,
1909 615 2163 656 necessa-

599 685 682 738 rio
711 683 980 754 frangitur
1031 695 1254 756 pr0pter
1281 689 1678 744 vehementiam
1710 692 1970 761 Spirantis
1995 691 2160 756 venti,

598 789 925 842 quocunque
959 775 1257 839 incumbat,
1304 789 1357 830 et
1397 778 1639 846 pondere
1671 795 1772 834 suo
1799 779 2025 834 inclinet
2069 781 2165 833 im-

597 879 775 938 petus,
813 869 954 922 mole
980 884 1175 939 aquam
1209 873 1448 940 undique
1483 873 1534 925 in
1566 871 1733 926 altum
1762 873 2049 942 ejectante.
2087 873 2162 926 Ea

597 957 664 1012 de
701 973 866 1013 causa
913 959 1218 1014 luculenter
1249 961 1540 1015 admodum
1588 962 1850 1018 describit
1895 963 2009 1018 haac
2052 973 2160 1017 tam

597 1048 856 1114 terriﬁca,
909 1051 1182 1116 videlicet,
1243 1051 1572 1122 simulatque
1631 1055 1858 1123 spiritus
1911 1057 2163 1126 procella:

595 1142 786 1205 irruit,
821 1145 1059 1199 elevatos
1120 1159 1242 1200 esse
1284 1144 1481 1200 ﬂuctus
1543 1149 1748 1209 maris,
1801 1143 2160 1204 ascendentes

595 1250 770 1304 usque
793 1235 862 1288 ad
894 1237 1085 1303 cmlos,
1116 1245 1168 1290 et
1193 1236 1588 1294 descendentes
1617 1253 1784 1308 usque
1811 1239 1874 1292 ad
1909 1241 2156 1311 abyssos.

595 1325 802 1384 Revera
833 1329 977 1382 enim
1013 1329 1203 1381 talium
1240 1329 1498 1383 ﬂuctuum
1528 1331 1584 1383 in
1615 1331 1783 1382 altum
1812 1331 1998 1394 elatio,
2035 1346 2161 1400 pas-

595 1421 832 1484 sionum,
864 1421 1106 1487 inquam,
1143 1418 1360 1484 ﬂuctus,
1411 1435 1576 1474 causa
1607 1420 1742 1473 ﬁunt
1767 1421 2065 1476 descensus
2105 1423 2160 1476 in

595 1513 872 1582 abyssum.
930 1513 1175 1582 Abyssus
1216 1519 1396 1566 autem
1443 1527 1585 1583 saape
1631 1514 1684 1566 in
1730 1512 2012 1584 Scriptura
2058 1514 2162 1568 daa-

593 1617 814 1657 monum
853 1603 1223 1657 habitaculum
1262 1591 1557 1674 signiﬁcat.
1601 1605 1670 1658 At
1712 1607 1804 1676 qui
1837 1615 2159 1676 tempestate

595 1694 697 1746 hac
726 1700 779 1747 et
812 1695 1123 1748 turbatione
1154 1695 1526 1764 exagitantur,
1560 1699 1757 1752 mentis
1789 1697 2019 1766 impotes
2051 1714 2159 1767 pra:

593 1781 820 1850 caligine
851 1780 1180 1845 eﬂiciuntur,
1215 1783 1283 1838 ob
1313 1785 1663 1840 insolentiam
1707 1787 2019 1855 hujusmodi
2059 1805 2156 1843 na-

593 1867 907 1938 vigationis,
939 1871 1097 1939 quasi
1138 1871 1208 1924 ob
1251 1873 1570 1929 ebrietatem
1610 1877 1786 1944 capite
1819 1877 2151 1932 laborantes.

593 1961 772 2029 lnquit
831 1963 974 2015 enim
1009 1978 1021 2014 :
1051 1983 1069 2014 ι
1098 1962 1324 2019 Turbati
1373 1976 1500 2021 sunt
1552 1975 1606 2022 et
1665 1969 1796 2022 moti
1847 1977 1974 2024 sunt
2013 1970 2154 2025 sicut

591 2051 798 2106 ebrius.
833 2071 851 2102 »
877 2051 980 2118 Qui
1009 2069 1139 2108 vero
1167 2057 1334 2110 semel
1369 2056 1436 2111 de
1468 2065 1735 2128 potestate
1773 2060 1972 2115 mentis
2006 2060 2154 2130 deje-

590 2143 662 2196 cti
697 2154 843 2208 sunt,
880 2143 949 2200 iis
985 2147 1195 2201 nullum
1247 2149 1484 2218 amplius
1530 2151 1769 2219 suppetit
1817 2151 1884 2206 ad
1924 2152 2152 2206 salutem

590 2235 902 2299 consilium,
934 2237 1024 2292 sed
1055 2238 1233 2292 omnis
1263 2239 1479 2293 illorum
1509 2241 1777 2310 sapientia
1810 2242 2151 2314 naufragium

589 2326 744 2394 quasi
776 2326 904 2380 facit
934 2336 987 2381 et
1022 2327 1226 2381 interit.

660 2417 929 2482 Quocirca
961 2419 1035 2472 ait
1067 2437 1080 2472 :
1117 2437 1134 2470 ι
1166 2419 1357 2473 Omnis
1384 2419 1652 2489 sapientia
1680 2435 1868 2476 eorum
1898 2421 2152 2477 devorata

587 2517 690 2564 est.
732 2529 749 2561 »
789 2510 974 2565 Denuo
997 2521 1176 2566 autem
1201 2522 1253 2566 et
1287 2513 1372 2566 bis
1403 2527 1640 2582 quoque,
1671 2514 1765 2583 qui
1799 2515 1964 2570 tantis
1994 2515 2152 2570 malis

587 2601 992 2664 conﬂictantur,
1023 2611 1075 2656 et
1102 2604 1155 2656 in
1197 2603 1560 2658 inextricabili
1595 2605 1903 2659 calamitate
1931 2622 2152 2661 versan-

588 2700 696 2756 tur,
751 2707 850 2746 vox
909 2695 1067 2748 unica
1114 2695 1180 2747 ad
1229 2693 1396 2748 Deum
1452 2695 1622 2750 missa
1677 2697 1905 2751 salutem
1953 2697 2149 2752 aﬂ'ert:

589 2784 764 2854 inquit
806 2785 952 2840 enim
1000 2805 1012 2840 :
1063 2805 1079 2836 ι
1110 2785 1498 2840 Clamaverunt
1548 2788 1616 2842 ad
1671 2787 1960 2844 Dominum
2027 2807 2147 2844 cum

543 2935 548 2942 ι
585 2873 1003 2938 tribularentur,
1046 2885 1099 2930 et
1145 2876 1211 2930 de
1265 2877 1688 2933 necessitatibus
1737 2895 1924 2934 eorum
1965 2881 2153 2934 eduxit

585 2979 698 3018 eos.
732 2983 750 3016 »
785 2964 847 3016 Et
880 2965 1173 3035 derepente
1219 2968 1379 3022 turbo
1423 2968 1512 3024 ille
1543 2971 1599 3023 in
1634 2985 1822 3024 auram
1856 2971 2150 3025 secundam

585 3067 638 3110 et
695 3059 1024 3127 navigationi
1081 3059 1330 3113 idoneam
1389 3077 1691 3117 conversus
1753 3070 1860 3125 est,
1919 3079 2152 3132 moxque

585 3149 973 3218 tranquillatur
1005 3164 1032 3202 a
1077 3151 1235 3205 smvis
1269 3149 1524 3207 ﬂuctibus
1572 3169 1741 3215 mare,
1787 3163 1938 3223 grata
1970 3155 2151 3224 quiete

585 3250 814 3295 srratum
867 3251 919 3295 et
971 3254 1242 3311 pacatum.
1279 3263 1296 3294 ι
1338 3243 1536 3300 Statuit
1584 3247 1877 3315 procellam
1933 3248 2052 3318 ejus
2098 3248 2152 3301 in

585 3347 796 3394 auram,
830 3353 847 3383 »
919 3333 1136 3403 inquit,
1209 3354 1226 3386 ι
1266 3343 1318 3390 et
1382 3339 1653 3392 siluerunt
1709 3338 1906 3394 ﬂuctus
1953 3341 2090 3410 ejus.
2129 3361 2146 3392 »

585 3422 858 3478 Fortassis
916 3426 1107 3479 silendi
1179 3430 1444 3483 vocabulo
1493 3431 1691 3496 innuit,
1759 3431 1958 3487 ﬂuctus
2017 3435 2152 3488 nihil

584 3515 728 3568 aliud
764 3531 907 3578 esse,
955 3533 1113 3586 quam
1150 3522 1496 3588 appetitrices
1531 3523 1794 3592 quasdam
1839 3525 2147 3590 facultates,

583 3609 783 3677 quibus
815 3619 1064 3664 naturam
1106 3611 1456 3666 descrtricem
1501 3623 1552 3668 et
1586 3614 1890 3672 desciscere
1920 3634 2150 3673 consue-

581 3708 690 3754 tam
745 3701 967 3766 indicat,
1015 3705 1104 3757 cui
1149 3705 1414 3760 Dominus
1453 3706 1508 3759 in
1559 3705 1885 3778 Evangelio:
1925 3730 1942 3762 ι
1981 3712 2146 3778 Tace,

581 3791 976 3848 obmmesce‘fi.
1013 3806 1035 3845 ’»
1087 3797 1286 3849 Auram
1337 3797 1572 3866 appellat
1615 3799 1842 3866 spiritus
1895 3802 2144 3871 gratiam,

581 3897 702 3951 qua:
755 3885 921 3938 rectis
978 3885 1428 3954 cogitationibus,
1477 3891 1633 3957 quasi
1697 3891 1861 3950 malo,
1912 3891 2148 3944 animam

580 3973 765 4026 divino
789 3975 966 4042 portui
998 3977 1244 4045 appellit,
1267 3977 1636 4045 gubernacula
1663 3981 1873 4035 ratione
1907 3989 2144 4048 tenente,

579 4072 634 4118 et
689 4065 754 4118 ad
810 4066 1210 4136 navigationem
1251 4067 1538 4136 dirigente.
1584 4071 1723 4124 Dicit
1762 4072 1906 4124 enim
1939 4090 1950 4125 :
1989 4091 2006 4123 ¢
2043 4072 2147 4127 De-

581 4157 738 4211 duxit
767 4174 862 4213 eos
903 4159 956 4212 in
999 4169 1215 4228 portum
1245 4161 1544 4216 voluntatis
1581 4179 1790 4217 eorum.
1827 4183 1842 4214 »
1893 4163 1986 4220 His
2025 4165 2147 4219 lini-

579 4247 652 4302 tis
694 4263 888 4302 rursus
919 4250 1148 4318 gratiam
1195 4263 1224 4301 a
1257 4251 1458 4318 populo
1503 4260 1555 4304 et
1593 4249 1837 4306 Ecclesia
1886 4254 2148 4308 celebrari

575 4339 752 4406 jubet,
801 4349 1011 4392 tantum
1047 4356 1156 4393 non
1197 4343 1476 4409 praesentis
1520 4341 1776 4397 Ecclesiae
1814 4353 2013 4398 statum
2053 4347 2148 4400 de-

577 4431 851 4492 scribens,
895 4447 1020 4485 cum
1058 4432 1134 4482 ait
1165 4419 1302 4485 lucc
1338 4431 1432 4485 Dei
1476 4433 1748 4487 mirabilia
1799 4436 1855 4487 in
1887 4436 2145 4490 cathedra

2264 601 2340 670 τῷ
2373 601 2525 672 βάρει
2559 603 2591 672 ἡ
2641 601 2897 666 θάλαττα,
2947 603 3182 673 σχίζεται
3230 605 3346 658 κατ’
3373 605 3612 672 ἀνάγκην
3637 607 3699 674 τῇ
3729 605 3808 678 βίᾳ

2263 691 2356 745 τοῦ
2401 693 2727 761 πνεύματος,
2765 696 3002 764 ὅπουπερ
3037 693 3101 746 ἂν
3148 695 3392 766 man
3434 693 3618 764 βρίσας
3645 695 3671 745 ὁ
3695 693 3806 748 ἀνε-

2267 803 2383 855 μος,
2413 785 2509 854 τῆς
2529 783 2618 836 τοῦ
2655 785 2851 854 βάρους
2881 783 3206 853 ὲμπτὼσεως
3242 785 3390 838 ἔνθεν
3427 787 3518 838 καὶ
3553 785 3696 838 ἔνθεν
3727 787 3809 840 ἐπὶ

2262 877 2321 928 τὸ
2349 877 2458 930 ἀνω
2476 877 2535 929 τὸ
2574 877 2684 947 (45)
2719 877 2862 948 ὕδωρ
2877 877 3269 948 ἀναπτυούσης.
3295 877 3391 929 Διά
3418 876 3573 929 τοῦτο
3603 877 3808 946 προστί-

2263 963 2416 1033 θησιν
2440 965 2682 1036 ἐναργῶς
2732 965 3062 1035 ὑπογράφων
3097 965 3165 1018 τά
3199 965 3422 1036 φοϐερὰ,
3459 965 3539 1017 ὅτι
3571 963 3701 1033 ὁμοῦ
3741 963 3810 1033 τῷ

2261 1057 2526 1127 ἐνσκῆψαι
2569 1057 2628 1110 τὸ
2677 1056 2891 1126 πνεῦμα
2927 1057 3026 1128 τῆς
3078 1055 3406 1124 καταιγίδος,
3453 1073 3470 1105 ι
3513 1053 3698 1123 ὑψώθη
3748 1053 3809 1105 τά

2261 1148 2480 1218 κύματα
2526 1168 2542 1200 ι
2578 1149 2673 1218 τῆς
2711 1147 2983 1217 Θαλάσσης
3007 1166 3026 1198 ι
3057 1147 3410 1200 ἀναϐαίνοντα
3444 1145 3546 1208 ἕως
3593 1143 3698 1196 τῶν
3725 1145 3808 1196 ού-

2264 1240 2457 1308 ρανῶν,
2508 1240 2602 1292 καὶ
2655 1238 3044 1292 καταϐαίνοντα
3085 1238 3188 1301 ’έως
3215 1237 3324 1288 τῶν
3367 1235 3636 1288 ἀϐύσσων.
3677 1253 3695 1286 »
3727 1233 3808 1304 Τῷ

2261 1328 2372 1380 ὄντι
2399 1329 2505 1398 γὰρ
2539 1331 2571 1398 ἡ
2605 1330 2681 1391 εἰς
2703 1329 2762 1380 τὸ
2790 1327 2917 1396 ὕψος
2945 1325 3051 1378 τῶν
3079 1325 3328 1378 τοιούτων
3359 1324 3614 1393 κυμάτων
3651 1323 3810 1392 ἐπαρ-

2263 1437 2365 1484 σις,
2407 1419 2548 1488 λέγω
2579 1419 2640 1490 δὴ
2681 1419 2746 1471 τά
2796 1419 2902 1470 τῶν
2944 1417 3128 1470 παθῶν
3182 1415 3420 1486 κύματα,
3449 1416 3545 1485 τῆς
3585 1415 3666 1476 είς
3721 1415 3809 1486 τὴν

2259 1509 2490 1563 ἄϐυσσον
2513 1509 2860 1568 καταϐάσεως
2888 1507 3035 1561 αίτια
3059 1508 3285 1576 γίνεται.
3315 1506 3577 1559 Ἀϐυσσον
3603 1505 3658 1558 δὲ
3695 1505 3810 1557 πολ-

2259 1601 2394 1670 λαχῆ
2445 1601 2541 1672 τῆς
2564 1597 2804 1671 Γραφῆς,
2845 1599 2906 1652 τὸ
2931 1599 3038 1652 τῶν
3063 1598 3327 1668 δαιμόνων
3359 1596 3674 1664 ἐνδιαίτημα
3726 1613 3810 1664 με·

2261 1693 2603 1764 μαθηκαμεν.
2659 1691 2724 1747 Oi
2757 1692 2813 1745 δὲ
2843 1695 2908 1762 τῇ
2947 1693 3154 1762 ταραχῇ
3207 1688 3376 1759 ταύτῃ
3415 1689 3506 1741 καὶ
3551 1686 3629 1757 τῷ
3665 1687 3810 1756 ’σάλῳ

2257 1785 2364 1837 τῶν
2405 1785 2660 1854 κυμάτων
2711 1783 3213 1856 ὲγκυματισθέντες,
3245 1781 3503 1853 ἔκφρονες
3541 1780 3648 1832 ὑπὸ
3699 1795 3811 1832 cito-

2187 1845 2230 1902 Β
2258 1845 2762 1945 τώσεωξγίνονται,
2811 1845 3060 1944 καθάπερ
3105 1875 3209 1927 ὑπὸ
3241 1845 3407 1944 μέθης
3440 1871 3538 1942 τῆς
3563 1871 3706 1925 κατὰ
3729 1870 3811 1923 τδν

2180 3187 2226 3247 C

2257 1967 2422 2019 πλοῦν
2443 1968 2533 2020 τὸν
2546 1967 2779 2020 τοιοῦτον
2794 1965 2984 2036 ἀηδίας
3003 1963 3286 2035 καρηϐαρή
3295 1980 3481 2026 σαντες
3497 1979 3509 1990 ·
3544 1981 3562 2012 ι
3593 1962 3812 2031 Ἐταράο

2257 2057 2460 2126 χθησαν
2482 2077 2498 2106 »
2521 2055 2646 2128 γάρ,
2670 2073 2742 2127 φη
2752 2057 2880 2120 σὶν,ι
2910 2055 3002 2108 καὶ
3017 2053 3400 2123 ὲσαλεύθησαν,
3420 2053 3494 2115 ὡς
3508 2054 3536 2104 ὁ
3551 2051 3806 2121 μεθύων.»

2257 2151 2318 2202 Oi
2347 2150 2402 2201 δὲ
2431 2147 2576 2212 ἅπαξ
2625 2147 2714 2200 τοῦ
2741 2149 2955 2218 φρονεῖν
2981 2145 3082 2210 ἔξω
3116 2146 3414 2216 γενόμενοι,
3445 2143 3700 2213 ούδεμίας
3730 2144 3812 2194 εύ-

2257 2238 2478 2310 ποροῦσι
2531 2237 2665 2306 πρὸς
2727 2237 2996 2307 σωτηρίαν
3029 2235 3238 2305 βουλῆς,
3289 2235 3445 2287 Ἀλλὰ
3491 2235 3814 2304 προναυαγεῖ

2254 2331 2431 2384 αὐτῶν
2461 2333 2493 2400 ἡ
2530 2331 2688 2398 σοφία
2717 2331 2808 2382 καὶ
2832 2328 3250 2400 προαπόλλυται.

2325 2424 2420 2475 Διά
2453 2423 2607 2474 τοῦτό
2668 2438 2849 2491 φησιν,
2883 2421 2964 2474 ὅτι
3013 2419 3106 2473 κα)¹
3141 2437 3158 2470 ι
3195 2419 3402 2488 πᾶσαή
3442 2417 3600 2484 σοφία
3645 2413 3814 2469 αὐτῶν

2253 2515 2546 2582 κατεπόθη.
2581 2533 2598 2565 »
2635 2515 2745 2566 Καὶ
2778 2513 2955 2576 πάλιν,
2991 2513 3083 2564 καὶ
3126 2510 3328 2564 τούτων
3359 2512 3413 2563 ὲν
3437 2509 3711 2569 τοσούτοις
3732 2523 3816 2574 γε-

2255 2607 2486 2674 γονότων
2523 2608 2732 2668 κακοῖς,
2767 2603 2918 2667 λύσις
2945 2605 3148 2672 γίνεται
3179 2604 3274 2673 τῆς
3307 2601 3582 2672 ἀμηχάνου
3619 2599 3814 2670 ταύτης

2253 2696 2644 2764 ταλαιπωρίας,
2741 2695 2873 2766 πρὸς
2905 2693 2964 2745 τὸ
2995 2691 3146 2745 Θεῖον
3179 2693 3286 2762 (46)
3309 2693 3481 2760 φωνή.
3511 2709 3530 2740 ι
3553 2689 3814 2761 Ἐχέκρα-

2253 2787 2349 2854 ξαν
2396 2807 2413 2839 »
2459 2788 2584 2860 γὰρ,
2633 2789 2785 2855 φησὶ,
2821 2807 2841 2837 ι
2877 2785 3010 2855 πρὸς
3037 2785 3240 2856 Κύριον
3299 2786 3356 2835 ὲν
3407 2783 3483 2852 τῷ
3541 2781 3814 2834 θλίϐεσθαι

2255 2880 2468 2942 αὐτοὺς,
2484 2882 2576 2932 καὶ
2591 2881 2654 2931 ὲκ
2677 2878 2783 2930 τῶν
2806 2877 3055 2946 ἀναγκῶν
3070 2875 3244 2930 αὐτῶν
3265 2875 3526 2945 ἐξήγαγεν
3549 2874 3766 2936 αὐτούς.
3795 2891 3810 2924 »

2255 2970 2362 3023 Καὶ
2379 2971 2715 3042 παραχρῆμα
2731 2969 2763 3038 ἡ
2786 2967 3036 3036 καταιγ“ις
3053 2968 3130 3030 εἰς
3157 2965 3368 3035 πνεῦμα
3389 2963 3696 3036 μετεϐλήθη
3713 2963 3814 3032 (47)

2255 3060 2416 3130 φορόν
2445 3076 2503 3111 τε
2554 3060 2648 3112 καὶ
2706 3057 2947 3127 πλώϊμον
2975 3057 3106 3127 (48),
3145 3057 3236 3109 καὶ
3269 3055 3580 3126 γαληνιάζει
3623 3057 3690 3107 ὲκ
3717 3055 3816 3107 τῶν

2257 3152 2513 3220 κυμάτων
2573 3151 3061 3221 καταστορεσθεῖσα
3113 3149 3179 3203 δι’
3226 3149 3456 3218 ἡσυχίας
3486 3149 3518 3218 ἡ
3553 3146 3812 3199 θάλασσα.

2262 3261 2280 3292 ι
2325 3243 2596 3312 Ἔστησε»
2625 3241 2752 3310 γὰρ,
2801 3243 2950 3312 φησὶ,
2986 3261 3004 3292 ι
3041 3239 3136 3311 τὴν
3177 3238 3459 3307 καταιγίδα
3499 3239 3578 3300 είς
3627 3235 3816 3306 αὖραν,

2255 3336 2347 3386 καὶ
2371 3333 2626 3402 ἐσίγησαν
2666 3333 2735 3385 τά
2777 3334 2994 3403 κύματα
3029 3331 3214 3401 αὐτῆς.
3245 3331 3510 3404 »Τάχατῷ
3531 3329 3636 3398 τῆς
3667 3327 3816 3396 σιγῆς

2253 3426 2473 3496 ὀνόματι
2505 3424 2888 3494 προαιρετικάς
2925 3440 3074 3486 τινας
3111 3416 3248 3475 εἶναι
3271 3420 3525 3489 δυνάμεις
3563 3419 3817 3488 σημαίνει

2251 3516 2318 3567 τά
2348 3515 2565 3586 κύματα
2585 3533 2597 3546 ·
2619 3515 2682 3568 δι’
2705 3507 2778 3566 ὧν
2805 3516 2902 3584 τὴν
2942 3513 3510 3584 ἁποστατικὴνφύσιν
3544 3513 3816 3565 ἐνδείκνυ-

2251 3623 2363 3666 ται,
2386 3607 2517 3674 πρὸς
2533 3607 2600 3674 ἢν
2616 3603 2767 3658 εἶπεν
2787 3605 2843 3656 ὲν
2857 3605 2933 3675 τῷ
2959 3605 3306 3675 Εὐαγγελίῳὸ
3325 3605 3541 3676 Κύριος,
3565 3623 3583 3654 ε
3606 3603 3814 3668 Σιώπα,

2253 3697 2555 3766 πεφίμωσο.
2583 3717 2600 3747 »
2621 3696 2804 3767 Λύραν
2819 3697 2872 3748 δὲ
2901 3695 3044 3763 λέγει
3063 3698 3160 3766 τὴν
3181 3696 3273 3748 τοῦ
3311 3695 3614 3765 πνεύματος
3639 3696 3816 3765 χάριν,

2250 3789 2282 3858 ἢ
2329 3787 2416 3840 διά
2454 3787 2561 3840 τῶν
2617 3787 2821 3858 νοητῶν
2869 3788 3049 3839 ἱστίων
3097 3787 3206 3856 (49)
3241 3787 3318 3857 τῷ
3345 3787 3472 3856 θείῳ
3516 3786 3700 3855 λιμένι
3723 3785 3816 3856 τὴν

2247 3879 2424 3950 ψυχὴν
2462 3879 2754 3952 ὲνορμίζει,
2809 3879 3178 3950 κυϐερνῶντος
3215 3877 3307 3930 τοῦ
3339 3878 3519 3946 λόγου,
3551 3878 3653 3930 καὶ
3687 3876 3818 3946 πρὸς

2247 3971 2335 4022 τὸν
2379 3970 2542 4024 πλοῦν
2581 3971 3013 4033 κατευθύνοντος.
3055 3989 3074 4020 ι
3119 3971 3379 4042 Ὠδὴγησε
3413 3989 3430 4021 »
3457 3969 3585 4040 γὰρ,
3633 3969 3816 4038 φησὶν,

2254 4080 2272 4112 ι
2307 4062 2500 4125 αὐτοὺς
2530 4063 2620 4114 ἐπὶ
2639 4061 2830 4132 λιμένα
2859 4061 3156 4132 θελήματος
3178 4061 3380 4114 αὐτῶν.
3401 4081 3418 4112 »
3449 4061 3569 4114 Ἐπὶ
3605 4059 3820 4122 τούτοις

2249 4153 2408 4205 πάλιν
2443 4154 2698 4222 ἀνυμνεῖν
2728 4153 2828 4222 τὴν
2857 4152 3014 4222 χάριν
3049 4151 3410 4204 διακελεύεται
3443 4149 3569 4202 λαόν
3623 4167 3686 4201 τε
3729 4151 3820 4201 καὶ

2262 4243 2584 4314 Ἐκκλησίαν
2605 4261 2618 4274 ·
2663 4244 2818 4314 μόνον
2859 4243 2976 4312 οὐχ).
3008 4241 3106 4308 τὴν
3129 4241 3407 4312 παροῦσαν
3433 4241 3540 4293 τῶν
3584 4240 3818 4308 Ἐκκλη-

2250 4335 2379 4386 σιῶν
2411 4335 2736 4404 ὑπογράφων
2758 4333 2834 4404 τῷ
2855 4333 2994 4404 λόγῳ
3019 4333 3457 4394 κατάστασιν,ὄτι
3483 4333 3539 4383 ἐν
3589 4333 3662 4400 τῇ
3696 4328 3820 4381 καθ-

2249 4429 2377 4501 έδρᾳ
2405 4429 2512 4482 τῶν
2536 4428 2961 4499 προηγουμένων
2983 4425 3076 4479 τοῦ
3104 4427 3258 4494 λόγου
3277 4425 3384 4496 (50)
3407 4423 3576 4478 ταῦτα
3611 4423 3821 4494 κηρύσ-

577 4517 886 4586 principum
931 4517 1234 4579 decantari,
1269 4533 1364 4586 per
1397 4533 1514 4587 qum
1545 4517 1674 4573 lides
1710 4520 1764 4573 in
1808 4521 2143 4575 audientium

2253 4539 2400 4574 σεται
2438 4520 2530 4574 τοῦ
2564 4519 2696 4573 Θεοῦ
2728 4519 2794 4572 τὰ
2829 4517 3124 4590 θαυμάσια,
3156 4519 3221 4571 δι’
3249 4511 3374 4586 ὧνή
3411 4517 3588 4578 πίστις
3626 4513 3820 4584 βεϐαία

580 4609 778 4664 animis
815 4611 1192 4663 conlirmatur.
1240 4609 1404 4662 Addit
1449 4611 1592 4663 enim
1627 4628 1640 4664 :
1677 4628 1696 4661 ι
1731 4609 1979 4665 Exaltent
2019 4627 2142 4666 eum

581 4697 636 4750 in
699 4698 934 4754 ecclesia
974 4699 1168 4768 plebis,
1216 4707 1268 4754 et
1305 4700 1358 4753 in
1395 4700 1648 4754 cathedra
1697 4703 1974 4756 seniorum
2025 4703 2144 4757 lau-

580 4789 709 4842 dent
737 4805 862 4843 eum
899 4807 910 4842 :
953 4807 972 4841 »
1012 4791 1402 4861 subjungitque
1431 4793 1726 4863 gratiarum
1761 4796 1992 4850 actionis
2025 4811 2146 4849 cau-

583 4897 692 4944 sas,
753 4880 898 4949 quod
959 4881 1168 4936 scilicet
1229 4897 1258 4935 a
1317 4881 1424 4939 Deo
1481 4885 1726 4950 ﬂumina,
1773 4887 1879 4940 alia
1927 4887 2146 4956 quidem

579 4979 935 5034 enascuntur,
987 4973 1091 5026 alia
1129 4975 1432 5041 intereunt;
1481 4992 1606 5030 nam
1655 4977 1877 5032 ﬂumina
1927 4979 2147 5032 malitiae

581 5063 934 5117 exsiccantur
977 5072 1029 5117 et
1088 5065 1397 5133 abolentur,
1447 5079 1501 5122 at
1537 5068 1800 5122 virtutum
1853 5067 2053 5123 ﬂuenta
2093 5075 2147 5122 et

579 5157 779 5219 exitus,
823 5157 939 5210 loca
966 5173 1207 5228 eousque
1233 5160 1430 5215 ardore
1459 5169 1654 5215 exusta
1685 5161 1912 5230 irrigant
1945 5200 1958 5214 .
1999 5179 2016 5211 ι
2043 5158 2148 5213 Po-

581 5247 690 5300 suit
719 5245 945 5300 ﬂumina
979 5248 1030 5300 in
1053 5249 1348 5312 desertum,
1379 5268 1397 5300 »
1425 5248 1622 5319 inquit,
1659 5267 1678 5299 ι
1705 5257 1758 5302 et
1777 5248 1955 5302 exitus
1979 5261 2148 5316 aqua-

583 5353 702 5391 rum
732 5339 783 5391 in
811 5339 981 5394 sitim.
1019 5357 1035 5392 ›
1069 5337 1321 5394 Flumina
1354 5351 1512 5396 vocat
1549 5341 1864 5410 passionum
1895 5339 2144 5404 alﬂuxus,

656 5493 700 5524 ³⁸
731 5493 898 5547 Marc.
939 5509 1014 5558 Iv,
1039 5497 1126 5550 59.

651 5665 763 5732 (45)
803 5667 876 5719 Τὸ
909 5683 1016 5722 οιη.
1053 5669 1140 5727 ed.

653 5735 764 5806 (ιβ)
793 5737 896 5788 Τὸν
916 5738 1069 5800 Θεὸν,
1093 5741 1180 5794 ed.
1311 5801 1316 5806 ,

654 5804 766 5874 (47)
793 5806 1133 5878 Κατεϐλήθη,
1169 5809 1232 5866 ed
1245 5845 1260 5860 .

2247 4609 2451 4678 γίνεται
2480 4615 2588 4676 τοῖς
2618 4611 2922 4664 ἀκούουσιν.
2947 4629 2965 4662 ι
3000 4610 3398 4680 Ὕψωσάτωσαν
3435 4627 3451 4658 »
3470 4611 3596 4677 γάρ,
3627 4607 3816 4676 φησὶν,

2253 4723 2271 4754 ι
2309 4703 2488 4767 αὐτὸν,
2521 4704 2579 4755 ἐν
2611 4703 2871 4774 ἐκκλησία
2920 4700 3071 4765 λαοῦ,
3102 4703 3195 4754 καὶ
3223 4702 3281 4752 ὲν
3305 4699 3537 4770 καθέδρᾳ
3573 4699 3818 4771 πρεσϐυ-

2246 4795 2417 4866 τέρων
2459 4795 2823 4848 αίνεσάτωσαν
2874 4793 3052 4847 αὐτόν.
3113 4812 3132 4842 ι
3187 4793 3296 4845 Καὶ
3336 4791 3659 4864 προστίθησι
3711 4792 3820 4844 τῶν

2248 4887 2602 4958 εὐχαριστιῶν
2638 4889 2734 4948 τὰς
2767 4885 2962 4948 αἰτίας,
2995 4887 3077 4938 ὅτι
3103 4884 3251 4956 παρά
3282 4885 3376 4936 τοῦ
3399 4884 3530 4937 Θεοῦ
3555 4881 3816 4953 ποταμοὶ,

2246 4981 2294 5031 οἱ
2319 4979 2418 5048 μὲν
2434 4979 2690 5045 γίνονται,
2715 4979 2762 5030 οἱ
2789 4977 2844 5030 δὲ
2869 4975 3301 5029 ἀπόλλυνται.Τά
3319 4977 3416 5046 μὲν
3439 4975 3546 5046 γὰρ
3568 4975 3662 5047 ρεύ
3671 4993 3820 5046 ματα

2246 5067 2345 5137 τῆς
2377 5067 2570 5129 κακίας
2597 5065 2972 5134 ὲξαφανίζεται
2992 5084 3006 5097 ·
3034 5067 3089 5120 αἱ
3124 5066 3179 5120 δὲ
3206 5065 3314 5118 τῶν
3341 5065 3548 5136 ἀρετῶν
3571 5066 3814 5130 διέξοδοι,

2246 5162 2372 5221 τοὺς
2395 5158 2527 5220 τέως
2551 5159 2874 5228 αύχμῶντας
2901 5155 3244 5221 ὲπικλύζουσι
3275 5157 3492 5220 τόπους.
3516 5175 3536 5208 ί
3563 5155 3762 5210 Ἐθετο
3793 5174 3811 5204 »

2247 5246 2378 5320 γάρ,
2425 5249 2575 5318 φησὶ,
2613 5267 2631 5299 ι
2686 5247 2960 5318 ποταμοὺς
3011 5250 3090 5311 εἰς
3134 5247 3353 5318 ἔρημον,
3405 5247 3497 5300 καὶ
3549 5246 3818 5312 διεξόδους

2249 5341 2452 5394 ὑδάτων
2470 5343 2547 5403 είς
2575 5339 2752 5395 δίψαν.
2779 5359 2796 5390 »
2823 5340 3102 5402 Ποταμοὺς
3126 5339 3180 5393 δὲ
3199 5340 3362 5410 λέγει,
3387 5340 3483 5404 τὰς
3502 5340 3606 5394 τῶν
3631 5337 3818 5410 παθη-

2324 5679 2433 5746 (48)
2467 5679 2625 5733 Forte
2655 5679 2919 5750 πρώιμονγ.

2461 5750 2761 5820 Νοημάτων
2801 5749 2983 5820 ἱστίῳ,
3006 5751 3090 5808 ed.

2323 5819 2433 5890 (50)
2461 5819 2569 5872 Τοῦ
2601 5819 2756 5886 λόγου
2790 5835 2898 5874 om.
2922 5819 3010 5873 ed.
