3982 6504
258 432 366 488 477

1625 437 1690 492 ΙΝ
1729 436 2069 494 PSALMOS.

3385 439 3488 495 478

263 549 447 620 μάτων
473 549 586 622 (51)
612 552 891 624 ὲπιῤῥοὰς,
933 555 1026 608 καὶ
1053 555 1316 621 διεξόδους
1348 553 1574 620 ὑδάτων,
1602 555 1699 619 τὰς
1715 556 1823 608 τῶν

1935 564 1978 610 st
2013 556 2195 611 exitus
2252 569 2538 626 aquarum,
2589 555 2858 609 malorum
2902 555 3218 611 continuam
3251 572 3484 625 seriem;

260 641 445 695 κακῶν
475 643 826 719 ἀκολουθίας.
857 645 1025 700 Ὅταν
1054 649 1140 701 ἀεὶ
1186 649 1398 720 πονηρὰ
1423 651 1674 719 πονηροῖς
1703 649 1825 701 ἐπι-

260 735 620 800 συνάπτοντες
676 737 725 788 οί
773 735 1082 807 ἄνθρωποι,
1138 739 1387 811 καθάπερ
1436 758 1486 792 τι
1511 739 1689 811 ῥεῦμα
1735 739 1828 792 τὸν

224 865 226 870 .
257 824 412 876 ὁλκὸν
429 826 525 896 τῆς
542 825 736 888 κακίας
761 825 1202 896 ἁπομηκύνωσιν.
1222 830 1378 884 Ἀλλά
1399 831 1492 883 καὶ
1514 831 1612 901 τὴν
1631 851 1647 882 ι
1661 828 1782 900 γῆν,
1803 848 1822 880 ι

258 915 446 984 φησὶν,
486 933 502 964 ι
540 915 901 986 καρποφόρον,
943 919 1024 980 είς
1067 919 1243 990 ἆλμην
1290 940 1310 973 ι
1344 921 1594 991 ἐποίησεν
1620 937 1632 950 ·
1663 923 1696 991 ἠ
1721 921 1828 991 γὰρ

258 1003 367 1056 τῶν
418 1003 602 1057 κακῶν
650 1003 875 1074 εὑφορος
918 1005 1063 1078 ψυχὴ
1114 1009 1556 1079 μεταποιηθεῖσα,
1597 1007 1829 1078 διψώδης

258 1096 477 1162 ἐγένετο
506 1136 520 1158 ,
573 1094 649 1166 τῷ
689 1095 816 1166 θείῳ
860 1095 1013 1150 ἅλατι
1053 1100 1150 1168 τῆς
1193 1100 1537 1164 διδασκαλίας
1591 1103 1828 1171 ὲπαρτυ-

217 1239 220 1241 ,
261 1187 439 1249 θεῖσα,
497 1187 571 1249 ὼς
633 1186 825 1256 μηκέτι
878 1188 976 1256 τὴν
1026 1188 1221 1242 κακίαν
1268 1190 1372 1243 τῶν
1439 1191 1829 1244 κατοικούντων

260 1278 517 1342 αὔξεσθαι
547 1321 562 1344 ,
626 1281 744 1339 ταῖς
793 1283 1053 1348 πονηραῖς
1118 1281 1223 1333 τῶν
1287 1281 1493 1336 ὑδάτων
1548 1284 1829 1353 ἐπιρροαῖς

259 1371 617 1441 τρεφομένην.
711 1370 994 1441 Ἀλμῶσαν
1074 1373 1130 1427 δὲ
1189 1376 1284 1428 καὶ
1367 1373 1570 1444 διψώδη
1653 1373 1828 1444 ψυχὴν

259 1465 359 1533 τὴν
381 1464 444 1515 τὺ
470 1463 799 1534 μακαριστὸν
841 1464 990 1534 δίψος
1027 1465 1418 1527 ἀναλαϐοῦσαν,
1446 1466 1640 1537 λίμνην
1679 1465 1830 1534 γενέ-

264 1554 388 1606 σθαι
412 1557 477 1625 τῇ
512 1561 781 1628 συστροφῇ
807 1557 913 1612 τῶν
941 1558 1148 1630 ἀρετῶν
1186 1556 1598 1626 πελαγίζουσαν.
1633 1576 1652 1608 ‹
1683 1556 1832 1610 Ἔθε-

222 1698 230 1704 .
259 1662 322 1698 το
352 1665 369 1697 ι
387 1646 516 1718 γὰρ,
551 1649 702 1716 φησὶ,
727 1667 745 1699 ι
772 1649 976 1721 ἔρημον
999 1651 1079 1713 είς
1097 1649 1289 1721 λίμνας
1310 1649 1515 1703 ὑδάτων
1545 1685 1560 1710 ,
1589 1649 1686 1702 καὶ
1727 1649 1827 1719 γῆν

229 1737 487 1809 ,ἄνυδρον
527 1739 606 1802 είς
647 1739 911 1805 διεξόδους
944 1741 1170 1796 ὑδάτων.
1210 1761 1228 1792 ι
1264 1741 1434 1795 Τοῦτο
1472 1740 1529 1794 δὲ
1564 1740 1716 1804 πόλις
1748 1739 1832 1808 γί-

259 1846 432 1895 νεται,
463 1832 529 1902 ἢν
560 1833 609 1885 οί
639 1832 896 1902 διψῶντες
923 1833 1033 1903 (52)
1068 1835 1167 1904 τὴν
1200 1833 1540 1902 δικαιοσύνην
1571 1831 1826 1885 οἰκοῦσιν.

261 1923 455 1984 Οὐδεὶς
484 1923 591 1994 γάρ
617 1922 914 1996 ναυτιώδης
946 1943 1004 1977 τε
1027 1925 1120 1979 καὶ
1152 1925 1440 1996 ἀνόρεκτος
1457 1925 1556 1994 τῆς
1579 1923 1833 1994 τοιαύτης

261 2012 481 2084 λίμνης,
511 2016 605 2067 καὶ.
631 2014 1019 2069 τῶντοιούτων
1055 2016 1260 2069 ὑδάτων
1288 2016 1573 2086 πρόσοικος
1604 2015 1827 2084 γίνεται,

260 2104 535 2174 πλήσμιον
554 2107 611 2158 ἐν
630 2106 910 2178 κακίᾳ-τὴν
924 2107 1101 2178 ψυχὴν
1122 2107 1478 2178 ἐπαγόμενος.
1503 2125 1522 2158 ι
1549 2105 1832 2177 Σπείρουσι

227 2194 320 2248 ,δὲ
372 2194 499 2258 τοὺς
538 2195 739 2265 ἀγροὺς
777 2197 871 2248 καὶ
919 2195 1210 2264 φυτεύουσι
1248 2197 1374 2260 τοὺς
1425 2197 1772 2268 ἀμπελῶνας.
1808 2215 1826 2246 ι

227 2332 229 2334 .
263 2284 380 2364 Τὰς
414 2286 563 2349 θείας
593 2287 812 2361 ἐντολὰς
839 2289 934 2364 καὶ
975 2289 1072 2360 τὴν
1122 2289 1372 2360 ἐνάρετον
1419 2289 1690 2342 πολιτείαν
1720 2291 1832 2350 τοῖς

233 2362 528 2455 comitati
573 2362 938 2455 δι’ἁσῆέἆξνων
982 2380 1284 2450 αἰνίγμασι.
1311 2379 1539 2455 Σπέρμα
1581 2379 1688 2450 γὰρ
1729 2365 1834 2448 τῇ

236 2447 565 2538 ,μεῖλοῖᾶσης
611 2447 1144 2541 ἐπικῖξπίαξ””έστ“ιν
1173 2473 1206 2542 ἡ
1251 2447 1696 2549 ἐντοληίἎρΞτῇ-
1712 2471 1765 2522 δὲ
1793 2447 1832 2541 Ϋή

259 2561 506 2631 ἄμπελος
540 2563 572 2632 ἡ
601 2562 688 2615 διά
720 2563 826 2615 τῶν
855 2563 1084 2631 λογικῶν
1129 2561 1367 2634 βοτρύων
1395 2562 1472 2631 τῷ
1498 2549 1596 2631 τῆς
1645 2562 1835 2630 σοφίας

261 2654 500 2724 κρατῆρι
534 2653 624 2707 τὸν
659 2650 798 2708 οἶνον
831 2656 1111 2726 ἐκχέουσα.
1146 2655 1329 2707 Ταῦτα
1364 2654 1418 2707 δὲ
1453 2655 1602 2708 οὐδὲν
1627 2654 1772 2717 ἄλλο,
1799 2653 1833 2724 ἢ

233 2807 235 2810 ,
263 2745 515 2813 εὐλογίας
536 2745 736 2817 πλῆθός
759 2748 925 2800 ἐστιν.
955 2765 973 2798 ι
999 2747 1272 2816 Εὑλόγησε
1313 2766 1332 2798 ι
1374 2747 1501 2818 γὰρ,
1519 2747 1837 2819 φησ¹ιν,‹αὑ-

257 2838 414 2900 τοὺς,
449 2837 541 2891 xui.
579 2836 990 2907 ὲπληθύνθησαν
1030 2837 1254 2908 σφόδρα,
1291 2837 1386 2890 καὶ
1430 2837 1500 2889 τὰ
1531 2837 1702 2906 κτήνη
1733 2836 1834 2888 αὑ-

231 2928 376 2981 ..τῶν
432 2929 531 2981 οὐκ
581 2929 925 2999 ὲσμίκρυνεν.
975 2947 992 2982 ι
1040 2919 1225 3000 Κτήνη
1277 2928 1440 2996 λέγει,
1485 2929 1584 2998 τὴν
1621 2927 1837 2997 ὑποχεί-

265 3036 384 3089 ριον
434 3019 543 3071 τῶν
589 3019 690 3088 τῆς
743 3019 917 3091 ψυχῆς
974 3023 1285 3090 κινημάτων
1342 3020 1674 3091 ὑπηρεσίαν,
1709 3020 1836 3073 ὅταν

262 3109 408 3178 πρὸς
452 3109 650 3180 ἀρετὴν
683 3109 909 3164 ἕκαστον
939 3111 1046 3162 τῶν
1080 3111 1139 3162 ὲν
1183 3113 1312 3182 ἡμῖν
1360 3110 1836 3181 χρησιμεύῃυάγα-

230 3244 236 3248 .
264 3197 360 3251 θδν
394 3199 583 3268 κτῆνός
604 3201 750 3252 ἐστιν
777 3203 806 3253 ό
835 3200 1023 3271 θυμὸς,
1053 3201 1180 3253 ὅταν
1210 3200 1303 3253 τοῦ
1341 3199 1598 3270 λογισμοῦ
1637 3200 1833 3263 ὑποζύ-

261 3305 387 3354 γιον
437 3288 682 3359 γένηταιο
719 3290 904 3361 ἕτερον
953 3291 1194 3345 τοιοῦτον
1243 3291 1437 3362 κτῆνος
1473 3295 1506 3360 η
1550 3290 1830 3360 ἐπιθυμία,

263 3377 650 3449 νωτοφοροῦσα
695 3379 894 3451 τρόπον
939 3379 1060 3433 τινὰ
1100 3381 1195 3432 καὶ
1235 3379 1573 3449 βαστάζουσα
1602 3380 1702 3450 τὴν
1738 3379 1838 3448 ψυ-

263 3467 391 3538 χὴν,
426 3471 516 3527 καὶ
548 3469 640 3522 ἐπὶ
672 3469 732 3522 τὸ
763 3469 892 3538 ὓψος
939 3469 1232 3537 ἀνάγουσα,
1257 3471 1386 3522 ὅταν
1419 3469 1510 3522 ἐπὶ
1544 3468 1614 3521 τά
1639 3469 1750 3522 ἄνω
1771 3471 1835 3539 τῇ

264 3561 397 3630 ἡνίᾳ
419 3561 527 3629 (55)
556 3563 654 3632 τῆς
683 3562 918 3626 διανοίας
945 3563 1251 3633 εύθύνηται.
1290 3564 1398 3615 Κῖιῦ⁶
1418 3562 1487 3614 τὰ
1507 3562 1639 3615 ἄλλα
1663 3563 1838 3615 πάντα

264 3656 444 3722 κτήνη
469 3655 614 3706 ἐστὶν
667 3652 1004 3724 αὐξανόμενα
1047 3658 1115 3726 τῇ
1158 3655 1404 3726 εὐλογίᾳ,
1431 3656 1555 3708 ὅταν
1602 3653 1738 3724 πρὸς
1773 3656 1840 3706 τά

269 3746 489 3814 μεγάλα
519 3747 739 3817 γένηται
763 3749 894 3818 ἡμῖν
929 3749 962 3816 ὴ
995 3748 1144 3818 παρὰ
1171 3747 1374 3800 τούτων
1401 3741 1840 3818 ὑπηρεσία.Εἷτα

267 3840 492 3892 πάντων
535 3838 644 3892 τῶν
693 3840 996 3910 είρημένων
1031 3839 1498 3908 ἀνακεφαλαίωσιν
1524 3841 1581 3890 ὲν
1611 3838 1688 3909 τῷ
1716 3840 1841 3907 ἐφε-

233 3975 238 3978 .
269 3930 370 4000 ξῆς
397 3933 623 3984 ποιεῖται
670 3931 830 4000 λόγῳ.
865 3931 1218 4001 Πολυτρόπως
1249 3932 1356 4001 γάρ
1379 3931 1448 3984 τά
1474 3947 1532 3982 τε
1565 3931 1710 4000 πάθη
1739 3931 1843 3982 διε-

238 4077 246 4086 _
269 4020 502 4087 ξελθὼν,
527 4023 737 4086 καὶτὰς
781 4022 926 4085 θείας
959 4023 1272 4094 εὐεργεσίας
1301 4022 1392 4075 ὑπ’
1431 4021 1550 4091 όψιν
1578 4024 1806 4090 ποιήσας
1827 4037 1839 4049 ·

239 4112 395 4164 ,νυνὶ
448 4111 514 4164 δι’
573 4111 751 4179 ὀλίγου
793 4110 952 4164 πάλιν
1001 4109 1372 4181 ὲκπεριλαὸὼν
1414 4109 1526 4180 (54)
1581 4109 1843 4173 ἀνακεφα-

237 4255 244 4262 ,
267 4202 518 4256 λαιοῦται
543 4201 620 4271 τῷ
644 4201 805 4271 λόγῳ.
838 4201 924 4254 Ἐν
950 4195 1030 4263 οἷς
1055 4217 1218 4272 φησιν
1245 4241 1260 4265 ,
1305 4199 1386 4253 ὅτι
1409 4218 1430 4252 ς
1454 4196 1842 4265 Ὠλιγώθησα-λ,

233 4348 238 4350 _
269 4295 371 4347 καὶ
401 4291 762 4359 ἐκακώθησαν
807 4291 914 4344 ἀπὸ
948 4291 1177 4361 θλίψεως
1213 4290 1398 4343 κακῶν
1441 4289 1534 4341 καὶ
1567 4287 1775 4357 ὀδύνης.
1821 4306 1838 4338 ι

267 4386 376 4439 Διὰ
423 4385 520 4455 μὲν
541 4383 644 4444 ,τοῦ
695 4383 874 4452 ὀλίγου
923 4383 1201 4453 σημαίνων
1247 4382 1347 4453 τὴν
1381 4381 1721 4452 βραγύτητα,
1752 4380 1846 4432 καί

239 4524 242 4526 ,
267 4479 376 4547 τὴν
403 4477 700 4546 γενομένην
734 4476 843 4529 ἀπὸ
870 4475 961 4527 τοῦ
994 4473 1159 4543 ὕψους
1186 4489 1244 4524 τε
1267 4474 1361 4524 καὶ
1394 4470 1654 4541 μεγέθους
1683 4471 1760 4533 είς
1785 4470 1845 4522 τὸ

1927 648 2149 718 quando
2174 648 2424 702 homines
2452 647 2593 700 mala
2627 633 2794 702 malis
2818 647 3246 712 accumulantes,
3279 657 3333 704 et
3356 663 3489 703 con-

1928 747 2209 796 nectentes
2234 737 2472 794 ﬂuminis
2503 739 2696 803 instar,
2719 740 2930 794 alveum
2959 741 3322 811 improbitatis
3351 757 3486 796 con-

1926 832 2142 885 tinuant
2173 841 2226 886 et
2253 830 2554 902 proferunt.
2590 831 2856 886 Caeterum
2891 841 3090 886 terram
3120 849 3337 903 quoque
3369 833 3489 887 fru-

1927 923 2177 978 ctiferam
2208 924 2261 978 in
2297 924 2626 994 salsuginem
2661 939 2982 979 conversam
3017 926 3124 992 ait;
3166 943 3288 980 nam
3313 927 3490 981 anima

1929 1013 2192 1067 malorum
2225 1011 2476 1077 fecunda,
2511 1029 2634 1067 cum
2665 1022 3029 1068 transmutata
3064 1024 3167 1080 est,
3208 1019 3490 1073 siticulosa

1928 1118 2144 1172 quoque
2195 1103 2445 1163 edicitur.
2495 1118 2791 1174 conspersa
2836 1106 3019 1161 divino
3061 1107 3322 1162 doctrina:
3356 1109 3490 1172 sale,

1927 1204 1988 1246 ut
2020 1214 2086 1250 ne
2113 1197 2344 1265 amplius
2386 1197 2705 1266 improbitas
2736 1198 2867 1251 inibi
2903 1198 3212 1268 degentium
3255 1208 3487 1263 crescat,

1929 1290 2097 1357 rigata
2134 1299 2188 1343 et
2215 1290 2338 1342 alita
2373 1289 2550 1343 noxiis
2583 1304 2847 1358 aquarum
2879 1289 3334 1347 conlluxionibus.
3372 1290 3492 1346 Sal-

1929 1379 2238 1448 suginosam
2268 1394 2396 1433 vero
2417 1387 2470 1432 et
2500 1379 2830 1434 siticulosam
2857 1379 3116 1444 animam,
3147 1396 3307 1450 quam
3335 1383 3490 1437 beata

1931 1471 2020 1524 illa
2077 1473 2198 1527 sitis
2259 1482 2521 1542 occupat,
2585 1472 2831 1526 converti
2890 1472 3046 1527 docet
3106 1474 3492 1528 exercitatione

1930 1563 2194 1616 virtutum
2227 1561 2282 1615 in
2315 1569 2562 1630 stagnum
2593 1575 2879 1629 aquarum,
2913 1559 3081 1614 maris
3112 1559 3374 1617 assimile.
3405 1560 3492 1614 Ait

1927 1653 2072 1705 enim
2110 1670 2124 1705 :
2166 1671 2184 1703 ι
2212 1649 2401 1707 Posuit
2444 1652 2718 1706 desertum
2774 1652 2828 1705 in
2877 1661 3066 1722 stagna
3104 1665 3392 1722 aquarum,
3438 1664 3494 1707 et

1930 1750 2134 1797 terram
2177 1743 2294 1798 sine
2331 1757 2472 1812 aqua
2505 1743 2559 1796 in
2588 1743 2768 1797 exitus
2795 1758 3081 1812 aquarum.
3119 1762 3138 1795 ι
3173 1741 3287 1798 Hoc
3311 1750 3490 1798 autem

1932 1841 2184 1903 stagnum
2215 1834 2346 1888 urbs
2382 1833 2440 1887 ﬁt
2461 1848 2622 1904 quam
2659 1835 2922 1897 incolunt,
2953 1835 3047 1904 qui
3073 1833 3338 1905 justitiam
3369 1849 3492 1889 esu-

1935 1925 2122 1992 riunt;
2190 1925 2376 1980 nullus
2433 1926 2576 1979 enim
2635 1925 3060 1981 nauseabundus
3118 1925 3497 1997 appetitusque

1934 2031 2150 2086 expers,
2184 2018 2360 2087 stagni
2391 2017 2554 2086 hujus
2584 2026 2638 2071 et
2667 2018 2858 2070 harum
2901 2032 3166 2088 aquarum
3197 2017 3380 2072 accola
3414 2019 3492 2080 fit,

1933 2121 2055 2161 cum
2102 2115 2339 2162 mentem
2393 2107 2694 2163 sceleribus
2739 2108 2992 2163 refertam
3032 2106 3495 2163 ali‘erat.«Serunt

1911 2213 2065 2252 .vero
2107 2213 2290 2268 agros.
2331 2207 2384 2251 et
2434 2200 2682 2267 plantant
2711 2199 3178 2264 vineas.»Quibus
3205 2199 3494 2254 verborum

1933 2288 2230 2344 involucris
2260 2289 2444 2343 divina
2465 2299 2754 2359 praecepta,
2778 2298 2832 2343 et
2861 2303 3002 2355 eam,
3040 2305 3160 2358 qua:
3193 2290 3492 2345 secundum

1907 2381 2189 2433 -virtutem
2231 2387 2337 2440 est,
2382 2381 2596 2436 vivendi
2653 2382 2917 2435 rationem
2974 2380 3262 2450 signiﬁcat.
3303 2380 3497 2434 Semen

1933 2469 2077 2521 enim
2110 2468 2305 2522 futurae
2340 2471 2535 2525 messis
2564 2478 2651 2525 est
2680 2481 3005 2540 praeceptum
3040 2491 3052 2524 :
3086 2472 3281 2533 virtus,
3317 2471 3495 2534 vinea,

1933 2572 2053 2625 quae
2094 2573 2188 2627 per
2217 2557 2514 2613 rationales
2550 2559 2738 2614 botros
2768 2560 3045 2628 sapientia:
3087 2561 3281 2628 poculo
3312 2559 3495 2612 vinum

1934 2648 2165 2704 atl‘undit
2208 2667 2220 2702 :
2261 2649 2461 2718 quibus
2505 2651 2762 2704 omnibus
2815 2649 2950 2702 nihil
3005 2649 3152 2703 aliud
3213 2650 3501 2714 innuitur,

1934 2757 2097 2811 quam
2146 2741 2542 2796 benedictionis
2591 2740 2948 2795 abundantia.
2988 2741 3076 2794 Ait
3118 2741 3260 2796 enim
3297 2759 3309 2794 :
3347 2759 3364 2790 ι
3399 2739 3500 2796 Be-

1935 2832 2144 2886 nedixit
2172 2832 2301 2896 illis,
2343 2840 2396 2885 et
2427 2830 2770 2900 multiplicati
2803 2840 2929 2885 sunt
2962 2831 3140 2893 valde,
3176 2838 3229 2885 et
3254 2831 3503 2898 jumenta

1933 2939 2118 2978 eorum
2169 2939 2276 2976 non
2336 2924 2648 2976 minoravit.
2677 2941 2696 2974 ι
2734 2919 2987 2976 Jumenta
3039 2923 3274 2992 appellat
3319 2922 3502 2991 subje-

1916 3028 2078 3069 ctum
2111 3017 2306 3069 animae
2341 3016 2645 3069 motionum
2690 3015 3078 3076 ministerium,
3110 3029 3232 3068 cum
3276 3013 3504 3084 quodvis

1933 3106 2153 3159 illorum
2213 3105 2280 3159 ad
2326 3106 2588 3158 virtutem
2632 3104 2791 3158 nobis
2831 3103 3119 3158 conducat.
3167 3103 3372 3156 Bonum
3416 3103 3506 3171 ju-

1940 3204 2180 3250 mentum
2211 3204 2293 3251 est
2321 3197 2422 3259 ira,
2463 3195 2680 3266 quando
2709 3196 2910 3253 rationi
2955 3196 3312 3261 obtemperat.
3343 3194 3504 3248 Aliud

1941 3287 2182 3355 ejusdem
2240 3289 2786 3358 generisjumentum
2841 3294 2926 3341 est
2973 3286 3280 3355 cupiditas,
3342 3285 3508 3340 dorso

1937 3379 2336 3448 quodammodo
2375 3378 2556 3433 ferens
2582 3388 2634 3432 et
2663 3377 2917 3446 bajulans
2947 3376 3208 3439 animam,
3239 3385 3292 3430 et
3333 3376 3390 3429 in
3424 3377 3507 3429 al-

1939 3479 2052 3524 tum
2096 3471 2352 3536 evehens,
2388 3469 2608 3538 quando
2638 3469 2703 3522 ad
2757 3482 2992 3537 superna
3044 3466 3267 3520 habena:
3311 3466 3508 3520 mentis

1938 3564 2268 3633 diriguntur.
2306 3562 2534 3629 Reliqua
2579 3561 2707 3614 item
2739 3559 2920 3613 omnia
2952 3559 3198 3627 jumenta
3249 3556 3510 3625 multipli-

1939 3665 2056 3708 cata
2092 3662 2218 3708 sunt
2253 3668 2282 3706 a
2321 3651 2719 3715 benedictione,
2741 3649 2962 3720 quando
2991 3649 3183 3702 horum
3218 3649 3417 3702 auxilio
3441 3647 3510 3702 ad

1940 3760 2135 3816 magna
2181 3753 2236 3799 et
2264 3745 2433 3798 ardua
2467 3744 2745 3798 enitimur.
2780 3739 2987 3795 Deinde
3040 3740 3285 3794 omnium
3321 3739 3511 3808 praedi-

1941 3843 2150 3889 ctorum
2178 3834 2391 3889 brevem
2417 3831 2707 3903 quamdam
2732 3833 3105 3901 repetitionem
3139 3830 3373 3884 instituit
3398 3829 3509 3885 illis

1942 3944 2062 3996 qua?
2095 3929 2501 3996 subsequuntur
2539 3925 2720 3979 verbis
2752 3967 2764 3978 .
2811 3925 2946 3978 Cum
2992 3923 3136 3977 enim
3177 3922 3362 3975 multis
3402 3936 3513 3974 mo-

1944 4020 2029 4074 dis
2064 4018 2444 4088 perpessiones
2488 4024 2542 4069 et
2587 4015 2905 4068 alllictiones
2947 4012 3354 4081 descripsisset,
3381 4010 3513 4064 divi-

1945 4125 2122 4179 naque
2153 4110 2414 4164 benelicia
2447 4115 2575 4162 ante
2603 4108 2797 4162 oculos
2821 4106 3116 4175 posuisset,
3151 4119 3294 4157 nunc
3339 4103 3513 4157 obiter

1945 4211 2141 4256 cuncta
2186 4215 2470 4256 resumens
2507 4199 2688 4262 iterat,
2729 4213 2852 4253 cum
2894 4200 3006 4253 ait.
3049 4217 3066 4249 ι
3098 4197 3163 4252 Ει
3194 4197 3350 4267 pauci
3385 4196 3513 4251 facti

1947 4301 2094 4350 sunt.
2144 4299 2197 4347 et
2250 4292 2427 4346 vexati
2480 4299 2608 4345 sunt
2653 4305 2684 4344 a
2730 4290 3081 4370 tribulatione
3141 4289 3406 4341 malorum
3461 4295 3515 4340 et

1946 4385 2168 4452 dolore;
2213 4403 2232 4436 ι
2261 4386 2428 4438 verbo
2468 4383 2687 4453 quidem
2731 4381 3094 4452 ὠλιγὼθησαν
3139 4380 3323 4450 (pauci
3379 4377 3510 4432 facti

1947 4478 2120 4549 sunt),
2173 4476 2492 4531 brevitatem
2536 4474 2827 4545 signiﬁcat,
2875 4483 2932 4528 et.
2973 4475 3120 4528 illam
3169 4489 3290 4543 qua:
3321 4482 3405 4526 est
3446 4472 3514 4524 ab

267 4569 532 4624 ταπεινὸν
581 4567 862 4638 συστολὴν.
906 4566 977 4618 Τὸ
1017 4565 1126 4635 γὰρ
1172 4564 1369 4631 ὀλίγον,
1402 4562 1463 4614 τὸ
1515 4560 1836 4632 βραχύτατον

1948 4566 2237 4621 altitudine
2283 4572 2337 4619 et
2387 4565 2764 4646 magnitudine
2807 4565 2862 4616 in
2918 4563 3088 4616 imum
3130 4563 3510 4631 dejectionem.

238 4719 246 4724 _
271 4662 534 4732 σημαίνει
568 4659 708 4713 κατὰ
738 4658 833 4729 τὴν
859 4658 1085 4710 ἔννοιαν.
1119 4656 1196 4724 Τῇ
1225 4655 1279 4707 δὲ
1322 4650 1559 4712 κακώσει
1586 4652 1685 4722 τὴν
1713 4651 1846 4721 πρὸς

239 4755 334 4806 τὸ
363 4753 534 4806 κακὸν
575 4751 899 4821 οἰκειότητα.
930 4748 1118 4818 Θλίψιν
1163 4748 1218 4801 δὲ
1266 4746 1375 4800 καὶ.
1403 4745 1610 4815 ὀδύνην,
1646 4760 1848 4798 παντα-

268 4846 373 4918 χοῦ
418 4845 480 4898 τὸ
532 4845 703 4915 πέρας
731 4844 876 4910 λέγει
909 4842 1007 4911 τῆς
1035 4841 1141 4893 τῶν
1185 4838 1404 4908 ἀγαθῶν
1446 4836 1843 4899 άποπτώσεως,

267 4939 351 5002 ὠς
416 4939 474 4990 ὲν
537 4938 708 5008 ἑτέρῳ
755 4933 956 5004 ψαλμῷ
1002 4933 1064 4985 τὸ
1109 4931 1348 4986 τοιοῦτον
1389 4930 1606 4994 διέξεισι
1653 4929 1852 4995 λέγων·

276 5048 298 5078 ι
333 5026 632 5099 Περιέσχον
685 5043 753 5095 με
785 5024 974 5086 ὠδῖνες
1013 5021 1263 5076 θανάτου.
1301 5021 1549 5074 Κίνδυνοι
1589 5019 1712 5090 ᾅδου
1761 5017 1849 5070 εὖ-

271 5120 446 5192 ροσάν
487 5119 596 5189 (55)
636 5135 724 5188 με.
755 5115 946 5185 Θλίψιν
993 5115 1085 5166 καὶ
1135 5113 1323 5180 ὀδύνην
1361 5105 1538 5181 εὖρον.
1579 5130 1597 5162 ι
1648 5111 1849 5172 Ὠδίνας

271 5211 513 5262 Θανάτου
541 5209 632 5262 καὶ
658 5207 934 5270 κινδύνους
959 5206 1085 5276 ᾅδου
1113 5203 1224 5274 (56)
1243 5203 1340 5266 τὰς
1363 5202 1632 5274 ἁμαρτίας
1659 5202 1846 5266 εἰπὼν,

242 5347 246 5350 .
268 5301 476 5368 ἐπάγει
499 5301 561 5354 τὸ
584 5300 755 5371 πέρας
781 5302 859 5362 είς
887 5299 915 5352 ὃ
943 5297 1166 5366 τελευτᾷ
1187 5293 1286 5364 τῆς
1307 5295 1576 5366 ἁμαρτίας
1599 5297 1632 5365 ἡ
1665 5293 1848 5363 φύσις·

267 5394 417 5461 ὅπερ
467 5388 621 5442 οὐδὲν
668 5388 812 5451 ἄλλο,
835 5387 867 5456 ἦ
891 5385 1066 5455 θλίψις
1094 5401 1150 5438 τε
1179 5383 1273 5437 καὶ
1298 5383 1454 5454 ὀδύνη
1488 5385 1632 5436 ἐστίν
1657 5399 1669 5412 ·
1708 5380 1848 5433 οὕτω

269 5477 371 5535 τοῦ
411 5473 741 5545 Εὑαγγελίου
796 5473 881 5526 διὰ
919 5471 1011 5524 τοῦ
1061 5490 1078 5520 ι
1129 5467 1424 5540 κλαυθμοῦ,
1465 5469 1558 5521 καὶ
1607 5464 1847 5536 βρυγμοῡ

347 5613 393 5646 ³⁷
419 5612 566 5667 Psal.
602 5627 732 5672 xvn,
767 5609 833 5673 5;
871 5618 1015 5670 CXIV,
1043 5606 1094 5660 ’5.

292 5779 311 5797 ,
349 5724 465 5793 (51)
499 5722 714 5797 ῌαθῶν,
746 5720 829 5774 ed.

491 5792 807 5864 Πεινῶντες,
831 5790 924 5864 ed.

346 5859 464 5936 (55)
492 5865 572 5917 Τὰ
600 5861 748 5933 ἡνία,
781 5859 867 5916 ed.

1947 4660 2020 4714 Τὸ
2037 4658 2145 4728 γὰρ
2171 4659 2373 4728 ὀλίγον,
2407 4660 2564 4728 pauci
2605 4659 2748 4713 enim
2781 4673 2876 4711 seu
2915 4658 3134 4726 paulum
3166 4657 3386 4711 notione
3415 4670 3515 4710 sua

1946 4753 2328 4809 brevissimam
2383 4766 2592 4806 moram
2642 4752 2906 4806 insinuat.
2955 4750 3134 4806 Verbo
3174 4759 3352 4804 autem
3395 4749 3516 4802 ἐκα-

1946 4846 2221 4917 κώθησαν,
2257 4864 2276 4896 ι
2308 4844 2484 4898 vexati
2519 4852 2670 4906 sunt,
2706 4843 2866 4898 malis
2894 4842 3070 4897 affecti
3108 4851 3255 4904 sunt,
3301 4861 3316 4893 ι
3350 4842 3515 4912 signi-

1948 4940 2072 4992 ﬁcat
2122 4935 2575 4991 consuetudinem
2623 4949 2746 4988 cum
2799 4936 2964 4997 malo,
3021 4946 3072 4988 et
3108 4949 3389 4989 accessum
3447 4932 3514 4987 ad

1933 5028 2081 5082 illud
2105 5070 2117 5081 .
2145 5027 2248 5081 Per
2276 5025 2688 5080 tribulationem
2731 5035 2786 5080 et
2820 5026 3062 5081 dolorem
3093 5026 3346 5094 intelligit
3381 5040 3515 5078 eon-

1947 5128 2278 5174 summatum
2317 5117 2500 5179 ﬁnem,
2534 5118 2624 5186 qui
2657 5121 3020 5172 secessionem
3051 5132 3081 5170 a
3115 5117 3258 5170 bono
3289 5115 3516 5169 οοιιιίιιιο

1948 5222 2070 5275 tur;
2103 5211 2244 5280 quod
2275 5218 2331 5264 et
2376 5212 2426 5263 in
2461 5211 2571 5263 alio
2601 5210 2840 5270 Psaluio,
2881 5209 3057 5264 simile
3099 5208 3226 5278 quid
3265 5207 3515 5269 alierens,

1947 5301 2174 5355 atiirinat
2212 5301 2298 5356 his
2328 5301 2510 5355 verbis
2547 5319 2558 5353 :
2592 5318 2610 5350 ι
2651 5300 3146 5355 Circumdederunt
3177 5315 3260 5352 me
3302 5297 3517 5349 dolores

1949 5393 2159 5455 mortis,
2208 5393 2449 5462 pericula
2498 5391 2696 5446 inferni
2749 5392 3076 5447 invenerunt
3123 5405 3227 5444 me.
3263 5387 3515 5442 'l’ribula-

1950 5487 2148 5538 tionem
2195 5491 2249 5546 et
2274 5482 2515 5538 dolorem
2558 5483 2734 5537 inveni
2761 5484 2823 5542 ¹⁷;
2859 5504 2875 5534 ο
2916 5498 3038 5537 cum
3071 5480 3288 5536 dolores
3325 5476 3517 5533 mortis

2018 5704 2128 5766 (fit)
2162 5701 2320 5772 Forte
2350 5699 2750 5772 ἐμπεριλαϐὼν.

2018 5774 2128 5832 155)
2158 5769 2426 5841 Εὖρησαν,
2454 5769 2539 5824 ed.

2022 5843 2132 5915 (ὅθ)
2165 5838 2323 5914 ᾍδου
2366 5860 2472 5898 om.
2505 5840 2626 5907 ed.;
2664 5853 2785 5894 mox
2810 5838 2926 5907 τῆς.
