3982 6476
536 380 638 436 4ῗ9

1737 397 1794 453 S.
1837 401 2166 462 GREGUﬁii
2195 409 2238 463 N
2250 409 2489 468 YSSENI

3672 424 3779 481 480

530 505 584 547 et
639 495 882 562 pericula
937 511 1139 566 peccati
1192 505 1474 572 nominat,
1535 509 1695 566 finem
1747 515 1981 585 indicat,

2144 525 2180 582 Α
2206 524 2315 577 τῶν
2349 525 2576 581 ὀδόντων
2615 545 2633 578 ι
2681 527 2740 580 τὸ
2777 529 2908 582 αὐτὸ
2945 529 3101 583 τοῦτο
3131 529 3595 601 διασημαίνοντος.
3637 533 3778 589 Εἶτα

527 597 689 650 quem
746 593 941 642 natura
989 594 1198 658 peccati
1255 596 1480 664 desinit,
1519 605 1613 671 qui
1644 620 1753 660 non
1802 615 1887 664 est
1939 609 2105 675 alius,

524 689 688 743 quam
749 678 1030 738 tribulatio
1067 693 1121 738 et
1155 687 1346 755 dolor;
1386 692 1519 748 illud
1552 696 1729 766 ipsum
1764 699 1818 754 in
1862 700 2109 773 Evange-

525 760 600 815 lio
626 781 723 834 per
750 785 769 818 ι
807 768 990 826 ﬂetum
1030 786 1084 830 et
1125 779 1415 835 stridorem
1445 760 1690 841 dentium
1725 809 1745 841 ι
1780 760 2100 846 ἱηιιυίιυιῗη

509 857 831 932 annullatio,
864 883 884 919 ι
929 879 1094 936 super
1121 869 1396 941 principes
1428 890 1636 932 eorum.
1678 898 1697 931 ι

591 953 800 1018 Quibus
829 953 1009 1021 docet,
1035 962 1184 1030 quod
1219 978 1343 1020 esse
1375 967 1430 1020 in
1475 984 1563 1034 eo,
1598 973 1747 1041 quod
1809 984 1913 1041 est,
1968 993 2097 1034 vere

2198 617 2518 688 προστίθησι
2549 619 2618 672 δι’
2647 619 2938 674 ἀκολούθου
2962 621 3043 682 τὸ,
3064 620 3200 675 «Καὶ
3229 622 3455 696 ἐξεχύθη
3480 626 3774 691 ὲξουδένω-

2199 723 2283 769 σις
2303 709 2389 760 ἐπ’
2413 709 2680 779 ἄρχοντας
2714 713 2847 778 (57).
2885 734 2905 767 ι

2109 835 2122 848 .
2156 797 2318 852 Addit
2359 801 2600 857 deinde:
2644 821 2662 853 ι
2708 803 2882 861 Ell'usa
2950 814 3036 862 est
3099 781 3399 878 despectio,
3438 831 3456 862 ι
3514 819 3567 866 et
3598 814 3762 883 quasi

2271 983 2519 1036 Διδάσκει
2544 985 2598 1038 δὲ
2620 987 2707 1040 διὰ
2735 989 2956 1054 τούτων,
2977 991 3135 1044 ὅτιτὸ
3161 992 3258 1062 μὲν
3285 995 3342 1047 ὲν
3368 995 3446 1066 τῷ
3459 996 3569 1050 δντι
3595 994 3762 1064 εἶναι,

519 1039 592 1090 sit
624 1055 767 1094 esse.
798 1041 955 1107 Quod
992 1047 1037 1101 si
1065 1049 1188 1117 quis
1237 1052 1307 1106 ab
1349 1070 1474 1110 esse
1504 1039 1740 1129 excidit,
1783 1063 1832 1119 is
1865 1081 1975 1122 non
2009 1083 2046 1122 e:

519 1127 570 1154 ,Ἀ
602 1143 721 1154 MM
798 1131 926 1154 πη,
992 1152 1004 1154 _
1057 1139 1068 1150 .
1175 1142 1186 1152 .

2634 1039 2637 1040 ,
3088 1039 3132 1044 --
3161 1039 3253 1062 Γ-.
3286 1039 3336 1047 ,ν
3379 1039 3569 1066 ηρ...
3595 1039 3761 1064 -..μη

2197 1070 2408 1142 ἀληθῶς
2443 1075 2588 1128 ἐστιν
2626 1073 2784 1132 εἶναι.
2825 1079 2958 1135 Εἰδέ
2975 1100 3059 1147 τις
3078 1081 3170 1136 τοῦ
3203 1084 3354 1148 ὄντος
3383 1087 3761 1154 ἐκπέπτωκεν,

515 1127 743 1185 inesse.
795 1131 932 1190 Esse
981 1139 1127 1192 enim
1172 1142 1228 1196 in
1281 1159 1526 1216 peccato,
1568 1167 1678 1206 non
1739 1165 1824 1211 est

513 1233 661 1287 esse,
699 1224 830 1293 quia
860 1226 1093 1298 ipsamet
1123 1232 1179 1287 in
1208 1250 1291 1300 se,
1325 1246 1381 1292 et
1419 1247 1722 1300 secundum
1772 1263 1833 1304 se

510 1403 584 1457 tia
636 1405 786 1463 boni.

1871 1161 2092 1229 proprie
2192 1164 2314 1216 οὐδὲ
2343 1167 2400 1218 ὲν
2423 1166 2500 1236 τῷ
2548 1164 2688 1223 εἷναί
2738 1171 2879 1224 ἐστι.
2908 1173 2979 1225 Τὸ
3018 1175 3124 1247 γὰρ
3156 1177 3214 1229 ὲν
3271 1179 3437 1250 κακίᾳ
3470 1175 3625 1247 εἶναι,
3656 1185 3763 1260 οὐκ

1879 1252 2086 1308 malitia
2190 1254 2304 1308 ἔστι
2350 1259 2555 1328 κυρίως
2591 1258 2750 1316 εἶναι.
2790 1265 2932 1318 Διότι
2978 1267 3114 1338 αὐτὴ
3148 1269 3268 1322 καθ’
3299 1272 3493 1344 ἑαυτὴν
3525 1276 3557 1344 ὴ
3588 1255 3759 1329 κακία

512 1326 625 1366 non
657 1324 762 1378 est,
789 1331 912 1371 cum
932 1321 1141 1378 malitia
1171 1326 1244 1380 sit
1270 1329 1527 1398 privatio,
1579 1344 1635 1390 et
1673 1353 1782 1392 non
1813 1343 2085 1397 exsisten-

2187 1347 2286 1400 οὐκ
2312 1348 2477 1412 ἔστιν,
2509 1352 2622 1406 ἀλλ’
2653 1357 2684 1425 ἡ
2725 1355 2817 1408 τοῦ
2852 1357 3016 1410 καλοῦ
3047 1361 3368 1429 ἀνυπαρξία,
3400 1367 3564 1420 κακία
3602 1369 3758 1435 γίνε-

841 1408 1318 1476 Quemadmodum
1378 1422 1544 1492 igitur
1579 1426 1690 1494 ille,
1748 1432 1838 1499 qui
1891 1443 1975 1486 est
2025 1435 2046 1488 i.

2466 1408 2474 1412 ,
2673 1408 2684 1425 ι
2857 1408 2881 1409 η
3051 1408 3368 1429 --ηπ-ΓΤ...
3402 1408 3564 1420 --.......
3613 1408 3722 1435 ι..-

2181 1453 2292 1493 ται.
2331 1439 2542 1512 Ὥσπερ
2572 1439 2665 1497 οὐν
2694 1447 2722 1498 6
2750 1447 2806 1498 ὲν
2833 1447 2909 1517 τῷ
2936 1449 3047 1502 ὄντι
3078 1449 3152 1504 ὢν
3195 1453 3254 1505 ἐν
3287 1453 3365 1523 τῷ
3403 1451 3541 1509 εἷναί
3580 1458 3753 1521 ἐστιν,

507 1510 574 1549 eo
607 1499 698 1568 qui
735 1511 837 1567 est,
880 1504 933 1557 in
965 1519 1088 1560 esse
1116 1517 1232 1565 est:
1283 1512 1364 1567 sic
1390 1517 1482 1584 qui
1518 1517 1572 1571 in
1619 1520 1792 1573 nihilo
1831 1531 1915 1578 est
1949 1527 2045 1590 (tal

507 1603 634 1622 ιον-Λ
661 1601 740 1622 nol
769 1595 995 1622 ηιηιζιεηὶ
1047 1601 1092 1622 :..
1128 1600 1307 1622 2.ε)-μ-
1392 1607 1424 1622 ιι
1455 1608 1486 1622 η
1525 1608 1574 1622 Α-
1667 1621 1671 1622 ,
1819 1615 1856 1622 ..
1885 1617 1918 1622 .-

2182 1528 2354 1594 οὕτως
2389 1534 2416 1585 6
2463 1499 2522 1586 ὲν
2569 1536 2646 1606 τῷ
2675 1537 2846 1592 οὐδενὶ
2881 1499 3185 1611 ⁸γενόμενος
3216 1507 3391 1613 (τοῦτο
3432 1547 3488 1600 δέ
3523 1550 3669 1601 ἐστιν
3717 1554 3751 1622 ή

506 1603 634 1644 vero
661 1601 745 1646 est
768 1595 1020 1666 malitia),
1047 1601 1095 1654 is
1128 1600 1314 1657 itidem
1350 1607 1486 1661 nihil
1522 1608 1600 1676 lit,
1622 1621 1677 1667 et
1703 1615 2072 1684 annihilatur,

506 1689 564 1734 ut
597 1681 652 1735 in
683 1684 894 1751 psalmo
924 1687 1032 1743 isto
1061 1691 1286 1748 dicitur.
1323 1694 1420 1751 Est
1463 1708 1643 1755 autem
1692 1703 1859 1774 hujus
1913 1724 2074 1764 voca-

2179 1622 2367 1692 κακία)
2413 1624 2794 1693 ἐξουδὲνωται,
2821 1631 3000 1695 καθὼς
3038 1633 3291 1707 ὀνομάζει
3329 1641 3358 1692 6
3385 1639 3558 1708 λόγος.
3599 1643 3664 1696 Ἡ
3692 1644 3750 1698 δὲ

2176 1711 2397 1783 τοιαύτη
2427 1714 2518 1768 τοῦ
2550 1716 2707 1786 λόγου
2727 1720 2942 1792 χρῆσις,
2971 1725 3255 1798 τέτριπταί
3285 1748 3401 1794 πως
3429 1735 3486 1786 ὲν
3515 1738 3580 1806 τῇ
3611 1754 3742 1788 συν-

502 1770 617 1826 buli
643 1775 814 1842 notio,
865 1779 1029 1833 etiam
1062 1789 1342 1841 communi
1377 1789 1721 1859 loquentiunt
1773 1810 2040 1856 consuetu

502 1861 628 1899 dium
683 1867 809 1899 ιιιῖοο
895 1868 1136 1899 n:..:.......
1193 1881 1329 1899 -..ζμ
1392 1882 1453 1899 ,η
1623 1886 1634 1897 .

2144 1799 2333 1871 ἰηθείᾳ
2359 1770 2468 1856 τ’ῶν
2520 1770 3016 1879 traloqui-561';th
3067 1770 3165 1887 ἰτὴν
3213 1770 3417 1893 τροφῦἶν
3466 1825 3524 1877 ὲν
3554 1775 3747 1899 ..σαρκὶ

501 1861 628 1918 dine
683 1867 832 1922 trita.
892 1868 1138 1928 Dicimus
1187 1881 1332 1932 enim
1382 1882 1567 1937 cibum
1621 1886 1676 1940 in
1720 1903 1885 1945 carne
1917 1907 2072 1948 rece-

498 1959 670 2022 ptum,
703 1971 923 2014 carnem
960 1962 1099 2030 lieri,
1141 1974 1196 2020 et
1220 1968 1408 2023 vinum
1433 1987 1589 2043 aquae
1628 1975 1895 2046 infusum,
1950 1983 2064 2037 lieri

495 2061 691 2115 aquam
717 2092 731 2115 ,
764 2049 1082 2125 ferrumque
1118 2058 1171 2113 in
1221 2061 1350 2132 igne
1404 2064 1718 2135 ignescere:
1776 2073 1856 2128 sic
1890 2083 1944 2128 et
1997 2075 2065 2142 is,

491 2138 587 2208 qui
622 2140 692 2195 ab
725 2158 793 2198 eo
830 2147 977 2216 quod
1003 2159 1109 2215 est,
1159 2155 1363 2210 excidit
1420 2167 1476 2213 et
1519 2161 1586 2215 ad
1621 2164 1759 2218 nihil
1803 2138 2062 2234 deﬂectit,

491 2228 548 2284 in
597 2233 832 2290 nihilum
875 2254 1098 2311 quoque
1139 2249 1391 2302 converti
1461 2261 1610 2308 recte
1655 2253 1878 2312 dicitur.
1921 2258 2064 2331 Ergo

487 2323 770 2380 annulatio
790 2338 875 2383 est
911 2346 1018 2386 non
1039 2335 1359 2391 exsistentia
1392 2339 1446 2394 in
1473 2341 1638 2407 bono.
1684 2361 1808 2416 quae
1843 2349 1912 2403 ad
1947 2323 2062 2419 prvi-

486 2425 605 2467 mos
631 2423 883 2473 auctores
906 2423 1149 2488 malitiae,
1185 2426 1287 2482 hoc
1305 2437 1413 2492 est,
1456 2431 1524 2485 ad
1549 2435 1756 2501 primos
1808 2437 2060 2496 homines

485 2515 609 2556 cum
639 2506 891 2574 venisset,
918 2513 1081 2567 etiam
1123 2517 1189 2570 ad
1234 2527 1579 2587 posterorum
1616 2530 2053 2595 successionem,

485 2590 656 2647 instar
730 2601 1024 2667 perniciosi
1060 2607 1348 2676 cujusdam
1425 2612 1667 2672 ﬂuminis
1739 2619 1910 2678 etl'usa
1951 2633 2053 2678 est.

480 2681 774 2755 Postquam
825 2691 986 2763 igitur
1019 2707 1215 2754 natura
1273 2701 1588 2772 huiusmodi
1651 2725 1877 2766 tonuere
1917 2715 2052 2769 orba

481 2775 605 2840 fuit,
637 2779 746 2834 vita
773 2782 1016 2854 inquam,
1072 2789 1345 2864 homoque
1392 2812 1422 2850 a
1479 2808 1720 2868 raptore,
1778 2805 1871 2874 qui
1919 2806 2052 2860 divi-

477 2879 604 2920 nam
638 2869 1072 2934 benedictionem
1117 2884 1409 2955 surripuit,
1452 2889 1517 2943 ad
1547 2869 1926 2962 paupertatem
1971 2914 2050 2953 re-

474 2957 670 3017 dactus
693 2973 811 3032 est;
850 2969 1134 3043 subjungit
1163 2994 1176 3029 :
1209 2995 1228 3026 ‹
1259 2977 1482 3047 Adjuvit
1506 2957 1799 3054 pauperem
1831 2986 1900 3042 de
1926 2990 2048 3045 ino-

473 3051 582 3120 pia.
610 3074 630 3105 ι
673 3055 850 3125 ipsius
886 3063 1030 3117 enim
1075 3078 1319 3136 egestate
1349 3088 1452 3130 nos
1503 3051 1664 3131 dilati
1709 3094 1920 3138 sumus.
1973 3084 2040 3138 Et

2173 1895 2470 1966 γενομένην
2496 1937 2510 1960 ,
2543 1900 2984 1972 ἀποσαρκοῧσθαι
3036 1907 3296 1981 λέγομεν,
3339 1917 3433 1968 καὶ
3472 1917 3563 1971 τὸν
3599 1895 3746 1974 οἶνον

2170 1984 2459 2055 ἐκχεθέντα
2496 1989 2572 2059 τῷ
2609 1991 2760 2046 ὕδατι
2804 1995 3224 2069 ἐξυδαροῦσθαι·
3252 2006 3346 2059 καλ⁵
3385 2009 3442 2060 ὲν
3485 2010 3562 2080 τῷ
3596 2015 3738 2083 πυρὶ

2171 2075 2263 2128 τὸν
2287 2078 2500 2151 σίδηρον
2536 2084 2903 2155 ἐκπυροῦσθαι
2935 2107 3115 2161 φαμεν
3154 2107 3168 2122 ⁸
3196 2094 3338 2150 οὕτω
3366 2101 3461 2153 καὶ
3499 2075 3589 2156 τον
3620 2075 3740 2175 (δέ)

2169 2167 2263 2221 τοῦ
2292 2169 2445 2235 ὄντος
2484 2174 2814 2243 ἐκπεσόντα,
2844 2181 2901 2234 ὲν
2931 2182 3010 2252 τῷ
3052 2185 3226 2239 οὐδενὶ
3269 2191 3552 2262 γενόμενον
3581 2167 3739 2262 ὲξξθυ-ἰ

2164 2257 2471 2317 δενοῦσθαι·
2497 2266 2688 2321 οὐκοῦν
2717 2271 2748 2340 η
2777 2271 3122 2339 ἐξουδένωσις
3158 2280 3190 2349 ἡ
3226 2280 3284 2332 ἐν
3319 2257 3407 2353 τῷ.
3422 2285 3608 2357 ἀγαθῷ
3620 2257 3739 2342 *ἀν-

2163 2352 2401 2422 υπαρξία
2428 2356 2590 2412 ἐστίν.
2624 2359 2770 2432 Αὕτη
2801 2363 2856 2416 δὲ
2892 2365 2984 2418 ἐπὶ
3029 2370 3156 2432 τοὺς
3186 2352 3590 2448 ἀρξανταςτῆς
3632 2397 3737 2434 κα-

2163 2441 2286 2506 κίας
2309 2486 2323 2510 ,
2354 2448 2651 2515 τουτέστιν,
2686 2453 2778 2506 ἐπὶ
2809 2456 2933 2520 τοὺς
2985 2441 3232 2530 πρώτους
3273 2441 3594 2537 ἀνθρώπους
3631 2472 3726 2525 ἑλ-

2162 2531 2347 2601 θοῦσα,
2385 2539 2636 2613 καθάπερ
2672 2561 2724 2596 τι
2755 2545 2929 2617 ῥεῦμα
2969 2553 3220 2624 πονηρὸν,
3247 2558 3342 2608 καὶ
3374 2559 3466 2612 ἐπὶ
3489 2562 3587 2632 τὴν
3618 2565 3733 2619 τῶν

2159 2627 2550 2700 ἐπιγινομένων
2575 2634 2822 2708 διαδοχὴν
2855 2640 3096 2713 ὲξεχέθη.
3141 2646 3292 2700 Ἐπεὶ
3327 2644 3420 2703 οὖν
3447 2627 3731 2724 ἐπτώχευ-

2159 2732 2248 2769 σεν
2273 2718 2304 2788 ή
2335 2719 2494 2799 φύσις
2537 2724 2630 2778 τοῦ
2666 2727 2904 2782 τοιούτου
2944 2734 3237 2804 κτήματος,
3258 2737 3357 2808 τῆς
3388 2740 3532 2812 ζωῆς
3559 2718 3729 2812 λέγω,

2157 2809 2249 2860 καὶ
2275 2791 2446 2881 πένης
2471 2815 2500 2866 6
2530 2814 2810 2888 ἄνθρωπος
2841 2821 2946 2876 ὐπὸ
2965 2791 3064 2878 vos
3097 2791 3354 2882 κλέιττίτοό⁷
3372 2791 3605 2900 έξέᾷξτο,

2154 2896 2303 2953 θείαν
2330 2902 2578 2975 συληθεὶς
2605 2909 2873 2980 εὐλογίαν,
2903 2915 2992 2969 διὰ
3013 2917 3169 2971 τοῦτό
3195 2937 3377 2992 φησιν,
3406 2896 3486 2978 ότι
3510 2946 3529 2978 ι
3555 2896 3726 3000 moi;-

2152 2988 2283 3060 θησε
2316 2995 2505 3066 πένητι
2544 3000 2608 3052 ἐκ
2636 3005 2923 3073 πτωχείας.
2951 3026 2970 3058 ι
3004 3009 3081 3080 Τῇ
3109 3011 3217 3084 γὰρ
3243 2988 3449 3069 ἐκείνου
3479 2988 3727 3093 πτωχείᾳ

2146 3082 2306 3152 ἡμεῖς
2334 3085 2758 3162 ὲπλουτήσαμεν.
2779 3095 2888 3149 Καὶ
2914 3097 3063 3152 ἔθετο
3090 3082 3284 3167 αὐτοὺς
3298 3108 3326 3158 6
3342 3108 3543 3177 ποιμὴν
3563 3082 3724 3164 66cc..-

473 3144 658 3209 posuit
693 3146 816 3202 illos
859 3149 1032 3209 bonus
1063 3165 1270 3225 pastor,
1328 3161 1454 3217 loco
1507 3164 1812 3232 brutorum,
1870 3187 2042 3230 «oves

473 3232 691 3270 familias
745 3257 762 3270 ι
811 3239 1090 3270 ΩΑηηιιεη-..
1118 3253 1294 3270 ..-μιν
1320 3263 1361 3270 κ-
1495 3263 1507 3270 .
1704 3268 1711 3270 Α
1835 3262 1868 3270 ..
1969 3265 1980 3270 -

2145 3144 2235 3237 λός
2255 3144 2602 3248 ἀντὶθηρίωιν,
2616 3144 2889 3253 ιὲερέδξὲἇ
2904 3144 3155 3258 πατριᾶς
3170 3212 3188 3244 ι
3198 3144 3430 3264 πέτριὰν
3440 3144 3721 3270 ⁸ἕὲιόνοιιωὶ-

472 3232 711 3291 familia.
743 3257 762 3290 ι
809 3239 1093 3300 Familiam
1117 3253 1366 3308 nominat
1403 3263 1608 3311 emtum
1663 3268 1718 3314 et
1764 3262 2043 3320 collectio-

468 3341 594 3382 nem
624 3334 897 3390 rationum
929 3339 997 3393 ad
1025 3341 1270 3398 divinum
1302 3363 1503 3404 numen
1521 3351 1878 3409 obtinendum
1909 3372 2042 3412 con-

466 3417 821 3487 ducentium;
869 3431 1330 3495 quemadmodum
1392 3447 1449 3493 et
1506 3440 1707 3496 Paulus
1754 3454 2035 3502 testatur:

470 3527 490 3560 α
521 3508 600 3562 Ex
629 3528 737 3579 quo
766 3518 947 3574 omnis
982 3520 1186 3578 familia
1224 3537 1277 3582 et
1307 3529 1359 3582 in
1393 3531 1555 3596 caelo,
1589 3543 1643 3586 et
1675 3538 1728 3590 in
1762 3546 1903 3592 terra
1937 3556 2036 3593 no-

463 3602 794 3659 minatur".
833 3627 853 3659 ι
913 3612 1075 3669 Addit
1127 3628 1314 3685 postea
1347 3637 1366 3675 :
1401 3641 1419 3672 ι
1450 3622 1722 3683 Videbunt
1780 3634 1918 3687 recti
1979 3646 2033 3689 et

461 3693 750 3759 timebunt,
777 3718 795 3750 ι
830 3717 939 3771 quo
962 3705 1253 3776 signiﬁcat,
1290 3711 1524 3782 justum,
1570 3718 1697 3772 dum
1745 3726 1933 3780 oculos
1968 3727 2034 3780 ad

457 3794 668 3842 tantum
699 3790 788 3846 Dei
816 3795 1208 3866 benignitatem
1236 3808 1533 3872 convertit,
1582 3821 1826 3870 metuere
1858 3837 1871 3873 :
1905 3835 2029 3874 nam

455 3881 831 3940 custodiendis
874 3888 1032 3944 bonis
1085 3909 1190 3948 non
1247 3897 1521 3954 modicum
1579 3907 1890 3970 prreSidium
1947 3922 2031 3969 est

451 3967 640 4032 timor.
681 3974 773 4040 qui
822 3981 1217 4045 praeteritorum
1264 3993 1640 4048 recordatione
1679 3998 1744 4050 ad
1800 4011 2028 4058 eventus

451 4053 672 4114 futuros
709 4063 1238 4159 moderatum‘eHicit
1278 4093 1426 4143 cuin,
1458 4097 1619 4150 quem
1653 4101 1816 4154 prava
1845 4090 2025 4159 aliqua

451 4147 668 4206 affectio
723 4159 1003 4225 concitat;
1045 4145 1154 4233 'qui
1211 4169 1441 4235 proinde
1475 4145 1620 4229 ‘dum
1654 4145 2021 4247 .dominatur,

446 4339 587 4383 etam
623 4333 938 4394 facilitatem
969 4348 1337 4417 exterminat,
1393 4370 1414 4405 ι
1441 4371 1563 4411 mox
1595 4362 1784 4415 omnis
1815 4363 2020 4435 iniqui-

449 4431 550 4484 tas,
577 4442 598 4476 ι
626 4424 823 4496 inquit,
892 4437 1202 4503 «Oppilabit
1235 4457 1300 4496 os
1343 4460 1524 4501 suum.
1565 4468 1582 4500 ι
1643 4450 1813 4516 Quam
1861 4424 2018 4513 beata

445 4512 538 4567 illa
570 4516 698 4582 vita,
738 4519 790 4572 in
822 4537 929 4590 qua
970 4525 1277 4595 iniquitatis
1309 4549 1392 4600 os,
1432 4542 1590 4608 quasi
1629 4545 1831 4614 aliquis
1869 4553 2016 4606 omni

2145 3261 2247 3328 ζει,
2269 3265 2330 3318 τὸ
2353 3265 2605 3340 σύστημα
2624 3272 2731 3324 τῶν
2756 3277 2834 3338 είς
2857 3277 2945 3330 τὸν
2962 3281 3100 3335 θεῖον
3133 3261 3427 3355 κατάλογον
3456 3289 3565 3358 (59)
3588 3261 3719 3342 συν-

2143 3355 2452 3412 τελούντων.
2473 3358 2662 3420 Ὠςκαὶ
2677 3364 2705 3415 6
2731 3362 3048 3431 Ἀπόστολος
3071 3373 3388 3441 (60)λὲγει·‹
3419 3355 3505 3446 Ἐξ
3525 3355 3587 3434 οὐ
3604 3384 3717 3435 πᾶ-

2144 3457 2211 3493 σα
2230 3442 2431 3514 πατριά
2452 3446 2509 3495 ὲν
2538 3447 2770 3519 οὐρανῷ,
2794 3453 2887 3506 καὶ
2915 3455 3007 3508 ἐπὶ
3031 3459 3132 3529 γῆς
3152 3442 3502 3532 όνομάζεταιξ
3534 3489 3551 3519 ι
3579 3467 3714 3524 Εἶτα

2140 3530 2375 3598 ἐπάγει·
2419 3535 2498 3588 ὅτι
2542 3557 2559 3587 ι
2608 3539 2830 3609 ὄψονται
2863 3546 3057 3614 εὐθεῖς,
3099 3554 3192 3605 καὶ
3230 3556 3649 3628 φοϐηθήσονται.
3687 3581 3709 3613 ι

2138 3623 2414 3677 Διδάσκων
2445 3627 2532 3682 διὰ
2551 3630 2659 3683 τῶν
2689 3634 2993 3704 εἰρημένων
3015 3641 3093 3694 ὅτι
3121 3644 3258 3714 πρὸς
3406 3623 3712 3724 ςοιλανθρω-

2137 3715 2268 3768 πίαν
2301 3717 2501 3787 ταύτην
2529 3719 2741 3790 βλέπων
2781 3727 2809 3778 6
2852 3730 3014 3794 εὐθὺς
3046 3715 3343 3800 φοϐείσθω.⁷
3372 3715 3445 3794 οὐ
3475 3741 3584 3812 γὰρ
3603 3715 3709 3814 ’μι-

2137 3806 2265 3876 κρὸν
2293 3809 2400 3861 τῶν
2453 3812 2670 3880 ἀγαθῶν
2716 3818 3081 3893 φυλακτήριον
3111 3828 3139 3879 6
3166 3829 3330 3897 φόϐος
3367 3806 3592 3900 γίνεταί,
3613 3806 3706 3907 ’τῇ

2138 3901 2325 3972 μνήμῃ
2352 3903 2460 3956 τῶν
2501 3912 2906 3978 προγεγονότων
2945 3917 3081 3986 πρὸς
3122 3920 3184 3972 τὸ
3212 3923 3407 3994 ἐφεξῆς
3438 3901 3710 3997 σωφρονῇ

2133 3989 2239 4053 ζων
2287 3992 2376 4044 τὸν
2422 3995 2480 4048 ἐν
2521 3999 2682 4051 πάθει
2726 4003 3030 4073 γενόμενον.
3082 4004 3156 4063 υῦ
3210 4018 3704 4086 κατακρατοῦντος,

2130 4080 2225 4132 καὶ
2264 4083 2443 4137 πᾶσαν
2479 4087 2576 4157 τὴν
2609 4089 2696 4142 διὰ
2735 4093 3060 4164 χαυνότητος
3088 4099 3222 4170 πρὸς
3255 4103 3313 4154 τὸ
3351 4080 3516 4159 κακὸν
3549 4080 3702 4176 γινοζ

2131 4169 2298 4240 μένην
2329 4174 2578 4230 εὐκολίαν
2611 4180 2766 4249 ἡμῶν
2795 4183 3146 4254 ὲξορίζοντος,
3185 4209 3204 4237 ι
3235 4194 3403 4255 πᾶσα,
3435 4215 3452 4246 ι
3497 4199 3700 4268 φησιν,

1995 4304 2022 4315 ,,
2133 4281 2151 4312 ι
2185 4263 2381 4333 ἀνομία
2411 4268 2676 4339 ἐμφράξει
2704 4273 2763 4326 τὸ
2789 4277 2962 4345 στόμα
2993 4280 3178 4352 αὐτῆς.
3215 4303 3234 4336 t
3267 4285 3352 4350 Ὠς
3377 4263 3643 4362 μακάριος
3670 4296 3702 4348 ὁ

2127 4353 2241 4422 βίος
2273 4357 2497 4423 ἐκεῖνος,
2538 4365 2597 4415 ὲν
2628 4358 2673 4432 ᾧ
2713 4366 2775 4418 τὸ
2814 4369 2912 4439 τῆς
2945 4371 3174 4443 ἀνομίας
3213 4353 3406 4449 στόμα,
3443 4353 3701 4457 καθάπερ

2047 4496 2100 4556 D
2125 4463 2210 4507 τις
2252 4445 2512 4521 βορϐόρου
2562 4457 2710 4526 πηγὴ
2750 4459 2882 4526 (61),
2921 4465 2999 4526 εἰς
3045 4465 3105 4518 τὸ
3135 4445 3379 4537 διηνεκὲς
3409 4445 3698 4548 ἑμιρραγήζ

2126 4553 2295 4604 σεται,
2331 4543 2514 4595 οὐκέτι
2559 4548 2624 4613 τῇ
2682 4547 2914 4623 δυσωδίᾳ
2960 4555 3050 4607 τὸν
3103 4557 3212 4612 τῶν
3241 4543 3540 4633 ἀνθρώπων

444 4604 590 4673 (ους,
634 4610 688 4664 in
727 4628 1046 4684 perpetuum
1082 4625 1422 4696 obstruetur,
1465 4650 1572 4689 non
1610 4641 1849 4708 amplius
1869 4650 2014 4698 tetro

444 4699 544 4732 Ilnn
575 4702 741 4732 nan-..
785 4708 947 4732 -.:......
1563 4729 1572 4732 _

2144 4631 2508 4699 ιαταμολύνοα
2530 4604 2661 4706 (δέ).
2679 4638 2826 4712 Αὕτη
2852 4608 2995 4698 ἐστὶν
3025 4649 3056 4718 ἡ
3078 4649 3186 4702 τῶν
3211 4604 3430 4732 ἁγαθῖῦν
3452 4604 3690 4730 κορυῗρὴ,

443 4699 546 4753 hoc
574 4702 742 4760 odore
785 4708 949 4762 vitam
997 4713 1285 4774 humanam
1338 4729 1742 4787 contaminatis.
1795 4733 1895 4791 Hic
1936 4749 2019 4794 est

439 4790 713 4849 bonorum
761 4803 1007 4857 omnium
1064 4818 1271 4872 vertex.
1330 4823 1386 4870 et
1433 4820 1615 4875 omnis
1663 4825 1776 4892 Spei
1829 4839 2014 4897 caput,

440 4882 568 4940 linis
608 4889 776 4945 totius
805 4892 1187 4964 beatitudinis,
1242 4906 1504 4962 nimirum
1553 4921 1612 4966 ut
1655 4882 1850 4972 natura
1897 4882 2016 4975 am-

437 4974 583 5042 ptius
624 4993 734 5034 non
774 4983 1026 5041 turbetur
1053 5005 1084 5043 a
1121 4993 1346 5060 malitia,
1391 4992 1486 5055 sed
1519 5014 1576 5057 ut
1597 5008 1779 5062 omnis
1812 5010 2016 5081 iniqui-

435 5074 522 5120 tas
551 5072 740 5136 procul
773 5073 1095 5147 ahlegetur;
1134 5099 1258 5154 qua:
1292 5088 1437 5145 haud
1471 5094 1575 5148 alia
1615 5095 1803 5161 fuerit.
1846 5072 2010 5172 quam

434 5158 553 5222 ipse
609 5157 920 5231 iniquitatis
976 5186 1247 5244 repertor.
1299 5180 1412 5237 Hoc
1467 5188 1612 5242 enim
1663 5193 2010 5251 collectivum

431 5245 563 5299 illud
598 5252 946 5321 vocabulum,
979 5266 1172 5331 omnis,
1218 5269 1530 5344 signiﬁcat;
1573 5280 1895 5341 obstruetur
1927 5289 2010 5344 vi-

503 5380 546 5411 "
572 5381 760 5442 Matth.
786 5407 904 5456 vm,
946 5397 1030 5450 12.
1113 5401 1154 5432 "
1183 5402 1379 5474 Ephcs.
1415 5425 1496 5477 ιιι,
1531 5411 1614 5470 i5.

497 5514 610 5586 ('57)
638 5520 826 5577 Αὐτῶν
855 5527 978 5582 add.
1007 5531 1093 5586 ed.

498 5584 610 5652 (58)
643 5590 757 5652 Ἐκ,
784 5595 871 5649 ed.

643 5659 716 5743 [ὁ
827 5669 972 5743 κοιτάΔ
1000 5669 1193 5743 λόγων,
1229 5679 1316 5736 ed.

501 5723 614 5786 (60)
646 5729 873 5799 Παῦλος,
906 5739 995 5793 ed.

2117 4721 2179 4774 τὸ
2211 4723 2319 4776 τῶν
2354 4725 2581 4781 ἐλπίδων
2613 4732 2933 4800 κεφάλαιον,
2964 4737 3026 4790 τὸ
3069 4725 3463 4818 πέραςρπάσης

2119 4815 2385 4887 ριότητος,
2421 4819 2481 4870 τὸ
2508 4822 2702 4891 μηκέτι
2729 4823 3049 4894 διοχλεῖσθαι
3074 4832 3178 4885 ὐπὸ
3224 4815 3428 4900 κακίας*
3448 4815 3545 4909 τὴν
3579 4842 3688 4910 φύ-

2118 4920 2237 4959 σιν·
2277 4907 2417 4962 ἀλλὰ
2445 4909 2545 4981 τὴν
2590 4914 2768 4966 πᾶσαν
2819 4917 3045 4988 ἀνομίαν
3081 4922 3354 4997 (65)·αὐτη
3391 4928 3434 4981 δ’
3484 4907 3549 4983 ἀν
3593 4907 3685 5004 εἴη

2115 4998 2144 5048 6
2181 4999 2408 5071 εὑρετὴς
2458 5003 2556 5072 τῆς
2607 5005 2837 5076 ἀνομίας
2892 5010 3060 5066 Τοῦτο
3094 5013 3201 5085 γὰρ
3242 5017 3274 5086 ἡ
3319 4998 3687 5096 περιληπτικῆ

2114 5087 2456 5161 διασημαίνει
2493 5096 2664 5166 φωνὴ,
2701 5099 2976 5170 ἐμφράξαι
3003 5104 3065 5156 τὸ
3091 5105 3264 5177 στόμα
3313 5087 3511 5175 ἐκεῖνο,
3552 5106 3614 5166 οὗ

2113 5181 2264 5252 φωνὴ
2323 5184 2382 5235 τὸ
2438 5188 2715 5258 καταρχὰς
2780 5191 3010 5248 θανάτου
3065 5196 3161 5268 ὕλη
3219 5203 3333 5264 τοῖς
3375 5181 3685 5275 ἀνθρώποις

2111 5272 2345 5339 ἐγένετο.
2391 5276 2560 5332 Ὅταν
2588 5276 2679 5333 οὐν
2713 5282 3016 5357 ἐξαιρεθείη
3051 5291 3158 5343 πᾶν
3185 5291 3245 5344 τὸ
3264 5292 3339 5364 τῷ
3377 5272 3490 5366 (Ml
3530 5297 3682 5370 καλῷ

2179 5561 2290 5640 et)
2320 5561 2733 5640 Quidam-ium.

2319 5633 2726 5706 Καταμολύνονζ
2757 5643 2844 5698 ed.

2321 5702 2628 5786 Ἐμφράξαι
2659 5702 2783 5767 add.
2814 5716 2900 5772 ed.

2178 5773 2288 5844 (64)
2321 5773 2410 5848 Τῷ
2439 5773 2564 5833 om;
2582 5790 2665 5836 ca.
