3982 6474
73 5426 80 5454 l

197 388 288 443 181
1585 386 1647 444 ΙΝ
1684 385 2011 444 PSALMOS.

3312 388 3417 442 £82

194 499 582 568 ἀντικείμενον,
609 500 787 573 ὲκείνη
810 501 1081 570 ἐκδέξεται
1110 474 1254 576 ἡμᾶς
1273 506 1306 576 ἡ
1326 501 1670 567 κατάστασις,
1691 497 1758 573 ἧς

1870 498 2056 554 ielicet
2088 512 2150 553 os
2176 496 2349 562 illius,
2385 495 2543 565 cujus
2600 511 2707 553 vox
2741 496 2901 552 initio
2951 495 3271 554 hominibus
3304 515 3420 551 [Ita-

194 594 363 655 οὐδεὶς
413 592 568 661 λόγος
603 593 844 664 μηνυτὴς
892 594 1275 666 εὑρεθήσεται,
1315 596 1350 665 ἦ
1389 612 1475 658 τις
1508 592 1646 663 ὑπὲρ
1679 590 1756 669 ατ-

194 682 382 754 σθησίν
425 700 485 735 τε
527 684 620 734 καὶ
666 683 865 750 γνῶσιν
896 679 1035 737 εῖναι
1074 683 1224 755 παρά
1251 684 1349 754 τῆς
1389 683 1538 746 θείας
1574 672 1756 750 φωνῆς

195 771 629 843 μεμαρτύρηται.
645 770 863 834 Τούτοις
875 773 1068 841 ἐπάγει
1085 772 1335 844 καθάπερ
1353 774 1475 828 τινὰ
1492 771 1757 842 σφραγῖδα

194 865 289 928 τὰς
334 864 427 917 ἐπὶ
458 864 602 917 τέλει
629 863 808 931 φωνὰς
837 864 1169 933 λέγων’«Τίς
1194 866 1376 933 σοφὸς,
1404 866 1498 919 καὶ
1536 863 1757 933 φυλάξει

187 955 361 1008 ταῦτα
386 972 399 985 ·
432 955 525 1007 καὶ
568 957 853 1025 συνήσουσι
895 956 961 1009 τὰ
997 955 1118 1025 ἐλέη
1167 954 1259 1009 τοῦ
1277 953 1517 1025 Κυρίου;
1544 953 1759 1027 »ἐπειδὴ

190 1046 299 1116 γὰρ
329 1045 491 1111 διττλῆ
530 1049 563 1117 ή
601 1046 698 1116 τῆς
742 1046 931 1115 σοφίας
965 1046 1243 1116 ἐνέργεια,
1271 1046 1423 1117 καὶὴ
1473 1044 1573 1115 μέν
1612 1047 1759 1099 ἐστιν

190 1137 514 1206 ἐρευνητική
549 1154 609 1189 τε
658 1137 755 1189 καὶ
814 1135 1080 1205 ζητητικὴ
1124 1135 1232 1188 τῶν
1287 1136 1759 1207 συμφερόντων,ή

190 1227 243 1279 δὲ
279 1226 585 1297 φυλακτικὴ
640 1216 748 1281 τῶν
798 1227 1155 1298 εὑρεθέντων·
1196 1226 1261 1278 τὸ
1308 1226 1365 1278 ἒν
1422 1227 1521 1295 τῆς
1569 1225 1761 1293 σοφίας

191 1316 371 1389 ἔργον,
400 1318 460 1371 τὺ
483 1317 769 1389 ζητητικόν
796 1317 958 1384 λέγω,
982 1317 1292 1369 πεπαῦσθαι
1312 1316 1612 1385 τηνικαῦτα
1638 1315 1760 1386 βού-

192 1420 360 1463 λεται.
384 1409 477 1472 Είς
498 1408 549 1461 τί
566 1409 673 1478 γὰρ
697 1410 762 1478 τῇ
796 1408 1019 1477 ζητήσει
1041 1406 1356 1478 χρησόμεθα
1380 1405 1470 1458 τοῦ
1493 1404 1758 1475 ζητουμέ-

192 1521 284 1557 νου
309 1503 573 1574 παρόντος
593 1520 607 1566 ;
641 1502 698 1555 ἓν
721 1501 878 1571 ἔργον
900 1501 1011 1572 (65)
1030 1501 1084 1552 δὲ
1111 1500 1268 1569 μόνον
1287 1498 1491 1551 κελεύει
1511 1497 1570 1549 τὸ
1590 1496 1762 1549 λειπό-

193 1609 355 1663 μενον
388 1591 651 1657 γίνεσθαι,
674 1592 819 1654 ὅπως
841 1590 908 1643 ἂν
938 1589 1229 1660 φυλαχθείη
1260 1589 1320 1641 τὸ
1347 1587 1597 1658 πορισθὲν
1622 1590 1754 1655 ἁγα-

192 1681 456 1748 θδν,πρὸς
474 1681 630 1734 τοῦτο
658 1682 755 1752 τῆς
780 1682 972 1751 σοφίας
1003 1681 1135 1751 ἡμῖν
1162 1677 1544 1748 συνεργούσης.
1580 1676 1674 1740 Τίς
1705 1676 1761 1728 δὲ

193 1776 226 1844 ἡ
255 1773 438 1842 σοφία,
461 1774 552 1826 καὶ
580 1772 662 1836 τίς
691 1775 723 1844 ἡ
758 1773 864 1825 τῶν
894 1771 1112 1840 ἀγαθῶν
1141 1773 1286 1823 ἐστιν
1321 1770 1566 1839 φυλακῆς
1596 1768 1656 1821 τὸ
1685 1766 1760 1838 μὴ

1856 590 2048 645 teriam
2104 588 2294 643 mortis
2353 588 2601 657 praebuit.
2659 587 2887 654 Quando
2936 588 3102 658 igitur
3136 590 3419 644 sublatum

1857 680 2022 736 fuerit
2055 693 2216 734 omne
2249 678 2379 732 illud
2411 677 2557 749 quod
2582 679 2725 733 bono
2765 678 3107 744 adversatur,
3157 688 3273 736 tum
3315 697 3416 736 nos

1856 768 2120 838 suscipiet
2155 768 2245 822 ille
2278 775 2455 824 status
2510 783 2675 839 quem
2720 768 2869 823 nulla
2918 770 3097 825 oratio
3141 771 3418 841 explicare

1857 868 2058 929 potest,
2081 858 2175 929 qui
2206 867 2261 913 et
2349 874 2568 914 sensum
2599 866 2653 914 et
2675 859 3087 931 intelligentiam
3162 862 3218 916 in
3245 862 3420 916 sacris

1859 952 2081 1007 Litteris
2112 966 2373 1022 superare
2405 951 2688 1006 dicitur”.
2711 949 2810 1007 His
2840 953 3095 1009 omnibus
3131 955 3289 1023 quasi
3334 955 3407 1009 si-

1858 1042 2043 1114 gillum
2068 1042 2166 1098 has
2190 1049 2461 1098 extremas
2480 1057 2640 1098 voces
2659 1041 2904 1115 adjungit
2922 1056 2936 1093 :
2956 1062 2975 1095 ι
3006 1044 3141 1110 Quis
3174 1045 3418 1115 sapiens,

1858 1143 1912 1189 et
1940 1135 2216 1189 custodiet
2266 1135 2405 1199 haec,
2459 1144 2513 1189 et
2543 1134 2809 1205 intelliget
2855 1136 3261 1192 misericordias
3312 1136 3418 1191 Do-

1859 1223 2034 1277 mini?
2055 1218 2222 1275 iCum
2240 1219 2383 1276 enim
2405 1225 2685 1293 sapientia:
2704 1226 2848 1282 actio
2885 1226 3084 1296 duplex
3111 1229 3218 1285 sit:
3247 1230 3422 1284 altera

1861 1330 1982 1385 quae
2004 1314 2224 1384 indagat
2246 1315 2513 1385 etqurerit
2539 1316 2714 1380 utilia,
2751 1317 2927 1372 altera
2953 1334 3076 1387 quae
3112 1327 3266 1388 parta
3300 1334 3420 1373 ser-

1860 1413 1983 1459 vat:
2016 1405 2163 1459 illam
2196 1407 2410 1476 quidem
2434 1407 2712 1477 sapientiae
2742 1406 3033 1473 actionem,
3079 1425 3202 1478 quae
3248 1411 3300 1463 in
3335 1410 3422 1463 in-

1864 1495 2216 1566 vestigatione
2254 1497 2525 1561 consistit,
2580 1495 2781 1551 indicat
2835 1508 2965 1553 tunc
3023 1510 3362 1555 cessaturam
3406 1518 3420 1553 :

1860 1586 1990 1655 quid
2044 1587 2189 1641 enim
2228 1602 2366 1656 Oplls
2424 1595 2506 1642 est
2559 1587 2942 1657 inquisitione,
2989 1603 3116 1643 cum
3171 1590 3224 1644 id
3271 1590 3419 1660 quod

1861 1679 2147 1748 quaeritur,
2174 1678 2367 1734 adest?
2405 1680 2501 1735 sed
2538 1680 2766 1734 alteram
2804 1681 3179 1736 tantummodo
3224 1682 3424 1737 durare

1863 1780 1919 1823 et
1947 1784 2107 1840 agere
2138 1772 2381 1840 postulat
2420 1779 2480 1825 ut
2520 1773 2722 1827 bonum
2751 1772 3003 1844 adeptum
3058 1774 3420 1840 custodiatur,

193 1865 465 1926 ἀσυνέτως
482 1864 576 1934 τῆς
593 1863 738 1926 θείας
760 1862 1162 1935 φιλανθρωπίας
1177 1861 1340 1931 ἔχειν.
1358 1860 1414 1912 ’0
1443 1860 1549 1931 γὰρ
1568 1859 1763 1929 συνεὶς,

1870 1862 2152 1931 adjuvante
2182 1877 2282 1918 nos
2312 1864 2378 1917 ad
2407 1863 2511 1918 hoc
2558 1864 2737 1934 ipsum
2788 1865 3076 1935 sapientia.
3124 1865 3255 1932 Quae
3292 1882 3422 1922 vero

194 1949 267 2009 ὧν
285 1954 607 2026 τετύχηκεν,
626 1956 725 2007 οὐκ
747 1955 811 2008 ἂν
831 1955 1048 2025 πρόοιτο
1064 1953 1174 2023 (66)
1195 1952 1254 2005 τὸ
1275 1952 1492 2021 ἀγαθὸν,
1510 1944 1569 2004 οὐ
1596 1951 1762 2020 ἠξίω-

106 2050 111 2059 ”
192 2066 308 2101 ται.
342 2048 399 2099 Ὀ
427 2048 479 2100 δὲ
508 2046 776 2110 ἀσυνέτως
805 2046 941 2116 ἔχων
964 2046 1065 2115 τῆς
1089 2045 1326 2116 χάριτος,
1357 2043 1549 2097 ταύτὸν
1583 2045 1763 2097 πείσε-

194 2159 281 2193 ται
317 2143 431 2203 τοῖς
459 2141 692 2208 τυφλοῖς,
720 2140 770 2192 οἳ
806 2141 1149 2212 μαργαρίτην
1177 2140 1209 2209 ἢ
1237 2137 1562 2208 σμάραγδον,
1591 2136 1764 2206 ἤτινα

195 2233 300 2285 τῶν
332 2232 525 2301 τιμίων
548 2232 706 2284 λίθων
732 2233 790 2285 ἐν
809 2232 964 2302 χερσὶ
987 2231 1257 2292 λαϐόντες,
1296 2229 1371 2291 ὼς
1407 2228 1610 2298 ψηφίδα
1646 2225 1766 2278 τινὰ

199 2327 302 2379 σῶν
333 2326 551 2378 είκαίων
585 2324 696 2394 (67)
727 2324 1173 2395 ἀπορρίπτουσιν,
1217 2320 1405 2389 ἀγνοίᾳ
1428 2317 1520 2370 τοῦ
1542 2316 1767 2378 κάλλους

193 2418 463 2479 ἀκουσίως
492 2415 854 2487 ζημιωθέντες
879 2414 972 2467 τοῦ
1002 2415 1298 2484 κτήματος,

1868 1956 1981 2009 lucc
2011 1963 2094 2010 est
2130 1956 2417 2027 sapientia,
2453 1964 2508 2011 et
2549 1957 2819 2011 bonorum
2858 1957 3146 2012 custodia?
3187 1955 3264 2013 Ne
3297 1960 3424 2028 quis

1867 2044 2061 2099 divinae
2112 2046 2468 2103 humanitatis
2527 2054 2581 2101 et
2648 2047 3003 2118 benignitatis
3053 2049 3126 2103 sit
3175 2049 3329 2105 rudis
3371 2059 3425 2104 et

1869 2136 2110 2207 ignarus.
2146 2135 2282 2191 Nam
2308 2138 2401 2207 qui
2433 2137 2682 2209 intelligit
2711 2153 2833 2208 qua:
2876 2146 3164 2193 assecutus
3211 2146 3314 2203 est,
3378 2138 3428 2194 is

1872 2229 2183 2297 neutiquam
2220 2228 2475 2296 abiecerit
2496 2229 2697 2283 bonum
2724 2227 2878 2293 illud,
2905 2244 3015 2299 quo
3046 2228 3284 2285 donatus
3314 2236 3421 2284 est.

1871 2319 1940 2371 At
1979 2319 2071 2387 qui
2098 2320 2327 2388 gratiam
2356 2335 2464 2373 non
2488 2320 2763 2389 intelligit,
2788 2321 2840 2376 ei
2872 2320 3013 2375 idem
3042 2320 3239 2376 accidit
3280 2321 3427 2391 quod

1872 2409 2053 2471 cacis,
2085 2408 2191 2483 qui
2210 2411 2559 2481 margaritam
2587 2410 2669 2464 vel
2691 2410 3061 2481 smaragdum,
3083 2412 3165 2465 vel
3195 2412 3428 2482 aliquem

193 2510 561 2578 pretiosorum
594 2507 828 2579 lapidum
870 2522 1032 2561 manu
1074 2515 1338 2569 tenentes,
1383 2512 1444 2559 ut
1472 2503 1741 2558 calculum
1774 2503 2007 2573 aliquem
2041 2502 2314 2573 vulgarem
2341 2510 2395 2558 et
2422 2503 2623 2572 passim
2654 2504 2871 2558 obvium
2922 2504 3205 2573 abjiciunt,
3237 2507 3327 2576 qui
3360 2507 3431 2562 ob

191 2602 558 2671 ignorantiam
605 2598 1028 2673 pulchritudinis
1083 2612 1203 2669 quae
1259 2597 1315 2651 in
1372 2604 1522 2651 tanta
1570 2610 1628 2650 re
1673 2598 1832 2661 inest,
1862 2611 1925 2653 ea
1959 2604 2154 2667 praeter
2179 2611 2334 2653 suam
2372 2598 2705 2651 voluntatem
2739 2598 3041 2668 privantur.

733 2736 1129 2793 ΚΕΦΑΛᾹΙΟΝ
1167 2735 1242 2789 Θί.

269 2857 486 2920 Ταύτας
518 2855 577 2908 δὲ
618 2854 718 2918 τὰς
747 2854 908 2908 πέντε
946 2852 1054 2907 τῶν
1090 2850 1318 2922 ψαλμῶν
1351 2848 1669 2921 διαιρέσεις,
1700 2849 1768 2902 δι’

191 2945 279 3006 ὗν
331 2949 580 3019 καθάπερ
618 2946 768 3008 τινὰς
814 2944 1052 3015 βαθμοὺς
1097 2942 1338 3011 ἀλλήλων
1393 2939 1768 3012 ὑπερανεστῶο

190 3059 302 3104 τας
325 3041 438 3111 (68)
461 3039 598 3093 κατά
629 3019 971 3097 τιναῖἶὲἐως
997 3033 1314 3087 ἀκολουθίαν
1340 3032 1772 3101 κατανοήσαντες

2458 2731 2690 2791 CAPUT
2747 2732 2838 2789 IX.

1940 2846 2062 2900 Istae
2120 2844 2288 2915 igitur
2334 2855 2463 2901 sunt
2519 2844 2765 2916 quinque
2818 2843 3031 2916 partitae
3078 2841 3426 2900 Psalmorum

1868 2938 2191 3004 divisiones,
2220 2953 2355 3010 quas
2389 2945 2647 3007 tanquam
2690 2936 2895 3007 gradus
2937 2936 3228 3007 quosdam,
3296 2937 3431 2990 alios

1873 3033 1997 3087 aliis
2024 3032 2268 3093 altiores,
2300 3029 2602 3086 secundum
2652 3028 2942 3099 quamdam
2993 3027 3203 3083 ordinis
3237 3030 3432 3083 seriem

194 3134 270 3185 ἐκ
301 3131 412 3183 τῶν
452 3129 751 3200 εἰρημένων
778 3127 1122 3197 διεκρίναμεν
1150 3124 1408 3195 σημείων,
1438 3124 1518 3175 ὅτι
1541 3122 1769 3175 ἑκάστου

1874 3122 2271 3189 consideratas,
2311 3135 2376 3175 ex
2410 3118 2648 3189 propriis
2678 3118 2847 3190 signis
2884 3127 2939 3174 et
2972 3117 3190 3174 indiciis
3219 3118 3424 3173 discre-

194 3224 499 3293 τμήματος
530 3223 563 3291 ἡ
614 3218 901 3272 τελευταία
927 3217 1077 3288 φωνὴ
1114 3216 1300 3269 στάσιν
1331 3215 1455 3267 τινὰ
1488 3212 1581 3267 τοῦ
1615 3212 1773 3280 λόγου

197 3316 302 3366 καὶ
326 3313 481 3383 βάσιν
509 3312 608 3382 τῆς
636 3309 871 3372 διανοίας
900 3309 1011 3378 ἔχει
1036 3348 1052 3374 ,
1087 3306 1534 3379 περιγράφουσαν
1563 3306 1620 3358 ὲν
1651 3304 1776 3356 ἑαυ-

196 3408 275 3475 τῇ
310 3404 419 3456 τῶν
470 3401 891 3473 προηνυσμένων
937 3400 1001 3453 τὸ
1046 3399 1239 3470 πέρας,
1272 3398 1357 3451 διά
1388 3397 1488 3467 τῆς
1509 3394 1773 3462 δοξολογι-

200 3497 313 3566 κῆς
344 3512 401 3547 τε
451 3496 544 3547 κα)⁸
602 3493 921 3564 εὐχαρίστου
953 3492 1133 3561 φωνῆς
1161 3492 1261 3562 τῆς
1284 3483 1775 3558 λεγούσης,‹Εὐλο-

199 3584 381 3654 τητδς
406 3582 605 3653 Κύριος
638 3584 716 3645 εἰς
737 3582 826 3634 τὸν
854 3580 1043 3641 αἰῶνα,
1063 3581 1292 3651 γένοιτο,
1308 3578 1532 3648 γένοιτο.
1552 3575 1649 3628 »Τὸ
1668 3571 1775 3640 γὰρ

198 3676 393 3745 νόημα
423 3674 650 3737 τούτων,
692 3671 1009 3743 εὐχαριστία
1039 3668 1122 3731 τίς
1148 3666 1257 3737 (69)
1290 3668 1436 3719 ἐστιν
1464 3665 1540 3727 είς
1573 3661 1633 3715 τὸ
1661 3661 1777 3731 διη-

198 3764 373 3826 νεκὲς
418 3762 805 3833 παραμένουσα
831 3779 845 3794 ο
903 3757 1084 3828 ἐπειδὴ
1131 3756 1230 3811 οὐκ
1275 3752 1505 3818 είσάπαξ
1551 3753 1717 3806 εἰπὼν
1748 3754 1776 3805 6

198 3855 373 3920 λόγος
395 3855 660 3919 ,ι’ένοιτο,
680 3851 875 3918 ἔστησε
908 3848 1004 3918 τὴν
1050 3846 1326 3915 εὐλογίαν,
1358 3845 1491 3898 ἀλλὰ
1520 3846 1585 3913 τῇ
1621 3844 1774 3915 δισσῇ

198 3940 479 4013 ἀναλήψει
516 3941 614 4010 τῆς
656 3938 838 4008 φωνῆς
867 3939 925 3989 ἐν
964 3939 1029 4008 τῇ
1074 3936 1390 4008 εὐχαριστίᾳ
1422 3933 1695 4003 νομοθετεί
1718 3932 1778 3984 τὸ

200 4032 412 4087 ἀΐδιον.
456 4031 541 4082 Ἐν
565 4031 776 4098 ἑκάστῳ
804 4029 860 4081 δὲ
903 4029 1056 4098 μέρει
1099 4025 1205 4079 τῶν
1239 4027 1374 4079 κατά
1405 4025 1472 4077 τὰ
1503 4025 1612 4094 (70)
1639 4025 1779 4094 τμή-

204 4141 363 4193 ματα
412 4120 583 4175 ταῦτα
625 4118 1013 4187 διαιρεθέντων,
1045 4117 1172 4170 ἴδιόν
1212 4133 1264 4169 τι
1307 4116 1508 4183 ἀγαθὸν
1553 4117 1581 4167 6
1621 4114 1777 4182 λόγος

199 4212 570 4282 ὲνεθεώρησε,
597 4212 662 4264 δι’
695 4205 755 4265 οὗ
787 4210 993 4278 γίνεται
1026 4210 1157 4278 ἡμῖν
1187 4207 1250 4260 ἐκ
1282 4206 1415 4259 Θεοῦ
1448 4208 1480 4277 ἡ
1513 4205 1777 4276 μακαριό-

198 4323 336 4375 της,
380 4304 518 4356 κατά
554 4320 674 4355 τινα
728 4299 879 4366 τάξιν
917 4297 1205 4351 ἀκόλουθον
1240 4297 1350 4350 τῶν
1400 4299 1457 4349 ἐν
1496 4295 1607 4366 (7|)
1651 4294 1779 4349 έκά·

202 4413 330 4465 στῳ
376 4392 756 4463 θεωρουμένων
789 4389 1039 4457 ἀγαθῶν,
1066 4389 1151 4441 ἀεὶ
1180 4387 1315 4456 πρὸς
1349 4386 1411 4440 τὸ
1450 4385 1778 4456 ὑψηλότερον

1872 3216 2073 3277 vimus,
2093 3211 2222 3282 quia
2252 3210 2518 3281 cujusque
2556 3210 2814 3266 sectionis
2845 3224 2947 3264 vox
2981 3210 3271 3265 terminum
3322 3225 3407 3265 ser

1874 3304 2022 3358 moni
2060 3312 2115 3357 et
2163 3311 2358 3357 metam
2412 3300 2727 3371 cogitationi
2771 3300 2948 3372 ponit,
2997 3301 3432 3370 circumscriptis

1874 3393 2298 3464 pramedentium
2362 3391 2585 3453 ﬁnibus,
2654 3390 2970 3459 hujusmodi
3015 3391 3328 3446 laudatione
3384 3403 3431 3447 et

1873 3487 2170 3557 gratiarum
2208 3484 2466 3539 actione:
2508 3501 2526 3533 σ
2568 3482 2891 3540 Benedictus
2923 3483 3188 3539 Dominus
3232 3485 3288 3538 in
3335 3500 3422 3539 sa:-

1874 3578 2079 3639 culum,
2108 3576 2218 3640 ﬁat,
2252 3577 2364 3630 ﬁat.
2391 3595 2409 3626 ι
2451 3575 2655 3632 Sensus
2674 3575 2819 3631 enim
2850 3576 2936 3632 his
2967 3577 3281 3633 substratus
3302 3594 3425 3634 con-

1874 3671 2010 3724 tinet
2038 3669 2338 3740 gratiarum
2370 3668 2639 3723 actionem
2665 3665 2723 3722 in
2754 3676 3075 3738 perpetuum
3096 3669 3422 3738 durantem;

1875 3760 2309 3832 quandoquidem
2336 3761 2499 3815 semel
2530 3774 2735 3825 vocem,
2770 3784 2788 3816 σ
2820 3762 2933 3825 ﬁat,
2956 3779 2976 3813 ι
3020 3762 3290 3832 posuisse,
3324 3764 3432 3819 sic-

1875 3865 1981 3919 que
2032 3848 2400 3903 laudationem
2450 3850 2777 3904 terminasse
2807 3864 2917 3904 non
2958 3859 3274 3915 contentus,
3312 3868 3431 3908 eam

1876 3942 2162 4011 duplicat:
2204 3956 2309 4010 qua
2354 3940 2601 4008 ejusdem
2657 3941 2810 3995 vocis
2863 3941 3153 3998 iteratione
3194 3943 3431 3999 insinuat

1880 4042 1935 4089 et
1970 4033 2255 4086 conﬁrmat
2334 4031 2753 4101 perpetuitatem
2815 4033 3115 4103 gratiarum
3178 4036 3433 4089 actionis.

1880 4122 2046 4176 Porro
2096 4123 2150 4175 in
2207 4120 2449 4191 qualibet
2495 4130 2651 4188 parte
2689 4120 3070 4189 praedictarum
3127 4124 3433 4178 sectionum

1878 4213 2157 4283 proprium
2215 4211 2493 4282 quoddam
2543 4211 2744 4265 bonum
2809 4212 3242 4269 animadvertere
3290 4216 3433 4282 licet,

1877 4316 1973 4371 per
2001 4300 2145 4371 quod
2177 4300 2334 4354 nobis
2368 4300 2644 4354 beatitudo
2694 4301 2933 4364 obvenit,
2989 4304 3289 4359 secundum
3345 4322 3435 4359 or-

1877 4394 2058 4448 dinem
2098 4393 2408 4464 quemdam,
2442 4392 2535 4462 qui
2579 4391 2634 4446 in
2664 4392 2895 4462 singulis
2926 4394 3034 4449 illis
3069 4395 3225 4449 bonis
3254 4398 3437 4452 inesse

196 4488 316 4558 τὴν
341 4486 518 4555 ψυχὴν
549 4485 648 4536 ὐπε
659 4482 877 4553 ρτιθεὶς,
901 4480 975 4543 ὡς
1014 4479 1078 4533 ἂν
1114 4479 1207 4531 ἐπὶ
1232 4477 1309 4567 τί)Τ
1329 4477 1623 4550 ἀκρότατον
1650 4477 1769 4545 ἀφί-

1882 4483 2262 4555 conspicitur;
2306 4497 2523 4552 semper
2575 4482 2641 4536 ad
2671 4482 2863 4536 altiora
2920 4483 3102 4538 animo
3156 4486 3434 4551 traducto,

199 4596 383 4650 κηται
408 4577 517 4646 (7‘2)
546 4574 652 4628 τῶν
674 4573 910 4643 ἀγαθῶν.

285 4669 461 4722 Τοῦτο
496 4666 551 4719 δέ
603 4667 746 4718 ἐστιν
786 4666 815 4717 ὁ
859 4660 1003 4725 αἶνος
1044 4660 1135 4713 τού
1176 4657 1309 4712 Θεοῦ
1356 4659 1465 4729 (75)
1520 4660 1579 4710 ἐν
1621 4660 1783 4712 πᾶσιν

199 4761 397 4829 ἁγίοις
418 4756 915 4827 ἀποπληρούμενος,
938 4752 1117 4814 καθὼς
1157 4750 1398 4820 περιέχει
1428 4752 1455 4802 ό
1482 4750 1782 4814 τελευταῖος

196 4850 435 4921 ψαλμὸς
450 4849 640 4916 λέγων’
666 4866 683 4897 ‹
696 4849 899 4899 Αἰνεῖτε
918 4844 1004 4896 τὸν
1023 4842 1153 4895 Θεὸν
1170 4843 1227 4894 ὲν
1246 4844 1358 4904 τοῖς
1378 4841 1550 4909 ἁγίοις
1566 4839 1746 4894 αὐτοῦ.
1762 4861 1779 4891 ι

202 4946 400 4998 ὀπου
438 4941 547 5010 (74)
581 4957 600 4989 ί
636 4938 695 4991 τὸ
723 4936 1003 5007 στερέωμα
1028 4933 1128 5003 τῆς
1150 4933 1478 5003 δυνάμεως,ν
1516 4932 1576 4983 τὸ
1600 4934 1662 4984 ὲκ
1692 4932 1782 4984 τοῦ

199 5032 433 5103 ἀγαθοῦ
465 5031 847 5100 ἀμετάπτωτον
874 5025 1269 5097 σημαίνει(75),
1292 5023 1384 5077 καὶ
1406 5022 1462 5074 αἱ
1489 5022 1787 5074 δυναστεῖαι

195 5126 312 5180 τοῦ
332 5120 494 5185 Θεοῦ,
520 5120 579 5174 τὸ
601 5119 793 5190 μηκέτι
813 5117 916 5171 ὐπὸ
937 5115 1132 5178 κακίας
1146 5112 1557 5167 δυναστεύεσθαι
1576 5115 1672 5186 τὴν
1690 5113 1789 5183 φύ-

294 5283 343 5313 ¹ο
376 5277 612 5347 Philipp.
644 5291 717 5338 IV,
747 5273 799 5327 7.
876 5272 917 5302 ’ί
944 5270 1086 5325 Psal.
1120 5283 1205 5334 CL,
1238 5268 1261 5321 l
1292 5281 1412 5337 sqq.

298 5437 417 5522 (ii-:5)
442 5432 826 5522 'EVERYéVn‘Z‘L

297 5502 415 5577 (66)
447 5502 688 5576 Προῖετο.
718 5502 804 5557 ed.

300 5561 422 5665 (67')
474 5561 692 5644 Aliquot
727 5572 1052 5643 exemplaria
1103 5571 1246 5626 edita
1294 5567 1435 5623 male
1480 5563 1681 5620 habent
1708 5561 1788 5615 οἱ·

205 5666 427 5706 καίων.

304 5719 421 5787 (68)
458 5716 676 5785 Aliquot
718 5712 873 5768 codd.
903 5711 1371 5781 ὑπερανεστῦσας.

303 5790 415 5859 (69)
443 5787 538 5850 Τίς
562 5800 672 5843 om.
701 5787 788 5840 ed.

1882 4576 2055 4631 donec
2087 4575 2152 4629 ad
2176 4590 2489 4645 supremum
2540 4575 2785 4629 omnium
2836 4575 3100 4629 bonorum
3145 4577 3436 4648 pertingat.

1955 4666 2068 4721 Hoc
2099 4682 2227 4721 vero
2260 4668 2402 4735 quod
2436 4665 2691 4720 omnibus
2723 4679 3009 4719 commune
3030 4667 3152 4729 erit,
3185 4668 3255 4720 nil
3292 4668 3437 4723 aliud

1883 4766 1986 4821 est,
2022 4774 2186 4828 quam
2220 4758 2396 4812 laudis
2434 4758 2632 4812 divina:
2678 4758 3134 4827 celebratio,qua:
3162 4761 3217 4813 in
3264 4761 3412 4815 omni

1883 4851 1985 4904 bus
2024 4851 2230 4904 sanctis
2264 4848 2659 4918 complebitur;
2689 4860 2850 4918 prout
2889 4849 2941 4903 in
2986 4859 3263 4919 postremo
3293 4855 3412 4921 psal
3498 4853 3502 4857 ’

1886 4955 1975 4993 mo
2017 4940 2250 4995 habetur
2275 4956 2288 4993 :
2309 4959 2326 4990 ι
2340 4938 2580 4995 Laudate
2595 4939 2880 4995 Dominum
2895 4940 2949 4993 in
2967 4941 3175 4996 sanctis
3188 4938 3349 5008 ejus“
3372 4955 3419 4990 ει

1888 5029 1979 5082 ubi
2025 5028 2189 5081 etiam
2229 5047 2246 5079 σ
2272 5027 2669 5081 firmamentum
2712 5027 2930 5082 virtutis
2982 5027 3100 5096 ejus
3126 5045 3146 5078 ι
3188 5026 3421 5079 immuta

1888 5119 2050 5174 bilem
2088 5118 2452 5174 constantiam
2478 5118 2534 5171 in
2559 5119 2699 5173 bono
2726 5116 2993 5189 significat
3022 5136 3035 5171 :
3065 5114 3426 5185 Principatus-

1961 5417 2071 5487 (70)
2104 5418 2184 5471 Τὰ
2206 5432 2316 5470 om.
2349 5418 2445 5470 cd-

1958 5485 2068 5556 (γι)
2092 5490 2180 5541 Ἐν
2217 5503 2325 5541 om.
2349 5488 2432 5541 ed.

1960 5552 1975 5624 (
1987 5552 2071 5625 72)
2102 5558 2404 5627 Ἐφίκηται,
2432 5552 2519 5610 ed.

1963 5623 2073 5697 (73)
2113 5623 2391 5697 ’σμηκέτι
2416 5627 2519 5697 ὐπὸ
2547 5625 2739 5687 κακίας
2768 5623 2890 5679 add.
2919 5624 3000 5679 ed-

1965 5696 2077 5765 (74)
2105 5698 2169 5750 Δὲ
2208 5697 2331 5751 add.
2360 5696 2449 5749 ed.

1969 5770 2078 5841 (75)
2109 5766 2479 5836 Διασημαίνει,
2515 5767 2601 5820 ed.
