3982 6466
570 378 677 436 483

1840 375 1898 431 s.
1932 371 2260 432 onseoan
2297 374 2589 434 NYSSENI
3087 340 3097 352 “
3707 389 3787 447 ω

575 507 682 562 que
714 506 808 546 seu
838 491 1066 545 virtutes
1096 489 1190 545 Dei
1239 487 1540 544 ostendunt
1581 497 1832 544 naturam
1883 505 1990 542 non
2031 505 2141 544 am-

2247 508 2331 544 σιν
2379 491 2794 562 παραδηλοῦσιν.
2835 494 2962 547 Ὅτε
2997 500 3166 567 χωρεῖ
3203 500 3387 558 λοιπὸν
3423 507 3456 577 ὴ
3499 505 3788 581 ἀνθρωπίνη

576 587 720 656 plius
748 585 862 638 l'ore
887 582 1247 637 dominationi
1281 585 1492 653 peccati
1542 583 1834 637 obnoxiam
1863 599 1878 647 ;
1925 581 2145 651 quando

578 679 814 732 humana
853 685 1044 729 natura
1086 675 1154 729 de
1203 687 1420 740 caetero,
1483 674 1780 731 secundum
1837 673 2144 727 multitudi-

579 785 702 824 nem
726 767 1120 839 magnitudinis
1141 768 1262 837 ejus
1299 769 1514 822 laudem
1549 768 1822 830 instituet,
1875 781 1986 822 non
2028 767 2141 836 jam

576 876 802 930 parvum
831 859 1091 929 quiddam
1127 867 1182 915 et
1209 860 1349 915 exile
1379 873 1670 922 resonans,
1719 859 1814 914 sed
1845 860 1996 914 vocis
2031 873 2145 912 ma-

577 953 865 1024 gnitudine
914 953 1100 1006 tubam
1133 967 1445 1022 exaequans.
1490 951 1578 1004 Ait
1642 952 1784 1005 enim
1814 968 1828 1006 :
1861 969 1879 1002 ι
1904 950 2145 1006 Laudate

576 1046 632 1100 in
663 1059 799 1099 sono
829 1044 992 1106 tuba),
1022 1064 1041 1096 ι
1078 1044 1296 1114 quando
1325 1045 1490 1098 etiam
1525 1043 1690 1113 hujus
1737 1044 1987 1098 universi
2020 1045 2143 1096 har-

577 1138 818 1192 moniam
850 1144 904 1191 et
934 1144 1268 1192 concentum
1312 1137 1618 1190 imitabitur
1667 1137 1832 1190 variis
1876 1143 1929 1190 et
1958 1137 2144 1189 multi-

577 1231 729 1299 genis
759 1229 1077 1291 virtutibus,
1108 1229 1268 1298 quasi
1319 1243 1587 1302 organum
1626 1227 1736 1282 Deo
1795 1227 1935 1282 facta
2003 1228 2143 1296 aptis

576 1320 978 1389 concinnisque
1039 1319 1280 1374 modulis
1338 1327 1394 1374 et
1447 1319 1824 1374 concentibus.
1889 1317 2144 1372 Nominat

577 1427 708 1466 vero
756 1411 859 1465 hoc
893 1411 1122 1482 ﬁgurata
1168 1411 1404 1481 quadam
1442 1411 1704 1478 loquendi
1744 1411 1916 1465 forma
1953 1430 1970 1462 ‹
1998 1413 2143 1480 psal-

577 1505 774 1559 terium
805 1515 860 1559 et
913 1504 1202 1558 citharam.
1234 1523 1252 1556 ι
1305 1502 1437 1558 Post
1483 1504 1641 1572 cujus
1690 1501 2138 1567 modulationem,

578 1595 818 1664 seposito
843 1595 991 1649 omni
1027 1595 1119 1647 illo
1149 1592 1293 1662 quod
1321 1601 1580 1647 terrestre
1610 1600 1717 1656 est,
1749 1599 2027 1646 etmutum
2055 1606 2144 1644 vo-

578 1689 770 1756 cisque
811 1702 1028 1756 expers,
1091 1685 1146 1738 in
1197 1692 1579 1755 tympanorum
1635 1683 1929 1754 magniﬁco
1977 1690 2139 1736 cantu

578 1779 860 1833 consociat
891 1776 1208 1830 caelestibus
1231 1775 1416 1830 choris
1443 1774 1785 1845 propriarum
1811 1772 2141 1827 chordarum

2244 582 2471 653 δύναμις
2521 584 2662 638 κατὰ
2705 585 2766 637 τὸ
2818 586 3017 658 πλῆθος
3053 591 3152 661 τῆς
3206 595 3599 669 μεγαλωσύνης
3648 601 3788 655 αὐτοῦ

2246 676 2512 729 ποιεῖσθαι
2544 678 2633 730 τὸν
2659 673 2834 738 αἶνον,
2865 681 3044 733 οὐκέτι
3081 685 3252 755 μικρά
3283 687 3628 764 φθεγγομένη
3649 734 3664 756 ,
3695 694 3789 748 ἀλλ’

2245 768 2344 838 ἤδη
2379 769 2646 839 παριοῦσα
2686 773 2750 841 τῇ
2795 772 3173 846 μεγαλοφωνίᾳ
3201 777 3298 842 τὰς
3338 780 3642 851 σάλπιγγας
3673 785 3787 854 (76).

2244 858 2379 930 Φησὶ
2407 860 2535 930 γάρ·
2569 878 2587 910 ι
2623 862 2829 914 Αἰνεῖτε
2857 863 2947 916 τὸν
2978 864 3180 936 Κύριον
3209 869 3264 920 ἐν
3289 869 3406 940 ἤχῳ
3433 872 3742 941 σάλπιγγος.
3772 896 3786 928 ι

2247 950 2375 1001 Ὅτε
2409 951 2501 1002 καὶ
2537 953 2778 1021 μιμεῖται
2807 953 2906 1023 τὴν
2936 953 3029 1007 τοῦ
3060 957 3257 1020 παντὸς
3288 960 3552 1030 ἁρμονίαν
3583 962 3661 1032 τῷ
3692 982 3790 1016 ποι-

2245 1038 2378 1109 κίλῳ
2395 1056 2453 1092 τε
2480 1041 2574 1092 καὶ
2611 1041 2878 1094 πολυειδεῖ
2902 1043 3008 1096 τῶν
3031 1044 3262 1114 ἀρετῶν,
3289 1047 3513 1118 ὄργανον
3536 1052 3595 1103 ὲν
3620 1051 3792 1122 ῥυθμῷ

2248 1131 2507 1199 μελῳδίας
2541 1130 2619 1201 τῷ
2647 1130 2766 1202 Θεῷ
2800 1134 3062 1206 γενομένη
3087 1135 3219 1205 (77).
3263 1138 3543 1207 Ὀνομάζει
3569 1141 3627 1193 δὲ
3655 1144 3792 1197 τοῦτο

2244 1221 2331 1273 διά
2357 1238 2496 1285 τινος
2521 1223 3070 1296 τροπικῆςσημασίας
3087 1244 3104 1276 ι
3130 1226 3424 1298 ψαλτήριόν
3453 1247 3513 1284 τε
3538 1233 3637 1284 καὶ
3659 1235 3792 1289 κιθὰ-

2247 1330 2344 1384 ραν
2369 1315 2398 1366 ὁ
2430 1313 2605 1382 λόγος.
2630 1336 2648 1367 ι
2669 1315 2959 1386 Μεθ’ὃ(78)
2981 1319 3088 1371 πᾶν
3121 1319 3321 1386 γεῶδές
3349 1336 3405 1374 τε
3460 1324 3556 1376 καὶ
3584 1327 3772 1394 κωφὸν,

2245 1403 2340 1456 καὶ
2392 1403 2502 1474 (79)
2536 1403 2759 1458 ἄναυδον
2789 1406 3120 1477 ἀποθεμένη,
3149 1410 3206 1462 ὲν
3243 1413 3310 1482 τῇ
3353 1413 3461 1465 τῶν
3511 1418 3792 1485 τυμπάνων

2247 1499 2628 1571 μεγαλοφωνίᾳ
2665 1504 2784 1564 ταῖς
2818 1503 3094 1572 οὐρανίαις
3132 1505 3371 1575 χορείαις
3413 1509 3672 1563 συνάπτει
3701 1513 3794 1566 τῶν

2249 1591 2391 1645 ἰδίων
2418 1592 2620 1664 χορδῶν
2646 1593 2734 1645 τὸν
2764 1588 2915 1663 ἦχον.
2954 1593 3154 1664 Χορδαὶ
3187 1597 3231 1648 δ’
3261 1597 3327 1650 ἂν
3357 1594 3466 1651 εἶεν
3488 1600 3568 1669 τῷ
3595 1601 3794 1674 ὀργάνῳ

2246 1681 2593 1750 ἐντεταμέναι
2631 1683 2768 1751 (80),
2797 1685 2858 1736 τὸ
2897 1685 2954 1736 ὲν
2983 1686 3184 1757 ἑκάστῃ
3230 1689 3397 1759 ἀρετῇ
3441 1691 3583 1763 πρὸς
3613 1694 3794 1745 κακίαν

2246 1769 2518 1824 ἀνένδοτόν
2551 1789 2611 1825 τε
2643 1774 2737 1826 κα).
2763 1774 3099 1845 ξάχάλαστον.
3137 1778 3214 1829 Δι’
3243 1771 3317 1831 ὧν
3354 1779 3564 1848 γίνεται
3605 1783 3638 1852 ἡ
3672 1783 3795 1854 καλὴ

582 1885 798 1926 sonum.
864 1867 1092 1924 Chordae
1137 1876 1317 1922 autem
1362 1868 1416 1921 in
1472 1881 1677 1935 organo
1727 1872 1966 1919 extensa:
2009 1862 2142 1917 nihil

2251 1861 2463 1915 συνοδία
2484 1862 2577 1915 τοῦ
2600 1863 2876 1934 κυμϐάλου
2900 1870 3018 1928 ταῖς
3057 1867 3270 1938 χορδαῖς
3309 1871 3662 1941 μιγνυμένου,
3681 1875 3794 1927 ὅταν

579 1966 724 2020 aliud
766 1965 984 2029 fuerint,
1019 1979 1181 2035 quam
1213 1963 1302 2017 ille
1331 1962 1384 2017 in
1424 1962 1664 2031 qualibet
1692 1961 1896 2013 virtute
1939 1958 2143 2012 insitus

577 2059 744 2127 rigor,
776 2072 886 2127 quo
914 2055 981 2109 ad
1015 2056 1277 2108 malitiam
1307 2052 1508 2108 inﬂecti
1535 2061 1588 2106 et
1618 2049 1872 2104 inclinari
1924 2046 2138 2117 nequit.

578 2149 787 2216 Quibus
837 2147 1090 2202 omnibus
1127 2146 1404 2216 jucundus
1441 2144 1530 2198 ille
1574 2141 1808 2213 cymbali
1847 2146 2144 2193 consentus

2245 1952 2273 2003 6
2298 1951 2405 2004 τῶν
2435 1953 2725 2024 κυμϐάλων
2745 1951 2875 2026 ἦχος
2920 1961 2998 2018 είς
3017 1958 3112 2028 τὴν
3149 1957 3295 2011 Θείαν
3326 1962 3686 2031 χοροστασίαν
3712 1964 3796 2016 ὲπ·

2245 2043 2432 2118 εγείρῃ
2461 2046 2558 2117 τὴν
2573 2047 2684 2118 (81)
2715 2050 3036 2120 προθυμίαν.
3057 2050 3231 2124 Ὅπερ
3260 2071 3349 2123 μοι
3379 2054 3526 2107 δοκεῖ
3552 2057 3652 2126 τὴν
3677 2059 3797 2128 πρὸς

2243 2135 2368 2196 τοὺς
2400 2136 2660 2205 ἀγγέλους
2686 2139 2783 2209 τῆς
2821 2139 3030 2208 φύσεως
3063 2141 3218 2210 ἡμῶν
3244 2142 3620 2213 διερμηνεύειν
3655 2148 3797 2200 συνά-

578 2240 801 2295 chordis
840 2241 1135 2309 permistus
1164 2235 1414 2298 elﬁcitur,
1458 2233 1676 2304 quando
1715 2246 1884 2287 sonus
1924 2229 2142 2298 cymba-

2247 2240 2423 2292 φειαν,
2460 2226 2517 2278 ὲν
2632 2245 2819 2298 φησιν,
2857 2248 2874 2279 ι
2899 2229 3107 2283 Αἰνεῖτε
3137 2233 3228 2286 τὸν
3270 2235 3473 2306 Κύριον
3503 2238 3563 2289 ὲν
3595 2239 3796 2309 κυμϐά-

577 2329 779 2394 lorum,
815 2337 1047 2385 mentem
1077 2329 1298 2388 excitat.
1340 2335 1398 2383 ut
1425 2327 1639 2381 divinos
1671 2324 1795 2378 illos
1835 2329 2013 2376 coetus
2043 2321 2141 2375 ob-

575 2431 686 2486 eat,
710 2429 764 2476 et
795 2419 1138 2490 frequentet;
1165 2419 1309 2489 quod
1353 2419 1572 2488 quidem
1619 2416 1756 2470 mihi
1788 2417 2017 2469 innuere
2059 2413 2145 2467 vi-

577 2512 734 2567 detur
763 2517 970 2564 natura:
1016 2516 1218 2565 nostra:
1283 2523 1408 2562 cum
1441 2507 1646 2577 angelis
1692 2506 2024 2568 societatem,
2070 2502 2146 2557 ait

575 2604 722 2661 enim
757 2620 770 2656 :
809 2601 1089 2656 «Laudate
1134 2599 1424 2654 Dominum
1479 2599 1534 2652 in
1575 2597 1841 2668 cymbalis
1874 2596 2009 2650 bene
2048 2610 2141 2650 so-

577 2697 855 2751 nantibus.
889 2714 908 2746 ι
946 2692 1264 2750 Conventus
1295 2693 1438 2748 enim
1484 2691 1574 2746 ille
1629 2690 1888 2760 angelica:
1935 2696 2144 2743 natura!

577 2802 702 2842 cum
738 2787 995 2850 humana,
1026 2783 1248 2854 quando
1281 2783 1515 2838 humana
1545 2782 1610 2836 ad
1639 2781 1795 2835 ﬁnem
1831 2796 1989 2836 suum
2016 2795 2142 2849 per—

576 2879 810 2942 venerit,
846 2886 1054 2948 gratam
1087 2877 1234 2930 illam
1281 2876 1577 2946 gratiarum
1627 2875 1859 2929 actionis
1893 2872 2143 2927 modula-

577 2968 802 3031 tionem,
827 2976 1016 3021 mutuo
1047 2982 1343 3036 congressu
1373 2965 1602 3031 eﬂiciet;
1634 2966 1904 3035 simulque
1934 2963 2142 3033 junctis

575 3059 798 3112 vocibus
824 3056 1211 3126 benignitatem
1231 3055 1320 3109 Dei
1354 3069 1518 3124 super
1548 3068 1738 3107 omnes
1775 3060 2033 3122 perpetuo
2056 3051 2139 3125 ef-

577 3146 756 3201 fusam
787 3145 1131 3210 decantahit;
1162 3144 1264 3198 hoc
1294 3144 1438 3199 enim
1473 3142 1704 3214 cymbali
1741 3157 1863 3196 cum
1891 3140 2139 3212 cymbalo

575 3237 890 3308 conjunctio
921 3236 1212 3307 signiﬁcat.
1249 3234 1564 3305 Cymbalum
1593 3249 1759 3287 unum
1795 3242 1877 3288 est
1902 3233 2138 3286 caelestis

576 3329 670 3383 illa
702 3329 1015 3400 angelorum
1048 3336 1276 3394 natura;
1329 3327 1560 3380 alterum
1595 3324 1899 3396 cymbalum
1937 3330 2019 3378 est
2053 3337 2141 3375 ra-

575 3421 796 3475 tionalis
824 3419 1103 3474 hominum
1132 3429 1414 3483 creatura;
1464 3417 1559 3472 sed
1594 3425 1873 3485 peceatum
1905 3415 2044 3469 hanc
2072 3415 2140 3469 ab

575 3513 668 3567 illa
691 3511 979 3581 separavit,
1006 3525 1142 3581 quas
1171 3525 1293 3564 cum
1335 3507 1515 3563 denuo
1566 3507 1658 3562 Dei
1702 3507 2004 3578 benignitas
2045 3522 2141 3562 co-

575 3603 860 3675 pulaverit,
880 3610 1012 3656 tunc
1037 3601 1313 3657 resonabit
1349 3608 1578 3670 utraque
1603 3599 1654 3653 iu
1688 3613 1856 3653 unum
1881 3597 1991 3667 jam
2007 3612 2141 3653 con-

575 3693 720 3761 ﬁata,
751 3693 1008 3764 hymnum
1045 3692 1215 3758 illum,
1249 3692 1480 3762 quia,ut
1516 3705 1747 3762 magnus
1789 3690 1865 3744 ait
1907 3690 2142 3760 Aposto-

576 3784 693 3840 lus:
734 3802 752 3836 ι
777 3784 967 3840 Omnis
1002 3783 1183 3854 lingua
1223 3782 1567 3837 conﬁtebitur
1607 3782 1934 3844 caelestium,
1969 3789 2143 3836 terre-

580 3877 800 3942 strium,
831 3874 1264 3941 etinfernorum,
1295 3872 1574 3928 Christum
1608 3887 1730 3928 esse
1752 3871 1808 3926 in
1850 3871 2022 3942 gloria
2040 3871 2144 3924 Pa-

576 3969 756 4024 tris".
786 3986 805 4020 ι
853 3966 972 4033 Quo
998 3966 1142 4022 facto
1177 3965 1547 4022 decantabunt
1588 3963 1704 4019 haec
1735 3964 1984 4036 cymbala
2026 3963 2145 4033 epi-

578 4059 808 4121 nicium,
855 4074 950 4112 seu
980 4071 1200 4112 carmen
1247 4055 1549 4119 victoriale,
1597 4061 1855 4123 tanquam
1918 4052 2145 4107 victoria

579 4157 758 4219 parta,
801 4148 872 4202 ob
903 4161 1248 4202 communem
1283 4146 1396 4215 jam
1443 4145 1818 4208 concordiam,
1861 4143 2067 4198 abolito
2090 4150 2146 4198 et

586 4239 865 4311 proﬂigato
903 4239 1247 4305 adversario;
1295 4252 1405 4308 quo
1447 4236 1676 4307 depulso
1718 4243 1772 4291 et
1813 4235 1869 4290 in
1913 4234 2144 4289 nihilum

584 4330 828 4392 redacto,
858 4329 1228 4384 indesinenter
1261 4329 1330 4382 ab
1357 4326 1504 4380 omni
1547 4325 1765 4396 spiritu,
1802 4325 1921 4395 pari
1963 4324 2146 4380 studio

580 4432 634 4476 et
658 4431 855 4475 conatu
883 4421 1000 4474 laus
1025 4429 1077 4475 ct
1103 4421 1336 4490 hymnus
1375 4417 1484 4473 Deo
1528 4419 1583 4472 in
1616 4432 1833 4471 omnem
1870 4418 2144 4470 mternila-

2245 2314 2354 2378 λοις
2379 2315 2610 2387 εύήχοις.
2645 2337 2664 2370 ι
2701 2316 2768 2371 Ἢ
2793 2319 2899 2389 γὰρ
2921 2320 3138 2392 τοιαύτη
3159 2326 3497 2390 σύνοδος,τοῦ
3521 2330 3796 2397 ἀγγελικοῦ

2243 2405 2384 2476 λέγω
2436 2409 2572 2478 πρὸς
2594 2409 2655 2462 τὸ
2683 2410 3040 2482 ἀνθρώπινον,
3081 2417 3211 2469 ὅταν
3240 2420 3516 2493 ἐπαναχθῇ
3552 2424 3688 2494 πρὸς
3713 2425 3797 2492 τὴν

2243 2498 2595 2568 ἀρχαίανξ(82)
2620 2499 2810 2573 λῆξινή
2829 2503 3136 2579 ἀνθρωπίνη
3153 2507 3435 2576 φύσις,τὸν
3452 2512 3656 2580 γλυκὺν
3676 2515 3800 2566 ἐκεῖ·

2244 2606 2332 2642 νον
2363 2583 2498 2661 ἦχον
2543 2591 2628 2645 διὰ
2658 2593 2757 2662 τῆς
2812 2595 2946 2667 πρὸς
2992 2597 3252 2669 ἀλλήλους
3301 2603 3674 2672 συμπτώσεως
3712 2609 3799 2675 τῆς

2241 2682 2593 2752 εὐχαριστίας
2639 2684 2974 2740 ἀποτελέσει·
3028 2690 3117 2743 καὶ
3152 2690 3214 2744 δι’
3250 2692 3514 2764 ἀλλήλων,
3551 2696 3644 2747 καὶ
3696 2698 3796 2767 μετ’

2241 2773 2485 2844 ἀλλήλων
2534 2776 2632 2846 τὴν
2661 2779 2753 2858 ἐπι
2802 2781 2867 2850 τῇ
2917 2778 3293 2854 φιλανθρωπίᾳ
3336 2784 3688 2854 εὐχαριστίαν
3732 2787 3797 2856 τῷ

2242 2865 2359 2937 Θεῷ
2386 2868 2674 2939 γινομένην
2720 2863 2809 2921 δίά
2841 2871 3039 2946 παντὸς
3068 2873 3383 2943 ἀνυμνήσει.
3424 2876 3594 2928 Τοῦτο
3635 2879 3739 2946 γὰρ
3769 2882 3800 2949 ἡ

2240 2957 2332 3011 τοῦ
2365 2959 2642 3028 κυμϐάλου
2670 2960 2806 3032 πρὸς
2825 2961 2884 3013 τὸ
2910 2962 3535 3032 κύμϐαλον¹ὲνδείκνυται
3572 2969 3793 3032 σύνοδος.

2247 3050 2342 3102 Ἓν
2388 3049 2741 3122 κύμϐαλον,ὴ
2779 3041 3143 3126 ὑπερκόᾶμιος
3185 3057 3293 3108 τῶν
3323 3059 3572 3126 ἀγγέλων
3610 3062 3795 3129 φύσιςο

2241 3141 2424 3212 ἕτερον
2465 3143 2841 3224 κύμϐαλονῖκή
2882 3146 3074 3218 λογικὴ
3116 3147 3224 3201 τῶν
3272 3149 3576 3218 ἀνθρώπων
3613 3153 3796 3214 κτίσις.

2253 3233 2409 3287 Ἀλλά
2446 3234 2722 3305 διέστησεν
2757 3237 3065 3308 η’άμαρτία
3097 3239 3254 3293 τοῦτο
3292 3242 3525 3295 ἐκείνουο
3559 3244 3686 3296 ὅταν
3716 3241 3796 3297 οὖν

2241 3324 2401 3378 πάλιν
2427 3328 2459 3397 ἡ
2491 3327 2582 3380 τοῦ
2609 3328 2744 3389 Θεοῦ
2779 3330 3155 3402 φιλανθρωπία
3189 3333 3397 3404 συνάψῃ
3424 3334 3673 3404 ἀλλήλοις
3699 3338 3794 3406 ἀμ’

2241 3415 2463 3486 φότερα,
2498 3418 2626 3485 τότε
2649 3419 2842 3490 ἠχήσει
2865 3421 2954 3474 τὸν
2989 3418 3134 3476 αἶνον
3151 3425 3353 3476 ἐκεῖνον
3379 3427 3470 3477 καὶ
3489 3427 3558 3479 τά
3579 3426 3670 3479 δύο
3691 3427 3794 3496 μετ’

2241 3505 2478 3576 ἀλλήλων
2511 3507 2792 3579 γενόμενα,
2821 3510 2894 3575 ὥς
2946 3529 3074 3582 φησι
3120 3513 3229 3582 (85)
3263 3515 3354 3567 καὶ
3388 3518 3416 3568 ὁ
3441 3516 3616 3585 μέγας
3656 3518 3798 3569 ’Λπό-

2244 3596 2446 3659 στολος·
2520 3600 2606 3676 ὅτι
2642 3618 2660 3650 ‹
2697 3601 2852 3654 Πᾶσα
2877 3601 3096 3670 γλῶσσα
3125 3605 3576 3677 ἐξομολογήσεται
3598 3649 3612 3674 ,
3645 3610 3795 3660 ἐπουο

2244 3687 2463 3757 ρανίων,
2497 3689 2591 3744 καὶ
2625 3692 2900 3761 ἐπιγείων,
2948 3695 3040 3749 καὶ
3070 3696 3454 3767 καταχθονίων,
3503 3701 3585 3753 ὅτι
3611 3696 3796 3771 Κύριος

2255 3779 2460 3850 Ἰησοῦς
2485 3773 2717 3852 Χριστὸς
2750 3785 2829 3849 είς
2859 3785 3012 3851 δόξαν
3047 3787 3180 3841 Θεοῦ
3216 3789 3448 3860 Πατρός.
3491 3810 3511 3843 ι
3553 3785 3628 3845 Οὗ
3656 3809 3795 3860 γενο-

2247 3870 2431 3941 μένου,
2465 3875 2729 3929 ὲπινίκιον
2775 3877 3027 3946 ἀλαλάξει
3073 3882 3101 3933 ὁ
3129 3881 3236 3933 τῶν
3270 3882 3567 3952 κυμσάλων
3605 3884 3796 3937 τούτων

2246 3957 2394 4032 ἦχος,
2416 3961 2504 4016 διὰ
2537 3956 2853 4035 τῆςκοινῆς
2887 3968 3144 4039 συνῳδίας
3171 3971 3263 4024 ἐπὶ
3293 3971 3370 4042 τῷ
3395 3973 3680 4044 ἀφανισμῷ
3705 3971 3794 4025 τοῦ

2247 4053 2630 4124 Πολεμίου(84)
2662 4057 2966 4128 γενόμενος,
3021 4059 3222 4114 Τούτου
3269 4062 3324 4115 δὲ
3363 4065 3638 4128 παντελῶς
3665 4067 3799 4132 ἀφα-

2244 4145 2515 4210 νισθέντος
2547 4148 2638 4201 καὶ
2669 4151 2748 4214 εἰς
2779 4150 2838 4204 τὸ
2879 4151 2953 4224 μὴ
2976 4147 3115 4206 εἶναι
3143 4157 3539 4227 περιελθόντος,
3574 4159 3796 4213 ἀδιαλεί-

2247 4251 2395 4296 πτως
2417 4233 2528 4304 (85)
2550 4238 2607 4290 ἐν
2633 4239 2779 4312 πάσῃ
2807 4245 2940 4312 πνοῇ
2963 4244 3237 4315 ὁμοτίμως
3273 4247 3406 4316 πρὸς
3426 4248 3516 4301 τὸν
3543 4249 3664 4302 Θεὸν
3683 4250 3795 4320 (86)

2246 4327 2274 4377 ὁ
2329 4320 2476 4389 αἶνος
2533 4327 2590 4390 ἐς
2646 4329 2734 4381 ἀεὶ
2777 4330 3210 4404 πληρωθήσεται.
3281 4337 3498 4408 Ἐπειδὴ
3551 4338 3796 4409 γάριοῦχ

2246 4415 2443 4486 ὡραῖος
2475 4415 2583 4488 (87)
2613 4412 2759 4481 αἶνος
2781 4421 2838 4473 ὲν
2861 4423 3438 4495 στόματιὰμαρτωλοῦ,
3455 4445 3470 4474 ι
3494 4424 3796 4496 ἁμαρτωλὸς

583 4521 690 4568 tem
724 4514 1064 4582 persolvetur
1087 4531 1102 4580 ;
1129 4527 1251 4565 cum
1276 4511 1418 4564 enim
1449 4511 1567 4565 laus
1597 4524 1707 4563 non
1745 4509 1816 4563 sit
1854 4527 1872 4559 ι
1900 4508 2142 4578 speciosa

2250 4509 2306 4561 δὲ
2337 4509 2455 4561 τότε
2482 4509 2580 4561 οὐκ
2613 4510 2796 4575 ἔσται,
2847 4513 2944 4583 τῆς
2981 4513 3249 4585 ἁμαρτίας
3293 4517 3392 4568 οὐκ
3429 4516 3607 4587 ούσης,
3652 4520 3798 4568 πᾶσα

586 4605 640 4659 in
665 4620 759 4659 ore
796 4604 1222 4674 pec«:atoris",r
1276 4609 1406 4655 tunc
1436 4608 1619 4656 autem
1665 4615 1773 4653 non
1824 4600 1897 4654 sit
1929 4599 2142 4653 futurus

2257 4601 2392 4671 πνοὴ
2415 4601 2502 4654 διὰ
2529 4604 2726 4666 παντὸς
2753 4603 2863 4674 (88)
2890 4605 2983 4658 τοῦ
3009 4607 3201 4670 αἰῶνος
3232 4608 3431 4661 αἰνέσει
3461 4609 3548 4663 τὸν
3579 4607 3795 4676 Κύριον.

589 4705 866 4765 peccator,
925 4696 1140 4751 sublato
1172 4694 1321 4750 omni
1363 4702 1607 4763 peccato,
1665 4691 1892 4747 omnino
1925 4701 2138 4762 Oportet
2190 4699 2247 4745 ut
2282 4694 2462 4748 omnis
2489 4695 2737 4763 spiritus,
2791 4697 2882 4766 qui
2932 4698 2986 4750 in
3035 4699 3233 4751 saeculo
3291 4699 3382 4752 illo
3442 4699 3556 4762 erit,
3613 4698 3799 4752 Domi-

589 4800 717 4838 num
750 4785 949 4839 laudet.

656 4877 802 4934 Talis
829 4880 990 4949 igitur
1017 4881 1102 4934 via
1131 4879 1198 4934 ad
1227 4875 1615 4933 beatitudinem
1644 4875 2014 4932 demonstrata
2047 4892 2142 4930 no-

578 4973 664 5027 bis
698 4980 802 5037 est,
829 4988 858 5024 a
896 4972 1118 5027 sublimi
1152 4972 1251 5026 hac
1282 4985 1402 5040 qua:
1433 4979 1517 5025 est
1543 4969 1598 5023 in
1629 4967 1861 5030 Psalmis
1901 4969 2142 5039 philoso-

646 5155 690 5186 ³’
725 5152 920 5222 Philip.
956 5167 1019 5216 ll,
1045 5151 1112 5206 10
1208 5152 1254 5186 ³⁸
1279 5149 1423 5205 Eccl.
1458 5150 1600 5208 xv.9

661 5330 774 5398 I76)
809 5330 921 5398 Τῆς
950 5329 1268 5398 σάλπιγγος,
1302 5327 1387 5380 ed.

657 5397 770 5472 (77)
805 5401 1090 5472 Γινομένη,
1127 5397 1212 5452 ed.

655 5469 770 5536 (78)
803 5471 923 5531 "Ov,
964 5469 1051 5524 ed.

658 5542 769 5607 (79)
797 5540 870 5592 Τὸ
899 5538 1022 5594 add.
1056 5537 1142 5593 ed.

653 5621 671 5680 ε
678 5613 764 5680 80)
796 5609 1237 5678 Ἐντεταγμέναι,
1274 5607 1357 5662 ed.

653 5666 764 5750 (sti
795 5682 904 5750 Τὴν
929 5666 1041 5734 om:
1059 5666 1155 5733 'ed.

660 5747 774 5822 (82)
803 5747 1058 5822 Ἀ’ρχαὶαν
1077 5764 1186 5804 om.
1217 5747 1300 5803 ed.

2330 4879 2396 4931 'H
2434 4878 2531 4949 μὲν
2559 4873 2651 4933 οὖν
2682 4880 2797 4942 ὁδὸς
2827 4880 2962 4953 πρὸς
2987 4882 3049 4935 τὸ
3084 4883 3369 4953 μακάριον,
3409 4883 3614 4950 τοιαύτη
3643 4881 3800 4948 παρὰ

2249 4969 2348 5040 τῆς
2381 4969 2621 5041 μεγάλης
2667 4970 2868 5042 ταύτης
2899 4973 2995 5042 τῆς
3027 4972 3138 5043 (89)
3165 4975 3219 5026 ὲν
3256 4976 3366 5035 τοῖς
3393 4973 3611 5044 ψαλμοῖς
3646 4969 3800 5039 φιλο-

2325 5321 2440 5385 (85)
2469 5318 2579 5372 Καὶ
2609 5334 2718 5374 om.
2754 5335 2840 5373 eo.

2321 5391 2432 5458 (84)
2464 5389 2729 5458 Πολέμου,
2761 5391 2847 5444 ed.

2321 5461 2434 5528 (85)
2461 5457 2845 5524 Ἀδιάλειπτος,
2866 5457 2952 5514 ed.

2323 5530 2434 5599 (86)
2471 5531 2529 5581 ὐ
2556 5544 2664 5583 om.
2694 5529 2781 5583 ed.

2322 5599 2435 5666 (87)
2477 5600 2534 5652 Ὀ
2563 5599 2687 5652 add.
2721 5599 2807 5653 ed.

2321 5669 2432 5735 (88)
2462 5669 2683 5732 Πάντως
2716 5671 2748 5736 ἡ
2778 5667 2885 5733 διά,
2921 5667 3008 5723 ed.

2321 5737 2432 5808 (89)
2468 5740 2576 5809 Τῆς
2608 5754 2715 5792 om.
2746 5739 2831 5794 ed.
