3982 6476
185 420 269 478 ιςς
1555 415 1623 470 IN
1646 414 1976 475 PSALMOS.

3292 422 3396 479 486
3406 448 3412 454 ·

184 534 352 601 σοφίας
387 532 522 599 ἡμῖν
563 530 854 601 ὑπεδείχθη
881 572 896 595 ,
938 533 1026 586 ἀεὶ
1072 533 1206 603 πρὸς
1244 532 1305 585 τὸ
1340 531 1523 604 μεῖζόν
1550 550 1607 585 τε
1638 533 1732 586 καὶ

1845 535 1981 602 pliia,
2036 553 2156 607 qua:
2212 554 2427 607 semper
2468 539 2533 591 ad
2583 539 2786 608 majora
2836 546 2889 594 et
2936 539 3129 594 altiora
3182 540 3397 593 virtutis

184 622 489 693 ὑψηλότερον
534 621 636 691 τῆς
672 623 763 674 ἐπὶ
808 622 904 694 τὴν
950 624 1146 694 ἀρετὴν
1201 625 1470 687 πολιτείας
1512 627 1728 679 ἐπεισά-

183 730 331 783 γουσα
361 712 475 782 (90)
514 713 640 776 τοὺς
664 713 751 765 διὰ
779 714 981 767 τούτων
1027 716 1161 786 πρὸς
1192 720 1251 768 τὸ
1285 716 1415 784 ὕψος
1435 716 1728 787 ὁδηγουμέ-

183 823 304 868 νους,
335 805 413 866 ὡς
439 806 503 859 ἄν
532 822 618 867 τις
646 805 731 857 ἐπ’
766 807 940 858 ἐκεῖνο
974 807 1154 876 φθάσῃ
1189 808 1246 859 τὸ
1286 808 1482 877 μέτρον
1507 811 1602 878 τῆς
1633 827 1731 878 μα-

184 898 508 970 καριότητος,
532 891 592 950 οῦ
621 897 682 951 τὸ
704 899 960 950 ἐπέκεινα
981 898 1100 950 οὔτε
1127 900 1293 969 ἡ(9ί)
1326 901 1533 953 διάνοια
1566 902 1733 971 χωρεῖ

184 992 493 1059 ποχασμοίς
532 1006 641 1041 τισι
676 989 769 1041 καὶ
815 988 1088 1052 ὑπονοίαις
1120 990 1544 1058 ἁναλογίσασθαι
1565 1031 1579 1053 ,
1611 991 1732 1044 οῦτε

182 1082 315 1147 λόγος
348 1079 417 1130 δι’
452 1078 741 1132 ἀκολούθου
764 1079 823 1131 τὸ
859 1080 1053 1148 ἐφεξῆς
1084 1079 1407 1151 ἐξευρίσκει.
1451 1082 1610 1135 Ἀλλά
1639 1083 1734 1135 καὶ

183 1174 210 1241 ὴ
255 1171 371 1221 κατ’
415 1169 604 1221 ἐλπίδα
659 1167 866 1238 κίνησις
906 1171 938 1237 ἡ
983 1169 1255 1238 πανταχοῦ
1296 1170 1398 1240 τῆς
1444 1173 1734 1243 ἐπιθυμίας

183 1261 315 1333 ἡμῶν
374 1261 804 1331 προεξαλλομένη
836 1277 894 1313 τε
928 1261 1020 1314 καὶ
1076 1263 1465 1333 προτρέχουσα,
1520 1265 1735 1318 ἐπειδὰν

183 1354 446 1424 ὲμπελάσῃ
476 1356 587 1416 τοῖς
626 1353 985 1417 ἀνεικάστοις,
1020 1353 1161 1423 ἀργὴ
1199 1355 1364 1423 μένει.
1399 1355 1471 1408 Τὸ
1510 1356 1567 1409 δὲ
1596 1357 1735 1428 ὑπὲρ

182 1445 340 1508 τοῦτο,
374 1447 623 1513 κρεῖττον
664 1446 696 1516 ἢ
746 1445 866 1498 κατ’
895 1445 1081 1499 ἐλπίδα
1128 1448 1291 1500 ἐστίν.
1344 1448 1430 1509 Ὠς
1468 1449 1560 1500 καὶ
1601 1448 1735 1517 αὑτὴ

183 1538 251 1590 διὰ
279 1540 382 1606 τῆς
414 1536 783 1607 θεωρηθείσης
810 1536 1014 1600 τάξεως
1052 1539 1085 1606 ὴ
1123 1537 1262 1589 κατὰ
1294 1538 1393 1607 τὴν
1425 1537 1737 1607 ψαλμῳδίαν

190 1629 465 1697 φιλοσοφία
504 1629 859 1698 μαρτύρεται,
912 1625 1020 1680 οἷόν
1054 1645 1174 1680 τινα
1202 1628 1369 1699 θύραν
1402 1628 1496 1680 καὶ
1538 1629 1739 1681 εἴσοδον

185 1724 229 1773 ἐν
266 1712 378 1781 τοίς
421 1718 654 1789 πρώτοις
702 1720 809 1771 τῶν
846 1719 1018 1786 λόγων
1060 1720 1153 1771 ἐπὶ
1179 1718 1269 1771 τὸν
1303 1719 1570 1790 μακάριον
1602 1720 1735 1788 βίον,

184 1814 261 1882 τὴν
284 1812 385 1864 τοῦ
433 1810 604 1865 κακοῦ
634 1810 977 1882 ἀναχώρησιν
1014 1814 1145 1880 ἡμῖν
1188 1811 1538 1877 ὑπανοίξασα.
1569 1810 1738 1863 Τοῦτο

184 1881 270 1974 γάρ
322 1905 381 1956 αί
428 1902 639 1973 πρῶται
678 1881 853 1969 φωναὶ
883 1903 979 1973 τῆς
1007 1903 1326 1972 ψαλμῳδίας
1377 1902 1735 1966 διδάσκουσιν,
1769 1881 1810 1933 Β

185 1997 339 2065 ἀρχὴν
384 1993 783 2064 μακαριότητος
811 1992 1097 2059 λέγουσαι,
1142 1993 1242 2063 τὴν
1291 1991 1383 2045 τοῦ
1427 1993 1598 2045 κακοῦ
1649 1992 1740 2044 ἀλ-

185 2084 476 2153 λοτρίωσιν.
535 2078 667 2136 Εἶτα
715 2084 813 2153 τὴν
866 2086 929 2135 ἐκ
997 2082 1090 2136 τοῦ
1148 2082 1311 2153 νόμου
1378 2084 1740 2153 χειραγωγίαν

186 2178 278 2236 τοῖς
347 2174 726 2243 πλανωμένοις
798 2173 1159 2243 προτείνασα,
1225 2175 1318 2243 τήν
1378 2191 1435 2226 τε
1491 2175 1624 2245 πρὸς
1681 2174 1739 2227 τὸ

186 2265 412 2327 ἀειθαλὲς
460 2265 614 2330 ξύλον
640 2266 896 2334 ὁμοίωσιν
924 2264 1008 2317 διὰ
1056 2264 1150 2316 τοῦ
1196 2263 1435 2316 τοιούτου
1473 2264 1582 2333 βίου
1614 2266 1743 2317 ὑπο-

188 2355 431 2424 σχομένη,
465 2355 558 2407 καὶ
602 2355 667 2407 τά
700 2354 997 2425 σκυθρωπά
1021 2356 1127 2408 τῶν
1152 2354 1245 2425 τὴν
1274 2356 1520 2409 ἐναντίαν
1551 2374 1743 2428 τρεπο-

189 2447 349 2514 μένων
386 2445 506 2498 ὁδὸν
534 2446 880 2512 ύποδείξασα,
932 2448 1020 2500 διὰ
1048 2448 1153 2501 τῶν
1192 2451 1389 2520 ἐφεξῆς
1430 2450 1743 2505 ἀναϐάσεων
1778 2464 1789 2475 '

188 2540 305 2608 πρὸς
331 2539 391 2591 τὸ
422 2540 722 2607 ἀκρότατον
759 2542 879 2610 ἄγει
912 2542 1002 2595 τοῦ
1035 2543 1378 2615 μακαρισμοῦ
1403 2545 1493 2596 τὸν
1530 2547 1594 2613 τῇ
1635 2561 1745 2613 χει⁶

190 2633 421 2701 ραγωγίᾳ
457 2632 629 2703 ταύτῃ
657 2634 938 2702 ἑπόμενον.
976 2635 1142 2687 Τοῦτο
1166 2637 1272 2705 γάρ
1304 2652 1383 2686 σοι
1413 2635 1744 2687 ἐνδείκνυται

187 2726 214 2789 ἡ
243 2722 331 2775 τοῦ
357 2723 668 2776 τελευταίου
698 2725 913 2795 ψαλμοῦ
945 2726 1172 2787 διάνοια,
1203 2728 1258 2778 ὲν
1367 2728 1502 2797 μετὰ
1530 2729 1619 2781 τὸν
1644 2729 1746 2797 τῆς

190 2813 370 2875 κακίας
402 2815 641 2885 παντελῆ
677 2816 979 2886 ἀφανισμὸν
1019 2820 1194 2871 πάντα
1221 2818 1329 2889 (99.)
1361 2822 1416 2872 ἐν
1448 2824 1557 2883 τοῖς
1600 2816 1745 2873 οὖσιν

191 2905 306 2971 am
325 2904 607 2971 ἔσται,καὶ
637 2908 813 2961 πάντα
857 2908 992 2977 πρὸς
1017 2909 1107 2961 τὸν
1146 2905 1295 2963 αἶνον
1324 2911 1415 2963 τοῦ
1451 2912 1585 2964 Θεοῦ
1614 2929 1746 2980 συμ-

192 3000 436 3066 φωνήσει,
472 3000 558 3049 ἐπ’
585 2999 706 3068 ἴσης
726 3000 781 3051 ἐν
811 2999 886 3068 τῷ
908 2999 1117 3073 στεῤῥῷ
1142 3001 1248 3071 (95)
1274 3002 1370 3071 τῆς
1392 3003 1666 3072 δυνάμεως
1688 3003 1748 3061 τὸ

193 3088 312 3159 πρὸς
347 3088 445 3160 τὴν
480 3090 677 3142 κακίαν
704 3090 967 3160 ἄτρεπτον
1002 3092 1389 3161 προσλαϐόντα,
1429 3095 1523 3146 καὶ
1553 3098 1616 3164 τῇ
1650 3111 1747 3163 με·

1830 630 2007 683 studia
2044 644 2138 685 eos
2189 630 2445 695 traducit,
2494 629 2585 698 qui
2629 630 2695 683 ad
2738 630 3086 699 perfectionis
3122 628 3399 699 fastigium

1832 723 1951 791 ejus
1980 723 2240 792 auspiciis
2271 723 2401 777 eniti
2434 722 2752 781 moliuntur,
2795 731 2853 774 ut
2884 722 2951 775 ad
2987 723 3136 776 illum
3167 722 3401 777 beatitu-

1833 813 1978 868 dinis
2009 822 2210 868 statum
2239 822 2292 867 et
2324 813 2539 865 modum
2568 812 2729 866 homo
2753 814 3207 883 pertingat,ultra
3239 829 3398 881 quem

1834 905 2149 974 cogitationi
2176 912 2395 968 nostrae,
2425 920 2493 957 ne
2519 903 2852 971 conjecturis
2877 904 3095 972 quidem
3127 905 3398 973 aliquibus

1834 1004 1887 1050 et
1919 996 2328 1066 suspicionibus
2360 995 2611 1064 progredi
2656 995 2780 1048 licet
2808 1011 2822 1059 ;
2853 1004 2908 1048 et
2950 995 3002 1047 in
3043 1011 3148 1064 quo
3170 996 3221 1049 id
3254 993 3397 1064 quod

1836 1088 1973 1140 ultra
2001 1095 2104 1149 est,
2140 1102 2294 1141 mens
2323 1102 2499 1155 neque
2529 1086 2931 1149 ratiocinando,
2964 1088 3302 1156 alterumque
3332 1101 3399 1140 ex

1836 1180 2006 1232 altero
2029 1178 2330 1248 colligendo
2363 1178 2561 1245 reperit
2588 1193 2602 1228 :
2628 1178 2723 1231 sed
2753 1186 2807 1232 et
2837 1178 2949 1246 spei
2985 1188 3181 1231 nostrae
3211 1176 3397 1239 motio,

1836 1281 1956 1336 qua:
1991 1267 2188 1336 ubique
2227 1266 2483 1321 desiderii
2514 1267 2688 1321 nostri
2723 1266 3003 1319 antevenit
3032 1272 3085 1320 et
3117 1265 3402 1336 praecurrit

1838 1374 2078 1423 cursum,
2108 1369 2396 1430 postquam
2431 1361 2483 1414 in
2511 1360 2601 1414 illa
2629 1358 2847 1422 incidit,
2879 1374 3001 1428 qua:
3033 1358 3179 1411 nulla
3211 1357 3402 1410 simili-

1838 1450 2023 1506 tudine
2046 1452 2271 1521 exprimi
2294 1460 2521 1521 queunt,
2552 1452 2775 1521 fatigata
2799 1458 3014 1516 cessat;
3040 1464 3162 1503 nam
3180 1448 3236 1501 id
3258 1447 3400 1517 quod

1838 1560 2003 1615 supra
2032 1544 2161 1597 illud
2194 1551 2296 1608 est,
2322 1543 2467 1596 omni
2510 1558 2604 1613 spe
2631 1544 2822 1598 melius
2850 1551 2955 1609 est,
2991 1542 3136 1613 quod
3163 1540 3403 1596 Psalmo-

1840 1652 1957 1689 rum
1985 1636 2253 1700 doctrina,
2302 1637 2421 1705 ipsa
2455 1635 2836 1704 dispositione,
2873 1635 2939 1690 de
2984 1649 3089 1704 qua
3136 1634 3401 1686 hactenus

1839 1724 2219 1789 disseruimus,
2248 1732 2507 1778 testatum
2531 1723 2679 1787 facit,
2710 1739 2829 1793 quae
2852 1724 2953 1778 sub
2983 1724 3194 1777 initium
3226 1737 3404 1775 reces—

1841 1831 1959 1869 sum
2005 1831 2034 1868 a
2089 1815 2251 1878 malo,
2302 1815 2457 1885 quasi
2504 1822 2690 1885 aperto
2731 1816 2895 1878 ostio,
2947 1824 3003 1869 et
3039 1814 3309 1884 patefacto
3336 1813 3403 1865 ad

1841 1906 2229 1959 beatitudinem
2254 1906 2425 1973 aditu,
2446 1907 2731 1960 constituit
2755 1906 2969 1976 (primis
2999 1906 3143 1960 enim
3168 1905 3406 1960 Psalmo-

1841 2012 1961 2049 rum
1986 1996 2164 2051 verbis
2192 2000 2455 2050 asseritur
2484 1996 2842 2050 beatitudinis
2876 1997 3201 2066 principium
3231 2011 3407 2066 segre-

1840 2088 1986 2156 gatio
2045 2101 2074 2139 a
2122 2086 2392 2156 malitia),
2460 2088 2731 2157 simulque
2775 2088 3084 2141 errantibus
3127 2102 3283 2156 opem
3339 2102 3405 2141 ex

1844 2179 1976 2247 lege,
2022 2179 2180 2246 quasi
2211 2194 2373 2233 manu
2433 2187 2654 2234 extensa
2704 2179 3078 2243 demonstrat;
3138 2179 3402 2248 promissa

1844 2283 1938 2336 per
1970 2268 2280 2336 liujusmodi
2324 2270 2492 2322 vitam
2525 2269 2882 2323 similitudine
2918 2284 3038 2323 cum
3083 2283 3297 2338 semper
3322 2270 3403 2321 vi-

1843 2367 1994 2413 rente
2011 2360 2156 2429 ligno
2176 2378 2190 2425 ;
2214 2376 2510 2429 eorumque
2535 2362 2626 2429 qui
2654 2363 2929 2415 contraria
2950 2361 3274 2432 gradiuntur
3296 2362 3403 2423 via,

1844 2449 2268 2504 adversitatibns
2303 2452 2372 2505 ob
2418 2450 2605 2505 oculos
2636 2451 2865 2520 positis,
2924 2466 3018 2519 per
3050 2450 3248 2518 gradus
3287 2464 3408 2504 sese

1847 2550 2034 2596 mutuo
2085 2551 2485 2612 consequentes
2560 2542 2625 2594 ad
2680 2557 2993 2611 supremum
3054 2541 3409 2596 beatitudinis

1845 2637 2062 2690 culmen
2094 2651 2216 2690 eum
2248 2635 2415 2699 ducit,
2442 2634 2533 2703 qui
2570 2635 2710 2689 hanc
2743 2634 3222 2688 manuductionem
3256 2636 3409 2703 sequi

1846 2727 2137 2782 desiderat.
2198 2726 2311 2781 Hoc
2353 2726 2497 2781 enim
2546 2728 2703 2780 docet
2739 2736 2791 2780 te
2841 2727 3013 2779 ultimi
3046 2724 3243 2781 Psalmi
3286 2726 3410 2778 sen-

1847 2820 2033 2883 tentia,
2068 2819 2122 2873 in
2155 2833 2264 2888 quo
2292 2818 2534 2887 peccatis
2564 2818 2782 2886 penitus
2815 2817 3053 2878 abolitis,
3087 2816 3266 2870 omnia
3291 2831 3413 2885 quae

1847 2914 2117 2967 exsistunt
2168 2918 2356 2965 sancta
2402 2921 2583 2972 erunt,
2643 2918 2698 2965 et
2727 2910 2909 2963 omnia
2956 2908 3023 2961 ad
3070 2909 3282 2962 laudem
3319 2908 3410 2962 Dei
3482 2934 3489 2943 -

1849 3000 2293 3063 concordabnnt;
2354 3014 2474 3068 qua:
2526 3006 2643 3053 laus
2672 2998 2954 3067 mqualiter
2985 2997 3039 3050 in
3071 2996 3413 3049 ﬁrmamento

1848 3095 2087 3155 virtutis,
2128 3102 2181 3147 et
2210 3090 2700 3144 immutabilitatem
2734 3090 2801 3143 ad
2833 3082 3035 3142 malum
3067 3087 3328 3149 continet,
3358 3094 3414 3138 et

192 3180 462 3252 γαλωσύνῃ
492 3180 656 3233 αὐτοῦ
710 3182 800 3233 τὸν
835 3181 1076 3253 εὔφημον
1114 3180 1243 3254 ἦχον
1281 3180 1392 3238 οἶόν
1436 3202 1538 3238 τινι
1577 3203 1741 3255 μεγα-

1851 3183 2266 3255 magnificentiae
2290 3197 2402 3237 sua:
2426 3188 2673 3235 nostrum
2694 3194 2885 3234 sonum
2908 3180 3054 3233 velut
3075 3192 3291 3232 canorae
3305 3176 3416 3229 cui-

192 3270 396 3341 λοῃὼνῳ
426 3272 692 3341 σάλπιγγι
728 3272 1137 3342 συνεπαίροντα.
1189 3275 1355 3327 Ὅταν
1390 3277 1465 3338 εἰς
1499 3274 1624 3344 μίαν
1658 3291 1747 3342 χο-

200 3364 465 3431 ροστασίαν
499 3364 845 3434 συναρμοσθῇ
889 3366 1038 3418 πᾶσα
1067 3367 1098 3435 ἡ
1133 3364 1325 3428 κτίσις,
1360 3366 1465 3418 τῶν
1496 3384 1553 3419 τε
1585 3366 1748 3437 ὑπερ-

197 3457 462 3526 κειμένων,
490 3457 597 3509 τῶν
628 3475 687 3509 τε
720 3457 1131 3527 ὑποϐεϐηκὸτων
1166 3459 1437 3523 ἁπάντων,
1484 3460 1576 3512 καὶ
1610 3478 1749 3530 κυμ-

200 3546 340 3600 ϐάλου
376 3549 534 3617 δίκην
565 3550 598 3619 ἡ
628 3549 789 3619 νοητὴ
820 3550 1021 3613 κτίσις,
1066 3549 1159 3602 καὶ
1199 3552 1232 3615 ἡ
1262 3548 1355 3602 νῦν
1387 3550 1452 3602 δι’
1479 3551 1749 3621 ἁμαρτίας

205 3641 560 3711 μεμερισμένη
582 3682 596 3705 ,
628 3642 721 3693 καὶ
750 3642 1011 3694 διεστῶσα
1046 3641 1136 3694 τὸν
1168 3641 1370 3709 ἀγαθὸν
1397 3637 1527 3713 ἦχον
1559 3643 1621 3694 ἐκ
1654 3646 1750 3713 τῆς

202 3731 455 3801 ἡμετέρας
484 3731 800 3801 συμφωνίας
824 3731 1157 3789 ἀποτελέσει,
1184 3732 1351 3784 Ὅταν
1374 3731 1652 3805 συνδράμῃ
1675 3732 1751 3802 τῷ

206 3822 457 3892 ἀγγελικῷ
488 3822 549 3874 τὸ
576 3822 859 3893 ἡμέτερον·
903 3822 995 3875 καὶ
1027 3822 1367 3876 ἀναλαϐοῦσα
1403 3823 1511 3891 (94)
1554 3824 1751 3893 ἑαυτὴν

207 3915 259 3965 ἐκ
276 3915 365 3984 τῆς
393 3913 761 3984 συγχύσεωςὴ
787 3913 905 3967 θεία
926 3913 1247 3985 παράταξις,
1272 3915 1361 3967 ἐπὶ
1380 3914 1456 3984 τῷ
1478 3916 1619 3985 φόνῳ
1640 3915 1751 3985 (95)

208 4002 296 4055 τῶν
322 4003 595 4074 πολεμίων
623 4003 875 4068 ἀλαλάξει
907 4003 982 4074 τῷ
1007 4004 1347 4074 τροπαιούχῳ
1373 4004 1431 4057 τὸ
1467 4006 1748 4058 ἐπινίκιον.

209 4096 319 4150 Τότε
339 4098 550 4165 γίνεται
577 4096 757 4166 πάσης
786 4094 1001 4166 πνοῆςὸ
1022 4092 1168 4160 αἶνος
1199 4097 1278 4160 είς
1306 4098 1391 4149 ἀεὶ
1422 4096 1753 4166 παρατείνων

209 4190 290 4259 τὴν
319 4192 497 4261 χάριν,
539 4190 635 4242 καὶ
662 4189 729 4243 δι’
773 4188 1052 4258 αὐξήσεως
1089 4189 1395 4253 πλεονάζων
1427 4191 1504 4253 εἰς
1541 4189 1600 4242 τὸ
1640 4190 1756 4258 διη-

211 4282 423 4353 magae
459 4282 748 4351 μακάριον,
786 4282 959 4333 ἐκεῖνο
996 4279 1137 4348 λέγω
1163 4281 1223 4333 τὸ
1262 4281 1429 4344 ὅντως
1468 4281 1751 4350 μακάριονο

212 4375 281 4441 ἐφ’
306 4371 363 4427 οὗ
396 4375 557 4445 ἀργεῖ
601 4374 752 4443 μένή
787 4372 1109 4443 στοχαστικὴ
1141 4373 1266 4443 περὶ
1292 4372 1387 4443 τὴν
1420 4373 1616 4440 γνῶσιν
1638 4373 1753 4426 διά-

212 4484 329 4532 νοια,
371 4468 530 4538 ἀργεῖ
561 4467 616 4518 δὲ
647 4467 740 4519 καὶ
770 4466 802 4536 ή
842 4466 1124 4535 ἐλπιστικὴ
1150 4464 1303 4535 ἡμῶν
1330 4466 1593 4535 ἐνέργεια.
1632 4468 1755 4520 Δια-

1853 3273 1975 3327 dam
2032 3273 2177 3326 tuba:
2228 3273 2548 3334 consociat;
2601 3267 2820 3338 quando
2866 3268 2921 3321 in
2962 3283 3130 3321 unum
3188 3267 3413 3320 chorum

1851 3363 2120 3417 coalescet
2142 3363 2321 3417 omnis
2346 3371 2618 3422 creatura,
2649 3359 2871 3414 inferior
2890 3367 2943 3413 et
2964 3357 3244 3428 superior;
3265 3372 3414 3411 cum-

1851 3471 1954 3526 que
1986 3455 2220 3526 cymbali
2264 3456 2459 3519 instar,
2509 3451 2899 3506 intellectualis
2949 3459 3165 3516 natura,
3206 3457 3259 3504 et
3296 3463 3418 3518 quae

1850 3561 2115 3616 nuncper
2152 3555 2428 3613 peccatum
2472 3543 2745 3612 disjuncta
2786 3552 2887 3606 est,
2928 3541 3232 3611 jucundum
3262 3538 3415 3592 illum

1853 3653 2046 3694 sonum
2089 3652 2155 3692 ex
2208 3645 2396 3691 mutua
2430 3635 2751 3707 symphonia
2796 3634 3154 3690 resultantem
3189 3630 3417 3696 efﬁciet;

1851 3730 2070 3801 quando
2098 3738 2285 3783 nostra
2333 3738 2526 3781 natura
2555 3740 2680 3780 cum
2711 3724 2954 3795 angelica
2986 3722 3294 3786 conveniet,
3330 3720 3418 3774 di-

1851 3824 2120 3892 vinusque
2160 3820 2431 3875 exercitus
2477 3835 2540 3874 ex
2597 3818 2703 3873 ista
2747 3815 3067 3871 confusione
3108 3820 3418 3877 revocatus,

1853 3914 2028 3983 palam
2052 3920 2105 3969 et
2138 3913 2193 3966 in
2241 3918 2533 3980 conspectu
2575 3909 2812 3965 hostium
2863 3907 3154 3978 epinicium
3190 3904 3419 3959 Domino

1853 4005 2042 4060 victori
2073 4012 2250 4058 canet.
2303 4002 2458 4057 Tunc
2492 4001 2672 4057 omnis
2720 4000 2947 4069 spiritus
2980 3997 3269 4051 Dominum
3300 3995 3419 4048 lau-

1851 4096 2038 4150 dabit:
2071 4111 2191 4165 qua:
2218 4096 2338 4150 laus
2372 4095 2599 4164 gratiam
2640 4091 2731 4147 Dei
2767 4100 3025 4161 perpetuo
3056 4094 3417 4156 repraesenta—

1853 4186 1953 4249 bit,
1986 4194 2039 4241 et
2072 4188 2406 4241 incremento
2430 4185 2654 4255 perenni
2684 4180 3068 4238 beatitudinem
3106 4177 3416 4246 adaugebit.

1856 4280 2001 4333 illam
2033 4279 2154 4333 dico
2185 4277 2597 4339 beatitudinem,
2649 4290 2770 4344 quae
2816 4286 2944 4327 vere
2996 4267 3276 4324 beatitudo
3305 4277 3417 4331 est;

1856 4387 2015 4442 quam
2066 4372 2112 4428 si
2150 4369 2465 4438 conjectura
2514 4368 2730 4439 assequi
2783 4366 2940 4429 velis,
2986 4364 3207 4431 languet
3250 4360 3414 4421 ratio,

1858 4467 2074 4536 languet
2102 4456 2155 4520 et
2183 4467 2296 4536 ipsa
2326 4480 2448 4535 qure
2480 4465 2535 4518 in
2568 4462 2722 4516 nobis
2750 4466 2852 4522 est,
2872 4455 3127 4526 sperandi
3162 4451 3415 4506 facultas.

212 4556 398 4626 δέχεται
429 4557 484 4609 δέ
519 4555 627 4625 (96)
659 4558 691 4625 ἡ
735 4556 969 4626 ἄρρητός
1014 4572 1073 4608 τε
1112 4555 1202 4607 καὶ
1241 4556 1625 4627 ἁκατανὸητος,
1660 4558 1745 4609 καὶ

1861 4557 2115 4611 Succedit
2142 4573 2271 4611 vero
2299 4557 2387 4611 ille
2424 4553 2713 4609 ineﬂ'abilis
2745 4560 2799 4606 et
2832 4544 3419 4627 incomprehensibilis,

217 4649 369 4717 πάσης
399 4652 643 4719 κρεῖττον
677 4647 785 4716 (97)
813 4647 1045 4708 διανοίας
1072 4648 1422 4711 κατάστασις,
1476 4668 1503 4727 «1
1534 4649 1598 4721 ἢν
1630 4649 1752 4702 οὔτε

214 4744 461 4816 ὀφθαλμὸς
489 4736 775 4804 εἴδενρῦτε
802 4734 891 4800 οὖς
918 4740 1163 4808 ἤκουσεν,
1217 4760 1233 4789 ι
1282 4737 1404 4791 οὔτε
1443 4738 1752 4810 ἀνθρωπίνη

215 4836 386 4907 καρδία
402 4833 698 4906 ἐχώρησεν.
725 4830 878 4884 Οὕτω
900 4832 1005 4902 γὰρ
1023 4830 1255 4901 ὡρίσατο
1276 4830 1340 4884 τὰ
1363 4832 1539 4899 ἀγαθά
1553 4832 1620 4885 τά
1647 4832 1753 4903 (98)

219 4928 265 4979 ἐν
280 4927 349 4998 τῷ
373 4924 634 4995 ἁγιασμῷ
670 4922 1004 4994 ἀποκείμενα
1032 4923 1060 4974 ὁ
1089 4921 1227 4986 θεῖος
1262 4916 1600 4982 Ἀπόστολος,

276 5127 318 5159 ’δ
344 5125 362 5178 l
391 5123 520 5187 Cor.
551 5138 611 5185 ιι,
640 5123 693 5177 9.

276 5322 381 5391 (90)
411 5319 829 5391 Ἑπεισάγουσα,
858 5320 944 5375 ed.

277 5388 378 5461 (9|)
430 5393 492 5445 Ἢ
527 5406 639 5445 οιη.
673 5388 761 5444 ed.

279 5455 383 5532 (ΒΞ)
416 5462 622 5532 Omnia
644 5462 806 5514 verba
824 5459 891 5514 ad
913 5458 1002 5532 τὸν
1030 5473 1137 5532 om:
1164 5455 1249 5532 ed_.

278 5526 380 5603 (93)
413 5533 555 5603 Πρὸς
572 5531 640 5603 τὸ
664 5531 890 5603 στερρὸν
908 5526 1131 5603 aliquot
1144 5526 1305 5582 codd.

281 5536 362 5595 (93
413 5536 555 5603 Πρὸς
577 5536 640 5582 τὸ
664 5536 890 5601 στερρὸν
921 5547 945 5582 a

281 5536 382 5677 (9s)
414 5601 827 5663 Καταλασοῦσα,
860 5600 945 5655 ed.

1861 4656 1914 4702 et
1942 4648 2089 4703 omni
2140 4648 2467 4718 cogitatione
2510 4645 2702 4699 melior
2749 4649 2945 4705 status,
2981 4653 3142 4710 quem
3199 4656 3217 4687 ‹
3248 4651 3422 4704 neque

1862 4742 2054 4795 oculus
2092 4740 2248 4803 vidit,
2281 4754 2456 4808 neque
2484 4738 2631 4792 auris
2662 4734 2896 4795 audivit,
2928 4753 2946 4785 ι
2990 4746 3163 4801 neque
3185 4729 3421 4782 humana

1864 4849 2016 4888 mens
2051 4832 2289 4902 percepit
2309 4832 2373 4886 “.
2423 4830 2515 4885 Sic
2561 4830 2703 4885 enim
2750 4826 2994 4882 deﬁnivit
3026 4824 3242 4880 divinus
3275 4824 3423 4892 Apo-

1863 4925 2035 4979 stolus
2060 4924 2201 4977 bona
2240 4927 2295 4975 in
2333 4921 2682 4976 sanctissimo
2717 4919 2809 4973 illo
2839 4924 2985 4974 statu
3014 4915 3269 4986 reposita.

1934 5314 2047 5385 (95)
2076 5311 2316 5385 diuvept'p,
2346 5309 2435 5367 ed.

1938 5383 2047 5456 (96)
2082 5384 2211 5456 Καί,
2242 5383 2327 5436 ed.

1938 5452 2047 5524 (97)
2078 5454 2373 5525 Κρείττων.
2406 5452 2494 5506 ed.

1939 5520 2047 5597 (98)
2077 5520 2281 5594 Ἄγαθά
2305 5523 2372 5578 τὰ
2397 5537 2503 5577 om.
2541 5520 2628 5575 ed.
