3982 6478
531 410 619 470 ιεγ

541 557 3308 595 _.-—————————‘—_——__—_.__—_—__——-____

1759 411 1825 470 S.
1865 413 2192 472 GREGORH
2229 416 2524 474 NYSSENI

3652 430 3764 483 488

3311 585 3739 598 Ἦ

1503 665 1652 750 ΤΟ
1703 662 2276 753 ΔΕΥΤΕΡΟΝ
2325 667 2787 757 ΒΙΒΛΙΟΝ.

1441 924 2119 1020 TBACTATUS
2199 931 2399 1022 SEC
2422 935 2483 1022 U
2507 935 2569 1020 N
2593 932 2850 1022 DUS.

1033 1192 1264 1250 CAPUT
1299 1193 1592 1252 PRIMUM.

2739 1202 3131 1255 ΚΕΦΑΛᾹΙΟΝ
3166 1201 3243 1252 Α’.

599 1283 695 1339 His
722 1283 868 1338 hunc
899 1282 954 1336 in
985 1283 1204 1338 modum
1239 1285 1544 1354 explicatis,
1569 1297 1782 1358 tempus
1820 1291 2096 1358 postulare

2272 1295 2488 1350 Τούτων
2513 1292 2605 1348 οὖν
2634 1294 2743 1364 (99)
2769 1292 2940 1356 οὕτως
2969 1294 3098 1363 ἡμῖν
3119 1286 3616 1359 διευκρινηθέντων,
3647 1301 3746 1336 και

527 1379 760 1442 videtur,
782 1385 840 1430 ut
867 1387 920 1431 et
946 1375 1012 1430 de
1034 1377 1484 1448 inscriptionibus
1508 1394 1811 1434 sermonem
1839 1382 2094 1436 institua-

529 1485 672 1531 mus,
724 1483 844 1539 qua:
881 1483 990 1522 non
1019 1467 1274 1538 exiguum
1322 1477 1653 1524 momentum
1722 1471 1788 1526 ad
1837 1475 2091 1528 virtutem

530 1561 779 1624 afferunt,
820 1561 966 1634 quod
1018 1575 1083 1614 ex
1155 1560 1424 1616 sententia
1496 1561 1580 1616 his
1643 1561 2093 1632 inscriptionibus

530 1656 774 1725 subjecta
823 1656 1079 1726 colligere
1111 1657 1255 1710 licet.
1299 1655 1681 1712 Necessarium
1723 1667 1902 1714 autem
1932 1661 2097 1718 fuerit

528 1747 681 1816 prius
706 1746 970 1802 rationem
1002 1746 1290 1817 quamdam
1318 1747 1422 1802 arti
1466 1757 1885 1805 consentaneain
1951 1753 2098 1823 ipsa-

531 1855 649 1892 rum
679 1839 1091 1909 inscriptionum
1115 1839 1275 1905 inire,
1301 1855 1464 1910 quam
1493 1842 1734 1910 ipsorum
1757 1841 2094 1901 Psalmoium

530 1931 1023 1985 considerationem
1077 1930 1477 2002 aggrediamur,
1535 1941 1594 1985 ut
1643 1947 1806 2002 quam
1860 1935 2096 1990 maxime

531 2024 750 2093 planum
786 2022 943 2078 nobis
977 2021 1088 2088 ﬁat,
1135 2023 1298 2092 hujus
1323 2023 1588 2080 divinitus
1621 2023 1899 2095 inspirata:
1931 2026 2096 2082 disci-

2202 1388 2294 1460 ρὸς
2318 1387 2383 1441 ἂν
2413 1389 2496 1458 εῑη
2529 1388 2620 1441 καὶ
2649 1387 2738 1439 τὸν
2767 1385 2894 1456 περὶ
2925 1384 3033 1437 τῶν
3060 1378 3378 1451 ἐπιγραφῶν
3409 1375 3767 1445 ἐξετασθῆναι

2199 1483 2374 1554 λόγον.
2410 1484 2482 1536 Οὐ
2505 1481 2674 1554 μικρὰ
2708 1481 2782 1551 (1)
2817 1478 2925 1548 γὰρ
2951 1479 3083 1547 ἡμῖν
3113 1473 3247 1546 πρὸς
3269 1472 3367 1543 τὴν
3389 1471 3506 1524 κατ’
3529 1468 3605 1540 (2)
3635 1468 3773 1537 ἀρε-

2197 1577 2296 1644 τὴν
2317 1576 2432 1628 ὁδὸν
2459 1576 2552 1629 καὶ
2571 1575 2732 1628 αὑταὶ
2758 1570 3169 1642 συμϐάλλονται,
3190 1565 3264 1630 ὡς
3283 1564 3492 1629 ἔξεστιν
3513 1560 3572 1626 ἐξ
3594 1559 3773 1628 αὐτῆς

2195 1668 2296 1737 τῆς
2317 1668 2549 1729 διανοίας
2569 1666 2674 1718 τῶν
2690 1660 3174 1734 ἐπιγεγραμμένων
3196 1656 3406 1727 μαθεῖν.
3441 1654 3771 1720 Ἀναγκαῖον

2197 1759 2242 1812 δ’
2274 1759 2338 1812 ἂν
2371 1760 2454 1828 εἴη
2486 1757 2697 1830 πρῶτον
2729 1755 2987 1826 τεχνικήν
3016 1769 3137 1806 τινα
3164 1750 3272 1803 τῶν
3297 1747 3613 1818 ἐπιγραφῶν
3633 1745 3771 1814 ἐτρο-

2198 1847 2286 1902 δον
2313 1848 2378 1902 δι’
2400 1848 2591 1916 ὀλίγων
2623 1846 2730 1918 πρὸ
2764 1847 2862 1916 τῆς
2887 1845 2994 1897 τῶν
3019 1840 3247 1913 ψαλμῶν
3273 1839 3501 1907 θεωρίας
3533 1839 3772 1906 ποιήσα-

2202 1940 2360 1994 σθαι·
2397 1941 2471 2003 ὡς
2503 1941 2568 1995 ἂν
2602 1939 2828 2010 μάλιστα
2859 1937 3066 2005 γένοιτο
3111 1934 3269 2003 δῆλον
3299 1931 3392 1985 καὶ
3435 1930 3522 1984 διὰ
3559 1929 3771 1982 τούτων

2199 2034 2350 2103 ἡμῖν,
2385 2031 2465 2084 ὃτι
2503 2031 2610 2093 πᾶς
2647 2031 2676 2084 ὀ
2709 2028 2905 2092 σκοπὸς
2941 2029 3038 2094 τῆς
3069 2023 3420 2079 Θεοπνεύστου
3448 2020 3650 2090 ταύτης
3681 2019 3766 2073 δι·

535 2116 692 2185 ριίηαξ
745 2114 904 2170 ﬁnem
961 2113 1126 2169 alium
1183 2131 1292 2170 non
1349 2131 1678 2186 esse,quan:
1712 2126 1772 2171 ut
1811 2118 1875 2172 ad
1917 2135 2097 2173 veram

2205 2121 2490 2186 δασκαλίας
2553 2121 2720 2183 ἐστὶν,
2775 2121 2866 2174 ἐπὶ
2904 2119 2962 2173 τὸ
3014 2119 3180 2180 ὅντως
3227 2115 3493 2186 μακάριον
3553 2114 3769 2179 ἀναγα-

530 2207 918 2264 beatitudinem
953 2208 1194 2262 animum
1255 2207 1532 2279 perducat.
1565 2208 1905 2264 Psalmorum
1937 2211 2101 2281 igitur

531 2299 621 2353 alii
647 2296 1001 2368 inscriptione
1026 2299 1250 2352 omnino
1280 2306 1502 2354 carent:
1556 2299 1648 2352 alii
1677 2301 1818 2371 apud
1845 2314 1944 2357 nos
1977 2302 2100 2371 qui-

530 2388 651 2442 dem
676 2389 1084 2460 inscriptionem
1111 2386 1390 2458 PrOphetaa
1417 2389 1612 2444 habent
1628 2431 1644 2455 ,
1681 2391 1820 2460 apud
1844 2390 2100 2446 Hebraeos

532 2494 642 2534 non
656 2479 876 2534 habent.
904 2480 1042 2534 Aliis
1072 2479 1457 2550 inscriptionis
1482 2480 1601 2534 loco
1629 2492 1712 2536 est
1734 2483 1910 2537 solum
1944 2502 1963 2535 ι
1999 2484 2100 2538 Da-

532 2571 673 2626 vidis
714 2588 732 2622 »
768 2583 985 2624 nomen.
1013 2569 1149 2625 Aliis
1179 2571 1340 2626 simul
1380 2585 1505 2624 cum
1556 2570 1777 2626 nomine
1823 2571 1970 2626 aliud
2001 2573 2098 2626 ad

535 2663 820 2724 scribitur.
848 2664 930 2719 vel
969 2681 989 2714 ι
1022 2664 1140 2718 laus
1164 2703 1180 2730 ,
1207 2685 1227 2719 ›
1258 2665 1340 2718 vel
1382 2682 1400 2715 ι
1437 2666 1735 2728 canticum,
1765 2684 1783 2716 ι
1815 2667 1894 2721 vel
1933 2685 1950 2719 ι
1991 2668 2102 2720 lau-

535 2759 706 2820 datio,
763 2777 782 2810 δ
821 2758 958 2813 velt
1014 2759 1277 2829 psalmus,
1317 2776 1335 2809 ι
1385 2758 1469 2813 vel
1501 2776 1519 2808 ι
1581 2757 1910 2821 intellectus,
1954 2779 1974 2812 ι
2018 2761 2099 2816 vel

538 2870 557 2901 ι
591 2849 786 2917 oratio,
829 2867 848 2902 ι
884 2849 965 2903 vel
997 2868 1015 2900 ι
1045 2847 1529 2904 consummationis
1551 2848 1888 2903 tabernaculi
1913 2892 1926 2914 ,
1961 2869 1978 2900 ι
2018 2851 2099 2905 vel

539 2959 557 2992 ι
593 2939 972 3003 dedicationis,
1004 2958 1023 2992 ι
1058 2941 1141 2995 vel
1177 2958 1196 2991 ι
1234 2941 1503 3006 exstasis,
1531 2958 1548 2990 ι
1579 2940 1661 2994 vel
1695 2959 1712 2990 ι
1757 2939 1810 2993 in
1835 2955 2102 2995 rememo-

535 3031 822 3096 rationcm,
867 3050 886 3084 ι
921 3031 1004 3086 vel
1047 3048 1066 3082 ι
1108 3031 1163 3086 in
1208 3029 1632 3094 confessionem,
1690 3051 1709 3083 ι
1741 3031 1826 3086 vel
1861 3051 1880 3084 ‹
1944 3047 2103 3089 servo

535 3119 769 3185 Domini,
802 3139 822 3173 ι
852 3120 935 3176 vel
974 3138 994 3172 ‹
1032 3120 1289 3184 Idithum,
1331 3139 1349 3172 ι
1392 3120 1476 3175 vel
1506 3137 1525 3170 ι
1564 3118 1734 3174 Eman
1762 3119 2035 3176 lsraclitae.
2077 3140 2096 3174 ι

535 3211 592 3268 1η
620 3213 742 3269 aliis
770 3211 1075 3282 concipitur
1104 3211 1389 3282 inscriptio
1411 3225 1534 3266 cum
1557 3210 1791 3282 quadam
1818 3212 2101 3266 nominum

535 3305 844 3374 huiusmodi
866 3313 922 3359 et
949 3304 1238 3359 verborum
1266 3311 1454 3358 mutua
1503 3303 1844 3359 connexione
1865 3312 1920 3360 et
1972 3318 2105 3359 con-

529 3398 812 3468 jugatione
877 3415 890 3450 :
939 3397 1020 3451 vel
1069 3398 1213 3451 enim
1267 3413 1286 3446 ι
1356 3395 1629 3449 canticum
1680 3397 1898 3465 psalmi,
1965 3415 1983 3448 ι
2019 3397 2103 3452 vel

2201 2217 2315 2282 γεῖν
2343 2215 2416 2284 (5)
2446 2215 2542 2285 τὴν
2567 2214 2818 2269 διάνοιαν.
2846 2211 2964 2266 Τῶν
2983 2210 3156 2264 τοίνυν
3183 2206 3412 2278 ψαλμῶν
3432 2207 3479 2258 οἱ
3507 2205 3603 2274 μέν
3629 2205 3768 2255 εἰσιν

2202 2302 2561 2372 ἀνεπίγραφοι
2591 2301 2688 2369 (5')
2731 2298 2974 2354 καθόλουο
3003 2299 3067 2351 Οἱ
3099 2297 3154 2350 δὲ
3200 2297 3330 2365 παρ’
3377 2295 3506 2364 ἡμῖν
3551 2292 3773 2360 ἔχοντες

2200 2393 2300 2463 τὴν
2337 2393 2646 2464 ἐπιγραφὴν
2676 2389 2770 2444 τοῦ
2801 2391 3120 2461 Προφήτου,
3151 2386 3302 2457 παρὰ
3339 2389 3449 2447 τοῖς
3493 2383 3768 2456 Ἑϐραίοις

2200 2485 2300 2538 οὐκ
2345 2483 2544 2554 ἔχουσι.
2577 2483 2700 2546 Τοῖς
2745 2482 2802 2535 δὲ
2839 2481 3113 2552 ἐπιγραφή
3162 2481 3276 2533 ἐστι
3302 2517 3316 2540 ,
3368 2479 3518 2548 ψιλὸν
3564 2476 3624 2528 τὸ
3670 2474 3768 2528 τοῦ

2207 2596 2225 2626 ι
2260 2576 2419 2630 Δαυῖδ
2448 2597 2466 2627 ι
2491 2577 2678 2646 ὄνομα.
2717 2574 2928 2638 νΑλλοις
2954 2573 3090 2645 μετὰ
3111 2573 3202 2626 τοῦ
3227 2572 3485 2642 ὀνόματος
3519 2571 3611 2624 καὶ
3636 2570 3772 2623 ἄλλο

2201 2669 2254 2720 τὶ
2277 2668 2828 2740 συμπαραγράφεται,
2860 2666 2892 2736 ἢ
2922 2685 2941 2716 ι
2977 2660 3174 2730 ulvae,»
3199 2666 3233 2735 ἢ
3266 2685 3282 2716 ι
3309 2665 3440 2736 ᾠδὴ,
3470 2685 3488 2718 ι
3515 2666 3546 2737 ῆ
3576 2687 3592 2716 ι
3620 2667 3774 2719 αἴνε-

2205 2774 2309 2821 σις,
2340 2776 2358 2808 ι
2391 2755 2424 2826 ἢ
2456 2775 2474 2806 ι
2501 2756 2732 2826 ψαλμὺς,
2767 2777 2784 2807 ι
2818 2756 2893 2826 ἢ(
2926 2755 3208 2818 συνέσεως,
3241 2775 3259 2808 ι
3292 2754 3324 2826 ἢ
3358 2774 3376 2806 ι
3416 2756 3692 2826 προσευχὴ
3715 2777 3766 2818 ,ι

2203 2848 2236 2918 ἢ
2274 2867 2292 2898 ι
2326 2846 2523 2913 ὲξοδίου
2554 2849 2777 2918 σκηνῆς,
2819 2866 2837 2898 ι
2867 2846 2900 2918 ἢ
2931 2865 2949 2898 ι
2987 2847 3363 2918 ὲγκαινισμοῦ,
3391 2866 3409 2898 ι
3448 2847 3480 2918 ἢ
3514 2865 3533 2898 ‹
3568 2848 3770 2901 ἐκστά-

2207 2957 2361 3006 σεως,
2406 2959 2424 2991 ι
2467 2939 2501 3010 ἢ
2555 2958 2573 2990 ι
2604 2941 2682 3002 εἰς
2710 2939 3102 3009 ὲπανάμνησιν,
3139 2957 3156 2989 ι
3193 2939 3225 3010 ἢ
3273 2957 3292 2989 ι
3329 2939 3406 3000 εἰς
3443 2938 3769 3009 ἐξομολόγη-

2206 3044 2309 3091 σιν,
2337 3046 2354 3076 ι
2377 3026 2411 3096 ἢ
2438 3044 2456 3077 r
2483 3025 2560 3096 τῷ
2583 3026 2749 3096 δούλῳ
2771 3026 2994 3097 Κυρίου,
3017 3025 3082 3095 »ἢ
3103 3045 3121 3077 ι
3149 3026 3225 3096 τῷ
3253 3026 3500 3098 Ἰδιθοὺμ,
3531 3028 3601 3097 »ἦ
3635 3048 3652 3078 ι
3687 3028 3770 3098 τῷ

2217 3114 2384 3183 Ἐμὰν
2421 3114 2499 3187 τῷ
2547 3115 2868 3188 Ἰσραηλίτῃ.
2907 3134 2923 3165 ι
2971 3115 3205 3185 Ἑτέροις
3233 3114 3288 3167 δὲ
3331 3115 3468 3184 μετὰ
3509 3115 3776 3184 συζυγίας

2204 3207 2344 3270 τινὸς
2368 3206 2477 3260 τῶν
2505 3207 2778 3277 ὀνομάτων
2809 3205 3011 3258 τούτων
3039 3206 3072 3276 ἦ
3095 3205 3201 3259 τῶν
3230 3206 3487 3276 ῥημάτων
3516 3206 3775 3278 ἀλλήλοις

2207 3297 2666 3370 συγ-γραφομένων
2721 3296 2753 3366 ἡ
2800 3297 3074 3367 ἐπιγραφὴ
3109 3298 3336 3366 γίνεται·
3406 3296 3436 3367 ἧ
3464 3299 3581 3368 ’γὰρ
3609 3317 3626 3349 ι
3655 3299 3774 3371 ᾠδὴ

2203 3387 2436 3458 ψαλμοῦ,
2471 3407 2489 3440 ι
2517 3389 2550 3460 ἢ
2581 3407 2599 3439 ι
2631 3387 2839 3457 ψαλμὸς
2858 3387 3018 3459 ᾠδῆς,
3045 3407 3063 3440 ι
3090 3389 3122 3458 ἢ
3153 3409 3170 3438 ο
3198 3389 3328 3460 ᾠδὴ,
3361 3410 3380 3441 ›
3404 3391 3435 3460 ἢ
3457 3411 3474 3441 ί
3497 3391 3764 3461 ψαλμδςη

539 3509 558 3543 ι
599 3491 844 3562 psalmus
875 3490 1098 3553 cantici,
1156 3509 1174 3540 ι
1210 3491 1292 3544 vel
1330 3508 1348 3539 ι
1391 3491 1694 3555 canticum,
1735 3511 1753 3543 ι
1784 3493 1866 3546 vel
1905 3509 1925 3544 ι
1959 3493 2103 3562 psal-

2209 3481 2241 3550 ῆ
2273 3499 2292 3531 ι
2325 3480 2383 3532 ὲν
2413 3480 2600 3550 ὕμνοις
2627 3478 2868 3548 ψαλμὸς,
2908 3499 2925 3530 ι
2963 3480 2995 3549 ἢ
3034 3500 3052 3531 ι
3088 3482 3145 3532 ὲν
3183 3481 3371 3552 ὕμνοις
3405 3482 3688 3544 συνέσεως.
3746 3504 3766 3534 ι

534 3601 679 3647 mus,
717 3604 735 3636 ι
771 3583 854 3639 vel
891 3602 910 3635 ‹
950 3583 1003 3636 in
1025 3581 1243 3653 hymnis
1273 3581 1539 3652 psalmus,
1571 3600 1588 3632 ι
1628 3583 1710 3638 vel
1750 3601 1767 3634 ‹
1807 3583 1860 3637 in
1894 3583 2108 3654 hymnis

535 3676 863 3740 intellectus,
912 3692 931 3726 ι
991 3673 1076 3729 vel
1134 3693 1152 3724 ι
1209 3673 1386 3727 oratio
1441 3671 1631 3737 David,
1688 3693 1708 3725 ι
1764 3673 1844 3728 vel
1879 3692 1896 3725 ι
1935 3675 2110 3730 oratio

533 3766 782 3839 pauperi,
818 3785 836 3820 ι
901 3765 985 3821 vel
1016 3785 1034 3817 ι
1069 3765 1189 3819 laus
1215 3763 1436 3826 cantici,
1477 3782 1495 3815 ι
1531 3764 1612 3819 vel
1655 3763 1834 3818 simile
1861 3764 1988 3834 quid
2012 3780 2110 3820 no-

535 3861 666 3915 mini
702 3858 924 3914 Davidis
975 3857 1360 3926 conjunctione
1393 3857 1626 3927 quadam
1685 3857 1997 3926 copulatum
2030 3858 2111 3913 in-

535 3951 852 4021 scriptionis
872 3951 1048 4005 vicem
1072 3949 1243 4005 subit.
1275 3947 1488 4004 Rursus
1516 3949 1570 4002 in
1604 3946 1725 4001 aliis
1759 3947 1863 4001 alia
1893 3963 2111 4018 quoque

534 4043 718 4098 addita
762 4056 986 4097 cernere
1018 4041 1146 4094 licet
1184 4057 1196 4092 :
1243 4037 1584 4108 potissimum
1624 4035 1754 4090 illud
1815 4053 1829 4090 :
1879 4054 1897 4087 ι
1937 4038 1992 4090 In
2046 4035 2110 4089 ﬁ-

535 4149 680 4188 nem.
728 4152 746 4185 ι
812 4131 950 4187 Huic
999 4130 1183 4184 itidem
1241 4129 1361 4183 voci
1407 4129 1612 4191 multis,
1667 4128 1945 4197 variisque
1989 4126 2110 4184 aliis

535 4225 800 4292 adjectis:
840 4233 933 4279 aut
989 4223 1134 4278 enim
1163 4221 1500 4291 adjungitur,
1536 4239 1556 4272 ι
1609 4236 1707 4290 pro
1739 4221 1805 4276 iis
1837 4221 1930 4292 qui
1963 4235 2112 4274 com-

535 4319 889 4372 mutahuntur
923 4333 937 4379 ;
983 4335 999 4366 ι
1033 4323 1126 4370 aut
1163 4333 1181 4364 ι
1222 4329 1318 4383 pro
1353 4313 1589 4377 arcanis,
1625 4331 1641 4363 ι
1681 4322 1774 4366 aut
1824 4333 1842 4365 ι
1877 4328 1975 4381 pro
2017 4327 2110 4367 oc-

536 4419 682 4471 tava,
740 4427 758 4458 »
813 4415 905 4461 aut
937 4425 954 4458 ι
996 4422 1094 4475 pro
1133 4419 1196 4460 ea
1227 4420 1350 4474 qua:
1400 4403 1771 4458 haereditatem
1818 4404 2110 4473 consequi—

536 4505 646 4559 tur,
684 4516 702 4546 ι
753 4503 846 4551 aut
885 4515 903 4545 ι
949 4511 1046 4565 pro
1081 4494 1469 4554 torcularibus,
1517 4513 1535 4542 ι
1609 4502 1702 4546 aut
1733 4513 1750 4543 ε
1786 4509 1884 4564 pro
1931 4509 2113 4550 susce-

536 4589 718 4658 ptione
738 4588 1022 4643 matutina.
1063 4606 1079 4637 ι
1139 4595 1231 4640 aut
1261 4606 1280 4637 ‹
1322 4601 1417 4655 pro
1445 4584 1733 4645 Maheleth,
1780 4604 1798 4637 ο
1835 4596 1928 4639 aut
1963 4605 1979 4637 ι
2014 4600 2111 4655 pro

537 4678 756 4748 populo,
789 4677 878 4746 qui
910 4691 939 4729 a
982 4675 1188 4730 sanctis
1245 4675 1400 4745 longe
1455 4673 1632 4728 factus
1660 4667 1763 4736 est,
1810 4693 1828 4726 ι
1860 4682 1953 4727 aut
1985 4692 2006 4722 ι
2045 4690 2112 4729 ne

2209 3570 2240 3640 ἢ
2292 3589 2310 3621 ‹
2350 3571 2655 3641 προσευχῆς
2699 3570 2776 3641 τῷ
2803 3569 2994 3635 Δαυῒδ,
3040 3590 3057 3621 ι
3112 3570 3144 3641 ἢ
3186 3592 3202 3624 ι
3239 3573 3538 3642 προσευχῆς
3571 3573 3644 3638 (4)
3693 3574 3774 3644 τῷ

2209 3662 2427 3732 πτωχῷ,
2461 3683 2479 3714 ι
2513 3662 2546 3733 ἢ
2588 3681 2606 3713 ‹
2634 3656 2781 3724 αἶνος
2805 3662 2970 3732 ᾠδῆς·
3001 3682 3018 3712 ι
3062 3663 3094 3734 ἦ
3152 3681 3207 3716 τι
3238 3663 3346 3716 τῶν
3402 3662 3653 3716 τοιούτων
3684 3665 3774 3718 διὰ

2211 3751 2467 3821 συζυγίας
2511 3753 2954 3822 συντεταγμένων
3000 3752 3075 3824 τῷ
3113 3753 3332 3822 ὀνόματι
3369 3753 3445 3824 τῷ
3487 3754 3560 3822 (5)
3607 3753 3775 3808 Δαυῒδ

2212 3840 2489 3913 ἐπιγραφὴ
2519 3842 2750 3910 γίνεται.
2794 3841 2960 3896 Πάλιν
2999 3843 3082 3909 ἐφ’
3115 3842 3333 3914 ἐτέρων,
3367 3844 3458 3896 καὶ
3487 3843 3618 3898 ἄλλα
3646 3845 3773 3898 τινὰ

2208 3936 2416 3997 τούτοις
2463 3934 2940 4004 συνεπιγράφεταιο
2974 3934 3407 4004 προτεταγμένου
3449 3933 3566 4004 μὲν,
3595 3933 3669 3999 ὼς
3702 3936 3772 3990 τὰ

2211 4025 2411 4088 πολλὰ,
2439 4023 2530 4078 τοῦ
2578 4043 2597 4076 ‹
2634 4026 2712 4087 εἰς
2752 4025 2812 4077 τὸ
2844 4025 3013 4089 τέλος.
3059 4048 3075 4078 ι
3114 4017 3579 4098 Συγγραφομένων
3611 4028 3666 4080 δὲ
3700 4031 3768 4099 τῇ

2212 4120 2358 4187 φωνῇ
2383 4117 2550 4187 ταύτῃ
2587 4116 2842 4170 ποικίλων
2886 4135 2944 4170 τε
2981 4121 3074 4170 καὶ
3095 4116 3588 4191 διαφόῳνοῆγὰρι
3629 4120 3771 4191 ὑπὲρ

2209 4209 2315 4261 τῶν
2344 4209 2845 4281 ἀλλοιωθησομένων
2867 4211 3234 4281 »προσγράφει
3252 4209 3399 4282 (6)’ἢ
3433 4229 3450 4260 ‹
3492 4212 3632 4283 ὑπὲρ
3658 4212 3770 4264 τῶν

2210 4299 2474 4368 κρυφίων,
2515 4318 2532 4348 ι
2560 4298 2593 4370 ἢ
2626 4317 2646 4350 ι
2677 4299 2815 4370 ὑπὲρ
2839 4301 2936 4369 τῆς
2957 4299 3412 4372 κληρονομούσης,
3451 4319 3469 4352 ι
3504 4301 3536 4372 ἢ
3574 4321 3592 4352 ι
3629 4302 3770 4373 ὑπὲρ

2208 4389 2306 4458 τῆς
2333 4388 2540 4458 ὀγδόης,
2571 4409 2590 4441 ι
2637 4389 2670 4460 ἢ
2707 4408 2725 4441 ι
2760 4389 2898 4460 ὑπὲρ
2941 4390 3047 4442 τῶν
3079 4389 3270 4461 ληνῶν,
3309 4409 3327 4441 ι
3365 4391 3398 4461 ἢ
3439 4409 3457 4441 ι
3499 4391 3638 4462 ὑπὲρ
3666 4392 3770 4461 τῆς

2209 4477 2540 4549 ἀντιλήψεως
2580 4479 2677 4549 τῆς
2726 4479 2972 4549 ἑωθινῆς.
3022 4499 3039 4532 ι
3076 4479 3107 4550 ἢ
3159 4498 3176 4529 ι
3219 4479 3358 4550 ὑπὲρ
3390 4480 3624 4540 Μαελὲθ,
3666 4502 3684 4532 ι
3729 4482 3763 4553 ἢ

2216 4589 2233 4620 ι
2268 4571 2402 4642 ὑπὲρ
2429 4570 2522 4624 τοῦ
2565 4570 2694 4623 λαοῦ
2737 4570 2831 4624 τοῦ
2872 4572 2980 4625 ἀπὸ
3018 4571 3122 4624 τῶν
3151 4571 3320 4638 ἁγίων
3364 4573 3770 4644 μεμακρυμμέ·

2210 4678 2351 4728 νου,ι
2381 4662 2413 4732 ἢ
2448 4682 2465 4714 ι
2505 4663 2577 4733 μὴ
2616 4662 2950 4736 διαφθείρῃς,
2981 4683 2998 4714 ι
3044 4663 3076 4735 ἢ
3119 4684 3137 4715 ι
3169 4667 3248 4726 είς
3282 4665 3704 4736 στηλογραφίαν,
3745 4686 3762 4715 ι

538 4785 876 4840 corrumpas,
917 4789 934 4822 ι
975 4777 1069 4822 aut
1103 4786 1120 4819 ι
1164 4768 1218 4821 in
1264 4768 1405 4821 tituli
1457 4767 1884 4835 inscriptionem,
1950 4785 1966 4818 ι
2016 4776 2103 4820 aut

2209 4751 2368 4822 ἢκαὶ
2405 4755 2685 4826 ἀμφότερα
2741 4756 2927 4811 ταῦτα·
3003 4754 3035 4825 ἢ
3087 4773 3105 4804 ι
3151 4757 3230 4818 είς
3273 4756 3611 4825 Σολομῶντα,
3663 4777 3681 4808 ι
3733 4759 3767 4829 ἦ

537 4860 652 4916 haec
710 4871 938 4928 utraque
972 4858 1164 4924 simul;
1218 4869 1311 4912 aut
1364 4875 1382 4908 ι
1435 4857 1488 4910 in
1530 4853 1897 4920 Salomonem,
1961 4875 1978 4908 ι
2014 4864 2107 4911 aut

543 4970 564 5002 ε
599 4955 868 5004 canticum
897 4965 992 5018 pro
1023 4949 1242 5012 dilecto,
1279 4969 1296 5000 ι
1333 4957 1425 5002 aut
1466 4967 1486 5000 ι
1527 4963 1623 5018 pro
1661 4948 1886 5002 occultis
1915 4946 2029 5008 lilii,
2080 4967 2099 5000 ι

539 5049 630 5096 aut
664 5061 681 5092 ι
745 5043 798 5095 in
847 5040 1282 5104 confessionem;
1318 5058 1338 5092 ι
1375 5047 1468 5092 aut
1539 5039 1717 5107 aliqua
1754 5055 1819 5092 ex
1851 5038 2100 5099 historia,

540 5137 811 5201 rebusque
837 5133 1006 5202 gestis
1022 5131 1432 5186 circumstantia
1451 5130 1687 5184 additur.
1711 5130 1954 5199 Exempli
1976 5145 2104 5182 cau-

538 5243 618 5288 sa,
663 5225 814 5288 illud,
845 5243 863 5274 (
899 5224 989 5292 qui
1021 5223 1072 5276 in
1100 5223 1359 5292 spelunca
1389 5261 1404 5285 ,
1443 5241 1461 5274 ι
1488 5223 1592 5286 vel,
1639 5239 1659 5271 ι
1696 5221 1911 5290 quando
1957 5223 2106 5276 misit

539 5316 692 5378 Saul,
743 5325 801 5371 ut
829 5316 1190 5374 occideretur,
1255 5333 1274 5366 ι
1313 5313 1396 5368 vel
1435 5331 1452 5364 ι
1483 5313 1700 5383 quando
1733 5314 1786 5367 in
1813 5311 2106 5368 solitudine

613 5509 723 5578 (99)
745 5505 852 5562 Οὖν
871 5524 982 5562 om.
1013 5521 1098 5562 ea.

613 5583 688 5641 (ll
716 5580 953 5650 Μικρὰν,
983 5579 1069 5633 ed.

613 5649 690 5717 (2)
731 5648 866 5702 Κατ’
898 5666 1006 5703 om.
1042 5648 1107 5703 ed

613 5721 690 5784 (5)
717 5721 988 5788 Ἀγαγεῖν,
1021 5721 1106 5774 ed.

614 5789 713 5861 (δ’)
749 5792 810 5842 Οἱ
835 5790 958 5844 add.
980 5790 1066 5845 ed.

2199 4847 2338 4919 «ᾠδὴ
2352 4847 2491 4918 ὑπὲρ
2508 4845 2602 4898 τοῦ
2620 4845 3005 4917 ἀγαπητοῦ,›ἢ
3041 4865 3058 4896 ι
3102 4845 3240 4916 ὑπὲρ
3271 4845 3378 4897 τῶν
3404 4848 3646 4917 κρυφίων
3673 4847 3770 4900 τοῦ

2209 4937 2346 4998 υἱοῦ,
2372 4954 2392 4988 ι
2413 4935 2446 5007 ἢ
2469 4958 2486 4988 ι
2509 4939 2587 4998 εἰς
2614 4938 3012 5009 ἐξομολόγησιν.
3054 4959 3072 4990 ι
3112 4940 3184 4991 Ἢ
3208 4956 3290 5002 τις
3320 4938 3378 5003 ἐξ
3406 4940 3642 5009 ἱστορίας
3669 4958 3772 4993 πε-

2213 5028 2472 5096 ρίστασις.
2503 5021 2624 5080 Οἷον
2646 5050 2662 5078 ι
2681 5027 2936 5100 ὃτεῆν(7)
2975 5031 3031 5082 ὲν
3063 5029 3140 5099 τῷ
3167 5030 3430 5100 σπηλαίῳ,
3454 5049 3470 5080 ι
3493 5027 3526 5098 ἦ
3548 5045 3566 5076 ι
3596 5032 3682 5083 ὅτε
3710 5033 3770 5082 ὲν

2208 5124 2272 5192 τῇ
2305 5121 2493 5191 ἐρήμῳ
2530 5167 2544 5188 ,
2586 5144 2604 5174 ι
2637 5122 2670 5193 ἢ
2707 5143 2723 5175 ι
2755 5123 2842 5174 ὅτε
2877 5122 3160 5175 ἀπέστειλε
3196 5123 3362 5176 Σαοὺλ
3396 5122 3486 5176 τοῦ
3529 5123 3774 5176 θανατῶ-

2210 5229 2298 5264 σαι
2329 5211 2508 5271 αὑτὸν,
2547 5231 2565 5262 ι
2615 5211 2647 5279 ἦ
2698 5229 2712 5260 ι
2759 5211 2896 5282 ὑπὲρ
2932 5212 3039 5265 τῶν
3082 5212 3253 5279 λόγων
3296 5212 3478 5275 Χουσὶ,
3517 5211 3589 5281 »ἦ
3621 5231 3640 5263 ι
3676 5213 3770 5264 ὅτε

2209 5301 2466 5372 ήλλοίωσε
2507 5303 2566 5356 τὸ
2603 5303 2887 5372 πρόσωπον
2925 5303 3086 5358 αὐτοῦ
3128 5304 3365 5357 ἐναντίον
3401 5303 3713 5374 Ἀϐιμέλεχ,
3745 5321 3765 5354 ι

2281 5503 2354 5583 ς
2385 5501 2555 5583 Εὖρος
2585 5501 2770 5583 είδχῆς,
2791 5501 2853 5555 ed
2865 5541 2876 5553 .

2281 5573 2356 5639 (5)
2391 5573 2518 5633 Τοῦ,
2562 5573 2647 5626 ed.

2282 5643 2357 5710 (6)
2389 5642 2721 5712 Προγράφει,
2763 5642 2852 5698 ed.

2287 5713 2362 5784 (7)
2399 5713 2529 5785 Τήν,
2565 5716 2650 5768 ed.
