3982 6478
214 402 319 458 189

1607 379 1673 435 ΙΝ
1702 374 2040 433 PSALMOS.

3342 370 3446 426 490

215 516 248 587 ἢ
284 535 302 567 ε
340 515 400 567 ὲν
427 512 507 585 τῷ
532 512 707 567 ἐλθεῖν
747 513 872 575 τοὺς
913 508 1188 581 Ζιφαίους,
1229 528 1247 560 ι
1281 507 1315 579 ἦ
1357 526 1376 557 ι
1413 509 1471 559 ἐν
1504 504 1579 574 τῷ
1612 504 1787 557 ἐλθεῖν

1898 496 2000 561 'uit,
2030 515 2051 549 ι
2085 496 2165 551 vel
2201 513 2221 547 ι
2251 509 2350 573 pro
2370 494 2551 553 verbis
2573 493 2767 557 Chusi,
2794 512 2813 545 ι
2842 492 2925 548 vel
2959 511 2976 544 ι
3013 489 3451 561 quandoimmu-

214 608 356 677 Δοὴκ
384 607 476 659 τὸν
528 606 842 678 Ἰδουμαῖον,
877 606 971 658 καὶ
1005 601 1321 670 ἀναγγεῖλαι
1353 597 1433 670 τῷ
1453 595 1624 650 Σαούλ
1643 610 1657 622 '
1691 613 1711 646 υ
1750 593 1783 664 ἦ

217 720 237 753 ι
272 704 329 755 ὲν
354 700 610 773 ἡμέραις,
635 700 723 753 ὅτε
738 697 1006 769 ἐρρύσατο
1022 694 1183 749 αὐτὸν
1208 692 1284 764 (8)
1306 690 1500 761 Κύριος
1513 691 1578 743 ὲκ
1602 688 1784 759 χειρὸς

210 792 427 847 πάντων
456 790 566 844 τῶν
598 788 807 859 ἐχθρῶν
839 785 1022 850 αὑτοῦ,
1051 785 1144 837 καὶ
1173 785 1234 835 ἐκ
1260 781 1439 853 χειρὸς
1466 778 1664 832 Σαούλσ
1697 797 1715 829 ›
1751 778 1784 847 ἢ

216 902 235 936 ι
274 885 365 937 ὅτε
393 881 726 953 ἐπέστρεψεν
767 878 947 941 Ίωὰϐ,
979 879 1073 931 καὶ
1118 874 1354 941 ἐπάταξε
1386 872 1486 943 τὴν
1526 872 1785 942 φάραγγα

209 978 317 1032 τῶν
347 976 492 1030 ἀλῶν
510 974 712 1028 δώδεκα
747 972 992 1043 χιλιάδας
1013 987 1029 1002 '
1067 989 1086 1022 ι
1120 969 1153 1040 ἦ
1185 989 1202 1019 ‹
1244 970 1300 1021 ὲν
1332 966 1410 1036 τῷ
1442 964 1616 1018 ἐλθεῖν
1652 964 1786 1033 πρὸς

210 1070 372 1124 αὑτὸν
398 1069 582 1122 Νάθαν
609 1066 699 1119 τδν
718 1066 1024 1136 προφήτην,
1046 1061 1210 1133 ἡνίκα
1232 1058 1480 1129 εἰσῆλθεν
1502 1056 1635 1126 πρὸς
1650 1056 1726 1124 Br
1737 1072 1789 1124 ρ-

209 1160 392 1216 σαϐεέ.
432 1179 451 1212 ι
495 1160 618 1212 Τισὶ
665 1158 721 1210 δὲ
766 1156 873 1209 τῶν
934 1153 1163 1225 ψαλμῶν
1207 1153 1352 1203 ἐστιν
1400 1146 1679 1231 ἐπιγραφὴ
1726 1147 1787 1197 τὸ

208 1245 465 1316 ὲϐραῖκὸν
490 1261 509 1293 ι
528 1239 814 1310 ἁλληλούῖα
832 1257 846 1271 ο
875 1258 892 1290 ι
917 1238 951 1308 ἦ
973 1238 1053 1300 δὶς
1069 1237 1128 1289 τὸ
1146 1236 1297 1295 αὐτὸ,
1320 1234 1351 1304 ἦ
1381 1232 1527 1296 ἅπαξ
1555 1234 1785 1300 ἐπιγρα-

210 1338 466 1407 φάμενον,
493 1334 577 1404 ἐφ’
609 1333 807 1405 ἐτέρων
839 1332 895 1383 δὲ
925 1330 1020 1384 καὶ
1050 1328 1277 1398 ὀνόμασί
1309 1344 1466 1379 τινων
1491 1322 1786 1396 προφητῶν

208 1430 343 1499 αὐτῇ
376 1431 443 1498 τῇ
462 1427 742 1497 ἐπιγραφῇ
765 1423 907 1477 κατὰ
935 1420 1199 1488 συζυγίαν
1224 1417 1617 1487 συγγράφεται.
1636 1408 1782 1476 Οἷον,

217 1540 235 1569 ι
273 1518 568 1589 ἀλληλούῖα
615 1515 893 1583 Ἀγγαίου,
918 1512 1013 1565 καὶ
1043 1509 1334 1580 Ζαχαρίου,
1374 1507 1468 1560 καὶ
1495 1504 1784 1575 ἀλληλούῖα

216 1609 504 1680 Ἱερεμίου,
521 1608 615 1659 καὶ
642 1603 904 1673 Ἑζεκιήλ.
922 1621 939 1653 ι
958 1600 1066 1654 Καὶ
1087 1597 1445 1667 πάλινέτερον
1472 1594 1785 1664 ἐπιγραφῆς

206 1698 348 1764 εἶδός
370 1702 543 1753 ἐστιν.
568 1698 638 1750 Ἦ
663 1715 681 1746 ι
710 1698 824 1756 τοῖς
845 1694 978 1755 υἱοῖς
998 1691 1163 1761 Κορὲ.
1192 1708 1209 1739 ι
1241 1688 1274 1758 ἦ
1309 1707 1327 1737 ι
1360 1687 1438 1756 τῷ
1465 1684 1698 1753 Ἰδιθούμ
1716 1700 1730 1713 ·
1758 1701 1774 1732 ι

206 1794 240 1864 ἦ
281 1812 303 1845 ί
354 1791 432 1862 τῷ
470 1790 679 1858 ’Δσάφο
727 1807 745 1839 ι
797 1788 877 1839 ἐνὶ
906 1785 962 1838 δὲ
997 1785 1116 1836 κατ’
1161 1780 1437 1864 ἐξαίρετον
1485 1778 1784 1864 επιγέγρα-

205 1860 362 1938 πται,
404 1860 427 1923 ῆι
462 1871 740 1943 προσευχὴ
768 1869 847 1939 τῷ
870 1869 1095 1923 Μωῦσεῖ
1121 1863 1391 1934 ἀνθρώπῳ
1423 1861 1517 1915 τοῦ
1557 1860 1716 1913 Θεοῦ.
1759 1879 1778 1909 ι

203 1958 329 2011 Τῶν
348 1957 403 2010 δὲ
420 1955 561 2009 κατὰ
585 1955 681 2024 μὲν
703 1953 779 2023 (9)
805 1953 904 2021 τὴν
925 1946 1381 2018 ὲκκλησιαστικὴν
1402 1944 1617 2015 γραφὴν
1643 1943 1785 2013 ἐχόν-

200 2065 314 2101 των
362 2043 696 2115 ἐπιγραφάς,
729 2040 796 2105 ἃς
832 2039 1182 2111 περιέχουσι,
1228 2034 1361 2107 παρ’
1415 2033 1687 2104 Ἑϐραίοις
1725 2030 1782 2083 δὲ

200 2138 593 2210 ἀνεπιγράφων
616 2135 811 2200 ὄντων,
846 2134 1050 2202 ταύτην
1083 2130 1317 2201 εὕρομεν
1352 2128 1452 2196 τὴν
1482 2125 1780 2196 διαφοράν⁸

197 2232 317 2292 τοῖς
353 2228 453 2298 μὲν
499 2228 608 2297 γάρ
656 2241 740 2287 τις
781 2222 1011 2293 ἀριθμὸς
1056 2220 1163 2272 τῶν
1195 2219 1336 2272 κατά
1379 2215 1480 2287 τὴν
1517 2215 1784 2283 ἑϐδομάδα

202 2320 432 2392 ἡμερῶν
463 2317 919 2387 συσσημαίνεται,
941 2312 975 2382 ἢ
1011 2330 1030 2363 ι
1072 2313 1169 2381 μία
1198 2308 1505 2370 σαϐϐάτων,
1535 2326 1553 2358 ι
1582 2306 1617 2376 ἢ
1654 2326 1673 2357 ‹
1696 2322 1783 2357 τε-

197 2413 403 2485 τράδος
419 2409 704 2465 σαϐϐάτων
725 2426 744 2459 ι
768 2406 803 2478 ἢ
830 2425 848 2457 ι
879 2406 958 2468 είς
975 2404 1074 2473 τὴν
1090 2402 1306 2474 ἡμέραν
1325 2398 1419 2453 τοῦ
1442 2398 1734 2462 σαϐϐάτου,
1757 2417 1775 2448 ι

197 2505 235 2574 ἦ
270 2523 291 2556 ι
343 2502 451 2575 πρὸ
489 2501 583 2555 τοῦ
617 2499 921 2554 σαϐϐάτου·
977 2514 996 2547 ι
1030 2493 1177 2548 ἄλλοι
1209 2491 1267 2544 δὲ
1298 2490 1492 2562 ἑτέραν
1516 2489 1640 2543 τινὰ
1669 2487 1779 2558 (10)

194 2596 312 2649 τῶν
333 2592 655 2664 ἐπιγραφῶν
677 2590 912 2646 διάνοιαν
928 2589 1158 2660 ἔχουσιν,
1184 2587 1220 2658 ἢ
1246 2583 1475 2640 καθόλου
1500 2585 1651 2654 παρὰ
1670 2584 1781 2643 τοῖς

210 2684 490 2757 Ἑϐραίοις
521 2684 822 2755 σεσίγηται.

766 2815 1161 2870 ΚΕΦΑΑΑῘΟΝ
1191 2818 1265 2873 B'.

295 2926 513 2998 Ταύτης
536 2927 593 2981 δὲ
614 2928 712 2998 τῆς
735 2928 1049 2999 διαιρέσεως
1075 2931 1134 2983 ἐν
1162 2933 1282 2995 ταῖς
1308 2930 1638 3001 ἐπιγραφαῖς
1665 2930 1798 3000 ἡμῖν

212 3018 614 3091 τρανωθείσης,
642 3021 909 3091 χρήσιμον
930 3020 997 3074 ἂν
1034 3020 1120 3091 εἴη
1152 3023 1366 3093 πρῶτον
1395 3022 1493 3093 μὲν
1512 3021 1801 3090 γενικωτέ-

221 3127 331 3183 ραν
358 3110 480 3164 τινὰ
509 3110 614 3164 τῶν
644 3110 844 3182 ὁμοίως
874 3112 1104 3182 ἐχόντων
1136 3113 1233 3183 τὴν
1254 3113 1550 3183 ἑρμηνείαν
1572 3116 1800 3185 ποιήσα-

218 3209 376 3257 σθαι·
416 3203 518 3257 εἴθ’
568 3202 741 3266 οὕτως
779 3203 845 3256 δι’
897 3203 1191 3258 ἀκολούθου
1234 3204 1370 3274 πρὸς
1406 3204 1505 3268 τὰς
1544 3205 1800 3276 φαινομέ-
1825 3244 1867 3303 C

216 3311 323 3358 νας
387 3293 646 3366 διαφορὰς
699 3296 1032 3371 προαγαγεῖν
1091 3294 1191 3365 τὴν
1241 3294 1502 3358 ἐξέτασιν.
1554 3296 1796 3350 Καθόλου

219 3388 331 3459 μὲν
378 3383 471 3442 οὖν
514 3388 625 3459 (11)
658 3387 757 3457 τῆς
801 3387 1115 3458 ἐπιγραφῆς
1159 3388 1188 3441 ὁ
1230 3387 1385 3456 λόγος
1446 3388 1664 3442 διπλοῦν
1706 3389 1799 3443 τὸν

216 3478 431 3533 σκοπὸν
484 3478 617 3549 ἔχει.
674 3480 745 3532 Ἢ
793 3479 899 3550 γὰρ
960 3479 1095 3551 πρὸς
1156 3477 1380 3545 ἔνδειξιν
1433 3479 1528 3533 τοῦ
1582 3480 1801 3535 ὑποκει-

217 3570 393 3639 μένου
437 3570 871 3641 προγέγραπται,
915 3570 1058 3623 ὥστε
1101 3569 1193 3623 τὸν
1243 3569 1443 3623 σκοπὸν
1482 3571 1579 3641 τῆς
1622 3572 1802 3644 ψαλμι-

210 3663 392 3733 φδέας
425 3656 1068 3733 προδιδαχθέντας’ήμᾶς,
1090 3660 1523 3733 εὐμαθεστέρους
1550 3663 1800 3731 γενέσθαι

209 3754 325 3823 τῆς
374 3755 431 3806 ἐν
476 3755 587 3814 τοῖς
631 3754 813 3823 ῥητοῖς
860 3749 1094 3815 διανοίας
1125 3767 1140 3781 ο
1196 3752 1230 3823 ἢ
1276 3751 1555 3818 πολλάκις,
1598 3754 1691 3808 καὶ
1732 3754 1801 3807 δι’

209 3843 431 3913 ἑαυτῆς
455 3860 509 3896 τι
538 3842 783 3896 παιδεύει
811 3840 907 3912 τὴν
938 3842 1108 3911 ἀκοὴν
1138 3843 1171 3913 ἡ
1201 3844 1498 3913 ἐπιγραφὴ,
1525 3846 1593 3915 τῇ
1620 3846 1802 3913 ἐγκει-

214 3938 370 4008 μένῃ
408 3937 521 3999 τοῖς
569 3936 752 4005 ῥητοῖς
778 3933 986 4004 διανοίᾳ
1013 3934 1122 3987 τῶν
1151 3936 1268 3988 κατ’
1298 3936 1499 4007 ἀρετήν
1523 3954 1575 3989 τι
1608 3954 1805 4008 κατορ-

210 4026 507 4097 θουμένων
537 4024 960 4079 ὑποδεικνύουσα
994 4025 1107 4096 (12)
1130 4041 1142 4054 ³
1198 4027 1396 4097 μᾶλλον
1427 4027 1483 4080 δὲ
1524 4027 1643 4080 καθ’
1674 4028 1804 4083 ἑκά-

205 4136 386 4189 τερον
413 4114 551 4181 εἶδος
585 4117 685 4186 τῆς
710 4116 819 4171 τῶν
849 4117 1167 4189 ἐπιγραφῶν
1200 4117 1452 4190 θεωρίας,
1483 4114 1564 4182 εἷς
1600 4119 1749 4172 ἐστιν
1775 4122 1807 4173 ὁ

207 4210 473 4275 nouos,
520 4209 580 4261 τὸ
640 4209 775 4280 πρός
831 4227 887 4263 τι
930 4209 1039 4263 τῶν
1094 4209 1313 4277 ἀγαθῶν
1364 4209 1802 4279 καθηγήσασθαι,

202 4301 330 4357 κᾶν
361 4302 475 4369 (l5)
509 4299 775 4369 ἱστορικόν
804 4317 859 4354 τι
905 4297 1197 4369 δηλοῦσθαι
1227 4298 1314 4353 διὰ
1358 4298 1465 4352 τῶν
1503 4299 1807 4369 εἰρημένων

197 4394 408 4457 δοκεῖ,
455 4390 557 4443 κᾶν
604 4389 757 4460 ψιλόν
796 4409 850 4443 τι
897 4390 1073 4461 ὄνομα
1122 4391 1645 4462 προσγεγραμμένον
1692 4392 1803 4463 (14)

193 4483 387 4556 τύχῃ.
434 4483 508 4534 Οὐ
539 4482 645 4552 γὰρ
670 4482 760 4535 ἐπὶ
808 4481 979 4552 τούτῳ
1027 4483 1172 4551 μόνῳ
1214 4483 1247 4551 ἡ
1293 4480 1413 4534 θεία
1456 4482 1643 4553 Γραφὴ
1687 4487 1804 4546 ταῖς
1830 4480 1837 4519 ἠ

1881 585 2012 640 tavit
2040 586 2235 641 faciem
2267 601 2421 641 suam
2455 598 2640 640 coram
2699 582 3035 644 Abimelech,
3076 600 3095 633 ι
3126 580 3210 636 vel
3248 598 3268 632 ι
3324 594 3449 635 cum

1881 678 2126 732 venirent
2183 676 2409 747 Ziphrei,
2452 695 2471 727 ι
2515 676 2599 731 Vel
2653 693 2672 727 ι
2714 690 2838 729 eum
2892 673 3101 728 veniret
3132 672 3276 742 Doeg
3328 672 3453 725 ldu-

1882 784 2057 833 meus,
2096 778 2157 824 ut
2208 768 2556 824 annuntiaret
2601 767 2774 829 Sauli,
2824 785 2845 819 ›
2905 767 2989 821 vel
3048 783 3068 816 ι
3120 766 3176 819 in
3235 765 3449 825 diebus,

1881 860 2101 932 quando
2130 861 2377 916 liberavit
2404 876 2528 915 cum
2553 859 2814 915 Dominus
2841 858 2909 912 de
2938 858 3191 913 manibus
3207 857 3453 911 omnium

1884 952 2227 1006 inimicorum
2250 966 2496 1013 suorum,
2520 958 2653 1005 etex
2668 964 2830 1002 manu
2854 947 3007 1011 Saul,
3032 967 3052 1000 ι
3076 949 3159 1002 vel
3190 965 3210 999 ‹
3235 947 3455 1016 quando

1883 1059 2137 1099 reversus
2171 1052 2255 1099 est
2280 1042 2438 1107 Joab,
2466 1049 2524 1098 et
2551 1042 2825 1112 percussit
2866 1043 3061 1094 vallem
3120 1040 3452 1101 Salinarum,

1884 1136 2169 1192 duodecim
2228 1135 2413 1201 millia,
2446 1153 2465 1187 ι
2500 1135 2583 1188 vel
2618 1153 2638 1185 ι
2668 1150 2791 1188 cum
2816 1134 3023 1188 veniret
3068 1134 3133 1186 ad
3170 1133 3320 1187 illum
3351 1131 3460 1186 Na-

1887 1226 2015 1280 than
2044 1225 2304 1296 propheta
2334 1224 2553 1294 quando
2587 1223 2807 1278 intravit
2852 1223 2917 1276 ad
2948 1220 3239 1276 Bersabee.
3270 1240 3289 1273 ›
3321 1221 3460 1288 Qui-

1886 1320 2009 1373 dam
2053 1318 2248 1389 psalmi
2301 1332 2401 1387 pro
2456 1316 2813 1386 inscriptione
2866 1314 3069 1369 habent
3118 1313 3458 1376 hebraicum,

1892 1432 1911 1462 ‹
1948 1412 2193 1478 Alleluia,
2227 1431 2244 1464 ι
2279 1412 2361 1466 vel
2380 1411 2568 1477 semel,
2594 1410 2681 1465 vel
2710 1410 2795 1464 bis
2825 1409 3083 1478 positum.
3116 1410 3170 1462 In
3200 1408 3323 1462 aliis
3356 1423 3457 1462 nov

1889 1504 2034 1557 mina
2060 1504 2419 1574 quorumdam
2470 1503 2854 1573 prophetarum
2885 1501 3224 1570 coniunctim
3284 1500 3461 1555 ποτε-

1890 1596 2113 1662 buntur,
2139 1604 2197 1651 ut
2238 1614 2257 1645 ι
2293 1594 2519 1650 Alleluia
2550 1594 2732 1665 Αεεωί
2787 1602 2841 1649 et
2871 1593 3176 1659 Zachariae,
3229 1593 3461 1647 Alleluia

1890 1688 2139 1745 Jeremiae
2174 1696 2230 1743 ct
2253 1686 2575 1742 Ezechielis.
2614 1706 2633 1739 ι
2677 1686 2910 1746 Rursus.
2943 1685 3048 1740 alia
3085 1686 3462 1756 inscriptionis

1891 1781 2105 1851 species
2144 1788 2250 1844 est,
2282 1780 2365 1835 vel
2400 1798 2418 1830 ι
2482 1779 2653 1834 Filius
2706 1777 2875 1845 Core,
2930 1797 2950 1831 ›
2983 1778 3064 1831 vel
3104 1798 3121 1828 ι
3154 1777 3390 1837 ldithun,
3437 1796 3456 1828 ι

1896 1872 1975 1925 vel
2012 1891 2029 1922 ι
2065 1871 2266 1941 Asaph.
2307 1889 2326 1923 ι
2356 1868 2462 1925 Uni
2502 1878 2683 1924 autem
2729 1869 2991 1940 singulari
3019 1868 3341 1923 excellentia
3366 1884 3462 1921 su-

1896 1960 2268 2028 perscribitur,
2303 1979 2322 2011 ι
2388 1958 2579 2015 Oratio
2638 1958 2807 2030 Moysi
2844 1959 3048 2013 homini
3076 1957 3193 2013 Dei.
3235 1975 3257 2012 ι
3317 1957 3463 2011 inter

1894 2050 2053 2114 alios,
2082 2050 2175 2121 qui
2221 2050 2518 2105 secundum
2568 2048 2827 2105 Ecclesia
2879 2048 3329 2103 consuetudinem
3373 2047 3462 2103 in-

1894 2140 2244 2210 scriptionem
2289 2140 2511 2205 habent,
2571 2140 2711 2209 apud
2759 2137 3015 2195 Hebraeos
3053 2153 3183 2194 vero
3226 2138 3463 2209 inscrip-

1895 2229 2042 2285 tione
2068 2239 2277 2294 carent,
2317 2229 2422 2283 hoc
2451 2230 2761 2285 invenimus
2781 2228 3079 2284 discrimen
3100 2272 3115 2295 ,
3146 2228 3289 2299 quod
3324 2246 3463 2285 non-

1894 2321 2062 2377 nullis
2086 2336 2347 2377 numerus
2368 2321 2579 2377 dierum
2605 2321 2960 2376 hebdomadis
3000 2324 3333 2388 deuoretur;
3378 2323 3466 2377 vel

1900 2429 1917 2462 ‹
1956 2411 2131 2480 prima
2166 2410 2432 2477 Sabbati;
2472 2429 2490 2460 ο
2516 2410 2601 2465 vel
2634 2428 2656 2462 ι
2691 2418 2885 2480 quarta
2912 2410 3170 2476 Sabbati;
3205 2431 3224 2463 ι
3253 2414 3335 2468 vel
3358 2433 3375 2464 ι
3410 2415 3464 2467 in

1894 2500 2034 2555 diem
2090 2498 2344 2565 Sabbati;
2409 2518 2428 2551 ι
2482 2500 2568 2555 vel
2611 2517 2631 2551 ι
2665 2498 2719 2553 in
2750 2499 2840 2553 die
2896 2507 3024 2556 ante
3069 2498 3390 2557 Sabbatum.
3439 2518 3461 2553 ο

1895 2591 2030 2645 Aliis
2079 2591 2183 2644 alia
2225 2592 2367 2657 ratio
2417 2590 2836 2662 inscriptionum
2869 2600 2988 2656 est,
3031 2608 3151 2663 quae
3189 2594 3332 2664 apud
3362 2593 3470 2652 He-

1896 2683 2070 2738 brzeos
2096 2682 2314 2739 silentio
2348 2682 2566 2753 penitus
2599 2692 2728 2738 sunt
2747 2684 3025 2740 involutae.

2529 2811 2758 2869 CAPUT
2805 2811 2870 2871 ΙΙ.

1968 2921 2084 2978 Hac
2136 2923 2556 2994 inscriptionum
2589 2925 2852 2981 varietate
2879 2936 2932 2982 et
2961 2926 3344 2985 distributione
3387 2946 3475 2988 ex,

1899 3015 2142 3085 planata,
2181 3014 2311 3070 utile
2336 3014 2499 3070 fuerit
2547 3016 2699 3086 prius
2755 3018 3147 3088 generaliorem
3181 3019 3470 3090 quamdam

1900 3106 2315 3177 explicationem
2341 3108 2583 3161 omnium
2612 3107 2826 3165 illarum
2858 3110 3096 3176 tradere,
3127 3126 3249 3181 qua:
3280 3127 3475 3182 quam-

1901 3198 2026 3252 dam
2056 3196 2200 3253 inter
2233 3214 2292 3253 se
2312 3198 2725 3254 similitudinem
2766 3200 2989 3265 habent,
3019 3210 3073 3256 et
3099 3202 3378 3273 deinceps,
3412 3212 3474 3257 ut

1900 3288 2036 3344 ordo
2059 3289 2320 3359 postulat,
2352 3288 2421 3342 ad
2449 3304 2543 3346 eas
2572 3304 2694 3360 quae
2742 3291 2995 3346 videntur
3039 3306 3162 3349 esse
3193 3293 3368 3363 magis
3389 3294 3474 3348 di—

1901 3394 2097 3442 versae,
2135 3379 2563 3450 disputationem
2595 3391 2935 3438 convertere.
2963 3381 3280 3439 Generatim
3304 3385 3475 3455 igitur

1899 3470 2190 3540 loquendo,
2269 3472 2410 3525 ratio
2503 3472 2879 3541 inscriptionis
2959 3473 3230 3545 duplicem
3310 3476 3473 3531 linem

1901 3566 2146 3630 spectat;
2196 3567 2289 3614 aut
2316 3560 2462 3615 enim
2510 3562 2805 3631 praeposita
2855 3570 2962 3626 est,
3008 3572 3066 3617 ut
3092 3573 3475 3635 argumentum

1902 3652 2133 3722 subjecti
2158 3653 2351 3722 psalmi
2407 3652 2771 3718 demonstrat,
2820 3664 2883 3709 ut
2912 3655 3019 3710 ﬁne
3052 3657 3245 3726 psalmi
3273 3673 3478 3727 praeco.

1904 3747 2020 3812 pto,
2047 3742 2222 3814 magis
2273 3741 2476 3797 dociles
2520 3742 2737 3810 ﬁamus,
2770 3753 2824 3799 et
2862 3746 3274 3814 progrediamur
3313 3747 3381 3801 ad
3411 3763 3477 3803 ea

1907 3849 2028 3905 qua:
2056 3840 2489 3903 consequuntur.
2523 3835 2633 3887 Aut
2664 3834 2861 3889 crebro
2904 3851 3000 3905 per
3029 3851 3087 3891 se
3110 3836 3286 3906 ipsam
3316 3838 3478 3895 docet

1903 3926 2107 3996 aliquid
2146 3925 2458 3980 auditorem
2485 3924 2797 3996 inscriptio,
2828 3927 3126 3982 ostendens
3154 3943 3252 3998 per
3284 3928 3473 3999 subje-

1904 4028 2044 4073 ctam
2069 4018 2250 4073 verbis
2280 4016 2622 4080 sententiam,
2655 4016 2863 4087 aliquid
2883 4033 2949 4073 ex
2978 4019 3178 4075 virtute
3216 4022 3479 4091 praeclare

1905 4106 2145 4173 factum;
2207 4113 2301 4161 aut
2356 4108 2536 4176 potius
2584 4108 2871 4178 utriusque
2901 4108 3045 4164 modi
3069 4117 3122 4165 et
3150 4108 3340 4165 [orm
3393 4113 3479 4167 in-

1910 4200 2271 4270 scriptionum
2304 4199 2426 4254 linis
2459 4215 2599 4254 unus
2639 4209 2692 4255 et
2744 4200 2886 4255 idem
2906 4210 3027 4266 est;
3075 4217 3269 4273 nempe
3301 4211 3361 4258 ut
3408 4204 3477 4258 ad

1906 4295 2110 4349 bonum
2141 4301 2195 4347 et
2220 4291 2510 4347 honestum
2572 4291 2809 4362 dirigant
2840 4301 2893 4347 et
2948 4292 3267 4362 deducant;
3318 4296 3487 4367 quid-

1906 4389 2140 4458 damque
2189 4402 2255 4441 ex
2305 4386 2535 4441 historia
2589 4386 2815 4456 petitum
2862 4385 3093 4441 indicari
3128 4388 3296 4442 etiam
3350 4398 3482 4444 tune

1905 4479 2140 4541 videtur,
2173 4492 2298 4531 cum
2330 4475 2505 4531 solum
2551 4483 2606 4529 et
2640 4474 2842 4528 nudum
2872 4489 3071 4529 nomen
3103 4477 3479 4547 praescriptum

197 4574 499 4646 ἱστορίαις
542 4574 935 4646 συγκέχρηται,
983 4574 1125 4627 ὥστε
1172 4576 1303 4644 ἡμῖν
1336 4575 1675 4645 πραγμάτων
1713 4577 1795 4644 ἐγ·

1910 4569 2094 4625 l‘uerit.
2133 4567 2254 4625 Non
2279 4569 2423 4623 enim
2470 4566 2542 4621 ob
2570 4566 2625 4621 id
2654 4567 2830 4621 solum
2862 4563 3151 4637 Scriptura
3177 4567 3364 4627 divina
3394 4570 3483 4624 hi-

189 4665 484 4737 γενέσθαι
518 4665 628 4736 (l5)
657 4665 879 4734 γνῶσιν,
909 4665 973 4717 δι’
998 4658 1071 4717 ὧν
1104 4664 1245 4735 ἔργα
1267 4665 1393 4718 τινὰ
1406 4666 1502 4718 καὶ⁹
1533 4666 1679 4736 πάθη
1700 4667 1807 4719 τῶν

192 4756 603 4831 ἀρχαιοτέρων
633 4755 994 4827 μανθάνομεν,
1037 4752 1330 4820 uram;
1360 4756 1426 4810 ἂν
1464 4756 1807 4814 διδασκαλίαν

184 4854 351 4905 τινὰ
388 4850 523 4920 πρὸς
557 4849 647 4902 τὸν
680 4848 799 4902 κατ’
826 4847 1027 4920 ἀρετὴν
1059 4848 1186 4918 ἡμῖν
1215 4848 1510 4912 ὑποδείξειε
1540 4848 1671 4918 βίον,
1705 4849 1806 4919 τῆς

190 4943 512 5011 ἱστορικῆς
579 4939 810 5011 θεωρίας
888 4938 1443 5011 μεταλαμϐανομένης
1510 4941 1646 5010 πρὸς
1709 4941 1807 5012 τὴν

185 5032 572 5103 ὑψηλοτέραν
600 5030 856 5085 διάνοιαν.
909 5029 1110 5083 Τούτου
1157 5030 1335 5082 τοίνυν
1383 5033 1514 5101 ἡμῖν
1566 5030 1809 5100 διομολοο

180 5122 631 5196 γουμένου,τοῦ
652 5122 758 5176 δεῖν
786 5121 1040 5191 τοιαύτην
1071 5121 1196 5193 περὶ
1223 5121 1330 5174 τῶν
1354 5121 1672 5193 ἐπιγραφῶν
1695 5123 1807 5191 (16)

178 5220 375 5288 ἔχειν
407 5216 505 5285 τὴν
537 5213 763 5277 ἔννοιαν,
799 5213 1089 5268 ἀκόλουθον
1124 5212 1189 5266 ἂν
1217 5213 1323 5282 εἴη,
1360 5212 1540 5277 καθὼς
1568 5212 1806 5281 φθάσαν-

178 5327 315 5371 τες
347 5306 577 5377 εἷπομεν
610 5306 742 5376 (17),
773 5306 880 5357 τῶν
908 5305 1003 5376 μὲν
1034 5304 1230 5375 ὁμοίως
1250 5305 1499 5366 ἐνόντων,
1522 5303 1809 5373 γενικωτέσ

295 5485 385 5552 (δ)
421 5482 482 5536 ’0
512 5482 635 5537 add.
672 5482 759 5537 ed.

291 5556 383 5625 (9)
402 5554 528 5625 λΜὲν
548 5569 657 5625 om.
698 5552 785 5625 ed.

290 5622 420 5693 (10)
443 5622 573 5693 Τινὰ
593 5637 701 5675 om.
732 5622 817 5693 et].

260 5760 263 5761 ,
297 5689 423 5761 (Η)
456 5689 560 5748 Οὗν
583 5708 689 5746 om.
722 5691 809 5745 ed.

294 5760 420 5838 (12)
460 5762 922 5822 Ἐπιδεικνύουσα,
955 5760 1043 5815 ed.

514 5855 788 5917 Panos.
822 5854 940 5916 Gn.
968 5856 1189 5917 XLIV.

1908 4662 2202 4719 storiarum
2267 4660 2578 4714 narratione
2624 4657 2819 4718 utitur,
2871 4664 2932 4711 ut
2976 4672 3158 4711 rerum
3199 4667 3485 4729 gestarum

1905 4754 2268 4825 cognitionem
2295 4752 2452 4806 nobis
2473 4765 2874 4819 comparemus,
2908 4758 2961 4804 et
2982 4765 3104 4819 qua:
3120 4749 3368 4806 fecerunt
3397 4753 3480 4807 vel

1904 4847 2244 4917 pertulerunt
2268 4851 2500 4910 veteres,
2520 4855 2954 4912 cognoscamus;
2987 4841 3081 4896 sed
3112 4849 3171 4896 ut
3201 4843 3361 4899 nobis
3382 4844 3491 4899 dio.

1908 4937 2213 5007 sciplinam,
2259 4934 2326 4987 ad
2378 4936 2544 4988 vitam
2590 4948 2657 4988 ex
2702 4932 2921 4987 virtutis
2976 4933 3299 5003 praescripto
3322 4935 3483 4990 insto.

1906 5026 2163 5081 tuendam
2194 5024 2373 5077 tradat
2394 5066 2408 5085 ,
2435 5030 2489 5077 et
2519 5020 2747 5091 proinde
2769 5022 3011 5076 historia:
3030 5025 3481 5078 commemoratio

1908 5118 1975 5172 ad
2020 5118 2264 5172 altiorem
2307 5114 2598 5185 quamdam
2649 5114 3143 5169 considerationem
3189 5115 3483 5173 referatur.-

1907 5212 2044 5268 Cum
2073 5211 2237 5280 igitur
2256 5208 2501 5263 omnium
2523 5221 2798 5261 consensu
2820 5213 3055 5271 constet,
3078 5206 3390 5277 huiusmodi
3410 5210 3479 5264 de

1908 5301 2191 5371 Scriptura
2236 5299 2694 5356 existimationem
2753 5296 3054 5354 habendam
3102 5313 3255 5365 esse,
3284 5315 3478 5357 conse-

1973 5478 2088 5551 (13)
2120 5480 2249 5543 Καί,
2283 5479 2348 5533 ed

1982 5547 2093 5620 ('14)
2122 5547 2637 5622 Προτεγρεμμένφνν
2673 5549 2756 5602 cd-

1979 5617 2091 5691 (15)
2122 5617 2458 5688 Ἑγγίνεσθαι
2518 5617 2605 5671 ed.
2811 5640 2820 5649 -

1983 5692 2095 5742 (Nil
2119 5689 2365 5742 Γοαωῶν.
2394 5660 2481 5742 ecf:

1983 5692 2095 5761 (16)
2119 5692 2365 5761 Γραφῶν,

1980 5759 2094 5818 (17)
2126 5760 2372 5830 Εἴπαμεν
2420 5759 2508 5813 ed.
