3982 6510
467 381 563 439 ως

1687 385 1744 444 S.
1779 380 2105 441 GREGORII
2141 383 2433 442 NYSSENI

3600 392 3708 448 ιον

466 514 639 569 quens
669 509 774 560 est,
808 501 951 557 sicut
1008 514 1170 569 supra
1229 500 1486 567 diximus,
1517 510 1573 555 ut
1602 502 2035 571 inscriptionum,

2146 520 2243 574 ραν
2288 503 2410 557 τινὰ
2455 500 2815 573 προεκθέσθαι
2855 501 3094 556 διάνοιαν
3124 518 3139 532 °
3188 502 3298 556 τῶν
3324 502 3381 556 δὲ
3417 502 3557 557 κατά
3582 519 3709 558 τινα

465 607 588 662 qua
633 592 1045 648 similitudinem
1089 593 1381 662 quamdam
1422 593 1565 649 inter
1609 610 1669 648 se
1697 595 1919 656 habent,
1947 610 2037 664 ge-

467 683 791 739 nerallorem
834 683 1120 753 quamdam
1157 684 1571 753 explicationem
1598 689 1879 739 tradamus
1903 698 1918 748 ς
1945 700 2040 737 ea-

466 791 585 830 rum
606 791 735 832 vero
764 792 884 846 qum
911 775 1081 847 magis
1126 776 1266 832 inter
1298 791 1358 833 se
1377 777 1655 843 dill‘crunt,
1708 777 1879 847 magis
1916 792 2039 845 spe-

465 867 656 922 cialem
685 875 739 921 et
778 867 1181 934 particularem.

534 955 713 1021 Quare
732 970 856 1010 cum
881 972 984 1010 vox
1001 955 1093 1010 illa
1117 974 1131 1011 :
1158 974 1177 1008 ι
1202 954 1261 1010 in
1287 957 1468 1021 ﬁnem,
1496 976 1514 1009 ι
1542 956 1791 1027 plurimis
1815 961 2037 1030 psalmis

464 1047 682 1116 praatixa
728 1046 820 1105 sit.
854 1044 907 1099 id
931 1046 1180 1101 videlicet
1209 1044 1303 1099 illa
1333 1061 1435 1101 nos
1467 1045 1646 1109 docet,
1670 1047 1813 1116 quod
1838 1055 1890 1100 et
1920 1048 2033 1110 alii,

463 1136 555 1206 qui
580 1134 912 1205 Scripturam
942 1134 1280 1205 interpretati
1312 1142 1462 1198 sunt,
1486 1136 1865 1190 intellexerunt
1887 1154 1901 1201 ;
1924 1138 2038 1205 qui-

462 1227 587 1281 dam
607 1227 751 1282 enim
777 1227 898 1279 loco
920 1226 1039 1296 ejus
1073 1244 1086 1280 :
1126 1244 1145 1275 ι
1175 1226 1231 1278 In
1258 1225 1439 1288 linem,
1475 1245 1494 1278 ι
1521 1228 1682 1280 vertit
1713 1244 1731 1277 ι
1757 1225 1982 1291 Victori;
2014 1245 2031 1277 ι

462 1316 624 1381 alius,
647 1335 666 1366 ι
688 1314 1018 1386 Epinicium;
1047 1334 1066 1367 ι
1088 1315 1249 1377 alius,
1278 1334 1296 1367 ι
1319 1313 1378 1369 In
1403 1314 1710 1371 victoriam.
1735 1314 2037 1382 nQuocirca

465 1423 588 1462 cum
622 1407 803 1462 omnis
832 1406 1147 1461 certaminis
1186 1405 1413 1462 victoria
1459 1408 1533 1462 sit
1578 1405 1722 1471 linis,
1751 1406 1816 1460 ad
1851 1421 2036 1476 quam,

465 1501 556 1569 qui
613 1511 888 1554 certamen
940 1499 1338 1569 ingrediuntur,
1370 1500 1554 1555 omnia
1608 1515 1707 1555 sua
1762 1499 2036 1565 referunt,

464 1607 633 1662 eaque
668 1592 787 1645 freti
836 1606 1076 1661 pugnare
1106 1592 1395 1662 incipiunt,
1426 1592 1561 1647 mihi
1601 1593 1762 1663 plane
1810 1606 2035 1661 persuac

465 1684 568 1741 deo
630 1703 648 1737 ι
687 1685 806 1740 linis
855 1702 875 1735 ι
934 1684 1173 1746 nomine,
1212 1685 1360 1738 velut
1409 1683 1558 1740 brevi
1608 1684 1842 1754 quadam
1887 1698 2038 1737 com-

465 1776 780 1840 monitione,
807 1773 1033 1830 excitari
1077 1789 1267 1830 omnes
1296 1776 1438 1837 illos,
1474 1775 1567 1845 qui
1611 1775 1667 1829 in
1708 1775 1872 1844 hujus
1915 1774 2039 1829 vitae

2136 594 2396 666 διαφορὰν
2444 594 2823 663 ἐκτιθεμένων,
2884 594 3196 666 ίδικωτέραν
3250 595 3574 667 ποιήσασθαι
3606 598 3708 664 τὴν

2139 684 2405 751 ἐξέτασιν.

2221 952 2433 1023 Ἐπειδὴ
2486 953 2661 1006 τοίνυν
2708 954 2740 1023 ἡ
2787 955 2866 1016 είς
2902 953 2962 1005 τὸ
3008 952 3157 1016 τέλος
3203 951 3376 1022 φωνὴ,
3408 955 3522 1015 τοῖς
3554 952 3709 1005 πλεί-

2141 1062 2285 1107 στοις
2325 1045 2432 1097 τῶν
2463 1044 2693 1115 ψαλμῶν
2736 1045 3172 1116 ἐπιγέγραπται,
3220 1043 3376 1096 τοῦτο
3414 1037 3565 1123 οἶμαι
3595 1044 3709 1096 δεῖν

2140 1137 2267 1207 περ),
2288 1136 2477 1189 τούτου
2504 1137 2811 1204 γινώσκειν,
2838 1138 2973 1206 ὅπερ
2998 1137 3030 1201 ἡ
3058 1135 3166 1186 τῶν
3193 1134 3393 1187 λοιπῶν
3421 1135 3711 1206 σαψηνίζει

2136 1228 2344 1303 διάνοια
2369 1227 2477 1281 τῶν
2505 1227 2605 1298 τὴν
2648 1228 2816 1297 αὐτὴν
2866 1227 3420 1298 μεθερμηνευσάντων
3461 1227 3707 1298 Γραφήν.

2149 1322 2206 1374 '0
2227 1321 2322 1391 μὲν
2339 1321 2447 1390 γάρ
2462 1337 2544 1383 τις
2559 1320 2680 1374 ἀντὶ
2697 1320 2790 1372 τοῦ
2813 1337 2831 1369 ι
2860 1320 2951 1382 Εἰς
2971 1318 3033 1370 τὸ
3050 1319 3219 1381 τέλος,
3232 1338 3251 1370 ι
3278 1335 3295 1369 ι
3308 1319 3399 1389 Τῷ
3416 1319 3673 1389 νικοποιῷ
3687 1336 3704 1368 ι

2139 1412 2320 1482 φησίν·
2352 1413 2380 1462 6
2404 1412 2461 1464 δὲ
2487 1428 2504 1460 ι
2529 1410 2851 1479 Ἐπινίκιον,
2870 1429 2887 1459 ι
2922 1412 2950 1463 6
2977 1410 3033 1463 δὲ
3064 1408 3125 1461 τὸ
3151 1428 3169 1460 ι
3199 1408 3294 1473 Et;
3322 1412 3489 1472 νῖκος.
3514 1430 3533 1461 r
3554 1410 3714 1462 Ἐπεὶ

2137 1501 2228 1558 οὖν
2264 1502 2375 1570 (i8)
2425 1502 2579 1565 τέλος
2608 1502 2805 1564 παντὸς
2849 1500 3055 1569 ἀγῶνος
3088 1502 3120 1571 ἠ
3151 1501 3275 1569 νίκη
3311 1502 3539 1569 γίνεται,
3574 1504 3713 1571 πρὸς

2139 1595 2203 1664 ἢν
2235 1593 2521 1662 βλέποντες
2555 1593 2605 1644 οἱ
2636 1592 2772 1661 πρὸς
2800 1592 2924 1655 τοὺς
2956 1590 3168 1659 ἀγῶνας
3202 1591 3576 1661 ἀποδυόμενοι,
3609 1596 3712 1660 τῆς

2138 1684 2415 1753 ἀθλήσεως
2440 1682 2718 1743 ἅπτονται,
2751 1682 2896 1735 δοκεῖ
2923 1700 3011 1752 μοι
3047 1682 3135 1735 διὰ
3165 1682 3258 1735 τοῦ
3287 1682 3469 1748 τέλους
3496 1685 3526 1736 6
3552 1683 3713 1752 λόγος

2140 1777 2204 1829 ἐκ
2250 1775 2504 1846 βραχείας
2543 1777 2726 1845 φωνῆς
2763 1776 3068 1845 ἐπεγείρειν
3117 1777 3196 1839 εἰς
3244 1777 3550 1847 προθυμίαν
3582 1780 3713 1842 τοὺς

464 1867 642 1924 stadio
679 1838 775 1936 per
799 1866 1020 1921 virtutis
1057 1838 1509 1922 exercitationem
1543 1838 1847 1930 decertant,
1883 1873 1943 1918 ut
1976 1864 2037 1918 ti-

2146 1862 2228 1921 διά
2250 1838 2591 1940 ’τξῖνίέιρετῶψν
2617 1838 2909 1932 ἀθλοῦντα-ς
2932 1838 2992 1921 ὲν
3019 1867 3095 1938 τῷ
3126 1838 3321 1940 σταδίῷ
3344 1838 3435 1923 τοῖί
3467 1870 3601 1940 βίουο
3631 1838 3713 1937 ὼὲ

464 1972 587 2012 nem
621 1957 997 2027 respicientes.
1029 1972 1124 2026 spe
1161 1972 1375 2011 corona:
1416 1956 1743 2021 obtinendae,
1783 1958 2039 2014 certami-

465 2063 593 2102 num
627 2047 866 2101 laborem
898 2046 1077 2102 levent
1101 2046 1448 2102 etminuant.
1478 2045 1634 2112 Quod
1661 2064 1808 2103 nunc
1849 2049 2036 2104 itidem

465 2142 521 2197 in
544 2139 935 2195 certaminibus
964 2139 1183 2195 evenire
1210 2137 1475 2194 videmus.
1498 2138 1715 2194 Corona
1735 2142 1879 2194 enim
1906 2158 2037 2212 prac-

464 2229 837 2284 demonstrata
875 2231 943 2285 iis
994 2229 1085 2298 qui
1124 2228 1176 2281 in
1215 2228 1480 2297 palmstris
1524 2232 1891 2298 congressuri,
1924 2249 2037 2285 ma-

465 2332 675 2387 nusque
709 2320 1014 2374 conserturi
1056 2325 1207 2379 sunt,
1246 2318 1476 2372 multum
1508 2320 1721 2375 roboris
1754 2321 1939 2386 addit;
1984 2333 2037 2378 ct

464 2410 796 2479 diligentiam
847 2410 914 2463 ad
956 2411 1234 2463 victoriam
1264 2410 1614 2464 obtinendam
1654 2413 1821 2474 acuit,
1877 2416 2034 2467 mole-

471 2500 584 2555 stiis
618 2500 742 2563 illis,
771 2515 891 2569 quae
920 2500 973 2553 in
1000 2498 1251 2554 conﬂictu
1282 2500 1373 2553 illo
1401 2501 1695 2556 subeundae
1721 2511 1869 2568 sunt,
1908 2518 2026 2572 spe-

470 2597 582 2644 rata
613 2590 803 2661 gloria,
836 2591 1067 2645 multum
1111 2591 1437 2645 extenuatis.
1462 2588 1601 2660 Ergo
1625 2604 1750 2644 cum
1778 2592 2037 2647 omnibus

471 2682 534 2736 ad
570 2691 844 2737 certamen
885 2682 1119 2753 stadium
1161 2688 1405 2751 apertum
1450 2681 1519 2734 sit
1547 2682 1819 2752 (stadium
1856 2691 2035 2737 autem

471 2782 551 2829 est
572 2775 875 2828 communis
903 2774 1183 2827 hominum
1213 2772 1379 2842 vita),
1411 2787 1626 2841 unaque
1663 2773 1918 2829 omnibus
1948 2774 2036 2826 ad-

472 2875 736 2929 versetur,
754 2874 805 2919 et
826 2865 1133 2920 obluctetdr
1152 2864 1471 2935 improbitas
1491 2875 1543 2919 et
1567 2865 1803 2928 malitia;
1829 2865 2034 2919 dolosis

472 2956 709 3012 luctandi
723 2956 901 3012 modis
923 2955 1279 3010 multifariam
1295 2970 1411 3019 eos,
1430 2956 1523 3025 qui
1540 2971 1603 3010 ex
1623 2954 1851 3011 adverso
1868 2966 2036 3021 stant,

443 3047 941 3116 'prostcrnensmb
991 3048 1045 3101 id
1091 3048 1330 3117 optimus
1373 3049 1678 3102 animorum
1727 3061 2037 3104 nostrorum

473 3136 730 3207 magister
750 3146 803 3193 et
834 3140 1150 3201 instructor,
1172 3137 1331 3193 (luem
1356 3139 1571 3193 sudoris
1591 3146 1642 3194 et
1664 3138 1867 3194 laboris
1884 3141 2040 3211 prius

476 3230 630 3282 nobis
650 3229 886 3282 ostendit
904 3229 1179 3298 decusque
1202 3244 1268 3282 ex
1291 3242 1494 3283 corona
1515 3229 1665 3283 nasci
1688 3240 2038 3291 consuetum.

474 3327 527 3370 et
575 3318 849 3387 publicum
895 3319 1025 3373 illud
1068 3321 1394 3389 prmonium
1420 3359 1435 3385 ,
1479 3321 1826 3390 victor-imque
1875 3330 2043 3393 parta:

475 3409 935 3479 praedicationem,
966 3418 1027 3463 ut
1054 3410 1229 3464 oculis
1257 3409 1325 3463 ad
1362 3411 1512 3463 illum
1546 3410 1705 3471 linem
1742 3413 2044 3475 conversis,

476 3500 716 3555 victoriae
758 3499 967 3553 auctori
1006 3500 1279 3564 innitaris,
1326 3500 1731 3571 epiniciumque
1774 3508 1831 3556 et
1874 3501 2047 3557 victo-

476 3590 609 3643 riale
648 3604 869 3644 carmen
912 3591 1008 3643 tibi
1052 3602 1354 3659 compares.
1397 3590 1527 3656 Quae
1560 3601 1738 3647 autem
1771 3593 1874 3647 alia
1916 3609 2047 3648 con-

476 3689 733 3736 sentanea
760 3681 830 3736 ad
858 3680 1075 3737 virtutis
1120 3682 1460 3752 disciplinam
1508 3685 1595 3739 his
1642 3684 1856 3738 subsint
1886 3698 2045 3741 sensa

474 3782 527 3827 et
557 3774 900 3838 documenta,
929 3787 1038 3829 non
1070 3773 1206 3844 fugit
1257 3775 1379 3830 illos
1410 3775 1501 3845 qui
1544 3775 1612 3829 ab
1647 3775 1751 3831 hoc
1795 3776 1950 3831 initio
1980 3778 2046 3831 ad

475 3865 863 3933 consequentia
918 3865 1229 3936 prospicere
1288 3867 1488 3923 valent.
1528 3864 1719 3937 Liquet
1766 3868 1913 3922 enim
1968 3877 2048 3922 tot

476 3953 725 4011 hostibus
764 3957 968 4012 nostris
1004 3966 1196 4012 contra
1243 3973 1344 4013 nos
1395 3959 1692 4028 pugnandi,
1716 3959 1825 4013 imo
1868 3968 1923 4015 et
1947 3974 2048 4016 nos

472 4040 776 4100 debellandi
806 4059 928 4100 esse
959 4058 1155 4101 causas
1190 4055 1245 4102 et
1282 4060 1465 4112 ansas,
1504 4057 1641 4118 quot
1692 4061 1820 4104 sunt
1854 4050 2048 4105 anima:

475 4136 931 4204 perturbationes,
970 4138 1170 4207 quibus
1205 4144 1461 4208 tanquam
1516 4141 1816 4195 membrum
1870 4142 2047 4212 quod-

474 4224 619 4290 dm,
638 4228 780 4281 ratio
806 4229 969 4281 animi
994 4230 1166 4284 nostri
1198 4242 1339 4300 smpe
1364 4231 1601 4293 luxatur,
1631 4231 1753 4286 loco
1776 4242 2044 4300 movetur,

473 4320 528 4367 et
550 4313 866 4385 plerumque
889 4318 1051 4371 etiam
1076 4327 1144 4371 ue
1174 4325 1318 4373 statu
1347 4336 1449 4375 suo
1476 4320 1750 4391 dejicitur,
1782 4324 1887 4379 nisi
1922 4325 2047 4396 quis

474 4405 861 4460 exercitatione
873 4404 984 4474 jam
1009 4409 1311 4477 procaltus,
1330 4419 1383 4463 et
1401 4410 1638 4480 legitima
1661 4414 1936 4484 pugnandi
1958 4428 2049 4468 ra-

476 4494 644 4561 tione,
663 4502 722 4549 ut
756 4496 995 4566 loquitur
1021 4498 1332 4567 Apostolus,
1351 4501 1451 4554 sibi
1482 4502 1621 4557 viam
1645 4511 2046 4567 tutam,casus-

476 4596 582 4652 que
596 4592 871 4654 expertem
887 4589 941 4640 in
960 4586 1269 4656 hujusmodi
1290 4590 1685 4647 certaminibus
1704 4594 2042 4665 praepararit,

478 4673 716 4730 victoria:
739 4676 952 4732 laudem
973 4677 1216 4749 adeptus.
1240 4692 1360 4749 quae
1377 4681 1557 4737 omnis
1580 4696 1771 4754 pugna:
1794 4684 1918 4738 ﬁnis
1939 4695 2040 4739 est.

550 4763 820 4820 Ceterum
854 4782 917 4822 ea
936 4782 1060 4838 qua:
1088 4768 1229 4833 voci,
1263 4787 1284 4821 ι
1311 4773 1373 4826 In
1396 4770 1579 4838 ﬁnem,
1606 4790 1628 4825 ν
1658 4773 2040 4839 ascribuntur,

475 4857 800 4913 decutnenta
825 4857 1074 4929 quaedam
1105 4868 1253 4925 sunt,
1278 4870 1336 4917 et
1367 4864 1597 4919 consilia
1636 4864 1705 4919 ad
1732 4865 2040 4931 victoriam,

485 4948 686 5021 quibus
713 4960 944 5004 conatus
973 4960 1160 5007 noster
1202 4961 1259 5008 et
1287 4956 1524 5009 studium
1576 4968 1836 5027 prospere
1868 4959 2044 5013 cedat.

475 5039 614 5097 Nam
639 5040 770 5094 illud
798 5039 935 5095 «Pro
955 5043 1022 5097 iis
1043 5044 1134 5112 qni
1155 5046 1701 5117 commutabuntnrb
1816 5058 1869 5103 et
1894 5050 2046 5111 illud,

483 5151 502 5184 ι
529 5131 903 5219 PrgMaltelet,
931 5152 950 5185 ο
976 5135 1119 5205 quod
1144 5136 1232 5190 alii
1255 5138 1509 5203 reddunt,
1535 5156 1552 5190 ι
1578 5139 1679 5194 Pro
1707 5140 1929 5206 chorea,
1956 5161 1974 5193 ι
1995 5150 2049 5195 et

474 5219 664 5281 illudu
690 5223 980 5296 Bespiccre
999 5227 1064 5282 ad
1094 5244 1327 5294 arcana;
1360 5249 1378 5283 ι
1403 5238 1479 5296 et,
1515 5250 1535 5282 ‹
1567 5231 1670 5287 Pro
1691 5232 1891 5287 dilecto
1921 5249 2050 5289 can-

552 5405 664 5476 (18)
695 5405 769 5458 T6
805 5405 930 5461 add.
964 5405 1053 5461 ed.

553 5477 666 5545 H9)
693 5476 766 5528 Τό
804 5491 913 5531 om.
950 5477 1039 5530 ed.

644 5550 661 5614 )
702 5546 762 5597 Ὀ
793 5547 917 5602 add.
958 5548 1046 5604 ed.

572 5616 663 5685 21)
692 5614 923 5685 Quidam
951 5616 1109 5669 codd.
1136 5614 1398 5679 εὐδοκίας.

554 5681 669 5751 (22')
709 5687 795 5739 Ἑν
823 5681 866 5754 ᾧ
894 5704 1004 5741 oni.
1037 5688 1123 5741 cd.

552 5755 666 5827 (23)
694 5754 924 5823 Quidam
954 5771 1061 5810 om.
1097 5755 1239 5817 τούς.

2142 1956 2208 2010 ἂν
2239 1958 2318 2018 εἰς
2344 1956 2404 2009 τὸ
2434 1956 2544 2028 (19)
2570 1957 2721 2019 τέλος
2747 1957 3051 2027 βλέποντες,
3079 1958 3212 2028 ὅπερ
3240 1958 3385 2011 ἐστὶν
3407 1961 3439 2029 ή
3471 1960 3615 2030 νίκη,
3638 1963 3710 2029 τῇ

2142 2046 2249 2099 τῶν
2298 2047 2576 2116 στεφάνων
2609 2046 2781 2100 ἑλπίδι
2829 2047 2920 2100 τὸν
2965 2050 3022 2100 ἐν
3045 2051 3157 2110 τοῖς
3190 2046 3371 2114 ἄθλοις
3401 2050 3560 2103 πόνον
3588 2054 3715 2104 ἐπι-

2143 2136 2469 2207 κουφίζοιεν.
2502 2138 2678 2208 Ὅπερ
2707 2137 2770 2208 δὴ
2798 2138 2890 2190 καὶ
2918 2137 3012 2192 νῦν
3041 2140 3099 2191 ὲν
3129 2141 3242 2201 τοῖς
3268 2140 3471 2208 ἀγῶσιν
3491 2142 3714 2212 ὁρῶμεν

2142 2229 2442 2299 γινόμενον.
2474 2229 2935 2299 Προδεικνύμενος
2972 2230 3083 2300 ’γὰρ
3130 2234 3239 2291 τοῖς
3275 2232 3410 2302 πρὸς
3450 2232 3713 2303 ἀλλήλους

2143 2320 2201 2371 ὲν
2226 2321 2336 2381 τοῖς
2366 2319 2595 2380 σταδίοις
2624 2319 3090 2388 συμπλεκομένοις
3114 2322 3226 2389 (‘20)
3253 2322 3532 2389 στέφανος,
3554 2324 3715 2393 ὲπιρο

2147 2409 2378 2480 ῥώννυσι
2406 2410 2604 2479 μᾶλλον
2629 2410 2805 2463 αὐτῶν
2834 2412 2933 2480 τὴν
2964 2411 3109 2481 ὑπὲρ
3140 2411 3239 2481 τῆς
3272 2413 3424 2482 νίκης
3455 2415 3711 2484 σπουδὴν,

2142 2499 2248 2552 τῶν
2289 2498 2587 2569 γινομένων
2635 2501 2814 2563 αὐτοῖς
2861 2500 2949 2553 διὰ
2997 2501 3097 2571 τῆς
3142 2500 3456 2571 συμπλοκῆς
3523 2503 3707 2556 πόνων

2146 2589 2248 2641 ὑπὸ
2276 2589 2377 2657 τῆς
2421 2588 2777 2661 ἐλπιζομένης
2810 2589 3050 2656 εὐδοξίας
3089 2590 3199 2661 (2i)
3244 2592 3710 2661 ἐκκλεπτομένωνε

2145 2680 2284 2731 Πᾶσι
2315 2678 2491 2731 τοίνυν
2523 2679 2867 2748 ἡνεῳγμὲνου
2914 2677 3010 2731 τοῦ
3058 2680 3273 2734 σταδίου
3310 2679 3445 2752 πρὸς
3486 2681 3716 2749 ἄθλησιν

2145 2766 2391 2837 (στάδιον
2427 2765 2484 2818 δὲ
2531 2768 2560 2819 6
2610 2766 2783 2828 κοινὸς
2834 2767 2941 2820 τῶν
2981 2767 3281 2839 ἀνθρώπων
3338 2769 3449 2839 βίος
3491 2770 3711 2833 ἐστὶν),

2145 2859 2201 2912 ὲν
2238 2853 2283 2925 ᾧ
2317 2858 2427 2929 (2‘2)
2476 2853 2555 2921 είς
2602 2856 2893 2921 ἀντίπαλος
2926 2859 3071 2913 ἐστιν
3115 2861 3149 2930 ἡ
3192 2859 3398 2925 κακία,
3453 2861 3716 2934 πολυτρό-

2148 2964 2263 3013 πως
2335 2954 2446 3014 τοῖς
2522 2950 2754 3021 δολεροῖς
2825 2951 3160 3021 παλαίσμασι
3235 2950 3717 3022 καταγωνιζομένη

2146 3045 2269 3107 τοὺς
2309 3022 2419 3111 (Q3)
2462 3042 2957 3113 προσπαλαίοντας·
3011 3043 3099 3096 διὰ
3128 3042 3283 3095 τοῦτο
3312 3045 3340 3095 ὁ
3372 3043 3570 3110 ἀγαθὸς
3604 3043 3719 3096 τῶν

2144 3135 2330 3202 ψυχῶν
2384 3133 2731 3204 παιδοτρίϐης
2786 3130 3126 3202 προδείκνυσί
3183 3149 3263 3185 σοι
3314 3133 3422 3185 τῶν
3475 3132 3720 3203 ἱδρώτων

2144 3228 2204 3278 τὸ
2236 3226 2410 3287 τέλος.
2444 3226 2537 3278 καὶ
2568 3225 2659 3277 τὸν
2685 3227 2747 3277 ἐκ
2781 3225 2893 3277 τῶν
2928 3225 3206 3293 στεφάνων
3244 3226 3467 3293 κόσμον,
3494 3227 3586 3278 καὶ
3614 3228 3718 3295 τὴν

2145 3318 2236 3369 ἐπὶ
2265 3319 2329 3386 τῇ
2363 3317 2484 3386 νίκῃ
2510 3317 2810 3388 ἀνάρρησιν
2830 3332 2841 3343 ·
2876 3316 2964 3369 ἴνα
2990 3316 3126 3387 πρὸς
3154 3318 3330 3368 ἐκεῖνο
3358 3315 3564 3386 βλέπων
3600 3315 3716 3385 (24)

2144 3408 2202 3460 τὸ
2232 3407 2399 3471 τέλος,
2431 3405 2506 3475 τῷ
2535 3404 2791 3475 νικοποιῷ
2823 3404 3047 3458 σεαυτὸν
3071 3405 3373 3478 ὲπερείδῃς,
3403 3406 3494 3457 καὶ
3515 3406 3572 3458 τὸ
3601 3407 3716 3474 (£5;

2145 3498 2407 3549 ἐπινίκιον
2447 3498 2706 3567 κήρυγμα
2755 3494 2969 3565 σεαυτῷ
3017 3495 3460 3566 παρασκευάζῃς.
3493 3496 3630 3548 Ὅσα
3654 3497 3717 3549 δὲ

2144 3587 2351 3649 τούτοις
2382 3586 2523 3639 κατὰ
2566 3586 2628 3639 τὸ
2654 3585 2948 3638 ἀκόλουθον
2982 3585 3205 3638 ὕπεστιν
3260 3586 3360 3655 τῆς
3397 3587 3477 3649 είς
3515 3587 3720 3657 ἀρετὴν

2145 3676 2488 3741 διδασκαλίας
2520 3679 2767 3748 νοήματα
2789 3717 2804 3737 ,
2846 3660 3068 3748 φανερᾶ
3096 3676 3311 3739 πάντως
3357 3678 3425 3729 ἂν
3476 3678 3559 3747 εἴη
3602 3682 3721 3740 τοῖς

2145 3766 2234 3820 διὰ
2263 3769 2361 3839 τῆς
2389 3768 2560 3838 ἀρχῆς
2591 3767 2793 3836 ταύτης
2826 3766 2961 3837 πρὸς
3002 3766 3061 3818 τὸ
3101 3766 3389 3820 ἀκόλουθον
3436 3766 3713 3837 βλέπουσι.

2146 3860 2311 3930 Δῆλον
2342 3859 2450 3929 γὰρ
2492 3860 2573 3912 ὅτι
2617 3860 2718 3912 ὅσα
2765 3854 2865 3928 τῆς
2892 3857 3069 3927 ψυχῆς
3101 3858 3245 3928 πάθη
3281 3861 3444 3919 ἐστὶν,
3479 3858 3720 3911 τοσαῦτα

2147 3953 2472 4023 κρατήματα
2502 3950 2610 4002 τῶν
2641 3948 2851 4019 ἐχθρῶν
2877 3950 3081 4016 γίνεται
3114 3949 3234 4002 καθ’
3265 3949 3442 4020 ἡμῶν,
3476 3952 3567 4001 καὶ
3610 3961 3720 4002 παι

2146 4043 2455 4113 λαίσματα·
2505 4042 2571 4095 δι’
2615 4036 2691 4095 ὧν
2722 4040 2970 4110 καθάπερ
3013 4057 3066 4091 τι
3114 4040 3274 4111 μέλος
3317 4042 3415 4111 τῆς
3457 4040 3652 4110 ψυχῆς,
3690 4043 3724 4093 ὁ

2146 4131 2402 4205 λογισμὸς
2420 4132 2776 4205 ὲξαρθροῦται
2800 4133 3056 4195 πολλάκις
3089 4132 3180 4187 καὶ
3207 4131 3551 4203 ἑξαρμίζεται
3578 4133 3715 4201 (‘26).

2148 4227 2196 4277 εἰ
2228 4226 2303 4296 μή
2333 4238 2418 4287 τις
2446 4223 2958 4295 παρεσκευασμένος
2985 4225 3072 4277 διὰ
3120 4223 3368 4295 μελέτης,
3390 4220 3451 4275 τὸ
3479 4222 3722 4290 ἀσφαλές

2146 4329 2205 4366 τε
2249 4315 2341 4366 καὶ
2383 4312 2771 4367 ἀκατάπτωτον
2812 4315 2871 4365 ἑν
2915 4316 3026 4376 τοῖς
3064 4312 3322 4376 τοιούτοις
3352 4312 3462 4383 (2η
3510 4313 3722 4381 ἀγῶσιν

2148 4406 2324 4477 ἑαυτῷ
2350 4403 2710 4476 κατορθώσειε
2742 4405 2876 4475 (28),
2898 4405 2987 4460 διὰ
3023 4406 3123 4475 τῆς
3151 4404 3379 4475 νομίμου
3418 4404 3722 4474 ἀθλήσεως,

2148 4495 2327 4560 καθώς
2370 4511 2534 4566 φησιν
2568 4499 2599 4550 6
2639 4496 2976 4558 ’Δπόστολος,
3024 4498 3121 4564 τὴν
3152 4497 3307 4565 νίκην
3345 4494 3522 4565 ἑαυτῷ
3551 4512 3727 4549 κατα-

2152 4586 2448 4657 κτώμενος,
2476 4588 2599 4657 ἥτις
2623 4588 2772 4639 ἐστὶν
2800 4586 2907 4638 τῶν
2937 4586 3161 4654 ἀγώνων
3187 4585 3248 4637 τὸ
3273 4585 3440 4647 τέλος.
3494 4620 3495 4623 η

2223 4778 2302 4831 Τὰ
2343 4778 2401 4831 δὲ
2437 4756 3106 4850 συμπαραγραφόμενατῇ
3152 4796 3172 4830 ι
3203 4780 3294 4843 Εἰς
3314 4780 3464 4842 τέλος
3488 4799 3508 4832 ι
3546 4780 3725 4849 φωνῇ,

2156 4868 2426 4939 ὑποθῆκαι
2444 4869 2586 4932 τινές
2614 4872 2718 4923 είσι
2740 4869 2832 4923 καὶ
2856 4869 3154 4940 συμϐουλαὶ
3175 4871 3308 4943 πρὸς
3331 4873 3428 4942 τὴν
3450 4871 3624 4941 νίκην·
3650 4871 3728 4923 δι’

2148 4952 2222 5014 ὧν
2253 4961 2317 5013 ἂν
2342 4961 2709 5032 κατορθωθείη
2736 4962 2799 5014 τὸ
2820 4962 3269 5034 σπουδαζόμενον.
3303 4964 3375 5016 Ἥ
3397 4981 3455 5016 τε
3480 4963 3586 5033 γὰρ
3614 4963 3729 5015 τῶν

2146 5040 2657 5122 ἁλλοιωθησομένων
2686 5052 2828 5117 λέξις
2863 5052 3021 5125 [(28⁹)
3046 5055 3146 5125 τὴν
3180 5055 3315 5127 πρὸς
3361 5055 3420 5108 τὸ
3472 5058 3725 5126 κρεῖττον

2151 5144 2506 5214 μεταποίησιν
2573 5145 2674 5216 τῆς
2740 5144 2919 5215 ψυχῆς
2985 5146 3318 5201 ὑποτίθεται.
3383 5148 3493 5201 Καὶ
3550 5150 3583 5218 ἡ
3630 5146 3727 5199 τοῦ

2150 5234 2360 5288 Μαελὲθ
2405 5235 2669 5305 ἑρμηνεία
2711 5237 2847 5309 πρὸς
2899 5235 3118 5307 μείζονα
3152 5237 3458 5308 προθυμίαν
3506 5238 3724 5307 ἐπεγεί-

2230 5412 2341 5481 (ἳί)
2362 5414 2678 5476 Βλέποντες.
2711 5415 2797 5470 ed.

2224 5484 2335 5551 (25)
2373 5484 2445 5536 Τό
2481 5499 2586 5537 om.
2619 5485 2709 5538 cui.

2223 5553 2334 5623 (26)
2374 5554 2773 5624 Ἑξορμίζεται,
2810 5553 2898 5609 ed.

2221 5624 2331 5691 (‘27)
2369 5625 2609 5686 Τούτοις,
2644 5625 2732 5679 ed.

2222 5692 2345 5765 (28)»
2365 5694 2742 5765 Κατορθὼσει,
2780 5696 2866 5748 Nl.

2222 5762 2355 5832 (98‘)
2392 5762 2564 5818 Verba
2593 5780 2754 5819 unus
2789 5764 2997 5821 inclusa
3031 5780 3141 5818 om.
3182 5765 3269 5821 ed.
