3982 6462
242 381 348 439 ιθσ

1644 396 1715 455 IN
1745 396 2081 457 PSALMOS.

3376 384 3477 442 ιςιι

246 509 326 565 ρει
369 493 461 549 τὸν
500 496 737 569 ἀθλητήν
765 515 779 529 ο
826 499 922 568 τὴν
968 502 1105 572 μετά
1154 504 1217 557 τδ
1260 505 1430 579 πέρας
1472 508 1579 563 τῶν
1634 512 1810 567 πόνων

1919 514 2078 570 ticum
2108 528 2128 566 ι
2160 510 2443 568 instituere
2464 514 2520 562 et
2541 518 2760 564 canere.
2797 522 2815 554 ι
2858 502 2962 557 Pro
2991 490 3340 573 susceptione
3362 516 3479 559 nia-

244 585 611 656 ικδεχομένων
656 591 801 660 ἡμᾶς
841 595 1198 663 χοροστασίαν
1252 599 1614 669 σημαίνουσα’
1668 603 1811 657 οὕτω

244 675 351 746 γὰρ
382 679 415 747 η
460 677 626 753 λέξις]
664 681 802 753 αὕτη
841 684 989 755 παρὰ
1034 687 1143 739 τῶν
1171 688 1372 745 λοιπῶν
1400 694 1809 765 σεσαφήνισται.

239 765 329 820 διὰ
357 769 576 837 χορείας
597 772 822 842 Μαελὲθ,
852 775 1244 845 έρμηνεύουσα.
1281 781 1353 834 Τό
1392 799 1452 835 τε
1497 802 1516 834 ι
1565 785 1706 855 Πρὸς
1742 783 1811 838 τὰ

239 860 446 930 κρύφια
488 863 733 932 βλέπειν,
783 886 804 919 ι
849 870 941 922 καὶ
982 888 998 919 ι
1058 870 1228 939 Ὑπὲρ
1254 874 1345 926 τοῦ
1386 877 1665 947 ἀγαπητοῦ
1711 880 1810 948 τὴν

238 951 382 1023 ᾠδὴν
414 957 697 1018 ποιεῖσθαι,
729 977 747 1009 ι
777 961 869 1014 καὶ
918 977 938 1011 ι
973 961 1145 1032 Ὑπὲρ
1185 964 1279 1033 τῆς
1320 966 1546 1037 ἑωθινῆς
1591 968 1808 1036 ἀντιλή-

237 1039 384 1109 ψεως
405 1043 547 1113 ᾄδειν
564 1060 579 1077 ’
605 1064 622 1095 ι
642 1048 736 1098 καὶ
762 1062 781 1095 ι
811 1046 908 1118 τὴν
941 1049 1160 1119 Ὀγδὸην
1186 1052 1291 1124 πρὸ
1302 1052 1771 1122 ὀφθαλμῶν.έχειν,
1796 1071 1814 1103 ι

239 1132 333 1185 καὶ
346 1151 365 1183 ι
383 1135 522 1205 πρὸς
534 1138 633 1208 τὴν
650 1132 1088 1205 κληρονομοῦσαν
1106 1140 1233 1210 ὁρᾷν
1256 1158 1273 1189 i
1286 1176 1300 1197 ,
1317 1140 1409 1189 καὶ
1429 1151 1446 1181 ι
1464 1136 1611 1197 ὅπως
1621 1136 1686 1190 ἂν
1706 1138 1813 1205 ἔξω

234 1222 335 1289 *ἧς
365 1225 499 1294 πρὸς
528 1227 619 1279 τὸν
641 1227 784 1298 Κορὲ
812 1227 1127 1297 συγγενείας
1149 1226 1459 1297 γενοίμεθα,
1478 1247 1495 1279 ι
1516 1229 1616 1299 τήν
1634 1245 1693 1281 τε
1713 1247 1812 1300 με-

236 1312 410 1385 γάλην
439 1316 655 1387 ἐκείνην
692 1316 784 1370 τοῦ
818 1316 981 1371 Δαυῒδ
1013 1317 1194 1387 φωνὴν
1221 1317 1343 1388 τὴν,
1396 1336 1415 1370 ι
1454 1317 1545 1389 Μὴ
1566 1318 1808 1388 διαφθεί-

238 1422 362 1478 ρῃς,
390 1426 409 1458 ι
464 1409 529 1479 ἠν
583 1408 718 1478 πρὸς
765 1408 856 1461 τὸν
911 1409 1256 1480 ὑπασπιστὴν
1303 1411 1621 1481 ἐποιήσατο,
1672 1410 1809 1481 πρὸς

234 1496 327 1547 τὸν
368 1497 480 1566 (29)
522 1498 694 1551 Σαοὺλ
732 1499 888 1567 φόνον
918 1500 1254 1570 ὁρμήσαντα,
1298 1500 1808 1571 ἐνστηλογραφηθῆ-

235 1604 325 1639 ναι
352 1588 464 1659 (30)
494 1591 551 1642 ὲν
589 1592 655 1660 τῇ
689 1590 917 1643 ἑκάστου
947 1590 1090 1661 ψυχῇ
1121 1591 1255 1662 πρὸς
1285 1591 1586 1660 ὑπόδειγμα
1616 1608 1812 1661 μακροο

1917 604 2091 657 tutina
2119 623 2132 657 :
2168 622 2188 654 ο
2219 610 2273 656 et
2298 611 2423 655 ante
2450 596 2639 653 oculos
2698 610 2716 643 ι
2749 601 2999 648 octavam
3037 612 3057 647 ι
3098 591 3297 650 habere
3318 629 3334 655 ,
3364 608 3386 643 ο
3422 601 3479 646 et

1919 712 1938 744 ι
1972 690 2172 748 intueri
2225 688 2371 743 illam
2430 698 2552 755 qua
2602 685 3479 756 haereditatemconsequiturnet

1919 798 1936 829 ι
1961 787 2191 835 utextra
2205 776 2581 845 cognationem
2615 776 2755 831 Core
2788 776 3103 846 migremus,
3129 784 3213 831 iet
3232 776 3480 846 inagniﬁ-

1910 883 2028 923 cam
2056 866 2201 919 illam
2233 866 2451 921 Davidis
2481 882 2688 932 vocem,
2716 884 2735 919 ι
2766 866 2842 922 Ne
2872 881 3194 938 corrumpas
3226 905 3241 930 ,
3274 885 3293 922 ι
3317 883 3477 939 quam

1912 957 1980 1013 ad
2003 958 2329 1028 armigerum
2354 973 2513 1013 suum
2550 959 2616 1012 ad
2637 958 2836 1013 caedem
2874 957 3057 1014 Saulis
3088 968 3334 1015 ruentem
3356 974 3484 1030 pro-

1912 1049 2057 1113 tulit,
2092 1065 2199 1119 qua
2239 1064 2524 1104 monemur
2570 1050 2636 1104 ad
2679 1050 2954 1121 patientia:
2973 1057 3030 1106 et
3057 1050 3484 1121 longanimitatis

1912 1143 2248 1211 exemplum;
2293 1150 2347 1197 et
2390 1142 2554 1211 hujus
2605 1142 2823 1212 generis
2875 1142 3157 1213 complura
3211 1144 3339 1207 alia,
3388 1144 3483 1214 qui

1913 1234 2225 1289 accuratius
2266 1232 2600 1303 perpendere
2638 1232 2802 1296 v‘olet,
2836 1234 2883 1289 is
2934 1232 3167 1288 libenter
3200 1233 3482 1299 fatebitur,

1913 1322 2049 1378 nihil
2076 1322 2222 1377 aliud
2250 1338 2392 1389 esse,
2422 1339 2584 1393 quam
2639 1323 2928 1378 athleticas
2946 1323 3213 1393 quasdam
3239 1326 3489 1380 cohorta-

1914 1415 2112 1477 tiones,
2152 1423 2205 1470 et
2242 1416 2633 1486 praeceptiones
2684 1415 2753 1470 ab
2782 1416 3114 1472 instructore
3162 1424 3216 1471 et
3265 1418 3487 1473 doctore

1916 1508 1983 1561 ad
2022 1507 2255 1563 athletas
2286 1512 2582 1577 profectas,
2634 1518 2696 1563 ut
2724 1518 2999 1579 speratum
3049 1510 3293 1567 victorize
3322 1511 3483 1566 ﬁnem

1917 1610 2343 1669 consequantur.
2374 1600 2639 1656 Similiter
2668 1600 2717 1657 si
2746 1602 2877 1671 quid
2898 1618 2962 1657 ex
2986 1602 3216 1659 historia
3238 1603 3485 1659 additum

234 1677 459 1748 θυμίας,
501 1682 796 1751 συμϐάλλει
824 1684 852 1734 ὁ
897 1682 1071 1750 λόγος.
1123 1684 1232 1736 Καὶ
1280 1683 1455 1737 πάντα
1484 1685 1553 1738 τὰ
1588 1682 1813 1738 τοιαῦτα

1920 1687 1990 1741 sit
2011 1689 2295 1755 vocabulo,
2319 1708 2339 1741 ι
2366 1690 2424 1744 In
2453 1690 2638 1756 ﬁnem,
2670 1710 2690 1744 ι
2717 1694 2904 1748 eodem
2932 1694 3124 1761 tendit,
3153 1704 3211 1751 ut
3231 1695 3487 1750 videlicet

235 1769 386 1845 εὖροι
418 1788 502 1834 τις
546 1772 612 1825 ἂν
653 1774 721 1825 δι’
766 1775 1050 1843 ἀκριϐείας
1095 1774 1499 1845 σκοπούμενος,
1530 1775 1613 1828 ὅτι
1642 1775 1810 1847 ἀθλη-

1919 1794 2096 1833 rerum
2128 1795 2343 1850 quoque
2363 1789 2640 1851 gestarum
2670 1785 2932 1854 exemplis
2960 1795 3014 1841 et
3040 1760 3384 1843 documentis
3418 1786 3487 1840 ad

234 1861 384 1915 τικαί
434 1862 574 1926 τινές
619 1866 755 1917 εἰσιν
806 1865 1182 1935 ὑποφωνήσεις
1231 1865 1382 1936 παρὰ
1406 1866 1499 1919 τοῦ
1538 1867 1813 1938 παιδοτρί-

234 1950 332 2004 6ου
362 1953 498 2024 πρὸς
525 1956 651 2017 τοὺς
680 1956 919 2026 ἀθλητὰς
948 1958 1249 2026 γινόμεναι.
1285 1958 1432 2021 ὅπως
1460 1958 1526 2012 ἄν
1557 1976 1641 2021 τις
1677 1959 1812 2030 πρὸς

1917 1870 2214 1926 certamina
2271 1872 2706 1928 corroboremur.
2760 1873 2827 1928 Et
2888 1875 3001 1931 haec
3053 1877 3269 1947 quidem
3337 1878 3490 1935 notio

1919 1960 2163 2030 subjecta
2183 1971 2268 2018 est
2302 1964 2377 2018 illi
2402 1964 2632 2019 dictioni
2664 1984 2682 2016 ι
2721 1964 2778 2020 1η
2810 1968 2990 2023 ﬁnem.
3036 1988 3055 2020 ι

232 2047 295 2099 τὸ
350 2050 450 2118 τῆς
495 2051 648 2120 νίκης
696 2050 919 2119 φθάσειε
964 2052 1135 2115 τέλος.
1176 2052 1448 2115 Ὡσαύτως
1476 2053 1532 2107 δὲ
1575 2054 1670 2107 καὶ
1712 2052 1767 2107 εἴ
1804 2072 1857 2123 τι
1901 2056 1998 2126 τῆς
2052 2057 2288 2129 ἱστορίας
2346 2060 2915 2130 ουμπαραγέγραπται
2960 2064 3026 2133 τῇ
3078 2082 3095 2113 ι
3140 2064 3234 2126 Εἰς
3271 2062 3421 2125 τέλος
3461 2081 3481 2113 ο

231 2145 411 2212 φωνῇ,
452 2143 589 2213 πρὸς
631 2144 761 2196 αὐτὸ
791 2144 946 2197 τοῦτο
976 2145 1182 2213 βλέπει,
1219 2146 1293 2208 ὡς
1324 2147 1390 2198 ἂν
1424 2145 1513 2199 διὰ
1548 2147 1656 2199 τῶν
1691 2148 1975 2220 ἱστορικῶν
2002 2150 2409 2221 ὑποδειγμάτων
2440 2154 2637 2223 μᾶλλον
2677 2156 2810 2226 πρὸς
2839 2156 2965 2219 τοὺς
2998 2158 3213 2225 ἀγῶνας
3251 2156 3489 2227 ὲπιρῤω-

233 2236 514 2306 σθείημεν.
550 2234 695 2306 Αὕτη
730 2237 826 2305 μὲν
914 2257 930 2286 ι
960 2238 1051 2301 Εἰς
1080 2238 1228 2301 τέλος
1262 2259 1278 2287 ι
1314 2239 1536 2291 διάνοια.

764 2375 1157 2428 ΚΕΦΛΛΑῙΟΝ
1200 2375 1274 2428 Γ.

304 2514 532 2582 Ψαλμὸς
560 2514 616 2566 δὲ
649 2512 742 2565 καὶ
772 2511 903 2583 ᾠδὴ.
951 2512 1045 2566 καὶ
1091 2512 1320 2577 αῖνεσις,
1362 2514 1455 2568 καὶ
1489 2513 1674 2583 ὕμνος,
1719 2516 1812 2566 καὶ

230 2607 535 2678 προσευχὴ,
570 2607 824 2676 τοιαύτην
854 2606 989 2676 πρὸς
1015 2605 1217 2675 ἄλληλα
1259 2606 1358 2677 τὴν
1389 2606 1653 2679 διαφοράν
1677 2607 1813 2676 ἔχειν

229 2700 463 2770 Ψαλμὸς
494 2698 592 2768 μὲν
623 2698 730 2768 γάρ
760 2699 905 2751 ἐστιν
924 2740 938 2762 ,
980 2698 1015 2767 η
1056 2696 1143 2751 διά
1172 2698 1264 2751 τοῦ
1291 2697 1522 2769 ὀργάνου
1553 2698 1647 2753 τοῦ
1682 2716 1812 2770 μου·

233 2790 395 2845 σικοῦ
430 2789 665 2860 μελῳδία
690 2806 703 2819 ο
739 2789 848 2860 ᾠδὴ
875 2790 931 2842 δὲ
956 2791 989 2859 ἡ
1016 2788 1104 2842 διὰ
1128 2790 1395 2867 στόματος
1424 2791 1689 2861 γενομένη
1716 2790 1811 2843 τοῦ

234 2885 435 2955 μέλους
478 2882 615 2954 μετὰ
655 2882 764 2938 τῶν
799 2883 911 2953 (51)
964 2880 1222 2953 ῥημάτων
1270 2881 1597 2954 ὲκςὼνησις.
1650 2884 1713 2937 'H
1756 2882 1815 2937 δὲ

230 2975 537 3049 προσευχὴ,
571 2974 819 3046 ἱκετηρία
852 2975 988 3035 ἐστὶ.
1029 2975 1156 3045 περί
1188 2992 1331 3038 τινος
1367 2976 1476 3029 τῶν
1507 2976 1811 3046 συμφερόν-

227 3087 346 3123 των
378 3068 758 3139 προσαγομένη
786 3065 865 3136 τῷ
892 3066 1002 3136 (52)
1038 3066 1177 3136 Θεῷ.
1219 3067 1426 3137 ’Υμνος
1452 3068 1509 3120 δὲ
1534 3070 1566 3134 ἡ
1590 3068 1682 3121 ἐπὶ
1699 3070 1813 3131 τοῖς

227 3160 577 3230 ὑπάρχουσιν
606 3160 739 3228 ἡμῖν
787 3155 1009 3225 ἀγαθοῖς
1057 3156 1417 3226 ἀνατιθεμένη
1464 3158 1543 3227 τῷ
1574 3158 1694 3228 Θεῷ
1725 3159 1811 3210 εὺο

223 3251 439 3323 φημία.
468 3247 625 3314 Αἶνος
647 3250 726 3314 δὲ,
771 3251 888 3320 ἦτοι
916 3250 1119 3312 αἴνεσις
1154 3249 1369 3320 (ταύτὸν
1400 3249 1508 3320 γὰρ
1531 3251 1615 3302 ἐπ’
1636 3253 1813 3321 ἀμφο-

221 3344 413 3413 τέρων
444 3343 505 3397 τὺ
551 3342 1002 3413 σημαινόμενον),
1048 3342 1157 3395 τῶν
1187 3342 1345 3396 θείων
1378 3342 1672 3414 θαυμάτων
1716 3362 1811 3396 πε-

226 3435 411 3506 ριέχει
460 3434 550 3488 τὸν
596 3435 836 3487 ἔπαινον.
893 3433 1026 3487 Οὐδὲ
1071 3433 1186 3504 (35)
1230 3433 1339 3504 γὰρ
1381 3434 1511 3487 ἄλλο
1566 3434 1619 3487 τί
1664 3437 1810 3486 ἐστιν

224 3527 498 3586 ἔπαινος.
550 3526 599 3577 εἰ
650 3525 724 3596 μὴ
773 3524 867 3577 τοῦ
913 3524 1063 3578 αἴνου
1113 3525 1384 3587 ἐπίτασις.
1435 3524 1702 3589 Πολλάκις
1755 3525 1811 3577 δὲ

220 3616 409 3669 ταῦτα
453 3615 701 3685 ἀλλήλοις
736 3617 793 3668 ὲν
820 3617 937 3677 ταῖς
980 3617 1312 3687 ἐπιγραφαῖς
1347 3616 1435 3669 διά
1460 3633 1604 3679 τινος
1648 3616 1810 3679 συζυ-

221 3706 360 3774 γίας
406 3705 793 3775 συμπλέκεται,
830 3706 970 3760 ὥστε
998 3706 1056 3760 ἓν
1103 3708 1173 3760 τὰ.
1210 3707 1303 3761 δύο
1330 3708 1418 3761 διὰ
1442 3708 1539 3779 τῆς
1573 3707 1814 3778 συμπλο-

221 3794 339 3863 κῆς
367 3795 638 3862 γενέσθαι.
665 3797 731 3848 Ἣ
768 3795 875 3867 γὰρ
899 3815 917 3846 ι
945 3796 1173 3867 Ψαλμὺς
1196 3796 1358 3867 ᾠδῆς,
1380 3814 1398 3847 i
1434 3797 1466 3866 ἢ
1491 3815 1510 3847 ι
1536 3797 1657 3867 ’ῼδὴ
1684 3797 1816 3865 ψαλ-

225 3885 367 3953 μοῦ,
396 3905 414 3936 ι
436 3884 469 3956 ἢ
490 3904 506 3937 ι
532 3886 620 3938 Ἐν
650 3885 836 3957 ὕμνοις
859 3887 1093 3956 ψαλμὺς,
1118 3906 1136 3939 i
1162 3887 1194 3957 ἦ
1231 3886 1413 3950 καθὼς
1451 3888 1509 3938 ἐν
1547 3886 1624 3956 τῷ
1659 3887 1816 3941 Ἀδαο

222 3979 386 4047 κοὺμ
417 3978 838 4048 μεμαθήκαμεν,
876 3979 970 4033 καὶ
994 3996 1013 4030 ι
1048 3979 1326 4051 Προσευχὴ
1352 3980 1467 4048 μετ’
1499 3978 1663 4049 ᾠδῆς.
1701 3997 1721 4031 ι
1748 3979 1815 4031 Ἦ

217 4060 287 4119 δὲ
315 4065 548 4130 διάνοια,
576 4067 698 4120 καθ’
732 4069 797 4138 ἣν
832 4068 968 4139 πρὸς
996 4069 1192 4139 ἀρετὴν
1215 4068 1557 4139 ὁδηγούμεθα
1579 4067 1683 4121 ὑπὸ
1708 4069 1818 4121 τῶν

219 4154 565 4224 ἐπιγραφῶν
592 4155 817 4219 τούτων,
848 4158 961 4210 ἐστὶ
993 4157 1237 4228 τοιαύτη*
1277 4158 1351 4211 Τὸ
1372 4157 1694 4229 ψαλτήριον,
1728 4158 1815 4228 69-

216 4244 405 4312 γανόν
431 4248 547 4299 ἐστι
583 4247 837 4315 μουσικὸν
870 4249 934 4300 ὲκ
956 4248 1064 4301 τῶν
1089 4248 1292 4302 ἀνωθεν
1320 4249 1501 4319 μερῶν
1526 4250 1625 4318 τῆς
1654 4266 1821 4304 κατα-

219 4334 441 4407 σκευῆς
471 4336 767 4393 ἀποτελοῦν
790 4337 879 4390 τὸν
894 4333 1045 4409 ἦχον.
1062 4340 1127 4392 Ἦ
1145 4340 1203 4393 δὲ
1225 4340 1317 4393 τοῦ
1337 4341 1574 4394 τοιούτου
1590 4341 1821 4412 ὀργάνου

217 4429 598 4499 panso-aprica,
638 4429 847 4500 ψαλμὸς
885 4430 1122 4499 λέγεται.
1161 4433 1367 4485 Οὐκοῦν
1390 4434 1455 4484 ἐκ
1487 4432 1581 4486 τοῦ
1615 4434 1824 4503 σχήμα-

211 4537 324 4583 τος
355 4520 456 4590 τῆς
479 4523 822 4591 κατασκευῆς
850 4524 878 4575 ὁ
907 4525 1297 4595 προτρεπτικὸς
1329 4527 1408 4587 είς
1430 4525 1634 4597 ἀρετὴν
1664 4526 1823 4592 λόγος

209 4611 481 4682 ἔμφασιν
519 4611 651 4682 ἔχει.
684 4612 787 4665 Τὸν
823 4614 928 4683 γὰρ
960 4614 1051 4667 σὺν
1085 4614 1197 4685 βίον
1227 4614 1439 4685 ψαλμὸν
1474 4614 1611 4672 εἶναι
1644 4617 1827 4670 διακε-

207 4703 457 4757 λεύεται
479 4743 494 4765 .
545 4704 619 4776 μὴ
660 4706 771 4769 τοῖς
813 4707 1019 4775 γητνοις
1063 4705 1317 4774 φθόγγοις
1359 4708 1820 4779 περιηχούμενονο

208 4762 513 4866 φθόγγους
545 4762 779 4866 φημι
800 4762 1141 4867 τὰινοήματα
1163 4762 1346 4851 ἀλλά
1378 4762 1697 4868 καθαρόνπε
1726 4800 1820 4853 καὶ
1852 4762 1898 4823 D

205 4886 567 4953 ἐξάκουστον
592 4888 659 4940 ὲκ
689 4886 797 4939 τῶν
830 4886 1033 4940 ἄνωθέν
1061 4905 1118 4941 τε
1150 4887 1243 4942 καὶ
1274 4889 1539 4957 οὐρανίων
1573 4889 1665 4943 τὸν
1687 4885 1821 4959 ἦχον

204 4975 713 5046 ἀπεργαζόμενον.
774 4977 927 5048 ’ῼδὴν
967 4975 1025 5030 δὲ
1057 4976 1383 5042 ἀκούσαντες
1405 5018 1420 5040 ,
1471 4978 1568 5047 τὴν
1601 4980 1729 5050 περὶ
1760 4977 1822 5031 τὸ

206 5068 569 5137 φαινόμενον
618 5068 1033 5139 εὐσχημοσύνην
1080 5068 1172 5121 τοῦ
1209 5067 1322 5138 βίον
1378 5069 1719 5140 μανθάνομεν
1751 5068 1819 5122 δι’

204 5157 584 5227 αἰνίγματος.
636 5159 845 5230 ’Ὠσπερ
874 5159 985 5229 γὰρ
1018 5160 1083 5211 ὲκ
1126 5157 1233 5211 τῶν
1265 5159 1535 5229 μουσικῶν
1574 5160 1821 5229 ὀργάνων

207 5248 409 5318 μόνος
438 5249 466 5299 ὁ
502 5243 634 5317 ἦχος
662 5248 762 5317 τῆς
792 5247 1056 5319 μελῳδίας
1085 5248 1410 5319 προσπίπτει
1442 5251 1561 5312 ταῖς
1604 5248 1818 5310 ἀκοαῖς,

204 5339 383 5394 αὑτά
414 5339 470 5391 δὲ
499 5340 566 5391 τὰ
596 5337 976 5409 μελῳδούμενα
1003 5340 1222 5409 ῥήματα
1249 5340 1309 5393 οὐ
1335 5339 1419 5393 δια
1429 5338 1681 5411 ρθροῦται
1709 5343 1821 5401 τοῖς

200 5430 522 5501 ςϐὂγγοις·
570 5431 629 5482 ὲν
670 5429 726 5483 δὲ
773 5433 837 5500 τῇ
869 5430 979 5500 ᾠδῇ
1030 5430 1089 5481 τὸ
1139 5431 1544 5500 συναμφότερον
1590 5430 1817 5502 γίνεται,

293 5580 355 5610 ’⁸
395 5576 595 5633 liabac.
614 5592 695 5641 lli,
716 5578 764 5631 l.

308 5710 436 5779 (29)
465 5713 574 5765 Τοῦ
604 5712 729 5767 add.
766 5713 851 5766 ed.

291 5782 424 5845 (30)
454 5782 989 5852 Στηλογραφηθῆναι,
1015 5783 1101 5837 ed.

289 5852 426 5923 (51)
452 5853 573 5904 Τῶν
592 5851 701 5907 om.
722 5856 832 5917 ed.,
868 5862 980 5907 tum
1013 5851 1368 5923 ὲπιφὼνησις,
1401 5852 1490 5907 ed.

2520 2381 2747 2437 CAPUT
2788 2381 2875 2437 Ill.

1987 2515 2056 2567 At
2093 2516 2335 2582 psalmus
2363 2525 2417 2572 et
2446 2520 2739 2587 canticum,
2770 2530 2825 2578 et
2856 2523 3117 2589 laudatio,
3140 2533 3195 2579 α
3228 2526 3485 2596 hymnus.

1917 2612 1974 2659 et
2001 2605 2178 2661 oratio
2200 2605 2292 2660 tali
2319 2607 2557 2677 quodam
2580 2609 2899 2667 discrimine
2929 2612 3071 2667 inter
3101 2629 3162 2668 se
3194 2614 3481 2669 dissident:

1915 2693 2169 2751 Psalmus
2197 2704 2281 2751 est
2310 2698 2607 2753 modulatio
2628 2715 2723 2768 per
2746 2699 3483 2757 instrumentummusicnm.

1921 2786 2209 2844 Canticum
2234 2797 2319 2845 est
2340 2790 2574 2859 prolatio
2603 2798 2820 2855 cantus,
2844 2806 2969 2846 cum
2992 2793 3171 2848 verbis
3205 2808 3300 2849 ore
3319 2793 3484 2847 facta.

1920 2876 2112 2933 Oratio
2151 2886 2235 2934 est
2264 2880 2591 2950 supplicatio
2625 2881 2694 2935 ad
2728 2879 2923 2944 Deum,
2957 2896 3055 2951 pro
3086 2897 3144 2938 re
3167 2883 3353 2953 aliqua
3390 2900 3488 2938 no-

1919 2968 2004 3024 bis
2033 2969 2383 3024 conducibili.
2416 2969 2661 3042 Hymnus
2685 2979 2770 3027 est
2800 2972 3110 3028 benedictio
3132 2974 3344 3031 reddita
3378 2973 3491 3029 Dco

1918 3059 1991 3114 ob
2023 3060 2161 3115 bona
2192 3061 2351 3117 nobis
2389 3063 2651 3132 praestita.
2706 3061 2852 3118 Laus
2890 3080 3021 3119 vero
3066 3065 3183 3120 sive
3226 3064 3489 3130 laudatio,

1919 3151 2060 3207 idem
2104 3153 2249 3208 enim
2312 3155 2599 3224 utriusque
2639 3154 3006 3226 signiﬁcatum
3060 3163 3164 3222 est,
3216 3157 3491 3227 signiﬁcat

1917 3240 2230 3297 divinorum
2268 3243 2601 3298 mirabilium
2638 3243 3082 3315 pradicationem
3116 3252 3171 3300 et
3206 3262 3489 3301 commen-

1918 3331 2226 3399 dationem;
2258 3349 2386 3387 nam
2416 3334 2673 3389 exaltatio
2722 3335 2775 3389 in
2804 3335 3101 3399 laudando,
3156 3336 3294 3392 nihil
3338 3337 3489 3392 aliud

1912 3431 1996 3478 est
2024 3438 2186 3492 quam
2214 3423 2387 3480 laudis
2417 3424 2662 3482 intentio.
2698 3425 2964 3481 Caeterum
3011 3426 3127 3485 haec
3181 3442 3325 3497 sape
3380 3427 3486 3483 sibi

1913 3523 2104 3569 mutuo
2136 3514 2189 3569 in
2232 3514 2680 3583 inscriptionibus
2709 3516 2858 3571 varia
2892 3517 3282 3587 conjunctione
3317 3535 3488 3589 copu-

1913 3604 2117 3665 lantur.
2151 3616 2208 3660 ut
2244 3607 2352 3660 duo
2401 3608 2741 3662 connexione
2768 3608 2824 3662 in
2844 3609 2987 3664 idem
3019 3611 3357 3666 coalescant.
3392 3609 3485 3664 Vel

1913 3700 2059 3755 enim
2091 3699 2317 3761 dicitur,
2358 3717 2377 3751 ι
2416 3698 2670 3756 Psalmus
2695 3699 2917 3765 cantici,
2953 3718 2974 3753 ι
3010 3702 3114 3765 vel,
3154 3720 3174 3752 ι
3201 3701 3487 3757 Canticum

1914 3790 2133 3859 psalmi,
2188 3808 2207 3841 ι
2241 3790 2347 3854 vel,
2397 3808 2416 3839 ι
2454 3788 2513 3843 In
2545 3789 2765 3861 hymnis
2813 3790 3078 3859 psalmus,
3119 3809 3139 3842 ι
3190 3792 3298 3855 vel,
3336 3800 3391 3846 ut
3421 3808 3491 3847 ex

1916 3881 2170 3936 Habacuc
2225 3882 2271 3913 "
2333 3880 2623 3935 didicimus
2653 3918 2669 3943 ,
2724 3899 2743 3931 ι
2780 3880 2969 3935 Oratio
3010 3895 3137 3936 cum
3184 3883 3421 3938 cantico.
3465 3904 3483 3935 ι

1920 3969 2127 4026 Sensus
2164 3984 2321 4031 vero,
2371 3970 2464 4039 qui
2516 3984 2618 4025 nos
2654 3985 2752 4039 per
2795 3970 2931 4027 istas
2988 3971 3375 4043 inscriptiones
3422 3976 3489 4029 ad

1920 4064 2175 4119 virtutem
2205 4062 2444 4127 deducit,
2472 4061 2741 4132 ejusmodi
2766 4072 2882 4118 est:
2906 4061 3227 4119 Psalterium
3259 4074 3346 4121 est
3371 4083 3493 4121 mu-

1922 4155 2098 4213 sicum
2136 4153 2561 4210 instrumentum
2588 4190 2606 4217 ,
2641 4151 2789 4222 quod
2817 4167 2884 4207 ex
2917 4154 3293 4235 superioribus
3340 4162 3492 4213 stru-

1921 4257 2088 4301 ctura:
2118 4260 2232 4302 sua:
2272 4244 2522 4314 partibus
2552 4260 2746 4301 sonum
2775 4245 2928 4311 edit;
2972 4245 3247 4317 huiusque
3283 4247 3492 4304 instru-

1922 4337 2090 4392 menti
2114 4344 2439 4403 concentus,
2476 4336 2779 4406 appellatur
2812 4355 2833 4389 ι
2869 4337 3134 4407 psalmus.
3174 4355 3197 4392 ι
3246 4338 3389 4409 Ergo
3425 4355 3494 4396 ex

1924 4427 2042 4497 ipsa
2076 4426 2517 4482 ’constructionis
2560 4426 2756 4498 ﬁgura,
2811 4427 3168 4484 commonitio
3210 4428 3371 4486 nobis
3426 4430 3495 4486 ad

1923 4519 2180 4574 virtutem
2207 4518 2447 4583 exsistit,
2481 4534 2604 4573 cum
2647 4526 2796 4573 tuam
2830 4520 2995 4574 vitam
3039 4521 3167 4574 velit
3190 4536 3314 4577 esse
3348 4522 3496 4591 psal-

1925 4626 2097 4675 mum,
2132 4626 2242 4666 non
2294 4611 2651 4668 terrestribus
2696 4612 2848 4668 sonis
2897 4621 3244 4667 resonantem
3276 4630 3292 4678 ;
3328 4628 3496 4669 sonos

1926 4707 2106 4753 autem
2134 4713 2269 4753 voco
2293 4699 2680 4768 cogitationes;
2706 4700 2799 4755 sed
2844 4701 2936 4768 qui
2972 4715 3165 4767 purum
3200 4702 3491 4756 exauditu-

1925 4804 2031 4860 que
2049 4788 2284 4853 facilem,
2313 4798 2368 4843 et
2399 4804 2466 4843 ex
2490 4789 2655 4844 rebus
2675 4790 2888 4858 superis
2910 4791 3337 4863 cmlestibusque
3362 4809 3496 4847 con-

1928 4889 2132 4936 textum
2156 4895 2350 4935 sonum
2374 4880 2588 4936 eﬁiciat.
2608 4880 2679 4933 At
2693 4895 2818 4936 cum
2837 4881 3089 4937 audimus
3108 4901 3125 4934 ι
3145 4886 3441 4948 canticum,
3469 4908 3488 4936 ο

1925 4970 2189 5026 docemur
2216 4970 2373 5039 quasi
2392 4968 2629 5040 quodam
2653 4971 2956 5034 involucro,
2990 4972 3115 5027 vita:
3150 4972 3493 5030 honestatem

1925 5062 1982 5116 in
2015 5062 2324 5115 actionibus
2370 5061 2574 5117 nostris
2616 5063 2978 5132 praestandam
3026 5079 3168 5119 esse.
3222 5064 3484 5132 Quemad-

1923 5152 2145 5207 modum
2170 5152 2316 5207 enim
2358 5167 2425 5206 ex
2459 5152 2686 5208 musicis
2736 5152 3115 5211 instrumentis
3158 5156 3308 5212 solus
3360 5172 3493 5211 con-

1923 5248 2115 5298 centus
2145 5241 2210 5297 ad
2237 5256 2403 5298 aures
2436 5241 2727 5310 allahitur;
2768 5244 2887 5314 ipsa
2920 5260 3049 5300 vero
3089 5244 3254 5300 verba
3294 5244 3495 5300 decan-

1920 5341 2034 5389 tata
2068 5349 2164 5404 per
2192 5348 2362 5389 sonos
2405 5334 2741 5389 articulatim
2780 5350 2890 5390 non
2934 5335 3384 5405 distinguuntur;
3438 5336 3491 5390 in

1922 5430 2137 5481 cantico
2190 5432 2373 5481 autem
2428 5435 2718 5495 utrumque
2762 5432 2887 5481 est:
2940 5432 3304 5483 concentuum
3339 5427 3491 5481 acili-

1994 5715 2103 5776 (52)
2130 5714 2218 5784 Τῷ
2247 5732 2351 5769 oni.
2393 5716 2456 5767 ml

2001 5786 2105 5846 '55)
2131 5784 2314 5847 Οὐδέν,
2348 5802 2375 5841 c
2396 5798 2435 5839 ι.
