3982 6458
212 435 311 491 ιθτ

1599 444 1665 501 ΙΝ
1698 444 1827 500 PSA
1836 444 2035 502 LMOS.

3350 433 3458 493 £98

212 571 369 626 μενον
412 556 559 621 ἀξιον
586 590 587 593 η
614 553 757 618 εἶναι
806 560 911 613 τοῦ
954 563 1368 635 κεκρυμμένου,
1426 568 1513 623 ἵνα
1585 569 1617 639 ἡ
1670 567 1780 640 ᾠδὴ

1885 567 1940 621 in
1970 572 2159 637 aperto
2184 570 2289 627 est,
2315 559 2667 629 omniumque
2688 558 3005 630 conspectui
3034 557 3342 629 expositum
3368 557 3459 613 di-

210 647 447 720 σημαίνῃ
489 648 601 720 (46)
655 651 731 721 τῷ
770 654 994 726 τοιούτῳ
1050 657 1302 727 νοήματι.
1373 657 1437 710 Ἠ
1495 658 1550 711 δὲ
1617 661 1781 715 πνεύ-

210 757 336 809 ματι
396 741 542 813 μόνῳ
603 745 1008 818 κατορθουμένη
1059 749 1389 821 ψαλμῳδία,
1450 751 1548 823 τὴν
1613 753 1782 824 ὑπερ-

206 830 432 899 έχουσαν
521 835 853 888 κατάστασιν
936 838 1043 891 τῶν
1136 838 1308 907 ἁγίων
1390 842 1778 913 ἐνδείκνυται,

204 923 331 975 ὅταν
366 927 611 996 κρεῖττον
725 927 823 997 τῆς
864 928 950 982 διὰ
981 928 1089 984 τῶν
1119 932 1461 1003 φαινομένων
1503 937 1782 1005 ἐνδείξεως
1830 982 1831 985 η

202 1013 265 1066 τὸ
311 1013 391 1085 τῷ
433 1014 553 1085 Θεῷ
595 1017 1022 1088 προσαγόμενον.
1064 1020 1140 1074 Οὕ
1167 1023 1279 1094 γὰρ
1311 1025 1369 1078 ἐν
1392 1025 1555 1095 ᾠδαῖς
1583 1044 1725 1081 τισιν
1752 1030 1782 1082 ό

201 1103 417 1176 ψαλμδς
434 1108 551 1170 ταῖς
567 1106 654 1160 διά
668 1108 925 1179 ῥημάτων
947 1111 1034 1164 δια
1042 1112 1101 1182 ρθ
1109 1111 1202 1184 pou
1211 1131 1328 1177 σαις
1352 1115 1459 1167 τῶν
1476 1117 1780 1187 νοουμένων

200 1195 298 1266 τὴν
312 1196 559 1266 δύναμιν,
576 1197 689 1252 ἀλλ’
712 1218 730 1250 ι
766 1200 853 1253 Ἑν
883 1200 1091 1272 ὕμνοις,
1128 1223 1145 1253 ι
1180 1205 1365 1274 φησὶν,
1393 1225 1411 1259 ι
1439 1207 1478 1257 ὁΔ
1498 1207 1727 1279 ψαλμός.
1754 1228 1774 1261 ι

202 1286 375 1340 Τοῦτο
401 1288 460 1341 δέ
494 1291 628 1355 ἐστι,
660 1292 810 1350 κατά,
826 1308 889 1360 γε
923 1295 1022 1364 τὴν
1048 1295 1188 1367 ἐμὴν
1218 1296 1420 1367 κρίσιν,
1440 1298 1776 1366 διδασκαλία,

199 1377 252 1430 τί
279 1378 387 1450 χρὴ
411 1380 515 1434 ὑπὸ
533 1380 626 1434 τοῦ
650 1381 818 1453 ὕμνου
842 1384 1151 1451 γινώσκειν.
1177 1387 1533 1461 Μανθάνομεν
1556 1393 1662 1464 γὰρ
1695 1395 1779 1448 ὅτι

200 1469 229 1521 ὁ
254 1468 457 1540 ὑψηλὸς
492 1470 603 1541 βίος
646 1474 737 1526 καὶ
788 1474 848 1527 τὸ
881 1475 949 1529 τά
998 1476 1111 1531 ἄνω
1142 1482 1378 1547 φρονεῖν,
1414 1484 1509 1536 καὶ
1557 1486 1622 1538 ὲκ
1672 1486 1779 1540 τῶν

197 1558 487 1629 οὐρανίων.
546 1579 609 1615 τε
666 1565 759 1616 καὶ
821 1566 1231 1639 ὑπερκειμένων
1283 1573 1390 1643 (47)
1491 1578 1778 1647 νοημάτων

199 1647 345 1719 ἔχειν
383 1648 445 1703 τὸ
493 1652 763 1724 ἡμέτερον
817 1654 1067 1727 ὄργανον,
1113 1658 1271 1713 τοῦτο
1319 1662 1485 1733 ὕμνος
1520 1666 1639 1720 ἐστὶ
1682 1669 1777 1724 τοῦ

196 1740 359 1833 Θεοῦ,
395 1742 496 1795 οὐκ
541 1745 599 1797 ὲν
642 1744 867 1818 δυνάμει
904 1751 1184 1820 ῥημάτων,
1234 1753 1349 1807 ἀλλ’
1384 1758 1440 1809 ἐν
1488 1757 1565 1829 τῷ
1614 1760 1778 1833 ὕπερ-

196 1832 395 1926 έχοντιᾉ
424 1835 856 1909 κατορθούμενος
903 1841 1004 1913 βίῳ
1056 1844 1191 1915 (48)·
1245 1847 1372 1903 ὃταν
1424 1850 1481 1904 δὲ
1525 1852 1625 1923 τὴν
1676 1856 1777 1926 τῆς

1885 660 2047 733 gnius
2096 673 2219 713 esse
2253 670 2319 712 eo
2368 655 2513 726 quod
2566 659 2622 708 tn
2682 653 2900 707 occulto
2964 651 3117 717 iatet,
3161 658 3222 705 ut
3271 651 3459 721 proin-

1888 752 1956 806 de
2024 750 2300 805 canticum
2377 761 2472 817 per
2515 745 2663 799 illam
2722 744 3050 799 sententiam
3096 741 3457 815 signiﬁcetur.

1884 839 2195 895 Psalmodia
2246 848 2425 893 autem
2449 851 2570 908 qua:
2609 836 2728 891 solo
2751 836 2946 907 Spiritu
2975 836 3255 907 perﬁcitur
3281 837 3461 892 excel-

1883 932 2085 987 lentem
2124 938 2441 987 sanctorum
2496 936 2699 984 statum
2732 928 3092 993 demonstrat,
3154 928 3301 999 quod
3349 927 3461 984 sci-

1882 1023 2010 1079 licet
2080 1022 2135 1077 id
2205 1021 2351 1093 quod
2408 1019 2522 1076 Deo
2586 1019 2852 1083 uﬁ'ertur,
2916 1020 3112 1075 melius
3175 1020 3247 1075 sit
3312 1020 3461 1075 omni

1882 1113 2155 1184 illo,quod
2178 1128 2323 1168 nunc
2340 1112 2393 1167 in
2420 1110 2585 1168 rebus
2601 1111 3023 1182 aspectabilibus
3048 1112 3324 1167 eluceseit.
3341 1110 3461 1166 Non

1880 1205 2026 1260 enim
2062 1205 2117 1259 in
2150 1205 2379 1259 canticis
2415 1203 2736 1273 quibusdam
2778 1210 2862 1257 est
2897 1202 3165 1272 psalmus.
3208 1218 3328 1273 qua:
3365 1217 3462 1273 per

1880 1296 2046 1352 verba
2084 1310 2267 1351 rerum
2308 1294 2674 1364 subjectarum
2715 1294 2821 1347 vim
2860 1293 3179 1363 explanant,
3216 1295 3311 1350 sed
3351 1314 3368 1346 ι
3406 1296 3461 1363 in

1881 1387 2120 1459 hymnis,
2144 1407 2161 1439 ι
2195 1388 2390 1457 inquit,
2427 1405 2445 1437 ι
2474 1386 2735 1457 psalmus.
2757 1404 2775 1435 ι
2809 1383 2925 1440 Hoc
2950 1401 3095 1445 vero.
3129 1393 3186 1439 ut
3215 1401 3315 1458 ego
3339 1388 3462 1456 qui-

1879 1478 2001 1534 dem
2033 1480 2288 1543 arbitrur,
2318 1480 2475 1534 docet
2510 1493 2629 1542 nos,
2670 1478 2799 1548 quid
2834 1477 3016 1547 hymni
3047 1477 3267 1533 nomine
3297 1478 3460 1533 intel-

1880 1572 2152 1642 ligendum
2179 1573 2268 1628 sit.
2298 1571 2570 1627 Discimus
2594 1571 2760 1635 enim,
2785 1570 3071 1626 sublimem
3100 1569 3245 1624 illam
3271 1570 3460 1633 vitam,

1877 1669 1931 1716 et
1969 1677 2091 1731 qua:
2127 1678 2349 1718 sursum
2382 1669 2513 1716 sunt
2539 1676 2762 1731 sapere,
2799 1668 3158 1732 nostrbnique
3192 1676 3459 1732 organum

1877 1770 1943 1809 ex
1974 1756 2290 1811 caelestibus
2316 1764 2370 1811 et
2395 1756 2649 1825 supernis
2682 1754 3103 1825 cogitationibus
3133 1769 3460 1823 suspensum

1880 1846 2102 1911 habere,
2128 1847 2390 1918 hymnum
2420 1846 2513 1902 Dei
2536 1861 2686 1913 esse;
2712 1847 2874 1899 vitam
2910 1843 3180 1912 videlicet,
3206 1860 3315 1899 non
3342 1859 3464 1900 ver-

202 1940 229 2018 :
270 1924 541 2018 συνέσεως
579 1946 597 1978 ι
649 1930 832 2003 φωνὴν
872 1935 1174 2004 συγγράφοι
1210 1940 1321 2001 τοῖς
1370 1940 1591 2012 ὕμνοις,
1636 1924 1777 2018 συμ-

1882 1938 2074 1993 borum
2097 1938 2333 1994 emcacia
2356 1948 2409 1993 et
2444 1936 2753 2008 splendore,
2790 1936 2884 1991 sed
2918 1950 2984 1993 eo
3006 1937 3152 2006 quod
3184 1935 3271 1991 bis
3306 1937 3464 2007 longe

195 2012 420 2111 δουλίαν
485 2020 606 2075 τινὰ
670 2022 819 2076 δοκεῖ
884 2042 976 2095 μοι
1040 2029 1310 2084 ποιεῖσθαι
1367 2034 1395 2087 ὁ
1463 2034 1643 2106 λόγος,
1702 2012 1777 2111 μὴ

193 2106 481 2199 ἀσυνέτως
529 2111 671 2182 ἔχειν
714 2115 825 2168 τῶν
861 2119 942 2181 εἰς
987 2118 1293 2191 δοξολογίαν
1325 2123 1403 2196 τῷ
1431 2126 1550 2199 Θεῷ
1590 2106 1779 2185 ἀνατιξ

194 2193 444 2291 θεμένων
466 2199 727 2269 ῥημάτων
747 2219 761 2235 ·
791 2206 1001 2277 μήποτε
1028 2209 1282 2282 λάθοιμεν
1306 2193 1644 2291 ἀνεξετάστῳ
1685 2224 1780 2276 καὶ

191 2287 593 2389 ἁσυνέτῳιμ9)
644 2297 750 2389 τινὶ
787 2298 929 2389 όρμῇ
988 2303 1054 2355 τά
1106 2304 1181 2376 μὴ
1227 2307 1506 2377 πρέποντα
1549 2287 1626 2383 τῇ⁷
1660 2314 1781 2389 θείᾳ

194 2376 584 2450 μεγαλειότητι
642 2383 987 2452 ἀνατιθέντες
1035 2392 1314 2461 νοήματα·
1378 2393 1487 2450 οἷόν
1549 2376 1666 2454 ἐστι

190 2466 407 2522 οἴεσθαι
446 2474 557 2536 τοῖς
597 2476 737 2529 κατὰ
768 2476 900 2531 Θεὸν
933 2478 1097 2543 ζῶσιν
1129 2486 1191 2537 ὲν
1220 2489 1286 2558 τῇ
1316 2488 1413 2541 τοῦ
1445 2490 1561 2560 βίου
1587 2495 1778 2550 τούτου

188 2560 464 2657 εὐκληρίᾳ
504 2567 834 2657 προκεῖσθαι
862 2571 958 2635 τάς
1004 2575 1258 2645 ἀμοιϐάς,
1312 2581 1496 2635 καὶτὸ
1540 2587 1778 2657 νομίζειν

190 2650 398 2748 έκεῖνο,
432 2655 529 2748 και
556 2658 707 2748 παρὰ
734 2658 811 2729 τῷ
842 2660 958 2730 Θεῷ
984 2664 1145 2719 καλὸν
1180 2666 1461 2738 κρίνεσθαι
1496 2650 1777 2748 (Μὴ-,ὅπερ

186 2738 362 2837 ἆνῇτῇ
415 2744 660 2837 αἰσθησει
706 2748 811 2803 τῶν
857 2752 1159 2826 ἀνθρώπων
1197 2761 1436 2817 τοιοῦτον
1483 2738 1641 2837 δόξῄ·
1684 2738 1777 2821 καὶ

190 2830 372 2887 πολλά
427 2834 649 2893 τοιαῦτα
694 2839 917 2895 δυνατόν
961 2846 1107 2900 ἐστιν
1167 2850 1454 2922 εὑρεθῆναι
1503 2830 1773 2925 νοήματα,

185 2925 322 2986 ταῖς
359 2926 490 2996 περὶ
521 2928 654 2982 Θεοῦ
689 2931 991 3005 ὕπολήψεσι
1019 2940 1170 3009 παρὰ
1206 2941 1312 2995 τῶν
1340 2944 1614 3000 ἀσυνέτων
1644 2949 1778 3004 ἀνσεο

185 3010 460 3082 τιθέμενα
503 3015 639 3089 (51).
693 3021 786 3073 Σο)⁵
831 3023 889 3076 δὲ
941 3027 1098 3098 χρεία
1146 3030 1414 3097 συνέσεως
1454 3034 1549 3087 τοῦ
1597 3037 1780 3091 ἐκεῖνα

185 3104 334 3199 περι
365 3106 529 3161 αὑτοῦ
586 3110 882 3179 γινώσκειν,
912 3116 1012 3169 ὅσα
1194 3121 1389 3192 μῶμον
1411 3124 1565 3195 φέρει
1618 3144 1782 3199 προσ-

184 3197 506 3267 φερόμενα.
557 3201 630 3255 Τὸ
683 3204 782 3274 μὲν
829 3206 939 3279 γάρ
990 3208 1163 3275 οὕτως
1232 3214 1379 3286 αὐτῷ
1429 3197 1809 3288 πρέπονήείς-

1882 2035 2227 2102 ιιι-ωειειιιίιιε
2260 2043 2364 2099 est,
2398 2034 2688 2089 illustrem.
2725 2032 2955 2100 Quando
2983 2044 3162 2089 autem
3208 2052 3226 2085 ι
3251 2034 3463 2091 intelle-

1878 2135 2004 2182 ctus
2027 2145 2047 2178 ι
2072 2141 2176 2181 vox
2203 2126 2498 2182 ascribitur
2515 2124 3060 2197 hymnis,consilium
3081 2125 3197 2181 dari
3227 2125 3459 2188 videtur,

1881 2232 1950 2271 ne
1980 2217 2143 2273 rudes
2177 2224 2231 2273 et
2268 2217 2503 2287 imperiti
2543 2217 2716 2272 simus
2750 2217 2967 2271 illorum
3003 2217 3315 2281 verborum,
3343 2231 3464 2286 qua:

1880 2307 1949 2361 ad
1989 2308 2082 2362 Dei
2115 2307 2343 2377 gloriam
2390 2306 2787 2361 decantandam
2833 2306 3071 2371 faciunt,
3107 2322 3175 2361 ne
3216 2305 3464 2362 fortassis

1881 2397 2183 2468 improviso
2218 2398 2420 2468 impetu
2459 2413 2523 2452 ea
2562 2412 2683 2468 qua:
2718 2397 2959 2454 divinam
3006 2398 3461 2468 magniﬁcentiam

1880 2490 2106 2543 minime
2129 2488 2344 2554 decent,
2379 2488 2446 2544 de
2473 2487 2563 2541 illa
2586 2487 2964 2558 concipiamus
2985 2506 2997 2541 :
3020 2486 3330 2557 cujusmodi
3357 2493 3461 2550 est,

1879 2581 2195 2638 existimare
2225 2581 2293 2637 iis
2329 2580 2421 2651 qui
2458 2580 2760 2638 secundum
2784 2580 2953 2636 Deum
2988 2580 3201 2646 vivunt,
3220 2579 3273 2635 in
3298 2579 3463 2650 hujus

1880 2674 2003 2728 vita:
2038 2673 2293 2729 felicitate
2327 2674 2595 2744 repositas
2625 2690 2748 2730 esse
2779 2672 3195 2740 retributiones;
3228 2680 3285 2728 ut
3311 2684 3365 2728 et
3400 2673 3464 2726 il-

1876 2765 2001 2831 lud,
2035 2766 2309 2829 arbitrari,
2354 2764 2445 2823 Dei
2482 2765 2711 2834 judicio,
2748 2765 2953 2820 bonum
2980 2776 3033 2819 et
3069 2773 3279 2820 rectum
3308 2778 3460 2826 esse.

1878 2856 2024 2926 quod
2067 2856 2324 2915 humanis
2371 2857 2627 2913 sensibus
2674 2855 2989 2926 hujusmodi
3034 2872 3159 2911 esse
3200 2862 3462 2925 apparet;

1880 2948 2204 3017 multasque.
2230 2948 2393 3018 hujus
2434 2948 2650 3018 generis
2682 2948 2918 3016 reperire
2951 2948 3075 3002 licet
3108 2948 3175 3002 de
3205 2946 3317 3002 Deo
3350 2946 3467 3012 apio

1879 3040 2072 3096 niones
2110 3040 2179 3093 ab
2219 3039 2603 3109 insipientibus
2642 3048 2907 3108 receptas.
2951 3037 3291 3107 Quapropter
3324 3052 3463 3106 opus

1880 3139 1965 3187 est
1992 3141 2047 3187 et
2077 3132 2170 3187 tibi
2196 3133 2575 3202 intelligentia,
2601 3140 2659 3186 ut
2687 3134 2756 3197 de
2788 3132 2880 3185 illo
2908 3146 2971 3185 ea
2996 3146 3317 3200 cognoscas.
3342 3145 3464 3199 quae

1882 3222 1927 3276 si
1964 3222 2013 3277 ei
2044 3222 2435 3287 attribuantur,
2466 3223 2673 3276 nullam
2711 3221 3186 3291 reprehensionem
3215 3220 3461 3276 aﬁ'erent.

180 3288 444 3384 ἔπαινον,
496 3296 741 3366 κρεῖττόν
785 3299 953 3359 ἐστιν.
996 3301 1030 3373 ἢ
1070 3301 1211 3358 ὥστε
1268 3305 1375 3360 ὑπὸ
1430 3308 1777 3382 ἀνθρωπίνης

1886 3313 2018 3368 Nam
2046 3313 2098 3368 id
2119 3313 2264 3384 quod
2292 3329 2420 3370 vere
2450 3315 2514 3368 ad
2547 3288 2965 3384 laudem’ipsius
2995 3312 3142 3377 facit,
3175 3314 3353 3383 majus
3380 3322 3467 3368 est

182 3380 419 3448 φύσεως
446 3384 732 3457 εὑρεθῆναι
750 3403 765 3419 ⁸
791 3392 925 3461 ἡμῖν
954 3392 1012 3445 δὲ
1046 3396 1295 3449 τοσοῦτον
1321 3380 1623 3472 ἀγαπητὸν,
1658 3380 1778 3459 οὐδὲ

178 3472 247 3525 τὸ
266 3473 395 3567 δέον
416 3479 544 3549 περὶ
563 3479 730 3532 αὑτοῦ
755 3482 1042 3550 γινώσκειν
1060 3485 1173 3557 (52)
1201 3490 1403 3561 εὑρεῖν,
1421 3492 1556 3547 ἀλλά
1577 3494 1638 3547 τὸ
1665 3495 1776 3567 (55)

181 3566 397 3661 μηδενί
449 3570 556 3623 τῶν
603 3571 1057 3644 ἀπεμφαινόντων
1100 3581 1668 3659 συνενεχθῆναιιὸπερ
1710 3588 1777 3661 δὴ

177 3657 285 3712 ἐπὶ
344 3659 447 3730 τῆς
508 3663 768 3728 αἰνέσεως
825 3666 921 3721 τοῦ
973 3670 1136 3723 Δαυῒδ
1189 3675 1523 3745 ὲνοὴσαμεν,
1582 3657 1658 3742 ὠς
1699 3657 1779 3751 τῶ

176 3751 430 3822 τοιούτῳ
468 3754 617 3825 μόνῳ
650 3759 967 3830 πρεπούσης
992 3762 1094 3833 τῆς
1136 3763 1286 3829 Θείας
1328 3767 1604 3833 αἰνέσεως.
1638 3771 1779 3825 Tab-

177 3840 281 3894 τόν
316 3859 413 3913 μοι
438 3843 585 3897 δοκεῖ
614 3848 707 3901 καὶ
733 3849 860 3921 περὶ
888 3854 988 3920 τῆς
1023 3871 1043 3903 ε
1077 3857 1382 3927 προσευχῆς
1419 3878 1437 3909 ι
1469 3859 1780 3928 γινώσκειν,

173 3933 326 3987 ὅταν
363 3933 705 4008 ἀκούσωμεν,
741 3958 760 3991 ‹
798 3942 1080 4016 Προσευχὴ
1113 3945 1205 3998 τοῦ
1244 3948 1425 4013 Δαυῒδ,
1463 3970 1483 4005 ι
1516 3951 1593 4015 ὡς
1630 3954 1779 4018 δέον,

1884 3406 2303 3467 οινσὺειτυείυε,
2339 3420 2500 3475 quam
2541 3414 2599 3460 ut
2630 3406 2701 3471 ab
2728 3407 2961 3460 humana
2998 3413 3192 3459 natura
3226 3404 3461 3460 inveniri

1885 3500 2066 3563 queat.
2103 3493 2171 3547 At
2200 3492 2428 3549 nobisid
2459 3493 2603 3563 quod
2638 3493 2772 3548 adeo
2787 3493 3018 3548 amabile
3040 3504 3092 3547 et
3108 3492 3468 3550 desiderabile

1885 3591 1996 3650 est,
2010 3599 2079 3639 ne
2099 3599 2430 3654 cognoscere
2458 3584 2676 3655 quidem
2708 3583 2791 3639 fas
2822 3592 3203 3654 est,quantum
3232 3593 3465 3654 oportet,

1886 3676 2086 3748 quippe
2114 3690 2253 3747 quos
2300 3689 2526 3731 necesse
2577 3676 2648 3730 sit
2704 3675 2857 3745 sequi
2890 3690 2952 3729 ea
2976 3690 3096 3745 quae
3124 3675 3278 3729 nullo
3304 3676 3467 3729 modo

1887 3780 2018 3825 sunt
2045 3767 2266 3823 similia.
2305 3765 2461 3834 Quod
2509 3781 2606 3836 per
2636 3765 3002 3820 laudationem
3052 3764 3218 3819 David
3265 3764 3468 3820 intelli-

1886 3861 2118 3931 gendum
2162 3858 2430 3923 diximus,
2469 3858 2691 3913 scilicet
2714 3856 2844 3912 huic
2888 3856 2987 3912 soli
3019 3863 3359 3926 competere,
3409 3864 3469 3911 ut

1888 3952 1981 4009 Dei
2005 3952 2191 4008 laudes
2214 3960 2394 4007 canat.
2426 3950 2573 4006 Idem
2602 3965 2699 4020 per
2734 3968 2753 4001 ‹
2774 3950 3073 4004 orationem
3101 3970 3120 4002 ι
3162 3949 3466 4021 intelligen—

1886 4045 2015 4100 dam
2034 4043 2242 4113 judico,
2263 4044 2482 4115 quando
2507 4042 2781 4107 audimus,
2814 4060 2832 4093 ι
2854 4040 3043 4095 Oratio
3068 4040 3232 4096 David
3251 4084 3265 4107 ,
3288 4059 3307 4092 ι
3341 4058 3469 4112 qua-

1888 4139 1933 4192 si
1965 4152 2190 4193 necesse
2215 4137 2304 4203 sit,
2340 4138 2502 4190 vitam
2532 4146 2773 4191 nostram
2799 4135 2864 4190 ad
2893 4134 3041 4191 illius
3065 4135 3189 4190 vita:
3219 4149 3466 4191 normam

1889 4229 2193 4291 instituere,
2226 4233 2287 4283 ut
2313 4228 2405 4299 jus
2431 4227 2818 4284 et-libertatem
2854 4226 3047 4283 orandi
3078 4226 3250 4283 Deum
3282 4227 3470 4298 acqui-

176 4025 283 4077 καὶ
326 4025 427 4079 τὸν
462 4028 730 4101 ἡμέτερον
760 4031 873 4102 βίον
916 4035 1185 4091 κατάιτὸν
1217 4041 1423 4094 ἐκείνου
1462 4044 1782 4108 σπουδάζειν

170 4113 364 4184 εἶναι,
398 4120 483 4174 ἵνα
513 4122 606 4176 τοῦ
645 4127 1040 4198 προσεύχεσθαι
1084 4132 1181 4203 τὴν
1215 4135 1524 4209 παρρησίαν
1570 4139 1782 4210 κτησώ-

175 4212 367 4267 μεθα.
392 4213 550 4268 Οὕτω
578 4217 670 4270 καὶ
704 4219 817 4291 (51)
849 4222 909 4275 τὸ
946 4224 1079 4295 (55),
1115 4244 1134 4277 t
1162 4227 1455 4301 Προσευχὴο
1478 4229 1556 4301 τῷ
1585 4234 1783 4304 πτωχῷ

166 4304 323 4397 ὅταν
340 4304 647 4397 ἀκηδιάσῃ,
670 4312 763 4363 καὶ
791 4313 1033 4369 ἐναντίον
1055 4318 1258 4389 Κυρίου
1285 4319 1448 4393 ἐκχέῃ
1477 4323 1573 4394 τὴν
1602 4325 1780 4397 δέησιν

1889 4337 2095 4377 ramus.
2126 4318 2270 4376 Idem
2316 4318 2658 4375 sentiendum
2706 4326 2791 4374 est
2834 4319 2901 4374 de
2940 4318 3030 4373 illa
3070 4318 3467 4387 inscriptione:

165 4395 389 4451 αὐτοῦ.
406 4417 424 4448 ι
449 4398 622 4471 Πολλὴ
639 4401 749 4472 (56)
768 4404 876 4475 γάρ
892 4407 1020 4477 ἡμῖν
1037 4409 1194 4479 χρεία
1222 4412 1320 4480 τῆς
1345 4416 1485 4467 κατά
1500 4414 1631 4468 Θεὸν
1656 4395 1780 4471 ἀνα-

1896 4429 1912 4461 ι
1936 4409 2124 4465 Oratio
2159 4410 2433 4480 pauperis,
2455 4423 2574 4464 eum
2617 4407 2814 4463 anxius
2845 4406 3027 4466 fuerit.
3058 4414 3112 4461 et
3145 4421 3330 4461 coram
3364 4405 3471 4458 Do-

163 4486 435 4581 σᾲσεως,
464 4489 549 4581 ἵνα
578 4492 877 4566 νοήσωμεν,
896 4498 1056 4553 τίνων
1084 4502 1435 4574 πτωχεύομεν
1453 4523 1466 4537 ·
1490 4506 1559 4560 οὐ
1585 4508 1692 4581 γάρ
1718 4509 1780 4565 ἂν

1892 4497 2038 4553 mino
2069 4496 2318 4553 eﬁ‘udcrit
2350 4512 2565 4569 precem
2598 4511 2774 4553 suam.
2796 4514 2815 4548 ι
2835 4494 2986 4566 Opus
3013 4497 3157 4551 enim
3191 4495 3351 4551 nobis
3386 4504 3471 4550 est

164 4579 261 4678 si;
305 4578 613 4678 ἐπιθυμίαν
646 4583 892 4678 ἔλθοιμεν
920 4590 1030 4644 τῶν
1057 4591 1324 4665 ἀληθινῶν
1353 4596 1594 4667 ἀγαθῶν,
1627 4578 1674 4655 εί
1706 4605 1780 4678 μὴ

1891 4604 2088 4662 magno
2127 4590 2194 4645 ad
2212 4590 2395 4645 "Deum
2431 4606 2682 4653 ascensu,
2706 4596 2766 4644 ut
2804 4588 2990 4643 videre
3018 4588 3314 4658 posslmus,
3345 4586 3470 4656 qui-

156 4669 283 4740 τὴν
344 4670 411 4723 ὲν
440 4672 700 4741 τοιούτοις
734 4677 844 4750 (57)
890 4681 1097 4737 ἑαυτῶν
1126 4688 1396 4757 πτωχείαν
1438 4659 1780 4765 κατανοήσωΣ

1891 4681 1993 4736 bus
2012 4698 2299 4754 egeamus;
2325 4697 2432 4736 non
2456 4682 2599 4735 enim
2616 4680 2890 4737 desiderio
2913 4694 3165 4735 verorum
3198 4678 3467 4733 bonorum

162 4780 313 4836 μεν.
373 4762 513 4859 Ἀλλ’
540 4765 780 4839 ἔμψυχός
806 4788 891 4836 τις
929 4774 1174 4847 γένηται,
1216 4781 1309 4833 καὶ
1338 4781 1641 4849 ἐνδιάθετος
1664 4762 1780 4859 -τῆς

1891 4772 2210 4834 aﬁicicmnr.
2230 4772 2337 4828 nisi
2371 4781 2609 4827 nostram
2646 4772 2699 4826 in
2728 4772 2816 4827 his
2836 4772 3119 4839 penuriam
3145 4771 3312 4840 probe
3344 4784 3469 4840 per-

157 4855 513 4949 προσευχῆς
538 4859 571 4949 όν
591 4859 760 4927 τόνος,
794 4862 919 4917 ὅταν
953 4866 1170 4939 γνῶμεν
1201 4870 1362 4924 τίνων
1407 4855 1780 4949 πτωχεύομεν,

1892 4872 2132 4936 spcctam
2165 4865 2485 4918 habeamus.
2517 4862 2601 4917 Fit
2629 4873 2807 4919 autem
2840 4865 3018 4919 oratio
3047 4863 3250 4925 vivida.
3285 4864 3470 4918 valde-

156 4948 278 5001 καὶ
339 4946 486 5019 πρὸς
525 4948 624 5021 τὴν
660 4951 928 5025 ἀναϐολὴν
964 4957 1072 5011 τῶν
1099 4959 1445 5033 ποθουμένων
1474 4946 1780 5039 ἀκηδιάσωὲ

1889 4971 1996 5026 que
2041 4954 2341 5010 intenditur
2367 4965 2421 5010 et
2466 4954 2853 5018 inﬂammatur,
2891 4970 3013 5009 cum
3047 4955 3467 5025 cognoscimus,

156 5058 285 5110 μεν
315 5056 334 5069 ⁶
381 5041 480 5094 καὶ
521 5043 693 5109 οὕτως
745 5047 985 5118 ἐκχεῖται
1030 5051 1063 5121 ἡ
1109 5052 1290 5124 δέησις
1332 5056 1489 5127 ἡμῶν
1534 5060 1622 5115 διά
1678 5064 1780 5119 τῶν

1884 5060 2118 5117 quorum
2166 5045 2333 5116 indigi
2381 5062 2608 5112 sumus;
2653 5044 3049 5116 aﬁligimurque
3088 5056 3141 5101 et
3180 5046 3465 5112 angimur.

153 5133 499 5205 ὀφθαλμῶν
527 5136 649 5190 ἀντὶ
678 5140 939 5211 ῥημάτιον
970 5144 1228 5217 χρωμένη
1257 5151 1369 5214 τοῖς
1398 5150 1675 5225 δάκρυσιν.

1883 5151 2007 5190 cum
2041 5149 2104 5190 ea
2137 5149 2258 5205 quze
2298 5136 2553 5205 petimus,
2582 5135 2920 5191 dill'cruntur.
2968 5136 3033 5191 Et
3061 5138 3142 5193 sic
3176 5137 3467 5193 eﬂ'unditur

1886 5227 2432 5297 deprecationostra,
2469 5228 2726 5283 adhibitis
2754 5228 2935 5298 potius
2975 5231 3258 5287 oculorum
3289 5230 3465 5298 lacry-

1888 5319 2011 5385 mis,
2041 5332 2203 5388 quam
2234 5318 2438 5373 verbis.

415 5504 775 5577 Σημαίνηται,
808 5523 895 5565 eu.

240 5574 391 5658 (f2)
416 5574 830 5658 Quidam-codd.
864 5582 1268 5658 ὑπερκοσμίων.

235 5644 393 5718 (48)
429 5644 571 5718 Bias,
607 5649 697 5705 ed.

270 5716 396 5791 id?)
427 5714 555 5791 lia}
569 5718 814 5791 ἀσυνέτῳ

1970 5524 2078 5593 (52)
2103 5523 2386 5590 Γινώσκει,
2415 5523 2503 5579 ed.

1965 5594 2077 5665 (εδ)
2117 5594 2230 5665 τῷ.
2265 5596 2352 5665 «τι-ις

1965 5663 2077 5735 (54)
2112 5663 2242 5735 Περὶ
2268 5663 2365 5718 τοῦ
2401 5663 2528 5735 add.
2560 5663 2648 5735 ed.

507 5728 556 5806 θ,
569 5728 814 5806 ᾁῗυνέτξθξ
839 5737 947 5806 ⁰¹¹ἷ’
976 5728 1062 5806 9d;
1964 5728 2078 5806 (δεῖ)
2105 5728 2319 5806 Ῐῐδζοιιι.
2345 5735 2434 5806 θός.
2469 5734 2550 5806 Τῇ
2582 5734 2787 5804 aliquot
2818 5730 2944 5787 cod.

268 5786 394 5875 ἕρ)
419 5785 647 5875 Q‘uidam
668 5785 836 5875 codd.
868 5793 1136 5875 γίνεσθαι.

1963 5785 2078 5875 (56)
2103 5785 2328 5875 sane;
2350 5785 2449 5861 ὶῖἱο

235 5804 394 5874 (ἓν)
419 5804 647 5875 (luteam
676 5804 836 5873 codd.
868 5804 1136 5860 γίνεσθαι.
1986 5804 2055 5857 56
2103 5804 2328 5875 Πολλῆς,
2362 5805 2449 5861 ed.

228 5857 396 5930 (oi)
445 5859 843 5933 Αποοεχόμενα,
867 5865 956 5920 ed.
1963 5804 2080 5945 (57)
2111 5873 2354 5940 Τούτοις,
2376 5877 2465 5930 ed.
