3982 6478
1787 421 1846 474 S.
1889 415 2218 474 GREGORII
2245 413 2543 471 NYSSENI

3657 403 3765 458 600

581 549 659 600 Ita
683 539 1127 614 interpretaberis
1149 546 1203 593 et
1231 534 1365 591 illud
1385 551 1446 589 ει
1463 532 1652 590 Oratio
1682 529 1852 601 Moysi
1879 527 2086 582 homini

2261 525 2418 580 Οὕτω
2463 525 2676 594 νοήσεις
2720 522 2812 576 καί
2867 522 2947 584 τδ,
3015 540 3032 571 ι
3093 519 3374 591 Προσευχὴ
3417 518 3496 588 τῷ
3541 517 3767 572 Murtias!

506 636 607 693 Dei
623 673 639 700 ,
665 655 688 692 ι
709 634 865 706 quasi
897 647 1005 686 non
1029 631 1190 685 liceat
1210 628 1366 683 aliter
1385 641 1481 697 per
1507 625 1807 680 orationem
1829 621 1898 675 ad
1919 619 2088 674 Deum

507 727 791 791 aco-edere,
815 723 921 779 uisi
945 725 1070 793 quis
1105 720 1171 775 ab
1201 719 1306 775 hoc
1338 715 1543 772 mundo
1569 729 1692 771 sese
1716 726 1974 775 avocans,
2001 724 2093 766 so-

512 821 621 877 lius
648 817 740 875 Dei
781 817 946 873 homo
974 811 1261 871 emciatur.

1120 1027 1345 1084 CAPUT
1384 1026 1471 1081 IV.

585 1239 971 1310 Atinseriptio,
998 1237 1132 1293 «Pro
1162 1237 1246 1293 his
1271 1237 1366 1308 qui
1397 1236 1933 1300 eommutabuntur,»
1953 1233 2096 1286 hunc

514 1331 649 1390 mihi
677 1333 892 1389 videtur
926 1330 1128 1386 habere
1157 1343 1402 1392 sensum.
1436 1327 1608 1384 solam
1637 1325 1879 1381 divinam
1931 1332 2097 1378 natu-

520 1440 638 1480 ram
665 1423 844 1479 omnis
870 1420 1249 1480 conversionis
1275 1429 1330 1476 et
1356 1419 1676 1475 mutationis
1703 1425 1980 1489 expertem
2009 1431 2098 1472 es-

518 1535 611 1586 se;
641 1533 746 1572 non
773 1517 920 1572 enim
941 1521 1026 1572 est
1052 1515 1118 1571 ad
1143 1513 1288 1586 quod
1318 1513 1620 1569 mutatione
1648 1521 1856 1576 utatur,
1888 1525 2012 1566 cum
2041 1511 2097 1566 in

518 1610 834 1666 universum
857 1623 966 1662 non
993 1607 1065 1664 sit
1092 1622 1264 1677 capax
1288 1606 1452 1673 mali;
1475 1604 1543 1660 ad
1567 1603 1621 1659 id
1651 1618 1783 1659 vero
1809 1602 1953 1674 quod
1983 1618 2098 1657 me-

519 1699 626 1756 lius
659 1707 763 1766 est,
795 1699 1153 1754 transmutari
1187 1705 1455 1768 nequeat;
1493 1711 1619 1750 nam
1649 1695 1856 1750 nullum
1895 1694 2098 1749 bonum

518 1800 622 1854 est,
655 1797 876 1860 propter
903 1787 1051 1860 quod
1084 1788 1137 1841 in
1165 1801 1283 1843 eam
1322 1785 1557 1842 mutatio
1581 1785 1777 1841 cadat:
1809 1799 1920 1840 non
1953 1781 2100 1838 enim

2192 615 2465 687 ἀνθρώπῳ
2491 612 2585 665 τοῦ
2615 611 2768 668 Θεοῦ,
2834 629 2853 662 ι
2903 610 2978 672 ὼς
3004 609 3104 662 οὐκ
3148 609 3266 662 ἐνὸν
3313 609 3484 671 ἄλλως
3533 605 3766 678 προσελ-

2194 707 2307 780 θεῖν
2335 707 2424 760 διά
2466 704 2771 776 προσευχῆς
2815 701 2892 769 τῷ
2921 699 3060 771 Θεῷ,
3091 702 3141 753 εἰ
3187 701 3261 770 μή
3315 716 3397 761 τις
3439 700 3532 751 τοῦ
3559 699 3769 768 κόσμου

2193 795 2384 849 τούτου
2415 792 2680 856 ἀποστὰς,
2709 790 2842 844 Θεοῦ
2882 789 3043 859 μόνου
3075 787 3283 857 γένοιτο
3310 787 3612 858 ἄνθρωπος.
3727 824 3744 846 ,

2729 1008 3124 1062 ΚΕΦΔΛΛΙΟΝ
3163 1009 3236 1060 Δ¹.

2279 1228 2340 1282 Ἦ
2381 1227 2438 1281 δὲ
2469 1245 2488 1278 ι
2511 1224 2682 1296 Ὑπὲρ
2733 1223 2839 1277 τῶν
2871 1219 3381 1292 ἀλλοιωοησομένων
3415 1237 3434 1270 ι
3487 1219 3774 1292 ἐπιγραφὴ

2195 1320 2384 1375 τοῦτον
2427 1335 2518 1390 μοι
2560 1317 2707 1371 δοκεῖ
2733 1302 2824 1368 τὸν
2855 1313 2983 1381 νοῦν
3014 1313 3176 1383 ἔχειν,
3203 1313 3285 1365 ὅτι
3328 1309 3462 1381 μόνη
3503 1311 3777 1382 κρείττων

2198 1413 2316 1467 ἐστὶ
2345 1411 2552 1481 τροπῆς
2586 1426 2649 1462 τε
2678 1408 2773 1462 καὶ
2801 1403 3137 1466 ἀλλοιώσεως
3165 1401 3337 1472 ήθεία
3354 1400 3509 1470 φύσις
3531 1416 3544 1430 '
3573 1401 3632 1454 ού
3661 1401 3786 1473 γὰρ,

2198 1502 2310 1571 ἔχει
2341 1499 2478 1571 πρὸς
2504 1499 2533 1552 ὅ
2556 1517 2612 1551 τι
2653 1498 2914 1568 χρήσεται
2943 1493 3078 1561 (57‘)
3104 1493 3171 1563 τῇ
3197 1491 3390 1562 τροπῇ,
3421 1489 3513 1544 τοῦ
3539 1491 3635 1561 μὲν
3670 1507 3774 1544 κα-

2199 1591 2297 1646 κοῦ
2346 1589 2694 1651 ἀνεπίδεκτος
2745 1581 2878 1639 οὖσα
2922 1581 3150 1651 καθόλου
3214 1579 3325 1651 (58)
3348 1597 3364 1611 ’
3418 1580 3553 1653 πρὸς
3599 1580 3656 1634 δὲ
3709 1578 3778 1632 τὸ

2199 1683 2446 1753 κρεῖττον
2471 1676 2748 1750 τραπῆναι
2778 1675 2854 1747 μὴ
2877 1672 3178 1746 δυναμένη·
3205 1673 3318 1726 οὐκ,
3350 1670 3466 1724 ἐστι
3491 1671 3597 1740 γὰρ
3631 1670 3771 1743 πρὸς

2200 1773 2229 1824 ὃ
2283 1789 2334 1824 τι
2362 1769 2571 1834 δέξεται
2610 1767 2746 1837 (58⁸)
2789 1765 2890 1836 τήν
2933 1763 3253 1817 ἀλλοίωσιν·
3279 1761 3342 1834 ού
3395 1761 3500 1832 γὰρ
3547 1761 3659 1832 ἔχει
3711 1763 3780 1814 τὸ

519 1852 792 1954 repel-itur
830 1852 998 1936 ullum
1037 1879 1240 1935 bonum
1261 1919 1277 1943 ,
1310 1879 1378 1934 ad
1410 1878 1556 1948 quod
1596 1885 1872 1940 transeat,
1903 1874 2104 1931 melius

2210 1863 2399 1932 ἑαυτῆς
2426 1862 2690 1931 κρεῖττον,
2735 1857 2872 1926 πρὸς
2898 1855 2935 1908 ὃ
2962 1853 3347 1930 μεταϐήσεται.
3397 1852 3588 1922 Ἡμεῖς
3614 1853 3672 1907 δὲ
3721 1855 3783 1906 οἱ,

521 1973 615 2029 illo
637 1969 782 2040 quod
804 1971 921 2041 ipsa
942 1967 1128 2024 habet.
1154 1967 1265 2024 Nos
1289 1983 1416 2023 vero
1440 1968 1688 2023 homines
1715 1967 1770 2022 in
1801 1965 2102 2021 mutatione

521 2065 577 2114 et
606 2057 929 2113 alteratione
949 2055 1135 2126 positi,
1159 2054 1463 2111 secundum
1491 2061 1786 2124 utrumque
1813 2067 1910 2123 per
1931 2050 2104 2106 facul-

522 2156 689 2204 tatem
715 2159 768 2203 et
791 2146 900 2202 vim
923 2145 1423 2200 transmutatricem
1453 2143 1755 2200 deteriores
1775 2152 1829 2198 et
1851 2143 2102 2198 meliores

522 2237 836 2309 reddimur',
872 2237 1197 2303 deteriores,
1219 2237 1441 2308 quando
1460 2252 1490 2290 a
1513 2237 1899 2292 communione
1933 2236 2103 2292 bono-

521 2346 645 2387 rum
665 2329 969 2385 excidimus
985 2347 1005 2397 ;
1019 2328 1274 2385 meliores
1293 2343 1534 2393 rursum,
1555 2327 1772 2398 quando
1791 2325 1857 2379 ad
1881 2325 1935 2380 id
1957 2325 2102 2395 quod

521 2421 722 2479 melius
765 2429 850 2477 est
885 2435 982 2491 per
1022 2421 1435 2475 conversionem
1465 2417 1731 2474 redimus.
1770 2416 1906 2471 Cum
1941 2418 2105 2486 igitur

521 2515 826 2571 mutatione
872 2511 927 2567 in
977 2512 1181 2566 malum
1229 2509 1604 2573 ineiderimus,
1651 2523 1790 2578 opus
1841 2508 2104 2562 habemus

520 2605 667 2662 bona
698 2602 1020 2667 mutatione,
1052 2610 1112 2656 ut
1143 2599 1265 2670 ejus
1287 2597 1548 2654 beneﬁcio
1569 2597 1637 2652 ad
1658 2596 1711 2651 id
1733 2596 1881 2667 quod
1909 2595 2106 2650 melius

521 2703 610 2752 est
649 2695 1048 2749 transferamur
1080 2710 1094 2746 :
1120 2691 1332 2761 hocque
1355 2688 1705 2744 manifestum
1741 2686 1799 2742 ﬁt
1822 2702 1888 2742 ex
1920 2686 2104 2741 verbis

524 2799 646 2854 qua!
673 2779 1076 2853 subiunguntur
1104 2781 1235 2846 illis,
1267 2798 1286 2830 ι
1304 2779 1411 2834 Pro
1441 2779 1527 2834 his
1555 2778 1650 2850 qui
1680 2778 2110 2838 commutahun-p

523 2885 636 2931 tur.
659 2894 681 2929 ι
707 2872 824 2930 Non
845 2876 993 2931 enim
1024 2874 1200 2930 solum
1227 2873 1401 2928 oratio
1425 2872 1584 2928 nobis
1607 2871 1823 2936 suadet,
1851 2870 2108 2926 mutatio-

526 2983 648 3022 nem
691 2966 1006 3047 necessario
1036 2963 1440 3036 suscipiendam
1482 2978 1624 3029 esse,
1673 2963 1769 3019 sed
1817 2971 1873 3017 et
1923 2961 2108 3030 aliquo

525 3058 690 3112 modo
723 3057 968 3122 instruit,
1006 3055 1284 3128 quomodo
1321 3063 1471 3110 recte
1509 3053 1636 3119 fiat,
1677 3054 1941 3124 exemplis
1981 3052 2105 3121 qui-

527 3148 756 3204 busdam
788 3150 1144 3203 mutationem
1171 3147 1317 3202 illam
1349 3146 1402 3200 in
1435 3145 1633 3202 melius
1663 3145 2064 3200 demonstrans.

600 3303 692 3358 Sic
715 3317 848 3360 vero
874 3303 1040 3356 verba
1065 3299 1437 3371 inscriptionis
1473 3299 1673 3355 habent
1710 3317 1724 3354 :
1771 3318 1790 3352 ι
1823 3299 1878 3354 In
1915 3299 2100 3365 linem,

528 3410 628 3464 pro
658 3394 729 3449 iis
769 3392 864 3464 qui
904 3392 1358 3453 immutahuntur.
1389 3391 1444 3446 in
1479 3392 1618 3445 tituli
1647 3393 1780 3460 (seu
1805 3390 2107 3458 columnae)

531 3485 908 3555 lnscriptioue,
930 3483 1114 3537 Davldi
1148 3484 1201 3536 in
1232 3481 1502 3544 doctrina,
1532 3495 1658 3535 cum
1687 3480 1970 3536 succendit
1994 3479 2108 3536 Me-

531 3574 888 3645 sopotamiam
901 3571 1092 3642 Syrim,
1110 3580 1164 3626 et
1181 3569 1392 3642 Syriam
1413 3569 1590 3635 Seba},
1607 3579 1662 3624 et
1677 3570 1940 3625 convertit
1952 3568 2109 3635 ὅσοι),

529 3671 586 3720 et
606 3661 881 3732 percussit
899 3660 1092 3715 vallem
1122 3660 1432 3716 Saliuarum
1460 3660 1747 3718 duodecim
1773 3659 1965 3717 millia.
1990 3676 2012 3714 ›
2031 3660 2107 3714 Ex

530 3753 694 3810 dictis
721 3753 866 3809 enim
899 3751 1252 3808 manifestum
1286 3760 1372 3809 est
1403 3751 1651 3807 oratione
1679 3751 1781 3807 hac
1807 3750 2116 3807 doctrinam

532 3854 588 3900 et
631 3843 924 3900 consilium
964 3842 1237 3914 quoddam
1267 3840 1676 3912 comprehendi,
1707 3857 1832 3896 cum
1865 3841 2069 3896 dicitur
2097 3859 2112 3894 :

2203 1954 2500 2025 ἄνθρωποι,
2533 1951 2590 2004 ὲν
2618 1949 2792 2018 τροπῇ
2820 1963 2879 1998 τε
2919 1945 3014 2016 καὶ
3045 1943 3327 1997 ἀλλοιώσει
3358 1944 3618 2016 κείμενοι,
3647 1946 3779 2005 κατῗ

2203 2042 2488 2112 ἀμφότερα
2510 2037 2596 2092 διὰ
2622 2038 2723 2107 τῆς
2750 2034 3104 2104 ἀλλοιωτικῆς
3132 2034 3433 2106 ἐνεργείας,
3465 2035 3498 2105 ἢ
3534 2035 3776 2109 χείρους,

2203 2111 2254 2204 ἦέ
2282 2131 2522 2203 βελτίους
2561 2127 2854 2198 γινόμεθαο
2905 2125 3117 2196 χείρους
3173 2124 3294 2196 μὲν,
3347 2125 3474 2179 ὅταν
3527 2125 3636 2196 (59)
3672 2111 3789 2196 τῆς

2207 2224 2496 2296 μετουσίας
2527 2222 2634 2276 τῶν
2676 2218 2894 2294 ἀγαθῶν
2942 2217 3333 2290 ἀπορρἑμενο
3368 2219 3626 2294 ἀμείνους
3656 2216 3794 2295 (60)Ἀ

2201 2318 2259 2370 δὲ
2292 2317 2474 2382 πάλιν,
2507 2316 2638 2370 ὅταν
2678 2313 2794 2384 (61)
2821 2309 2961 2383 πρὸς
3003 2309 3066 2362 τὸ
3105 2313 3352 2382 κρεῖττον
3402 2309 3779 2381 ἀλλοιούμενοι

2202 2408 2476 2480 τύχωμεν.
2533 2405 2685 2460 Ἐπεὶ
2716 2400 2809 2457 οὖν
2852 2400 2930 2473 τῷ
2960 2400 3114 2479 κακῷ
3152 2400 3240 2453 διὰ
3281 2402 3380 2470 τῆς
3405 2402 3611 2477 τροπῆς
3643 2417 3778 2453 συν-

2204 2499 2530 2570 ηνέχθημεν,
2575 2495 2734 2568 χρεία
2763 2493 2864 2564 τῆς
2896 2491 3112 2562 ἀγαθῆς
3153 2493 3285 2562 ήμίν
3313 2489 3665 2569 ἀλλοιώσεως,
3697 2489 3780 2554 ὡς

2205 2593 2270 2644 ἂν
2293 2590 2380 2644 διὰ
2407 2591 2608 2662 ταύτης
2633 2587 2840 2659 γένοιτο
2869 2585 2999 2654 ήμῖν
3023 2583 3056 2653 ὴ
3088 2577 3226 2653 ’πρὸς
3249 2582 3308 2634 τὸ
3333 2584 3577 2652 κρεῖττον
3615 2597 3784 2660 μετα-

2204 2681 2364 2752 ϐολήο.
2387 2681 2478 2735 καὶ
2503 2679 2660 2733 τοῦτο
2688 2677 2844 2748 δῆλόν
2872 2677 3020 2728 ἐστιν
3047 2674 3128 2752 te
3147 2673 3247 2744 τῆς
3277 2673 3638 2754 συμφράσεως
3667 2671 3784 2725 τῶν

2180 2788 2185 2794 ·
2209 2788 2226 2819 ι
2241 2770 2348 2832 τοῖς
2364 2763 2883 2847 ἀλλοιωθησομένοις
2900 2783 2919 2815 ι
2935 2766 3460 2847 συγγεγραμμένων·
3474 2761 3534 2812 ού
3548 2763 3652 2829 γὰρ
3679 2760 3786 2828 μό-

2203 2873 2292 2910 νον
2336 2856 2397 2908 τὸ
2443 2873 2459 2908 ι
2502 2856 2612 2908 δεῖν
2635 2846 3012 2923 ’ἀλλοιωθῆναι
3064 2848 3418 2921 συμϐουλεύει
3458 2865 3477 2900 ι
3529 2851 3557 2902 ὁ
3595 2848 3796 2932 λόγος,

2203 2945 2339 3000 ἀλλά
2367 2946 2462 2999 καὶ
2488 2944 2688 3016 τρόπον
2719 2943 2845 2997 τινὰ
2877 2941 3206 3004 ὑποτίθεται,
3237 2940 3384 3002 ὅπως
3414 2937 3482 2992 ἂν
3599 2939 3785 2993 τοιοῦ-

2202 3055 2294 3091 τον
2319 3035 2706 3107 κατορθωθείη,
2748 3036 2816 3089 δι’
2861 3031 3274 3108 ύποδειγμάτων
3317 3031 3478 3084 τινῶν
3505 3031 3605 3100 τὴν
3638 3032 3786 3103 πρὸς

2203 3129 2264 3182 τὸ
2294 3131 2535 3199 κρεῖττον
2569 3127 2868 3198 μεταδολὴν
2889 3124 3274 3198 προδεικνύων.

2282 3289 2432 3358 Ἔχει
2468 3286 2526 3340 δὲ
2563 3288 2596 3355 ἡ
2639 3285 2780 3351 λέξις
2812 3283 2915 3354 τῆς
2961 3279 3275 3353 ἐπιγραφῆς
3303 3277 3507 3338 οὕτως’
3548 3294 3573 3327 ι,
3602 3275 3697 3336 Εἰς
3719 3272 3792 3326 τὸ

2207 3380 2357 3443 τέλος
2392 3379 2531 3449 ὑπὲρ
2565 3376 2674 3429 τῶν
2711 3371 3219 3450 ἀλλοιῳθησομένων
3259 3371 3338 3432 εἰς
3381 3364 3792 3437 στηλογραφίαν

2208 3472 2286 3542 τῷ
2306 3469 2468 3525 Δαυῒδ
2497 3471 2576 3532 εἰς
2601 3467 2839 3537 διδαχὴν,
2872 3467 3032 3519 ὁπότε
3060 3463 3346 3534 ἐνεπύρισε
3389 3459 3485 3529 τὴν
3525 3458 3789 3512 Μεσοπο-

2208 3564 2411 3634 ταμίαν
2440 3563 2658 3631 Συρίας,
2700 3559 2795 3612 καὶ
2822 3558 2921 3629 τὴν
2949 3556 3147 3626 Συρίαν
3179 3553 3373 3614 Σοὸἀλ,
3399 3552 3493 3604 καὶ
3524 3548 3793 3616 ἐπέστρε-

2209 3656 2309 3726 ψεν
2369 3654 2543 3717 Ἰωάϐ,
2586 3652 2679 3706 καὶ
2733 3649 2969 3713 ἐπάταξε
3018 3647 3115 3719 τὴν
3170 3646 3428 3718 φάραγγα
3479 3641 3586 3694 τῶν
3637 3639 3793 3692 ἁλῶν

2212 3747 2421 3815 δώδειεα
2452 3742 2712 3814 χιλιάδας.
2761 3759 2780 3791 ι
2841 3739 3006 3810 Δῆλον
3032 3736 3141 3808 γὰρ
3167 3736 3233 3790 ἂν
3268 3735 3353 3804 εἴη
3387 3732 3477 3787 διὰ
3500 3730 3608 3785 τῶν
3634 3731 3795 3800 εἰρη-

2217 3841 2413 3910 μένων,
2443 3838 2523 3890 ὂτι
2543 3830 2888 3887 διδασκαλίαν
2917 3828 3039 3882 τινά
3075 3829 3170 3883 καὶ
3201 3824 3506 3897 συμϐουλὴν
3537 3822 3796 3894 περιέχει

539 3957 560 3991 ι
593 3935 650 3991 ln
693 3935 837 3990 tituli
877 3912 1252 4006 inscriptione,
1280 3933 1470 3989 Davidi
1509 3933 1564 3987 in
1596 3932 1922 3989 doctrinam.
1948 3952 1967 3985 ι
1997 3931 2105 3988 Non

2215 3934 2244 3986 ὁ
2294 3930 2448 3997 λόγος
2493 3924 2680 3990 εἰπὼν,
2734 3926 2818 3978 ὅτι
2868 3921 2980 3992 (62)
3034 3940 3053 3972 ι
3108 3921 3203 3982 Εἰς
3253 3913 3652 4006 στηλογραφίαν
3705 3912 3798 3980 τῷ

533 4030 679 4086 eiiim
718 4028 982 4086 doctrlnae
1009 4004 1331 4082 vocabulum
1368 4025 1640 4096 adjectum
1669 4025 1890 4098 luisset,
1911 4027 1956 4079 si
1995 4024 2105 4080 ﬁnis

2218 4021 2378 4076 Δαυῖὸ
2406 4022 2483 4083 εἰς
2506 4017 2746 4087 διδαχὴν.
2787 4034 2807 4065 ι
2837 4015 2911 4068 Ού
2944 4011 3052 4082 γὰρ
3076 4011 3140 4063 ἂν
3167 4010 3200 4078 ἡ
3233 4005 3418 4077 διδαχὴ
3445 4004 3796 4098 προσέκειτο,

536 4123 705 4180 totius
744 4119 910 4190 hujus
936 4121 1200 4176 orationis
1233 4135 1342 4174 non
1381 4128 1526 4174 esset
1561 4118 1778 4174 docere.
1798 4096 1936 4171 lllud
1967 4131 2105 4183 vero,

2223 4113 2297 4186 μὴ
2329 4112 2470 4187 πρὸς
2500 4107 2841 4164 διδασκαλίαν
2869 4103 2962 4157 τοῦ
2996 4103 3152 4171 λόγου
3184 4099 3490 4171 βλέποντοςο
3518 4100 3552 4169 ἡ
3580 4097 3636 4150 δὲ
3672 4096 3799 4162 (62η

542 4233 563 4268 ο
593 4214 649 4270 in
693 4187 838 4270 tituli
881 4213 1257 4284 inscriptione,
1289 4232 1311 4264 ι
1347 4211 1551 4266 indicat
1602 4224 1913 4266 sermonem
1971 4207 2105 4262 hum

2227 4224 2246 4256 ι
2281 4205 2373 4265 Εἰς
2420 4194 2822 4275 σῖτῃλογραφίαν
2857 4214 2879 4247 ι
2907 4194 2967 4247 τὸ
3004 4192 3095 4247 τοῦ
3127 4192 3239 4264 (64)
3277 4192 3382 4244 δεῖν
3409 4187 3802 4253 ἀνεξάλειπτόν

537 4305 814 4361 memoriae
836 4278 1198 4360 indelebiliter
1225 4278 1551 4372 impressum
1573 4310 1627 4356 et
1649 4301 1983 4371 insculptum
2014 4299 2105 4354 cir-

2220 4310 2282 4346 τε
2332 4291 2426 4351 καὶ
2475 4286 2912 4356 ἐντετυπωμένον
2965 4283 3107 4354 ἐχειν
3148 4285 3214 4354 τῇ
3269 4283 3456 4352 μνήμῃ
3493 4278 3582 4332 τδν
3629 4278 3803 4345 λόγον

536 4394 954 4452 cuml‘erendum
980 4408 1122 4458 esse,
1144 4402 1205 4448 ut
1233 4393 1510 4448 memoria)
1532 4392 1727 4446 anima:
1741 4401 1943 4463 nostra:
1963 4387 2105 4461 quasi

2223 4380 2573 4457 ἐνδείκνυται,
2606 4375 2681 4439 ὡς
2719 4370 2857 4428 εἶναι
2889 4373 3088 4444 στήλην
3125 4372 3224 4444 μὲν
3250 4371 3309 4424 τὸ
3341 4368 3668 4442 μνημονικὸν
3691 4368 3802 4438 τῆς

536 4486 791 4543 columna
814 4484 911 4551 sit;
931 4492 1076 4541 notat
1103 4483 1228 4539 huic
1247 4481 1827 4553 inscripta,bonorum
1849 4479 2116 4550 exempla.

2224 4471 2423 4548 ψυχῆς,
2465 4443 2534 4522 τὰ
2559 4468 2616 4522 δὲ
2662 4467 2754 4520 ἐπὶ
2794 4467 2892 4537 τῆς
2933 4465 3047 4537 (65)
3092 4465 3292 4533 στήλης
3343 4461 3696 4534 χαράγματα,
3721 4459 3808 4513 τὰ.

540 4573 667 4628 Ilaec
693 4580 876 4629 autem
895 4548 1219 4643 suppeditat
1251 4548 1704 4628 uobis—fortitudo
1735 4581 1790 4626 et
1818 4548 2105 4625 strenuitas

2220 4563 2329 4617 τῶν
2395 4560 2614 4630 ἀγαθῶν
2675 4556 3065 4626 ὑποδείγματα.
3123 4555 3309 4607 Ταῦτα
3369 4554 3426 4608 δὲ
3481 4548 3550 4623 ἦν
3603 4553 3636 4621 ἡ
3694 4549 3804 4602 τοῦ

541 4664 887 4735 imperatoris
905 4662 1104 4720 summi
1134 4662 1409 4718 exercitus
1433 4659 1670 4724 Davidis,
1695 4661 1894 4730 quibus
1917 4660 2118 4729 duplex

539 4751 792 4808 hostibus
808 4751 1043 4806 infertur
1061 4750 1273 4817 clades;
1303 4751 1388 4807 his
1406 4749 1622 4822 quidem
1643 4750 1769 4820 igne
1788 4749 2115 4818 absumptis,

543 4842 652 4899 illis
669 4842 850 4914 gladio
867 4842 1119 4898 sublatis.
1149 4841 1302 4912 Syria
1322 4857 1444 4912 quze
1469 4841 1610 4896 inter
1635 4841 1776 4896 duos
1803 4841 1992 4897 lluvios
2011 4842 2116 4896 sita

540 4943 649 4997 est,
686 4934 810 5004 igne
838 4935 1201 4999 consumitur,
1227 4941 1280 4989 et
1307 4934 1432 4990 huic
1459 4932 1686 4988 ﬁnitima
1723 4932 1984 5005 Syrorum
2017 4948 2116 4988 na-

545 5029 645 5092 tio,
678 5027 930 5084 similiter
977 5036 1032 5083 et
1070 5027 1226 5082 vallis
1279 5027 1590 5082 Salinarum
1623 5033 1893 5092 vastatur,
1931 5025 2118 5080 multis

546 5116 788 5174 millibus
811 5117 1113 5173 trucidatis.
1135 5116 1336 5172 Verum
1368 5127 1622 5172 accurate
1652 5117 1968 5172 liistoricam
1998 5130 2122 5170 nar-

548 5211 815 5268 rationem
845 5210 1098 5281 persequi
1125 5210 1298 5276 velle,
1326 5210 1544 5282 longum
1569 5208 1806 5267 fortasse
1838 5214 1894 5266 et
1931 5222 2124 5279 super-

623 5455 762 5522 (57‘)
790 5457 1095 5526 Χρήσηται,
1121 5456 1209 5509 et}.

646 5527 735 5593 ss)
763 5523 979 5588 Διόλου,
993 5523 1080 5579 ed.

648 5595 763 5663 58')
791 5593 1040 5666 Δέξηται,
1064 5597 1152 5650 ed.

649 5665 744 5731 59)
772 5665 926 5724 Ὅτε,
957 5665 1044 5723 ed.

621 5733 738 5874 (ἕο)
765 5735 1037 5822 βελτίους,
1067 5735 1155 5792 ed.

689 5808 736 5874 Ι)
794 5805 923 5870 οτι,
955 5805 1044 5861 ed.

647 5805 736 5876 61)
770 5805 923 5870 Ὅτι.
955 5805 1044 5861 ed.

2224 4651 2658 4725 ἀρχιστρατήγου
2714 4647 2815 4716 τῆς
2865 4644 3144 4716 δυνάμεως
3185 4643 3278 4697 τοῦ
3325 4641 3485 4696 Δαυῖδ
3519 4641 3802 4725 ἀριστεία,

2223 4724 2287 4795 δι’
2313 4735 2388 4805 ὧν
2417 4737 2635 4804 διπλοῦν
2669 4735 2880 4805 γίνεται
2907 4731 3048 4784 κατά
3071 4731 3178 4784 τῶν
3211 4729 3484 4800 πολεμίων
3514 4727 3575 4780 τὸ
3598 4724 3802 4788 πάθος,

2223 4841 2330 4894 τῶν
2405 4838 2504 4909 μὲν
2567 4835 2698 4906 πυρὶ
2750 4829 3165 4902 δαπανηθέντων
3214 4825 3362 4895 (66),
3423 4824 3532 4904 τῶν
3591 4821 3648 4874 δὲ
3710 4820 3808 4873 διὰ

2225 4908 2438 4999 πληγῆς
2469 4908 2563 4979 ’ὲν
2640 4923 2931 4994 ἀφανισμῷ
3000 4917 3323 4989 γενομένων.
3398 4915 3462 4967 Ἣ
3524 4913 3622 4983 μὲν
3687 4912 3812 4981 γὰρ

2226 5025 2366 5092 μέση
2398 5019 2508 5094 τῶν
2546 5015 2809 5087 ποταμῶν
2855 5013 3024 5083 Συρία
3064 5011 3152 5065 διὰ
3179 5008 3275 5083 τοῦ
3307 5007 3475 5078 πυρὸς
3501 5003 3804 5059 ἁναλίσκε·

2225 5132 2315 5166 ται
2348 5111 2445 5166 καὶ⁴
2468 5111 2528 5164 τὸ
2560 5111 2877 5182 πρόσχωρον
2907 5107 3087 5168 αὐτοῖς
3111 5105 3222 5170 (67)
3262 5101 3424 5173 μέρος
3452 5099 3557 5151 τῶν
3582 5095 3804 5166 Σύρων,

2227 5205 2485 5267 ὡσαύτως
2516 5202 2573 5255 δὲ
2607 5203 2700 5254 καὶ
2729 5202 2764 5271 ἡ
2792 5199 3011 5270 φάραγξ
3048 5198 3156 5250 τῶν
3197 5195 3338 5248 ἁλῶν
3369 5196 3426 5247 ὲν
3454 5190 3674 5251 πολλαῖς
3709 5205 3806 5258 χι-

2297 5443 2410 5512 (62)
2435 5443 2557 5512 ’Ὁτι
2576 5456 2709 5512 om.
2725 5438 2817 5492 ed.

2297 5509 2410 5582 (05)
2451 5509 2633 5582 'Hﬁ'hl
2655 5510 2778 5582 ἥδηο
2807 5513 2894 5582 et!-

2297 5577 2410 5651 (δι)
2439 5580 2544 5652 Τοῦ
2554 5581 2569 5652 ι
2593 5577 2652 5634 δὲ
2679 5577 2760 5640 τό,
2779 5577 2888 5652 Δ«ιιι.

2299 5648 2410 5721 (65)
2447 5648 2568 5719 Τῆς
2591 5665 2714 5721 om.
2728 5648 2815 5702 ed.

2301 5716 2412 5785 (66)
2444 5716 2882 5791 Παραδοθέντων,
2910 5716 2996 5791 ed.

2304 5793 2414 5862 (67)
2437 5785 2616 5860 Αὐτῆς
2642 5787 2808 5860 aliqui
2836 5785 2995 5841 codd.
