3982 6512
228 396 328 466 φὶ

1614 403 1680 458 IN
1708 400 2042 472 ιξειιιιιιοε.

3389 405 3494 461 502

229 509 376 566 λιάσι
409 511 875 581 καταφονεύεταιιο
901 511 1133 578 mae;
1175 512 1274 586 μὲν
1304 511 1380 579 δι’¹
1405 511 1689 584 ἀκριϐείας
1713 513 1812 584 τὴν

1917 511 2081 576 lluum
2114 508 2311 576 fuerit;
2347 525 2468 582 qua:
2497 509 2642 564 enim
2667 511 2874 568 utilitas
2903 511 3027 572 inde
3055 513 3122 569 ad
3160 531 3260 572 nos
3287 516 3492 584 redeat,

233 603 515 675 ἱστορικὴν
561 603 881 658 ἀκολουθίαν
925 604 1459 680 ἐκθέσθαι,,μακρὸν
1473 606 1552 670 ἂν
1579 607 1689 678 εἰη,
1722 606 1839 668 καις

233 695 491 764 περιττὸν
543 695 682 767 ἃμα.
722 696 788 762 Τί
833 695 943 770 γὰρ
992 697 1059 766 ἂν
1106 697 1315 767 γένοιτο
1363 698 1524 754 πλέον
1569 699 1701 771 ἡμῖν
1747 698 1813 750 δι’

228 786 530 840 ἀκολούθου
577 787 676 858 τὴν
733 787 949 843 ἔκθεσιν
992 789 1098 843 τῶν
1149 789 1478 859 γεγονότων,
1515 789 1813 861 μαθοῦσιν;

229 879 368 932 ἀλλά
393 879 533 949 πρὸς
554 879 607 932 τί
631 878 786 950 φέρει
804 880 904 950 τῆς
933 881 1210 952 ἱστορικῆς
1235 883 1457 953 μνήμης
1482 882 1541 935 τὸ
1562 881 1812 952 αἴνιγμα,
1839 948 1843 951 π

231 971 483 1040 κρεῖττον
513 968 668 1039 οἶμαι
705 970 782 1038 διέ
798 971 992 1039 ὀλίγων
1022 971 1300 1043 προθεῖναι
1337 972 1416 1042 τῷ
1457 971 1618 1042 λόγῳ,
1647 972 1723 1036 ὡς
1750 973 1817 1026 ἂν

230 1060 444 1128 γένοιτο
480 1063 612 1131 ἡμῖν
647 1045 936 1133 ἡτοιαύτη
968 1083 984 1114 ι
1007 1047 1570 1139 ,στηλογραφίαιείς
1595 1063 1816 1134 διδαχὴ-ν

227 1151 322 1206 τοῦ
356 1153 631 1229 ἡμετέρου
682 1153 824 1224 βίου.
880 1154 946 1208 Τί
995 1149 1088 1208 οὖν
1127 1157 1274 1220 ἐστιν
1301 1155 1331 1208 ὃ
1366 1171 1548 1226 φημι;
1593 1155 1714 1222 ὅλον
1756 1154 1829 1208 τὸ·

229 1245 382 1308 ἔθνος
430 1245 634 1314 Συρίαν
692 1245 965 1316 ὠνόμασε,
1023 1246 1234 1321 μερίζει
1279 1246 1337 1302 δὲ
1379 1245 1539 1311 τοῦτο
1594 1248 1676 1312 εἰς
1725 1245 1818 1309 δύο

227 1338 516 1407 τμήματα,
541 1336 772 1406 ἕκαστον
801 1337 982 1407 αὐτῶν
1015 1338 1537 1410 ἰδίοιςληγνωρίσμασι
1558 1338 1819 1411 σημειοῷ

232 1445 398 1498 μενος
429 1428 545 1499 (68)
568 1446 582 1459 -
627 1431 661 1500 ή
680 1428 795 1500 -μὲν
827 1429 937 1501 γὰρ
963 1429 1163 1493 αὐτῶν,
1193 1430 1590 1504 Μεσοποταμία
1618 1429 1818 1502 Συρίας

229 1519 450 1588 λέγεται
473 1536 487 1549 ·
506 1522 539 1592 ή
560 1519 616 1573 δὲ
636 1519 757 1590 (69)
785 1519 968 1592 ἑτέρα,
993 1519 1086 1574 τοῦ
1119 1519 1292 1575 Σοϐἀλ
1320 1519 1489 1590 Συρία
1514 1520 1844 1589 κατονομάςτ.

228 1611 383 1672 ζεται
404 1627 419 1640 ·
455 1611 927 1684 καταπίμπραται
948 1612 1078 1680 ~('70)
1101 1611 1157 1665 δὲ
1206 1611 1297 1666 καὶ
1326 1610 1487 1683 αὕτη,
1531 1613 1625 1667 καὶ
1655 1611 1816 1683 αὕτη.

231 1703 340 1756 Καὶ
368 1702 512 1774 μετά
536 1703 695 1757 τοῦτο
723 1705 782 1774 ἐξ
817 1703 1155 1775 ἐπιστροφῆς
1196 1702 1291 1758 τοῦ
1317 1704 1759 1777 ἀρχιστρατήγου
1783 1706 1848 1775 ἡ..

235 1793 455 1867 φάραγξ
483 1796 593 1852 τῶν
619 1795 783 1864 ἀλῶν,
832 1799 888 1849 ὲν
915 1793 1236 1867 δυοκαίδεκα
1270 1798 1472 1872 χιλιάσι
1496 1799 1576 1870 τῷ
1604 1799 1819 1869 θανάτῳ

236 1886 693 1958 καταδικάζεται·
719 1887 922 1946 οὐκοῦν
964 1891 1268 1961 νοήσωμεν,
1314 1889 1397 1943 ὅτι
1435 1889 1677 1954 διπλοῦν.
1700 1892 1817 1944 ἐστι
1849 1865 1890 1919 Β

233 1981 327 2051 τῆς
373 1981 580 2052 Συρίας
625 1979 688 2034 τὸ
743 1976 903 2049 εἶδος.
949 1982 1012 2035 Οἱ
1046 1982 1146 2052 μὲν
1186 1981 1295 2054 γάρ
1337 1982 1515 2046 αὐτῶν
1560 1983 1666 2036 εἰσι
1705 1981 1822 2046 τοῖς

237 2078 663 2150 μεσοποταμίοις
699 2077 814 2148 (7|)
865 2077 1131 2149 ῥεύμασιν
1151 2080 1232 2141 μὲν
1277 2077 1461 2148 κύκλῳ
1499 2076 1818 2150 διειλημμέ-

233 2184 342 2226 νοι⁶
394 2171 568 2237 αὐτοὶ,
604 2170 650 2226 δ’
692 2170 761 2226 ἂν
806 2167 988 2236 εἷενερί
1022 2174 1134 2238 τοῖς
1169 2171 1455 2242 παθήμασι
1481 2171 1817 2242 πανταχόθεν

234 2262 672 2336 περιρρεόμενοι.
709 2263 866 2332 Οῐᾲδὲ
904 2263 1220 2334 ἀνάκεινται
1245 2262 1328 2333 ,τῷ
1371 2262 1563 2327 Σοὸἀλ,
1583 2263 1684 2334 ⁵διὰ
1721 2262 1816 2316 τοῦ

235 2356 492 2425 ἀνόματος
547 2353 771 2418 τούτου,
806 2355 1056 2431 τὴν.τὶις
1099 2356 1481 2428 ἀντικειμένης
1535 2356 1848 2428 δυνάμεως

235 2446 521 2517 τυραννίδα
573 2447 669 2502 τοῦ
733 2445 893 2516 λόγου
964 2447 1355 2520 σημαίνοντοςο
1426 2447 1622 2513 οὐκοῦν
1676 2448 1843 2518 αὓτη-

235 2537 441 2604 γένοιτο
474 2537 545 2594 ἂν
587 2540 721 2610 ήμῖν
751 2543 852 2611 τῆς
879 2540 1016 2611 πρὸς
1044 2539 1106 2594 τὸ
1142 2542 1390 2612 κρεῖττον
1417 2538 1751 2604 ἀλλοιώσεως
1781 2541 1840 2609 ήι

234 2633 364 2696 ὁδὸς.
407 2632 460 2684 εί
485 2631 566 2701 τῷ
579 2631 879 2702 ,καθαρσίῳ
905 2631 1036 2703 πυρὶ
1069 2631 1131 2686 τὸ
1156 2631 1375 2686 διπλοῦν
1401 2631 1560 2686 τοῦτο
1589 2635 1687 2702 τῆς
1718 2648 1816 2685 κα-

237 2726 351 2787 κίας
380 2723 538 2784 ἔθνος
579 2723 904 2792 ἀφανισθείη
942 2734 987 2770 ⁸.
1025 2724 1101 2787 ὡς
1137 2723 1249 2796 γὰρ
1293 2723 1534 2796 ήθάρετὴ
1582 2723 1682 2793 βίῳ
1722 2723 1832 2776 καὶ·

235 2813 440 2885 διανοίᾳ
464 2811 959 2888 χαρακτηρίζεται,
986 2813 1129 2869 οὕτω
1161 2816 1256 2868 καὶ
1283 2817 1316 2885 ή
1367 2815 1533 2868 κακία
1575 2819 1688 2878 τοῖς
1724 2814 1829 2868 δύο.

237 2904 440 2970 τούτοις
461 2905 838 2976 ὲνθιωρείται·
858 2906 950 2960 καὶ
978 2907 1011 2977 ἡ
1045 2906 1143 2977 μὲν
1169 2908 1312 2961 κατά
1340 2908 1430 2962 τὸν
1453 2908 1566 2979 βίον
1595 2907 1814 2973 ἀταξία,
1837 2972 1842 2976 η

239 2999 276 3066 ἦ.
309 2996 377 3052 τά
419 2997 532 3050 τῶν
575 2996 766 3052 παθῶν
823 2996 1073 3069 ῥεύματα
1118 2999 1303 3068 κύκλῳ
1341 2999 1440 3070 τὴν
1487 2999 1664 3070 ψυχὴν
1703 2999 1818 3053 διαο

239 3087 524 3158 λαμϐάνει,
571 3091 614 3159 ή
650 3089 759 3142 τῶν
793 3088 1056 3158 ποταμῶν
1088 3087 1306 3157 λέγεται
1351 3090 1511 3160 μέση,
1556 3091 1590 3161 ἡ
1631 3089 1687 3142 δὲ
1727 3089 1838 3155 διὰ,

237 3179 339 3232 τῶν
385 3179 641 3251 πονηρῶν
681 3180 970 3252 δογμάτων
1006 3180 1338 3251 ἀνακειμένη
1367 3179 1442 3250 τῷ
1468 3180 1692 3278 ἔρχοντι
1718 3180 1815 3234 τοῦ
1841 3216 1890 3278 C

241 3271 461 3342 κόσμου,
507 3271 683 3329 Σοὸὰλ
716 3271 914 3343 Συρίας
960 3271 1424 3342 κατονομάζεταν
1459 3267 1534 3324 ὧν
1576 3271 1653 3343 τῷ
1682 3289 1818 3328 καυ-

240 3362 404 3435 στικῷ
454 3363 584 3434 (72).
617 3380 680 3420 τε
731 3363 824 3420 καὶ
879 3362 1165 3434 καθαρσίῳ
1205 3361 1347 3433 λόγῳ
1379 3362 1816 3433 δαπανηθέντων,

236 3457 423 3512 ἕπεται
480 3455 556 3509 τὸ·
582 3454 681 3526 τὴν
721 3453 914 3523 ἀγονόν
973 3469 1033 3507 τε
1080 3455 1175 3508 καὶ
1227 3452 1485 3524 ἀλμῶσαν
1532 3453 1657 3523 γῆν,
1695 3453 1818 3524 ἥτις

237 3546 761 3619 στρατόπεδόν,ὲστι.
812 3543 919 3600 τῶν
960 3544 1356 3615 ἀντικειμένων
1395 3544 1698 3616 δυνάμεων,
1748 3548 1815 3617 τῇ

235 3637 322 3692 τοῦ
371 3637 818 3710 ἀρχιστρατήγου
858 3633 1057 3706 πληγῇ
1085 3634 1461 3707 παραχθῆναιο
1503 3637 1563 3689 οὐ
1605 3635 1714 3707 γὰρ
1749 3636 1815 3690 ἂν

235 3731 444 3798 γένοιτο
484 3731 620 3800 ἡμῖν
666 3728 700 3798 ή
733 3726 874 3780 κατά
904 3726 1012 3779 τῶν
1051 3725 1260 3798 ἐχθρῶν
1293 3725 1440 3797 νίκη,
1492 3726 1566 3798 μὴ
1596 3726 1690 3780 τοῦ
1725 3727 1830 3798 ἄρα.

235 3836 418 3889 χοντος
462 3818 573 3872 τῶν
625 3817 891 3889 στρατιῶν
939 3817 1053 3889 (7'5)
1115 3817 1475 3889 ὑπερσχόντος
1539 3821 1604 3889 τῇ
1651 3818 1812 3889 χειρί.

236 3915 276 3964 Τ
279 3916 309 3984 ᾗ
347 3912 405 3968 δὲ
435 3911 546 3964 τῶν
598 3909 871 3982 πολεμίων
901 3909 1147 3982 ἀπωλείᾳ
1175 3911 1368 3982 εἰρήνη
1401 3909 1540 3964 κατά
1580 3911 1640 3965 τὸ
1684 3912 1816 3964 ἀκό-

237 4003 645 4065 λουθον-ἕπεται
665 4019 680 4035 ⁸
715 4005 811 4057 καὶ
841 4002 986 4057 τοῦτ’
1028 4001 1144 4055 ἔστι
1177 4002 1237 4055 τὸ
1275 4002 1567 4056 ἀκόλουθον
1599 4003 1699 4074 τῆς
1733 4003 1815 4057 νί-

240 4114 356 4168 κης,
381 4097 525 4168 πρὸς
556 4095 585 4148 ὃ
615 4094 887 4165 βλέπουσα
917 4096 950 4164 ή
978 4094 1260 4166 ἐπιγραφὴ
1288 4094 1423 4165 (74),
1453 4095 1814 4166 ἐνστηλιτεύει

237 4191 350 4252 ταῖς
400 4189 645 4258 μνήμαις
691 4186 847 4258 ήμῶν
886 4187 984 4257 τὴν
1036 4185 1172 4258 πρὸς
1214 4186 1275 4239 τὸ
1321 4185 1675 4256 ἀλλοιωθῆναι
1711 4187 1816 4256 ὑφ-

237 4283 453 4352 ήγησιν,
482 4280 574 4332 διὰ
599 4277 707 4331 τῶν
747 4277 1035 4347 ἱστορικῶν
1061 4277 1472 4348 ὑποδειγμάτων
1507 4276 1605 4350 τὴν
1637 4277 1813 4331 ἀπαλ-

237 4372 406 4443 λαγὴν
439 4369 550 4424 τῶν
581 4368 924 4440 παθημάτων
953 4368 1377 4424 ὑποδεικνύουοα
1417 4367 1554 4439 (75).
1598 4369 1813 4423 Μᾶλλον

236 4464 278 4517 δ’
303 4464 374 4519 »ἂν
415 4464 548 4534 ἡμῖν
591 4461 828 4533 φανερὸν
859 4461 1069 4529 γένοιτο
1102 4461 1164 4515 τὸ
1203 4460 1343 4516 κατά
1389 4461 1488 4531 τὴν
1530 4461 1812 4515 ἀλλοίωσιν

1917 604 1962 659 si
1993 612 2161 664 totam
2211 615 2392 657 rerum
2423 609 2698 671 gestarum
2746 603 2942 660 seriem
2985 604 3301 664 discamus?
3343 610 3492 676 Qua-

1916 703 2137 768 propter
2157 694 2346 752 utilius
2368 709 2490 750 esse
2511 693 2772 757 arbitror,
2800 697 3039 754 breviter
3068 701 3342 770 explicare
3362 702 3492 772 quid

1917 789 2074 843 nobis
2097 787 2373 842 historica;
2401 787 2732 842 narrationis
2760 789 3044 846 involucro
3073 791 3402 857 insinuetur,
3433 804 3495 856 ut

1918 877 2033 932 Inec
2067 895 2086 928 ι
2129 878 2272 942 tituli
2321 877 2608 946 inscriptio
2641 895 2668 928 ι
2715 878 2877 934 cedat
2930 881 2982 934 in
3014 882 3137 936 vita:
3181 893 3384 938 nostra:
3417 884 3495 938 in-

1917 971 2295 1027 structionem.
2327 969 2467 1035 Quid
2522 969 2686 1041 igitur
2741 971 2924 1030 dicere
2967 977 3260 1044 proposui?
3298 975 3492 1032 Totam

1919 1062 2200 1121 hominum
2250 1062 2525 1116 nationem
2571 1061 2785 1132 Syriam
2842 1063 3154 1134 appellavit,
3200 1066 3495 1138 divisitque

1921 1153 1974 1206 in
2025 1153 2183 1207 duas.
2206 1159 2412 1222 partes,
2446 1151 2748 1222 quamlibet
2779 1152 3016 1224 propriis
3045 1156 3189 1210 notis
3215 1156 3493 1212 discrimi-

1919 1259 2059 1300 nans
2096 1261 2109 1299 :
2148 1243 2320 1300 altera
2355 1244 2496 1298 enim
2532 1243 2922 1315 Mesopotamia
2959 1246 3129 1318 Syria:
3167 1250 3490 1319 appellatur,

1919 1335 2090 1388 altera
2148 1334 2319 1408 Syria,
2353 1333 2544 1404 Solita;
2587 1335 2943 1395 succenditur
2990 1347 3043 1396 et
3090 1337 3206 1394 haec
3245 1347 3300 1394 et
3344 1340 3437 1396 illa
3475 1359 3489 1396 :

1921 1434 2111 1498 postea
2138 1412 2452 1482 reversione
2482 1427 2682 1482 summi
2716 1428 3064 1502 imperatoris
3093 1431 3249 1486 vallis
3277 1433 3495 1490 Salina-

1920 1535 2041 1580 rum
2089 1528 2266 1574 morte
2317 1519 2648 1584 mulctatur,
2695 1517 2985 1576 duodecim
3042 1519 3288 1580 millibus
3321 1522 3495 1582 inter-

1918 1609 2138 1682 emptis.
2197 1608 2574 1683 lntelligamns
2623 1625 2754 1681 ergo
2812 1611 3089 1686 duplicem
3143 1628 3268 1672 esse
3323 1615 3496 1687 Syriae

1922 1705 2154 1760 formam
2186 1721 2199 1762 :
2231 1703 2660 1767 nonnullienim
2693 1703 2981 1762 ﬂuviorum
3019 1705 3276 1763 cursibus
3319 1707 3372 1764 in
3407 1724 3496 1772 οι·-

1921 1797 2042 1852 bem
2083 1797 2412 1856 circumdati
2450 1805 2599 1864 sunt,
2636 1806 2692 1852 et
2745 1797 2797 1851 hi
2849 1814 2958 1856 non
3008 1806 3138 1856 sunt
3181 1800 3295 1866 alii,
3328 1818 3493 1873 quam

1919 1906 2059 1962 quos
2091 1890 2380 1966 passiones
2429 1889 2714 1960 animique
2767 1893 3211 1960 perturbationes
3255 1895 3494 1967 undique

1919 1980 2333 2048 circumlinunt;
2363 1981 2452 2036 alii
2485 1979 2723 2054 subjecti
2758 1991 2888 2038 sunt
2925 1983 3102 2044 Sobaz.
3138 2000 3247 2056 quo
3274 1988 3495 2052 nomine

1920 2075 2263 2148 signiﬁcatur
2306 2075 2635 2133 adversariae
2676 2078 2961 2150 potestatis
2997 2079 3244 2149 tyrannis
3283 2089 3338 2136 et
3378 2082 3488 2138 vio-

1919 2169 2064 2224 lenta
2087 2167 2410 2226 dominatio.
2444 2169 2586 2241 Ergo
2610 2169 2770 2226 nobis
2808 2169 2922 2233 lucc
2952 2173 3127 2243 prima
3155 2173 3241 2229 via
3273 2173 3341 2228 ad
3371 2191 3493 2236 mu-

1919 2261 2182 2320 tationem
2214 2258 2268 2314 in
2306 2258 2504 2319 melius
2546 2258 2746 2323 fuerit,
2802 2259 2849 2320 si
2897 2259 3021 2330 igne
3058 2271 3393 2336 expurgante
3439 2271 3494 2322 et

1919 2352 2188 2407 lustrante
2219 2349 2495 2417 duplicem
2530 2349 2673 2405 hanc
2703 2350 2926 2408 malitia:
2961 2335 3493 2414 nationemabolcas
3561 2335 3568 2348 ’

1917 2459 2041 2501 mus
2081 2463 2094 2498 :
2143 2441 2604 2515 quemadmodum
2650 2443 2798 2498 enim
2831 2443 3014 2502 virtus
3043 2445 3152 2506 vita
3198 2455 3255 2504 et
3285 2447 3496 2508 ratione

1919 2536 2188 2606 signatur,
2224 2532 2305 2589 sic
2339 2541 2395 2590 et
2427 2532 2636 2590 malitia
2676 2533 2732 2590 in
2786 2532 2874 2590 his
2904 2535 3120 2594 duabus
3162 2538 3345 2597 inesse
3371 2555 3497 2594 cer-

1919 2630 2099 2696 nitur;
2151 2637 2206 2686 et
2240 2629 2354 2685 vita
2398 2629 2621 2701 quidem
2657 2630 2826 2686 nullis
2855 2631 3070 2703 legibus
3099 2632 3344 2700 astricta,
3374 2649 3496 2705 qua:

1918 2723 2238 2792 passionum
2271 2721 2499 2793 impetu,
2525 2728 2580 2778 et
2602 2723 2762 2792 quasi
2793 2723 2959 2785 ﬂuctu
2987 2724 3229 2796 undique
3250 2726 3492 2782 animum

1919 2812 2370 2884 comprehcndit,
2420 2814 2918 2885 etiquodammodo
2953 2816 3006 2870 in
3041 2816 3279 2878 circuitu
3315 2818 3496 2876 inclu-

1919 2908 2020 2972 dit,
2055 2910 2213 2980 Syria
2271 2909 2452 2968 media
2504 2910 2650 2965 inter
2679 2907 2878 2974 ﬂuvios
2924 2909 3168 2974 dicitur;
3220 2910 3313 2972 illa
3364 2926 3496 2966 vero

1923 3001 2194 3068 perversis
2224 3007 2278 3054 et
2305 2999 2633 3069 perniciosis
2656 2999 3008 3070 dogmatibus
3035 3008 3090 3056 et
3118 3001 3492 3071 persuasioni-

1918 3091 2022 3148 bus
2053 3090 2287 3161 principi
2321 3090 2496 3160 hujus.
2519 3090 2709 3151 mundi
2743 3089 2983 3156 addicta,
3015 3089 3172 3162 Syria
3197 3089 3356 3144 Salue
3392 3105 3492 3161 ap-

1919 3182 2152 3252 pellatur
2183 3196 2196 3232 :
2232 3181 2434 3252 quibus
2461 3178 2712 3235 doctrina
2745 3187 2799 3235 ct
2823 3181 3033 3235 ratione
3066 3181 3132 3234 ad
3169 3181 3486 3236 illustratio-

1919 3287 2042 3328 nem
2083 3281 2137 3326 et
2171 3272 2622 3342 expurgationem
2655 3271 3184 3342 aptaconsumptis,
3232 3280 3405 3326 restat
3435 3282 3494 3326 ut

1921 3363 2126 3420 sterilis
2159 3371 2213 3420 et
2264 3363 2610 3434 salsuginosa
2635 3370 2802 3423 ,terra
2837 3379 2959 3434 quae
2998 3363 3137 3417 nihil
3181 3370 3269 3420 est
3321 3363 3491 3428 aliud,

1919 3469 2081 3525 quam
2129 3454 2570 3510 adversariorum
2614 3455 2925 3518 exercitus,
2951 3453 3155 3509 virtute
3205 3463 3262 3510 et
3314 3454 3495 3527 gladio

1919 3546 2120 3604 summi
2156 3545 2925 3616 imperatorisconﬁciatur.:
2967 3561 3076 3601 non
3127 3544 3273 3600 enim
3318 3546 3493 3598 vieto-

1919 3639 2058 3702 riam
2120 3638 2188 3692 ab
2249 3637 2506 3697 hostibus
2571 3638 3019 3708 reportabimus,
3073 3636 3181 3694 nisi
3238 3637 3496 3708 princeps

1917 3731 2194 3786 exercitus
2224 3747 2446 3788 manum
2493 3731 2789 3795 extendat;
2845 3730 3270 3785 internecionem
3313 3739 3493 3784 autem

1917 3822 2159 3880 hostium
2193 3821 2445 3893 sequitur
2471 3830 2628 3878 certo
2663 3823 2857 3877 ordine
2885 3838 3021 3892 pax;
3065 3828 3119 3877 et
3152 3821 3267 3878 hac
3299 3829 3383 3876 est
3409 3822 3493 3875 vi-

1919 3914 2111 3972 ctoriae
2137 3913 2329 3980 series,
2379 3915 2450 3970 ad
2497 3929 2662 3986 quam
2716 3912 2998 3984 Scriptura
3045 3913 3345 3983 respiciens
3391 3913 3496 3966 im-

1917 4005 2128 4074 primit,
2161 4004 2318 4072 quasi
2350 4003 2405 4060 in
2441 4004 2722 4068 columna,
2753 4003 2807 4058 in
2835 4004 3099 4058 memoria
3126 4013 3314 4059 nostra
3343 4019 3494 4060 com-

1918 4097 2374 4152 memorationem
2424 4095 2492 4150 de
2545 4095 2884 4159 mutatione,
2932 4095 3063 4150 dum
3116 4096 3379 4168 exemplis
3425 4112 3491 4150 ex

1917 4182 2147 4239 historia
2182 4183 2436 4238 adductis
2465 4183 2727 4247 ostendit,
2759 4183 3034 4252 quomodo
3064 4198 3094 4239 a
3125 4184 3494 4255 perturbatio-

1883 4276 2083 4331 nibus
2125 4275 2369 4346 expediri
2404 4287 2458 4332 et
2501 4276 2722 4332 liberari
2769 4278 3070 4348 possimus.
3125 4277 3297 4349 Magis
3327 4293 3492 4349 porro

1918 4369 2224 4423 innotescet
2252 4367 2412 4423 nobis
2441 4367 2733 4440 disciplina
2762 4369 2831 4425 de
2866 4370 3188 4430 mutatione.
3219 4370 3264 4426 si
3297 4371 3491 4426 audia-

1916 4475 2040 4514 mus
2069 4459 2208 4514 alios
2235 4460 2564 4530 interpretes
2585 4500 2602 4526 ,
2639 4475 2874 4531 quorum
2923 4460 3014 4517 ille
3060 4459 3302 4530 quidem,
3335 4480 3354 4512 ‹
3383 4460 3493 4518 Pro

237 4553 486 4625 μάθημα,
519 4553 568 4606 εί
595 4554 706 4615 τοῖς
734 4550 941 4613 λοιποῖς
968 4549 1077 4604 τῶν
1117 4549 1397 4622 ἑρμηνέων
1427 4550 1539 4622 (76)
1586 4550 1811 4605 ἀκολου-

1920 4548 2166 4614 ﬂoribus,
2194 4569 2213 4604 ι
2241 4549 2403 4617 alius,
2436 4567 2458 4602 ι
2483 4549 2590 4605 Pro
2622 4549 2754 4606 liliis
2772 4569 2796 4604 ι
2829 4551 3015 4617 vertit,
3052 4550 3175 4606 loco
3203 4551 3321 4620 ejus
3344 4551 3488 4621 quod

239 4643 524 4716 θήσαιμεν,
550 4635 626 4698 ὧν
649 4643 678 4696 ὁ
705 4641 804 4713 μὲν
827 4640 1040 4713 ι.”Υπὲρ
1061 4639 1168 4694 τῶν
1198 4638 1395 4707 ἀνθῶν,
1422 4659 1440 4692 ι
1461 4639 1490 4692 ὁ
1512 4638 1568 4692 δὲ
1599 4658 1624 4692 ι
1640 4639 1809 4712 ’Υπὲρ

238 4737 339 4790 τῶν
375 4738 600 4808 κρίνων,
627 4753 650 4788 ι
678 4734 799 4788 ἀντὶ
833 4733 932 4804 τῆς
973 4730 1308 4797 ἀλλοιώσεως
1345 4731 1423 4802 τῷ
1465 4731 1607 4802 λόγῳ
1639 4748 1808 4803 προσ-

239 4827 476 4900 έγραψαν
534 4827 671 4898 (77).
722 4825 795 4879 Τό
855 4842 915 4878 τε
972 4823 1079 4895 γὰρ
1138 4822 1295 4887 ἄνθος
1342 4823 1669 4877 ἐνδείκνυται
1713 4821 1807 4875 τοῦ

239 4922 499 4993 χειμῶνος
528 4921 626 4992 τὴν
642 4918 723 4984 εἰς
743 4918 840 4986 ἔαρ
870 4916 1193 4989 μεταϐολήν.
1220 4917 1399 4986 Ὅπερ
1427 4913 1807 4986 σημαίνειτὴν

239 4993 339 5066 ἀπὸ
382 5010 585 5076 κακίας
621 5011 702 5075 είς
737 5010 829 5065 τὸν
879 5009 1250 5080 κατ’-ἀρετὴν
1291 5008 1404 5078 βίον
1452 5009 1800 5076 μετάστασιν.

242 5105 308 5160 Ἦ
335 5123 392 5158 τε
424 5104 533 5158 τοῦ
569 5104 756 5176 κρίνου
790 5103 910 5173 ὃψις
949 5101 1084 5173 πρὸς
1109 5102 1137 5156 ὅ
1182 5118 1235 5154 τι
1280 5102 1386 5172 χρὴ
1428 5101 1678 5170 γενέσθαι
1709 5099 1807 5172 τὴν

244 5195 534 5261 ἀλλοίωσιν,
567 5195 930 5270 διερμηνεύει⁶
975 5195 1021 5248 ὀί
1051 5195 1160 5263 γὰρ
1201 5192 1267 5246 δι’
1301 5192 1636 5256 ἀλλοιώσεως
1672 5192 1810 5264 λαμ-

244 5289 368 5358 πρὸς
395 5276 986 5360 γενόμενος,ξδηλονὸτι
1035 5287 1101 5340 ἐκ
1143 5286 1372 5356 μέλανός
1413 5304 1472 5340 τε
1524 5287 1619 5340 καὶ
1650 5289 1806 5341 ἐσκο-

243 5381 483 5450 ¹ιιιςιμιίνου
517 5381 768 5452 λαμπρόν
809 5398 868 5434 τε
899 5378 1262 5462 καὶ-χιονῶδες
1286 5377 1422 5444 εἶδος
1452 5378 1808 5450 μεταλαμϐά-

305 5557 412 5625 (68)
445 5555 848 5627 Σημειούμενος
867 5569 975 5609 om.
1002 5554 1094 5614 ed.

307 5629 413 5692 (69l
445 5625 519 5680 Δέ
532 5625 657 5680 om.
687 5625 776 5680 ed.

309 5698 416 5767 (70)
452 5696 980 5767 Κατεμπίμπραται,
1011 5695 1097 5751 ed.

310 5766 418 5838 (η)
452 5766 767 5838 Ποταμίοις,
790 5766 876 5838 ed,

311 5837 419 5909 (72)
445 5836 784 5909 animus,
814 5837 902 5894 cd.

1917 4649 2037 4708 est,
2079 4660 2098 4694 ι
2141 4641 2248 4698 Pro
2278 4641 2387 4707 his,
2422 4641 2516 4711 qui
2545 4641 3061 4696 commutabuntur:
3106 4659 3125 4693 ι
3184 4653 3312 4697 tunc
3344 4641 3488 4696 enim

1915 4733 2016 4789 llos
2047 4732 2250 4804 prodit,
2283 4747 2406 4788 cum
2439 4733 2614 4789 hiems
2643 4734 2696 4788 in
2732 4750 2828 4789 ver
2856 4741 3118 4798 mutatur,
3152 4734 3297 4806 quod
3323 4735 3493 4806 signi-

1918 4823 2042 4878 ﬁcat
2076 4823 2462 4880 transitionem
2517 4839 2546 4877 a
2603 4824 2805 4878 malitia
2858 4824 2926 4879 ad
2975 4825 3142 4879 vitam
3189 4841 3257 4880 ex
3290 4825 3493 4882 virtute

1917 4926 2120 4972 actam.
2177 4900 2259 4974 At.
2295 4918 2393 4972 lilii
2434 4927 2693 4990 aspectus
2725 4925 2934 4982 monet,
2965 4915 3034 4971 ad
3077 4916 3208 4988 quid
3243 4927 3493 4988 oporteat

1914 5011 2272 5074 mutationem
2303 5011 2417 5064 ﬁeri
2453 5029 2466 5066 :
2503 5026 2628 5067 eum
2655 5009 2823 5071 enim,
2857 5010 2949 5082 qui
2985 5011 3289 5067 mutatione
3309 5013 3489 5084 splen-

1916 5099 2081 5157 didus
2109 5099 2338 5162 effectus
2376 5108 2483 5166 est,
2514 5100 2683 5172 liquet
2714 5117 2779 5156 ex
2811 5109 2931 5156 atro
2961 5108 3015 5156 et
3047 5101 3391 5158 tenebricoso
3419 5103 3486 5158 ad

1915 5193 2128 5248 niveam
2161 5193 2392 5248 formam
2425 5201 2851 5249 transmutatum
2883 5189 3120 5265 essejln
3153 5195 3296 5247 omni
3324 5194 3479 5263 igitur

1913 5285 2274 5358 inscriptione
2319 5300 2440 5355 qua:
2470 5285 2653 5348 habet,
2706 5277 2868 5341 (Pro
2917 5285 3003 5343 his
3048 5283 3144 5355 qui
3189 5294 3488 5340 commutato

1914 5375 2140 5442 buntur,
2171 5393 2201 5435 ις
2242 5375 2343 5432 hoc
2371 5377 2530 5446 quasi
2562 5377 2951 5433 documentum
2979 5374 3356 5446 accipiendum
3391 5389 3486 5429 ar-

1982 5555 2000 5624 (
2008 5551 2097 5624 73)
2115 5552 2438 5624 Στρατειῶν,
2474 5553 2562 5610 ed.

1982 5621 2093 5696 (Η)
2122 5621 2336 5696 rem?»
2363 5623 2446 5696 ed.-

1982 5692 2095 5760 (75)
2133 5692 2602 5757 ’Ᾱποδεικνύουσα,
2631 5693 2717 5750 cd.

1979 5771 1994 5825 ζ
2005 5763 2091 5832 76)
2127 5763 2526 5835 Ἐρμηνευτῶν.
2565 5764 2655 5835 ed.

1979 5805 2092 5908 iiii
2121 5805 2526 5907 ιῖρῖἒὲἦρἆξρέὖζ
2560 5805 2650 5889 Eii:
