3982 6504
205 402 312 462 505

1616 417 1685 474 IN
1722 417 2059 476 PSALMOS.

3357 421 3463 478 506

206 525 355 596 ζωῆς
390 528 722 583 κατάστασιν
762 531 1272 602 μεταστοιχειούσης
1313 531 1415 603 τὴν
1461 532 1652 604 φύσιν·
1687 535 1770 590 αα)

1886 536 2297 595 resurrectione
2330 552 2735 609 corporumque
2792 538 3135 609 reparatione
3182 539 3239 594 in
3299 541 3461 598 aliam

206 622 241 688 ὴ
280 618 551 691 παροδικὴ
582 618 681 673 τοῦ
726 621 917 691 χρόνου
953 620 1230 693 παύσηται
1268 621 1447 691 φύσις,
1494 624 1594 696 τῆς
1640 626 1782 680 κατὰ

205 708 421 778 γένεσιν
462 709 557 762 καὶ
595 706 801 780 φθορὰν
843 709 1123 779 ἐνεργείας
1171 712 1372 783 μηκέτι
1411 710 1610 785 οὔσης·
1651 716 1779 787 στή-

206 815 359 857 σεται
384 800 626 863 πάντως,
666 801 758 853 καὶ
783 802 816 872 ἡ
848 801 1080 873 ἑϐδομὰς
1104 804 1138 874 ή
1168 803 1512 875 ἐκμετροῦσα
1536 804 1628 859 τὸν
1656 806 1781 879 χρό-

204 910 317 959 νον,
350 893 451 947 καὶ
487 892 782 959 διαδέξεται
825 895 858 963 ἡ
902 894 1094 965 ὐγδὸη
1154 895 1336 967 ἐκείνη
1359 937 1373 961 ,
1418 898 1540 967 ἥτις
1574 898 1722 953 ἐστὶν
1753 900 1781 954 6

203 986 406 1057 ἑφεξῆς
430 984 587 1051 αἰὼν,
613 985 732 1049 ὅλος
761 987 857 1056 μία
880 987 1064 1057 ἡμέρα
1094 988 1405 1059 γενόμενος,
1438 989 1619 1055 καθώς
1648 993 1778 1062 φησί

200 1095 284 1141 τις
316 1077 428 1131 τῶν
449 1076 811 1148 προφητῶν,.‹
846 1078 1107 1148 Μεγάλην
1137 1079 1349 1151 ἡμέραν
1383 1099 1401 1131 ι
1439 1080 1535 1152 τὴν
1563 1082 1779 1148 ὲλπιζο-

203 1168 373 1238 μένην
401 1167 675 1238 ὀνομάσας
705 1168 869 1239 ζωήν.
911 1170 1125 1241 Ἐπειδὴ
1159 1172 1255 1241 οὐχ
1287 1173 1317 1225 6
1348 1173 1602 1245 αἰσθητὸς
1630 1176 1777 1247 ἥλιος

200 1260 429 1329 φωτίζει
462 1260 560 1330 τὴν
586 1260 799 1331 ἡμέραν
825 1262 1061 1335 ἐκείνην,
1104 1263 1240 1318 ἀλλά
1268 1265 1330 1318 τὸ
1368 1264 1616 1336 ἀληθινὸν
1640 1268 1773 1338 φῶς,

198 1351 358 1422 δ’τῆς
394 1352 739 1422 δὶκαιοσύνης
778 1354 962 1424 ἥλιος,
1003 1354 1062 1419 ὃς
1108 1376 1125 1407 ι
1175 1356 1433 1430 Ἀνατολὴ
1480 1377 1499 1410 ι
1546 1360 1650 1413 ὑπὸ
1677 1362 1777 1431 τῆς

200 1441 541 1512 προφητείας
570 1442 1021 1514 κατονομάζεται,
1042 1446 1129 1499 διὰ
1157 1447 1219 1499 τὸ
1251 1446 1524 1519 μηδέποτε
1550 1449 1777 1522 ductui;

199 1533 704 1602 συγκαλύπτεσθαι.

270 1642 348 1699 Ἰῖὺ
372 1645 430 1698 δέ
453 1646 584 1699 αύτὸ
599 1646 756 1699 τοῦτο
774 1648 865 1700 καὶ
882 1649 939 1700 ἐν
962 1651 1080 1712 ταῖς
1099 1650 1283 1723 «Υπὲρ
1300 1650 1411 1705 τῶν
1423 1652 1599 1722 ληνῶν
1620 1674 1636 1706 ι
1657 1657 1777 1709 ἐπι-

198 1740 441 1807 γραφαῖς
471 1741 787 1807 ἐνοήσαμεν.
828 1740 890 1792 Ἥ
921 1742 1029 1812 γὰρ
1058 1741 1236 1812 ληνὸς,
1268 1744 1412 1797 οίνου
1442 1747 1588 1799 ἐστὶν
1613 1749 1776 1818 ἐργα-

198 1829 445 1933 στήριον,
484 1831 541 1884 ὲν
655 1830 773 1933 τῶν.
803 1830 1043 1903 βοτρύων
1084 1835 1543 1906 συνθλιὸομένων,
1573 1841 1601 1891 6
1633 1836 1774 1905 οἶνος
1803 1873 1852 1933 Β

196 1918 433 1986 γίνεται.
473 1919 612 1972 Ἀλλ’
638 1922 685 1973 εἰ
719 1920 818 1990 μὲν
850 1922 914 1973 ἑκ
954 1924 1270 1993 σεσηπότων
1298 1925 1331 1994 ἢ
1359 1926 1770 1997 ὀμφακιζόντων

193 2010 306 2063 τῶν
347 2008 586 2081 βοτρύων
626 2012 874 2083 ἀπορρυῇ
916 2016 943 2066 6
982 2010 1155 2080 οἶνος,
1200 2017 1429 2088 τροπίας
1468 2017 1577 2088 (85)
1610 2019 1770 2083 εὐθὺς

196 2100 294 2153 καὶ
336 2101 537 2165 ἄποτος
583 2101 822 2171 γίνεται,
857 2107 936 2166 εἰς
988 2105 1251 2160 δυσωδίαν
1296 2108 1437 2173 τινὰ,
1474 2108 1507 2181 ἧ
1549 2110 1644 2163 καὶ
1690 2111 1772 2174 εἰς

194 2190 371 2263 ὀξώδη
399 2192 716 2263 μεταδαλὼν
744 2193 1022 2267 ποιότητα,
1052 2195 1141 2250 διά
1169 2214 1313 2262 τινος
1340 2198 1530 2271 ἑτέρας
1554 2200 1770 2270 διαφθο-

199 2288 300 2357 ρᾶς
336 2288 417 2351 εἰς
465 2286 759 2360 σκωλήκων
802 2290 1016 2358 γένεσιν
1060 2290 1458 2362 ἀλλοιούμενος.
1489 2291 1554 2345 Εἰ
1585 2293 1640 2346 δὲ
1682 2284 1781 2345 εύ-’

192 2380 364 2450 γενής
391 2396 450 2433 τε
495 2381 589 2434 καὶ
625 2379 825 2451 ὡραῖος
863 2385 981 2445 ταῖς
1019 2381 1198 2453 ληνοῖς
1233 2386 1421 2457 ὲντεθῇ
1466 2384 1579 2457 (86)
1612 2386 1641 2437 6
1680 2384 1769 2454 βό-

190 2487 331 2541 1ιρυς
353 2510 369 2535 ,
406 2471 538 2543 ήδύς
580 2491 641 2526 τε
680 2474 774 2527 καὶ
814 2474 1111 2544 ἀνθοσμίας
1138 2476 1166 2528 6
1203 2469 1344 2539 οἰνος
1386 2476 1494 2530 τῶν
1529 2476 1770 2548 βοτρύων

193 2561 644 2632 ἁπορῤυήσεται,
693 2562 769 2634 τῷ
818 2562 1015 2634 μακρῷ
1057 2565 1235 2636 χρόνῳ
1279 2567 1646 2630 συνεπιδιδοὺς
1690 2568 1771 2631 εἰς

191 2651 395 2714 κάλλος
441 2654 534 2707 καὶ
585 2652 861 2710 εὖπνοιαν.
902 2656 967 2710 Τί
1013 2651 1103 2709 οὖν
1140 2657 1201 2710 τὸ
1250 2658 1477 2728 αἴνιγμα
1522 2658 1769 2730 βούλεται

192 2744 505 2816 φροντίζειν
544 2746 639 2800 τοῦ
660 2747 901 2820 (βότρυος
944 2748 1019 2812 ὡς
1054 2748 1137 2801 ἔνι
1180 2749 1442 2819 μάλιστα;
1477 2751 1662 2814 Ὅπως
1704 2751 1769 2804 ἂν

190 2837 329 2909 ἡμῖν
385 2838 640 2911 πλουτοίη
703 2840 796 2894 τοῦ
864 2841 1207 2911 ἀνθρωπίνου
1260 2842 1350 2895 νοῦ
1408 2844 1443 2912 ή
1491 2844 1767 2915 ἀποθήκηο

189 2929 349 2993 ἐλπὶς
379 2929 489 3001 (87)
516 2932 572 2984 δέ
599 2933 743 2985 ἐστιν
776 2933 814 3003 ή
837 2933 1087 3005 ἀποθήκη
1117 2935 1174 2986 ἐν
1208 2927 1242 3008 ᾗ
1271 2936 1422 2989 πᾶσα
1454 2935 1583 3006 ἡμῖν
1613 2937 1647 3007 ἡ
1672 2934 1773 2988 τοῦ

190 3020 315 3089 βίου
344 3022 665 3094 παρασκευὴ
694 3022 1023 3094 περιέχεται.
1054 3022 1209 3076 Οὕτω
1235 3023 1278 3076 δ’
1305 3023 1371 3078 ἂν
1397 3024 1609 3092 γένοιτο
1636 3027 1768 3095 ἡμῖν

186 3112 465 3184 πρόδηλος
507 3113 612 3166 τῶν
657 3113 896 3186 βοτρύων
929 3115 964 3185 ἡ
1002 3113 1195 3184 φύσις,
1233 3116 1280 3168 εἰ
1324 3115 1517 3185 φανείη
1555 3115 1771 3187 πρῶτον

184 3203 258 3256 ’τὰ
290 3204 547 3274 κλήματα
571 3244 586 3267 ,
616 3205 707 3257 καί
734 3207 765 3275 ἡ
796 3205 1117 3277 περιεκτικὴ
1147 3205 1255 3258 τῶν
1296 3223 1357 3258 τε
1386 3205 1500 3276 (88)
1531 3205 1769 3276 βοτρύων
1797 3230 1837 3287 C

184 3297 286 3349 καὶ
324 3295 619 3367 κλημάτων
666 3297 925 3368 ἄμπελος.
977 3296 1136 3350 Ἀλλά
1181 3295 1339 3349 τοῦτο
1374 3297 1611 3366 φανερὸν
1656 3296 1772 3368 (89)

184 3387 257 3439 ὲκ
280 3385 393 3439 τῶν
420 3386 516 3439 τοῦ
545 3387 749 3457 Κυρίου
781 3387 955 3456 λόγων
984 3388 1295 3457 γενήσεται,
1324 3387 1419 3440 τοῦ
1450 3388 1562 3457 (90)
1586 3387 1768 3440 εἰπόν-

182 3492 301 3539 τοςο
326 3494 345 3527 ι
367 3474 510 3544 Ἐγὼ
533 3477 565 3547 ή
594 3477 702 3547 (91)
720 3476 1153 3549 ἄμπελος,ὑμεῖς
1171 3476 1237 3531 τά
1252 3478 1525 3549 κλήματα.
1540 3498 1559 3530 ι
1581 3479 1643 3531 Εἰ
1661 3483 1769 3550 γὰρ

184 3566 410 3637 ἀληθῶς
435 3570 494 3620 ὲν
525 3567 672 3638 αὐτῷ
695 3570 881 3640 έσμεν,
905 3569 1260 3642 ἐρριζωμένοι
1294 3570 1768 3642 καρποφοροῦντες

182 3676 248 3711 τε
263 3676 361 3712 και
377 3659 749 3732 αὐξανόμενοι,
773 3660 954 3725 καθώς
976 3679 1137 3732 φησιν
1158 3664 1187 3714 ὁ
1221 3662 1557 3728 Ἀπόστολος,
1578 3665 1769 3735 νοήσο-

191 3766 296 3818 μεν
324 3750 413 3803 διὰ
441 3748 549 3803 τῶν
585 3750 922 3822 εἰρημένων,
966 3752 1046 3805 ὅτι
1079 3753 1126 3804 οἱ
1172 3753 1229 3804 ἐν
1261 3750 1409 3822 αὐτῷ
1436 3752 1765 3817 κτισθέντες,

184 3841 288 3895 καὶ
324 3843 451 3896 ἄνευ
484 3842 647 3896 αὑτοῦ
676 3844 751 3916 μὴ
779 3844 950 3911 ὄντες,
972 3844 1117 3908 ἄξιον
1143 3845 1221 3914 (9i
1241 3845 1280 3913 ')
1302 3846 1401 3913 τῆς
1435 3843 1768 3915 ὑποτρεφού-

184 3951 295 4002 σης
322 3936 470 4004 ἡμᾶς
502 3935 745 4005 ἰκμάδος,
768 3936 860 3991 τὸν
882 3938 946 3990 ἐκ
967 3935 1073 3989 τῶν
1101 3936 1276 4007 ἔργων
1298 3936 1494 4008 βότρυν
1518 3938 1647 4008 παρ’
1669 3938 1768 3990 otii-

179 4022 282 4076 τοῦ
316 4022 427 4093 (9‘2;
466 4024 873 4097 ἀπαιτούμεθα,
909 4026 1047 4095 μήτε
1080 4025 1147 4077 δι’
1182 4025 1352 4095 ὀργῆς
1392 4025 1769 4095 ὀμφακίζοντά

176 4130 245 4166 τε
280 4115 376 4167 καὶ
418 4114 831 4184 καταστύφοντα
864 4114 999 4186 (95),
1040 4117 1176 4185 μήτε
1213 4115 1280 4168 δι’
1311 4115 1504 4186 ἡδονῆς
1535 4133 1679 4178 τινος
1708 4117 1766 4168 ὲν

183 4207 451 4279 αηπεδόνι
482 4206 833 4279 φθειρόμενόν
860 4223 921 4258 τε
953 4208 1048 4259 καὶ
1092 4206 1370 4277 λυόμενον.
1427 4208 1515 4261 Ἐν
1558 4209 1667 4278 γὰρ
1698 4210 1768 4279 τῇ

178 4298 338 4371 ληνῷ
364 4299 464 4368 τῆς
496 4299 723 4351 ἑκάστου
752 4297 927 4369 ψυχῆς
969 4296 1147 4368 (ληνὸς
1182 4298 1239 4351 δέ
1272 4301 1419 4351 ἐστιν
1456 4299 1497 4369 ή
1523 4299 1767 4367 συνείδη-

182 4390 312 4459 σις)
341 4389 370 4441 ὁ
407 4390 474 4441 ἐκ
514 4388 621 4442 τῶν
648 4388 824 4459 ἔργων
855 4388 1049 4458 βότρυς
1080 4386 1171 4439 τὸν
1210 4381 1351 4440 οἶνον
1384 4389 1517 4458 ἡμῖν
1556 4390 1634 4451 εἰς
1675 4388 1767 4441 τὸν

179 4477 389 4548 ἐφεξῆς
414 4477 748 4547 ἀποθήσεται
770 4476 903 4547 βίον.
932 4477 1043 4530 Καὶ
1072 4477 1221 4529 πᾶσα
1239 4476 1450 4547 ἀνάγκη
1478 4477 1588 4530 τῶν
1617 4478 1761 4532 ἰδίων

1883 628 2173 700 quamdam
2193 628 2317 684 vitae
2337 628 2706 686 conditionem
2738 638 2989 684 naturam
3020 640 3263 686 nostram
3285 639 3463 689 trans-

1883 728 2151 785 mutante,
2187 721 2405 775 sublata
2435 721 2654 792 penitus
2687 722 2835 776 omni
2862 722 3099 789 actione,
3134 737 3255 793 qua:
3278 722 3353 777 ad
3372 738 3461 777 or-

1882 820 1996 867 tum
2024 814 2110 868 vel
2144 813 2423 869 interitum
2471 821 2711 883 spectat;
2755 823 2885 869 tunc
2912 815 3136 870 omnino
3180 816 3434 872 etiamse

1882 906 2127 972 ptimana
2157 904 2282 969 ista,
2318 910 2534 974 tempus
2563 903 2854 961 dimetiens
2890 914 2943 960 et
2974 907 3459 974 circumscribens,

1883 994 2123 1060 finietur,
2154 995 2518 1065 succedetque
2545 993 2752 1050 Octava
2792 996 2903 1063 illa,
2931 1012 3052 1068 qua;
3080 1006 3165 1054 est
3197 999 3455 1053 saeculum

1884 1087 2144 1151 futurum,
2170 1094 2280 1141 tota
2311 1087 2480 1141 unico
2512 1085 2601 1141 die
2631 1086 3047 1157 comprehensa,
3072 1096 3130 1143 ut
3150 1099 3204 1144 et
3224 1090 3460 1160 prophe-

1880 1184 2059 1232 tarum
2089 1177 2361 1248 quispiam
2407 1186 2662 1241 testatur,
2712 1178 2807 1248 qui
2838 1179 3028 1246 vitam,
3060 1195 3225 1249 quam
3275 1197 3457 1251 spera-

1880 1284 2021 1333 mus,
2054 1288 2082 1319 ι.
2100 1283 2355 1339 magnum
2386 1268 2528 1325 diem
2545 1269 2588 1299 “
2624 1288 2642 1319 ι
2682 1268 3006 1331 nominavit,
3054 1286 3177 1324 cum
3208 1287 3315 1326 non
3354 1274 3457 1329 iste

1880 1355 1961 1409 sol
2008 1356 2240 1412 visibilis
2274 1357 2418 1412 diem
2462 1357 2619 1411 illum
2650 1357 3023 1414 illustraturus
3057 1359 3149 1423 sit,
3186 1361 3282 1416 sed
3326 1378 3458 1417 vera

1878 1448 1966 1502 illa
2021 1450 2148 1515 lux,
2183 1448 2275 1505 Sol
2309 1449 2571 1520 justitiaa,
2602 1449 2696 1519 qui
2736 1468 2754 1501 ι
2788 1449 3039 1505 Oriens”
3072 1470 3090 1503 ›
3131 1466 3159 1504 a
3182 1451 3459 1521 Propheta

1878 1537 2198 1607 appellatur,
2222 1554 2290 1594 eo
2324 1538 2471 1609 quod
2494 1537 2563 1593 ab
2585 1552 2786 1594 occasu
2819 1554 3098 1610 nunquam
3130 1542 3453 1597 occultetur.

1946 1646 2090 1700 Idem
2136 1662 2332 1702 sensus
2368 1646 2649 1716 subjectus
2680 1656 2764 1702 est
2811 1647 2922 1703 illis
2958 1648 3457 1719 inscriptionibus,

1876 1751 1997 1805 quae
2030 1736 2228 1791 habent
2264 1752 2279 1788 :
2334 1755 2353 1786 ί
2384 1736 2492 1791 Pro
2524 1738 2913 1794 torcularibus.
2948 1759 2968 1791 ι
3012 1738 3277 1795 Torcular
3304 1742 3449 1795 enim

1876 1826 2088 1879 oﬂicina
2134 1836 2217 1883 est
2250 1829 2383 1894 vini,
2429 1827 2485 1881 in
2528 1842 2635 1896 qua
2668 1827 2920 1883 contritis
2952 1828 3073 1883 uvis
3117 1830 3175 1884 fit
3208 1830 3392 1884 vinum
3432 1848 3448 1884 :

1879 1918 1974 1974 scd
1998 1915 2287 1991 siquidem
2316 1934 2384 1973 ex
2424 1920 2747 1989 putrefactis
2776 1929 2872 1976 aut
2916 1922 3130 1978 acerbis
3156 1923 3330 1979 botris
3359 1925 3448 1980 vi-

1878 2023 2007 2062 num
2036 2007 2393 2077 exprimatur,
2443 2008 2734 2064 evanidum
2767 2018 2821 2065 et
2864 2010 2931 2065 ad
2972 2019 3160 2081 potum
3205 2012 3451 2083 ineptum

1878 2097 2160 2155 confestim
2190 2098 2438 2164 eﬂieitur,
2466 2107 2520 2155 et
2547 2102 2891 2172 graveoleute
2917 2102 3173 2172 quadam,
3197 2116 3446 2161 acetosa—

1876 2202 1982 2257 que
2007 2187 2269 2256 qualitate
2295 2187 2553 2243 inficitur.
2586 2188 2680 2245 Est
2706 2205 2832 2245 cum
2855 2200 2909 2246 et
2935 2192 3042 2246 alio
3072 2195 3447 2265 corruptionis

1877 2278 2038 2331 modo
2068 2280 2121 2332 in
2156 2294 2371 2335 vermes
2396 2287 2784 2336 commutatur.
2813 2281 2969 2348 Quod
3006 2284 3052 2338 si
3080 2287 3451 2341 torcularibus

1876 2370 2101 2439 pulcher
2126 2380 2179 2425 et
2212 2378 2460 2427 maturus
2493 2371 2762 2427 inferatur
2799 2375 3012 2443 botrus,
3042 2376 3203 2433 dulce
3234 2388 3289 2433 et
3313 2395 3448 2435 sua-

1875 2464 2094 2519 veolens
2122 2464 2309 2518 vinum
2360 2481 2427 2521 ex
2480 2467 2601 2522 uvis
2650 2468 2979 2539 distillabit;
3024 2473 3282 2542 quodque
3329 2475 3453 2545 ipsa

1875 2556 2136 2625 temporis
2182 2556 2538 2613 diuturnitate
2574 2559 2809 2613 multum
2856 2560 2925 2614 ad
2979 2561 3279 2619 bonitatem
3323 2580 3447 2635 gra-

1877 2656 2099 2719 tumque
2132 2649 2355 2705 odorem
2389 2650 2657 2720 proﬁciat.
2691 2650 2833 2718 Quid
2874 2652 3043 2725 igitur
3065 2655 3310 2726 {aenigma
3339 2657 3445 2711 hoc

1873 2748 1928 2793 et
1959 2739 2200 2795 abditum
2230 2742 2371 2796 botri
2425 2757 2686 2798 arcanum
2725 2759 2829 2800 nos
2857 2760 3021 2814 quam
3064 2748 3303 2803 maxime
3348 2764 3447 2803 cup

1874 2846 1997 2887 rare
2044 2832 2264 2887 monet?
2302 2833 2571 2898 videlicet,
2614 2844 2673 2889 ut
2723 2850 2895 2903 penus
2942 2836 3197 2893 humanae
3244 2841 3453 2895 mentis

1874 2922 2023 2975 omni
2057 2923 2332 2991 copiarum
2369 2940 2565 2993 genere
2595 2925 2858 2991 abundet,
2890 2928 2945 2981 in
2973 2943 3079 2999 qua
3108 2931 3288 2987 omnis
3319 2933 3451 2987 vita:

1873 3024 2169 3082 apparatus
2194 3015 2352 3070 nobis
2383 3018 2720 3071 reconditur.
2787 3019 2893 3075 Sed
2935 3028 3051 3074 tum
3091 3022 3308 3077 demum
3344 3024 3443 3079 bo-

1873 3113 2079 3158 trorum
2112 3112 2305 3160 natura
2351 3110 2637 3177 perspicua
2687 3110 2846 3164 nobis
2890 3112 3017 3176 erit,
3065 3112 3112 3168 si
3139 3128 3445 3182 cognosca-

1875 3212 1994 3252 mus
2023 3213 2239 3269 quoque
2286 3199 2559 3269 palmites,
2604 3216 2837 3271 eamque
2892 3219 3014 3273 qua:
3059 3213 3115 3259 et
3156 3206 3345 3261 botros
3388 3212 3444 3261 et

1875 3288 2129 3357 palmites
2173 3290 2437 3357 continet,
2487 3291 2673 3348 vitem.
2708 3293 2841 3359 Quae
2867 3295 3086 3364 quidem
3118 3296 3277 3365 plana
3306 3298 3443 3351 tiunt

1868 3395 1931 3434 ex
1956 3395 2207 3436 sermone
2234 3382 2471 3447 Domini,
2495 3399 2618 3439 cum
2646 3385 2784 3438 ait"
2816 3403 2831 3439 :
2862 3385 3006 3457 «Ego
3031 3402 3150 3442 sum
3176 3387 3321 3451 vitis,
3344 3403 3445 3442 vos

1868 3467 2136 3537 palmites.
2191 3483 2210 3517 ι
2256 3464 2314 3521 Si
2363 3467 2508 3524 enim
2549 3485 2670 3525 vere
2702 3473 2757 3528 in
2785 3473 2904 3544 ipso
2936 3475 3162 3530 radicati
3198 3475 3437 3531 fructum

1870 3556 2116 3623 ferimus,
2148 3556 2582 3627 crescimusque,
2604 3569 2662 3616 ut
2678 3560 2755 3615 ait
2774 3561 3145 3632 Apostolus",
3168 3565 3438 3635 intellige-

1868 3662 1987 3701 mus
2019 3662 2085 3702 ex
2116 3647 2418 3717 praedictis,
2466 3663 2496 3701 a
2528 3650 2687 3705 nobis
2716 3651 2811 3720 qui
2849 3652 2905 3706 in
2953 3653 3075 3723 ipso
3124 3656 3294 3710 creati
3343 3672 3440 3710 su-

1868 3752 1987 3790 mus
2011 3777 2027 3801 ,
2065 3744 2119 3791 et
2148 3736 2240 3806 qui
2270 3737 2390 3793 sine
2436 3738 2556 3807 ipso
2598 3737 2749 3810 digni
2804 3756 2914 3795 non
2955 3757 3265 3809 censemur,
3300 3760 3442 3815 quos

1866 3829 2019 3883 alens
2050 3828 2141 3882 ille
2181 3844 2271 3885 ros
2303 3830 2608 3900 contingat,
2642 3831 2857 3887 botrum
2888 3849 3116 3903 operum
3146 3838 3313 3907 exigi,
3346 3854 3442 3894 ne-

1866 3937 1973 3991 que
1999 3920 2077 3975 ira
2102 3931 2466 3987 acescentem,
2499 3931 2553 3978 et
2583 3924 2777 3979 acerbe
2808 3927 3293 3998 constringentem,
3340 3944 3440 3984 nc-

1865 4029 1971 4082 que
2026 4014 2303 4083 voluptate
2348 4013 2606 4083 quadam,
2659 4017 2806 4071 velut
2844 4017 3266 4086 putrefactione,
3312 4034 3439 4075 cor-

1866 4110 2083 4172 ruptum
2115 4113 2168 4159 et
2196 4105 2548 4161 dissolutum.
2604 4104 2664 4161 In
2706 4108 2967 4163 torculari
2995 4111 3141 4164 enim
3168 4109 3439 4180 cujusque

1864 4191 2061 4248 anima:
2077 4193 2340 4265 (torcular
2355 4212 2483 4252 vero
2507 4210 2589 4256 est
2608 4201 2967 4265 conscientia)
2984 4200 3177 4256 botrus
3206 4216 3435 4270 operum

1863 4288 2047 4341 vinum
2083 4287 2243 4343 nobis
2280 4288 2335 4342 iu
2377 4288 2614 4343 futuram
2646 4290 2812 4345 vitam
2850 4300 3112 4361 reponet;
3155 4308 3283 4346 nam
3316 4307 3436 4346 om-

1865 4379 1995 4434 nino
2025 4378 2397 4435 necessarium
2430 4387 2514 4434 est
2547 4380 2840 4450 quemlibet
2871 4383 3109 4452 propriis
3158 4382 3437 4437 laboribus

1866 4472 2086 4543 repleri,
2131 4472 2546 4543 qualescunque
2590 4474 2807 4549 demum
2844 4475 2923 4528 illi
2970 4474 3194 4529 fuerint.
3247 4474 3435 4546 itaque

178 4570 425 4622 ἕκαστον
450 4568 802 4639 ἐμφορεῖσθαι
830 4568 1029 4634 πόνων,
1058 4562 1159 4621 οἷοί
1193 4584 1298 4639 περ
1322 4566 1389 4621 ἂν
1417 4568 1654 4639 τύχωσιν
1676 4570 1766 4624 6v-

1874 4565 2011 4620 beati
2040 4574 2168 4619 sunt
2196 4563 2273 4618 illi
2307 4564 2509 4629 coloni,
2543 4580 2775 4636 quorum
2807 4566 3017 4632 vinum,
3050 4567 3178 4621 dum
3208 4566 3435 4631 bibitur,

175 4676 299 4735 τες.
339 4659 430 4723 Ὧς
464 4659 722 4731 μακάριοί
752 4677 817 4741 γε
844 4659 951 4715 τῶν
981 4658 1243 4730 γεωργῶν
1275 4660 1493 4726 ἐκεῖνοι,
1522 4653 1595 4714 ὧν
1625 4662 1655 4713 6
1681 4658 1761 4715 οἷ-

175 4768 276 4815 νος
317 4749 597 4821 εὐφραίνει
628 4749 855 4821 καρδίαν
898 4746 1184 4821 ἀνθρώπου
1222 4748 1335 4817 (94)
1365 4750 1423 4803 ἐν
1464 4750 1762 4806 ἀπολαύσει

175 4842 494 4914 γινόμενος.
538 4839 790 4895 Ἐλεεινοὶ
831 4837 890 4891 δὲ
924 4840 988 4892 ἐκ
1018 4837 1111 4892 τοῦ
1146 4840 1386 4893 ἐναντίου
1421 4842 1513 4895 καὶ
1548 4841 1760 4914 θρήνων

178 4932 352 5000 ἄξιοι,
366 4926 442 4987 ὧν
460 4951 478 4984 ι
494 4934 675 5009 θμμδς
691 4930 996 5001 δρακόντων
1024 4930 1051 4982 6
1076 4922 1215 4990 οἶνος
1236 4949 1253 4980 ι
1276 4929 1483 4999 γίνεται
1504 4929 1646 4983 κατά
1660 4929 1757 5001 τὴν

174 5026 468 5091 Minucio);
498 5025 702 5097 φωνὴν,
735 5025 816 5087 εἰς
841 5020 1216 5095 δηλητηριώδη
1259 5018 1573 5090 μεταϐαλὼν
1611 5020 1757 5073 ποιό-

256 5203 307 5237 ³⁵
333 5201 471 5258 Joel.
505 5217 566 5266 rt,
606 5201 691 5255 ii.

176 5275 278 5341 '52,
311 5275 405 5330 35.

284 5457 378 5528 35)
421 5456 738 5528 Ἑντροπίας
763 5452 983 5528 quidam
1008 5448 1165 5528 codd:

282 5516 378 5596 86)
415 5516 764 5596 Ἐναποτεθῇ,
918 5518 1445 5596 Ἐντεθείηῇιιιιίάὶὶιῐι
1475 5516 1637 5575 codd.

282 5590 378 5667 87)
423 5596 607 5669 Ἐλπίς
630 5590 980 5669 οόᾷποθήκη
1015 5606 1127 5648 om.
1152 5590 1259 5649 ed.
1564 5636 1584 5669 κ

254 5662 375 5740 (88)
400 5666 497 5739 Τε]
530 5666 660 5740 παρ’
683 5662 977 5740 αὐτοῦηειί.

261 5733 379 5805 (89)
407 5733 642 5810 Φανερόν
672 5752 780 5810 om.
817 5733 903 5788 ed.

256 5810 373 5877 (90)
408 5808 513 5862 Τοῦ
539 5806 647 5863 ὀπὶ.
673 5806 759 5864 ed.

787 5199 830 5231 ³⁵
853 5196 1017 5253 Zacb.
1043 5210 1118 5260 vl,
1150 5195 1235 5248 12.
1338 5196 1385 5227 ³⁵
1415 5192 1572 5249 Joan.
1610 5211 1697 5257 xv,
1724 5194 1777 5250 5.

1869 4669 1965 4709 cor
2003 4655 2239 4710 laetificat
2271 4674 2284 4711 :
2315 4656 2606 4710 miserandi
2635 4672 2664 4710 c
2687 4656 2985 4722 contrario,
3037 4656 3299 4727 dignique
3348 4660 3427 4711 la-

1865 4748 2084 4818 crymis,
2110 4763 2342 4818 quorum
2365 4748 2546 4803 vinum
2572 4748 2731 4817 juxta
2759 4746 2926 4804 Mosis
2955 4748 3185 4810 dictum,
3223 4767 3242 4799 ι
3278 4746 3348 4803 fel
3378 4757 3436 4803 et

1866 4838 1944 4892 ira
1965 4839 2264 4895 draconum
2282 4840 2359 4891 ³⁸»
2389 4838 2638 4906 eﬂicitur,
2665 4847 3060 4895 commutatum
3085 4839 3141 4894 in
3165 4854 3432 4895 venenum

1862 4930 2040 4995 letale,
2065 4938 2121 4985 et
2147 4946 2213 4986 ex
2240 4929 2577 4986 Sodomitica
2606 4932 2763 4986 vinea
2791 4930 3146 4999 perditionem
3168 4930 3431 4985 afferens.

1861 5021 1998 5075 Cum
2033 5020 2197 5092 igitur
2271 5018 2463 5073 oculos
2525 5015 2592 5071 ad
2651 5018 2909 5075 Octavam
2976 5020 3274 5087 reﬂexeris,
3308 5037 3423 5075 me—

1880 5194 1925 5226 ³⁷
1957 5192 2155 5265 Epiies.
2187 5206 2272 5253 Ill.
2308 5191 2407 5259 l7;
2448 5190 2659 5249 Coloss.
2712 5208 2772 5259 ιι,
2800 5192 2852 5246 7.
2959 5193 3004 5225 ³³
3036 5193 3192 5252 Deut.
3242 5210 3420 5261 xxxii,

1931 5442 2040 5513 (9t)
2086 5442 2150 5496 'H
2173 5458 2283 5497 om.
2310 5443 2398 5497 ed.

1930 5515 2010 5585 (9i
2100 5515 2304 5585 Ἀξιοι,
2321 5513 2409 5568 ed.

1930 5584 2054 5654 (92)
2075 5585 2213 5654 Παρ⁹
2250 5584 2413 5636 αὐτοῦ
2445 5599 2554 5637 om.
2587 5584 2675 5654 ed.

1930 5652 2043 5725 (95)
2069 5652 2518 5725 Μεταστύφοντα,
2553 5652 2637 5708 ed.

1930 5664 2021 5725 (95
2069 5664 2518 5723 Μεταστυφοντα,
2553 5664 2637 5708 ea.

1929 5664 2043 5796 (94)
2084 5724 2393 5796 Ἀνθρώπου
2414 5740 2524 5779 0m.
2553 5726 2641 5779 ed.
