3982 6504
1624 428 1689 483 ΙΝ
1728 428 2069 487 PSALMOS.

3364 427 3465 487 διο

217 536 296 609 τῷ
324 537 423 608 τῆς
453 538 654 609 σκηνῆς
683 538 781 610 (ὅ),
817 542 911 594 κάι
938 543 1259 613 ἡττηθέντος
1301 546 1360 598 ὲν
1393 545 1470 616 τῷ
1502 546 1602 617 τῆς
1648 546 1796 617 ζωῆς

1926 550 2256 606 abernaculo
2288 548 2474 605 carnis
2509 548 2628 619 ejus
2664 563 2693 602 a
2722 556 2897 604 morte
2921 546 3210 610 dissoluto,
3243 565 3468 620 supera-

224 629 420 699 σταδίῳ
446 631 540 684 τοῦ
572 632 1067 701 προσπαλαίοντας,
1105 636 1266 699 εὐθὺς
1304 639 1362 691 ὲν
1408 638 1663 707 ἀγγέλοις
1703 635 1791 708 ἦν.

229 741 254 793 ι,
297 721 544 789 Ἐγένετο
576 741 595 773 ι
643 724 773 794 γὰρ,
812 720 997 794 φησὶν,
1034 746 1052 779 ι
1106 728 1397 784 ἀποθανεῖν
1427 731 1521 782 τὸν
1558 729 1795 799 πτωχὸν,

223 816 319 886 καὶ
360 815 724 886 ἀπενεχθῆναι
753 816 859 872 ὑπὸ
898 817 1007 871 τῶν
1039 819 1305 887 ἀγγέλων.
1354 839 1372 870 ›
1400 819 1549 893 Αὕτη
1588 822 1736 874 ἐστὶν
1765 822 1799 892 ἡ

223 906 433 995 χορεία,
465 909 499 979 ἡ
527 909 662 980 μετὰ
688 908 795 963 τῶν
826 910 1069 979 ἀγγέλων
1096 912 1394 983 ὁδοιπορία,
1422 916 1517 966 καὶ
1544 915 1573 967 ὁ
1601 913 1802 986 κόλπος

224 999 318 1053 τοῦ
365 1000 737 1078 πατριάρχου,
772 1002 801 1054 ὁ
836 1003 894 1053 ὲν
938 1002 1097 1073 αὐτῷ,
1129 1003 1667 1072 συμπεριλαμβάνων
1710 1003 1804 1056 τὸν

223 1091 476 1161 Λάζαρον
500 1108 513 1121 ·
570 1091 690 1163 οὐδὲ
727 1093 886 1155 αὐτὸς
936 1094 1036 1163 τῆς
1085 1094 1315 1167 φαιδρᾶς
1362 1094 1458 1148 τοῦ
1511 1095 1679 1169 χοροῦ¹
1726 1094 1802 1166 (6)

226 1180 547 1251 συμφωνίας
584 1180 687 1246 ἔξω
730 1186 949 1237 νοεῖται.
983 1170 1197 1238 Κόλπον
1228 1184 1337 1257 γὰρ
1383 1186 1642 1251 ἀκούσας,
1693 1181 1804 1241 οἷόν

226 1286 349 1323 τινα
378 1271 687 1350 εὐρύχωρον
715 1273 983 1340 πελάγους
1008 1275 1267 1347 περιοχὴν
1288 1315 1303 1341 ,
1341 1276 1402 1331 τὸ
1438 1277 1549 1331 τῶν
1582 1277 1806 1347 ἀγαθῶν

227 1361 529 1431 πλήρωμα,
577 1363 652 1428 ᾡς
701 1364 1062 1436 ἐπωνομάσθη
1111 1368 1139 1420 ὁ
1190 1367 1568 1441 πατριάρχης,
1607 1370 1807 1439 νοήσας

226 1469 334 1515 τις,
365 1453 469 1505 οὐκ
503 1453 570 1523 ἂν
608 1453 862 1525 ἁμάρτοι,
900 1456 957 1508 ὲν
1076 1458 1172 1510 καὶ
1197 1460 1225 1512 ὀ
1261 1459 1337 1531 (7)
1378 1459 1627 1530 Λάζαρος
1657 1459 1806 1528 γίνε-

228 1558 341 1595 ται.
369 1539 490 1594 Τῶν
514 1542 619 1614 γὰρ
647 1544 707 1597 ἐν
731 1546 839 1608 τοῖς
867 1544 1075 1619 ὁμοίοις
1097 1546 1272 1615 ἀγῶσι
1299 1548 1685 1617 διαφανέντων,
1713 1549 1805 1607 οὺ-

229 1629 321 1687 δέν
347 1630 503 1703 ἐστιν.
517 1631 644 1689 ῑδιον
667 1632 898 1697 οὐδενὸς,
920 1634 1057 1689 ἀλλὰ
1080 1636 1256 1699 κοινὸν
1283 1638 1500 1691 πάντων
1521 1638 1581 1711 τὸ
1605 1638 1808 1706 ἀγαθὸν

231 1722 465 1791 γίνεται,
498 1723 605 1793 τῷν
645 1724 731 1779 διὰ
769 1725 871 1797 τῆς
904 1727 1077 1800 αὐτῆς
1103 1729 1303 1801 ἀρετῆς
1347 1730 1439 1782 ἐπὶ
1474 1730 1542 1796 τὸ,
1566 1730 1643 1801 (8)
1695 1730 1808 1803 ζσον

233 1814 442 1884 ἀγαθὸν
468 1816 899 1897 συνδραμόντων.
1045 1806 1050 1815 ’
1154 1806 1160 1818 ’

286 2051 354 2104 Ἦ
365 2050 419 2104 δὲ
438 2072 456 2103 ι
472 2054 532 2109 τὸ
548 2054 746 2131 ἐξόδιον
765 2077 782 2107 ι
800 2056 996 2126 ἔχουσα
1012 2075 1034 2116 ι
1050 2058 1148 2124 τῆς
1162 2057 1366 2132 σκηνῆς
1379 2060 1705 2132 ιὲπιγραιρὴ,
1717 2060 1811 2117 καὶ

238 2140 403 2203 πάλιν
423 2178 451 2223 ,λ
480 2158 499 2192 ι
529 2139 699 2212 ’Υπὲρ
743 2141 835 2195 τοῦ
879 2144 1233 2217 ἑγκαιῠνισμοῦ
1263 2148 1355 2201 τοῦ
1393 2151 1540 2221 οἴκου
1572 2150 1757 2221 Aqui-5,
1787 2171 1806 2203 ›

236 2231 548 2301 γειτνιῶσιν
586 2232 841 2304 ἀλλήλαις
880 2239 1024 2309 κατά
1051 2238 1149 2309 τὴν
1182 2237 1329 2309 θέσιν
1375 2257 1435 2293 τε
1476 2242 1570 2295 καὶ
1602 2241 1699 2312 τὴν
1729 2244 1813 2295 έν-

236 2338 413 2397 νοιαν.
452 2322 607 2387 Ἐστι
638 2324 747 2394 γὰρ
787 2327 822 2395 ὴ
874 2326 979 2395 μὲν,
1000 2329 1059 2383 ὲν
1091 2326 1177 2399 τῷ,
1218 2330 1449 2401 εἰκοστῷ
1483 2332 1579 2385 καὶ
1609 2332 1810 2403 ὀγδόῳ,

235 2415 273 2482 ἠ
312 2413 372 2465 δὲ
410 2414 481 2483 ὲν¹
502 2413 581 2484 τῷ
621 2416 757 2485 μετὰ
799 2416 1006 2479 τοῦτον.
1054 2418 1117 2471 Ἦ
1150 2419 1205 2472 δὲ
1238 2420 1382 2493 λέξις
1414 2423 1500 2491 ἐφ’
1530 2423 1809 2493 ἐκατέρου,

234 2505 435 2585 ⁴εοῦτον
459 2506 570 2585 ἔχει
602 2508 695 2563 τὸν
725 2512 952 2582 τρόπον’
989 2514 1081 2567 ἐπὶ
1123 2515 1220 2584 μὲν
1262 2515 1361 2586 τῆς
1398 2516 1665 2587 προτέρας
1691 2518 1813 2570 ἐστι⁴

236 2596 498 2667 γραφῆς,
522 2598 552 2650 ι
588 2599 816 2670 Ψαλμὸς
852 2603 931 2673 τῷ
976 2604 1137 2657 Δαυῒδ
1178 2604 1376 2671 ἐξοδμίου
1426 2605 1661 2675 σκηνῆς·
1703 2625 1721 2657 ι
1757 2608 1813 2659 ὲν

331 2688 412 2759 τῷ
440 2690 661 2762 ἑφεξῆς,
694 2713 712 2744 ι
744 2694 969 2764 Ψαλμὸς
1009 2695 1153 2766 ᾠδῆς
1182 2695 1283 2765 τοῦ,
1323 2697 1678 2767 ὲγκαινισμοῦ
1720 2699 1813 2751 τοῦ

236 2782 394 2859 οἴκου
428 2784 607 2838 Δαυῖδ.
654 2802 672 2834 ι
723 2786 847 2838 Ἐάν
885 2786 1003 2859 γὰρ,
1037 2789 1111 2859 μὴ
1154 2789 1255 2858 τῆς
1303 2789 1565 2860 αἰσθητῆς
1610 2789 1817 2860 σκηνῆς

238 2871 569 2944 ἐξέλθωμεν,
599 2877 628 2929 ὁ
660 2877 910 2949 ἀληθινὸς
936 2880 1093 2950 ήμῶν
1120 2876 1269 2944 οἶκος
1296 2882 1396 2935 οὐκ
1429 2881 1814 2950 ἐγκαινίζεται.

241 2963 320 3016 Ϊὸ
342 2964 402 3018 δὲ
427 2965 735 3038 λεγόμενον,
762 2970 1000 3025 τοιοῦτόν
1029 2971 1104 3042 (9)
1126 2976 1299 3026 satur.
1317 2972 1421 3025 Δύο
1451 2974 1578 3044 περὶ
1599 2973 1695 3045 τὴν
1728 2975 1820 3043 άν-

240 3054 527 3127 Θρωπίνην
562 3063 761 3114 νοεῖται
789 3063 989 3130 φύσινῆ
1021 3063 1056 3134 ἦ
1079 3080 1141 3117 τε
1166 3064 1449 3136 σαρκώδης
1494 3065 1628 3137 ζωὴ,
1659 3068 1692 3135 ἡ
1731 3065 1819 3119 διὰ

1900 648 2065 711 teque
2100 643 2155 695 in
2189 641 2291 695 hoc
2321 639 2577 700 conﬂictu
2611 639 2948 703 adversario,
2989 641 3173 694 statim
3206 641 3345 697 inter
3372 658 3470 696 an-

1900 730 2049 799 gelos
2080 738 2331 799 receptus
2357 738 2460 785 est.
2491 746 2511 781 ι
2534 728 2759 782 Factum
2788 734 2871 787 est
2895 727 3063 790 enim,
3086 749 3105 783 ι
3134 728 3331 797 inquit,
3352 749 3377 793 ι,
3411 740 3473 785 ut

1904 834 2206 876 moreretur
2226 822 2531 885 mendicus,
2554 831 2607 875 et
2634 820 3015 889 deportaretur
3039 819 3109 873 ab
3136 822 3419 889 angelis“.
3446 842 3473 877 »η

1906 913 2169 969 Videlicet
2211 914 2323 969 haec
2356 929 2479 968 eum
2508 915 2717 983 angelis
2762 915 2981 976 chorea,
3017 913 3147 966 nihil
3192 921 3278 967 est
3324 914 3469 969 aliud

1904 1020 2064 1075 quam
2101 1020 2223 1060 cum
2258 1006 2465 1076 angelis
2509 1006 2794 1074 profectio,
2830 1005 3091 1072 simusque
3126 1001 3470 1073 patriarchae,

1905 1098 2001 1168 qui
2028 1097 2296 1151 Lazarum
2329 1098 2651 1168 cxcipit,ne
2684 1098 2802 1167 ipse
2832 1097 3053 1167 quidem
3082 1103 3234 1151 extra
3272 1095 3475 1163 jucun-v.

1905 1188 2028 1242 dam
2061 1188 2204 1242 hanc
2232 1188 2610 1258 symphoniam
2642 1187 2783 1241 situs
2813 1193 2915 1241 est.
2956 1184 3092 1240 Nam
3122 1186 3169 1240 si
3192 1186 3317 1254 quis
3348 1198 3472 1239 cum

1904 1279 2084 1333 sinum
2114 1277 2286 1340 audit,
2318 1278 2466 1332 velut
2498 1283 2709 1332 vastam
2760 1274 3052 1345 quamdam
3083 1275 3256 1345 pelagi
3289 1273 3475 1327 latitu-

1907 1368 2112 1430 dinem,
2139 1368 2406 1422 bonorum
2437 1367 2679 1425 omnium
2712 1365 3102 1436 plenitudinem
3126 1379 3221 1433 per
3244 1363 3476 1432 patriar-

1906 1461 2066 1516 cham
2094 1459 2451 1529 signiﬁcatam
2476 1458 2628 1521 velit,
2660 1457 2707 1511 is
2738 1470 3079 1526 nequaquam
3110 1453 3475 1517 aberraverit;

1908 1558 1962 1612 in
1993 1571 2102 1627 qua
2129 1557 2397 1612 bonorum
2433 1553 2767 1607 abundantia
2791 1551 3030 1606 Lazarus
3059 1563 3274 1619 quoque
3305 1547 3477 1602 collo-

1908 1657 2083 1703 catur.
2136 1645 2273 1701 Nam
2321 1645 2467 1722 quod
2518 1646 2575 1699 in
2624 1644 2789 1713 huius
2837 1644 3054 1714 generis
3084 1639 3480 1697 certaminibus

1909 1739 2193 1803 eluceseit,
2244 1739 2451 1793 nullius
2490 1737 2769 1809 proprium
2816 1743 2941 1799 est,
2988 1734 3083 1790 sed
3126 1733 3185 1788 ﬁt
3236 1732 3480 1787 omnium

1910 1843 2200 1884 commune
2224 1829 2450 1893 bonum,
2494 1827 2757 1892 omnium,
2805 1828 3051 1896 inquam,
3082 1825 3175 1896 qui
3204 1838 3303 1894 per
3332 1837 3482 1877 eam-

1842 1894 1886 1955 B
1913 1923 2036 1977 dem
2062 1922 2322 1977 virtutem
2350 1919 2415 1974 ad
2442 1920 2655 1989 aequale
2674 1894 2897 1973 1)οιιιηῐι⁷
2910 1894 3269 1972 contendunt.

1979 2054 2048 2107 At
2075 2052 2357 2125 inscriptio
2386 2070 2506 2124 qua:
2531 2054 2611 2113 sic
2640 2053 2802 2108 habet
2830 2072 2844 2108 :
2883 2072 2901 2104 ι
2930 2051 3122 2111 Exitus
3160 2050 3487 2104 tabernacu-

1910 2145 1971 2208 li,
2008 2165 2026 2196 ι
2063 2154 2117 2201 et
2144 2145 2260 2212 illa,
2306 2164 2324 2198 ι
2348 2143 2455 2199 Pro
2485 2145 2828 2205 dedicatione
2858 2128 3270 2207 domus'David,
3302 2160 3320 2192 ι
3354 2141 3487 2196 vici-

1914 2237 2134 2291 nitatem
2178 2236 2470 2305 quamdam
2520 2251 2629 2289 non
2684 2234 2845 2289 modo
2896 2233 3163 2302 positione
3190 2242 3241 2287 et
3273 2230 3485 2293 ordine,

1913 2328 2007 2383 sed
2029 2335 2083 2382 et
2102 2342 2267 2383 sensu
2292 2326 2512 2381 habent.
2539 2325 2630 2390 Illa
2651 2326 2792 2382 enim
2815 2332 2899 2380 est
2920 2325 2976 2383 in
2993 2324 3254 2379 vicesimo
3272 2331 3486 2388 octavo,

1914 2420 2028 2474 haec
2064 2421 2120 2474 in
2155 2420 2401 2489 sequenti
2440 2420 2668 2488 psalmo.
2704 2419 2761 2477 In
2792 2426 3025 2487 utroque
3052 2423 3233 2472 autem
3267 2414 3333 2469 ad
3369 2429 3490 2468 ver-

1914 2516 2041 2569 bum
2083 2514 2158 2567 ita
2200 2521 2285 2569 est
2317 2519 2577 2580 concepta
2605 2510 2908 2579 inscriptio.
2939 2508 2998 2561 ln
3028 2507 3192 2579 priori
3223 2504 3438 2576 quidem
3472 2522 3487 2557 :

1923 2626 1938 2656 ι
1970 2604 2220 2661 Psalmus
2251 2602 2453 2667 David,
2485 2603 2663 2657 exitus
2710 2600 3069 2657 tabernaculi.
3102 2617 3120 2650 ι
3155 2595 3212 2651 1η
3245 2593 3491 2667 proxime

1915 2696 2167 2768 sequenti
2195 2696 2299 2751 hoc
2321 2694 2482 2749 modo
2517 2712 2533 2747 :
2566 2693 2844 2749 «Psalmus
2876 2689 3104 2756 cantici_
3130 2683 3493 2741 dedicationis

1917 2791 2112 2844 domus
2145 2786 2334 2842 David.
2370 2805 2389 2838 ι
2438 2784 2554 2841 Nisi
2600 2784 2745 2839 enim
2788 2799 2856 2839 ex
2890 2781 3134 2838 sensibili
3171 2778 3275 2834 hoc
3308 2776 3491 2832 taber-

1917 2879 2114 2933 naculo
2143 2877 2508 2946 egrediantur,
2558 2889 2683 2930 vera
2716 2881 2906 2929 nostra
2936 2873 3135 2928 domus
3186 2883 3293 2922 non
3340 2865 3494 2921 dedi-

1919 2982 2093 3026 catur.
2123 2969 2278 3036 Quod
2311 2983 2441 3023 vero
2472 2967 2559 3023 bis
2580 2968 2910 3039 insinuatur,
2936 2962 3206 3034 ejusmodi
3232 2959 3491 3033 quiddam

1920 3070 2051 3118 est:
2090 3061 2224 3115 Dum
2254 3062 2308 3115 in
2345 3061 2583 3113 humana
2633 3067 2832 3113 natura
2881 3053 3218 3111 considerari
3266 3058 3496 3122 possunt

237 3148 357 3201 τῶν
375 3150 674 3229 αἰσθήσεων
698 3155 1080 3233 ἐνεργουμένη,
1100 3157 1193 3209 καὶ
1214 3159 1247 3227 ἡ
1269 3158 1611 3228 πνευματικὴ
1629 3159 1691 3211 δὲ
1707 3157 1811 3227 (10)

1922 3154 2066 3216 vita,
2102 3154 2274 3207 altera
2324 3152 2564 3206 carnalis
2594 3158 2649 3206 et
2693 3148 2911 3218 corpori
2958 3148 3203 3204 addicta.
3248 3159 3367 3214 qua:
3400 3157 3498 3214 per

239 3241 344 3306 καὶ
382 3226 560 3323 ἄῆλος,
594 3244 629 3313 ὴ
653 3243 734 3314 τῷ
769 3226 940 3315 νοερῷ
979 3263 1039 3299 τε
1068 3247 1160 3299 καὶ
1208 3226 1482 3318 ἀσωμάτῳ
1514 3226 1612 3318 τῆς
1644 3248 1811 3325 ψυχῆς

1923 3261 2119 3302 sensus
2149 3253 2435 3315 operatur;
2471 3245 2641 3297 altera
2676 3241 2977 3312 spiritualis
3007 3247 3060 3293 et
3096 3233 3502 3298 immaterialis,

242 3329 367 3405 βίῳ)
384 3330 806 3404 κατορθουμένη.
848 3335 986 3388 Ἀλλ’
1007 3335 1106 3388 οὐκ
1131 3335 1244 3388 ἔστι
1279 3336 1386 3389 τῶν
1410 3336 1502 3390 δύο
1530 3338 1670 3390 κατὰ
1697 3338 1822 3397 ταί)⁴

239 3422 349 3481 τὸν,
367 3423 425 3502 έν
454 3424 709 3495 μετουσίᾳ
729 3426 1001 3501 γενέσθαι.
1038 3426 1103 3480 Ἦ
1124 3428 1381 3499 γάρπερὶ
1404 3428 1465 3481 τὸ
1490 3429 1575 3482 ἒτε
1583 3446 1674 3501 ρον
1698 3428 1822 3493 τού-

393 3516 615 3587 σπουδὴ,
649 3518 747 3588 τὴν
783 3517 882 3587 τοῦ,
914 3518 1100 3590 ἑτέρου
1142 3520 1396 3590 στέρησιν
1424 3520 1816 3592 ἀπεργάζεται.

242 3608 461 3676 Οὐκοῦν
489 3610 537 3662 εἰ
579 3610 864 3682 μέλλοιμεν
892 3613 1213 3683 οἰκητήριον,
1232 3611 1365 3666 Θεοῦ
1398 3614 1570 3667 ποιεῖν
1597 3612 1694 3684 τὴν
1717 3612 1823 3682 ψυο

240 3697 376 3768 χὴν,
416 3696 647 3763 ἐξελθεῖν
674 3701 938 3771 προσήκει
977 3700 1088 3771 (ll)
1129 3702 1227 3772 τῆς
1258 3701 1566 3771 σαρκώδους
1593 3701 1818 3771 σκηνῆς.

243 3788 333 3855 Οὐ,
358 3789 467 3858 γὰρ
508 3788 654 3843 ἐστιν
696 3790 869 3854 ἄλλως
906 3791 1321 3861 ὲγκαινισθῆναι,
1351 3791 1443 3846 τὸν
1492 3787 1639 3846 οἷκον
1666 3792 1822 3863 ἡμῶν

244 3881 363 3933 ὑπὸ
382 3867 477 3935 τοῦ
506 3883 941 3948 ἁνακαινίζοντος
965 3885 1114 3954 ἡμᾶς
1142 3883 1229 3936 διὰ
1258 3884 1356 3954 τῆς
1386 3883 1576 3937 ἑαυτοῦ
1612 3885 1825 3954 ἐνοική-

246 3990 415 4047 σεως,
443 3975 491 4026 εί
537 3975 611 4044 μὴ
648 3974 710 4027 τὸ
751 3970 948 4041 ἐξόδιον
977 3975 1077 4044 τῆς
1115 3976 1317 4046 σκηνῆς
1346 3976 1433 4028 διὰ
1459 3976 1557 4046 τῆς
1593 3975 1686 4029 τοῦ
1718 3993 1825 4028 σω-

251 4064 490 4137 ματικοῦ
522 4065 639 4137 βίου
678 4066 1081 4140 ἀλλοτριώσεως
1118 4066 1511 4138 κατορθωθείη.

1926 3354 2047 3410 qua:
2080 3339 2132 3392 in
2162 3337 2377 3392 vivendi
2408 3350 2608 3406 genere
2635 3350 2663 3387 a
2705 3334 2987 3404 corporeis
3030 3333 3195 3386 rebus
3225 3329 3498 3399 sejuncto,

1924 3438 1979 3485 et
2010 3428 2113 3484 sub
2139 3428 2308 3484 solam
2341 3428 2753 3497 intelligentiam
2782 3426 3012 3481 cadente
3053 3423 3324 3489 consistit,
3356 3421 3501 3476 lieri-

1924 3540 2031 3595 que
2081 3539 2193 3581 non
2237 3531 2448 3593 potest,
2502 3529 2559 3575 ut
2601 3522 2715 3576 haec
2764 3520 2873 3575 duo
2904 3520 3027 3574 vitae
3072 3533 3268 3589 genera
3310 3524 3497 3571 mutua

1926 3614 2311 3670 communione
2355 3614 2676 3685 iungantur.
2730 3610 2863 3665 Nam
2904 3611 3167 3675 studium,
3207 3607 3353 3679 quod
3402 3605 3500 3660 uni

1927 3707 2281 3776 impenditur,
2316 3707 2546 3760 alterum
2576 3720 2606 3759 e
2637 3704 2815 3759 medio
2841 3703 2982 3756 tollit
3024 3721 3036 3756 :
3073 3703 3121 3757 si
3161 3702 3331 3773 igitur
3380 3699 3500 3752 ani-

1925 3815 2070 3853 mam
2118 3806 2363 3854 nostram
2415 3796 2509 3851 Dei
2552 3795 2925 3849 habitaculum
2974 3792 3188 3848 ellicere
3241 3790 3501 3855 velimus,

1926 3898 2162 3960 oportet,
2199 3902 2256 3945 ut
2288 3906 2454 3945 carne
2495 3888 2841 3959 egrediamur
2875 3901 2940 3939 ex
2985 3883 3192 3938 carnali
3240 3882 3502 3936 taberna-

1927 3982 2246 4036 culo.Aliter
2266 3983 2411 4037 enim
2439 3980 2554 4034 lieri
2584 3979 2789 4047 nequit,
2827 3984 2885 4028 ut
2916 3975 3111 4029 domus
3142 3980 3328 4028 nostra
3358 3970 3505 4025 dedi-

1927 4084 2086 4129 cetur
2107 4074 2311 4139 abillo,
2360 4073 2453 4141 qui
2483 4086 2584 4126 nos
2613 4085 2707 4140 per
2744 4083 2896 4123 suam
2926 4066 3372 4121 inhabitationem
3408 4062 3504 4118 de-

1928 4165 2095 4230 dicat,
2137 4165 2245 4220 nisi
2271 4166 2452 4221 exitus
2480 4178 2548 4221 ex
2577 4161 2931 4217 tabernaculo
2961 4175 3057 4230 per
3083 4158 3505 4213 aversionem-et

251 4251 444 4329 fugam
473 4250 597 4305 vitae
625 4249 1327 4321 corporisjucunditatibus
1354 4250 1571 4315 deditze,
1598 4250 1834 4322 legitime
1862 4254 2201 4312 instituatur.

340 4394 402 4447 Ὁ
432 4391 490 4446 δὲ
512 4393 611 4464 τῆς
629 4410 648 4443 ι
668 4390 1006 4463 Ἑκστάσεως
1028 4408 1051 4453 ι
1071 4388 1283 4461 ψαλμὸς
1306 4389 1334 4441 ὁ
1361 4386 1497 4457 μετὰ
1522 4386 1615 4439 τὸν
1638 4402 1827 4454 εγκαι-

2007 4389 2255 4443 Psalmus
2322 4407 2341 4440 ι
2372 4387 2690 4450 Exstaseos,
2731 4405 2750 4438 ι
2804 4384 2897 4456 qui
2945 4393 3066 4454 post
3090 4381 3505 4452 (dedicationem

246 4486 450 4563 νισμὺν
494 4484 845 4555 τεταγμένος,
883 4477 946 4537 οὗ
989 4481 1308 4552 πρόσκειται
1339 4479 1448 4550 (12)
1488 4480 1521 4549 ἡ
1552 4477 1811 4548 ἐπιγραφὶ

1936 4480 2305 4550 subjungitur,
2353 4481 2438 4534 cui
2481 4480 2595 4534 haec
2646 4478 2930 4547 inscriptio
2980 4484 3062 4530 est
3113 4474 3356 4545 prazﬁxa,
3396 4492 3415 4526 ι
3446 4473 3507 4528 In

246 4580 422 4651 αρτη,
459 4595 479 4628 ι
512 4578 608 4641 El;
626 4577 689 4630 τὸ
712 4576 864 4639 τέλος
893 4573 1102 4645 ψαλμὸς
1133 4572 1211 4642 τῷ
1243 4571 1403 4626 Δαυῒδ
1440 4572 1775 4633 ἐκστάσεως,
1808 4590 1825 4619 ι

249 4670 553 4747 σύμφωνός
578 4671 694 4722 ὲστι
713 4671 824 4731 τοῖς
854 4663 1676 4739 προτεθεωρημένοις,ὲκστῆναι
1697 4678 1833 4733 συμ-

249 4764 533 4819 ϐουλεύων
562 4762 807 4827 ἐκείνων,
833 4753 907 4813 ὧν
939 4758 1240 4828 ὲπιὸλαὸής
1258 4758 1403 4809 ἔστιν
1432 4758 1465 4826 ἠ
1489 4755 1770 4823 συνάφεια.

332 4893 433 4961 Οἷς
453 4896 510 4949 δὲ
533 4896 862 4966 παράκειται
890 4891 971 4963 τὸ,
1001 4909 1019 4942 ι
1048 4892 1139 4953 Εἰς
1173 4887 1476 4959 ἀνάμνησιν
1494 4932 1510 4956 ,
1533 4906 1551 4940 ι
1577 4885 1838 4955 σύντομόν

1939 4571 2097 4624 linem
2123 4570 2366 4640 psalmus
2392 4567 2560 4623 David
2585 4565 2904 4626 exstasis",
2938 4583 2955 4615 ι
3004 4569 3270 4617 consonat
3300 4560 3367 4615 iis
3389 4575 3511 4630 qua:

1933 4662 2045 4732 jam
2075 4662 2360 4732 praemissa
2393 4668 2542 4725 sunt,
2578 4673 2804 4713 monens
2837 4667 2895 4710 ut
2921 4656 2989 4710 ab
3016 4655 3124 4709 illis
3154 4653 3510 4715 absistamus,

1937 4768 2171 4825 quorum
2203 4750 2523 4822 conjunctio
2554 4750 2777 4820 periculi
2812 4749 2970 4819 plena
3001 4754 3104 4802 est.

2014 4884 2223 4952 Quibus
2263 4898 2392 4939 vero
2428 4884 2762 4953 praeponitur
2803 4880 2937 4935 illud
2978 4898 2992 4934 :
3047 4899 3068 4931 ι
3094 4880 3152 4934 ln
3186 4891 3513 4934 rememora-

250 5007 387 5047 τινα
399 4988 744 5043 διδασκαλίαν
764 4987 793 5037 ὁ
818 4984 971 5052 λόγος
996 4983 1242 5053 ὑπὲρτῆς
1263 4979 1530 5051 σωτηρίας
1552 4979 1681 5050 ἡμῖν
1704 4979 1811 5031 ὑπο

1945 4976 2240 5041 tionem“;
2262 4993 2279 5025 ι
2307 4973 2387 5027 illi
2419 4972 2881 5043 compendiariam
2902 4971 3190 5042 quamdam
3211 4971 3511 5025 doctrinam

256 5078 496 5151 τίθεται.
514 5075 728 5144 Ἐπειδὴ
740 5074 845 5145 γὰρ
857 5076 891 5139 ἡ
905 5071 1156 5143 παρακοὴ
1170 5074 1267 5142 τῆς
1287 5070 1436 5133 θείας
1460 5069 1698 5139 ἐντολῆς,
1721 5068 1809 5121 ὁδὸ

1946 5066 2141 5123 salutis
2167 5074 2367 5119 nostra:
2390 5062 2747 5133 procurandae
2773 5062 3011 5119 tradunt.
3034 5060 3167 5116 Nam
3188 5076 3307 5115 cum
3336 5068 3514 5113 trans-

256 5172 342 5232 είς
370 5149 645 5222 άπώλειαν
672 5170 781 5230 τοῖς
810 5162 1116 5237 ἀνθρώποις
1138 5164 1353 5233 ἐγένετο
1388 5162 1468 5232 (οὐ
1491 5162 1600 5233 γὰρ
1625 5161 1690 5215 ἂν
1715 5161 1811 5214 άπι

1946 5157 2155 5229 gressio
2179 5155 2346 5210 divini
2380 5154 2636 5225 praecepti
2676 5153 2987 5209 hominibus
3034 5156 3171 5207 viam
3216 5153 3281 5207 ad
3326 5149 3513 5204 interi-

253 5260 618 5332 λὼλαμεν,⁹εί
644 5262 711 5331 τῇ
751 5260 940 5330 μνήμῃ
965 5256 1064 5329 τὴν
1106 5254 1323 5326 ἐντολὴν
1347 5252 1731 5324 ὲφυλάξαμεν),
1759 5252 1811 5305 δι

1951 5259 2064 5303 tum
2087 5247 2359 5319 aperuerit
2385 5246 2517 5314 (non
2546 5246 2690 5302 enim
2724 5246 3092 5316 periissemus,
3114 5245 3160 5301 si
3191 5249 3516 5314 prmceptum

334 5462 387 5495 δ’
408 5460 543 5518 Luc.
574 5474 687 5524 xvn,
721 5459 812 5515 22.
886 5459 930 5491 ⁵³
961 5457 1105 5513 Psal.
1132 5471 1258 5523 xxx,
1293 5456 1339 5511 l.
1415 5456 1461 5488 “
1496 5455 1641 5512 Psal.
1674 5465 1880 5518 xxxv",
1915 5449 1972 5517 l;
1999 5463 2148 5514 LXIX,
2176 5449 2226 5502 l.

342 5656 427 5726 (5)
467 5655 691 5726 Κοινῆς,
714 5652 804 5726 ed.

347 5658 404 5726 (5
467 5658 804 5723 Κοινῆς,ι·‹1.

347 5658 427 5796 ίθ)
474 5725 580 5796 Τοῦ
602 5722 899 5796 χοροῦᾲοω.
941 5719 1029 5779 ed.

341 5794 426 5864 f7)
472 5794 531 5848 '0
565 5794 679 5849 out.
717 5794 804 5846 ed.

348 5868 423 5938 (8)
451 5865 524 5918 Τό
548 5882 656 5919 om.
680 5864 768 5918 ed.

2034 5642 2110 5713 (9)
2133 5642 2321 5703 Τοῦτο,
2342 5641 2449 5713 _cd.

2032 5711 2145 5779 (to)
2171 5713 2263 5777 Τε,
2291 5711 2375 5765 ed.

1990 5780 1995 5785 ’
2029 5785 2140 5852 (ll)
2173 5784 2250 5852 Τῇ
2278 5782 2437 5851 σαρκί
2470 5779 2593 5833 add.
2630 5780 2715 5836 ed.

2030 5854 2141 5924 (l2)
2165 5853 2478 5923 Πρόκειται,
2507 5852 2593 5904 ed.
