3986 6514
535 399 637 458 δη
1797 396 1856 454 S.
1900 391 2109 453 GREGC

2205 393 2226 453 ι
2257 392 2551 451 NYSSENI
3679 389 3779 448 δη

532 514 797 574 memoria
825 513 1370 584 retinuissemus),ob
1398 512 1454 571 id
1497 513 1655 586 quasi
1684 513 1982 571 remedium
2008 513 2106 570 de-

2210 512 2366 567 τοῦτο
2397 513 2471 578 ὡς
2509 510 2924 584 ἀντιφάρμακον
2953 510 3048 564 τοῦ
3086 509 3225 564 κατὰ
3254 508 3351 579 τὴν
3377 506 3549 580 λήθην
3584 507 3780 574 πάθους

533 607 767 679 pellendi
795 607 1042 662 morbum
1071 604 1386 671 oblivionis,
1415 605 1737 677 preponitur
1763 605 1921 662 nobis
1965 619 2104 676 pra:-

2203 605 2303 677 τὴν
2331 605 2635 676 ἀνάμνησιν
2649 604 2757 674 ,τῆς
2781 603 3019 673 ἐντολῆς,
3045 604 3074 655 6
3101 602 3255 669 λόγος
3284 601 3414 671 ἡμῖν
3449 600 3777 668 ὑποτίθεται..

531 701 673 770 cepti
703 697 1028 762 recordatio,
1063 698 1225 768 idque
1256 698 1310 752 in
1338 699 1552 754 duobus
1575 697 1820 767 psalmis.

1588 697 1820 767 psalmis.
2206 696 2263 747 ἐν
2293 693 2386 748 δύο
2412 692 2750 764 ψαλμῳδίαις
2780 691 2940 746 τοῦτο
2967 692 3162 745 ποιῶν..

601 811 977 869 Confessionis
996 826 1150 876 voce,
1167 827 1292 866 cum
1316 812 1526 882 psalmo
1549 811 1882 882 praeponitur
1900 809 1969 872 ⁸⁸,
1991 808 2105 863 haec

2287 803 2377 855 Ἐν
2401 795 2482 864 οἷς
2505 800 2564 854 δὲ
2591 802 2622 872 ἠ
2651 801 3035 872 ἐξομολόγησις
3062 802 3399 874 πρόσκειται,
3434 800 3610 855 ταῦτα
3638 803 3781 873 παρὰ

532 898 823 952 docemur:
843 899 985 953 Cum
1013 900 1312 954 secundum
1332 897 1629 968 Scriptura:
1654 898 2102 954 consuetudinem

2205 894 2304 964 τῆς
2331 893 2912 964 φωνῆςδιδασκόμεοαο
2937 892 3138 964 Διπλῆς
3165 892 3332 964 οὔσης
3354 893 3410 944 ὲν
3426 897 3505 963 τῇ
3525 893 3778 965 Γραφικῇ

531 987 728 1058 duplex
756 987 827 1043 sit
854 989 1182 1059 signiﬁcatio
1209 989 1774 1048 confessionismiodo
1800 989 1944 1046 enim
1973 1005 2104 1060 pec-

2209 987 2483 1059 συνηθείςι,
2513 988 2613 1058 τῆς
2653 988 2794 1040 κατὰ
2835 988 2934 1056 τὴν
2962 985 3342 1056 ἐξομολόγησιν
3375 985 3674 1056 σημασίας,
3700 987 3783 1041 καὶ

532 1088 806 1145 calorum,
828 1093 950 1149 qua
982 1078 1326 1145 admisimus,
1375 1080 1732 1150 prolationem
1794 1081 1956 1137 modo
1986 1095 2106 1152 gra-

2209 1077 2303 1129 νῦν
2346 1075 2444 1146 μὲν
2474 1081 2571 1145 τὴν
2608 1073 2981 1145 ὲξαγόρευσιν,
3017 1071 3171 1137 αὖθις
3208 1074 3263 1126 δὲ
3289 1074 3386 1144 τὴν
3433 1074 3783 1144 εὐχαριστίαν

530 1171 733 1226 tiarum
771 1171 1042 1226 actionem
1086 1171 1507 1241 signiticet.:.hic
1538 1180 1768 1244 utroque
1803 1174 2104 1244 signiﬁcatu

2209 1165 2652 1237 ἐνδεικνυμένης
2695 1165 2927 1220 ἐνταῦθα
2955 1165 3072 1218 κατ’
3095 1165 3411 1236 ἀμφοτέρας
3446 1165 3546 1228 τὰς
3580 1165 3783 1228 ἑννοίας

531 1261 601 1316 ad
631 1262 796 1316 vitam
826 1277 891 1317 ex
919 1262 1120 1317 virtute
1148 1262 1409 1333 agendam
1440 1265 1891 1332 manuducimur;
1936 1267 2105 1336 prela.

2210 1257 2346 1326 πρὸς
2389 1257 2479 1312 τὸν
2524 1260 2643 1312 κατ’
2673 1259 2874 1329 ἀρετὴν
2918 1257 3032 1328 βίον
3079 1257 3587 1330 χειραγωγούμεθα.
3616 1259 3699 1312 Ἥ·
3728 1276 3784 1311 τε

531 1354 612 1408 tio
636 1353 781 1409 enim
816 1361 1164 1422 peccatorum
1191 1362 1412 1426 separat
1457 1370 1557 1410 nos
1594 1363 1649 1411 et
1676 1356 1958 1412 abducite
1990 1372 2105 1411 man

2207 1349 2316 1422 γὰρ
2347 1349 2696 1420 ἐξαγόρευσις
2730 1349 3006 1421 χωρισμόν
3049 1367 3110 1402 τε
3161 1350 3256 1402 καὶ
3295 1349 3651 1420 ἀλλοτρίωσιν
3681 1350 3781 1403 τῶν

533 1443 639 1512 lis,
700 1443 1052 1514 studiumque
1111 1454 1358 1514 prompte
1414 1445 1608 1515 agendi
1661 1446 1901 1517 gratias,
1947 1456 2107 1518 auget

2209 1440 2394 1494 κακῶν
2415 1439 2818 1510 ἀπεργάζεται,
2849 1440 2910 1493 τό
2965 1459 3025 1496 τε
3083 1444 3220 1508 πρὸς
3265 1443 3380 1514 «τὴν
3427 1442 3779 1512 εὐχαριστίαν

534 1536 698 1590 etiam
746 1535 978 1607 gratiam
1028 1542 1083 1591 et
1128 1536 1556 1592 benevolentiam
1585 1537 1946 1595 benefactoris
1975 1554 2104 1610 erga

2209 1529 2486 1601 πρόθυμον
2524 1522 2814 1594 πλεονάξεί
2839 1529 2974 1600 (13)
3015 1528 3114 1599 τὴν
3161 1529 3312 1598 παρὰ
3355 1527 3449 1580 τοῦ
3495 1527 3781 1598 εὐεργέτου

534 1625 661 1681 illos
684 1625 777 1696 qui
807 1624 1067 1681 beneﬁcia
1093 1626 1320 1680 memori
1355 1634 1409 1681 et
1430 1638 1582 1698 grata
1603 1638 1786 1685 mente
1817 1631 2104 1701 recipiunt.

2208 1623 2366 1694 χάριν
2406 1625 2495 1675 ἐπὶ
2543 1622 2649 1676 τῶν
2685 1622 3019 1693 εὐαισθήτως
3061 1621 3363 1693 δεχομένων
3390 1620 3490 1685 τὰς
3519 1619 3782 1682 εὐποιίας.

535 1715 786 1774 Psalmus
845 1717 1009 1789 igitur
1062 1717 1150 1772 cui
1200 1717 1413 1779 titulus.
1474 1719 1578 1774 ¢.|n
1627 1721 2046 1787 confessionem,
2081 1740 2108 1774 ι

2211 1714 2500 1785 Πρόκειται
2523 1711 2613 1768 οὖν
2639 1717 2666 1768 6
2687 1714 2898 1785 ψαλμὸς
2919 1733 2937 1764 ι
2961 1713 3056 1777 Εἰς
3079 1712 3462 1784 ἐξομολόγησιν
3484 1731 3504 1764 ι
3526 1711 3721 1773 οὕτως,
3741 1713 3785 1764 εί

534 1807 683 1863 hunc
715 1809 770 1864 in
799 1809 1018 1864 modum
1051 1813 1366 1882 propositus
1397 1821 1502 1879 est,
1557 1821 1619 1868 ut
1663 1814 1716 1868 si
1757 1813 1966 1886 peccati
1994 1828 2106 1869 me-

2213 1807 2309 1878 μέν
2333 1825 2416 1871 τις
2439 1807 2712 1878 ἁμαρτίας
2738 1806 3042 1877 ὑποσμὺχει
3071 1823 3128 1858 σε
3158 1807 3367 1877 μνήμη,
3403 1801 3786 1874 συμϐουλεύων

537 1899 712 1955 moria
747 1911 799 1956 te
825 1909 1006 1972 angat,
1039 1865 1372 1972 paenitentia:
1409 1865 1789 1975 expiationemr
1822 1906 1923 1962 tibi
1979 1921 2106 1962 sua-

2212 1865 2270 1952 τὸ
2291 1898 2380 1953 διὰ
2396 1865 2514 1970 (ιλ)
2539 1865 2640 1970 τῆς
2671 1865 3312 1970 μετανοίας“καθάρσιον.
3441 1865 3500 1948 δέ
3537 1913 3624 1948 σοι
3658 1895 3786 1965 πρὸς

535 1991 694 2056 deat;
725 1992 870 2062 quod
896 1994 942 2048 si
973 1994 1041 2048 ad
1077 1995 1128 2049 id
1163 1996 1306 2067 quod
1345 1998 1540 2053 melius
1571 2008 1673 2063 est,
1705 1997 1817 2052 vita
1845 1997 2032 2053 tendat
2057 2007 2109 2054 et

2213 1993 2269 2046 τὸ
2293 1995 2538 2065 κρεῖττον
2580 1990 2852 2045 εὐοδοῦταί
2887 1992 2916 2043 6
2963 1990 3096 2061 βίος,
3129 1989 3349 2060 βεϐαίαν
3394 2006 3475 2041 σοι
3521 1990 3670 2040 ποιεῖ
3704 1987 3787 2040 διὰ

537 2082 818 2153 proﬁciat,
881 2086 1080 2142 stabile
1135 2088 1235 2142 tibi
1289 2087 1614 2160 ﬁrmumque
1665 2104 1772 2159 per
1811 2089 2111 2160 gratiarum

2216 2087 2307 2157 τῆς
2351 2085 2487 2158 πρὸς
2526 2085 2587 2138 τὸ
2619 2085 2771 2139 Θεῖον
2801 2083 3150 2156 εὐχαριστίας
3200 2083 3297 2154 τὴν
3343 2080 3554 2136 ἀμείνω
3602 2080 3790 2151 προαίτ

536 2174 808 2230 actionem
833 2175 900 2230 ad
918 2175 1086 2232 Deum
1119 2185 1228 2234 tam
1258 2191 1506 2235 sanctum
1529 2181 1868 2250 propositum
1893 2179 2107 2236 elliciat.
2213 2195 2383 2248 ρεσιν.

616 2305 636 2338 ‹
665 2284 835 2342 Tituli
860 2307 879 2340 ι
917 2305 1013 2345 seu
1073 2308 1092 2342 ι
1129 2292 1396 2348 columnae
1431 2292 1742 2364 inscriptio,
1767 2314 1787 2347 ι
1821 2304 1876 2350 et
1931 2294 2064 2350 illud
2093 2314 2109 2351 :

2292 2294 2358 2346 Ἠ
2388 2293 2489 2348 δὲ(
2519 2292 2918 2364 Στηλογραφία,
2955 2311 2974 2344 ι
3006 2291 3108 2348 καὶ
3135 2289 3195 2345 τὸ
3229 2309 3248 2342 ι
3278 2290 3380 2362 Μὴ·
3398 2287 3738 2360 διαφθείρῃς,
3769 2305 3786 2338 ι

544 2393 564 2427 ι
601 2375 680 2433 Ne
709 2391 1031 2450 corrumpas
1063 2400 1076 2436 :
1110 2401 1129 2435 ι
1161 2382 1277 2438 sive
1328 2384 1690 2454 coniunctim,
1739 2385 1854 2442 sive
1897 2400 2112 2456 separa,

2218 2380 2322 2433 εἴτε
2354 2383 2471 2451 μετῖ
2505 2380 2768 2451 ἀλλήλων,
2811 2379 2922 2433 εἴτε
2951 2379 3370 2451 κεχωρισμένως
3402 2377 3516 2431 τισὶ
3537 2376 3648 2430 τῶν
3674 2378 3792 2429 ἐπι-

540 2468 639 2522 tim
669 2469 944 2540 aliquibus
973 2473 1202 2543 psalmis
1236 2475 1632 2538 inscribantur,
1659 2477 1948 2533 consilium
1977 2491 2112 2531 eon-

2219 2472 2439 2542 γραφῶν
2467 2472 2840 2542 ἐφευρίσκοιτο
2875 2471 3007 2542 (15),
3038 2469 3342 2542 συμϐουλὴν
3371 2469 3500 2540 περὶ
3525 2469 3627 2539 τῆς
3653 2467 3793 2520 κατὰ

542 2558 717 2615 tinent
766 2562 1036 2618 sectanda
1069 2563 1534 2634 longanimitatis;
1576 2567 1707 2623 illud
1747 2567 1891 2623 enim
1927 2587 1941 2622 :
1992 2567 2114 2623 (Ne

2217 2563 2307 2635 τὴν
2345 2563 2723 2634 μακροθυμίαν
2768 2563 2971 2636 ἀρετῆς
3017 2562 3350 2634 περιέχουσι.
3380 2561 3454 2614 Τὸ
3489 2560 3600 2631 γὰρ
3645 2579 3664 2612 ι
3698 2561 3791 2630 Μὴ

542 2666 884 2725 corrumpas,
913 2673 932 2707 ι
969 2655 1190 2713 Davidis
1228 2673 1329 2714 vox
1376 2668 1480 2728 est,
1515 2661 1853 2731 prohibentis
1878 2661 2116 2732 armige-

2219 2652 2545 2727 διαφθείρῃς,
2575 2673 2593 2706 ι
2628 2653 2722 2706 τοῦ
2749 2654 2910 2706 Δαυῖδ
2939 2656 3084 2707 ἐστιν
3114 2656 3148 2724 ὴ
3174 2653 3346 2723 φωνὴ,
3377 2651 3676 2715 κωλύοντος
3700 2652 3793 2705 τὸν

543 2757 690 2808 rum,
718 2760 785 2798 ne
811 2745 1045 2802 trucidet
1076 2745 1312 2802 Saulem.

2213 2743 2559 2814 ὑπασπιστὴν
2585 2743 2893 2814 χρήσασθαι
2925 2742 3066 2797 κατὰ
3085 2742 3196 2812 (l6)
3227 2741 3398 2796 Σαοὺλ
3423 2744 3490 2812 τῇ
3518 2742 3720 2811 πληγῇ.

613 2857 682 2910 At
708 2874 728 2907 ι
767 2857 909 2912 tituli
942 2877 962 2911 ο
993 2875 1090 2916 seu
1124 2878 1144 2911 ι
1176 2862 1441 2918 columnae
1467 2862 1772 2932 inscriptio,
1810 2882 1828 2915 ι
1865 2864 2114 2918 hortatur

2295 2859 2356 2910 Ἥ
2370 2858 2426 2910 δὲ
2452 2858 2551 2929 τῆς
2573 2876 2591 2910 ι
2616 2857 3026 2929 Στηλογραφίας
3051 2877 3068 2909 ι
3095 2857 3318 2923 διάνοια,
3339 2857 3400 2912 τὸ
3413 2857 3524 2910 δεῖν
3547 2854 3658 2910 οἶόν
3687 2874 3792 2909 τινι

545 2945 861 3016 hujusmodi
886 2964 1098 3016 vocem,
1135 2951 1187 3006 in
1242 2953 1524 3017 memoria,
1557 2955 1702 3010 velut
1746 2956 1801 3010 in
1859 2956 2112 3011 columna

2220 2951 2382 3023 στήλη
2438 2950 2517 3021 τῷ
2575 2949 2890 3021 μνημονικῷ
2941 2953 3040 3021 τῆς
3083 2950 3260 3021 ψυχῆς
3310 2948 3794 3020 ἐγκεχαραγμένην

544 3039 883 3096 incidendam
907 3057 1049 3110 esse,
1087 3053 1229 3098 utet
1267 3046 1322 3100 in
1362 3047 1633 3104 similibus
1665 3048 1854 3112 rebus,
1896 3049 1944 3104 si
1989 3050 2115 3119 quis

2223 3041 2359 3112 ἔχειν
2403 3044 2506 3117 τὴν
2544 3043 2799 3114 τοιαύτην
2850 3044 3054 3116 φωνὴν,
3092 3043 3169 3108 ὡς
3217 3043 3288 3098 ἂν
3325 3044 3419 3097 ἐπὶ
3457 3042 3565 3096 τῶν
3590 3042 3797 3111 ὁμοίων

543 3145 709 3186 casus
737 3132 802 3187 ad
835 3133 1092 3190 ultionem
1120 3135 1239 3205 ejus
1273 3138 1367 3208 qui
1403 3153 1504 3194 nos
1539 3140 1914 3204 contristavit,
1962 3141 2111 3197 exci-

2219 3133 2576 3205 πραγμάτων,
2610 3135 2664 3187 εί
2697 3150 2773 3196 τις
2801 3133 3116 3203 περίστασις
3149 3132 3288 3204 πρὸς
3313 3132 3412 3202 τὴν
3441 3129 3533 3184 τοῦ
3561 3130 3793 3200 λελυπη-

544 3229 660 3287 tet,
714 3224 1040 3296 cogitatione
1097 3229 1410 3285 mandatum
1470 3232 1603 3287 illud
1662 3233 1864 3290 caedem
1921 3243 2112 3290 vetans

2217 3225 2372 3289 κότος
2415 3226 2628 3295 ἄμυναν
2653 3224 2764 3279 τὺνκ
2787 3225 2962 3295 θυμὸν
2992 3223 3151 3296 ἡμῶν
3182 3223 3583 3293 διαναστὴσειεν
3604 3264 3620 3288 ,
3659 3224 3791 3276 ἀνα-

548 3315 875 3386 relegamus,
906 3334 1082 3390 eoque
1120 3321 1186 3376 ad
1217 3321 1532 3393 patientiam
1572 3331 1628 3380 et
1652 3325 2115 3396 longanimitatem

2221 3315 2571 3385 γινώσκοντες
2623 3320 2690 3387 τῇ
2740 3317 2947 3388 διανοίᾳ
2993 3315 3056 3369 τὸ
3122 3315 3418 3368 κωλυτικδν
3472 3313 3567 3367 τοῦ
3630 3313 3795 3382 φόνου

551 3403 813 3474 impetum
847 3409 1012 3462 animi
1053 3409 1426 3468 deﬂectamus.
1478 3413 1890 3470 Accuratiorem
1935 3424 2118 3473 autem

2217 3409 2564 3480 πρόσταγμα.
2603 3409 2698 3462 καὶ
2745 3409 2899 3464 αὐτοὶ
2931 3407 3042 3479 (17)
3088 3408 3224 3480 πρὸς
3278 3406 3660 3478 μακροθυμίαν
3702 3404 3791 3457 τὸν

551 3494 749 3551 borum
811 3502 1053 3554 omnium
1109 3503 1528 3574 explicationem
1587 3505 1943 3563 instituemus
1991 3517 2120 3565 tunc

2219 3497 2388 3569 θυμὸν
2445 3499 2889 3570 κατευνάσωμεν.
2954 3497 3361 3569 ’Δκριϐέστερον
3415 3497 3486 3549 δὲ’
3527 3496 3618 3548 τὸν
3667 3497 3789 3564 περὶ

549 3601 676 3644 eum
702 3589 768 3642 ad
799 3591 1134 3662 reliquarum
1175 3595 1592 3666 inscriptionum
1626 3597 2118 3655 considerationem

2220 3586 2422 3641 τούτων
2455 3587 2567 3658 (18)
2598 3588 2760 3657 λόγον
2785 3589 2866 3652 είς
2907 3582 3062 3651 αὖθις
3093 3585 3490 3657 διαληψόμεθα,
3519 3584 3658 3655 πρὸς
3695 3584 3794 3653 τὴν

551 3677 896 3737 redierimus.

2220 3677 2332 3732 τῶν
2357 3677 2556 3732 λοιπῶν
2584 3677 2905 3750 ἐπιγραφῶν
2937 3677 3168 3731 θεωοίαν
3197 3674 3689 3748 ἑπαναδραμόντες.

1150 3881 1382 3939 CAPUT
1425 3882 1535 3940 VII.

2759 3894 3155 3951 ΚΕΦΑΛΛΙΟΝ
3192 3897 3264 3951 Z’.

623 4055 1034 4130 Dispiciendum
1056 4061 1202 4116 enim
1226 4079 1372 4120 nunc
1393 4074 1497 4131 est,
1530 4082 1692 4136 quam
1717 4069 1993 4125 notionem
2017 4087 2121 4126 vox

2292 4072 2411 4144 Χρὴ
2442 4074 2554 4146 γὰρ
2579 4073 2670 4126 καὶ
2715 4071 2776 4125 τὸ
2809 4091 2828 4124 r
2865 4072 3205 4142 Ἀλληλοὺῖα,
3234 4090 3253 4123 ι
3284 4071 3311 4125 ὅ
3339 4071 3393 4123 τί
3426 4087 3555 4124 ποτε
3593 4069 3783 4140 σημαί-

557 4166 580 4200 ι
604 4148 834 4206 Alleluia
863 4169 882 4202 ι
925 4150 1226 4221 subiectam
1260 4154 1494 4220 habeat;
1537 4173 1656 4228 quae
1680 4161 1867 4216 multis
1899 4163 2124 4233 psalmis

2222 4183 2323 4232 νει,
2345 4165 2693 4238 κατανοῆσαι,
2720 4168 2856 4237 ὅπερ
2886 4165 3098 4229 πολλοῖς
3129 4165 3237 4218 τῶν
3258 4163 3490 4234 ψαλμῶν
3517 4164 3785 4235 ὲπιγραςὴ

555 4242 676 4296 loco
691 4241 1062 4313 inscriptionis
1083 4247 1436 4315 praeponitur.
1455 4249 1552 4304 Est
1569 4250 1732 4319 igitur
1753 4271 1770 4303 ι
1791 4252 2024 4308 Alleluia
2042 4254 2117 4305 ⁸⁸»

2222 4257 2613 4327 γίνεται.Ἕστι
2636 4261 2814 4312 τοίνυν
2840 4258 2901 4312 τὸ
2937 4278 2955 4310 ι
2985 4256 3316 4328 mmmam.
3342 4276 3362 4309 ι
3403 4256 3783 4327 παρακέλευσκ

553 4334 779 4404 mystica
813 4336 1138 4402 cohortatio,
1171 4337 1237 4392 ad
1281 4337 1471 4394 laudes
1502 4339 1597 4396 Dei
1630 4341 2000 4399 decantandas
2027 4360 2125 4398 au-

2226 4350 2481 4422 μυστικὴ,
2510 4351 2646 4422 πρὸς
2679 4352 2775 4422 τὴν
2799 4350 2897 4404 τοῦ,
2918 4351 3050 4404 Θεοῦ
3079 4350 3348 4422 ὑμνῳδίαν
3371 4350 3472 4420 τὴν
3503 4351 3673 4422 ἀκοὴν
3691 4351 3780 4402 ἐπ-

553 4424 785 4481 ditorem
815 4426 1090 4492 excitans,
1127 4438 1186 4484 ut
1217 4429 1444 4498 proinde
1484 4431 1625 4487 idem
1665 4435 1738 4489 sit
1769 4436 1888 4504 ejus
1919 4437 2125 4507 signiti-

2223 4440 2530 4510 εγείρουσα,
2550 4441 2638 4495 ἵνα
2651 4437 2940 4512 τοιοῦτον
2961 4442 3150 4494 τούτου
3167 4441 3278 4511 (19)
3300 4439 3361 4493 τὸ
3381 4440 3780 4511 σημαινόμενον.

554 4523 758 4582 catum,
781 4517 923 4588 quod
943 4537 961 4569 ι
981 4517 1222 4575 Laudate
1248 4519 1554 4577 Dominum.
1582 4543 1600 4575 ι
1619 4523 1752 4578 Nam
1781 4527 1872 4582 ubi
1895 4527 1948 4583 in
1979 4527 2124 4584 Scri-

2225 4530 2305 4584 ὃτι
2349 4550 2367 4582 ι
2400 4532 2607 4584 Αἰνεῖτε
2650 4531 2738 4584 τὸν
2781 4530 3014 4604 Κύριον
3049 4551 3067 4583 ι
3107 4533 3165 4584 ὲν
3201 4526 3281 4594 οἷς
3319 4532 3428 4602 γὰρ
3471 4531 3660 4602 μέρεσι
3696 4531 3780 4601 τῆς

556 4617 716 4678 plura
755 4609 870 4663 haec
896 4623 1000 4664 vox
1029 4609 1258 4666 habetur
1291 4629 1305 4665 :
1343 4631 1362 4664 ι
1400 4611 1641 4669 Laudate
1667 4613 2015 4689 Dominum,»
2049 4620 2124 4676 ibi

2227 4621 2386 4689 ἁγίας
2437 4622 2658 4694 Γραφῆς
2699 4621 2836 4694 αὕτη
2889 4623 3208 4694 πρόσκειται
3249 4625 3282 4694 ὴ
3325 4623 3478 4696 φωνὴ
3524 4622 3779 4692 λέγουσα.

557 4698 821 4758 Hebraice
849 4717 944 4771 per
968 4720 986 4754 ι
1007 4701 1238 4758 Alleluia
1268 4722 1287 4755 ι
1322 4702 1462 4760 idem
1483 4705 1838 4777 exprimitur:
1859 4709 1962 4765 nisi
1989 4708 2128 4766 forte

2231 4732 2251 4764 ι
2277 4714 2486 4766 Αἰνεῖτε
2516 4714 2609 4768 τὸν
2637 4713 2858 4787 Κύριον,
2883 4732 2903 4767 ι
2933 4713 3020 4768 διὰ
3046 4714 3138 4768 τοῦ
3164 4734 3184 4766 ι
3205 4713 3522 4785 ’Δλληλούῖα
3547 4732 3573 4766 ι
3595 4716 3652 4767 ἐν
3674 4715 3782 4774 ταῖς

555 4793 782 4848 verbum
829 4793 931 4847 hoc
963 4793 1135 4864 magis
1174 4809 1424 4866 superna:
1467 4796 1616 4852 illius
1656 4798 1970 4868 psalmodiae
2015 4801 2124 4856 vim

2237 4803 2548 4876 Ἑϐραϊκαῖς
2580 4809 2819 4876 γραφαῖς
2847 4805 2908 4860 τὸ
2937 4806 3177 4861 τοιοῦτον
3208 4807 3625 4879 σημαίνεται.Ἦ
3655 4806 3779 4875 τάχα

556 4881 892 4946 manifestat.
919 4885 1169 4944 indicans
1210 4889 1356 4943 illam
1395 4905 1518 4947 esse
1561 4891 1774 4948 laudem
1813 4893 1925 4948 Dei.
1962 4892 2124 4952 Varie

2229 4895 2424 4965 μᾶλλον
2451 4896 2703 4968 γνωρίζει
2737 4899 2766 4951 6
2798 4896 2954 4968 λόγος
2982 4892 3134 4963 οὗτος
3161 4899 3259 4970 τῆς
3289 4897 3648 4970 ὑποκειμένης
3677 4894 3775 4967 (20;

555 4976 702 5031 enim
735 4977 876 5046 apud
908 4975 1164 5036 Hebraeos
1183 4981 1445 5051 quosdam
1472 4999 1540 5038 ex
1566 4977 1798 5040 diversis
1822 4985 2122 5054 vocabulis,

2224 4988 2539 5061 ψαλμῳδίας
2585 4991 2684 5063 τὴν
2740 4989 2984 5063 δύναμιν,
3029 4992 3200 5062 λέγων
3250 4992 3417 5064 αὑτὴν
3462 4989 3605 5046 αἶνον
3652 4986 3776 5044 εἶναι

557 5073 614 5158 et
642 5067 816 5158 ipsum
851 5086 872 5120 ι
901 5071 975 5138 ia,
1003 5088 1024 5122 ι
1062 5071 1348 5144 ipsumque
1379 5093 1399 5126 ι
1425 5077 1608 5143 allelu,
1639 5095 1658 5130 ι
1694 5079 1908 5136 laudem
1949 5081 2121 5152 signi-

2227 5081 2381 5137 Θεοῦ.
2429 5083 2694 5148 Ποικίλως
2741 5085 2850 5156 γὰρ
2894 5084 2959 5139 ὲκ
3000 5084 3268 5158 διαφόρων
3331 5084 3605 5156 ὀνομάτων
3653 5081 3776 5136 κατὰ

557 5157 743 5212 ﬁcant.
773 5157 959 5231 Neque
986 5161 1200 5220 mireris
1227 5166 1272 5220 si
1300 5166 1365 5232 is,
1385 5167 1479 5237 qui
1505 5179 1688 5226 rectus
1713 5185 1874 5228 casus
1900 5171 2120 5239 dicitur,

2223 5191 2344 5229 τινα
2373 5174 2704 5246 συμϐολικὴν
2734 5176 3007 5246 σημασίαν
3049 5157 3170 5248 τῆς
3190 5177 3337 5242 θείας
3371 5177 3580 5249 φύσεως
3605 5176 3775 5247 δηλου-

558 5247 870 5322 huiusmodi
900 5252 973 5308 sit
1001 5253 1056 5310 in
1079 5253 1184 5311 hoc
1205 5258 1500 5323 vocabulo;
1532 5275 1642 5316 non
1664 5261 1808 5318 enim
1839 5278 1988 5322 more
2019 5279 2122 5321 no-

2229 5267 2395 5340 μένης
2446 5269 2504 5321 ὲν
2545 5269 2665 5332 ταῖς
2699 5267 2964 5340 Ἐϐραίων
2997 5247 3232 5340 φωναῖςο
3269 5271 3328 5325 ἓν
3371 5247 3481 5325 τῶν
3531 5283 3774 5341 σημαντι-

629 5431 677 5467 “
712 5431 858 5491 Psal.
893 5447 1038 5499 xcrx,
1077 5434 1128 5488 1.
1202 5434 1247 5468 ⁸⁸
1275 5433 1418 5492 Psal.
1441 5449 1528 5492 cx.
1554 5451 1663 5505 cxt,
1691 5447 1796 5494 etc.

634 5594 748 5736 (15)
776 5593 878 5649 Καί
907 5596 1032 5652 add.
1055 5598 1142 5654 ed.

663 5666 748 5731 l4;
783 5665 880 5720 Διά
906 5683 1013 5722 om.
1055 5669 1142 5724 ed.

2302 5600 2546 5668 (1⁸7)Καὶ
2574 5598 2747 5670 αὐτοὶ]
2782 5598 2943 5670 αὐτῇ,
2976 5599 3060 5654 cd.

2300 5671 2412 5736 (18)
2437 5669 2643 5723 Τούτου
2691 5670 2778 5723 ed.

635 5666 748 5736 (l4;
783 5666 880 5720 Διά
906 5683 1013 5722 om.
1055 5669 1142 5724 ed.

785 5736 1245 5810 Ὲὲευρίᾷσκονται,
1269 5740 1354 5798 ed.

2300 5666 2412 5738 (18)
2437 5669 2643 5723 Τούτου
2691 5666 2777 5723 ed.

1209 5759 1245 5810 ι,
1269 5740 1354 5798 ed.
2303 5741 2413 5809 (l9)
2453 5739 2644 5800 Τοῦτο,
2676 5738 2777 5810 ed._

635 5805 750 5873 us)
784 5805 890 5860 Τοῦ
916 5805 1040 5863 add.
1072 5809 1158 5865 ed.
1232 5805 1241 5810 '

2301 5805 2414 5883 (20)
2450 5811 2582 5864 ’Υπε
2591 5807 2901 5882 ρκειμένης,
2921 5809 3010 5864 ed.
