3986 6508
200 412 306 469 813

1577 404 1647 462 ΙΝ
1686 405 2024 465 PSALMOS.

3350 407 3454 465 5H

199 529 315 585 κῶν
347 526 473 600 περὶ
504 524 639 580 Θεοῦ
686 524 962 597 ὀνομάτων
1003 524 1153 598 παρὰ
1187 525 1461 598 Ἑϐραίοις
1491 529 1626 598 φησὶ
1671 527 1783 599 (2i)

1892 538 2003 584 stro
2030 525 2333 583 formantur
2363 525 2507 597 apud
2543 524 2801 583 Hebraeos
2844 523 3105 593 nomina;
3138 523 3233 581 sed
3275 523 3456 581 diver-

200 621 295 676 καὶ
319 619 381 673 τὸ
406 638 423 671 ι
446 616 526 684 ῐα,
554 637 573 669 ι
594 618 654 672 τὸ
673 619 728 672 δὲ
745 617 855 688 (22)
886 634 906 668 ι
937 616 1187 688 Ἀλληλοῦ
1220 637 1238 670 ι
1274 615 1420 682 αῖνος
1432 622 1649 675 νοεῖται.
1674 619 1785 674 Καὶ

202 711 278 782 μὴ
307 710 611 781 θαυμάσῃς,
639 709 686 761 εί
721 709 819 779 τὴν
855 708 1154 781 λεγομένην
1200 709 1411 763 εὐθεῖαν
1437 712 1494 763 ἐν
1526 710 1783 783 virm-tb-

201 822 283 857 σει
317 802 410 857 τοῦ
440 801 701 871 ὀνόματος
730 802 789 855 τὸ
815 801 1053 855 τοιοῦτον
1080 803 1263 872 σχῆμα
1296 804 1394 873 τῆς
1434 804 1616 874 φωνῆς
1649 803 1785 857 ταύο

197 914 298 968 της
351 895 702 948 ἐνδείκνυται.
743 893 816 947 Ού
846 894 955 966 γάρ
996 890 1130 964 πρὸς
1162 882 1270 966 τὴν
1311 895 1440 967 παρ’
1478 898 1612 966 ἡμῖν
1664 912 1788 949 συν-

198 990 389 1060 ήθειαν
412 986 674 1041 τυποῦται
700 986 792 1039 καὶ
817 986 969 1057 παρὰ
996 988 1107 1050 τοῖς
1144 986 1414 1057 Ἑϐραίοις
1442 986 1511 1039 τὰ
1545 988 1784 1059 ῥήματα,

199 1080 316 1133 ἀλλ’
342 1078 529 1149 ἔτερος
554 1078 723 1142 τύπος
765 1078 864 1149 τῆς
898 1080 1024 1149 παρ’
1064 1078 1246 1141 αὐτοῖς
1280 1080 1639 1149 ἐκφωνήσεως
1679 1078 1787 1132 τῶν

200 1172 481 1242 ὀνομάτων
529 1168 681 1240 παρὰ
725 1168 817 1223 τὸν
874 1170 1161 1243 ἡμέτερον.
1213 1167 1369 1223 Ούτω
1416 1169 1547 1236 γοῦν
1593 1169 1653 1222 τὸ
1692 1166 1786 1222 τοῦ

200 1265 481 1336 προφήτου
507 1261 695 1332 ὄνομα,
724 1263 887 1332 ἡμεῖς
933 1261 1031 1332 μὲν
1076 1260 1217 1315 κατὰ
1250 1261 1339 1315 τὸν
1382 1261 1512 1332 παρ’
1539 1261 1668 1332 ἡμῖν
1693 1260 1788 1314 τύ-

201 1373 303 1409 πον
354 1354 813 1424 ἐξελληνίζοντες,
851 1371 869 1404 ι
901 1352 1085 1405 Ἠλίαν
1122 1371 1141 1404 ι
1175 1352 1375 1423 φαμέν.
1428 1352 1491 1404 Ἠ
1542 1350 1599 1403 δὲ
1659 1355 1789 1421 παρ’

213 1445 488 1517 Ἑϐραίοις
511 1444 811 1513 εύγλωττία
844 1443 943 1514 τὴν
964 1442 1177 1496 εὐθεῖαν
1204 1438 1298 1497 τοῦ
1324 1441 1585 1513 ὀνόματος
1607 1438 1787 1494 Ἦλιοῦ

201 1539 372 1607 λέγει.
408 1528 591 1600 Οὖτιὸς
639 1532 731 1589 οὖν
778 1535 874 1588 καὶ
912 1534 1164 1598 ἐνταῦθα,
1205 1536 1333 1589 ὅταν
1369 1535 1480 1605 (25)
1522 1535 1612 1588 τὸν
1643 1529 1790 1587 αἶνον

200 1630 288 1681 ἐπ’
310 1627 523 1690 εὐθείας
544 1625 802 1689 πτώσεως
830 1627 1069 1697 σημᾶναι
1093 1625 1361 1697 βούλεται,
1382 1625 1489 1678 τῶν
1524 1626 1791 1697 Ἐϐραίων

198 1722 232 1787 ἠ
292 1718 510 1786 γλῶττα
536 1736 555 1769 ς
591 1716 845 1789 Ἀλληλοῦ
902 1716 1018 1787 (24)
1063 1737 1082 1769 ι
1145 1716 1525 1788 κατονομάζει.
1574 1717 1788 1789 Ἐπειδὴ

194 1814 255 1866 δέ
285 1812 404 1882 (25)
430 1812 459 1864 ὁ
484 1806 631 1875 αἶνος
671 1813 751 1875 είς
774 1811 904 1865 Θεὸν
951 1809 1167 1874 πάντως
1200 1809 1300 1883 τὴν
1342 1813 1620 1885 ἀναφορὰν
1653 1814 1786 1885 ἔχει,

1886 636 2000 677 sam
2024 635 2054 673 a
2075 626 2263 674 nostra
2291 619 2554 673 rationem
2581 627 2636 674 et
2660 619 2884 689 iiguram
2920 617 3120 672 habent
3141 616 3453 688 proferendi

1888 726 2068 767 voces.
2099 709 2235 765 Nam
2262 718 2316 765 et
2338 710 2611 781 prophetae
2632 725 2832 767 nomen
2858 725 2960 765 nos
2979 710 3199 783 quidem
3220 712 3285 765 ad
3308 709 3458 765 Grai-

1886 816 2006 856 cam
2030 800 2298 856 rationem
2323 800 2694 869 ell'ormantes,
2735 821 2755 854 ι
2786 800 2997 857 Heliam
3030 820 3049 853 ι
3076 802 3414 873 appellamus
3438 821 3453 857 :

1886 892 1953 945 At
1987 893 2291 963 proprietas
2316 893 2514 964 lingua;
2538 891 2819 949 Hebraicaa
2849 894 2903 948 in
2958 909 3090 950 casu
3124 902 3274 950 recto
3299 894 3457 950 Heliu

1886 982 2050 1049 dicit;
2089 983 2163 1036 ita
2195 982 2362 1054 igitur
2406 991 2460 1038 et
2506 983 2561 1037 in
2610 983 2926 1054 proposito,
2964 983 3187 1054 quando
3238 983 3457 1039 laudem

1887 1080 2037 1127 recto
2079 1087 2211 1127 casu
2253 1073 2563 1145 signiﬁcare
2594 1075 2738 1136 vult,
2780 1075 2933 1144 ponit
2979 1074 3326 1129 Hebraeorum
3353 1075 3460 1129 lin-

1888 1173 2024 1235 g‘ua,
2060 1184 2080 1217 ι
2113 1165 2350 1220 alleluia.
2392 1186 2410 1218 ι
2464 1164 2600 1219 Cum
2637 1175 2817 1220 autem
2866 1167 2985 1220 laus
3018 1166 3084 1219 ad
3124 1164 3291 1220 Deum
3320 1165 3459 1220 rela-

1889 1256 2096 1312 tionem
2127 1257 2352 1325 habeat,
2382 1257 2627 1328 illudque
2658 1275 2677 1308 ι
2714 1258 2787 1323 ia,
2818 1277 2844 1309 ι»
2879 1258 2949 1313 sit
2982 1273 3148 1311 unum
3173 1272 3240 1311 ex
3276 1258 3460 1312 nomi-

1890 1348 2086 1414 nibus,
2131 1364 2251 1418 quae
2288 1347 2385 1403 Dei
2431 1355 2680 1402 naturam
2716 1348 3032 1411 declarant,
3072 1353 3245 1400 totum
3297 1346 3461 1401 simu!

1896 1460 1914 1492 ι
1963 1442 2214 1505 alleluia,
2253 1460 2274 1494 ›
2314 1441 2435 1496 laus
2480 1439 2575 1495 Dei
2614 1455 2713 1510 per
2743 1441 3247 1509 interpretationem
3279 1439 3462 1493 reddi-

1888 1538 1999 1585 tur.
2042 1530 2275 1597 Quando
2326 1531 2510 1601 itaque
2559 1546 2664 1585 vox
2706 1530 2819 1584 haec
2868 1530 3029 1583 alicui
3066 1530 3277 1599 psalmo
3326 1544 3464 1598 prae-

1891 1621 2095 1691 scripta
2125 1629 2232 1685 est,
2265 1623 2504 1691 cogitare
2536 1628 2785 1691 oportet,
2816 1620 2871 1673 id
2903 1620 3049 1691 quod
3082 1620 3356 1685 subditur,
3393 1621 3463 1674 ad

1890 1712 1985 1768 Dei
2015 1713 2385 1768 laudationem
2420 1722 2474 1767 et
2521 1713 2965 1782 praedicationem
2996 1713 3218 1769 ducere.
3254 1712 3465 1778 Quibus

1893 1801 2346 1873 inscriptionibus
2412 1802 2570 1856 multi
2625 1818 2693 1858 ex
2750 1804 3041 1872 postremis
3108 1804 3462 1873 potissimum

432 1864 530 1956 favi
662 1864 769 1955 τῶν
818 1864 1359 1973 ἐρμηνευτικῶνῖτῆς
1397 1864 1789 1975 θείαςνφύσέῶς

1898 1864 2122 1961 psalmis
2158 1891 2323 1962 hujus
2370 1892 2496 1946 libri
2538 1864 2940 1963 ittsigniuntur;
2978 1910 3045 1949 ex
3073 1864 3273 1963 quibus
3302 1893 3466 1949 intel-

195 1997 351 2048 ἐστιν
378 1993 567 2063 ὄνομα,
594 1993 714 2046 ὅλον
740 1996 890 2064 κοινῇ
921 1993 983 2045 τὸ
1021 2013 1039 2044 ι
1077 1992 1393 2063 Ἀλληλούῖα
1425 2014 1443 2045 ι
1473 1990 1623 2058 αἶνος
1651 1997 1784 2050 Θεοῦ

195 2084 583 2155 ἑρμηνεύεται.
617 2084 785 2137 Ὅταν
841 2084 1022 2136 τοίνυν
1072 2083 1229 2137 τοῦτο
1286 2083 1348 2137 τὸ
1390 2081 1541 2155 ρἦα
1592 2103 1791 2157 προγε-

196 2174 521 2244 γραμμένον
651 2172 754 2241 τῆς
803 2172 1146 2243 ψαλμῳδίας,
1200 2173 1419 2243 νοητὲον
1470 2173 1537 2228 ἂν
1578 2174 1683 2246 είη,
1733 2175 1793 2229 τὸ

194 2263 311 2317 δεῖν
366 2264 583 2327 πάντως
628 2262 689 2316 τὸ
712 2262 1068 2333 ὑποκείμενον
1113 2263 1193 2327 είς
1241 2262 1545 2333 δοξολογίαν
1588 2267 1790 2335 ἀναγα-

196 2356 319 2422 γεῖν
354 2353 467 2423 (26)
495 2352 649 2407 Θεοῦ.
680 2352 835 2407 Οὕτω
863 2370 945 2406 τοι
990 2354 1085 2407 καὶ
1120 2356 1232 2418 τοῖς
1277 2355 1605 2420 τελευταίοις
1636 2357 1793 2428 μάλι-

202 2462 309 2498 στα
342 2442 444 2512 τῆς
472 2442 653 2513 βίϐλου
684 2443 791 2496 τῶν
821 2442 1053 2513 ψαλμῶν
1081 2445 1136 2498 αἱ
1170 2443 1359 2497 πολλαὶ
1389 2444 1497 2499 τῶν
1538 2447 1792 2501 τοιούτων

198 2533 527 2605 ἐπιγραφῶν
567 2532 1002 2604 ἐφευρίσκονται,
1042 2534 1108 2586 δι’
1145 2527 1220 2586 ὧν
1264 2533 1411 2587 ἔστιν
1449 2536 1668 2601 ἐννοεῖν,
1709 2538 1791 2591 ὅτι

196 2627 317 2688 τοῖς
347 2622 447 2695 ήδη
493 2624 629 2696 πρὸς
678 2624 738 2676 τὸ
774 2624 978 2678 τέλειον
1025 2625 1260 2695 φθάσασι
1300 2626 1398 2697 τῆς
1444 2627 1563 2679 κατ’
1591 2628 1792 2699 ἀρετὴν

198 2717 504 2782 πολιτείας,
532 2720 626 2770 καὶ
671 2716 759 2771 διὰ
790 2716 903 2770 τῶν
941 2715 1317 2787 προλαϐόντων
1359 2716 1457 2787 τῆς
1476 2718 1793 2790 ψαλμῳδίας

197 2811 510 2881 τμημάτων
556 2809 697 2863 κατὰ
743 2808 843 2881 τὴν
888 2810 1171 2881 νοηθεῖσαν
1216 2811 1301 2863 ἐπ’
1342 2811 1520 2864 αὐτῶν
1562 2810 1794 2883 θεωρίαν

199 2902 623 2973 ἐκκαθαρθεῖσιν
661 2901 889 2972 ἁρμόζει
934 2902 997 2954 τὸ
1038 2902 1205 2955 αἰνεῖν
1249 2901 1339 2955 τὸν
1390 2899 1551 2955 Θεόν·
1596 2902 1689 2954 καὶ
1736 2903 1795 2954 ἐν

196 2995 419 3058 τούτοις
446 2990 600 3059 εἶναι,
631 2995 687 3046 ἐν
721 2987 802 3057 οἷς
832 2993 924 3046 καὶ
962 2994 997 3064 ὴ
1046 2993 1155 3047 τῶν
1183 2992 1431 3063 ἀγγέλων
1459 2991 1621 3062 φύσις
1654 2987 1813 3052 εἶναι,

198 3084 583 3137 πεπίστευται.
627 3082 761 3137 Οὔτε
802 3084 911 3153 γὰρ
943 3084 1165 3136 ἐκείνων
1198 3082 1595 3155 μεμαθήκαμεν
1628 3084 1796 3152 ἀσχο-

1894 1983 2151 2054 ligimus,
2182 1984 2381 2039 borum
2430 1984 2525 2055 qui
2563 1986 2677 2055 jam
2730 1985 2797 2040 ad
2843 1985 3199 2056 perfectionis
3245 1987 3463 2042 culmen

1894 2076 2258 2131 ascenderunt
2286 2077 2448 2147 inque
2478 2078 2912 2147 praecedentibus
2955 2080 3294 2151 psalmorum
3334 2095 3465 2150 par-

1893 2169 2073 2232 tibus,
2103 2170 2405 2224 secundum
2453 2171 2873 2240 explicationem
2917 2172 2987 2227 de
3037 2172 3147 2228 illis
3176 2172 3463 2240 traditam,

1893 2261 2175 2331 expurgati
2213 2270 2376 2326 sunt,
2420 2275 2621 2317 munus
2649 2275 2807 2327 esse,
2843 2260 3009 2316 Deum
3045 2263 3302 2318 laudibus
3328 2278 3463 2334 pro-

1894 2353 2070 2421 sequi,
2117 2362 2172 2407 et
2209 2354 2259 2406 in
2300 2354 2385 2407 his
2418 2354 2660 2418 versari,
2703 2355 2758 2408 in
2802 2354 3007 2423 quibus
3034 2356 3199 2409 etiam
3236 2355 3463 2425 angelo-

1894 2456 2014 2496 rum
2053 2450 2247 2497 natura
2279 2444 2485 2498 versari
2527 2444 2787 2499 creditur.
2817 2444 3005 2516 Neque
3033 2446 3181 2500 enim
3213 2461 3464 2516 comper-

1892 2545 2006 2590 tum
2049 2536 2208 2591 nobis
2244 2544 2330 2589 est
2381 2536 2543 2590 aliam
2579 2537 2795 2592 illorum
2846 2552 2969 2593 esse
3012 2539 3462 2608 occupationem,

1892 2641 2055 2697 quam
2105 2626 2329 2682 laudare
2372 2627 2562 2682 Deum.
2595 2626 2781 2699 Neque
2811 2629 2879 2684 ab
2924 2629 3032 2683 illis
3079 2644 3330 2699 quoque,
3369 2629 3465 2699 qui

1892 2719 2056 2773 vitam
2094 2718 2163 2773 ad
2204 2720 2427 2774 virtutis
2462 2720 2717 2774 normam
2753 2720 2970 2789 exigere
3017 2718 3273 2783 student,
3316 2719 3463 2773 aliud

1897 2810 2100 2882 agitur,
2131 2826 2299 2881 quam
2339 2821 2397 2866 ut
2423 2813 2590 2867 vitam
2618 2827 2773 2868 suam
2812 2812 3235 2882 elliciant-quasi
3266 2826 3463 2881 peren-

1895 2919 2017 2958 nem
2036 2901 2129 2958 Dei
2143 2901 2379 2955 laudem.
2398 2902 2534 2957 Cum
2549 2917 2699 2975 ergo,
2713 2901 2807 2972 qui
2829 2921 2847 2954 ι
2863 2902 3078 2957 alleluia
3099 2923 3115 2954 ι
3131 2904 3461 2973 inscriptum

1895 2995 2117 3060 habent,
2147 3010 2337 3060 omnes
2368 2994 2761 3064 propemodum
2803 2994 2855 3047 in
2885 2993 3074 3046 ultima
3115 2992 3461 3048 Psalmorum

1898 3086 2143 3143 sectione
2172 3087 2537 3156 reperiantur,
2567 3085 2856 3155 perspicue
2883 3084 3227 3155 intelligitur,
3253 3092 3465 3155 postre-

195 3176 331 3229 λίαν
366 3174 528 3247 άλλην
554 3174 673 3228 τινὰ
701 3172 836 3244 (27),
869 3173 1008 3246 πλὴν
1045 3174 1140 3227 τοῦ
1174 3176 1342 3229 αίνεῖν
1366 3176 1457 3229 τὸν
1490 3174 1641 3239 Θεὸν,
1673 3174 1789 3227 οὔτε

1896 3193 2039 3231 mam
2071 3177 2407 3233 Psalmorum
2451 3178 2749 3231 sectionem
2779 3175 3117 3246 superiorem
3152 3191 3275 3232 esse
3312 3177 3463 3231 omni

194 3272 322 3331 τοῖς
360 3269 480 3321 κατ’
521 3268 720 3338 ἀρετὴν
764 3267 987 3331 τελείοις
1014 3267 1201 3338 ἐτερόν
1237 3285 1289 3321 τι
1337 3265 1713 3331 σπουδάζεται,
1756 3265 1789 3336 ἢ

1898 3269 2111 3323 excelsa
2154 3284 2251 3338 per
2299 3268 2548 3324 Psalmos
2599 3268 2959 3332 ascensione,
3008 3276 3195 3339 utpote
3246 3268 3300 3322 in
3353 3283 3463 3339 qua

197 3358 263 3414 τὸ
291 3360 396 3429 τὴν
428 3358 572 3431 ζωὴν
602 3359 808 3413 ἑαυτῶν
855 3354 1002 3412 αἶνον
1032 3357 1166 3412 εἶναι
1200 3359 1332 3414 Θεοῦ
1356 3358 1791 3431 παρασκευάσαι.

211 3452 380 3507 Ἐπεὶ
421 3452 598 3506 τοίνυν
642 3453 691 3505 οί
735 3450 833 3522 τὴν
875 3451 1185 3523 ἐπιγραφὴν
1204 3449 1416 3522 ἔχοντες
1436 3445 1531 3501 τοῦ
1561 3464 1579 3498 ι
1614 3449 1795 3519 Ἀλλη-

1897 3358 2190 3413 maximam
2228 3365 2439 3428 partem
2477 3356 2572 3413 Dei
2613 3357 2733 3412 laus
2779 3359 3111 3425 continetur,
3153 3360 3232 3414 vel
3267 3359 3464 3415 cohor-

1899 3448 2034 3502 tatio
2064 3448 2131 3503 ad
2160 3448 2625 3504 concelebrandas
2654 3447 2824 3503 divini
2849 3448 3101 3505 Numinis
3130 3451 3339 3510 laudes.

198 3544 386 3610 λούῖα,
408 3562 427 3596 ι
451 3543 648 3607 πάντες
674 3544 860 3617 σχεδὸν
877 3543 954 3615 τῷ
984 3542 1274 3615 τελευταίῳ
1300 3544 1550 3614 τμήματι
1591 3542 1690 3611 τῆς
1724 3541 2039 3614 ψαλμῳδίας
2068 3543 2408 3616 εὑρίσκονται
2440 3544 2572 3615 (28),
2608 3543 2794 3614 σαφῶς
2832 3545 2949 3598 ἐστι
2982 3545 3346 3617 κατανοῆσαι.
3381 3546 3463 3601 ὅτι

202 3647 395 3717 πάσης
422 3642 740 3714 ὑπέρκειται
772 3642 868 3712 τῆς
893 3640 1100 3711 ὑψηλῆς
1127 3638 1215 3693 διὰ
1245 3636 1352 3693 τῶν
1379 3638 1609 3708 ψαλμῶν
1636 3637 1952 3702 ἀναϐάσεως
1970 3640 2032 3692 τὸ
2049 3639 2352 3695 τελευταῖον
2378 3639 2574 3712 τμῆμα
2601 3640 2698 3711 τῆς
2718 3639 3054 3713 ψαλμῳδίας,
3076 3642 3134 3696 ἐν
3156 3637 3202 3711 ᾧ
3220 3642 3282 3696 τὸ
3314 3640 3462 3699 πλεῖ-

202 3756 339 3792 στον
378 3735 513 3790 Θεοῦ
541 3730 685 3797 αἶνος
717 3734 882 3796 ἐστιν,
916 3732 1033 3802 ἢτοι
1067 3733 1147 3796 είς
1173 3730 1234 3784 τὸ
1254 3731 1424 3785 αἰνεῖν
1455 3729 1546 3783 τὸν
1574 3729 1706 3782 Θεὸν
1732 3729 2148 3800 παρακέλευσις.

737 3883 1132 3938 ΚΕΦΑΛᾹΙΟΝ
1184 3884 1265 3939 Η’.

274 4045 540 4100 Λείπεται
564 4043 621 4096 δέ
648 4042 757 4096 ἀπὸ
780 4041 891 4109 (29)
918 4040 1026 4095 τῶν
1052 4040 1441 4111 άνεπιγράφων
1464 4040 1562 4112 τὴν
1588 4040 1787 4106 αἰτίαν,

196 4138 277 4201 ὣς
311 4140 431 4190 ἐστι
476 4135 717 4199 δυνατὸν,
763 4133 1114 4202 κατανοῆσαι.
1161 4131 1242 4187 Τὰ
1280 4132 1336 4185 δέ
1386 4133 1442 4185 ἐν
1500 4132 1577 4202 τῷ
1636 4132 1791 4203 μέρει

195 4229 386 4299 τούτῳ
415 4227 543 4299 παρ’
570 4225 727 4298 ἡμῶν
760 4225 1138 4297 εὑρισκόμενα,
1168 4225 1224 4277 ἐν
1256 4226 1321 4295 τῇ
1362 4223 1650 4295 δοκιμασία
1677 4223 1786 4278 τῶν

196 4321 647 4391 ἐντυγχανόντων
689 4318 1014 4392 προκείσθω,
1055 4318 1088 4389 ἢ
1124 4318 1374 4383 δέξασθαι
1412 4317 1481 4370 τά
1519 4316 1783 4388 ἡμέτερα,

196 4416 233 4484 ἢ
281 4412 428 4482 πρὸς
473 4410 692 4483 μείζονα
735 4410 969 4482 θεωρίαν
1020 4409 1311 4480 προσάγειν
1343 4409 1520 4463 αὑτῶν
1545 4411 1644 4481 τὴν
1673 4410 1786 4463 διά-

2467 3888 2694 3945 CAPUT
2738 3890 2878 3947 VIII.

1964 4040 2245 4111 Superest,
2283 4049 2342 4097 ut
2400 4044 2579 4114 quoad
2617 4046 2762 4102 vires
2794 4046 2993 4112 ferunt,
3021 4048 3291 4104 rationem
3331 4050 3459 4109 illo-

1890 4148 2011 4187 rum
2055 4133 2459 4203 disquiramus,
2517 4136 2609 4206 qui
2660 4136 3021 4210 inscriptione
3068 4148 3285 4206 carent;
3335 4158 3458 4213 quae

1888 4237 2020 4277 vero
2042 4222 2144 4276 hac
2173 4222 2227 4277 in
2252 4232 2407 4294 parte
2429 4224 2726 4281 afferemus
2744 4267 2759 4290 ,
2784 4228 2997 4296 judicio
3022 4230 3284 4285 lectorum
3311 4248 3460 4288 com-

1892 4316 2196 4380 mittimus,
2242 4325 2301 4371 ut
2340 4318 2421 4373 vel
2468 4328 2658 4374 nostra
2701 4320 2936 4391 probent
2961 4330 3017 4377 et
3052 4324 3341 4394 recipiant,
3372 4325 3457 4381 vel

1889 4406 1957 4460 ad
2006 4407 2211 4475 majora
2259 4410 2617 4480 excogitanda
2664 4410 2994 4467 industriam
3037 4428 3193 4469 suam
3227 4430 3457 4472 conver-

195 4523 379 4559 νοιαν.
406 4503 622 4573 Ταύτην
648 4502 825 4556 τοίνυν
850 4502 947 4573 τὴν
977 4501 1235 4572 διαφορὰν
1262 4502 1318 4553 ἐν
1355 4502 1466 4562 τοῖς
1493 4501 1787 4573 ἀνεπιγρά-

1892 4505 2026 4552 tant.
2064 4498 2211 4553 llanc
2252 4514 2379 4570 ergo
2419 4501 2473 4554 in
2517 4502 2776 4571 psalmis,
2825 4503 3187 4575 inscriptione
3223 4510 3459 4564 carenti-

196 4610 331 4663 φοις
382 4594 801 4663 κατενοήσαμεν.
851 4591 975 4655 Τοῖς
1025 4591 1123 4662 μὲν
1163 4589 1270 4661 γὰρ
1311 4589 1490 4643 αὐτῶν
1524 4591 1638 4645 ἀντ’
1675 4594 1789 4645 ἐπι-

194 4684 433 4755 γραφῆς
452 4681 485 4752 ἦ
502 4681 614 4751 (30)
630 4681 733 4752 ψαλ
742 4680 939 4753 μῳδίας
956 4680 1161 4748 γίνεται
1184 4679 1412 4744 ἐπίνοια,
1428 4675 1597 4749 ἐφ’ὧν
1612 4682 1788 4735 κοινὸν

195 4777 301 4829 παῖ⁵
340 4776 471 4843 παρ’
507 4772 776 4844 Ἑϐραίοις
817 4772 912 4827 καὶ
963 4773 1092 4844 παρ’
1116 4773 1268 4844 ἡμῖν,
1314 4772 1375 4825 τὸ
1419 4773 1493 4844 μὴ
1536 4768 1674 4828 εἶναι
1702 4774 1789 4829 ἄλ-

193 4867 306 4938 λην
336 4867 647 4937 ἐπιγραφὴν
686 4865 811 4919 τῶν
837 4864 1230 4936 ὑποκειμένων,
1262 4864 1311 4917 εί
1350 4864 1423 4936 μὴ
1464 4866 1665 4937 ταύτην
1698 4867 1789 4938 μό-

193 4976 305 5030 νην
342 4960 445 5029 τὴν
484 4961 595 5023 τοῖς
636 4960 816 5030 ῥητοῖς
857 4957 1256 5030 ἐμφαινομένην
1292 4958 1544 5013 διάνοιαν.
1584 4959 1708 5023 Τοῖς
1729 4959 1785 5013 δὲ

192 5049 418 5111 λοιποῖς
461 5048 757 5118 ἐπιγραφαὶ
796 5047 895 5118 μέν
934 5048 1069 5101 είσιν
1102 5048 1546 5116 ἐκκλησιαστικαί
1589 5066 1647 5101 τε
1690 5052 1785 5102 κα)⁸

194 5140 498 5211 μυστικαὶ,
541 5138 634 5191 καὶ
682 5140 780 5208 τῆς
833 5139 970 5193 κατὰ
1012 5138 1073 5192 τὸ
1129 5141 1420 5211 μυστήριον
1470 5140 1626 5212 ἡμῶν
1670 5141 1784 5211 (51)

192 5229 497 5299 εὐσεϐείας
539 5230 886 5299 σημαντικαὶ,
920 5229 1056 5285 ἀλλὰ
1087 5232 1199 5296 τοῖς
1240 5231 1505 5303 Ἑϐραίοις
1532 5232 1634 5289 οὐκ
1657 5232 1782 5299 εἰσὶ,

272 5424 397 5492 t2!)
428 5423 571 5490 Τισί,
601 5425 690 5479 ed.

269 5495 394 5564 (εξ)
428 5494 539 5548 Καὶ
575 5494 659 5559 τό,
684 5495 771 5551 ed.

268 5565 397 5632 (25)
429 5565 578 5627 Ὅτε,
603 5566 690 5621 ed.

270 5635 395 5705 (24)
445 5635 778 5706 ’Δλληλούῖα,
800 5635 889 5694 ed.

266 5706 394 5776 (εδ)
416 5705 507 5768 Δέ,
545 5705 655 5760 om.
687 5706 774 5760 ed.

268 5778 394 5848 (26)
443 5777 709 5845 Ἀγαγεῖν,
735 5775 823 5831 ed.

1888 4589 2027 4654 bus,
2059 4590 2415 4647 differentiam
2462 4594 2803 4663 reperimus,
2840 4596 2968 4665 quia
3012 4598 3293 4655 nonnullis
3336 4600 3458 4657 loco

1887 4683 2259 4753 inscriptionis
2286 4694 2372 4739 est
2398 4686 2515 4756 ipsa
2547 4686 2717 4743 totius
2748 4688 2943 4757 psalmi
2993 4691 3264 4746 sententia
3288 4734 3303 4758 ,
3334 4692 3458 4763 qui-

1886 4775 1992 4831 bus
2023 4784 2078 4831 et
2106 4775 2247 4846 apud
2282 4791 2419 4843 nos,
2462 4784 2515 4833 et
2546 4779 2688 4847 apud
2719 4777 2975 4836 Hebraeos
3015 4795 3306 4838 commune
3346 4791 3454 4848 est,

1887 4874 1949 4922 ut
1990 4866 2094 4920 alia
2126 4868 2480 4937 inscriptione
2508 4884 2629 4939 quae
2663 4876 2984 4939 sequuntur,
3015 4888 3126 4928 non
3154 4874 3457 4944 insignian-

1888 4965 2007 5024 tur,
2066 4974 2232 5029 quam
2281 4960 2437 5029 ipso,
2492 4961 2587 5030 qui
2635 4962 2816 5019 verbis
2871 4964 3065 5034 psalmi
3132 4964 3449 5035 subjicitur,

1887 5064 2072 5105 sensu.
2115 5050 2254 5106 Aliis
2296 5058 2475 5106 autem
2523 5052 2873 5125 praefiguntur
2902 5056 3327 5125 inscriptiones,
3355 5059 3452 5113 sed

1886 5140 2271 5197 ecclesiastica:
2309 5151 2363 5198 et
2408 5147 2687 5216 mysticae,
2746 5146 3134 5220 mysteriique,
3189 5148 3334 5218 quod
3382 5148 3452 5201 ad

1886 5239 2089 5287 nostrae
2148 5231 2366 5303 pietatis
2424 5235 2772 5307 disciplinam
2830 5237 3106 5307 pertinet,
3167 5235 3451 5309 signiﬁca-

1978 5498 2069 5573 225)
2106 5501 2559 5573 ίἘνευρίσκονται,
2588 5503 2675 5559 ed.

1981 5568 2072 5644 29)
2102 5572 2235 5644 _’A1:6
2266 5568 2377 5627 om.
2404 5568 2608 5644 aliquot
2647 5573 2809 5631 codd.

1954 5639 2067 5708 (50)
2101 5641 2183 5705 'H,
2211 5644 2298 5697 ed.

1951 5709 2066 5781 (51)
2105 5712 2262 5783 Ἡμῖν
2311 5711 2398 5770 ed.

1978 5426 2070 5492 27)
2103 5430 2239 5486 Τινά
2278 5447 2386 5487 om.
2426 5432 2513 5488 ed.

1978 5498 2072 5639 28)
2111 5501 2513 5573 Ἐνευρίσκοντα

1981 5568 2049 5623 29
2103 5572 2235 5625 Ἀπό
2266 5588 2377 5627 om.
2404 5573 2511 5644 aliq

1955 5642 1971 5693 ί
2013 5639 2067 5693 0)
2101 5641 2183 5693 'H.
2211 5644 2298 5693 ed.
