3982 6498
572 341 679 398 5P5

1851 351 1911 406 S.
1952 347 2284 408 GREGORII
2315 354 2614 414 NYSSENI
3695 383 3781 441 516

573 458 771 520 trices,
800 474 895 515 sea
940 463 1082 533 apud
1126 463 1382 519 Hebraeos
1409 479 1517 521 non
1561 474 1719 531 sunt,
1757 469 2152 525 convenienter

2257 473 2399 527 κατὰ
2422 475 2519 545 τὴν
2552 478 2920 550 γεγενημένην
2952 480 3011 532 ἐν
3046 479 3123 549 τῷ
3166 460 3470 554 Εὐαγγελίῳ
3498 488 3605 539 κατ’
3637 493 3785 550 αὐτῶν

570 550 824 606 videlicet
865 553 942 613 illi
990 555 1041 607 iu
1090 554 1384 627 Evangelio
1433 558 1697 614 adversus
1726 559 1877 629 ipsos
1918 576 2151 615 accusa-

568 643 708 698 tioni
740 663 752 697 :
786 664 804 696 ι
847 643 1117 710 Quoniam
1152 648 1323 717 legem
1351 650 1617 715 tulerunt,
1665 658 1724 704 ut
1749 652 1795 706 si
1824 651 1950 722 quis
1976 655 2150 708 conli-

568 734 1070 799 teaturChristum,
1092 749 1244 792 extra
1268 755 1598 811 synagogam
1633 742 1793 797 ﬁat".
1825 762 1843 793 ι
1867 742 2151 809 Quascun-

568 842 674 897 que
720 826 883 897 igitur
917 828 1304 899 inscriptiones
1327 832 1424 900 ipsi
1448 831 1946 886 animadverterunt
1969 834 2149 886 conti-

567 919 1239 989 nere_demonstrationem
1263 921 1556 993 quamdam
1587 922 1827 992 mysterii
1852 921 2144 989 Dominici,

569 1010 691 1065 illas
737 1011 1118 1082 repudiarunt.
1174 1013 1292 1080 Qua
1339 1014 1407 1068 de
1454 1026 1619 1067 causa
1671 1022 1927 1069 accurate
1984 1014 2145 1068 etiam

567 1105 754 1169 verba,
790 1122 910 1175 qua:
941 1106 1157 1160 lectioni
1189 1104 1561 1174 inscriptionis
1589 1105 1978 1161 ecclesiastica:
2010 1110 2146 1176 pne"-

568 1199 674 1251 lixa
708 1207 862 1265 sunt,
907 1207 1161 1261 monent,
1213 1206 1267 1251 et
1310 1208 1500 1251 contra
1552 1199 1676 1253 illos
1707 1206 1932 1260 notant,
1968 1198 2151 1268 hujus-

567 1293 713 1346 Iuodi
768 1292 1008 1361 psalmos
1061 1290 1203 1361 apud
1259 1288 1514 1344 Hebraeos
1571 1291 2025 1360 inscriptionibus
2056 1306 2149 1343 ca-

567 1398 707 1437 rere.
748 1382 903 1436 Ilunc
934 1384 990 1436 in
1028 1380 1249 1435 modum
1291 1381 1543 1450 evposilo
1574 1379 1918 1435 PsalmOrum
1948 1381 2147 1435 discri-

2257 564 2612 633 κατηγορίαν,
2637 586 2656 619 ι
2682 571 2801 623 ’Ὁτι
2824 569 3001 639 δόγμα
3027 568 3230 633 ἔθεντο,
3249 569 3315 621 Εἴ
3354 586 3437 635 τις
3478 574 3785 651 ὁμολογήσειε

2257 654 2348 707 τὸν
2386 655 2642 725 Χριστὸν,
2672 657 3095 727 ἀποσυνάγωγος
3129 660 3369 731 γένηται.
3405 680 3423 713 ι
3453 664 3614 730 Ὅσας
3641 674 3787 728 τοίνυν

2258 747 2453 798 ἐκεῖνοι
2506 748 2613 800 τῶν
2660 748 2978 820 ἐπιγραφῶν
3030 751 3379 821 κατενόησαν,
3439 754 3645 824 ἔνδειξεν
3694 780 3789 819 τινα

2256 838 2530 909 περιέχειν
2570 839 2663 893 τοῦ
2708 842 3042 914 μυστηρίου,
3089 844 3290 906 ταύτας
3346 847 3405 900 οῦ
3450 851 3789 920 παρεδέξαντο.

2255 926 2346 980 Διὸ
2382 930 2476 981 καὶ
2518 935 2943 1004 παρεσημήνατο
2991 934 3058 989 δι’
3106 936 3387 1008 ἀκριϐείας
3434 941 3516 991 ἐπ’
3555 943 3713 996 αὐτῶν
3744 948 3793 999 τὸ

2254 1017 2492 1073 τοιοῦτον
2531 1023 2558 1074 ό
2599 1022 2753 1091 λόγος
2796 1028 2862 1095 τῇ
2902 1025 3203 1094 ἀναγνώσει
3243 1028 3343 1097 τῆς
3380 1030 3793 1108 ἐκκλησιαπικῆς

2254 1109 2563 1182 ἐπιγραφῆς
2608 1114 2918 1185 προστιθεὶς
2944 1116 3078 1186 (52),
3107 1118 3186 1170 ὅτι
3220 1119 3349 1188 παρ’
3380 1119 3637 1192 Ἑϐραίοις
3671 1128 3794 1180 ἐστὶν

2256 1203 2646 1275 ἀνεπίγραφος.
2674 1206 2783 1277 Τῆς
2827 1210 3001 1263 τοίνυν
3031 1210 3345 1283 διαιρέσεως
3377 1213 3571 1283 ταύτης
3614 1219 3665 1273 ὲν
3704 1224 3796 1285 τοῖς

2252 1294 2645 1366 ἀνεπιγράφοις
2669 1300 3112 1371 προεκτεθείσηςς
3144 1302 3334 1374 καιρὸς
3363 1302 3427 1357 ἂν
3455 1306 3535 1378 εἴη
3558 1298 3619 1360 δι’
3647 1310 3796 1366 αὐτῶν

2249 1385 2358 1437 τῶν
2392 1388 2570 1458 ῥητῶν
2604 1390 2786 1445 δοῦναι
2818 1392 2894 1460 τῷ
2922 1392 3063 1463 λόγῳ
3091 1394 3188 1465 τὴν
3220 1396 3539 1468 μαρτυρίαν.

567 1478 732 1542 mine,
772 1480 865 1549 qui
900 1477 1257 1546 inscriptione
1284 1493 1389 1529 non
1427 1483 1825 1546 pra-notantur,
1862 1484 2081 1547 tempus
2108 1479 2327 1548 exigere
2364 1483 2598 1547 videtur,
2634 1495 2691 1539 ut
2724 1486 2773 1540 id
2802 1486 2951 1557 quod
2980 1488 3304 1552 asserimu’s,
3342 1489 3475 1559 ipsis
3503 1492 3795 1562 psalmorum

566 1572 748 1628 verbis
785 1570 1201 1625 conllrmemus.

638 1703 781 1772 Ergo
814 1703 1025 1773 primus
1063 1700 1305 1756 omnium
1343 1703 1586 1772 psalmus
1623 1701 1981 1772 inscriptione
2012 1708 2152 1774 opus

568 1813 674 1853 non
709 1797 931 1860 habuit;
970 1810 1092 1848 nam
1123 1796 1249 1864 quis
1272 1795 1344 1849 sit
1376 1796 1499 1850 ﬁnis
1546 1811 1766 1862 eorum,
1797 1811 1918 1865 qua:
1957 1796 2013 1850 in
2058 1797 2152 1851 illo

565 1893 845 1953 dicuntur,
887 1889 1237 1942 manifestum
1293 1895 1377 1943 est
1422 1888 1738 1944 lectoribus.
1770 1888 1862 1942 Est
1917 1900 2153 1958 namque

566 1987 713 2039 velut
739 1981 1074 2037 introductio
1097 1981 1167 2036 ad
1202 1981 1601 2051 philosophiam
1629 1981 1991 2049 spiritualem,
2024 1992 2154 2035 Sua-

566 2078 704 2134 dens
729 2087 789 2133 ut
822 2093 851 2131 a
886 2077 1029 2131 malo
1059 2075 1421 2138 recedamus,
1470 2074 1525 2127 et
1573 2074 1639 2127 ad
1675 2075 1877 2127 bonum
1925 2074 2153 2128 accedat

566 2186 711 2233 mus,
742 2179 795 2225 et
819 2178 878 2224 ut
903 2182 1002 2238 pro
1025 2167 1233 2222 viribus
1261 2165 1327 2220 ad
1358 2165 1773 2219 similitudinem
1809 2164 1898 2220 Dei
1926 2172 2153 2219 conten-‘-

567 2266 783 2321 damus.

638 2398 934 2470 Postquam
979 2405 1161 2452 autem
1211 2396 1265 2450 in
1316 2396 1437 2467 ipso
1491 2396 1847 2452 beatitudinis
1885 2395 2153 2467 principio

568 2492 761 2547 moniti
789 2504 1003 2556 sumus,
1036 2496 1093 2542 ut
1121 2490 1189 2542 ab
1218 2489 1496 2559 impietate
1538 2488 1904 2554 desistamus,
1936 2489 2065 2543 hinc
2094 2497 2154 2542 ut

570 2583 638 2635 ab
667 2596 729 2635 ea
762 2580 1075 2643 liberemur,
1098 2576 1302 2648 profert
1330 2577 1490 2633 nobis
1518 2578 1850 2649 insonatque
1881 2580 2152 2634 secundus

571 2674 812 2743 psalmus
842 2671 1214 2736 evangelicum
1248 2669 1593 2741 mysterium,
1611 2677 1672 2725 ut
1694 2671 1919 2741 proinde
1945 2672 2152 2741 primus

569 2766 813 2836 psalmus
840 2763 1334 2834 sitquodammodo
1369 2763 1655 2835 inscriptio
1695 2765 1942 2819 secundi.
1975 2763 2148 2834 Expo-

569 2856 651 2911 nit
670 2854 814 2909 enim
840 2853 1178 2908 nativitatem
1207 2853 1510 2908 secundum
1534 2869 1753 2909 carnem
1776 2853 1917 2924 ejus,
1942 2856 2033 2925 qui
2066 2855 2156 2909 ho-

568 2950 659 3012 die
692 2953 907 3018 propter
939 2961 1039 3002 nos
1074 2953 1237 3001 natus
1278 2955 1363 3001 est
1391 2946 1539 3018 (nam
1570 2947 1705 3001 illud
1737 2966 1755 2999 ι
1785 2948 1946 3003 hodie
1972 2968 1990 3000 ›
2027 2964 2153 3019 pars

2340 1713 2398 1765 '0
2450 1698 2887 1784 προτεταγμένος
2928 1715 3036 1768 τῶν
3088 1709 3224 1769 ὅλων
3269 1715 3481 1785 ψαλμὸς
3530 1718 3797 1791 ἐπιγραφῆς

2252 1802 2355 1856 οὐκ
2390 1803 2599 1874 ἐδεήθη.
2631 1803 2865 1876 Φανερδς
2907 1806 3015 1875 γάρ
3063 1806 3175 1857 ἐστι
3224 1808 3339 1869 τοῖς
3383 1806 3797 1875 ἀναγινώσκουσιν

2254 1898 2285 1948 ό
2312 1894 2420 1949 τῶν
2452 1895 2757 1965 λεγομένων
2798 1896 3017 1961 σκοπὸς,
3055 1898 3137 1951 ὅτι
3184 1898 3543 1966 είσαγωγικὸς
3584 1900 3704 1969 πρὸς
3727 1920 3798 1970 φι-

2257 1984 2512 2055 λοσοφίαν
2540 1986 2711 2045 ἐστὶν.
2744 1988 3045 2058 ἀποστῆναι
3088 1987 3181 2042 τοῦ
3229 1988 3402 2042 κακοῦ
3437 1990 3796 2060 συμϐουλεύων,

2256 2077 2353 2130 καὶ
2381 2077 2437 2129 ὲν
2467 2075 2545 2146 τῷ
2574 2076 2764 2148 ἀγαθῷ
2801 2079 3077 2147 γενέσθαι,
3124 2081 3216 2135 καὶ
3262 2080 3575 2150 ὁμοιοῦσθαι
3604 2081 3675 2151 τῷ
3700 2081 3798 2151 θεῷ

2259 2166 2400 2220 κατὰ
2430 2168 2675 2237 δύναμιν.

2342 2393 2479 2449 Ἀλλ’
2512 2395 2699 2466 ἐπειδὴ
2738 2394 2800 2448 τὸ
2848 2395 2924 2467 μὴ
2973 2395 3082 2448 δεῖν
3105 2394 3346 2457 ἀσεϐεῖν.
3376 2396 3432 2449 ὲν
3466 2398 3530 2467 τῇ
3573 2398 3700 2468 ἀρχῇ
3723 2398 3800 2451 τοῦ

2261 2487 2613 2559 μακαρισμοῦ
2660 2488 2989 2559 προετάχθη,
3028 2490 3056 2540 ό
3103 2488 3381 2559 δεύτερος,
3430 2490 3575 2554 ὅπως
3620 2491 3678 2544 ἂν
3719 2492 3804 2555 ἔξω

2256 2578 2359 2649 τῆς
2406 2580 2657 2643 ἁσεδείας
2686 2578 2985 2651 γενώμεθα,
3027 2580 3349 2634 ὑποτίθεται
3396 2580 3458 2634 τὸ
3500 2581 3808 2651 εὐαγγελικδν

2260 2670 2732 2740 προαναφωνήσας
2780 2672 3100 2742 μυστήριονδ
3136 2672 3277 2726 ὥστε
3340 2673 3537 2745 τρόπον
3575 2672 3686 2728 τινὰ
3720 2676 3810 2726 ἐπι-

2260 2762 2473 2832 γραφὴν
2502 2760 2596 2815 τοῦ
2629 2762 2880 2834 δευτέρου
2910 2762 3124 2834 ψαλμοῦ
3165 2764 3257 2819 τὸν
3297 2766 3523 2838 πρῶτον
3560 2760 3710 2819 εἶναι·
3738 2764 3808 2817 λέ.

2259 2869 2345 2921 γει
2365 2853 2585 2925 γάρξτὴν
2600 2854 2688 2908 διὰ
2710 2844 2909 2925 σαρκὸς
2936 2856 3051 2909 ἐκεῖ
3077 2857 3288 2924 γένεσιν
3343 2859 3438 2912 τοῦ
3471 2859 3576 2930 (55)
3608 2858 3811 2929 σήμερον

2264 2946 2363 3016 μὲν
2391 2945 2742 3017 γεννηθέντος
2772 2948 2839 3000 δι’
2865 2949 3013 3017 ἡμᾶς
3056 2948 3270 3019 (χρόνου
3325 2950 3382 3002 δὲ
3424 2949 3580 3021 μέρος
3624 2950 3726 3001 ἐστὶ
3763 2946 3812 3001 τὸ

570 3039 832 3111 temporis
859 3046 944 3094 est
960 3038 1101 3108 ),qui
1136 3053 1353 3109 semper
1384 3054 1451 3093 ex
1481 3037 1673 3102 Patre,
1703 3047 1757 3095 et
1786 3040 1838 3093 in
1871 3039 2032 3095 Patre
2065 3039 2152 3095 Fi-

2266 3057 2285 3090 ι
2312 3040 2550 3111 σήμερον
2574 3033 2642 3111 Β),
2668 3040 2754 3093 ἀεὶ
2787 3027 2842 3093 δὲ
2876 3041 2941 3094 ἐκ
2972 3039 3067 3093 τοῦ
3102 3042 3329 3113 [ἰατρὸς
3358 3044 3451 3096 καὶ
3480 3044 3535 3096 ὲν
3562 3041 3634 3112 τῷ
3667 3042 3813 3111 Πατρι

568 3135 681 3191 lius
718 3140 837 3199 est,
893 3140 947 3185 et
995 3131 1160 3186 Deus.
1212 3129 1498 3202 Simulque
1549 3132 1786 3201 explicat
1829 3147 2055 3202 regnum
2103 3140 2152 3187 et

2257 3129 2409 3193 ὄντος
2459 3129 2589 3183 Υίοῦ
2638 3130 2731 3183 καὶ
2788 3128 2944 3184 Θεοῦ.
3001 3130 3113 3202 Τήν
3162 3148 3220 3184 τε
3273 3131 3559 3201 βασιλείαν
3603 3135 3687 3188 ἐπὶ
3724 3136 3812 3189 τῶν

569 3226 861 3291 imperium
900 3225 955 3277 in
990 3239 1084 3278 eos
1112 3223 1203 3293 qui
1241 3223 1344 3278 sub
1372 3222 1603 3292 imperio
1643 3232 1803 3278 antea
1835 3240 1945 3278 non
1972 3233 2155 3289 erant,

567 3319 667 3390 qui
704 3334 766 3373 ea
796 3316 866 3372 de
887 3331 1088 3381 causa,
1107 3312 1263 3385 quod
1293 3314 1404 3370 Deo
1430 3331 1539 3369 non
1571 3315 1863 3379 servirent,
1896 3317 2155 3386 gentibus

575 3408 1098 3469 aunumerabantur,
1150 3407 1237 3462 sui
1277 3406 1441 3476 juris}
1469 3417 1523 3461 et
1562 3406 1810 3477 exleges,
1846 3411 1928 3460 vel
1982 3411 2159 3477 potius

572 3503 770 3571 iniqui,
802 3516 868 3557 eo
894 3499 1038 3570 quod
1061 3498 1300 3553 divinam
1332 3498 1505 3568 legem
1549 3513 1660 3552 non
1698 3498 2031 3567 reciperent,
2061 3497 2159 3553 sed

569 3593 765 3666 jugum
807 3608 838 3648 a
892 3608 952 3650 se
994 3591 1293 3656 abiicereut
1327 3606 1340 3643 :
1371 3591 1562 3662 jugum
1610 3600 1789 3645 autem
1826 3598 1984 3644 vocat
2015 3604 2158 3659 ιιι-αξη

576 3696 813 3756 ceptum-

649 3821 747 3878 liis
774 3829 953 3876 autem
982 3821 1034 3875 in
1070 3836 1297 3892 regnum
1327 3835 1565 3893 quoque,
1594 3820 1740 3892 quod
1781 3819 2043 3875 omnibus
2068 3834 2161 3874 su-

577 3913 881 3987 pereminet
902 3952 918 3976 ,
949 3910 1161 3980 ascitis,
1201 3913 1336 3967 liunt
1368 3914 1445 3968 illi
1481 3915 1573 3984 qui
1604 3914 1734 3968 olim
1779 3913 1899 3969 sine
1930 3911 2160 3965 Domino

576 4006 856 4071 vivebant,
884 4004 1129 4060 haeredes
1163 4004 1258 4061 Dei
1282 4021 1376 4074 per
1410 4006 1566 4061 [idem
1601 4006 1657 4059 in
1694 4005 1846 4059 illum
1876 4003 1969 4074 qui
1999 4002 2161 4057 hodie

572 4097 800 4167 genitus
844 4106 951 4160 est,
979 4106 1033 4151 et
1069 4097 1164 4167 qui
1190 4112 1286 4151 rex
1327 4112 1493 4167 super
1525 4097 1647 4151 illos
1674 4095 2010 4151 constitutus
2036 4102 2122 4149 est
2142 4136 2157 4159 ,

2257 3215 2648 3287 ἀδασιλεύτων,
2693 3222 2743 3275 οἳ
2794 3221 2883 3276 διὰ
2932 3222 2992 3275 τὸ
3022 3220 3096 3292 μὴ
3142 3221 3427 3277 δουλεύειν
3460 3223 3593 3295 Θεῷ,
3639 3226 3693 3280 ὲν
3722 3224 3814 3296 (54)

2242 3310 2466 3383 ,ἔθνεσιν
2503 3306 2639 3383 ἦσαν
2667 3312 3109 3383 κατειλεγμένον
3156 3310 3457 3383 αὐτόνομοί
3500 3331 3637 3377 τινες
3667 3314 3812 3377 ὄντες.

2260 3401 2463 3471 μᾶλλον
2497 3402 2553 3456 δὲ
2600 3403 2809 3473 ἄνομοι,
2858 3404 2936 3475 τῷ
2982 3402 3074 3457 τὸν
3122 3401 3294 3456 θεῖον
3333 3403 3408 3473 μὴ
3450 3403 3814 3476 παραδέξασθαι

2260 3496 2442 3565 νόμον,
2473 3495 2587 3549 ἀλλ’
2621 3494 2920 3566 ἀπορρίψαι
2952 3496 3043 3567 ἀφ’
3077 3497 3288 3551 ἑαυτῶν
3334 3499 3426 3554 τὸν
3463 3499 3637 3567 ζυγόν·
3678 3497 3814 3565 ζυγὸν

2257 3587 2318 3641 δὲ
2346 3588 2493 3657 λέγει
2519 3588 2617 3659 τὴν
2640 3587 2882 3659 ἐντολήν.

2330 3816 2443 3886 Τῆς
2463 3817 2518 3869 δὲ
2543 3815 2636 3870 τοῦ
2660 3817 2860 3881 παντὸς
2876 3816 3278 3890 ὑπερκειμένης
3311 3818 3604 3889 βασιλείας,
3622 3822 3710 3875 καὶ
3734 3819 3813 3875 ἐπὶ

2260 3909 2470 3971 τούτοις
2509 3908 2787 3979 ἐλθούσης,
2816 3910 2864 3962 οἱ
2903 3910 3033 3962 ποτὲ
3058 3908 3367 3974 ἀδέσποτοι,
3413 3913 3548 3966 Θεοῦ
3585 3912 3812 3985 κληρονο-

2262 4002 2363 4071 μία
2390 4001 2504 4070 (55)
2524 3999 2761 4069 γίνονται
2790 4000 2877 4052 διὰ
2906 4002 3003 4070 τῆς
3030 4001 3110 4064 είς
3135 4000 3226 4054 τὸν
3255 4003 3814 4074 σήμερονγεννηθέντα

2263 4090 2495 4155 πίστεως
2514 4108 2527 4121 ⁸
2559 4090 2755 4144 ’τοῦτον
2798 4090 2959 4157 λέγω,
2996 4089 3087 4143 τὸν
3134 4093 3485 4148 καταστάντα
3514 4093 3720 4164 βασιλέα
3741 4094 3813 4146 ἐπ’

578 4188 672 4257 qui
701 4197 755 4243 et
777 4189 879 4258 ipsi
904 4189 1079 4242 renati
1110 4196 1163 4242 et
1186 4203 1342 4258 reges
1370 4187 1497 4241 facti
1523 4196 1671 4251 sunt,
1704 4188 1758 4241 in
1781 4186 1981 4256 quibus
2009 4186 2152 4254 virga

2260 4182 2440 4236 αὐτῶν
2459 4198 2472 4212 ο
2504 4182 2597 4236 καὶ
2627 4181 2780 4236 αὐτοὶ
2809 4179 3159 4251 γεννηθέντες
3205 4183 3301 4237 καὶ
3347 4184 3586 4255 βασιλεῖς
3617 4185 3817 4256 γενόμε-

574 4276 788 4341 terrea,
822 4277 926 4331 hoc
950 4288 1072 4341 est,
1102 4276 1464 4332 immutabilis
1494 4276 1583 4329 illa
1629 4277 1892 4346 potentia,
1930 4274 1979 4328 id
2013 4272 2152 4344 quod

2264 4292 2364 4330 νοι.
2402 4274 2514 4343 Ἐφ’
2541 4266 2616 4327 ὧν
2638 4274 2672 4345 ἡ
2698 4273 2893 4345 σιδηρά
2933 4273 3144 4344 ῥάϐδος,
3178 4276 3478 4341 τουτέστιν,
3515 4280 3547 4348 ὴ
3581 4279 3817 4349 ἄτρεπτος

578 4376 843 4422 terrestre
869 4374 924 4421 et
963 4368 1173 4423 luteum
1205 4374 1325 4421 erat
1358 4375 1667 4429 conterens,
1701 4366 1756 4419 in
1785 4366 2152 4434 incorruptam

2263 4367 2488 4437 δύναμις
2514 4365 2891 4438 περιθρύψασα
2910 4365 2970 4419 τὸ
2998 4366 3182 4438 γήίνόν
3200 4384 3259 4421 τε
3281 4368 3377 4421 καὶ
3401 4369 3726 4441 όστράκινον,
3751 4368 3817 4429 εἰς

579 4468 833 4515 naturam
865 4473 960 4514 eos
996 4459 1299 4519 transtulit.
1329 4458 1599 4527 simulque
1626 4458 1834 4521 docuit,
1869 4458 1924 4511 in
1956 4456 2152 4510 ﬁducia

2261 4458 2357 4530 τὴν
2373 4460 2643 4528 ἀκήρατον
2668 4457 2826 4527 φύσιν
2855 4458 3321 4529 μετεστοιχείωσε,
3338 4438 3555 4527 διδάξας
3580 4461 3656 4514 ὃτι
3680 4462 3817 4531 μόνον

573 4565 710 4621 erga
758 4550 922 4604 Deum
968 4549 1364 4604 beatitudinem
1416 4549 1578 4604 sitam
1625 4563 1768 4604 esse.
1812 4547 1951 4603 Cum
1992 4547 2152 4617 igitur

2262 4550 2378 4603 ἐστὶ
2428 4550 2696 4620 μακάριον
2744 4548 2806 4601 τὺ
2847 4548 2932 4601 ἐπ’
2979 4547 3126 4618 αὐτῷ
3171 4548 3282 4616 (56)
3332 4550 3668 4604 πεποιθέναι,
3698 4546 3822 4602 Ταύ-

582 4643 718 4706 hzec,
745 4658 907 4712 quam
938 4643 1190 4713 exposui,
1217 4642 1286 4696 sit
1314 4641 1511 4712 psalmi
1543 4641 1843 4703 sententia,
1884 4640 2152 4708 integrum

2261 4659 2360 4710 της
2384 4642 2442 4695 δὲ
2469 4640 2635 4712 οὔσης
2661 4640 2755 4694 τοῦ
2780 4639 2996 4710 ψαλμοῦ
3039 4640 3136 4709 τῆς
3173 4640 3435 4706 διανοίας,
3468 4643 3535 4713 ἡν
3562 4640 3820 4709 ἐξεθέμην,

579 4741 668 4789 est
715 4733 980 4797 cuilibet,
1011 4734 1107 4804 qui
1138 4733 1410 4795 voluerit,
1441 4749 1508 4786 ex
1548 4732 1685 4802 ipsis
1731 4731 1935 4786 divinis
1978 4730 2152 4784 verbis

2264 4733 2437 4801 ἔξεστι
2470 4733 2547 4804 τῷ
2586 4732 2893 4804 βουλομένῳ
2932 4732 3002 4785 δι’
3039 4732 3215 4785 αὐτῶν
3254 4732 3363 4785 τῶν
3397 4733 3559 4787 Θείων
3590 4731 3823 4805 ῥημάτων

570 4825 815 4896 probare
843 4826 1153 4896 opinionem
1182 4837 1236 4881 et
1268 4826 1703 4897 explanationem
1725 4834 1993 4885 nostram,
2028 4837 2152 4875 num

2262 4826 2552 4897 δοκιμάσαι
2589 4827 2687 4896 τὴν
2724 4826 2998 4896 ἡμετέραν
3031 4824 3315 4895 ὑπόληψιν,
3351 4826 3515 4898 εἴπερ
3553 4820 3825 4904 ἐφαρμόζει

580 4931 648 4972 ea
674 4932 800 4987 qua:
828 4916 1068 4973 diximus
1088 4957 1104 4982 ,
1154 4918 1413 4974 divinitus
1452 4917 1731 4987 iuspiratis
1763 4916 1991 4970 vocibus
2023 4930 2152 4983 qua-

2264 4917 2334 4971 τὰ
2372 4919 2499 4989 παρ’
2528 4917 2682 4989 ἡμῶν
2715 4918 2980 4988 εἰρημένα
3012 4922 3079 4990 τῇ
3111 4919 3461 4990 θεοπνεύστῳ
3497 4921 3681 4991 Γραφῇ
3708 4914 3822 4986 (5³1).

574 5009 763 5065 drent.
788 5008 999 5081 Reliqui
1024 5010 1216 5080 psalmi
1243 5012 1691 5082 inscriptiouibus
1714 5019 1983 5071 carentes,
2005 5008 2152 5078 juxta

2267 5012 2328 5063 0i
2379 5010 2436 5064 δὲ
2486 5009 2659 5063 λοιποὶ
2694 5008 2802 5062 τῶν
2841 5011 3227 5082 άνεπιγράφων
3265 5011 3411 5065 κατὰ
3453 5012 3545 5064 τὸν
3596 5024 3827 5080 προαπο-

574 5114 649 5155 ea
690 5115 815 5170 qua:
851 5116 1017 5171 supra
1048 5102 1407 5165 tradidimus,
1451 5104 1750 5175 Synagogre
1780 5104 2001 5173 quidem
2055 5101 2152 5156 He-

2264 5101 2482 5155 δοθέντα
2526 5102 2682 5170 λόγον
2726 5103 2892 5172 ἡμῖν,
2938 5106 3003 5174 τῇ
3064 5106 3352 5173 συναγωγῇ
3408 5103 3521 5157 τῶν
3563 5099 3824 5173 Ἐϐραίων.

584 5194 880 5258 braeorum,
906 5210 1013 5248 non
1045 5196 1300 5251 Ecclesia:
1332 5195 1426 5250 Dei
1468 5197 1607 5251 tales
1637 5183 1787 5251 sunt.
1819 5197 1872 5251 ln
1906 5196 2152 5250 omnibus

2264 5192 2326 5246 οὗ
2373 5196 2439 5264 τῇ
2495 5192 2589 5246 τοῦ
2635 5193 2768 5248 Θεοῦ
2829 5192 3162 5265 Ἐκκλησία,
3222 5190 3458 5247 τοιοῦτοὶ
3521 5195 3676 5245 εἰσιν.
3722 5188 3829 5241 Ἐπὶ

582 5286 730 5341 enim
766 5286 1003 5356 reperire
1029 5294 1113 5342 est
1142 5288 1552 5358 inscriptionem
1581 5288 1840 5359 aliquam,
1876 5304 2037 5359 quam
2062 5286 2152 5341 Ju-

2264 5286 2481 5340 πόιντων
2536 5285 2644 5357 γὰρ
2682 5283 2828 5339 ἔστιν
2865 5286 3043 5357 εὑρεῖν
3080 5303 3199 5339 τινα
3244 5285 3468 5349 πάντως
3515 5280 3825 5357 ἐπιγραφὴν,

657 5467 703 5502 ⁸⁷
728 5467 885 5523 Joan.
917 5484 994 5533 Ix,
1032 5468 1124 5522 22.

659 5646 772 5715 (52)
802 5646 1145 5717 Προστεθείς.
1185 5645 1268 5699 ed.

659 5719 772 5779 (55)
805 5718 1079 5788 Γέννησιν,
1110 5717 1195 5771 ed.

658 5788 775 5859 (δι)
822 5788 909 5840 Ἑν
941 5802 1049 5842 οιιι.
1081 5788 1167 5842 ed.

2343 5640 2453 5727 ea)
2481 5641 2840 5727 ιξιηρονάιοιν

2342 5712 2449 5773 156)
2482 5712 2669 5773 Αὐτόν,
2694 5713 2777 5765 ed.

2341 5780 2450 5850 (57)
2480 5782 2653 5852 Φωνῇ,
2682 5783 2767 5837 ed.
