3982 6510
548 384 653 442 sta
1836 369 1897 426 s.
1929 364 2263 427 casconu
2294 364 2582 424 uvssem
3682 366 3773 424 δερ

551 510 673 570 gas,
703 491 841 549 nihil
875 491 943 548 ad
972 491 1205 549 salutem
1240 487 1494 545 conferre
1515 486 1866 560 iudicamus;
1896 491 2058 555 prout
2085 494 2123 537 οι

2202 512 2214 542 ι
2240 484 2461 538 τοιαῦτα
2488 483 2517 534 ὁ
2539 480 2843 553 Ψαλμῳδδς
2873 481 2939 536 δι’
2967 480 3280 553 αἰνίγματος
3305 480 3500 551 λέγων’
3534 500 3552 534 ι
3582 483 3774 559 Ψευδὴς

557 587 673 657 ipse
719 584 1059 641 Psalmorum
1110 580 1349 651 scriptor
1398 579 1530 633 talia
1565 579 1858 649 mnigmate
1893 575 2129 645 quodam

2243 576 2407 639 ἵππος
2452 576 2534 639 είς
2577 575 2869 647 σωτηρίαν,
2916 574 3013 628 καὶ
3067 573 3228 642 γίγας
3282 575 3344 627 ού
3392 574 3680 644 σωθήσεται
3726 584 3774 634 ὲν

555 675 829 738 traducit,
866 689 993 729 cum
1025 672 1103 726 ait
1143 689 1155 725 :
1199 689 1217 721 ι
1255 668 1444 724 Fallax
1477 685 1655 740 equus
1682 669 1748 722 ad
1784 667 2051 731 salutem,
2088 677 2127 720 e1

2242 665 2435 737 πλήθει
2457 665 2639 736 ἰσχύος
2654 664 2841 719 αὑτοῦ.
2883 682 2903 716 ι
2921 664 3218 727 Βλέποντες
3242 664 3300 718 δὲ
3320 664 3415 717 ἐπὶ
3436 665 3526 719 τδν
3544 667 3776 738 ῥυόμενον

555 767 710 838 gigas
739 782 850 821 non
882 764 1183 819 salvabitur
1216 763 1268 817 in
1302 739 1655 816 multitudine
1692 759 1915 814 virtutis
1944 772 2077 813 suae.
2112 776 2127 809 ι

2240 758 2304 810 ὲκ
2343 756 2572 810 θανάτου
2616 755 2714 819 τὰς
2740 756 2916 827 ψυχὰς
2939 739 3098 826 ἡμῶν
3142 755 3229 810 διὰ
3257 756 3359 825 τῆς
3401 755 3649 826 οὐρανίας
3673 776 3780 830 τρο-

557 857 937 929 Respicientes
965 870 1093 910 vero
1121 858 1174 908 ln
1199 870 1323 909 eum
1343 896 1358 921 ,
1388 856 1482 925 qui
1522 854 1716 909 liberat
1742 868 1771 906 a
1814 860 1992 906 morte
2022 850 2129 905 aui-

2242 847 2347 918 φῆς
2381 846 2584 916 (καθώς
2612 846 2815 916 φησινὸ
2848 845 3160 916 Προφήτης,
3194 846 3273 899 ὄτι
3303 845 3415 916 (59.)
3448 863 3467 895 α
3511 846 3780 919 Ὀφθαλμοί

558 965 676 1005 mas
706 958 927 1004 nostras
950 962 1047 1018 per
1078 946 1359 1002 caelestem
1396 945 1603 1008 cibum,
1648 942 2130 1017 (quemadmodum

2241 938 2448 1009 Κυρίου
2476 939 2567 991 ἐπὶ
2597 938 2722 1001 τοὺς
2750 935 3112 1006 φοϐουμένους
3148 937 3328 1002 αὑτὸν,
3366 938 3476 1008 (55)
3503 940 3623 1002 τοὺς
3648 940 3780 993 ἑλπί-

556 1037 831 1109 Propheta
875 1036 1010 1091 dicit
1052 1053 1067 1091 :
1103 1054 1122 1088 ι
1173 1034 1329 1089 Oculi
1376 1033 1593 1089 Domini
1621 1049 1789 1103 super
1836 1039 2128 1089 metuente:

2240 1029 2431 1093 ζοντας
2459 1029 2552 1081 ἐπὶ
2580 1028 2640 1081 τδ
2668 1028 2811 1089 ἕλεος
2844 1024 3031 1087 αὐτοῦ,
3059 1024 3325 1097 ῥύσασθαι
3353 1029 3420 1079 ὲκ
3452 1026 3671 1082 θανάτου
3700 1028 3783 1093 τὰς

563 1144 711 1197 eum,
746 1138 801 1183 et
833 1127 887 1182 in
909 1126 990 1183 eis
1015 1126 1108 1198 qui
1140 1134 1363 1197 sperant
1393 1141 1561 1195 super
1586 1124 1971 1181 misericordia
1996 1124 2135 1193 ejus,

2239 1121 2418 1191 ψυχὰς
2448 1119 2647 1182 αὐτῶν,
2677 1119 2770 1172 καὶ
2806 1118 3093 1189 διαθρέψαι
3129 1118 3327 1181 αὐτοὺς
3359 1120 3416 1171 ὲν
3449 1117 3590 1189 λιμῷ
3610 1122 3672 1187 ι),
3701 1139 3784 1190 φα-

558 1230 616 1274 ιιι
648 1220 845 1275 liberet
890 1233 919 1270 a
953 1226 1129 1272 morte
1162 1216 1377 1271 animas
1417 1231 1643 1281 eorum,
1684 1223 1739 1270 et
1791 1216 1901 1269 alat
1946 1231 2042 1270 eos
2085 1216 2130 1269 in

2244 1215 2341 1285 μὲν
2371 1216 2565 1274 ἐκεῖνο,
2593 1213 2672 1265 ὃτι
2706 1233 2723 1262 ι
2758 1212 2822 1265 Ἡ
2848 1211 2993 1282 ψυχὴ
3023 1211 3177 1282 ἡμῶν
3212 1211 3474 1280 ὑπομενεῖ
3496 1211 3571 1282 τῷ
3600 1214 3782 1285 Κυρίῳ,

562 1313 702 1367 fame
724 1310 768 1381 ι)
801 1311 934 1365 illud
966 1308 1319 1380 proferimus,
1348 1327 1365 1360 ι
1391 1308 1585 1363 Anima
1623 1309 2134 1364 nostrasustinebit

2242 1308 2319 1379 τῷ
2347 1308 2405 1375 ἐξ
2424 1307 2666 1379 οὐρανῶν
2698 1308 2845 1377 ἡμᾶς
2864 1304 3231 1373 ἐπιϐλέψαντι.
3253 1322 3271 1353 ›
3290 1303 3507 1364 Καί,’ὀτι
3533 1322 3550 1354 ι
3579 1301 3783 1373 Γένοιτο,

561 1404 872 1465 Dominum,
915 1403 1005 1473 qui
1053 1418 1119 1457 ex
1168 1402 1325 1456 caelis
1365 1417 1468 1457 nos
1490 1402 1910 1471 intuetur,ietc
1953 1402 2133 1465 :Fiat1

2242 1400 2436 1474 Κύριε,
2474 1400 2536 1453 τὸ
2580 1399 2727 1463 ἔλεός
2774 1415 2869 1451 σου
2906 1397 2991 1467 ἐφ’
3022 1397 3189 1467 ἡμᾶς,
3232 1394 3485 1463 καθάπερ
3512 1395 3787 1469 ἠλπίσαμεν

559 1495 807 1560 Domine,
845 1494 1228 1549 misericordia
1268 1501 1361 1547 tua
1406 1508 1576 1563 super
1614 1507 1737 1558 nos,
1786 1494 2143 1563 qucnradmo-
2243 1495 2335 1547 ἐπὶ
2362 1493 2441 1548 σέ.
2470 1513 2496 1546 ο

560 1588 690 1642 dum
725 1586 1066 1657 speravimus
1100 1584 1153 1637 itt
1185 1592 1255 1638 te.
1304 1602 1322 1632 ›

616 1710 861 1780 Propter
901 1709 1018 1763 haec
1054 1708 1307 1774 repudiat
1338 1705 1563 1761 Judaeus
1606 1709 1802 1777 psalmi
1848 1709 1999 1764 illius
2059 1710 2144 1764 in-

2316 1713 2414 1767 Διὰ
2458 1712 2628 1766 ταῦτα
2678 1711 2775 1782 τὴν
2808 1707 3116 1781 ἐπιγραφὴν
3168 1705 3264 1760 τοῦ
3308 1706 3521 1777 ψαλμοῦ
3571 1706 3786 1764 τούτουό

562 1803 934 1871 scriptionem.
966 1797 1181 1853 Rursus
1216 1797 1288 1852 ob
1311 1797 1561 1852 eamdem
1595 1799 1864 1852 rationem
1902 1799 2134 1868 psalmus

2217 1856 2218 1864 χ
2257 1808 2504 1879 Ἑϐραῖος
2529 1806 2589 1859 ού
2614 1805 2846 1876 δέχεται.
2871 1803 3039 1856 Πάλιν
3078 1801 3221 1855 κατὰ
3247 1800 3339 1853 τὸν
3367 1799 3528 1853 αύτδν
3566 1799 3744 1871 τρόπον
3766 1802 3789 1854 ό

560 1892 1012 1963 quadragesimus
1030 1889 1308 1945 secundus
1338 1890 1482 1959 apud
1502 1888 1763 1944 llebrmos
1786 1889 2132 1960 iuscrlptioru

2246 1895 2676 1967 τεσσαρακοστός
2722 1910 2781 1946 τε
2822 1892 2915 1945 καί
2958 1891 3206 1962 δεύτερος
3249 1892 3361 1953 τοῖς
3403 1889 3659 1961 Ἑϐραίοις
3692 1892 3790 1944 tm-

567 1998 678 2038 non
712 1988 1073 2052 praenotatur.
1094 1976 1372 2041 Ostendit,
1400 1978 1662 2041 arbitror,
1697 1978 1816 2047 ipsa
1846 1979 2139 2031 verborqu

2249 1988 2466 2057 γραφὴν
2487 1985 2587 2037 οὐκ
2612 1984 2745 2054 ἔχει,
2776 1981 3099 2045 δεικνῦντος,
3124 1975 3303 2051 οἶμαι,
3332 1980 3425 2033 τοῦ
3449 1980 3621 2049 λόγου,
3650 1980 3722 2033 ὅτι
3741 1980 3789 2035 τὸ

564 2074 761 2147 psalmi
790 2072 982 2135 series,
1014 2070 1258 2147 mysterii
1284 2070 1339 2123 in
1360 2070 1570 2137 psalmo
1595 2070 1699 2123 hoc
1724 2069 2002 2138 explicati,
2029 2061 2136 2132 eo's1

2249 2080 2307 2130 ὲν
2332 2079 2408 2148 τῷ
2427 2074 2627 2146 ψαλμῷ
2646 2073 2820 2145 τούτῳ
2848 2074 3140 2145 μυστήριον
3159 2074 3272 2136 τοῖς
3308 2071 3637 2142 Ἐϐραῖζουσι
3670 2072 3789 2126 κατὰ

562 2170 659 2238 qui
693 2174 856 2221 sectae
888 2164 1132 2219 Iudaicae
1163 2161 1367 2216 addicti
1402 2170 1561 2227 sunt,
1597 2177 1828 2231 capaces
1850 2179 1961 2216 nun
1993 2178 2134 2223 esse,

2249 2170 2348 2241 τὴν
2375 2169 2582 2238 αἵρεσιν
2608 2165 2984 2236 ἀπαράδεκτον
3020 2157 3107 2234 ἦν.
3143 2161 3561 2215 Εἰσελεύσεσθαι
3596 2160 3696 2230 γὰρ
3726 2164 3788 2225 εἰς

564 2260 897 2314 Cnhortatur
932 2269 1168 2325 namque
1191 2294 1208 2318 ,
1245 2259 1304 2307 ut
1339 2261 1603 2307 renovata
1639 2252 1932 2322 juventute
1976 2254 2136 2307 intro-

2249 2261 2311 2313 τὸ
2340 2260 2722 2330 θυσιαστήριον
2746 2255 3159 2325 ἐπαγγέλλεται,
3182 2255 3304 2317 νέος
3323 2253 3623 2322 γενόμενος.
3653 2251 3789 2305 Ἀλλὰ

567 2365 759 2405 camus
789 2346 858 2401 ad
892 2346 1088 2399 altare.
1121 2342 1227 2398 Sed
1256 2342 1503 2397 Judaeum
1534 2342 1682 2396 nulla
1715 2342 1878 2412 hujus
1907 2341 1984 2396 rei
2018 2356 2139 2395 cura

2252 2352 2330 2423 τῷ
2370 2350 2605 2423 Ἑϐραίῳ
2627 2349 2784 2403 τοῦτο
2808 2349 2907 2402 ούκ
2935 2347 3098 2402 ἐστιν.
3124 2349 3197 2401 Οὐ
3233 2347 3345 2417 γὰρ
3376 2345 3585 2416 δέχεται
3609 2343 3679 2414 τῷ
3709 2360 3791 2415 μυ-

567 2440 761 2512 taugit.
786 2437 907 2493 Non
930 2438 1076 2493 enim
1100 2434 1359 2490 renovari
1388 2449 1511 2488 sese
1543 2433 1750 2503 patitur
1782 2432 2045 2503 mysterio
2074 2447 2139 2489 sat

2255 2444 2458 2516 στηρίῳ
2490 2444 2587 2513 τῆς
2616 2441 2887 2512 σωτηρίας
2911 2440 3000 2494 διὰ
3021 2440 3119 2512 τῆς
3140 2439 3354 2494 ἄνωθεν
3378 2438 3666 2508 γεννίισεως
3684 2437 3790 2491 ἀνα-

571 2535 700 2588 lutis
737 2547 833 2602 per
864 2544 1163 2600 supernam
1195 2526 1695 2598 regenerationem.

1035 2544 1163 2583 nam
1195 2526 1695 2598 regenerationem.
2257 2536 2442 2591 νεάσαι
2474 2534 2607 2603 (54),

640 2656 930 2727 Inscriptio
972 2652 1168 2725 psalmi
1217 2651 1629 2722 septuagesimi,
1668 2666 1790 2721 qua:
1825 2651 1879 2705 in
1914 2650 2155 2707 editione

2336 2663 2425 2715 Ἐν
2453 2663 2508 2716 δὲ
2537 2661 2615 2733 τῷ
2644 2660 3022 2732 ἑϐδομηκοστῷ
3046 2660 3144 2732 τῆς
3188 2656 3645 2730 ἐκκλησιαστικῆί
3671 2656 3795 2709 ἐκδό-

574 2750 833 2805 Εεοιεείω
859 2748 938 2803 sic
977 2746 1175 2801 habet:
1206 2764 1224 2796 α
1254 2744 1362 2799 l‘ro
1390 2744 1514 2799 ﬁliis
1536 2743 1805 2804 Jonadab,
1829 2752 1882 2797 et
1906 2744 2146 2813 priorum

2258 2773 2394 2819 σεως
2428 2755 2737 2825 ἐπιγραφὴν
2764 2752 3016 2825 ἐχούσης,
3061 2770 3084 2804 4
3128 2752 3313 2822 ’Υπὲρ
3353 2750 3460 2804 τῶν
3486 2748 3608 2802 υίῶν
3649 2748 3796 2801 Ἰωνα-

570 2842 935 2912 captivorum,
962 2857 982 2890 ι
1013 2838 1082 2891 ab
1115 2835 1355 2891 Hebraeis
1378 2836 1600 2889 omnino
1631 2836 1902 2905 praeterita
1926 2841 2027 2889 est.
2054 2834 2142 2889 Cu!

2256 2844 2386 2916 δὰμ,
2437 2845 2533 2899 καὶ
2582 2844 2690 2899 τῶν
2741 2844 2973 2914 πρώτων
3015 2841 3581 2914 αἰχμαλωτισθέντων,
3620 2857 3638 2892 ι
3674 2838 3796 2910 παρὰ

567 2937 659 3006 jus
682 2947 848 2989 causa
870 2933 1026 2986 clare
1057 2930 1246 2998 liquet.
1275 2926 1407 2980 Nam
1444 2942 1568 2982 cum
1605 2929 1658 2981 in
1692 2927 1777 2982 bis
1805 2936 1915 2980 tam
1942 2927 2139 2997 perspi-

2257 2941 2368 3003 τοῖς
2429 2936 2699 3011 Ἑϐραίοις
2748 2936 2904 2991 τοῦτο
2952 2935 3255 3007 σεσίγηται.
3326 2935 3387 2988 Ἦ
3436 2934 3491 2987 δὲ
3542 2932 3676 2988 αἰτία
3722 2948 3798 2983 σα-

569 3041 673 3081 eua
710 3026 821 3081 sint
852 3024 920 3079 de
950 3022 1179 3076 Domino
1212 3028 1399 3075 nostro
1441 3019 1686 3082 oracula,
1719 3018 2033 3088 coarguitur
2060 3017 2141 3073 Ju«

2260 3033 2366 3105 φὴς
2396 3032 2529 3104 (55),
2560 3033 2642 3086 ὅτι
2682 3028 3059 3102 φανερωτέρας
3096 3030 3195 3100 τῆς
3227 3029 3322 3092 εἰς
3358 3028 3446 3081 τὸν
3476 3025 3663 3098 Κύριον
3684 3041 3797 3096 προ-

572 3120 812 3174 daorum
858 3113 1083 3186 perﬁdia
1116 3120 1172 3169 et
1206 3111 1585 3173 incredulitas,
1627 3118 1814 3180 utpote
1851 3110 1946 3180 qui
1986 3109 2144 3164 nolint

2225 3158 2228 3207 ι
2261 3122 2488 3193 φητεεας
2516 3124 2574 3175 ὲν
2612 3120 2820 3183 τούτοις
2845 3120 3032 3192 οὔσης,
3058 3121 3092 3190 ἠ
3142 3120 3379 3173 ἀπιστία
3427 3119 3532 3172 τῶν
3567 3114 3797 3171 Ἰουδαίων

572 3219 684 3263 tam
719 3204 1070 3262 manifestam
1111 3206 1179 3259 de
1211 3202 1478 3274 mysterio
1510 3202 1615 3256 hoc
1658 3202 1966 3256 doctrinam
2013 3200 2144 3255 reci-

2224 3200 2228 3207 ,
2260 3216 2662 3285 κατηγορεῖται,
2691 3214 2766 3276 ὡς
2801 3210 3053 3277 δέξασθαι
3078 3209 3177 3281 τὴν
3206 3209 3453 3281 φανερὰν
3484 3207 3573 3263 τοῦ
3620 3222 3796 3279 μυστη-

575 3315 721 3372 pere.
756 3297 1230 3365 Quemadmodum
1265 3296 1410 3351 enim
1443 3294 1523 3348 illi
1552 3293 1645 3365 qui
1685 3295 1861 3350 oculis
1885 3295 2147 3359 laborant1

2260 3307 2377 3379 ρίου
2400 3304 2745 3359 διδασκαλίαν
2774 3303 2849 3375 μὴ
2869 3301 3222 3373 δυνηθέντων.
3255 3302 3473 3373 Ὠσπερ
3504 3300 3606 3371 γὰρ
3634 3298 3678 3353 οἱ
3695 3298 3798 3361 τοὺς

575 3391 659 3447 vel
679 3388 966 3445 aﬂ'eotione
987 3387 1080 3441 illa
1100 3392 1379 3449 tenentur,
1412 3399 1533 3454 qua:
1555 3399 1710 3453 aqua:
1732 3391 1910 3439 metus
1934 3384 2147 3451 dicitur,

2260 3396 2568 3468 ὀφθαλμοὺς
2604 3393 2905 3459 νοσοῦντες,
2937 3390 2970 3462 ἢ
3006 3391 3055 3443 οἱ
3096 3390 3208 3461 (56)
3242 3390 3331 3462 τῷ
3371 3391 3527 3446 πάθει
3551 3392 3643 3459 τῆς
3671 3388 3795 3460 ὑδρο·

576 3494 758 3550 ueque
787 3478 988 3534 solaris
1016 3476 1158 3531 radii
1181 3475 1586 3537 accessionem,
1609 3490 1787 3544 neque
1808 3485 2148 3545 conspectum

2262 3488 2433 3559 φόϐης
2461 3485 2865 3559 περιπεσόντες,
2892 3482 3016 3537 οὔτε
3048 3484 3145 3554 τῆς
3168 3482 3393 3547 ἀκτῖνος
3417 3475 3556 3537 οὗτοι
3585 3479 3685 3550 (57)
3714 3476 3794 3547 τὴν

577 3586 733 3644 aquae
763 3571 1000 3625 tolerare
1027 3575 1281 3639 possunt,
1310 3565 1404 3622 sed
1433 3566 1682 3622 tremulis
1714 3568 2047 3636 superciliis,
2083 3568 2149 3622 illi

2262 3581 2586 3654 προσϐολὴν,
2641 3577 2895 3632 obes-105
2947 3576 3138 3639 ὓδατος
3177 3576 3379 3629 ἐκεῖνοι
3429 3574 3524 3646 τὴν
3548 3573 3660 3643 ὄψιν
3699 3571 3791 3630 τοῖς

579 3662 798 3733 quidem
833 3659 974 3713 male
1006 3656 1184 3712 allecti
1211 3658 1401 3712 oculos
1445 3671 1476 3710 a
1519 3655 1725 3724 radiis;
1765 3657 1844 3710 illi
1886 3673 2039 3720 vero,
2068 3660 2151 3729 qui

2259 3673 2557 3744 ὀφθαλμοῖς
2615 3670 2977 3742 ὑποφέρουσιν
3024 3668 3157 3739 (58),
3199 3667 3339 3721 ἀλλὰ
3394 3664 3649 3739 μεμυκόσι
3700 3662 3792 3723 τοῖς

580 3768 779 3825 aquam
819 3758 1106 3815 metuunt,
1140 3750 1211 3805 ab
1259 3764 1413 3820 aquae
1458 3749 1660 3803 intuitu
1710 3757 1962 3804 avertunt
1995 3766 2009 3803 :
2047 3750 2152 3820 pari

2298 3761 2573 3832 λεφάροις,
2605 3760 2653 3813 οἱ
2699 3758 2796 3829 μὲν
2829 3757 3094 3828 ἐμπαθεῖς
3121 3756 3191 3809 τὰ
3228 3756 3453 3828 ὄμματα
3491 3755 3584 3825 τῆς
3610 3754 3792 3812 ἀκτῖνος
3860 3758 3866 3769 “

582 3845 743 3902 modo
767 3853 823 3902 et
846 3842 1160 3899 ludtrorum
1186 3840 1507 3912 improbitas
1535 3840 1751 3896 silentio
1775 3843 2055 3897 veritatem
2075 3857 2154 3898 re-

2262 3854 2614 3925 χωρίζονται,
2663 3852 2712 3903 οί
2760 3850 2817 3903 δὲ
2876 3847 3293 3920 ὑδροφοϐοὖντες
3353 3849 3448 3920 τῆς
3498 3846 3587 3901 τοῦ
3634 3844 3792 3904 ὓδατος

579 3938 798 4011 probat,
828 3951 895 3992 eo
920 3935 1067 4007 quod
1089 3934 1284 3991 divina:
1305 3934 1711 4006 praedicationis
1732 3935 1959 4004 gloriam
1992 3935 2151 3991 conli-

2262 3942 2456 4011 ὅψεως.
2494 3940 2597 3993 Τὸν
2626 3939 2785 3992 αὑτὸν
2810 3937 3027 4009 τρόπον,
3060 3937 3151 3991 καί
3179 3939 3211 4009 ἡ
3235 3939 3346 3991 τῶν
3382 3936 3633 3991 Ἰουδαίων
3653 3931 3793 3987 κακία

582 4033 685 4088 teri
714 4031 873 4087 nolit.
904 4027 1057 4084 Licet
1078 4041 1245 4099 porro
1274 4042 1338 4083 ex
1370 4027 1491 4098 ipsa
1521 4026 1717 4097 psalmi
1749 4028 1893 4083 serie
1924 4028 2154 4099 prephe-

2262 4033 2349 4087 διὰ
2387 4031 2446 4086 τὸ
2482 4032 2591 4101 (59)
2624 4030 2697 4101 μὴ
2732 4029 2904 4082 θέλειν
2936 4028 3213 4100 ὁμολογεῖν
3243 4028 3344 4101 τὴν
3376 4028 3529 4093 δόξαν
3564 4025 3649 4079 τοῦ
3673 4021 3792 4076 θείου

583 4127 674 4181 tiae
709 4125 858 4180 illius
889 4137 1089 4179 arcana
1116 4137 1466 4194 cognoscere.
1504 4121 1643 4177 Dicit
1679 4124 1823 4178 enim
1865 4123 1919 4177 in
1956 4124 2155 4193 psalmo

2264 4125 2635 4196 κηρύγματος,
2681 4119 3053 4192 ἀπαράδεκτον
3086 4123 3228 4174 ποιεῖ
3248 4121 3336 4177 διὰ
3375 4121 3470 4192 τῆς
3503 4117 3692 4185 σιωπῆς
3712 4114 3793 4183 τὴν

575 4217 1014 4288 septuagesimo,
1039 4215 1201 4285 cujus
1244 4214 1530 4284 inscriptio
1556 4221 1639 4269 est
1672 4231 1686 4269 :
1723 4232 1741 4265 ι
1779 4213 1855 4268 De
1891 4215 2147 4285 prioribus

2264 4214 2537 4285 ἀλήθειαν.
2570 4213 2785 4279 Ἔξεστι
2819 4212 2875 4265 δὲ
2907 4212 3002 4265 καί
3042 4210 3107 4264 δι’
3150 4212 3321 4283 αὐτῆς
3366 4212 3462 4284 τῆς
3502 4210 3607 4280 (60)
3640 4205 3793 4277 ψαλμ-

578 4308 844 4377 captivis,
866 4324 885 4358 ι
906 4314 1167 4376 tanquam
1190 4320 1255 4359 ex
1274 4318 1508 4375 persona
1532 4306 1895 4375 captivorum,
1916 4320 2041 4359 cum
2061 4305 2150 4361 alia

2264 4306 2423 4377 ῳδίας
2444 4303 2737 4373 ἐπιγνῶναι
2754 4303 2821 4356 τὰ
2846 4303 2945 4374 τῆς
2967 4306 3304 4375 προφητείας
3334 4305 3637 4374 αἰνίγματα.
3659 4298 3793 4365 Λέγει

586 4397 837 4470 quadam
865 4396 1228 4466 supplicantis
1259 4395 1497 4449 orationi
1536 4402 1926 4460 consentanea,
1947 4406 2060 4451 tum
2101 4398 2158 4451 il-

2265 4399 2371 4470 γὰρ
2412 4399 2469 4450 ἐν
2506 4396 2581 4467 τῷ
2610 4396 3011 4468 ἑϐδομηκοστῷ,
3044 4398 3101 4450 ὲν
3135 4392 3178 4466 ᾧ
3216 4417 3234 4449 ι
3277 4399 3413 4470 Περὶ
3447 4396 3550 4450 τῶν
3596 4390 3794 4463 πρώτων

581 4489 681 4545 iud
705 4507 717 4543 :
750 4506 769 4540 α
795 4487 956 4557 Eripe
981 4502 1068 4541 me
1104 4487 1170 4541 de
1206 4500 1368 4538 manu
1410 4486 1738 4555 peccatoris,
1760 4486 1826 4541 de
1850 4502 2010 4540 manu
2035 4478 2153 4542 con-

2221 4492 2240 4544 )
2271 4487 2805 4559 αίχμαλωτισθέντων
2837 4507 2853 4539 ι
2900 4488 3047 4542 ἐστὶν
3075 4492 3108 4559 η
3142 4490 3439 4561 ἐπιγραφὴ,
3464 4489 3535 4551 ὡς
3562 4487 3623 4539 ὲκ
3652 4496 3793 4552 προσ-

581 4593 675 4639 ‘tra
695 4582 871 4652 legem
896 4578 1108 4649 agentis
1128 4584 1182 4633 et
1205 4576 1402 4646 iniqui.
1428 4596 1446 4629 ι
1477 4575 1689 4643 Quibus
1710 4578 1892 4633 verbis
1921 4580 2153 4650 designal

2266 4579 2413 4632 ώπου
2454 4579 2548 4633 τοῦ
2596 4578 2938 4649 αἰχμαλώτου
2974 4582 3003 4634 ὁ
3047 4581 3221 4649 λόγος,
3267 4582 3401 4636 ἄλλα
3446 4581 3503 4634 τέ
3547 4594 3656 4632 τινα
3682 4570 3793 4645 πρέ-

584 4675 768 4739 illum,
809 4672 901 4743 qui
932 4672 1100 4725 vitam
1124 4678 1376 4726 nostram
1411 4670 1466 4724 in
1506 4669 1878 4739 captivitatem
1941 4665 2156 4735 redegit.

2267 4690 2434 4725 ποντα
2460 4673 2524 4743 τῇ
2546 4671 2635 4725 τοῦ
2663 4671 2833 4725 ἱκέτου
2865 4675 3034 4743 φωνῇ,
3058 4674 3151 4727 καί
3170 4674 3251 4727 ὅτι
3284 4695 3302 4725 ι
3325 4671 3510 4727 Ῥῦσαί
3535 4688 3598 4742 με
3620 4669 3677 4720 ἐκ
3704 4680 3797 4736 χει·

587 4764 658 4819 Et
689 4764 1047 4836 sequentibus
1085 4763 1289 4827 verbis,
1338 4771 1462 4833 post
1503 4763 1711 4819 multas
1740 4763 1807 4818 ad
1835 4763 2159 4818 consolatio.

2270 4764 2355 4837 ρδς
2373 4763 2713 4835 ἁμαρτωλοῦ,
2741 4766 2804 4816 ὲκ
2826 4764 3005 4836 χειρὸς
3019 4764 3455 4837 παρανομοῦντος
3476 4762 3562 4816 καί
3582 4754 3794 4812 ἀδικοῦν-

589 4872 716 4912 nem
764 4856 1204 4910 accommodatas
1253 4870 1446 4918 voces,
1484 4855 1717 4911 reditum
1757 4871 1823 4911 ex
1859 4856 2161 4925 captivitate

2266 4874 2375 4920 τοςο
2401 4876 2420 4911 ι
2449 4856 2656 4919 τούτοις
2676 4860 2787 4919 τοῖς
2811 4857 3035 4928 ὀνόμασι
3058 4857 3147 4910 τδν
3174 4856 3640 4929 αἰχμαλωτίσαντα
3664 4845 3795 4920 ἡμῶν

590 4947 875 5013 describit,
891 4961 1015 5000 cum
1037 4946 1147 4999 ait:
1174 4963 1193 4997 ι
1217 4944 1463 5012 Quantas
1482 4946 1920 5002 ostendisti’mihi
1944 4947 2162 5001 tribula-

2267 4948 2363 5019 τὴν
2402 4947 2544 5018 ζωὴν
2574 4948 2977 5016 ἐνδεικνύμενος
3002 4947 3135 5019 (.Gl).
3159 4950 3267 5002 Καὶ
3296 4952 3352 5004 ὲν
3384 4951 3495 5011 τοῖς
3525 4940 3794 4998 ὑπολοίποις

592 5037 791 5097 tiones.
814 5036 1017 5090 muitas
1034 5044 1088 5091 et
1112 5035 1305 5099 malas,
1328 5043 1382 5091 et
1399 5050 1701 5091 conversus
1728 5036 2017 5091 vivificasti
2046 5053 2128 5091 me
2146 5080 2160 5103 ,

2270 5043 2405 5115 μετὰ
2436 5041 2634 5104 πολλὰς
2662 5042 2759 5103 τὰς
2793 5040 3200 5113 παρακλητικὰς
3247 5044 3457 5104 ὲκείνας
3486 5034 3674 5108 φωνὰςν
3714 5028 3794 5097 τὴν

592 5136 651 5185 et
665 5129 731 5183 de
748 5128 964 5198 abyssis
985 5134 1144 5181 terra:
1159 5127 1354 5182 iterum
1376 5127 1637 5183 reduxisti
1664 5144 1769 5193 me,
1789 5129 2163 5198 multiplicasti

2266 5137 2330 5188 ὲκ
2357 5135 2454 5205 τῆς
2485 5132 2852 5203 αἰχμαλωσίας
2878 5133 3170 5203 γενομένην
3209 5134 3463 5187 ἐπάνοδον
3485 5120 3792 5194 διασημαίνει

596 5219 1060 5291 magniﬁcentiam
1093 5226 1242 5272 tuam
1274 5233 1437 5287 super
1468 5235 1572 5285 me,
1611 5228 1661 5275 et
1696 5235 1995 5276 conversus
2026 5237 2157 5276 con-

2265 5226 2341 5297 τῷ
2366 5226 2532 5295 λόγῳ⁸
2567 5218 2717 5294 ὲνρῖς
2737 5241 2919 5294 φησιν,
2950 5225 3028 5278 ὅτι
3056 5227 3255 5292 «Ὅσας
3273 5226 3473 5292 ἔδειξάς
3506 5239 3591 5294 μοι
3617 5214 3792 5297 θλίψείς

596 5312 804 5368 solatus
821 5323 883 5366 es
899 5323 1005 5363 me.
1027 5309 1273 5365 iClarius
1295 5323 1422 5365 vero
1438 5326 1513 5366 ex
1537 5312 1714 5383 magni
1741 5312 1888 5367 Pauli
1919 5312 2164 5368 doctrina

2272 5295 2467 5378 πολλὰς
2528 5314 2621 5367 καὶ
2680 5312 2875 5375 κακὰς,
2931 5313 3024 5366 καὶ
3083 5315 3408 5386 ἐπιστρέψας
3461 5295 3790 5376 ἐζωοποίησάῖ

560 5532 563 5535 ν
668 5508 782 5583 eis)
818 5506 939 5583 φεμ
966 5523 1074 5583 οφ..
1099 5508 1187 5583 εδ,

2346 5514 2458 5583 (57)
2492 5505 2647 5567 Οὗτοι
2671 5532 2780 5571 om.
2815 5516 2901 5571 ed.

812 5578 927 5662 ἰξαί
963 5578 1084 5660 add.
1116 5581 1203 5634 ed.
1229 5651 1241 5662 .
1262 5646 1279 5662 ἱ
1498 5654 1499 5657 η

2484 5584 2892 5662 -ξΥξτομένούσιν
2916 5587 3137 5659 quidam
3155 5588 3313 5645 codd.

672 5646 783 5720 (ξι)
812 5646 1349 5720 Ἀνανεῶσαιψιίιίω
1498 5654 1499 5657 “
1534 5698 1557 5701 .,
2484 5655 2613 5720 Τοῦ,
2639 5646 2729 5712 ed.

670 5716 785 5857 {55%
825 5718 1000 5773 Ἔστιν
1023 5718 1149 5773 add.
1170 5716 1263 5775 'ed.

690 5789 764 5843 ω
821 5788 882 5841 Οί
914 5803 1022 5843 om.
1048 5790 1137 5846 ed.

2341 5716 2456 5797 (60)
2485 5716 2609 5795 Τῆς
2627 5741 2739 5783 om.
2769 5726 2856 5782 ed.

2342 5797 2456 5857 (61)
2480 5796 2856 5857 Ἐκδεικνύμεν

914 5803 1022 5843 om.
1048 5790 1137 5846 ed.
2342 5790 2456 5869 (61)
2480 5799 2486 5819 τ

2342 5790 2456 5869 (61)
2480 5790 2941 5870 Ἐκδεικνύμενος,
2977 5797 3071 5856 ed.
