3986 6508
218 428 318 484 521

1634 433 1698 488 ΙΝ
1739 433 2081 491 PSALMOS.

3375 441 3487 498 5'22

221 570 311 624 με,
339 557 433 606 καὶ
464 554 527 605 ἐκ
560 553 667 606 τῶν
698 552 950 606 ⁴Ξιϐύσσων
972 552 1070 622 τῆς
1098 553 1200 621 γῆς
1222 550 1381 605 πάλιν
1404 551 1679 619 άνήγαγές
1714 568 1804 621 με,

1913 566 2314 623 cognoscemus
2338 592 2353 617 ,
2381 553 2656 626 quomodo
2681 569 2746 609 ex
2780 552 2997 625 abyssis
3030 554 3347 623 reducatur,
3388 557 3484 628 qui

217 646 551 707 ἐπλεόνασας
596 646 680 697 ἐπ’
710 644 809 715 ἐμὲ
852 645 951 715 τὴν
979 641 1366 713 μεγαλωσύνην
1408 659 1523 707 σου,
1556 642 1649 694 καὶ
1680 643 1802 695 ἐπι-

220 738 459 807 στρέψας
493 737 872 807 παρεκάλεσάς
899 752 987 804 με.
1029 754 1048 785 ι
1088 734 1259 787 Τοῦτο
1286 734 1343 786 δὲ
1378 735 1709 807 σαφέστερον
1739 736 1805 788 ἐκ

214 831 317 901 τῆς
348 830 443 884 τοῦ
476 830 714 901 μεγάλου
748 828 962 881 Παύλου
984 827 1336 891 διδασκαλίας
1372 830 1658 899 νοήσομεν,
1687 828 1806 891 πῶς

215 924 281 977 ἐκ
308 922 420 975 τῶν
444 923 695 976 ἀϐύσσων
728 921 985 988 ἀνάγεται
1024 923 1053 974 6
1085 921 1164 992 τῷ
1199 921 1355 993 βάρει
1400 922 1502 994 τῆς
1528 921 1805 993 ἁμαρτίας

218 1015 610 1079 καθελκυσθεὶς
653 1016 733 1077 εἰς
781 1015 878 1086 τὴν
914 1014 1149 1069 ἄϐυσσον
1183 1014 1271 1068 διὰ
1318 1014 1414 1068 τοῦ
1453 1016 1805 1079 κατελθόντος

214 1107 283 1161 δι’
334 1107 483 1178 ἡμᾶς
529 1107 609 1169 εἰς
657 1106 756 1175 τὴν
801 1105 1036 1158 ἄϐυσσον
1072 1150 1085 1160 .
1125 1106 1261 1178 Περί
1304 1099 1365 1159 οὗ
1415 1124 1612 1177 φησιν⁸
1651 1125 1670 1158 ι
1712 1106 1803 1178 Μὴ

215 1198 379 1268 εἴπῃς
406 1200 465 1251 ἐν
502 1200 567 1267 τῇ
617 1197 815 1268 καρδίᾳ
847 1214 961 1259 σου,
998 1197 1093 1261 Τίς
1127 1197 1460 1267 ἀναϐήσεται
1487 1200 1567 1262 εἰς
1598 1198 1689 1252 τὸν
1716 1198 1805 1251 οὐ-

219 1291 415 1361 ρανόν;
454 1289 701 1342 τουτέστι
733 1288 965 1360 Χριστὸν
1000 1292 1355 1358 καταγαγεῖν.
1397 1291 1466 1343 Ἦ
1509 1290 1593 1354 τίς
1628 1306 1801 1342 κατα-

217 1382 445 1451 ϐήσεται
476 1383 555 1444 εἰς
584 1381 680 1449 τὴν
715 1380 989 1446 ἄϐυσσον;
1034 1381 1313 1444 Τουτέστι,
1356 1381 1590 1451 Χριστὸν
1620 1383 1686 1434 ἐκ
1714 1394 1802 1432 νε-

216 1475 364 1544 κρῶν
385 1477 699 1542 ἀναγαγεῖν.
729 1491 749 1525 ι
782 1474 944 1527 Ὅθεν
970 1475 1078 1545 γὰρ
1099 1474 1347 1545 εἰσῆλθεν
1375 1475 1454 1537 εἰς
1482 1473 1571 1526 τὸν
1601 1477 1804 1543 κόσμον

213 1570 241 1620 ὁ
270 1567 522 1627 θάνατος,
556 1564 766 1617 ἐκεῖθεν
802 1565 964 1618 πάλιν
1008 1565 1104 1617 καὶ
1156 1563 1446 1635 ἐξῳκίσθη.
1483 1565 1559 1616 Δι’
1590 1562 1801 1634 ἀνθρώ-

216 1676 321 1711 που
356 1657 593 1727 εἰσῆλθε,
626 1658 693 1710 δι’
726 1654 1013 1728 ἀνθρώπου
1048 1658 1142 1710 καὶ
1170 1656 1511 1721 ὲξοικίζεται.
1552 1657 1611 1708 '0
1647 1655 1800 1727 πρῶ-

1901 645 2139 715 pondere
2165 644 2372 714 peccati
2404 645 2459 699 in
2484 630 2814 715 profundum
2844 648 3124 704 detractus
3147 660 3249 713 est,
3282 649 3349 704 de
3376 666 3487 719 quo

1902 735 2081 803 inquit
2115 754 2131 791 :
2172 754 2190 785 ι
2227 733 2305 790 Ne
2330 735 2483 790 dicas
2515 737 2566 788 iu
2598 736 2763 792 corde
2805 747 2898 792 tuo
2930 738 3101 805 :Quis
3140 739 3399 795 ascendet
3430 739 3487 796 in

1901 828 2143 883 caelum?
2171 828 2317 897 quod
2347 836 2432 883 est
2459 827 2742 883 Christum
2788 829 3080 885 deducere.
3112 833 3217 885 Aut
3239 833 3362 902 quis
3393 831 3488 885 de-

1903 919 2130 976 scendet
2174 922 2230 974 in
2278 920 2584 992 abyssum?
2613 920 2729 976 Hoc
2764 931 2847 977 est
2888 923 3165 977 Christum
3191 939 3221 977 a
3258 922 3489 978 mortuis

1909 1027 2170 1067 revocare
2191 1012 2259 1068 ‘9.
2285 1032 2304 1065 ›
2330 1014 2488 1069 Unde
2509 1015 2652 1068 enirn
2681 1014 2922 1069 introivit
2949 1015 3004 1068 in
3029 1015 3291 1069 mundum
3317 1031 3485 1081 mors,

1905 1102 2034 1158 inde
2072 1104 2271 1159 iterum
2301 1105 2473 1175 ejecta
2504 1116 2608 1161 est.
2660 1105 2763 1162 Per
2796 1107 3071 1162 hominem
3104 1107 3357 1172 intravit,
3394 1122 3492 1177 per

1906 1194 2181 1250 hominem
2245 1196 2407 1251 etiam
2459 1197 2699 1267 ejicitur.
2771 1197 2987 1256 Primus
3057 1200 3223 1254 homo
3278 1202 3485 1256 aditum

1903 1288 2065 1342 morti
2091 1288 2376 1358 patefecit;
2409 1306 2502 1360 per
2527 1293 2828 1346 secundum
2856 1294 2964 1347 vita
2997 1294 3295 1357 reducitur.
3328 1296 3489 1365 cujus

1902 1376 2188 1449 ingressus
2223 1381 2576 1437 abolitionem
2606 1384 2801 1439 mortis
2825 1385 3006 1440 efficit.
3039 1386 3267 1459 Propter
3297 1387 3401 1441 hoc
3432 1388 3489 1443 in

1913 1470 2170 1539 abyssum
2195 1472 2387 1526 mortis
2416 1472 2701 1528 descendit
2725 1491 2822 1545 per
2848 1479 3185 1547 passionem,
3217 1486 3273 1532 ut
3301 1493 3487 1533 secum

1912 1560 1978 1614 ad
2016 1577 2251 1631 superna
2291 1565 2579 1619 reduceret
2612 1582 2734 1620 eum
2776 1569 2869 1638 qui
2910 1571 2963 1623 in
2994 1569 3328 1641 profundum
3359 1584 3483 1624 cor-

1906 1662 2114 1709 ruerat.

211 1765 301 1812 τος
330 1749 619 1817 ἄνθρωπος
647 1750 827 1819 ἤνοιξε
851 1748 932 1819 τῷ
963 1748 1177 1819 θανάτῳ
1202 1748 1300 1819 τὴν
1326 1748 1530 1801 εἴσοδον
1550 1763 1564 1778 ·
1604 1747 1692 1799 διά
1716 1746 1810 1800 τού
1844 1746 2095 1818 δευτέρου
2135 1748 2168 1817 ἡ
2238 1746 2353 1819 ζωὴ
2405 1749 2802 1819 ἀντεισάγεται,
2845 1746 2912 1822 ἧς
2953 1755 2987 1824 ἡ
3019 1751 3222 1815 εἴσοδος
3292 1756 3488 1826 ἀφανι-

214 1843 353 1908 σμὸν
370 1841 467 1893 τοῦ
499 1840 726 1894 Θανάτου
756 1842 1066 1912 ἐργάζεται.
1093 1842 1189 1894 Διά
1218 1842 1375 1895 τοῦτο
1398 1845 1455 1895 ἐν
1485 1844 1550 1913 τῇ
1610 1841 1834 1910 ἁϐύσσῳ
1872 1840 1965 1894 τοῦ
2000 1841 2253 1903 θανάτου,
2301 1844 2668 1915 κατεχομένου
2705 1846 2799 1899 τοῦ
2842 1846 3189 1918 αἰχμαλώτου
3231 1850 3335 1902 ὑπὸ
3392 1850 3487 1903 τοῦ

216 1941 478 2003 θανάτου,
534 1941 736 2011 κατέϐη
784 1939 875 1993 διὰ
920 1940 1015 1993 τοῦ
1049 1941 1253 2004 πάθους
1308 1943 1389 2005 εἰς
1440 1943 1539 2012 τὴν
1578 1943 1816 1996 ἄϐυσσον
1845 1938 2072 2009 ταύτην,
2098 1932 2250 2009 ἐφ’ἱῤ
2300 1958 2358 1993 τε
2385 1946 2708 2012 συναγαγεῖν
2742 1944 2919 2014 ἐαυτῷ
2955 1944 3115 2000 πάλιν
3147 1947 3237 2000 ἐπὶ
3258 1949 3328 2002 τά
3375 1948 3488 2003 ἄνω

208 2034 303 2086 τὸν
336 2032 540 2102 βύθιον.

284 2126 474 2179 Ταῦτα
500 2126 607 2197 γὰρ
632 2125 698 2178 δι’
724 2125 1011 2198 ἀκριϐείας
1106 2126 1313 2197 μεγάλη
1347 2124 1440 2179 τοῦ
1483 2124 1806 2179 ’Λποστόλου

209 2220 369 2289 φωνὴ
399 2216 746 2286 διεσάφησεν,
776 2217 912 2270 ἄλλα
943 2233 994 2269 τε
1026 2216 1197 2270 πολλὰ
1226 2218 1352 2288 περ).
1382 2216 1585 2270 τούτων
1615 2214 1805 2277 εἰπὼν,

209 2311 352 2380 φησὶ
388 2309 486 2363 καὶ
517 2308 692 2360 τοῦτο’
731 2328 749 2358 ι
788 2308 997 2378 Ὥσπερ
1032 2310 1090 2360 ἐν
1118 2307 1195 2378 τῷ
1232 2307 1405 2378 Ἀδάμ
1433 2308 1635 2370 πάντες
1667 2308 1800 2359 ἀπο-

209 2402 560 2474 θνῄσκομεν
611 2399 783 2463 οὕτως
827 2399 885 2450 ἐν
917 2400 994 2470 τῷ
1032 2398 1252 2471 Χριστῷ
1295 2400 1495 2462 πάντες
1540 2396 1807 2467 ζωοποιη-

206 2494 497 2567 θησὸμεθα
522 2492 653 2564 (62).
672 2517 689 2549 ι
711 2494 806 2549 Διὰ
825 2495 977 2550 τοῦτο
992 2493 1087 2561 τῆς
1108 2492 1418 2562 ἐπιγραφῆς
1446 2512 1463 2541 ι
1501 2491 1672 2561 ’Υπὲρ
1699 2488 1807 2541 τῶν

211 2588 457 2660 πρώτων
493 2587 603 2657 (63)
644 2586 1187 2655 αἰχμαλωτισθέντων
1230 2605 1247 2636 ι
1290 2583 1532 2653 γίνεσθαι
1570 2582 1666 2652 τὴν
1718 2580 1805 2634 διὰ

209 2681 424 2751 σαρκὸς
468 2680 778 2749 οἰκονομίαν
811 2677 905 2730 τοῦ
940 2678 1142 2749 Κυρίου
1200 2675 1428 2747 βοώσης,
1471 2674 1658 2745 βύουσι
1708 2672 1806 2743 τὴν

210 2773 391 2842 ἀκοὴν
456 2772 729 2843 Ἑϐραῖοι,
787 2771 879 2824 καὶ
932 2770 1029 2841 τὴν
1072 2770 1382 2842 ἐπιγραφὴν
1433 2769 1494 2822 ού
1552 2767 1804 2839 προσίεν-

208 2878 307 2915 ται
324 2860 460 2933 (et).

288 2952 481 3017 Οὕτως
521 2955 578 3005 ὲν
605 2952 683 3023 τῷ
712 2952 1078 3023 ὲννενηκοστῷ
1108 2954 1207 3023 τὴν
1242 2952 1409 3023 αὐτὴν
1435 2952 1688 3022 εὑρήσεις
1716 2951 1805 3003 αἱ.

208 3047 344 3098 τίαν
372 3045 464 3097 τοῦ
506 3044 580 3117 μὴ
616 3044 1012 3115 παραδέχεσθαι
1059 3046 1186 3107 τοὺς
1221 3044 1505 3115 Ἑϐραίους
1542 3044 1652 3114 (65)
1706 3042 1806 3114 τὴν

201 3136 525 3208 δηλωτικὴν
567 3137 666 3207 τῆς
712 3136 803 3189 τοῦ
841 3136 1073 3207 Χριστοῦ
1102 3137 1417 3205 θεοφανείας
1469 3136 1801 3209 ἐπιγραφήν,

221 3228 398 3296 Ἡμῖν
428 3227 527 3296 μὲν
558 3225 665 3296 γὰρ
682 3228 708 3278 6
732 3241 835 3296 μνη
846 3226 1116 3293 μονευθείς
1139 3225 1370 3296 ψαλμὸς,
1391 3244 1409 3276 ι
1431 3219 1586 3291 Αἶνος
1610 3243 1627 3277 ι
1655 3228 1803 3279 ἐστιν

205 3338 231 3371 ‹
255 3318 458 3389 ᾠδῆς.)
487 3317 597 3380 Πᾶς
618 3318 725 3389 γὰρ
752 3314 899 3380 αἶνος
933 3319 1012 3381 εἰς
1049 3318 1182 3372 Θεὸν
1222 3319 1320 3391 τὴν
1348 3314 1625 3389 ἀναφορὰν
1666 3318 1799 3389 ἔχει.

1982 2121 2107 2178 llaec
2140 2132 2397 2180 accurate
2432 2140 2661 2196 magnus
2688 2128 2987 2198 Apostolus
3016 2131 3270 2199 patefecit
3292 2171 3308 2197 ,
3342 2143 3401 2188 ut
3431 2142 3487 2189 et

1908 2213 2014 2267 alia
2034 2215 2225 2279 multa,
2255 2223 2307 2270 et
2331 2224 2527 2283 praeter
2547 2225 2741 2272 caetera
2766 2218 2897 2272 illud
2925 2239 2938 2274 :
2971 2241 2989 2271 ‹
3018 2219 3484 2287 Quemadmodum

1906 2305 1962 2358 in
2007 2306 2181 2359 Adam
2231 2322 2423 2362 omnes
2459 2311 2744 2373 morimur,
2795 2312 2876 2365 sic
2924 2311 2977 2365 in
3023 2312 3247 2368 Christo
3295 2331 3486 2370 omnes

1906 2398 2252 2451 viviticamur
2272 2398 2341 2451 ⁸ο.
2376 2417 2395 2450 ι
2424 2398 2693 2463 Quocirca
2713 2416 2836 2454 cum
2861 2403 3196 2473 inscriptio,r
3230 2404 3336 2458 Pro
3356 2422 3487 2477 cap-

1908 2488 2057 2551 tivis,
2088 2506 2106 2537 ι
2138 2488 2285 2541 clara
2322 2503 2454 2543 voce
2487 2492 2773 2546 annuntiet
2802 2491 3015 2548 Domini
3041 2497 3217 2550 nostri
3242 2497 3295 2551 in
3322 2513 3486 2552 carne

1907 2580 2270 2633 (Economiam
2308 2588 2361 2632 et
2384 2581 2872 2651 dispensationem,
2908 2600 3072 2642 aures
3100 2587 3361 2642 obturant
3388 2587 3485 2643 Ju-

1906 2670 2029 2731 daei,
2058 2670 2585 2744 inscriptionemque
2608 2674 2888 2745 rejiciunt.

1978 2941 2069 2997 Sic
2100 2943 2155 2997 in
2188 2945 2543 3015 nonagesimo
2563 2947 2773 3015 psalmo
2793 2946 3039 3002 eamdem
3066 2950 3334 3019 repereris
3355 2966 3485 3005 cau-

1906 3046 2045 3095 sam,
2104 3032 2356 3087 videlicet
2411 3033 2822 3103 inscriptionem
2872 3036 3069 3091 divina:
3126 3041 3485 3109 apparitionis

1904 3122 2109 3180 Christi
2160 3125 2215 3178 in
2270 3140 2434 3180 carne
2477 3127 2938 3197 significatricem.
2982 3130 3138 3199 Apud
3197 3146 3297 3187 nos
3339 3134 3484 3188 enim

1906 3216 2203 3286 praedictus
2233 3219 2476 3287 psalmus
2510 3220 2581 3272 ita
2608 3221 2769 3274 habet
2802 3238 2815 3274 :
2850 3240 2869 3270 ι
2898 3221 3042 3276 Laus
3066 3224 3322 3278 cantici.»
3349 3224 3484 3280 Nam

1905 3308 2083 3362 omnis
2139 3309 2258 3363 laus
2304 3309 2372 3362 ad
2422 3308 2587 3364 Deum
2627 3310 2881 3365 refertur.
2916 3314 2983 3368 At
3016 3313 3229 3369 Hebraei
3268 3316 3483 3372 laudem

206 3412 277 3462 υἱ
310 3410 373 3462 δὲ
414 3410 650 3480 Ἑϐραῖοι
682 3410 874 3478 σιγῶσι
906 3410 995 3462 τὸν
1022 3407 1189 3474 αἶνον,
1221 3413 1314 3466 καὶ
1336 3415 1448 3475 τοῖς
1471 3410 1680 3466 αἰνοῦσι
1711 3413 1801 3465 τὸν

1913 3398 2160 3460 reticent,
2197 3398 2596 3470 Dominumque
2628 3403 2980 3459 laudantibus
3009 3406 3285 3462 silentium
3317 3408 3488 3480 impe-

208 3503 428 3573 Κύριον
461 3505 620 3573 σιγᾷν
669 3503 1066 3571 ἐγκελεύονται.
1107 3504 1351 3558 Κωλύειν
1373 3505 1502 3573 γοῦν
1535 3501 1645 3575 (66)
1684 3506 1803 3558 ἐπι-

138 3641 145 3645 .
205 3596 497 3668 χειροῦσιν
552 3598 610 3648 ὲν
655 3596 730 3665 τῷ
785 3595 914 3667 ἱερῷ
947 3598 1070 3660 τοὺς
1106 3598 1300 3661 παῖδας
1347 3599 1515 3650 αἰνεῖν
1548 3597 1639 3649 ἐπὶ
1684 3600 1801 3661 ταῖς

207 3691 494 3753 εὐποιίαις
531 3690 621 3744 τὸν
663 3689 886 3760 Κύριον,
922 3688 1104 3753 καθὼς
1147 3689 1447 3759 στηλιτεύει
1497 3689 1675 3742 αὐτῶν
1704 3690 1803 3760 τὴν

207 3781 619 3852 ἀγνωμοσύνην
647 3782 705 3835 τὸ
733 3782 1081 3849 Εὐαγγέλιον.
1114 3782 1259 3834 Αύτά
1296 3782 1351 3834 δὲ
1398 3782 1490 3836 τοῦ
1523 3781 1672 3834 αἴνου
1706 3781 1804 3851 τῆς

138 3882 143 3889 ’
206 3874 368 3944 ᾠδῆς
394 3874 598 3942 ταύτης
620 3873 688 3925 τὰ
713 3874 950 3942 ῥήματα,
983 3873 1233 3941 περιττὸν
1254 3871 1320 3925 ἂν
1341 3874 1425 3944 εἴη
1451 3872 1537 3924 διὰ
1563 3872 1657 3942 τῆς
1680 3870 1807 3924 θεω-

209 3966 349 4037 ρίας
375 3964 771 4024 ἀποδεικνύειν.
800 3964 936 4035 πρὸς
959 3965 1050 4016 τὸν
1079 3964 1279 4035 Κύριον
1303 3964 1585 4035 βλέποντα,
1614 3965 1807 4033 γυμνό-

202 4075 380 4129 ιτερον
408 4058 579 4128 αὐτῆς
607 4058 705 4127 τῆς
734 4057 931 4122 λέξεως
951 4056 1057 4109 τῶν
1082 4057 1480 4129 γεγραμμένων
1509 4054 1607 4128 τὴν
1628 4055 1809 4109 τοιαύ-

206 4169 319 4222 την
356 4151 379 4202 ὲ
390 4148 728 4221 μφαινούσης
755 4149 1015 4204 διάνοιαν.

308 4394 375 4445 ’0
404 4391 460 4445 δὲ
492 4392 629 4462 μετὰ
663 4389 753 4444 τὸν
788 4390 1005 4460 πρῶτον
1039 4390 1132 4444 καὶ
1182 4390 1585 4463 ἐννενηκοστδν,
1614 4389 1723 4461 ἔχει
1755 4409 1808 4444 τι

209 4485 329 4539 πά)
345 4504 391 4538 ιν
427 4488 482 4539 ἐν
518 4487 583 4555 τῇ
620 4486 899 4556 ἐπιγραφῇ
927 4484 1325 4556 φανερώτερον,
1350 4478 1412 4538 οὗ
1433 4485 1593 4555 χάριν
1620 4483 1808 4554 φεύγει

207 4581 240 4631 6
282 4576 592 4641 Ἰουδαίζων
632 4578 729 4647 τὴν
775 4577 872 4647 τῆς
908 4578 1219 4648 ἐπιγραφῆς
1260 4576 1672 4645 συγκατάθεσιν.
1702 4578 1809 4647 Φη-

1906 3501 2051 3547 rant.
2082 3491 2291 3548 Etenim
2332 3503 2387 3549 et
2416 3510 2616 3565 pueros
2648 3496 2702 3550 in
2733 3498 2937 3566 templo
2967 3497 3256 3553 Dominum
3289 3501 3360 3555 ob
3395 3503 3486 3555 be-

1906 3590 2098 3642 nelicia
2131 3589 2451 3651 laudantes,
2484 3592 2743 3647 cohibere
2787 3601 3081 3657 conantur,
3116 3606 3277 3665 prout
3311 3595 3486 3651 Evan-

1906 3681 2104 3750 gelium
2134 3682 2200 3735 de
2232 3680 2334 3736 hac
2362 3683 2580 3746 illorum
2630 3684 2967 3753 insipientia,
3010 3686 3157 3741 velut
3186 3687 3236 3739 in
3271 3688 3481 3741 colum-

1906 3788 1973 3825 na
2065 3774 2259 3835 incisa,
2289 3774 2690 3846 testiﬁcatur“.
2719 3774 3059 3846 Superllumn
3088 3792 3215 3831 vero
3234 3776 3485 3835 fortaSsis

1908 3862 2091 3925 fuerit,
2124 3864 2170 3918 si
2197 3864 2313 3934 ipsa
2347 3864 2523 3921 laudis
2558 3866 2756 3920 cantici
2792 3863 2955 3934 hujus
2988 3867 3173 3932 verba,
3202 3884 3299 3938 per
3352 3884 3483 3923 con-

1908 3952 2293 4009 siderationem
2368 3956 2750 4027 singulorum,
2813 3958 3101 4013 ostendere
3181 3974 3348 4013 coner
3415 3961 3480 4013 ad

1912 4043 2198 4100 Dominum
2249 4055 2518 4116 spectare,
2562 4065 2686 4103 cum
2733 4051 2849 4119 ipsa
2898 4050 3284 4121 descriptionis
3314 4050 3484 4105 dictio

1909 4147 1963 4191 et
1993 4141 2169 4193 oratio
2216 4140 2433 4209 planius
2480 4151 2533 4196 et
2566 4142 2771 4197 clarius
2812 4143 2958 4197 hunc
3010 4158 3228 4197 sensum
3284 4158 3483 4214 reprae—

1911 4236 2109 4284 sentet.

1980 4381 2376 4453 Nonagesimus
2408 4384 2682 4440 secundus
2729 4395 2909 4442 autem
2941 4388 3144 4461 aliquid
3187 4390 3240 4445 in
3286 4391 3484 4448 inscri-

1912 4476 2097 4547 ptione
2153 4476 2498 4534 manifestius
2564 4495 2675 4550 pra:
2732 4496 2793 4535 se
2853 4480 2997 4549 fert,
3062 4493 3281 4554 propter
3337 4487 3485 4557 Quod

1909 4567 2130 4624 Judaeus
2192 4571 2605 4641 inscriptionem
2679 4573 2828 4628 illam
2897 4590 3008 4630 non
3066 4578 3320 4633 admittit.
3391 4579 3485 4635 Sic
3550 4580 3553 4583 ’

213 4673 308 4725 εἰν
354 4670 463 4740 γὰρ
493 4671 528 4741 ἡ
570 4669 714 4735 λέξις
741 4669 933 4732 οὕτως·
966 4691 984 4721 ‹
1018 4666 1175 4732 Αἶνος
1202 4669 1345 4740 ᾠδῆς
1391 4669 1485 4721 τοῦ
1518 4668 1699 4733 Δαυῒδ,
1727 4671 1804 4732 εἰς

1913 4661 2055 4715 enim
2086 4660 2154 4716 ad
2184 4663 2406 4717 verbum
2441 4663 2605 4719 habet
2652 4682 2665 4719 :
2715 4684 2732 4717 ι
2780 4664 2925 4721 Laus
2974 4670 3172 4723 cantici
3208 4670 3374 4726 David
3426 4673 3484 4726 in

210 4764 323 4834 τὴν
356 4762 569 4833 ἡμέραν
614 4763 708 4815 τοῦ
742 4762 1041 4828 Σαϐϐάτοο,
1076 4764 1164 4816 ὅτε
1207 4762 1542 4832 κατῴκισται
1578 4764 1610 4831 ἠ
1647 4763 1737 4832 γῆ.
1785 4781 1802 4813 ι

1913 4754 2055 4809 diem
2103 4753 2363 4820 Sabbati,
2419 4754 2638 4827 quando
2685 4756 2908 4813 fundata
2942 4770 3025 4814 est
3079 4771 3240 4816 terra.
3286 4782 3305 4813 ι
3350 4762 3485 4830 Quis

212 4855 322 4915 Τίς
355 4853 465 4921 γάρ
499 4854 597 4905 ούκ
634 4849 743 4906 οἶδε
772 4855 883 4906 τῶν
923 4852 1410 4926 παραδεδεγμένων
1437 4853 1526 4905 τὸν
1554 4853 1681 4924 ’περί
1712 4853 1804 4922 τῆς

1913 4847 2054 4901 enim
2088 4862 2156 4901 ex
2195 4848 2305 4902 illis
2330 4890 2345 4913 ,
2382 4851 2472 4917 qui
2515 4849 2734 4918 pietatis
2776 4850 3060 4919 disciplina
3108 4852 3297 4909 imbuti
3333 4869 3481 4923 sunt,

216 4948 514 5010 εὐσεϐείας
537 4947 713 5015 λόγον,
738 4949 817 5000 δτι
840 4950 902 5018 τῇ
934 4947 1117 5018 ἡμέρᾳ
1138 4946 1230 4999 τοῦ
1265 4945 1563 5010 Σαϐϐάτου,
1592 4946 1650 4999 τὸ
1672 4948 1804 5000 κατὰ

1913 4940 2104 5005 nescit,
2154 4939 2242 4995 die
2288 4941 2548 5006 Sabbati,
2607 4943 2739 4997 illud
2777 4954 2968 4998 contra
3007 4954 3234 5001 mortem
3281 4959 3487 5020 myste-

213 5038 313 5090 τὸν
344 5035 572 5088 θάνατον
612 5037 888 5107 ἐνηργήθη
933 5037 1246 5106 μυστήριον,
1278 5035 1520 5108 ἀκριϐῶς
1562 5037 1701 5090 κατὰ
1724 5037 1804 5090 τὸν

1913 5036 2052 5088 rium
2093 5042 2373 5104 peractum
2411 5049 2555 5101 esse,
2587 5034 2850 5090 immobili
2899 5045 3152 5093 manente
3186 5040 3488 5094 secundum

214 5130 395 5197 ’.νόμον
424 5128 679 5196 ἀκινήτου
712 5128 993 5197 μείναντος
1027 5127 1137 5195 (67)
1166 5128 1223 5178 ὲν
1250 5126 1327 5197 τῷ
1359 5128 1600 5197 μνήματι
1630 5127 1804 5196 κοίτης

1918 5127 2052 5196 legis
2088 5124 2561 5195 praescriptionem
2590 5163 2604 5186 ,
2645 5127 2697 5179 in
2749 5126 2919 5181 cubili
2949 5128 3188 5197 sepulcri
3254 5143 3485 5200 corpore

217 5220 444 5273 ἐκείνου
469 5218 563 5270 τοῦ
598 5220 709 5285 (68)
746 5220 1026 5289 σώματοςς
1060 5220 1167 5271 Καὶ
1200 5218 1299 5290 τὴν
1327 5219 1541 5290 ἡμέραν
1578 5219 1804 5289 ἐκείνην1

1916 5218 2047 5275 illo?
2074 5218 2208 5282 Quis
2243 5217 2370 5270 item
2398 5219 2613 5282 nescit,
2643 5233 2764 5288 quae
2808 5217 2879 5273 sit
2915 5217 3054 5283 dies,
3087 5219 3307 5289 quando
3338 5228 3483 5274 terra
3512 5248 3519 5279 ;

218 5316 317 5366 ὅτε
357 5311 670 5382 κατῳκίσθη
720 5315 751 5383 ή
785 5314 856 5382 γῆ
898 5306 1119 5366 ύπδτού
1153 5311 1393 5365 οἰκιστοῦ
1433 5311 1611 5381 ἡμῶν,
1649 5312 1705 5375 ὃς
1727 5312 1804 5365 διὰ

1914 5318 2097 5365 creata
2136 5318 2189 5362 et
2221 5306 2443 5362 fundata
2467 5316 2554 5361 est
2586 5323 2615 5361 a
2642 5308 2929 5365 conditore
2960 5318 3173 5375 nostro,
3197 5310 3291 5380 qui
3325 5323 3485 5364 ever-

297 5503 347 5531 "
383 5500 538 5556 ltum.
582 5518 633 5565 ι,
674 5500 803 5563 6,7.
881 5501 975 5556 ⁸⁰Ι
1026 5504 1151 5556 Cor.
1207 5519 1295 5570 xv,
1334 5502 1426 5559 2‘2.
1505 5502 1545 5533 ⁵¹
1606 5498 1797 5557 Matth.

1913 5516 1938 5564 ς,
1971 5500 2022 5565 7,
2052 5501 2104 5555 8.

1993 5678 2105 5741 (66)
2143 5678 2277 5749 Γάρ,
2299 5678 2388 5733 ed.

1991 5750 2105 5816 (67)
2137 5748 2259 5802 Ἐπὶ
2308 5749 2409 5819 τῆς
2433 5764 2540 5803 om.
2571 5748 2661 5805 ed.

1995 5819 2106 5890 (68)
2140 5818 2247 5873 Τοῦ
2281 5818 2391 5875 om.
2422 5820 2507 5874 ed.

304 5679 422 5744 (6‘2)
452 5681 926 5750 Ζωοποιησόμεθα,
953 5682 1040 5737 ed.

301 5752 420 5820 (63)
452 5751 689 5821 Πρώτων
717 5767 828 5805 om.
856 5753 941 5805 ed.

303 5821 363 5882 (6
377 5824 420 5889 ι)
457 5821 870 5891 Ιίροσδέχονται,
901 5822 964 5875 ed
977 5864 988 5876 .

300 5892 419 5962 (δῦ)
450 5894 574 5954 Τοῖς
612 5892 901 5963 Ἑϐραίοις,
936 5894 1022 5947 etl.

519 5995 792 6064 Punct.
827 5988 944 6050 (in.
986 5987 1207 6051 XLIV.

2180 6068 2188 6071 _
3092 5979 3168 6041 ιτ
