3986 6448
587 322 694 378 523

1817 323 1874 378 s.
1904 323 2228 380 cannon"
2267 325 2557 417 xvssicm
3730 343 3814 400 ωε

589 442 756 498 tendo
777 441 1132 498 habitationis
1157 451 1356 498 nostra;
1377 457 1710 510 eversorem,
1735 461 1930 500 rursus
1947 447 1998 500 id
2018 445 2156 514 quod

2266 446 2326 496 τὸ
2377 446 2490 516 (69)
2541 449 2844 504 καταλῦσαι
2888 453 2979 507 τὸν
3037 457 3365 529 καθαιρέτην
3423 462 3521 530 τῆς
3574 463 3818 533 ἡμετέρας

589 535 708 589 solo
734 541 1008 604 aequatum
1039 542 1179 600 erat,
1205 551 1270 591 ex
1305 535 1674 591 fundamentis
1706 537 1978 591 restituit?
2003 539 2166 590 Ever-

586 641 681 682 SOI‘
701 635 882 680 autem
911 633 1100 680 noster
1131 641 1282 682 mors
1321 635 1460 692 erat,
1493 643 1656 698 quam
1692 635 1823 683 tunc
1855 630 2161 692 evacuavit,

586 713 808 784 quando
849 713 1010 768 nobis
1057 713 1278 784 quidem
1327 715 1712 786 requiescere,
1763 725 1818 770 et
1865 715 2162 772 Sabbatum

587 819 750 874 agere
779 803 1088 868 videbatur,
1123 817 1352 859 manens
1379 805 1434 859 in
1466 820 1574 875 quo
1619 814 1738 860 erat
1771 807 1892 860 loco
1913 846 1928 869 ,
1962 807 2162 862 immo-

585 893 733 950 bilis.
763 891 956 949 Mortis
977 909 1108 950 vero
1129 896 1428 965 potentiam
1459 897 1774 962 debellavit,
1809 898 1992 968 seipso
2017 899 2160 954 viam

586 993 841 1040 sternens
879 985 1138 1040 omnibus
1185 989 1420 1040 mortuis
1471 986 1538 1040 ad
1595 989 2050 1044 resurrectionem
2095 1004 2162 1043 ex

573 1084 779 1132 morte.
807 1077 914 1132 Sed
939 1093 1052 1132 non
1076 1078 1274 1147 recipit
1297 1077 1520 1133 Sabbati
1545 1080 1870 1150 mysterium
1898 1081 2159 1136 inimicus

585 1171 772 1226 crucis
819 1170 1048 1226 Christi.
1089 1169 1436 1241 Quapropter
1482 1181 1539 1224 et
1579 1171 1690 1226 hzec
1731 1171 1972 1227 laudatio
2017 1173 2160 1243 apud

585 1261 736 1332 ipsos
769 1263 1129 1333 inscriptione
1158 1272 1337 1330 caret;
1367 1277 1475 1317 non
1501 1265 1646 1317 enim
1677 1265 1986 1319 concedunt
2015 1265 2161 1320 hunc

579 1367 709 1409 'esse
743 1353 1056 1416 Dominum,
1090 1351 1182 1422 qui
1213 1367 1336 1406 cum
1363 1353 1600 1422 seipsum
1638 1353 1793 1409 nobis
1825 1353 2163 1408 conformas-

581 1454 700 1510 'set,
735 1453 1094 1516 nostramque
1137 1445 1514 1500 confusionem
1569 1445 1622 1498 in
1661 1445 1834 1499 forma
1875 1448 2016 1502 servi
2069 1447 2160 1501 in-

585 1536 828 1602 duisset,
861 1553 1055 1593 rursus
1085 1537 1350 1608 regnavit,
1385 1546 1438 1590 et
1473 1537 1750 1606 proprium
1777 1537 2030 1592 decorem
2071 1541 2158 1592 in-

585 1628 724 1692 duit,
755 1636 810 1684 et
841 1629 1140 1698 potentiam
1189 1627 1294 1682 sibi
1327 1627 1709 1682 circumdedit.
1751 1623 1998 1683 Potentia
2029 1643 2160 1683 vero

2267 537 2550 607 οἰκήσεως,
2578 539 2743 592 πάλιν
2761 533 2822 595 τὺ
2851 545 3148 614 ἐρειπωθὲν
3185 549 3245 613 ἐξ
3283 551 3534 622 ὑπαρχῆς
3561 552 3818 622 ᾠκοδόμηο

2269 645 2360 682 σεν
2401 649 2416 700 ;
2451 631 2506 686 Ὀ
2527 632 2582 684 δὲ
2606 631 2938 706 καθαιρέτης
2975 637 3187 706 mima
3239 641 3467 706 Θάνατος
3493 639 3583 714 ἦν.
3617 644 3673 696 ὃν
3713 647 3816 700 τότε

2269 723 2639 793 κατήργησεν,
2684 726 2774 778 ὅτε
2812 727 2943 796 ἡμῖν
2979 729 3076 797 μὲν
3107 730 3452 796 σαϐϐατίζειν
3479 735 3601 806 {70)
3647 737 3816 800 ἐδόκει,

2270 811 2446 882 μένων
2477 816 2535 868 ἐν
2573 808 2617 884 ᾧ
2653 811 2721 885 ἦν
2750 817 2901 887 τόπῳ
2943 819 3216 890 ἀκίνητος.
3253 823 3366 892 Τὴν
3398 824 3454 876 δὲ
3485 825 3580 880 τοῦ
3615 828 3820 882 θανάτου

2266 903 2670 973 κατηγωνίζετο
2704 906 2956 974 δύναμιν,
2987 909 3244 964 ὁδοποιῶν
3285 912 3350 966 δι’
3390 915 3580 970 ἑαυτοῦ
3616 921 3720 981 τοῖς
3745 933 3826 973 τε·

2267 992 2462 1048 θνεῶσι
2512 998 2646 1048 πᾶσι
2691 997 2790 1069 τὴν
2823 1001 2886 1051 ἐκ
2915 1000 3011 1052 τοῦ
3063 1001 3294 1056 θανάτου
3339 1005 3654 1062 ἀνάστασιν.
3699 1011 3824 1063 Ἀλλ’

2265 1085 2326 1138 οὐ
2357 1085 2573 1155 δέχεται
2605 1089 2666 1140 τὺ
2693 1089 2787 1142 τοῦ
2821 1091 3101 1146 Σαϐϐάτω
3136 1097 3432 1166 μυστήριον
3463 1101 3492 1152 ό
3533 1099 3718 1170 ἐχθρὸς
3738 1101 3826 1156 τοῦ

2266 1179 2502 1248 σταυροῦ
2535 1179 2630 1232 τοῦ
2664 1182 2922 1250 Χριστοῦ.
2971 1185 3063 1238 Διὸ
3113 1187 3205 1238 καὶ
3248 1181 3404 1252 οὗτός
3441 1191 3593 1244 ἐστιν
3617 1195 3647 1245 ό
3693 1191 3828 1258 αἶνος

2264 1271 2396 1339 παρ’
2452 1273 2636 1335 αὐτοῖς
2681 1275 3072 1346 ἀνεπίγραφος.
3127 1277 3204 1332 Οὐ
3259 1281 3368 1352 γὰρ
3419 1284 3718 1338 συντίθεται
3749 1289 3829 1340 ὃτι

2262 1355 2416 1425 οὗτός
2451 1365 2597 1416 ἐστιν
2631 1368 2658 1418 ὁ
2696 1367 2920 1438 Κύριος,
2947 1369 2974 1420 ὂ
3001 1369 3112 1437 (7|)
3141 1370 3263 1423 καθ’
3291 1376 3440 1442 ἡμᾶς
3483 1377 3671 1430 ἑαυτὸν
3707 1395 3830 1450 σχη-

2266 1452 2519 1520 ματίσας,
2564 1457 2658 1508 καὶ
2695 1457 2794 1526 τὴν
2835 1459 3110 1530 ἡμετέραν
3143 1463 3403 1532 αἰσχύνην
3447 1467 3832 1538 περιϐαλλόμεδ

2262 1559 2349 1605 νος
2385 1545 2496 1614 (7:2)
2527 1547 2584 1597 ἐν
2610 1549 2675 1618 τῇ
2711 1548 2806 1600 τοῦ
2846 1549 3033 1603 δούλου
3067 1555 3267 1623 μορφῇ.
3307 1556 3470 1608 πάλιν
3499 1557 3830 1624 ἐϐασίλευσες

2263 1635 2356 1686 καὶ
2379 1637 2478 1704 τὴν
2509 1637 2646 1690 ίδίαν
2675 1639 3008 1711 εὐπρέπειαν
3049 1643 3349 1706 ἐνεδύσατο,
3391 1647 3484 1699 καὶ
3509 1649 3610 1717 τὴν
3647 1651 3830 1706 ἑαυτοῦ

579 1726 640 1776 'et
668 1719 831 1775 decor
873 1717 1033 1784 Filii,
1067 1717 1227 1774 Pater
1263 1729 1366 1773 est.
1422 1717 1519 1772 llic
1571 1719 1894 1774 dissolutam
1938 1731 2156 1790 peccato

2263 1726 2620 1796 περιεϐάλετο
2643 1727 2893 1800 δύναμιν.
2935 1733 3172 1802 Δύναμις
3203 1735 3258 1786 δὲ
3288 1737 3382 1788 καὶ
3409 1737 3707 1806 εὐπρέπεια
3741 1743 3834 1796 τοῦ

573 1817 836 1864 naturam
860 1809 1057 1863 iterum
1079 1809 1478 1871 corroboravit,
1499 1819 1564 1862 ut
1593 1825 1662 1864 ne
1685 1811 1920 1880 amplius
1944 1811 2010 1866 ad
2036 1827 2156 1882 pec-

2265 1816 2394 1869 Υίοῦ
2427 1819 2454 1870 ό
2485 1819 2692 1889 Πατήρ.
2725 1799 2895 1885 Οὗτος
2927 1799 3180 1876 λυθεῖσαν
3209 1825 3275 1878 δι’
3312 1799 3584 1897 ἁμαρτίας
3611 1829 3709 1898 τὴν
3737 1835 3832 1884 άν-

571 1909 767 1957 eatum
803 1899 1190 1965 delaberetur,
1227 1915 1405 1969 neque
1443 1901 1707 1970 procellis
1750 1900 1896 1966 illis,
1945 1918 2066 1974 quae
2101 1904 2158 1958 in

583 1999 811 2063 peccato
830 1993 1124 2058 exsistunt,
1157 1991 1490 2062 agitaretur;
1524 1992 1800 2063 multaque
1828 1993 1933 2048 alia
1962 1995 2159 2050 divinae

585 2085 774 2156 gratia:
807 2085 1104 2152 beneﬁcia,
1145 2101 1271 2139 cum
1310 2101 1408 2155 per
1447 2086 1738 2156 aenigmata
1773 2085 2155 2155 decantasset,

571 2179 781 2234 'liuvios
807 2179 1072 2250 quosdam
1103 2178 1262 2234 valde
1289 2188 1548 2234 sonantes
1586 2179 1834 2244 inducit,
1867 2180 2155 2250 Evangeli-

583 2285 700 2334 cas,
733 2280 792 2324 ut
823 2269 1081 2334 arbitror,
1115 2285 1280 2326 voces
1303 2269 1618 2338 designans.
1656 2267 1719 2322 Et
1751 2269 1880 2338 quid
1906 2284 2044 2339 opus
2072 2277 2157 2326 est

585 2361 822 2431 singula,
854 2375 976 2430 qua:
1009 2359 1064 2412 in
1095 2359 1396 2427 psalmodia
1425 2359 1630 2429 scripta
1659 2365 1826 2422 sunt,
1859 2361 2111 2430 persequi
2137 2377 2152 2428 ;

583 2469 708 2508 cum
731 2453 877 2508 nulla
913 2453 986 2510 sit
1019 2441 1072 2506 in
1113 2451 1316 2507 divinis
1345 2452 1510 2506 dictis
1545 2451 1842 2518 dubitatio,
1880 2455 2012 2524 quin
2041 2461 2154 2509 tota

585 2543 678 2598 illa
724 2543 1019 2614 hymnodia
1053 2544 1108 2596 in
1150 2543 1302 2596 illum
1342 2549 1652 2610 competat,
1688 2543 1782 2612 qui
1816 2542 2068 2598 ascendit
2101 2544 2158 2598 in

2265 1906 2544 1980 θρωπίνην
2572 1910 2684 1980 (75)
2717 1911 2900 1980 φύσιν,
2949 1913 3111 1966 πάλιν
3147 1916 3381 1987 στερρὰν
3427 1919 3830 1990 ἀπειργάσατου

2263 2000 2339 2063 ὡς
2371 2001 2565 2071 μηκέτι
2599 2002 2769 2072 αὐτὴν
2803 2004 2939 2074 πρὸς
2983 2007 3180 2060 κακίαν
3208 2009 3552 2082 ἀπωσθῆναι,
3587 2012 3718 2082 μηδὲ
3744 2013 3838 2066 τὸν

2264 2091 2322 2142 ὲν
2361 2093 2604 2163 ἁμαρτίᾳ
2660 2093 2913 2160 δέξασθαι
2960 2097 3072 2168 (τι)
3115 2099 3295 2154 σάλον.
3351 2101 3464 2155 Καὶ
3515 2081 3685 2156 iiuna
3723 2105 3836 2174 (τε)

2263 2183 2397 2236 ἄλλα
2439 2185 2506 2238 δι’
2531 2186 2870 2256 αἰνιγμάτων
2901 2189 3293 2262 ἀνευφημήσας
3323 2194 3421 2264 τὴν
3459 2195 3640 2266 χάριν,
3676 2213 3838 2250 ποται-

2265 2276 2398 2347 μούς
2441 2293 2594 2341 τινας
2638 2279 2850 2349 μεγάλα
2892 2282 3155 2351 ὴχοῦντας
3177 2283 3255 2355 τῷ
3303 2285 3448 2356 λόγῳ
3491 2290 3834 2360 προστίθησι,

2258 2367 2357 2430 τὰς
2385 2367 2495 2439 (76)
2555 2369 2662 2422 τῶν
2695 2371 3064 2440 Εὐαγγελίων,
3093 2376 3170 2439 ὠς
3211 2371 3386 2446 οἶμαι,
3417 2378 3591 2446 λέγων
3635 2383 3835 2449 φωνάςι

2261 2459 2370 2512 Καὶ
2398 2459 2570 2532 τίχρὴ
2586 2461 2654 2514 τὰ
2683 2461 2803 2515 καθ’
2822 2463 3049 2518 ἕκαστον
3076 2465 3324 2530 διεξιέναι
3350 2468 3460 2520 τῶν
3483 2471 3542 2522 ὲν
3575 2473 3640 2542 τῇ
3665 2471 3842 2542 ψαλμ-

2255 2550 2391 2622 ῳδίᾳ.
2427 2554 2863 2623 γεγραμμένων,
2906 2556 3164 2626 οὐδεμιᾶς
3209 2557 3376 2630 οὔσης
3421 2563 3482 2615 ὲν
3523 2565 3636 2627 τοῖς
3677 2566 3838 2630 θείοις

580 2633 930 2704 jubilatione,
951 2633 1044 2703 qui
1075 2633 1387 2687 testimonia
1415 2645 1516 2686 sua
1551 2631 1791 2701 legitima
1811 2632 2156 2688 confessione

2260 2643 2442 2711 ῥητοῖς
2469 2641 2799 2712 ἀμφιϐολίας
2841 2644 2938 2698 τοῦ
2971 2648 3052 2710 είς
3083 2648 3288 2702 ἐκεῖνον
3313 2649 3532 2718 βλέπειν
3577 2655 3674 2725 τὴν
3707 2656 3836 2726 ὑμν-

586 2723 810 2789 ﬁrmat,
849 2724 944 2794 qui
984 2722 1420 2778 sanctificatione
1457 2722 1682 2792 spiritus
1727 2724 2004 2793 propriam
2056 2723 2158 2778 Ec—

584 2815 768 2870 clesia:
808 2815 1029 2870 domum
1073 2813 1334 2884 insignire
1367 2813 1694 2867 constituit?

2251 2732 2442 2803 ῳδίαν,
2469 2733 2562 2786 τὸν
2587 2735 2864 2789 ἀναϐάντα
2889 2737 3019 2792 Θεὸν
3049 2741 3106 2792 ὲν
3129 2740 3448 2814 ἀλαλαγμῷ.
3475 2747 3572 2798 καὶ
3595 2747 3666 2798 τὰ
3697 2765 3838 2819 μαρ-

2255 2821 2416 2893 τύρια
2441 2823 2606 2877 αὐτοῦ
2635 2825 2722 2878 διὰ
2765 2829 2866 2898 τῆς
2895 2829 3106 2900 ἀγαθῆς
3133 2833 3424 2904 ὁμολογίας
3465 2837 3832 2904 πιστώσαντα,

585 2907 679 2961 καὶ
702 2906 762 2961 τὸ
780 2907 1024 2978 ἁγίασμα
1047 2905 1143 2959 τοῦ
1173 2905 1480 2974 πνεύματος
1499 2905 1578 2975 τῷ
1603 2905 1717 2976 ἰδίῳ
1737 2905 1872 2976 οἴκῳ
1899 2907 1998 2978 τῆς
2035 2907 2363 2983 Ἐκκλησίας
2395 2917 2677 2988 ἐμπρέψαι
2706 2923 3232 2991 παρασκευάσαντας

658 3081 924 3140 Similiter
939 3083 1450 3154 nonagesimi'tertii
1478 3083 1884 3154 inscriptionem
1915 3086 2158 3140 eamdem

585 3178 656 3232 ob
679 3191 901 3232 causam
930 3175 1152 3230 Judaeus
1179 3191 1288 3230 non
1323 3177 1535 3246 recipit,
1561 3191 1680 3244 qua:
1707 3176 1793 3230 his
1817 3177 1997 3232 verbis
2023 3193 2157 3232 con-

585 3277 742 3340 cepta
771 3277 875 3333 est,
917 3287 936 3319 ι
967 3267 1152 3322 Davidi
1177 3276 1375 3336 quarta
1405 3245 1626 3321 sabbati
1658 3269 1774 3322 sine
1804 3269 2158 3339 inscriptione
2185 3245 2226 3302 ο

549 3379 554 3384 ’
587 3361 731 3432 apud
766 3359 1042 3415 Hebraeos.
1085 3379 1104 3410 ι

661 3585 931 3640 Caeterum
977 3584 1318 3654 mysterium,
1365 3583 1510 3652 quod
1537 3579 1600 3637 in
1649 3584 1750 3638 hoc
1779 3585 1992 3655 psalmo
2021 3601 2156 3640 con-

590 3677 820 3740 tinetur,
851 3675 1212 3729 (Bconomiam
1260 3675 1530 3744 passionis
1562 3676 1814 3746 explicat.
1847 3677 1981 3730 Cum
2010 3680 2152 3732 enim

603 3766 866 3822 Dominus
903 3763 1093 3834 quinta
1140 3761 1362 3818 Sabhati
1405 3780 1434 3817 a
1480 3763 1619 3818 Juda
1666 3765 1913 3835 proditus
1966 3767 2056 3830 sit,
2099 3768 2152 3821 in

587 3875 674 3921 ea,
714 3875 837 3928 qua:
877 3857 1016 3910 hanc
1067 3857 1210 3910 diem
1261 3857 1551 3918 antecedit,
1585 3857 1630 3908 is
1660 3857 1753 3926 qui
1783 3865 1960 3910 totum
1993 3875 2153 3911 mun-

584 3949 714 4002 dum
775 3950 956 4018 seipse
1007 3947 1275 4009 redemit,
1337 3961 1367 3998 a
1411 3946 1686 4016 proditore
1749 3947 2154 4015 quodammodo

583 4041 836 4096 venditus
883 4049 1017 4102 est;
1081 4039 1162 4092 sic
1205 4041 1348 4093 enim
1404 4047 1458 4092 et
1525 4054 1552 4091 a
1613 4037 1876 4107 propheta
1917 4036 2150 4092 Ieremia

585 4133 787 4186 factum
831 4133 932 4186 hoc
965 4133 1298 4192 nominatur,
1335 4145 1457 4184 cum
1505 4125 1579 4181 ait
1617 4149 1626 4182 :
1668 4147 1684 4179 ‹
1720 4127 1784 4180 Et
1821 4140 2151 4200 acceperunt

583 4221 805 4291 triginta
830 4231 1116 4288 argenteos
1141 4222 1373 4290 pretium
1405 4221 1693 4289 appretiuti
1718 4221 1784 4272 δ’.
1811 4241 1828 4270 ι
1864 4219 1939 4274 Eo
1969 4229 2149 4274 autem

539 4365 542 4368 .
585 4314 843 4374 consilio,
881 4323 939 4366 ut
975 4313 1106 4366 mihi
1159 4313 1480 4380 persuadeo,
1521 4314 1790 4370 venditur.
1829 4321 1887 4366 ut
1919 4329 2018 4368 nos
2047 4313 2149 4368 sub

583 4413 808 4472 peccato
836 4403 1104 4464 venditos,
1128 4421 1227 4458 sua
1259 4404 1566 4458 venditione
1590 4412 1755 4458 emat.
1785 4402 2147 4468 Quamobrem

583 4495 888 4565 praevidens
945 4497 1234 4564 Propheta.
1291 4495 1342 4548 id
1380 4495 1524 4564 quod
1583 4493 1824 4547 futurum
1873 4505 2012 4559 erat,
2067 4496 2145 4548 ira

2345 3097 2619 3162 Ὡσαύτως
2649 3101 2867 3155 καὶτοῦ
2913 3104 3100 3174 τρίτου
3149 3106 3286 3176 μετὰ
3325 3108 3417 3163 τὸν
3461 3111 3834 3182 ἑννενηκοστδν

2263 3188 2350 3242 διὰ
2381 3190 2479 3258 τὴν
2515 3191 2686 3264 αὐτὴν
2723 3194 2898 3248 αἰτίαν
2929 3198 2959 3248 ό
3003 3197 3250 3268 Ἐϐραῖος
3287 3201 3386 3272 τὴν
3415 3205 3730 3276 ἐπιγραφὴν
3771 3211 3832 3261 οὐ

2259 3280 2657 3350 παραδέχεται·
2691 3283 2804 3354 ἔχει
2839 3285 2895 3338 δὲ
2924 3289 2956 3356 ἡ
2989 3287 3131 3352 λέξις
3155 3291 3255 3359 τῆς
3287 3291 3598 3364 ἐπιγραφῆς
3626 3296 3830 3360 οὔτωςδ

2265 3389 2284 3424 σ
2323 3371 2413 3443 Τῷ
2445 3372 2628 3438 Δαυῖδ,
2667 3377 2883 3447 τετράδι
2931 3379 3243 3448 Σαϐϐάτων,
3287 3384 3660 3456 ἀνεπίγραφος
3707 3389 3831 3459 παρ’

2269 3464 2562 3535 Ἐδραίοις.
2601 3486 2620 3518 ι

2327 3599 2398 3652 Τὸ
2428 3599 2482 3653 δὲ
2517 3601 2575 3655 ἐν
2619 3605 2791 3676 τούτῳ
2826 3609 3140 3681 μυστήριον,
3175 3613 3272 3684 τὴν
3305 3615 3432 3686 περὶ
3465 3615 3526 3670 τὸ
3565 3619 3732 3682 πάθος
3755 3623 3828 3672 οξ-

2257 3692 2513 3761 κονομίαν
2547 3697 2928 3768 προαγορεύει.
2965 3700 3040 3771 Τῇ
3074 3703 3182 3773 γὰρ
3213 3705 3436 3777 πέμπτῃ
3485 3706 3580 3760 τοῦ
3623 3710 3824 3764 Σαϐϐά-

2254 3797 2347 3870 του
2369 3779 2470 3851 τῆς
2494 3783 2782 3854 προδοσίας
2807 3791 2955 3860 παρὰ
2977 3792 3068 3844 τοῦ
3099 3793 3264 3848 Ἰούδα
3283 3795 3444 3865 [(76')
3461 3801 3820 3870 Teys‘mpévr;

2254 3869 2312 3961 έν
2359 3875 2426 3943 τῇ
2463 3873 2580 3961 πρὸ
2625 3873 2828 3947 ταύτης
2861 3880 3042 3952 ἡμέρᾳ
3080 3885 3108 3936 ό
3152 3886 3328 3939 πάντα
3373 3889 3468 3941 τὺν
3511 3869 3710 3961 κόσμον
3755 3893 3817 3945 δι’

2255 3955 2472 4032 ἑαυτοῦ]
2511 3963 2892 4037 λυτρούμενος,
2923 3969 3026 4022 ὑπὸ
3065 3971 3158 4024 τοῦ
3194 3975 3451 4044 προδότου
3483 3981 3682 4050 τρόπον
3705 3985 3816 4035 τινὰ

2251 4051 2540 4142 πωλεῖται·
2569 4053 2712 4110 οὕτω
2755 4061 2864 4131 γάρ
2897 4063 2988 4114 καὶ
3037 4065 3184 4132 παρὰ
3221 4067 3322 4137 τῆς
3359 4074 3692 4142 προφητείας
3725 4077 3816 4126 Ἰε-

2256 4141 2444 4210 ρεμίου
2502 4143 2564 4196 τὸ
2617 4149 2838 4214 γεγονὸς
2888 4151 3250 4222 ὀνομάζεται·
3291 4177 3308 4208 ι
3358 4162 3469 4215 Καὶ
3519 4164 3702 4218 ἔλαϐον
3749 4171 3810 4219 τά

2250 4232 2542 4324 τριάκοντα
2570 4237 2805 4324 ἀργύρια
2839 4242 2936 4313 τὴν
2959 4248 3121 4317 τιμὴν
3147 4249 3239 4302 τοῦ
3261 4257 3648 4324 τετιμημένου.
3678 4277 3695 4310 ι
3717 4259 3810 4311 aut

2249 4323 2408 4376 τοῦτο
2439 4325 2515 4388 δὲ,
2545 4323 2717 4399 οἶμαι,
2741 4334 3018 4399 πωλεῖται,
3052 4339 3140 4391 ἵνα
3165 4343 3229 4410 τῇ
3265 4344 3458 4398 ἑαυτοῦ
3480 4349 3672 4416 πράσει
3692 4351 3806 4410 τοὺς

2251 4414 2498 4510 ὑπο-τῆς
2541 4421 2815 4492 ἁμαρτίας
2863 4431 3247 4499 πεπραμένους
3287 4414 3612 4510 ἐξαγοράσῃ.
3659 4441 3804 4493 Ὅθεν

2251 4507 2481 4602 προίδὼν
2510 4512 2541 4563 ’ὁ
2567 4511 2850 4588 Προφήτης
2889 4520 2947 4572 τὸ
2979 4523 3250 4592 ἐσόμενον,
3285 4507 3804 4602 θυμῷῗτινιίπρὸςτὺ

583 4589 815 4654 quadam
851 4589 906 4641 in
939 4587 1150 4642 facinus
1181 4586 1313 4641 illud
1343 4587 1672 4648 concitatur,
1717 4582 1886 4640 Deum
1925 4587 2145 4641 ultionis

2260 4601 2536 4694 γενόμενον
2581 4582 2936 4678 διεγείρεται,
2988 4582 3117 4668 Θεόν
3157 4582 3486 4690 ἐκδικήσεων

581 4679 734 4732 illum
779 4681 1048 4745 vocitans,
1105 4687 1159 4732 et
1210 4691 1266 4732 ut
1309 4679 1599 4738 exaltetur,
1652 4677 1744 4746 qui
1797 4687 2012 4746 propter
2047 4693 2146 4732 nos

581 4771 902 4824 immiliatus
939 4780 1045 4832 est,
1101 4785 1478 4832 commonens,
1511 4785 1619 4838 quo
1662 4769 1852 4824 reddat
1895 4770 2146 4837 superbis

577 4863 795 4931 dignam
847 4863 1278 4922 retributionem,
1310 4877 1378 4914 ne
1416 4863 1468 4912 in
1519 4875 1616 4913 sua
1670 4861 1876 4914 malitia
1907 4845 2146 4929 glorien-

577 4964 666 5006 tur
701 4963 1018 5022 peccatores
1062 4973 1072 5006 :
1113 4954 1180 5006 ad
1231 4969 1370 5022 quos
1415 4955 1634 5014 clamat,
1675 4953 1869 5006 stultos
1915 4961 1968 5004 et
2015 4955 2148 5008 insi—

576 5045 786 5100 Dietttes
828 5045 946 5098 illus
993 5047 1306 5114 appellans,
1370 5047 1462 5114 qui
1519 5046 1662 5114 ejus,
1717 5045 1811 5112 qui
1861 5047 2143 5115 apparuit,

645 5211 691 5242 ⁸¹
737 5213 928 5267 Matth.
959 5231 1127 5278 xxv”,
1161 5219 1214 5270 9.

645 5374 757 5442 {69)
791 5376 920 5434 Τοῦ.
947 5375 1034 5430 cd.

643 5447 756 5516 (70)
785 5445 1138 5516 Σωματίζειν,
1158 5445 1244 5501 ed.

643 5517 753 5580 (7|)
789 5519 905 5578 Ὃς,
934 5517 1018 5570 ed.

642 5587 750 5658 (7‘2)
786 5588 1238 5658 Περιϐαλόμενος,
1281 5587 1368 5642 ed.

643 5657 754 5720 (75)
785 5657 1156 5728 Ἀνθρωπίνην
1187 5674 1293 5712 om.
1328 5658 1418 5712 ed.

644 5726 1052 5796 (Ἱιί)Δέχεςῖἓαι,
1087 5729 1172 5783 ed.

715 5729 753 5776 il
775 5729 960 5776 ,λέγεςῖ

679 5677 690 5704 Δ

667 5727 753 5796 iri)
775 5727 1052 5796 sel-3:91;,
1087 5729 1172 5783 ed.

2251 4691 2549 4760 ὀνομάζων,
2594 4699 2686 4752 καὶ
2721 4701 3000 4773 ὑψωθῆναι
3029 4706 3118 4760 τὸν
3143 4709 3209 4760 δι’
3238 4711 3384 4780 ἡμᾶς
3421 4716 3796 4770 ταπεινωθέντπ

2251 4785 2600 4853 παρακαλῶν,
2617 4791 2908 4847 ἀποδοῦναι
2921 4800 3029 4860 τοῖς
3041 4799 3408 4870 ὑπερηφάνοις
3425 4807 3518 4876 τὴν
3533 4809 3640 4860 κατ’
3651 4807 3794 4870 ἀξίαν

2250 4873 2532 4939 ἀντίδοσιν,
2564 4879 2639 4944 ὡς
2669 4883 2735 4935 ἂν
2773 4883 2846 4956 μὴ
2877 4887 3250 4960 ἐπικαυχοῖντο
3275 4893 3386 4966 (78)
3421 4899 3470 4949 oi
3507 4897 3790 4968 ἁμαρτωλοὶ

2248 4966 2314 5058 τῇ
2347 4968 2526 5058 κακίᾳ.
2559 4967 2701 5042 Πρὸς
2730 4974 2823 5038 οὓς
2850 4977 2967 5049 βοᾷ,
2994 4981 3232 5052 ἄφρονας
3257 4987 3450 5050 αὐτοὺς
3476 4966 3562 5042 καί
3591 4966 3790 5058 μωροὺς

2249 5047 2547 5126 ὀνομάζων,
2568 5061 2690 5124 τοὺς
2727 5063 2800 5136 μὴ
2826 5047 3299 5143 παραδεξαμένους
3327 5047 3536 5148 τὴν-τοῦ
3557 5047 3788 5148 ὀφθέζντνιξ

2378 5385 2431 5442 5i
2465 5389 2530 5442 Δέ
2562 5393 2686 5446 add.
2723 5399 2811 5450 ed.

2377 5460 2430 5512 6t
2455 5461 2562 5522 Τάς
2592 5479 2702 5517 om.
2733 5467 2819 5521 ed.

2379 5530 2664 5604 triplicis
2699 5537 2908 5592 int-lusa
2950 5557 3056 5596 non
3091 5543 3250 5602 habet
3283 5549 3372 5604 ed.

2380 5599 2428 5673 ἶ)
2457 5603 2674 5673 Ἐκδεκή
2687 5623 2840 5668 σεως,
2866 5611 2950 5664 ed.

2345 5667 2430 5738 78)
2463 5667 2914 5746 Ἐπικαυχῶνται,
2938 5683 3024 5738 ed.

2319 5382 2372 5447 (τ

2319 5458 2370 5522 (7

2319 5529 2375 5592 (7

2319 5597 2372 5664 (7

2320 5669 2338 5738 ε
