3982 6510
236 422 327 493 Si;

1597 422 1666 480 1N
1705 419 2041 482 PSALMOS.

3334 418 3441 477 5‘26

238 548 457 614 θεότητα.
478 540 630 596 Ἴδιον
648 539 759 610 γάρ
773 539 886 592 ἐστι
898 538 994 592 τοῦ
1013 539 1264 609 ἄφρονος,
1277 538 1353 604 ὡς
1379 530 1603 613 ἑτέρωθί
1615 558 1769 613 φησι,

1884 540 2211 595 divinitatem
2250 534 2584 592 inﬁcianlur.
2632 530 2763 592 Nam
2811 536 3121 610 insipientis
3161 539 3442 608 proprium

236 635 386 691 τδτὸν
424 633 548 686 δντα
572 630 703 684 Θεὸν
737 629 813 701 μὴ
847 624 986 685 εἶναι
1024 629 1220 700 λέγειν.
1244 629 1353 703 Βοᾷ
1378 632 1436 686 δὲ
1465 632 1602 702 πρὸς
1648 634 1773 699 τοὺς

234 728 497 789 τοιούτους,
527 724 607 777 ὅτι
627 741 645 773 ι
676 721 891 789 Σύνετε,
917 723 1150 795 ἄφρονες
1168 725 1227 778 ἐν
1250 723 1329 797 τῷ
1344 724 1480 797 λαῷ,
1509 727 1627 794 καὶ,
1659 740 1775 797 μω-

239 822 329 895 ροὶ,
361 817 483 872 ποτὲ
506 816 829 888 φ’ρονήσατε.
859 833 880 868 ι
915 815 1013 881 Τίς
1043 815 1073 868 ὁ
1103 816 1374 886 φυτεύσας
1399 819 1461 873 τὸ
1488 814 1725 886 ούςςτίς
1745 822 1775 873 ὀ

241 914 421 973 πλάσας
456 908 547 961 τὸν
576 905 889 976 ὀφθαλμόνς
916 904 1003 971 τ’ίς
1027 908 1056 961 ὁ
1095 909 1366 963 παιδεύων
1400 910 1470 964 τὰ
1501 909 1664 983 ἕθνη;
1690 909 1776 975 τίς

229 1003 261 1053 ’ό
282 996 544 1068 γινώσκων
590 994 719 1059 τοὺς
753 994 1137 1067 διαλογισμοὺς
1167 998 1275 1052 τῶν
1312 999 1650 1073 ἀνθρώπωνς
1688 999 1777 1054 διὰ

235 1091 410 1145 τούτων
437 1082 713 1158 γὰροῖμαι
732 1088 953 1144 πάντων
983 1090 1075 1144 τὸν
1105 1090 1393 1164 Προφήτην
1423 1090 1490 1146 τὰ
1517 1090 1660 1146 κατὰ
1677 1090 1777 1156 τὰς

231 1185 382 1245 ἰάσεις
418 1180 641 1251 μηνύειν
672 1178 947 1251 θαύματα,
976 1181 1042 1235 δι’
1071 1174 1148 1236 ὧν
1187 1181 1457 1255 ὀφθαλμοί
1483 1201 1544 1238 τε
1572 1183 1776 1239 ἐπλάσ-

237 1291 364 1328 eam
391 1271 476 1326 διὰ
497 1269 593 1324 τοῦ
631 1269 951 1343 πτύσματος
982 1274 1077 1326 καὶ
1108 1273 1209 1344 τῆς
1234 1274 1342 1345 ’γῆς
1367 1274 1779 1347 πηλουργούμε-

234 1383 333 1428 νοι,
371 1363 461 1417 καὶ
490 1361 652 1415 ἀκοαὶ
693 1363 898 1433 τρόπον
935 1365 1057 1418 τινὰ
1103 1367 1217 1429 τοῖς
1258 1365 1642 1437 ἐστερημένοις
1679 1366 1780 1436 τῆς

232 1456 507 1527 αἰσθήσεως
557 1452 768 1526 ταύτης
803 1454 891 1509 διὰ
924 1454 1035 1509 τῶν
1061 1456 1339 1510 δακτύλων
1377 1458 1775 1527 ὲνεφυτεύοντο.

230 1547 323 1603 Καὶ
360 1545 456 1599 ὅσα
486 1544 545 1597 ὲν
584 1543 667 1615 τῷ
711 1544 941 1617 κρυπτῷ
990 1546 1100 1600 τῶν
1146 1548 1436 1621 νοημάτων
1469 1548 1777 1612 ἐλάνθανεν,

233 1634 360 1707 παρὰ
378 1633 468 1687 τοῦ
494 1632 788 1705 βλέποντος
800 1635 909 1699 τὰς
926 1624 1255 1707 ἐνθυμήσεις
1280 1635 1458 1692 αὐτῶν
1489 1637 1776 1708 διελέγετο.

241 1726 432 1797 Ἐπειδὴ
463 1724 677 1791 τούτοις
708 1725 922 1797 ὲμΰοῶν
950 1728 1050 1781 οὐκ
1075 1726 1339 1800 ἠκούσθη,
1374 1729 1512 1800 πρὸς
1547 1730 1639 1784 τὸν
1666 1729 1780 1784 Κύ·

233 1838 325 1895 ρων
347 1817 660 1889 ἐπιστρέφει
678 1810 770 1873 τδν
793 1815 954 1888 λύγον
985 1820 1077 1874 καί
1106 1836 1289 1891 φησιν·
1320 1839 1340 1873 ι
1381 1820 1658 1895 Μακάριος
1682 1823 1779 1879 ἄν·

230 1916 441 1984 θμυξεος,
469 1904 529 1964 δν
577 1911 647 1965 ἂν
678 1911 999 1986 παιδεύσῃς,
1025 1913 1231 1985 Κύριε,
1260 1915 1355 1967 καὶ
1381 1915 1447 1968 ὲκ
1473 1914 1568 1969 τοῦ
1610 1915 1777 1986 νόμου

232 2024 307 2061 σου
327 2004 532 2078 διδάξῃς
562 2005 727 2061 αὐτόν
751 2023 768 2039 ο
799 2024 819 2056 ι
852 2005 929 2069 ὡς
958 2004 1051 2060 τοῦ
1078 2007 1248 2074 νόμου
1275 2006 1395 2061 καθ’
1426 2008 1616 2061 ἑαυτὸν
1636 2008 1779 2078 ὠφε-

228 2098 415 2161 λοῦντος
447 2095 626 2160 οὐδὲν,
662 2097 711 2150 εἰ
741 2096 815 2169 μή
845 2099 929 2161 τις
964 2093 1093 2152 ’θεία
1132 2086 1321 2171 διδαχῇ
1362 2097 1425 2152 τὸ
1449 2086 1775 2171 ἔγκείμενον

228 2189 352 2261 αύτῷ
386 2189 694 2261 ’μυστήριον
748 2187 1097 2261 σαφηνίσειε·
1139 2176 1324 2254 καθὼς
1365 2186 1518 2245 εἶπεν
1545 2192 1574 2245 ὁ
1616 2189 1780 2254 αύτδς

228 2277 356 2343 οὗτος
380 2278 691 2351 προφήτης,
719 2277 800 2332 δτι
827 2295 848 2331 ι
894 2276 1268 2349 ’Δποκάλυψον
1307 2280 1434 2346 τοὺς
1469 2279 1780 2352 ὀφθαλμούς

230 2384 332 2438 μου,
354 2368 442 2421 καὶ
461 2368 789 2438 κατανοήσω
808 2366 878 2422 τὰ
906 2367 1187 2439 θαυμάσια
1203 2369 1268 2423 ἐκ
1287 2368 1381 2425 τοῦ
1410 2370 1576 2440 νόμου
1604 2388 1720 2426 σου.
1755 2391 1775 2426 ι

231 2458 288 2509 Ἣ
330 2456 461 2525 τάχα
509 2455 805 2526 μακαρίζει
849 2455 941 2510 τὸν
999 2452 1060 2522 ἐξ
1100 2456 1272 2511 ὲθνῶν
1307 2456 1389 2530 τῷ
1421 2459 1779 2530 πνευματικῷ

230 2548 357 2616 νόμῳ
399 2544 724 2599 πιστεύοντα
745 2589 760 2611 ,
793 2545 852 2609 ὃς
887 2543 1171 2616 ἄνθρωπος
1201 2543 1277 2600 ὢν
1316 2544 1408 2600 τὸν
1444 2546 1551 2619 πρὸ
1587 2547 1777 2600 τούτου

230 2638 411 2710 χρόνον,
452 2637 744 2709 σαρκώδης
789 2655 847 2691 τε
889 2639 983 2692 καὶ
1030 2637 1635 2711 συμπαραδεδλημένος
1665 2642 1780 2704 τοῖς

230 2735 470 2801 κτήνεσιν,
513 2731 579 2783 ἐν
616 2732 683 2803 τῇ
720 2729 1002 2784 παιδεύσει
1029 2730 1125 2784 τοῦ
1161 2729 1308 2784 θείου
1337 2730 1525 2802 νόμου,
1552 2724 1652 2802 τῆς
1679 2746 1781 2785 κα·

229 2822 375 2894 τάρας
399 2823 477 2886 είς
508 2820 768 2890 εὐλογίαν
807 2822 1172 2894 ’ἀναλυθείσης
1194 2863 1209 2884 ,
1240 2823 1507 2896 μακάριος
1547 2824 1778 2893 γίνεται.

231 2913 333 2966 Ὀτι
377 2911 524 2982 αὐτῷ
569 2911 670 2983 μὲν
706 2912 815 2966 ἀπὸ
867 2912 977 2966 τῶν
1023 2913 1247 2986 ἡμερῶν
1284 2913 1394 2967 τῶν
1440 2914 1692 2987 πονηρῶν
1743 2916 1778 2988 ἡ

230 3002 345 3075 ὀργὴ
373 3004 697 3074 πραΰνεται,
726 3004 937 3058 ἐκείνου
978 3003 1037 3057 δὲ
1061 3007 1090 3059 ὁ
1116 3005 1227 3075 (79)
1254 3001 1446 3077 βόθρος
1468 3000 1776 3078 ὀρύσσεταιο

231 3093 331 3150 εἶτα
385 3096 583 3167 μικρὸν
642 3095 852 3161 ὑποϐὰς
873 3137 889 3161 ,
923 3095 1016 3150 τὸν
1066 3091 1266 3151 σκοπὸν
1316 3097 1462 3166 λέγει
1498 3094 1597 3168 τῆς
1642 3097 1783 3152 κατά

1874 638 1981 695 est,
2031 629 2177 701 quod
2224 629 2353 684 alibi
2403 629 2588 691 tradit,
2636 643 2949 686 asseverare
2982 644 3128 695 eum,
3177 631 3270 699 qui
3317 640 3447 684 vera

1876 719 2021 776 Deus
2062 728 2169 785 est,
2223 735 2333 774 non
2385 734 2543 785 esse;
2588 719 2790 790 quibus
2846 720 3077 791 proinde
3128 720 3441 776 acclamat:

1883 830 1903 864 ι
1934 811 2242 883 ΙηιεΙΙίεῐιε,
2295 812 2620 882 insipientes
2663 812 2719 865 in
2757 813 2980 882 populo,
3029 816 3105 877 et,
3140 812 3314 879 stulti,
3344 810 3445 868 ali-

1878 903 2098 972 quando
2144 903 2338 974 sapite.
2376 922 2394 956 ›
2444 902 2579 969 Quis
2624 911 2730 967 est,
2776 904 2868 972 qui
2917 903 3181 973 plantavit
3221 904 3481 960 aurem?

1876 997 2001 1065 quis
2045 995 2137 1066 qui
2170 996 2326 1050 tinxit
2356 996 2576 1050 oculum
2601 995 2625 1048 ?
2649 994 2775 1065 quis
2802 995 2985 1049 erudit
3029 996 3297 1066 papulas?
3322 997 3448 1067 quis

1874 1090 1985 1149 est,
2034 1085 2125 1155 qui
2160 1086 2446 1157 cognoscit
2471 1084 2832 1156 cogitationes
2860 1086 3182 1141 hominum?
3213 1084 3311 1143 His
3337 1102 3450 1143 om-

1882 1175 2046 1231 nibus
2087 1181 2220 1246 puto
2250 1173 2572 1246 Prophetam
2599 1172 2909 1246 signiﬁcare
2955 1173 3226 1232 mirabilia
3254 1176 3310 1231 in
3355 1192 3450 1233 sa—

1879 1266 2201 1322 natiouibus
2235 1264 2566 1338 peragendis
2614 1274 2848 1338 patrata,
2898 1265 3118 1335 quando
3161 1266 3306 1322 oculi
3354 1282 3452 1339 per

1879 1366 2100 1429 sputum
2133 1365 2188 1414 et
2239 1365 2440 1413 terram
2492 1356 2616 1412 illiti
2653 1355 3094 1413 reformabantur
3125 1365 3179 1412 et
3223 1356 3450 1428 reﬁnge-

1879 1447 2100 1512 bantur,
2147 1446 2370 1518 quando
2419 1445 2646 1503 auditus
2674 1446 2858 1518 aliquo
2893 1447 3057 1503 modo
3095 1447 3163 1502 iis
3203 1446 3295 1518 qui
3347 1445 3453 1501 hoc

1880 1554 2045 1595 sensu
2092 1538 2289 1610 privati
2344 1545 2524 1603 erant,
2567 1553 2665 1610 per
2708 1536 2912 1611 digitos
2967 1539 3126 1610 quasi
3170 1536 3451 1594 insereba-

1879 1638 1990 1695 tur,
2017 1638 2072 1687 et
2112 1630 2333 1702 quando
2356 1646 2418 1686 ea
2455 1642 2578 1703 quae
2620 1632 2674 1686 in
2725 1631 2942 1687 occulto
2978 1632 3239 1698 latebant,
3281 1629 3450 1686 animi

1880 1738 2066 1788 sensa,
2099 1724 2169 1780 ab
2207 1739 2275 1780 eo
2302 1724 2395 1795 qui
2431 1725 2770 1796 singulorum
2798 1724 3158 1795 cogitationes
3199 1723 3366 1788 videt,
3396 1723 3452 1778 in

1881 1827 2130 1889 apertum
2154 1820 2366 1890 prolata
2394 1830 2544 1875 sunt.
2576 1822 2644 1874 At
2666 1835 2792 1875 cum
2828 1820 2913 1874 his
2946 1818 3261 1875 acclamans
3283 1834 3453 1876 exau-

1879 1909 2029 1967 ditus
2069 1926 2175 1967 nou
2217 1918 2390 1974 esset,
2439 1911 2507 1966 ad
2556 1904 2841 1967 Dominum
2883 1924 3135 1965 sermone
3184 1924 3452 1968 converso

1879 2001 2100 2071 inquit:
2138 2022 2156 2054 ι
2197 1996 2418 2063 Beatus.
2453 2017 2617 2072 quem
2663 2010 2716 2057 tu
2765 2001 3059 2065 erudieris,
3120 1995 3367 2067 Domine,
3397 2011 3454 2057 et

1878 2091 1948 2149 de
1976 2088 2094 2164 lege
2125 2103 2218 2148 tua
2248 2093 2501 2149 docueris
2529 2097 2678 2156 etho,
2709 2111 2729 2144 ι
2765 2091 2922 2163 quasi
2955 2088 3039 2147 lex
3076 2107 3171 2162 per
3214 2106 3274 2148 se
3315 2092 3452 2149 nihil

1875 2184 2075 2256 ’prosit,
2109 2184 2217 2240 nisi
2247 2183 2431 2239 divina
2458 2183 2643 2254 aliqua
2669 2183 2943 2239 institutio
2972 2178 3220 2238 abditum
3243 2183 3298 2238 in
3330 2185 3450 2255 ipsa

1881 2286 2105 2332 sensum
2139 2275 2451 2331 manifestet
2486 2298 2498 2331 :
2534 2272 2991 2346 quemadmodum
3040 2275 3129 2330 hic
3160 2276 3277 2345 ipse
3322 2290 3451 2348 pro-

1880 2368 2043 2438 pheta
2076 2372 2309 2423 testatus
2347 2369 2462 2432 est,
2508 2386 2528 2419 ι
2561 2365 2778 2429 Revela,
2811 2385 2830 2419 ι
2866 2360 3143 2437 inquiens,
3195 2385 3214 2418 ι
3256 2366 3447 2423 oculos

1875 2463 2053 2519 'meos.
2078 2470 2132 2514 et
2151 2457 2516 2513 cansiderabo
2539 2452 2810 2513 mirabilia
2831 2458 2899 2513 de
2921 2458 3037 2529 lege
3071 2467 3160 2513 tua
3191 2455 3259 2514 ³³.
3299 2477 3318 2509 ι
3352 2454 3452 2513 Vel

1881 2546 2138 2603 fortassis
2189 2547 2406 2601 beatum
2443 2545 2703 2618 pradicet
2749 2546 2924 2608 illum,
2960 2547 3053 2618 qui
3103 2555 3166 2602 ex
3201 2547 3453 2619 gentibus

1880 2638 2151 2709 spirituali
2186 2637 2289 2709 legi
2316 2650 2603 2694 assensum
2652 2638 2875 2708 praebet,
2911 2639 3006 2709 qui
3048 2648 3173 2694 cum
3201 2646 3454 2695 anteacto

1880 2739 2130 2801 tempore
2176 2736 2326 2786 esset
2369 2730 2532 2786 homo
2574 2730 2728 2786 carni
2766 2729 3041 2796 addictus,
3084 2724 3456 2803 iumentisque

1878 2821 2119 2891 similis;
2171 2822 2227 2877 in
2274 2822 2619 2879 institutione
2647 2822 2784 2894 legis
2810 2820 3030 2889 divinaz,
3075 2825 3453 2881 exsecratione

1878 2913 1937 2968 in
1970 2912 2403 2969 benedictionem
2426 2921 2781 2976 commutata,
2805 2913 2999 2971 beatus
3017 2912 3282 2984 edicitur;
3318 2933 3455 2989 quo-

1883 3005 2028 3060 niam
2083 3003 2187 3075 ipsi
2229 3004 2447 3074 quidem
2488 3004 2570 3058 ira
2615 3019 2647 3059 a
2693 3004 2885 3061 diebus
2932 3006 3091 3061 malis
3133 3007 3451 3078 mitigatur;

1884 3096 2039 3152 alteri
2090 3111 2220 3151 vero
2258 3096 2412 3151 fovea
2454 3095 2677 3153 foditur.
2731 3087 2939 3153 Deinde
2987 3095 3268 3169 paululum
3327 3116 3455 3171 pro-

230 3186 423 3258 τὺν(80)
437 3186 733 3256 ἄνθρωπον
747 3185 841 3239 τοῦ
864 3186 1068 3256 Κυρίου
1083 3184 1411 3256 οἰκονομίας.
1446 3202 1473 3238 ·ι
1506 3183 1568 3239 Et
1598 3187 1672 3257 μὴ
1701 3185 1782 3240 ὃτι

1884 3204 2108 3261 gressus
2155 3190 2316 3244 linem
2367 3188 2611 3244 declarat
2654 3188 2977 3244 oeconomia:
3022 3188 3377 3246 humanitatis
3424 3206 3454 3243 a

230 3278 408 3349 Κύριος
449 3276 723 3349 ἐϐοήθησέ
782 3293 871 3348 μοι
895 3318 911 3342 ,
946 3276 1100 3348 παρὰ
1150 3276 1322 3349 βραχὺ
1378 3271 1672 3350 παρῴκησε
1705 3274 1783 3347 τῷ

233 3369 320 3443 ᾄδῃ
346 3372 378 3441 ἡ
405 3370 553 3441 ψυχή
585 3381 710 3441 μου.
758 3388 779 3420 ι
824 3369 889 3422 Ἦ
927 3368 1038 3440 γὰρ
1072 3368 1292 3441 βοήθεια
1314 3368 1408 3422 τοῦ
1428 3368 1655 3439 Κυρίου,
1683 3368 1783 3421 ούκ

231 3461 414 3532 ἀφῆκεν
433 3463 587 3532 ἡμᾶς
609 3461 703 3514 τοῦ
732 3460 860 3532 ᾅδου
891 3454 1187 3533 παροίκους
1207 3455 1370 3516 εἶναι.
1402 3461 1510 3515 Καὶ
1530 3463 1612 3516 ὅτι
1642 3459 1783 3514 κατὰ

230 3553 281 3605 τὸ
310 3552 501 3624 πλῆθος
538 3552 652 3606 τῶν
677 3555 741 3606 ἐκ
767 3553 872 3624 τῆς
901 3552 1177 3624 ἁμαρτίας
1209 3552 1431 3617 ὀδυνῶν,
1456 3550 1785 3626 ἀντίρροπος

230 3645 418 3711 ὲγένετο
455 3646 597 3716 ἡμῖν
637 3647 673 3714 ἡ
709 3644 919 3716 ἰατρεία
950 3645 1102 3716 παρὰ
1134 3644 1229 3698 τοῦ
1268 3644 1628 3717 ἰατρεύοντος·
1647 3648 1706 3698 ὲν
1738 3638 1785 3714 ᾧ

231 3753 274 3788 τι
296 3736 418 3807 (80‘)
452 3738 554 3792 καὶ
591 3735 777 3808 μεῖζον
801 3737 1106 3808 φιλοσοφεῖ,
1142 3735 1203 3792 τὸ
1238 3739 1313 3811 μὴ
1342 3736 1402 3804 ἐξ
1441 3738 1613 3793 ἀϊδίου
1643 3734 1784 3793 εἶναι

230 3827 281 3880 τὸ
303 3829 461 3882 κακὸν
487 3828 853 3898 δογματίζων.
887 3829 1025 3900 Φησὶ
1068 3828 1198 3901 γὰρ,
1234 3830 1315 3884 ὃτι
1350 3849 1370 3881 ι
1398 3830 1474 3883 Ού
1503 3838 1784 3903 συμπροσ-

232 3920 362 3973 ἐσταί
375 3936 455 3973 σοι
481 3919 676 3988 θρόνος
695 3920 945 3990 ἀνομίας,
970 3921 999 3972 ὁ
1025 3920 1281 3975 πλάσσων
1307 3921 1472 3975 κόπον
1503 3921 1595 3975 ἐπὶ
1620 3922 1786 3994 πρόσ-

232 4025 412 4080 ταγμα.
453 4031 469 4059 ι
503 4008 680 4062 Τοῦτο
724 4009 780 4062 δέ
810 4010 977 4069 ἐστιν.
998 4010 1081 4063 ὅτι
1104 4010 1180 4065 ού
1210 4009 1591 4082 συνθεωρεϊταί
1636 4027 1720 4065 σοι
1752 4004 1787 4082 ἠ

232 4098 316 4167 τῆς
349 4100 547 4163 κακίας
586 4100 749 4171 ἀρχή.
796 4101 965 4171 Ἀρχὴ
993 4100 1104 4171 γὰρ
1125 4103 1154 4153 δ
1186 4101 1393 4181 θρόνος,
1427 4104 1457 4156 ὁ
1478 4100 1577 4173 τὴν
1606 4103 1788 4174 ἁμαρ-

231 4190 334 4243 τίαν
362 4191 563 4255 κτίξων
592 4190 681 4244 διὰ
707 4191 1146 4262 προστάγματος.
1182 4192 1260 4244 Δι’
1298 4184 1375 4245 ὧν
1400 4192 1460 4246 τὸ
1495 4193 1570 4264 μὴ
1610 4192 1671 4257 ἐξ
1704 4195 1789 4248 ἆῖ-

231 4278 433 4351 δίουτὴν
456 4281 661 4334 κακίαν
692 4277 854 4344 εἶναι,
880 4282 1013 4353 μηδὲ
1045 4285 1124 4346 είς
1151 4283 1238 4336 ἀεὶ
1260 4285 1594 4357 παραμένειν
1619 4283 1789 4354 αὐτὴν

233 4371 531 4439 ἐνεδείξατο.
563 4374 630 4426 ’0
651 4373 760 4445 γὰρ
787 4374 863 4445 μὴ
894 4376 979 4427 ἀεὶ
1007 4371 1093 4445 ἦν,
1124 4375 1242 4428 οὐδὲ
1267 4377 1347 4439 είς
1368 4377 1455 4430 ἀεὶ
1476 4376 1648 4432 ἔσται.
1677 4378 1789 4432 Καὶ

232 4463 312 4515 τὸν
349 4467 549 4536 τρόπον
596 4468 696 4535 τῆς
737 4464 831 4519 τοῦ
885 4467 1058 4520 κακοῦ
1106 4468 1438 4540 ἀναιρέσεως
1484 4468 1784 4539 διηγεῖται,

1886 3281 2117 3337 Domino
2147 3288 2417 3351 suscepta
2450 3280 2535 3336 his
2562 3280 2743 3336 verbis
2781 3296 2795 3332 :
2827 3299 2847 3333 ι
2880 3278 2994 3335 Nisi
3029 3281 3157 3351 quia
3193 3280 3456 3338 Dominus

1884 3373 2108 3444 adjuvet
2165 3388 2273 3437 me,
2331 3372 2495 3444 paulo
2541 3370 2723 3427 minus
2773 3372 2829 3428 in
2882 3371 3101 3429 inferno
3159 3373 3457 3431 habitasset

1885 3466 2065 3520 anima
2110 3479 2249 3521 mea.
2287 3485 2306 3518 ι
2348 3464 2625 3519 Auxilium
2667 3464 2811 3519 enim
2856 3461 3070 3520 Domini
3111 3481 3217 3521 non
3258 3464 3458 3537 permi-

1886 3559 1958 3614 sit
1993 3575 2097 3613 nos
2129 3556 2330 3614 inferni
2362 3550 2570 3614 incolas
2596 3566 2754 3625 esse;
2777 3557 3051 3629 simulque
3079 3559 3297 3624 asserit,
3324 3559 3458 3612 ιιιιιιο

1886 3646 2107 3705 titudini
2142 3648 2416 3710 dolorum,
2442 3649 2534 3717 qui
2560 3663 2625 3703 ex
2651 3649 2891 3717 peccatis
2928 3651 3252 3710 nascuntur,
3275 3662 3457 3717 aequa-

1885 3736 1992 3796 lem
2054 3739 2381 3796 medicinam
2429 3754 2459 3793 a
2514 3738 2729 3793 medico
2774 3742 3017 3807 paratam
3060 3754 3202 3793 esse.
3254 3736 3355 3792 Ubi
3402 3747 3459 3792 et

1887 3829 2151 3901 grandius
2188 3829 2448 3900 quiddam
2480 3827 2682 3890 itmuit,
2716 3842 2841 3882 cum
2871 3826 3018 3882 velut
3046 3827 3299 3898 degmate
3322 3843 3457 3897 quo-

1887 3922 2013 3978 dam
2042 3921 2258 3986 statult,
2286 3920 2490 3975 malum
2523 3934 2631 3974 non
2661 3931 2784 3974 esse
2811 3918 2880 3973 ab
2905 3926 3131 3973 aeterno.
3157 3916 3245 3972 Ait
3272 3920 3457 3974 enim:

1895 4035 1915 4067 ι
1951 4012 2071 4069 Non
2137 4013 2381 4069 adhaeret
2428 4012 2527 4067 tibi
2575 4011 2734 4066 sedes
2779 4010 3102 4081 iniquitatis,
3159 4011 3254 4081 qui
3300 4011 3459 4081 lingis

1889 4103 2129 4159 laborem
2185 4103 2240 4156 in
2285 4109 2576 4172 praecepto.
2616 4098 2886 4168 [Sensus
2923 4109 3008 4155 est
3053 4118 3067 4153 :
3112 4098 3313 4178 Tecum
3351 4116 3459 4158 una

1889 4193 2226 4250 considerari
2285 4200 2341 4248 et
2402 4192 2618 4262 concipi
2671 4192 2861 4261 nequit
2918 4190 3047 4246 mali
3106 4191 3456 4263 principium.

1890 4286 2229 4356 Principium
2278 4284 2421 4339 enim
2475 4283 2799 4354 intelligitur
2852 4285 3071 4338 nomine
3127 4283 3292 4349 sedis,
3338 4298 3461 4355 qua

1890 4388 2178 4450 peccatum
2232 4389 2327 4449 per
2375 4381 2705 4447 praeceptum
2736 4376 2916 4431 ellicit.
2949 4370 3161 4443 Quibus
3197 4376 3461 4442 ostendit,

1893 4474 2183 4543 peccatum
2229 4484 2404 4540 neque
2453 4469 2522 4523 ab
2570 4480 2774 4524 aeterno
2803 4483 2950 4531 esse,
2990 4481 3166 4538 neque
3204 4465 3258 4523 in
3301 4480 3460 4524 αξιοι--
3530 4476 3537 4481 ’

231 4557 360 4628 ὲντῇ
387 4558 497 4610 τῶν
542 4559 811 4611 Ἰουδαίων
843 4560 984 4612 κατὰ
1013 4558 1108 4612 τοῦ
1138 4560 1343 4631 Κυρίου
1373 4562 1673 4635 μιαιφονίᾳ,
1696 4562 1782 4615 τὸν

1895 4581 2026 4619 num
2058 4566 2558 4635 perseveraturum.
2591 4560 2749 4628 Quod
2769 4560 2915 4616 enim
2944 4571 3050 4615 non
3074 4574 3288 4631 semper
3319 4567 3461 4624 erat.

232 4650 520 4719 ἀφανισμὸν
564 4652 664 4720 τῆς
696 4652 891 4713 κακίας
917 4652 1322 4723 προαγορεύων.
1352 4654 1514 4721 Λέγει
1551 4655 1679 4727 γὰρ,
1705 4656 1787 4707 ὃτι

240 4759 255 4787 ι
276 4732 422 4793 Οὗτοι
447 4741 548 4808 μὲν
585 4736 902 4809 θηρεύουσιν
930 4742 1023 4796 ἐπὶ
1047 4743 1223 4816 ψυχὴν
1257 4744 1493 4809 δικαίου,
1525 4745 1617 4799 καὶ
1650 4741 1788 4816 αἷμα

234 4829 390 4883 ἀθῶον
423 4831 939 4887 καταδικάσονται.»
970 4833 1138 4889 Τοῦτο
1161 4836 1218 4889 δὲ
1232 4833 1357 4905 ἐμοὶ
1394 4837 1661 4905 σωτήριον
1703 4834 1789 4902 γί-

234 4939 386 4978 νεται.
414 4925 477 4978 '0
506 4925 618 4997 γὰρ
646 4926 1063 4991 καταδικασθεὶς
1093 4926 1173 4999 τῷ
1204 4925 1419 4998 θανάτῳ
1445 4927 1671 4998 Κύριος,
1704 4929 1791 4982 διὰ

232 5015 401 5070 τούτου
437 5017 650 5085 γίνεταί
684 5035 774 5088 μοι
801 5019 1109 5088 καταφυγή.
1164 5020 1274 5072 Καὶ
1310 5014 1463 5084 οὗτος
1491 5022 1521 5072 ὁ
1548 5020 1682 5084 Θεὸς
1711 5021 1791 5082 είς

239 5105 416 5176 βοηθὸν
441 5108 558 5178 (8i)
581 5109 796 5173 ἐλπίδος
816 5113 926 5173 τοῖς
943 5110 1331 5164 πεπιστευκόσι
1355 5112 1679 5165 καθίσταται
1695 5153 1708 5175 ,
1735 5111 1794 5174 ὃς

235 5201 505 5265 ἀποδιδοὺς
527 5203 587 5254 ἐν
612 5204 680 5271 τῇ
714 5202 900 5273 δικαίᾳ.
930 5203 1109 5273 κρίσει
1143 5203 1205 5257 τὸ
1226 5204 1345 5257 κατ’
1368 5203 1526 5268 ἀξίαν
1556 5204 1790 5270 ἑκάστῳ,

238 5291 436 5357 ἀφανιεί
478 5293 575 5364 τὴν
621 5294 886 5367 πονηρίαν
919 5295 1029 5349 τῶν
1071 5298 1491 5366 ἡμαρτηκότων,
1533 5297 1652 5366 οὐχὶ
1696 5296 1794 5364 τὴν

238 5389 402 5455 φύσιν.
421 5390 609 5454 Οὕτως
640 5392 807 5445 εἰπὼν
839 5396 903 5463 τῇ
934 5393 1095 5458 λέξει,
1126 5390 1668 5447 ι”υτικαὶὰποδὼσει
1702 5392 1797 5445 αὖ·

301 5589 345 5620 "
383 5588 531 5644 i’sal.
568 5606 758 5655 catur,
786 5590 872 5643 18.

303 5787 411 5847 1711)
431 5789 655 5856 Ἐκείνῳ
679 5788 756 5845 δέ,
793 5786 856 5839 vd
867 5826 879 5838 .

306 5858 411 5925 (80)
435 5858 535 5911 ἰ’ὀν
560 5878 668 5912 mn.
704 5857 786 5911 ed.

1895 4658 1949 4713 id
1976 4672 2157 4729 neque
2185 4671 2399 4726 semper
2423 4655 2561 4716 erit;
2589 4654 2939 4721 modumque,
2965 4668 3074 4724 quo
3098 4654 3297 4709 malum
3329 4653 3462 4708 abo-

1894 4749 2061 4809 letur,
2107 4745 2377 4817 explicat;
2414 4744 2467 4798 in
2513 4741 2822 4798 Iudaeorum
2869 4739 3182 4813 parricidio,
3213 4741 3358 4812 quod
3406 4741 3464 4796 in

1900 4838 2189 4894 Dominum
2232 4836 2593 4897 admiserunt.
2640 4833 2849 4904 peccati
2889 4831 3235 4889 abolitionem
3271 4831 3465 4904 praedi-
3514 4888 3523 4897 ,

1896 4946 2031 4986 cens
2077 4949 2091 4983 :
2140 4940 2264 4983 cum
2298 4927 2478 4997 inquit
2518 4940 2534 4979 :
2572 4944 2590 4976 ι
2619 4924 2928 4994 Captahunt
2963 4924 3017 4980 in
3051 4926 3284 4980 animam
3304 4924 3464 4996 justi,

1896 5031 1951 5075 et
1978 5026 2294 5090 sanguinem
2328 5022 2672 5075 innocentem
2708 5016 3170 5075 condemnabunt.
3209 5038 3228 5069 ι
3263 5018 3333 5072 At
3360 5017 3465 5075 hoc

1898 5114 2030 5168 mihi
2069 5114 2127 5168 lit
2170 5112 2369 5167 salutis
2398 5125 2588 5168 causa.
2624 5108 2887 5167 Dominus
2921 5113 3065 5168 enim
3118 5118 3294 5166 morte
3316 5109 3465 5164 dam-

1898 5215 2082 5268 natus,
2110 5208 2210 5259 hoc
2233 5204 2352 5274 ipso
2377 5205 2644 5275 refugium
2675 5203 2804 5258 mihi
2828 5201 3092 5271 eﬂicitur;
3115 5210 3169 5258 ct
3191 5202 3292 5257 iste
3320 5198 3471 5255 Deus

1900 5300 1953 5352 in
2014 5299 2342 5367 adjutorium
2401 5296 2517 5368 spei
2557 5293 2906 5353 credentibus
2960 5291 3331 5351 constituitur,
3369 5286 3463 5358 qui

1901 5393 1954 5444 in
1983 5391 2073 5443 illo
2110 5389 2260 5457 justo
2283 5387 2489 5457 judicio
2523 5389 2818 5457 unicuique
2842 5399 2940 5457 pro
2968 5382 3174 5441 meritis
3209 5378 3466 5446 reddens,

1971 5781 2105 5849 (80‘)
2144 5781 2238 5844 Τε,
2262 5781 2351 5836 ed.

1969 5851 2082 5919 (81)
2119 5850 2402 5920 Βοήθειαν,
2433 5852 2518 5906 ed.
