3982 6510
555 389 659 447 52⁸1

1797 382 1855 439 s.
1878 381 2205 440 cneconn
2233 382 2532 440 NYSSENI
3673 397 3762 450 533

561 509 796 566 abolebit
825 517 878 566 et
931 509 984 564 in
1027 509 1258 563 nihilum
1305 508 1512 580 rediget
1551 508 1816 563 malitiam
1867 513 2118 577 peccato-

2224 511 2334 572 τοῖς
2368 509 2570 580 Κύριος
2597 509 2698 582 τὴν
2733 509 2961 580 ἀνομίαν
3007 509 3205 572 αὐτῶν,
3241 511 3336 563 καὶ
3373 511 3510 564 κατὰ
3545 511 3640 583 τὴν
3665 519 3760 588 (8'2)

557 617 700 662 rum,
750 615 856 654 non
912 607 1202 664 naturam;
1253 601 1332 653 sic
1386 600 1528 652 enim
1589 598 1658 652 ad
1709 598 1932 653 verbum
1995 597 2118 650 ait:

561 711 583 747 ι
617 692 882 759 Quoniam
910 690 1096 746 reddet
1123 692 1231 746 illis
1255 690 1516 747 Dominus
1537 691 1873 761 iniquitatem
1907 705 2121 752 eorum,

559 787 689 840 etin
713 785 916 839 malitia
945 800 1132 839 eorum
1167 773 1443 856 disperdet
1469 784 1590 840 illos
1622 785 1881 838 Dominus
1915 781 2076 837 Deus.
2098 799 2116 831 ι

553 873 768 940 Quibus
801 873 1090 943 signiﬁcat,
1145 888 1241 928 eos
1283 872 1374 944 qui
1417 889 1563 928 nunc
1611 883 1832 944 peccato
1877 873 2123 943 insigniti

553 973 684 1022 sunt
726 973 778 1019 et
811 965 1154 1036 conﬁgurati,
1208 965 1544 1021 destructum
1593 966 1690 1032 iri;
1747 980 1870 1020 nam
1905 963 2125 1036 quando

551 1057 766 1112 malitia
807 1072 916 1111 non
949 1059 1073 1122 erit,
1117 1067 1228 1111 tum
1279 1073 1454 1128 neque
1494 1059 1540 1113 is
1578 1059 1670 1128 qui
1716 1059 1936 1114 malitia:
1965 1058 2124 1128 quasi

551 1147 788 1203 formam
813 1151 964 1222 gerit,
987 1150 1187 1204 durare
1213 1151 1433 1220 poterit.
1462 1149 1680 1205 Perdita
1702 1151 1867 1220 igitur
1894 1151 2122 1215 malitia,

555 1240 786 1310 ejusque
813 1243 980 1310 ligura
1014 1243 1068 1296 in
1103 1242 1252 1296 nullo
1274 1242 1488 1324 penitus
1515 1243 1794 1306 derelicta,
1829 1257 2018 1298 omnes
2046 1257 2125 1298 se-

556 1333 795 1388 cundum
827 1332 1104 1387 Christum
1138 1331 1514 1408 formabimur,
1551 1340 1602 1386 et
1634 1332 1689 1386 in
1728 1333 1982 1388 omnibus
2017 1349 2122 1386 una

557 1421 835 1496 eﬂ'tilgebit
859 1423 1052 1489 forma,
1077 1438 1197 1492 qua:
1220 1422 1287 1476 ab
1316 1421 1471 1475 initio
1492 1431 1698 1476 natura:
1721 1433 1922 1478 nostra:
1947 1423 2120 1476 indita

555 1511 754 1568 fuerat.

1191 1601 1419 1660 CAPUT
1455 1602 1545 1656 IX.

633 1783 764 1837 Post
793 1782 908 1835 hmc
939 1783 1002 1834 ad
1037 1782 1142 1835 alia
1173 1784 1431 1852 procedit,
1459 1782 1705 1836 instituto
1732 1781 1942 1847 ordine,
1973 1781 2124 1835 nullo

2223 601 2488 672 πονηρίαν
2511 600 2688 654 αὐτῶν
2713 602 2930 670 ἀφανιεῖ
2959 602 3150 664 αὐτοὺς
3185 601 3386 671 Κύριος
3405 605 3432 655 ὁ
3453 603 3608 666 Θεός·
3643 627 3660 658 ι
3687 625 3764 678 ση-

2227 689 2431 760 μαίνων
2475 690 2562 744 διὰ
2612 691 2720 744 τῶν
2753 692 3078 763 εἰρημένων,
3112 691 3192 746 ὅτι
3217 695 3264 744 οἱ
3311 691 3404 745 νῦν
3453 697 3517 764 τῇ
3543 695 3761 768 ἁμαρτίᾳ

2225 771 2643 853 μεμορφωμένοι
2669 783 3148 854 ἀφανισθήσονται.
3177 781 3288 852 Τῆς
3337 785 3442 855 γὰρ
3471 787 3655 849 κακίας
3677 789 3762 840 οὐκ

2223 873 2424 944 οὔσης,
2475 873 2598 927 οὐδὲ
2643 875 2671 926 ὁ
2728 873 2846 926 κατ’
2895 874 3064 944 αὐτὴν
3110 874 3537 944 μεμορφωμένος
3590 876 3756 932 ἔσται·

2223 965 2566 1038 ἀπολομένης
2628 962 2719 1020 οὖν
2765 967 2865 1036 τῆς
2922 965 3140 1028 κακίας,
3197 965 3292 1018 καὶ⁵
3349 969 3407 1019 ἐν
3463 967 3637 1038 μηδενὶ
3682 967 3762 1025 τοῦ

2224 1058 2462 1112 τοιούτου
2513 1058 2860 1130 χαρακτῆρος
2905 1057 3342 1126 ὑπολειφθέντος,
3399 1057 3593 1122 πάντες
3640 1063 3762 1114 κατὰ

2223 1151 2455 1222 Χριστὸν
2491 1149 2958 1221 μορφωθήσονται,
3005 1149 3100 1201 καὶ
3133 1149 3230 1218 μία
3261 1144 3426 1202 πᾶσιν
3453 1149 3756 1221 ἐξαστράψει

2228 1242 2428 1314 μορφὴ,
2458 1244 2490 1314 ὴ
2527 1241 2590 1306 ἐξ
2618 1241 2790 1313 ἀρχῆς
2818 1240 3167 1312 ἐπιϐληθεῖσα
3195 1242 3262 1310 τῇ
3295 1239 3484 1316 φύσει..

2738 1557 3129 1660 ΚΕΦᾸΛΑΙΟΝ
3155 1597 3236 1658 6'.

2291 1782 2444 1838 Μετὰ
2483 1781 2656 1836 ταῦτα
2699 1781 2910 1852 πρόεισι
2958 1780 3098 1832 κατά
3135 1779 3196 1832 τδ
3243 1778 3554 1840 ἀκόλουθον.
3604 1781 3766 1852 μηδενὶ

559 1873 1168 1936 musicoinstrnmento
1201 1881 1378 1936 utens,
1417 1873 1511 1926 sed
1555 1873 1769 1941 propria
1809 1887 1940 1926 voce
1987 1871 2120 1926 bene

2225 1874 2332 1928 τῶν
2362 1873 2636 1946 μουσικῶν
2663 1891 2936 1944 συγκεχρη
2945 1873 3104 1944 μένος
3127 1871 3398 1942 ὁργάνων,
3429 1871 3558 1924 ἀλλὰ
3584 1873 3663 1924 διὰ
3682 1873 3768 1942 τῆς

558 1973 840 2020 sonantem
909 1963 1121 2017 laudem
1175 1963 1282 2016 Deo
1336 1979 1622 2032 reponens.
1691 1961 1868 2033 lnqnit
1913 1963 2056 2018 enim
2104 1981 2117 2017 :

563 2075 582 2106 ι
621 2054 766 2108 Laus
787 2055 983 2109 cantici
1017 2055 1120 2124 ipsi
1151 2055 1316 2109 David
1345 2055 1436 2120 "1:
1471 2075 1490 2107 ›
1526 2071 1646 2126 qua:
1672 2055 1955 2126 inscriptio
1980 2055 2122 2126 apud

559 2143 812 2201 Hebraeos
853 2161 960 2200 non
1011 2147 1296 2217 reperitur.
1347 2146 1612 2202 Provocat
1652 2148 1794 2203 enim
1845 2147 2122 2204 auditores

561 2239 627 2292 ad
672 2240 1112 2292 communionem
1175 2239 1580 2300 exsultationis,
1622 2249 1676 2292 et
1728 2241 1796 2296 ad
1841 2241 2124 2311 jubilatio-

560 2345 680 2384 nem
729 2330 1031 2384 victoribus
1073 2340 1519 2384 consentaneum.
1559 2350 1577 2382 ι
1612 2330 1822 2394 Venite,
1856 2353 1874 2384 ι
1923 2333 2120 2403 inquit,

564 2439 582 2469 ι
614 2421 950 2474 exsultemus
996 2417 1246 2483 Domino,
1287 2421 1584 2488 jubilemus
1623 2422 1730 2476 Deo
1770 2424 1994 2477 salutari
2025 2439 2123 2478 no-

559 2521 696 2567 stro.
742 2531 760 2563 ι
818 2511 930 2565 Sub
978 2509 1136 2565 ﬁnem
1188 2514 1488 2580 grauiorem
1552 2523 1606 2568 et
1659 2515 2118 2570 vehementiorem

560 2604 852 2674 quamdam
871 2604 1342 2660 comminationem
1362 2617 1551 2660 contra
1571 2607 1882 2664 incredulos
1901 2610 2124 2678 subjun-

559 2697 659 2766 git,
691 2695 781 2766 qui
817 2709 1076 2765 perverso
1105 2705 1260 2749 erant
1298 2707 1536 2765 pectore,
1575 2699 1935 2768 quadraginta
1964 2701 2123 2757 annis

559 2785 1008 2840 commorationis
1053 2785 1106 2840 in
1151 2785 1406 2850 deserto,
1476 2791 1674 2858 quibus
1719 2789 2120 2847 benefactnrem

559 2879 868 2941 irritarunt,
900 2878 1100 2948 quique
1119 2887 1307 2947 postea
1356 2881 1594 2934 oblatam
1637 2898 1731 2951 per
1764 2881 2120 2954 Evangelium

559 2969 936 3024 remissionem
983 2978 1326 3038 peceatorum
1359 2981 1716 3040 rcspuernnt;
1753 2972 1954 3042 quibus
1985 2973 2117 3028 lice-

562 3061 655 3114 bat
702 3061 808 3135 (isi
843 3061 1000 3118 hodie
1031 3065 1218 3118 audire
1251 3065 1546 3120 voluissent
1575 3080 1759 3120 vocem
1788 3066 1928 3136 ejus,
1965 3085 1984 3118 ι
2027 3067 2122 3137 qui

561 3150 618 3204 in
653 3151 798 3205 hunc
848 3155 1107 3224 temporis
1154 3163 1355 3209 statum
1387 3156 1553 3219 venit,
1591 3165 1643 3210 et
1671 3172 1734 3211 ex
1791 3158 2122 3228 sempiterna

557 3243 650 3297 illa
697 3255 751 3298 et
804 3247 1180 3300 anteszeculari
1213 3247 1610 3317 magniﬁcentia
1663 3247 1730 3301 ad
1765 3249 2117 3318 temporalem

557 3335 894 3390 nativitatem
926 3337 1228 3406 descendit)
1283 3341 1496 3408 aperire
1519 3337 1620 3392 sibi
1649 3339 1781 3406 ipsis
1813 3339 2119 3408 ingressum

557 3429 615 3483 in
647 3429 922 3498 requiem;
976 3428 1069 3483 sed
1116 3444 1354 3483 errorem
1403 3437 1458 3484 et
1518 3429 1973 3494 incredulitatem,
2005 3437 2124 3484 tan-

555 3535 719 3590 quam
772 3519 940 3573 duces
980 3533 1194 3588 semper
1253 3520 1424 3573 secuti
1505 3527 1647 3582 sunt,
1697 3528 1808 3574 tam
1851 3521 2121 3590 prioribus

559 3625 720 3680 quam
768 3609 1165 3680 posterioribus
1221 3610 1591 3680 temporibus;
1629 3623 1914 3682 propterea
1949 3627 1980 3665 a
2011 3611 2119 3668 Deo

560 3703 629 3755 ab
676 3701 923 3768 ingressu
967 3702 1022 3754 in
1065 3701 1211 3754 illam
1257 3701 1522 3772 requiem,
1565 3705 1728 3757 etiam
1761 3704 2122 3775 jurejurando

560 3793 903 3862 interposito,
935 3793 1138 3848 exclusi
1162 3803 1310 3848 sunt.
1342 3793 1626 3860 Quomodo
1659 3797 1802 3850 enim
1831 3797 2122 3852 introirent

557 3886 612 3939 in
663 3884 925 3954 requiem,
969 3885 1059 3954 qui
1111 3885 1352 3941 volentes
1395 3887 1732 3958 libentesque
1779 3903 1839 3943 se
1879 3904 1907 3942 a
1955 3889 2121 3944 bene-

557 3977 794 4033 dictione
815 3978 1225 4033 abalienarunt?

626 4157 686 4214 ld
706 4161 852 4229 quod
875 4159 1016 4216 inira
1038 4169 1273 4218 testatur
1297 4163 1537 4233 psalmus
1553 4164 1938 4236 nonagesimus
1957 4167 2122 4236 quin-

559 4261 666 4312 tus,
688 4259 742 4305 et
776 4251 894 4320 ipse
923 4250 1164 4308 Hebraeis
1191 4254 1338 4308 nulla
1367 4255 1722 4324 inscriptione
1763 4266 2120 4325 praenotatus.

555 4337 725 4397 Nobis
760 4349 942 4397 autem
980 4349 1064 4396 est
1108 4343 1348 4412 psalmus
1375 4344 1465 4400 ille
1499 4346 1774 4400 canticum
1807 4346 1917 4402 Deo
1938 4358 2124 4404 canta-

559 4439 675 4486 tum
709 4438 834 4501 post
856 4429 1085 4486 reditum
1113 4445 1178 4486 ex
1206 4433 1534 4502 captivitate,
1557 4435 1776 4503 quando
1800 4439 2122 4494 reaediﬁcata

2227 1967 2358 2032 ἰδίας
2396 1966 2577 2036 φωνῆς
2603 1965 2693 2018 τὸν
2745 1963 2989 2036 εὔφημον
3018 1959 3164 2016 αἶνον
3196 1963 3291 2016 διὰ.
3317 1963 3417 2032 τῆς
3447 1963 3583 2034 ᾠδῆς
3609 1966 3768 2018 ἀνατι-

2224 2056 2338 2120 θεὶς
2373 2055 2451 2126 τῷ
2499 2054 2636 2124 Θεῷ.
2672 2055 2809 2124 Φησὶ
2840 2054 2967 2124 γάρ·
3007 2072 3026 2104 ι
3063 2051 3218 2116 Αἶνος
3261 2053 3409 2124 ᾠδῆς
3453 2051 3528 2122 τῷ
3554 2055 3717 2108 Δαείδ.
3749 2075 3766 2106 ν

2223 2146 2333 2200 Καὶ
2373 2145 2510 2216 αὕτη
2557 2146 2613 2198 δὲ
2658 2147 2768 2208 τοῖς
2815 2146 3080 2216 Ἑϐραίοις
3125 2147 3158 2215 ἡ
3205 2143 3488 2216 ἐπιγραφὴ
3528 2145 3621 2196 οὐκ
3651 2145 3766 2198 ἐστι.

2223 2239 2578 2310 Προκαλεῖται
2609 2239 2718 2310 γὰρ
2739 2239 2864 2302 τοὺς
2897 2239 3190 2302 ἀκούοντας
3217 2239 3302 2300 είς
3328 2236 3602 2292 κοινωνίαν
3621 2239 3770 2307 ἀγαλο

2223 2330 2518 2400 λιόιματος,
2545 2330 2641 2384 καὶ
2671 2331 2750 2393 είς
2781 2329 3096 2402 ἀλαλαγμὸν
3142 2330 3440 2394 ἐπινίκιον,
3477 2347 3496 2380 ι
3531 2328 3714 2390 Δεῦτε.
3749 2349 3766 2382 ι

2221 2415 2426 2488 λέγων,
2475 2437 2492 2470 ι
2548 2418 3002 2490 ἀγαλλιασώμεθα
3049 2419 3126 2490 τῷ
3175 2420 3399 2489 Κυρίῳ’
3447 2417 3770 2489 ἀλαλάξωμν

2223 2511 2301 2582 τῷ
2333 2511 2449 2582 Θεῷ
2473 2511 2550 2580 τῷ
2584 2512 2784 2582 σωτῆρι
2807 2511 2982 2582 ἡμῶν.
3029 2531 3047 2562 ι
3082 2511 3191 2565 Καί
3225 2527 3352 2563 τινα
3383 2510 3514 2581 πρὸς
3551 2509 3622 2580 τῷ
3645 2511 3768 2563 τέλει

2223 2605 2734 2676 καταφορικωτέραν
2791 2603 3014 2675 ἀπειλὴν
3072 2604 3210 2657 κατὰ
3261 2603 3376 2656 τῶν
3431 2603 3770 2657 ἀπιστούντων

2225 2695 2360 2767 ἔχει,
2390 2695 2500 2749 τῶν
2525 2693 2625 2768 τὴν
2653 2697 2823 2766 αὐτὴν
2863 2695 3286 2766 ἐπιδειξαμένων
3316 2695 3594 2750 κακόνοιαν
3613 2738 3627 2761 ,
3651 2696 3701 2748 ἐν
3719 2711 3768 2748 τε

2224 2789 2333 2850 τοῖς
2361 2787 2764 2858 τεσσαράκοντα
2798 2787 2939 2839 ἔτεσι
2965 2786 3062 2856 τῆς
3095 2788 3151 2840 ἐν
3181 2791 3246 2858 τῇ
3277 2789 3478 2860 ἐρήμῳ
3502 2787 3768 2857 διαγωγῆς,

2226 2881 2284 2932 ὲν
2317 2873 2398 2942 οἷς
2432 2878 2524 2930 τὸν
2572 2879 2865 2949 εὐεργέτην
2909 2877 3253 2949 παρώξυναν,
3302 2880 3402 2932 καὶ
3451 2879 3581 2948 μετὰ
3617 2879 3770 2933 ταῦτα

2226 2968 2325 3037 τὴν
2365 2966 2609 3020 δοθεῖσαν
2651 2969 2782 3038 ἡμῖν
2811 2967 2898 3020 διὰ
2929 2967 3023 3021 τοῦ
3069 2968 3408 3036 Εὑαγγελίου
3456 2969 3772 3022 κατάπαυσιν

2223 3061 2322 3131 τῆς
2353 3060 2625 3133 ἁμαρτίας
2657 3059 2730 3132 μὴ
2752 3060 3168 3132 προσδεχόμενοι
3193 3075 3207 3089 ·
3239 3055 3330 3124 οἷς
3359 3059 3482 3130 ἐξῆν
3513 3077 3530 3110 ι
3559 3061 3772 3130 σήμερον

2226 3152 2488 3206 ἀκούσασι
2533 3155 2632 3224 τῆς
2663 3153 2846 3222 φωνῆς
2873 3151 2967 3205 τοῦ
3020 3172 3040 3202 ι
3075 3153 3139 3205 δι’
3169 3153 3326 3222 ἡμᾶς
3357 3155 3437 3216 είς
3477 3152 3536 3204 τὸ
3562 3152 3771 3222 σήμερον

2228 3243 2558 3318 εἰσελθόντος
2577 3285 2593 3310 ,
2627 3245 2722 3297 καὶ
2753 3245 2818 3296 ἐκ
2843 3245 2942 3314 τῆς
2983 3244 3310 3314 προαιωνίου
3349 3261 3410 3297 τε
3451 3242 3557 3314 (83)
3586 3245 3671 3296 καὶ
3699 3245 3770 3295 ἀϊ-

2224 3335 2334 3389 δίου
2363 3335 2776 3406 μεγαλειότητος
2815 3337 2891 3399 εἰς
2918 3335 3168 3405 χρονικὴν
3192 3335 3412 3403 γένεσιν
3446 3337 3768 3398 καταϐάντος,

2225 3425 2433 3490 ἀνοῖξαι
2479 3428 2690 3489 ἑαυτοῖς
2728 3427 2828 3496 τὴν
2866 3425 3067 3478 εἴσοδον
3109 3427 3206 3495 τῆς
3235 3425 3607 3490 ἀναπαύσεως.
3650 3427 3768 3478 Ἀλλ’

2223 3519 2312 3573 ἀεὶ
2354 3519 2452 3589 τὴν
2490 3517 2696 3588 πλάνην
2745 3519 2836 3570 καὶ
2884 3517 2980 3588 τὴν
3031 3517 3286 3572 ἀπιστίαν
3352 3519 3542 3590 ὁδηγὸν
3589 3519 3772 3572 ἑαυτῶν

2225 3608 2672 3679 προϐαλλόμενοι,
2704 3607 2762 3660 ἐν
2797 3626 2854 3661 τε
2885 3611 2994 3672 τοῖς
3027 3609 3261 3678 πρώτοις
3289 3612 3392 3663 ml.
3429 3613 3486 3664 ὲν
3505 3615 3610 3676 τοῖς
3647 3611 3768 3681 μετὰ

2222 3701 2399 3756 ταῦτα
2427 3701 2671 3772 χρόνοις,
2704 3702 2852 3773 ὅρκῳ
2892 3702 2992 3772 τῆς
3027 3703 3233 3754 είσόδου
3261 3704 3365 3773 τῆς
3391 3705 3470 3767 εἰς
3501 3704 3591 3774 τὴν
3619 3703 3770 3756 κατά-

2225 3810 2424 3847 παυσιν
2451 3792 2546 3846 τοῦ
2577 3792 2710 3846 Θεοῦ
2736 3793 3185 3864 ἀπεκλείσθησαν.
3219 3794 3349 3856 Πῶς
3371 3794 3478 3866 γὰρ
3515 3795 3578 3847 ἂν
3614 3793 3768 3848 εἰσέλ-

2227 3885 2368 3938 θοιεν
2403 3885 2483 3948 εἰς
2507 3887 2606 3955 τὴν
2647 3885 3008 3948 κατάπαυσιν,
3043 3886 3092 3938 οἱ
3131 3887 3396 3952 ἑκουσίως
3437 3888 3650 3949 ἑαυτοὺς
3685 3887 3788 3956 τῆς·

2225 3977 2473 4048 εὐλογίας
2501 3977 2990 4049 ἅλλοτριώσαντες;

2296 4160 2452 4215 Οὕτω
2463 4161 2555 4216 καὶ
2569 4163 2598 4216 ὁ
2615 4160 2723 4230 (84)
2745 4160 2880 4231 μετὰ
2902 4161 3122 4226 τούτους
3145 4165 3176 4216 ὁ
3199 4163 3448 4234 πέμπτος
3469 4167 3561 4221 καὶ
3579 4169 3770 4236 ιννενη..

2223 4256 2434 4320 κοστὸς,
2467 4257 2576 4318 τοῖς
2601 4255 2698 4325 μὲν
2743 4253 3114 4327 Ἐϐραῖζουσιν
3147 4255 3515 4331 ἀνεπίγραφος
3545 4258 3770 4326 λέγεται*

2224 4349 2356 4419 ἡμῖν
2384 4347 2440 4400 δέ
2469 4348 2614 4400 ἐστιν
2645 4346 2754 4417 ᾠδὴ
2785 4346 2923 4416 μετὰ
2945 4347 3044 4417 τὴν
3083 4347 3344 4403 ἐπάνοδον
3374 4351 3470 4421 τὴν
3495 4353 3560 4404 ἐκ
3583 4351 3674 4417 τῆς
3693 4351 3768 4402 αξ-

2223 4439 2539 4512 χμαλωσίας
2559 4439 2634 4510 τῷ
2655 4438 2772 4510 Θεῷ
2801 4439 3048 4510 ᾁσθεῖσα,
3078 4441 3167 4494 ὅτε
3199 4442 3588 4515 ἀνῳκοδομήθη
3613 4442 3772 4496 διαλυο

555 4529 640 4577 est
679 4519 945 4577 dissoluta
975 4530 1184 4578 natura:
1217 4532 1416 4580 nostra
1453 4524 1661 4582 fabrica
1692 4545 1706 4580 :
1740 4528 1820 4583 sic
1858 4531 2002 4584 enim
2036 4531 2120 4586 in-

2228 4533 2380 4587 θεῖσα
2407 4535 2441 4604 ἡ
2480 4533 2580 4604 τῆς
2615 4531 2829 4602 φύσεως
2860 4533 3023 4604 ἡμῶν
3061 4539 3396 4608 κατασκευή·
3445 4537 3586 4591 οὕτω
3617 4535 3768 4606 γὰρὴ

557 4613 784 4684 srriptio
825 4613 892 4666 ad
934 4615 1158 4668 verbum
1187 4615 1348 4670 habet
1377 4633 1390 4671 :
1427 4637 1444 4668 ι
1480 4615 1626 4672 Laus
1654 4621 1875 4684 cantici,
1899 4623 2120 4692 quando

2225 4627 2323 4696 τῆς
2349 4626 2658 4697 ἐπιγραφῆς
2691 4625 2802 4696 ἔχει
2837 4625 2978 4690 λέξις
2999 4643 3013 4656 ·
3041 4645 3060 4678 ι
3081 4623 3239 4692 Αἶνος
3265 4627 3426 4701 ᾠδῆς,
3457 4632 3542 4684 ὅτε
3579 4633 3606 4684 ό
3641 4625 3770 4688 οἶκος

556 4699 751 4754 domus
783 4699 1048 4756 aediﬁcata
1074 4709 1157 4757 est
1179 4712 1300 4772 post
1339 4705 1730 4776 captivitatem,
1769 4709 2120 4780 inscriptione

2225 4717 2544 4790 ᾠκοδομήθη
2573 4717 2706 4788 μετὰ
2733 4717 2830 4788 τὴν
2853 4719 3246 4788 αίχμαλωσίαν,
3269 4699 3632 4792 ἀνεπίγραφος
3653 4717 3768 4786 παρ’

557 4791 700 4862 apud
731 4789 986 4848 Hebraeos
1020 4807 1234 4848 carens.
1262 4813 1279 4845 ι
1316 4795 1420 4861 Qui
1447 4795 1690 4866 psalmus
1713 4799 1892 4854 statim
1919 4809 2121 4873 myste-

559 4885 698 4934 rium
719 4881 854 4936 Νονί
883 4883 1214 4940 Testamenti
1243 4890 1551 4955 annuntiat,
1578 4903 1700 4944 cum
1724 4891 1830 4946 ait:
1859 4911 1876 4942 ι
1898 4891 2121 4950 Caritate

557 4971 783 5026 Domino
796 4976 1066 5030 canticum
1079 4992 1296 5031 novum.
1311 4997 1329 5029 ι
1349 4977 1540 5037 Merito
1554 4991 1730 5038 autem
1745 4987 1935 5054 psalmi
1956 4986 2023 5040 btt
2025 4987 2116 5057 jus

555 5063 845 5140 inscriptio
868 5066 1010 5136 apud
1038 5064 1292 5122 Hebraeos
1316 5071 1604 5136 omittitur,
1636 5076 1763 5144 quia
1789 5085 1912 5144 post
1943 5077 2116 5132 Evan-

568 5157 772 5225 gelicas
804 5171 986 5222 voces,
1023 5173 1160 5227 quas
1189 5159 1346 5214 initio
1377 5163 1571 5231 psalmi
1611 5169 1886 5235 praemisit,
1923 5171 1988 5226 ad
2021 5189 2116 5230 eos

553 5249 645 5318 qui
675 5261 738 5302 ex
775 5248 1028 5318 gentibus
1054 5258 1200 5315 sunt,
1224 5255 1562 5310 convertitur
1584 5255 1867 5328 Pr0phetze
1900 5278 2111 5322 sermo:

561 5359 580 5392 ι
611 5335 809 5394 Allerte
841 5337 1092 5408 Domino,
1127 5342 1319 5412 patriae
1345 5345 1622 5415 gentium;
1670 5347 1856 5407 atlerte
1889 5351 2116 5414 Domino

619 5533 669 5566 “
697 5533 844 5591 Psat.
875 5550 1002 5590 χειν
1035 5551 1156 5610 sqq.

627 5695 738 5767 (89.)
767 5699 876 5764 Τήν
899 5715 1006 5756 om.
1038 5703 1129 5760 ed.

621 5769 730 5840 (85)
754 5769 796 5821 Τ
800 5787 826 5822 ε
848 5787 958 5826 om.
979 5772 1069 5828 ed.

2238 4809 2525 4881 Ἑϐραίοις.
2554 4827 2571 4858 ι
2589 4807 2760 4870 Εὐθὺς
2775 4807 2909 4861 δὲτὸ
2931 4809 3031 4876 τῆς
3053 4809 3262 4880 Καινῆς
3286 4807 3771 4881 Διαθήκηςμυστή-

2227 4919 2342 4974 ριον
2388 4903 2447 4954 ἐν
2493 4901 2800 4972 προοιμίοις
2832 4905 2865 4972 ἠ
2902 4899 3190 4972 ψαλμῳδία
3232 4902 3654 4972 εὐαγγελίζεται,
3695 4901 3770 4952 λέ-

2223 5009 2415 5062 γουσα·
2456 4995 2691 5064 ι”ᾼσατε
2720 4991 2798 5062 τῷ
2827 4992 3014 5062 Κυρίῳ
3047 4988 3200 5063 ᾆσμα
3227 4995 3432 5050 καινόν.
3459 5007 3490 5046 ἰ
3553 4993 3774 5052 Εἰκότως

2223 5085 2278 5138 δὲ
2300 5085 2332 5154 ή
2355 5083 2632 5156 ἐπιγραφὴ
2647 5081 2737 5136 τοῦ
2759 5083 3173 5153 ψαλμοῦτούτου
3209 5085 3358 5155 παρά
3387 5088 3499 5148 τοῖς
3524 5081 3768 5154 Ἐὃραίοις

2226 5175 2529 5244 σεσίγηται,
2565 5176 2644 5228 ὅτι
2678 5175 2816 5244 μετὰ
2855 5175 2952 5238 τὰς
2997 5176 3357 5246 εὐαγγελικὰς
3399 5179 3606 5249 cpt-write,
3633 5174 3692 5236 ἃς
3717 5174 3768 5224 ὲν

2223 5267 2534 5338 προοιμίοις
2562 5269 2660 5337 τῆς
2701 5266 3016 5336 ψαλμῳδίας
3049 5269 3372 5341 πεποίηται,
3423 5269 3556 5340 πρὸς
3582 5269 3698 5328 τοὺς
3715 5264 3768 5328 ἐξ

2223 5357 2392 5412 ἐθνῶν
2445 5357 2738 5430 ἐπιγράφει
2779 5358 2870 5414 τὸν
2909 5357 3068 5427 λόγον
3105 5361 3142 5432 ἡ
3187 5362 3491 5434 προφητεία
3535 5359 3766 5429 λέγουσα·

2295 5716 2409 5789 (84)
2437 5719 2496 5772 '0
2525 5734 2634 5775 om.
2670 5721 2740 5776 ed
