3986 6508
228 445 331 502 529

1606 445 1674 501 IN
1708 446 2043 503 PSALMOS.

3377 454 3481 509 550

234 579 253 613 ι
298 555 590 624 Ἐνέγκατε
616 554 693 626 τῷ
722 554 931 626 Κυρίῳ,
956 556 1011 609 αί
1049 557 1278 629 πατριαὶ
1304 557 1414 611 τῶν
1438 556 1630 628 ἐθνῶν,
1658 560 1801 630 ἐνέγ-

1912 559 2142 631 gloriam
2175 566 2230 614 et
2265 557 2549 623 honorem,
2589 566 2644 613 et
2677 558 2901 614 adorate
2926 558 3214 615 Dominum
3246 562 3300 616 in
3339 579 3479 619 amo

228 671 359 707 κατε
376 651 453 722 τῷ
474 651 661 722 Κυρίῳ
680 651 837 716 δόξαν
857 652 952 703 καὶ
977 652 1165 724 τιμὴν,
1188 653 1280 706 καὶ
1298 654 1712 725 προσκυνήσατε
1729 654 1807 724 τῷ

228 746 418 816 Κυρίῳ
440 748 499 797 ὲν
524 744 659 815 αύλῇ
687 745 819 815 άγίᾳ
863 743 1028 797 αὐτοῦ
1056 785 1072 811 ,
1109 746 1221 817 (85)
1258 746 1352 799 καὶ
1396 746 1566 817 ἄρατε
1621 746 1808 810 Θυσίας

227 839 318 892 καὶ
354 836 738 907 εἰσπορεύεσθε
779 837 858 899 εἰς
884 835 983 899 τὰς
1013 836 1181 900 αὐλάς
1224 837 1409 890 αὑτοῦ.
1444 857 1463 887 ι
1503 840 1612 891 Καὶ
1647 842 1753 902 πᾶς
1778 840 1807 891 ὁ

225 928 423 999 ἐφεξῆς
448 928 604 997 λόγος
625 926 1021 991 τοιοῦτόςιὲστι,
1047 928 1146 1001 τὴν
1175 930 1265 980 ἐπὶ
1288 930 1354 981 τὰ
1377 928 1502 999 ἔθνη
1530 931 1628 1000 τῆς
1650 931 1804 983 εὐλο-

224 1022 347 1089 γίας
370 1022 698 1091 μετάστασιν
730 1020 1135 1091 προαγορεύων.
1162 1041 1179 1071 ι
1204 1022 1438 1073 Εἴπατε»
1468 1023 1594 1093 γὰρ,
1618 1025 1802 1093 φησιν,

228 1133 247 1163 ε
286 1114 344 1165 ὲν
376 1117 490 1175 τοῖς
522 1112 757 1175 ἔθνεσιν,
783 1114 863 1164 ὅτι
912 1112 1114 1183 Κύριος
1148 1113 1492 1166 ἐϐασίλευσε·
1540 1134 1557 1164 ι
1592 1116 1684 1166 καὶ
1714 1115 1804 1167 λυ-

224 1205 408 1257 θεῖσαν
435 1206 539 1258 ὑπὸ
566 1205 762 1267 κακίας
793 1205 891 1275 τὴν
910 1206 1231 1276 οἰκουμένην
1252 1202 1629 1276 κατώρθωσεν,
1663 1206 1805 1267 ὥστε

221 1298 522 1352 ἀσάλευτον
551 1299 629 1360 εἰς
653 1297 711 1349 τὸ
739 1297 983 1368 διηνεκὲς
1030 1298 1209 1366 μένειν
1229 1316 1241 1326 ⁸
1277 1299 1362 1367 ἐφ’
1395 1293 1473 1361 οἷς
1639 1317 1656 1350 ι
1693 1299 1800 1351 E9-

222 1390 545 1458 φραίνονται
588 1390 636 1441 οί
676 1388 926 1459 οὐρανοὶ,
955 1390 1050 1442 καὶ
1089 1388 1382 1457 ἀγάλλεται
1430 1392 1578 1443 πᾶσα
1618 1393 1655 1460 ή
1690 1391 1758 1460 γῆ
1783 1427 1803 1455 ,

222 1480 597 1552 σαλευομένων
621 1479 728 1533 τῶν
752 1480 1054 1534 θαλασσίων
1080 1480 1287 1535 ὑδάτων
1304 1483 1402 1535 σὺν
1419 1482 1497 1553 τῷ
1526 1481 1639 1552 ἰδίῳ
1660 1482 1801 1553 πλη-

220 1570 458 1642 ρώματι.
495 1591 513 1623 ι
548 1572 625 1625 Δι’
655 1565 731 1627 ὧν
758 1571 1037 1642 τροπικῶς
1061 1573 1159 1643 τὴν
1189 1573 1434 1627 ἐναντίαν
1459 1573 1794 1626 ἐνδείκνυται

218 1663 474 1733 δύναμιν,
526 1663 937 1735 ταραττομένην
972 1681 1032 1718 τε
1091 1666 1184 1717 καὶ
1211 1664 1556 1719 ἀστατοῦσαν
1605 1666 1696 1719 ἐπὶ
1733 1667 1801 1736 τῇ

218 1755 469 1823 ἡμετέρᾳ
499 1751 634 1823 ζωῇ,
673 1753 799 1805 ὅταν
840 1754 1062 1823 οὐρανοὶ
1102 1753 1384 1823 γενώμεθα
1407 1754 1502 1825 τὴν
1528 1753 1682 1820 δόξαν
1706 1754 1801 1809 τοῦ

218 1843 356 1895 Θεοῦ
403 1843 785 1914 διηγούμενοι,
836 1843 867 1912 ἢ
910 1844 1020 1914 (87)
1067 1846 1136 1913 γῆ
1184 1845 1270 1900 διὰ
1312 1845 1412 1916 τῆς
1455 1845 1563 1899 τῶν
1590 1846 1801 1917 ἀρετῶν

1913 661 2102 708 sancto
2128 650 2275 720 ejus;
2303 668 2323 702 ι
2356 660 2409 705 et
2433 657 2547 703 tota
2576 665 2698 719 quae
2725 652 2975 721 sequitur
3003 654 3178 707 oratio
3206 656 3476 724 ejusmodi

1915 752 2022 808 est,
2058 750 2118 796 ut
2168 739 2568 796 benedictionis
2602 740 2668 793 ad
2708 752 2901 810 gentes
2946 742 3356 798 translationem
3393 748 3479 800 de.

1910 844 2217 890 monstret:
2247 833 2423 903 inquit
2446 834 2591 888 enim
2625 848 2638 883 :
2674 850 2692 882 ι
2729 832 2901 889 Dicite
2935 833 2990 887 in
3021 838 3308 904 gentibus:
3339 836 3477 903 Quia

1908 927 2173 983 Dominus
2194 926 2463 996 regnavit;
2491 944 2509 977 ι
2541 934 2820 995 totamque
2855 940 3034 980 rerum
3068 928 3475 985 universitatem

1905 1021 1975 1074 ab
2007 1018 2355 1088 improbitate
2374 1017 2704 1073 destructam
2737 1018 2992 1085 restituit,
3028 1029 3087 1072 ut
3117 1021 3169 1073 in
3197 1030 3474 1091 posterum

1906 1121 2170 1184 perpetuo
2213 1111 2541 1167 inconcussa
2579 1110 2881 1173 consistat,
2919 1111 2988 1165 ob
3041 1129 3162 1182 quae
3218 1131 3237 1163 ‹
3265 1113 3478 1170 Lactan-

1904 1214 1995 1261 tur
2030 1203 2179 1267 coeli,
2213 1210 2268 1258 et
2300 1204 2537 1258 exsultat
2583 1202 2762 1257 omnis
2798 1214 2964 1267 terra,
2993 1206 3283 1260 commOtis
3318 1206 3475 1275 aquis

1905 1297 2081 1351 maris
2118 1310 2241 1349 cum
2280 1310 2383 1349 sua
2431 1294 2787 1365 plenitudine.
2828 1314 2845 1345 ι
2883 1293 3090 1361 Quibus
3119 1297 3476 1355 translatione

1905 1389 2143 1458 quadam
2187 1386 2484 1453 sermonis,
2515 1386 2894 1463 adversariam
2931 1395 3255 1457 potestatem
3300 1390 3473 1460 signi-

1904 1481 2054 1545 ﬁcat,
2097 1480 2373 1539 turbatam
2409 1480 2619 1536 scilicet
2655 1490 2710 1536 et
2755 1482 2877 1537 loco
2910 1490 3114 1539 motam
3151 1497 3316 1553 super
3360 1483 3473 1537 vita

1903 1582 2112 1637 nostra,
2145 1574 2369 1644 quando
2391 1589 2494 1630 nos
2521 1575 2926 1643 quodammodo
2945 1575 3068 1633 cmli
3092 1573 3221 1630 facti
3242 1577 3472 1647 gloriam

1904 1662 2000 1717 Dei
2031 1678 2376 1731 enarramus,
2410 1665 2505 1735 qui
2537 1676 2680 1719 terra
2720 1681 2915 1721 sumus
2940 1681 3036 1735 per
3064 1667 3327 1721 virtutum
3364 1666 3487 1722 fer-.7

1904 1754 2162 1809 tilitatem
2195 1753 2465 1811 benedicti
2495 1772 2509 1807 :
2545 1753 2677 1812 dicit
2702 1755 2844 1809 enim
2878 1775 2892 1810 :
2953 1774 2973 1807 ι
3014 1755 3294 1811 Moveatur
3322 1772 3476 1814 mare

1905 1857 1960 1901 et
1992 1848 2273 1919 plenitudo
2293 1848 2432 1917 eius.
2456 1867 2475 1899 ι
2502 1846 2698 1903 Laetari
2735 1864 2860 1903 vero
2888 1849 2964 1903 ait
2993 1868 3012 1901 ι
3038 1864 3294 1918 campos;
3320 1866 3339 1902 ι
3373 1865 3471 1920 per

218 1936 604 2006 καρποφορίας
635 1936 1028 2008 εύλογουμένη.
1070 1958 1088 1988 ι
1132 1938 1453 2008 Σαλευθήτω
1485 1959 1503 1991 ι
1542 1940 1673 2010 γάρ,
1701 1957 1801 2011 φης

1906 1954 2133 2009 campos
2154 1940 2474 2009 aaquabilem
2517 1940 2666 1995 illam
2696 1941 2916 1996 virtutis
2946 1942 3102 1999 viam
3130 1944 3468 2011 signiﬁcans.

218 2025 329 2085 σὶν,
382 2048 401 2079 ‹
434 2029 466 2095 ἡ
500 2025 770 2087 θάλασσα,
803 2025 981 2078 καὶτὸ
1015 2027 1290 2097 πλήρωμα
1328 2027 1521 2097 αὐτῆς.
1561 2046 1584 2082 ι
1618 2030 1806 2099 Χαρὴ-

219 2116 411 2170 σεσθαι
447 2117 503 2170 δὲ
534 2117 602 2170 τά
639 2117 794 2170 πεδία
828 2117 996 2185 λέγει.
1041 2117 1082 2171 Τ
1088 2119 1145 2170 ὸν
1174 2118 1373 2188 ὁμαλὸν
1402 2121 1459 2172 ἐν
1486 2121 1651 2190 ἀρετῇ
1690 2120 1807 2189 βίον

218 2207 385 2261 πεδία
420 2207 614 2276 λέγων,
645 2201 704 2259 οὗ
739 2208 832 2260 καὶ
864 2210 892 2260 ὁ
947 2208 1170 2273 Ἡσαΐας
1215 2211 1272 2261 ἐν
1299 2213 1414 2273 τοῖς
1447 2210 1598 2273 ἰδίοις
1625 2212 1802 2279 λόγοις

215 2298 368 2369 ἄλλῳ
413 2299 683 2370 μέμνηται
713 2302 922 2371 τρόπῳ,
964 2300 1405 2371 ἀναπληροῦσθαι
1435 2302 1533 2372 μὲν
1558 2303 1802 2379 κελεύων

214 2392 319 2452 τὰς
352 2393 665 2462 φάραγγας,
692 2392 1077 2445 καταστέλλειν
1110 2392 1165 2445 δὲ
1201 2394 1327 2456 τοὺς
1350 2392 1590 2462 βουνοὺς,
1623 2396 1716 2447 καὶ
1732 2394 1803 2449 τὰ

214 2483 344 2555 ὅρη.
389 2485 564 2553 Ὅπερ
601 2482 750 2534 οὐδὲν
784 2482 968 2551 ἕτερόν
1003 2498 1095 2552 μοι
1121 2482 1304 2545 δοκεῖ,
1334 2482 1367 2553 ἦ
1407 2483 1506 2546 τὰς
1540 2482 1802 2553 ἐλλείψεις

216 2592 277 2625 τε
305 2576 403 2627 καὶ
435 2573 813 2644 ὑπερπτώσεις
838 2574 944 2627 τῶν
976 2574 1095 2626 κατ’
1122 2574 1322 2644 ἀρετὴν
1350 2574 1801 2645 ἐπιτηδευμάτων

219 2666 549 2738 θεραπεύειν
578 2666 919 2737 βουλόμενος,
950 2666 1123 2720 ταῦτα
1154 2666 1355 2735 λέγειν,
1389 2666 1533 2720 ὥστε
1562 2668 1698 2738 μήτε
1733 2667 1799 2720 δι’

216 2758 513 2826 ἐλλείψεως
542 2757 635 2811 τοῦ
677 2756 883 2826 ἀγαθοῦ
922 2758 1014 2811 τὸν
1044 2758 1144 2828 τῆς
1171 2759 1372 2829 ἀρετῆς
1408 2757 1561 2827 λόγον
1589 2758 1799 2811 κοιλαί-

214 2848 409 2901 νεσθαι
428 2865 442 2879 ·
472 2848 608 2919 μήτε
636 2847 938 2919 ἀνωμαλεῐν
961 2848 1053 2902 διὰ
1072 2848 1172 2918 τῆς
1202 2849 1621 2919 ὑπερπτώσεως.
1653 2869 1669 2897 ι
1689 2850 1801 2902 Χα-

215 2941 451 3012 ρήσεται
472 2958 491 2989 ι
518 2940 649 3010 γὰρ,
685 2941 847 3009 φησὶν
866 2979 884 3007 ,
923 2958 942 2991 ‹
967 2940 1036 2993 τὰ
1065 2939 1244 3005 πεδία,
1275 2940 1368 2994 καὶ
1390 2940 1567 2994 πάντα
1594 2941 1661 2993 τά
1689 2940 1798 3010 (88)

217 3036 279 3087 ὲν
314 3033 522 3097 αὐτοῖς.
556 3050 577 3083 ι

291 3211 702 3282 Παραπλησίως
729 3209 788 3263 δὲ
822 3209 915 3262 καὶ
940 3210 969 3264 ὁ
1004 3208 1120 3279 μετ’
1136 3209 1296 3264 αὐτὸν
1323 3209 1534 3279 eam;
1563 3210 1622 3262 ού
1657 3226 1797 3280 παρ-

1903 2031 2075 2103 Cujus
2107 2041 2159 2085 et
2200 2031 2370 2087 Isaias
2414 2032 2530 2086 suis
2561 2030 2615 2085 in
2651 2030 2994 2088 sermonibus
3027 2032 3135 2085 alio
3163 2033 3326 2087 modo
3356 2048 3471 2088 me-

1905 2122 2093 2183 minit,
2154 2137 2276 2176 cum
2321 2121 2477 2189 jubet
2526 2121 2722 2190 repleri
2770 2121 2978 2188 valles,
3034 2130 3088 2177 et
3132 2122 3469 2192 complanari

1904 2211 2072 2266 colles
2102 2220 2155 2265 et
2202 2222 2414 2266 montes
2444 2212 2489 2242 ⁸⁵
2529 2229 2543 2265 :
2575 2211 2719 2280 quod
2744 2212 2876 2271 mihi
2916 2213 3066 2269 nullo
3106 2214 3213 2269 alio
3240 2214 3499 2269 consilio-

1904 2299 2109 2354 dixisse
2155 2300 2388 2364 videtur,
2440 2316 2601 2371 quam
2655 2309 2715 2354 ut
2768 2303 3099 2368 ostenderet,
3142 2304 3199 2357 in
3253 2305 3500 2359 virtutis-

1902 2390 2085 2443 studio
2117 2405 2405 2443 excessum
2450 2390 2850 2460 delectumque,
2892 2407 2986 2446 seu
3021 2393 3249 2449 nimium
3289 2403 3345 2451 et
3375 2412 3475 2465 pa-

1902 2498 2046 2545 rum,
2093 2481 2387 2551 diligenter
2434 2481 2822 2537 attendendum
2880 2497 3025 2550 esse,
3065 2493 3124 2538 ut
3160 2500 3335 2554 neque
3374 2501 3471 2555 per

1902 2576 2176 2632 delectum
2208 2575 2357 2641 boni,
2387 2576 2608 2630 virtutis
2638 2575 2906 2631 rationem
2932 2578 3090 2647 quasi
3117 2594 3469 2644 exeavemus,

1901 2677 1957 2723 et
1987 2668 2366 2723 exinaniamus
2397 2685 2410 2721 :
2455 2683 2633 2737 neque
2671 2667 2832 2722 etiam
2876 2683 2972 2736 per
3004 2683 3291 2724 excessum
3342 2669 3470 2726 red-

1902 2762 2030 2817 dere
2082 2761 2400 2829 inaequalem
2452 2774 2716 2814 conemur
2762 2778 2776 2815 :
2822 2760 2957 2815 dicit
2995 2761 3138 2818 enim
3184 2779 3197 2814 :
3250 2779 3268 2811 ι
3304 2760 3474 2817 Laeta-.-

1903 2854 2107 2908 buntur
2144 2854 2346 2922 campi,
2378 2860 2433 2909 et
2465 2853 2649 2908 omnia
2676 2867 2797 2924 quae
2837 2854 2894 2909 in
2923 2853 3004 2909 eis
3047 2866 3193 2910 sunt.
3234 2872 3251 2906 ι

1973 3206 2236 3260 Similiter
2268 3212 2322 3259 et
2361 3205 2412 3260 is
2452 3206 2545 3274 qui
2579 3206 2827 3275 sequitur
2868 3207 3112 3275 psalmus
3159 3206 3206 3237 ’⁵⁵
3251 3206 3320 3260 ab
3364 3205 3488 3265 lie--

216 3274 422 3374 εδέχθη
472 3274 566 3373 τῇ.
591 3302 700 3355 τῶν
743 3274 1349 3373 Ἐϐραίων-ἐπιγραφῇ..
1379 3274 1510 3355 διδτι
1550 3302 1619 3355 τὰ
1658 3274 1794 3372 ἠμέ-

1905 3299 2065 3354 brzeis
2099 3299 2420 3369 repudiatus
2468 3306 2571 3361 est,
2615 3312 2681 3351 eo
2710 3298 2853 3366 quod
2880 3306 3099 3353 nostras
3138 3313 3246 3363 res,
3290 3306 3470 3355 terrm-

214 3413 362 3466 τερα
407 3395 575 3462 λέγει,
619 3394 714 3446 καὶ
745 3393 844 3463 τῆς
876 3392 1149 3463 ἡμετέρας
1182 3393 1283 3462 γῆς
1321 3394 1420 3463 τὴν
1462 3393 1797 3446 κατάστασιν

215 3488 302 3559 τῷ
360 3488 505 3559 λόγῳ
538 3485 971 3556 εὐαγγελίζεται.
1022 3484 1331 3556 Ἀνατίθησι
1376 3486 1484 3556 γάρ
1521 3484 1601 3551 τῷ
1637 3484 1807 3538 Δαυῖδ,

213 3583 323 3653 τὴν
356 3579 674 3651 ψαλμῳδίαν
722 3581 754 3649 ὴ
805 3579 1084 3648 ἐπιγραφὴ
1113 3617 1127 3639 ,
1162 3576 1335 3640 οὕτως
1380 3577 1599 3647 ἔχουσα·
1643 3595 1661 3627 ι
1708 3575 1798 3647 Τῷ

212 3674 408 3738 Δαυῖδ,
438 3673 596 3725 ὁπότε
625 3674 658 3742 ἡ
689 3672 760 3740 γῆ
777 3668 940 3722 αὑτοῦ
972 3668 1297 3740 κατεστάθη.
1328 3688 1347 3720 ι
1375 3670 1448 3722 Τὸ
1466 3669 1523 3722 δὲ
1549 3688 1567 3720 ι
1590 3669 1753 3722 αὐτοῦ
1774 3690 1792 3719 ο

212 3769 490 3839 δηλονότι,
531 3768 593 3820 οὐ
646 3766 784 3837 πρὸς
815 3764 905 3815 τὸν
938 3762 1122 3826 Δαϐὶδ,
1168 3761 1303 3816 ἀλλὰ
1352 3763 1489 3833 πρὸς
1537 3762 1629 3816 τὸν
1668 3762 1800 3815 Θεὸν

214 3865 324 3934 τὴν
377 3861 654 3932 σημασίαν
704 3861 835 3930 ἔχει.
886 3862 949 3913 Ἥ
993 3861 1101 3931 γὰρ
1147 3858 1410 3929 πρότερον
1457 3858 1546 3911 διὰ
1600 3856 1801 3921 κακίας

215 3955 518 4006 ἀποστᾶσα
543 3953 635 4022 γῆ,
662 3951 755 4004 νῦν
785 3952 872 4005 διὰ
897 3951 996 4020 τῆς
1019 3948 1367 4018 ἐπιγνώσεως
1395 3948 1489 4000 τοῦ
1516 3947 1652 4001 Θεοῦ
1674 3947 1800 4016 ἔσχε

213 4047 278 4099 τὸ
314 4045 599 4113 στάσιμον.
640 4044 829 4113 Ἡμεῖς
858 4043 914 4095 δὲ
942 4044 1141 4105 πάντες
1169 4041 1334 4111 ἐσμὲν
1361 4041 1394 4109 ἡ
1424 4040 1492 4110 γῆ
1516 4039 1610 4093 τοῦ
1640 4039 1798 4102 Θεοῦ,

213 4137 264 4189 οἱ
305 4117 574 4205 πρότερον
629 4135 686 4186 ἐν
726 4132 804 4203 τῷ
851 4132 1038 4203 ἀγαθῴ
1084 4132 1522 4201 ἀστατήσαντες,
1580 4130 1671 4182 καὶ
1711 4128 1801 4181 διὰ

212 4227 381 4281 τοῦτο
417 4228 474 4279 ὲν
501 4227 713 4297 κατάρα
760 4227 1066 4295 γενόμενοι·
1096 4224 1235 4295 μετὰ
1262 4225 1418 4275 τοῦτο
1445 4222 1501 4275 δὲ
1544 4224 1642 4291 τῆς
1668 4238 1800 4274 κατ-

211 4322 364 4388 άρας
418 4314 807 4384 ἐξαιρεθέντες,
844 4315 936 4368 καὶ
958 4314 1058 4383 τῆς
1082 4316 1140 4366 ὲν
1164 4312 1245 4381 τῷ
1266 4309 1456 4380 ἀγαθῷ
1488 4310 1649 4363 πάλιν
1681 4312 1802 4363 ἐπι-

210 4409 478 4477 τυχόντες
503 4406 762 4469 στάσεως.
780 4406 889 4458 Καὶ
912 4405 1069 4458 τοῦτο
1098 4404 1257 4466 εὐθὺς
1282 4405 1315 4473 ἡ
1339 4401 1481 4474 ἀρχὴ
1506 4403 1604 4472 τῆς
1618 4402 1800 4472 ψαλμ-

208 4501 387 4572 ῳδίας
416 4497 843 4567 εὐαγγελίζεται,
874 4497 953 4550 ὃτι
979 4513 998 4547 ‹
1020 4493 1111 4549 τοῦ
1134 4492 1337 4565 Κυρίου
1355 4492 1795 4563 βασιλεύσαντος,

210 4595 245 4662 ἡ
284 4594 363 4662 γῆ
394 4589 896 4661 εὐφραίνεται.»Ὥς
927 4587 992 4641 ἂν
1025 4586 1079 4639 εἴ
1107 4604 1190 4650 τις
1218 4586 1386 4653 λέγοι,
1418 4586 1500 4638 ὅτι
1526 4584 1621 4637 τοῦ
1650 4585 1798 4656 ἡλίου

210 4683 589 4754 λάμψαντοςή
623 4681 693 4750 γῆ
724 4679 1049 4750 φωτίζεται·
1081 4677 1254 4742 οὓτως
1285 4676 1685 4747 ἐπικρατούσης
1705 4676 1799 4730 τοῦ

212 4779 430 4848 Κυρίου
463 4778 565 4848 τῇς
610 4774 906 4849 βασιλείας,
945 4774 1002 4825 ἐν
1036 4773 1169 4843 ἡμῖν
1212 4772 1361 4824 ἐστιν
1412 4771 1445 4841 ἡ
1495 4768 1801 4840 εὐφροσύνη

212 4873 317 4941 τῆς
360 4868 661 4940 βασιλείας.
700 4868 855 4936 Ἔχει
886 4866 942 4919 δὲ
983 4864 1187 4935 ἠλέεις
1220 4863 1410 4927 οὕτως’
1453 4882 1472 4915 ι
1517 4862 1577 4916 '0
1599 4862 1801 4933 Κύριος

213 4958 574 5014 ἐϐασίλευσεν
594 4999 609 5021 ,
638 4955 985 5024 ἀγαλλιάσθω
1016 4955 1128 5025 (89)
1191 4955 1224 5024 ἡ
1273 4954 1346 5024 γῆ
1370 4972 1382 4983 ·
1445 4953 1799 5024 ὲφρανθήτω-

214 5070 324 5105 σαν
352 5051 510 5121 νῆσοι
541 5046 988 5110 πολλαίΛμΚαλῶς
1014 5046 1111 5109 τὰς
1130 5046 1307 5117 ψυχὰς
1330 5046 1440 5099 τῶν
1466 5047 1524 5098 ὲν
1543 5048 1655 5109 τοῖς
1680 5062 1802 5099 πει-

215 5146 457 5215 ρασμοῖς
497 5142 558 5194 τὸ
590 5141 801 5212 ἑδραῖόν
843 5157 902 5193 τε
947 5139 1038 5191 καὶ
1068 5138 1399 5209 ἀμετάθετον
1429 5137 1802 5208 ἑπιδεικνυμέο

210 5256 346 5303 νων,
372 5238 568 5307 νήσους
587 5235 886 5304 ὠνόμασεν,
906 5233 971 5297 ἀς
992 5233 1249 5287 πάντοθεν
1269 5233 1366 5304 μὲν
1384 5232 1735 5303 διαλαμϐάνει
1764 5234 1798 5303 ἡ

210 5331 319 5399 τῆς
357 5328 558 5390 κακίας
591 5326 758 5397 ἅλμη,
790 5325 850 5378 οὐ
895 5326 1000 5396 μὴν
1051 5325 1302 5378 τοσοῦτον
1343 5321 1521 5395 ἰσχύει
1565 5324 1801 5396 προσπί-

211 5438 354 5472 πτου
363 5436 450 5481 σα,
469 5418 543 5480 ὡς
563 5417 655 5471 καὶ
674 5415 969 5470 σάλονητινά
978 5415 1055 5486 τῷ
1066 5415 1247 5486 παγίῳ
1260 5414 1355 5485 τῆς
1366 5414 1564 5487 ἀρετῆς
1572 5415 1803 5487 ἐμποιῆ-

213 5506 459 5566 cursim
472 5508 559 5562 διὰ
577 5508 741 5578 μέσου
761 5506 962 5561 τούτων
984 5506 1045 5560 τὸ
1065 5506 1372 5580 ἀθεώρητον
1392 5506 1492 5577 τῆς
1517 5506 1665 5571 θείας
1687 5506 1803 5580 (90)

291 5647 342 5679 ⁸⁵
376 5647 483 5701 lsa.
531 5663 619 5711 XL,
661 5647 716 5702 4.
790 5648 836 5678 ⁵⁸
864 5646 1007 5702 Psal.
1058 5660 1197 5700 xcvr.

291 5786 409 5857 (85)
434 5785 630 5857 ania
660 5786 826 5857 verba
852 5785 926 5857 ad
947 5786 1111 5857 αὐτοῦ
1139 5803 1249 5843 om.
1280 5788 1367 5844 ed.

293 5847 411 5925 {86)
445 5847 551 5917 Ἧς
579 5855 797 5924 quidam
829 5855 988 5912 codd.

295 5925 413 5998 (87)
454 5925 542 5994 Ἦ,
571 5926 658 5983 ed.

1902 3406 2007 3459 que
2044 3400 2242 3443 nostra:
2275 3389 2719 3444 constitutionem
2758 3390 3025 3453 decantet,
3075 3398 3129 3447 et
3160 3392 3464 3445 annuntiet.

1902 3483 2194 3553 Inscriptio
2238 3485 2382 3538 enim
2411 3484 2768 3553 psalmodiam
2803 3484 2943 3537 lianc
2973 3484 3075 3551 ipsi
3114 3485 3281 3538 David
3313 3485 3471 3539 attri-

1903 3578 2040 3637 buit,
2076 3590 2195 3645 qua:
2222 3576 2302 3630 sic
2353 3592 2413 3630 se
2440 3576 2601 3629 habet
2629 3593 2644 3628 :
2674 3593 2693 3625 ι
2724 3576 2825 3645 lpsi
2852 3574 3038 3639 David,
3079 3576 3299 3644 quando
3327 3586 3476 3632 terra

1901 3668 2021 3737 ejus
2057 3668 2309 3723 restituta
2354 3674 2459 3721 est.
2494 3684 2513 3716 ι
2548 3666 2683 3719 lllud
2736 3681 2882 3729 vero,
2943 3685 2961 3715 ι
2995 3668 3134 3734 ejus,
3168 3684 3190 3717 ›
3237 3681 3349 3720 non
3402 3656 3473 3721 ad

1905 3759 2099 3822 David,
2147 3758 2243 3813 sed
2296 3757 2364 3811 ad
2393 3757 2562 3812 Deum
2611 3755 2954 3812 referendum
2991 3763 3095 3812 est.
3144 3756 3277 3811 Nam
3301 3766 3469 3824 terra,

1902 3867 2024 3920 qua:
2068 3860 2226 3905 antea
2276 3867 2373 3920 per
2419 3851 2681 3903 malitiam
2727 3849 3021 3915 defecerat,
3059 3865 3205 3904 nunc
3252 3866 3346 3919 per
3378 3849 3470 3905 Dei

1903 3943 2271 4011 cognitionem
2308 3942 2557 3996 stabilem
2591 3949 2794 3995 sortem
2823 3948 2876 3994 et
2910 3940 3279 3994 conditionem
3309 3950 3473 3996 nacta

1902 4044 2005 4090 est.
2043 4034 2154 4089 Nos
2190 4051 2319 4088 vero
2357 4048 2550 4087 omnes
2598 4033 2691 4087 Dei
2728 4041 2871 4086 terra
2923 4049 3136 4099 sumus,
3189 4034 3282 4103 qui
3318 4034 3493 4104 prius.

1904 4128 1957 4182 in
2008 4129 2151 4181 bono
2191 4128 2498 4191 instabiles,
2528 4135 2582 4180 et
2612 4134 2898 4196 propterea
2946 4128 3002 4180 in
3033 4127 3472 4183 maledictionem

1905 4219 2140 4289 conjecti
2190 4219 2425 4283 fuimus;
2485 4226 2673 4289 postea
2720 4234 2852 4275 vero
2897 4219 3279 4275 maledictione
3306 4220 3472 4274 soluti

1905 4326 2098 4365 rursus
2120 4318 2437 4364 constantes
2468 4317 2522 4365 et
2572 4310 2794 4366 stabiles
2821 4310 2875 4364 in
2903 4312 3044 4366 bono
3062 4310 3238 4366 eﬂ'ecti
3258 4326 3495 4374 sumus,,_

1906 4411 1962 4457 et
1991 4403 2096 4455 hoc
2124 4402 2281 4455 initio
2318 4402 2501 4456 statim
2529 4404 2827 4472 psalmodia
2853 4404 2955 4458 ista
2981 4403 3290 4466 annuntiat,
3324 4404 3471 4472 quod

1910 4513 1930 4547 ι
1968 4493 2199 4549 Domino
2238 4505 2503 4564 regnante
2533 4498 2766 4550 exsultet
2797 4505 2937 4551 terra
2964 4515 2977 4549 :
3012 4517 3031 4549 ι
3052 4497 3208 4567 quasi
3235 4498 3360 4567 quis
3389 4497 3473 4551 di-

1907 4591 2017 4648 cat,
2063 4592 2123 4637 ut
2166 4584 2384 4639 lucente
2422 4585 2537 4639 sole
2566 4593 2709 4640 terra
2756 4587 3101 4653 illustratur,
3143 4587 3223 4641 sic
3270 4602 3481 4657 praeva-

1831 4644 1876 4699 Β
1906 4677 2049 4731 lente
2105 4692 2274 4746 regno
2324 4675 2561 4739 Domini,
2603 4678 2821 4732 exsistit
2853 4678 2908 4730 in
2943 4677 3102 4731 nobis
3154 4676 3470 4745 jucunditas

1904 4770 2099 4841 regni;
2138 4770 2301 4825 verba
2346 4786 2475 4825 vero
2519 4772 2600 4825 sic
2646 4788 2706 4826 se
2736 4771 2938 4826 habent
2970 4787 2984 4823 :
3034 4789 3052 4820 ι
3092 4769 3357 4823 Dominus
3392 4785 3473 4824 re-

1904 4863 2111 4932 gnavit,
2165 4863 2402 4917 exsultet
2446 4869 2613 4926 terra,
2662 4864 2911 4917 laetentur
2959 4862 3149 4915 insula:
3211 4862 3413 4913 multm.
3448 4878 3465 4910 ι

1903 4955 2134 5010 Pulchre
2178 4956 2411 5017 animas,
2463 4971 2584 5024 qua:
2632 4955 2757 5009 licet
2798 4955 3188 5010 tentationibus
3226 4955 3479 5021 agitatas,

1909 5047 2261 5103 stabilitatem
2325 5054 2380 5101 et
2429 5046 2817 5101 ﬁrmitudinem
2864 5047 3117 5108 retinent,
3157 5063 3176 5096 ‹
3208 5045 3416 5098 insulas
3442 5063 3458 5093 ι

1910 5139 2217 5211 appellavit,
2252 5153 2389 5209 quas
2433 5138 2675 5208 undique
2716 5138 2933 5207 quidem
2974 5136 3274 5191 circumdat
3320 5134 3472 5187 mali-

1908 5234 1998 5287 tiae
2040 5232 2276 5303 salsugo,
2328 5231 2421 5286 sed
2462 5239 2672 5284 tantum
2709 5233 2918 5301 allapsu
2968 5247 3069 5286 suo
3116 5245 3223 5283 non
3270 5234 3479 5296 potest,

1914 5336 1974 5380 ut
2026 5334 2162 5380 testu
2228 5325 2409 5395 aliquo
2454 5324 2672 5378 virtutis
2731 5322 3095 5379 constantiam
3160 5316 3468 5373 labefactat.

1907 5415 2114 5473 Deinde
2163 5430 2258 5485 per
2289 5430 2351 5470 ea
2387 5430 2507 5484 qua:
2539 5413 2831 5483 interjeeit,
2869 5422 3117 5467 naturam
3163 5417 3315 5464 extra
3350 5421 3478 5461 om—

1909 5511 2061 5567 nium
2100 5518 2378 5577 aspectum
2426 5508 2657 5579 positam
2694 5508 2856 5565 nubis
2883 5515 2936 5561 et
2973 5502 3221 5574 caliginis
3260 5499 3485 5556 involm

1972 5782 2085 5845 (88)
2119 5781 2200 5834 Τά
2219 5796 2328 5835 om.
2361 5780 2446 5834 ed.

1971 5854 2084 5920 (89)
2115 5850 2544 5918 Ἀγαλλιάσεται,
2580 5850 2667 5905 cd.

1974 5923 2085 5993 (90)
2110 5922 2269 5984 Θείας
2305 5937 2412 5977 om.
2439 5921 2526 5976 ed.
