3986 6512
517 445 621 503 153!
1768 453 1826 507 ὃ.
1855 452 2180 510 GREGORII
2208 452 2505 517 NYSSEN!
3670 451 3767 508 533

511 583 622 622 «cro
655 565 894 638 quodam
940 566 1242 622 describit:
1280 586 1297 619 ι
1321 567 1504 624 Nubes
1538 571 1680 624 enim
1727 579 1781 625 ct
1826 571 1999 641 caligo
2029 571 2083 626 in

2193 571 2403 640 φύσεως
2447 573 2504 623 ἐν
2539 573 2604 640 τῇ
2642 569 2842 642 νεφέλῃ
2879 571 2971 623 καὶ
3014 571 3089 636 τῷ
3123 571 3305 640 γνόφῳ
3339 570 3405 622 δι’
3453 569 3767 644 αίνίγματςς

525 661 758 715 circuitu
793 663 930 729 ejus,
958 680 977 713 ι
1012 659 1284 729 simulque
1317 661 1610 717 terribilem
1668 663 1812 718 illam
1857 667 2090 736 speciem

2195 661 2556 732 ἀποσημαίνει
2580 661 2690 731 (9|)
2727 663 2755 714 ὁ
2781 661 2956 729 λόγος.
2986 680 3004 711 ι
3034 661 3248 730 Νεφέλη
3271 661 3400 732 γὰρ,
3437 681 3455 714 ›
3495 662 3632 732 φησὶ
3665 664 3765 732 (9‘2)

526 750 784 814 ostendit,
827 750 1048 819 quando
1098 753 1328 816 venerit,
1379 761 1436 806 ut
1489 753 1782 824 unicuique
1832 757 2094 826 rependat

2204 770 2223 803 ι
2254 752 2346 806 καὶ
2364 751 2563 822 γνόφος
2589 751 2773 822 κύκλῳ
2797 750 2984 816 αὐτοῦ,
3017 771 3034 802 ι
3067 754 3161 804 καὶ
3194 753 3264 805 τὰ
3293 753 3502 825 φοϐερά
3546 755 3647 822 τῆς
3683 756 3764 806 ἀν·

531 857 629 912 pro
659 842 889 904 meritis,
936 857 1062 896 cum
1113 844 1227 898 ait:
1263 863 1282 896 ‹
1339 843 1482 915 Ignis
1518 847 1575 900 in
1629 858 1925 917 conspectu
1970 848 2092 920 ejus

2196 841 2556 912 ταποδοτικῆς
2600 841 2878 913 δυνάμεως
2921 843 3203 908 ὑποδείξας
3228 883 3242 906 ,
3270 843 3336 896 δι’
3366 838 3442 896 ῶν
3471 861 3663 924 φησιν,
3694 845 3767 897 ὅτι

528 933 798 1004 praecedet
819 941 874 988 et
897 933 1255 990 inllammabit
1283 936 1338 989 in
1361 936 1597 991 circuitu
1625 937 1876 994 inimicos
1897 939 2039 1008 ejus.
2070 959 2089 992 ι

2204 951 2222 983 ι
2255 931 2372 1006 Πῦρ
2394 931 2622 985 ἐνώπιον
2656 932 2819 986 αὑτοῦ
2850 932 3404 1003 προπορεύσεται(93)
3427 975 3441 998 ,
3464 935 3559 987 καὶ
3572 932 3773 1001 φλογιεὲ

529 1022 723 1080 Postea
767 1022 1145 1094 Evangelicam
1196 1025 1408 1090 lucem,
1461 1026 1709 1096 lucisque
1753 1026 2094 1085 diﬂ'usionem

2199 1021 2387 1094 κύκλῳ
2408 1023 2533 1086 τοὺς
2555 1023 2780 1095 ἐχθροὺς
2803 1023 2988 1087 αὑτοῦ,
3009 1043 3027 1074 ι
3069 1023 3400 1076 ὲκκαλύπτει
3419 1025 3770 1094 τὴνΕὐαγγε-

528 1115 892 1181 demonstrat,
923 1116 1136 1188 fulgura
1170 1117 1453 1187 appellans
1480 1117 1675 1173 divinae
1697 1119 2098 1190 praedicationis

2199 1113 2357 1184 λικὴν
2397 1115 2777 1184 φωταγωγίαν,
2805 1115 3094 1187 ἀστραπὰς
3135 1115 3307 1184 λέγων
3342 1116 3468 1178 τοὺς
3506 1115 3601 1168 τοῦ
3634 1116 3770 1170 θείου

533 1222 836 1272 sermones,
874 1209 968 1278 qui
1024 1225 1122 1280 per
1171 1218 1342 1264 totum
1383 1217 1654 1264 terrarum
1704 1209 1892 1266 orbem
1945 1211 2100 1268 ell‘ul-

2200 1203 2550 1276 κηρύγματος
2590 1204 2782 1274 λόγους
2805 1245 2821 1271 ,
2860 1204 2919 1257 οἳ·
2942 1203 3083 1257 κατά
3110 1204 3294 1274 πάσης
3321 1203 3430 1273 τῆς-
3450 1204 3771 1274 οἰκουμένης

533 1309 681 1371 gent.
717 1298 858 1355 Dicit
884 1301 1072 1356 enim:
1125 1321 1144 1354 ι
1190 1301 1496 1356 llluserunt
1520 1303 1932 1360 coruscationes
1977 1304 2099 1360 orbi

2200 1293 2591 1365 ὲκλάμπουσιν·
2625 1296 2897 1365 «Ἐφαναν
2928 1313 2949 1344 ι
2980 1293 3110 1366 γὰρ,
3144 1294 3328 1364 φησὶν,
3359 1296 3464 1360 «εαὶ
3499 1295 3774 1366 ἀστραπαὶ

523 1400 730 1457 iterm,
779 1411 797 1446 ι
846 1393 1296 1466 altitudinemque
1331 1393 1784 1464 Evangelicorum
1820 1397 2097 1467 mysterio-

2201 1386 2367 1442 αὐτοῦ
2394 1387 2460 1456 τῇ
2494 1385 2785 1459 οἰκουμένῃ
2805 1401 2816 1416 ·
2859 1404 2877 1436 ι
2932 1384 3030 1438 καὶ
3074 1384 3134 1438 τὸ
3188 1384 3321 1454 ὕψος
3345 1384 3455 1437 τῶν
3481 1386 3773 1454 Εὑαγγελι-

419 1523 424 1529 .
526 1498 656 1538 rum
681 1485 1038 1554 sequentibus
1071 1485 1257 1542 verbis
1303 1486 1564 1552 ostendit,
1610 1501 1735 1542 cum
1778 1487 1890 1541 ait:
1929 1505 1949 1539 ι
1987 1530 1993 1540 .

2201 1476 2314 1532 κῶν
2349 1476 2661 1548 μυστηρίων
2713 1477 2793 1547 τῷ
2837 1476 3033 1547 ἐφεξῆς
3064 1476 3348 1543 ὑποδείξας
3375 1478 3434 1529 ὲν
3458 1476 3540 1546 τῷ
3587 1479 3771 1539 εἰπεῖν,

421 1621 428 1629 .
534 1575 922 1630 nuntiaverunt
949 1575 1071 1631 cmli
1091 1575 1360 1646 justitiam
1391 1575 1532 1644 ejus,
1563 1583 1616 1631 et
1641 1575 1888 1630 viderunt
1909 1590 1995 1630 om

2203 1567 2282 1620 δτι
2318 1585 2338 1618 ι
2383 1565 2732 1636 ’Λνήγγειλαν
2747 1566 2805 1618 οἱ
2823 1565 3042 1636 οὐρανοὶ
3071 1564 3170 1636 τὴν
3206 1564 3554 1636 δικαιοσύνην
3581 1565 3741 1618 αὑτοῦ
3761 1582 3777 1608 ·‹

535 1664 718 1737 populi
740 1665 965 1734 gloriam
990 1665 1132 1734 ejus.
1160 1686 1179 1718 ι
1212 1665 1561 1720 Eversionem
1591 1680 1722 1720 vero
1755 1664 2022 1720 idolorum
2049 1674 2105 1718 et

2205 1659 2298 1712 καὶ
2325 1656 2541 1711 εῐδοσαν.
2556 1657 2757 1721 πάντες
2780 1658 2830 1711 οἱ
2851 1657 2969 1710 λαοὶ
3001 1656 3100 1727 τὴν
3126 1656 3283 1721 δόξαν
3317 1657 3503 1710 αὑτοῦ.
3537 1677 3555 1708 ι
3590 1657 3705 1726 Τήν
3725 1676 3779 1722 τε,

535 1758 884 1814 abolitionem
931 1756 1311 1826 hujuscemodi
1349 1756 1685 1828 deceptionis
1728 1755 1977 1826 praedixit
2016 1755 2103 1811 bis

2204 1749 2311 1804 τῶν
2356 1747 2592 1805 εἰδώλων
2637 1748 2976 1820 καθαίρεσιν,
3028 1747 3130 1808 καὶ
3179 1749 3270 1801 τὸν
3327 1749 3640 1819 ἀφανισμὸν
3688 1751 3774 1819 τῆς

531 1850 716 1906 averbis
746 1867 760 1905 :
801 1867 819 1901 ι
839 1847 1258 1904 Confundantur
1285 1863 1474 1904 omnes
1495 1850 1587 1919 qui
1611 1849 1843 1905 adorant
1873 1849 2104 1921 sculpti-

2202 1840 2456 1912 τοιαύτης
2495 1840 2702 1910 πλάνης
2735 1839 3146 1912 προαγορεύσας
3171 1879 3186 1903 ,
3216 1840 3276 1892 ὲν
3304 1835 3386 1903 οἷς
3415 1839 3590 1908 λέγει’
3626 1857 3646 1890 ι
3685 1841 3774 1891 Ai-

530 1940 634 2004 lia,
656 1949 712 1994 et
741 1940 836 2011 qui
863 1940 1169 2011 gloriantur
1197 1941 1252 1995 in
1294 1940 1634 1997 simulacris.
1674 1959 1694 1992 ι
1729 1941 1983 2011 Moxque,
2020 1956 2104 1996 ve-

2208 1931 2596 2004 σχυνθήτωσαν.
2613 1933 2814 1995 πάντες
2839 1934 2888 1985 οἱ
2919 1931 3347 2003 προσκυνοῦντες
3365 1933 3482 1995 τοῖς
3501 1931 3777 1999 γλυπτοῖς,

531 2032 618 2087 lut
642 2033 884 2088 omnium
923 2033 1194 2089 bonorum
1236 2032 1598 2104 signaculum,
1635 2032 1858 2088 adducit
1889 2033 2105 2089 Domini

2205 2025 2255 2078 οἱ
2288 2023 2695 2095 ἐγκαυχώμενοι
2732 2025 2795 2080 ὲν.
2838 2025 2950 2086 τοῖς
2985 2021 3225 2086 εἰδώλοις
3275 2023 3476 2088 αὐτῶν,
3523 2043 3540 2074 ι
3592 2024 3779 2091 ἐπάγει

537 2139 635 2195 per
679 2139 901 2179 carnem
949 2132 1285 2195 assumptam
1329 2124 1472 2180 inter
1518 2124 1767 2181 homines
1811 2125 2106 2196 apparitio-

2204 2116 2313 2170 τῶν
2336 2115 2554 2184 ἀγαθῶν
2574 2116 2673 2187 τὴν
2697 2115 2988 2186 σφραγῖδα,
3015 2113 3114 2185 τὴν
3141 2113 3239 2167 διά-
3259 2115 3460 2184 σαρκὸς
3483 2113 3777 2183 γενομένην

538 2231 662 2270 nem
693 2235 706 2270 :
745 2236 764 2267 ι
801 2213 944 2280 Lux,
982 2234 1002 2268 ι
1035 2214 1310 2284 inquiens,
1348 2232 1370 2269 t
1402 2224 1523 2273 orta
1557 2230 1640 2274 est
1666 2217 1839 2288 justo,
1863 2227 1918 2274 et
1939 2217 2106 2276 rectis

2204 2206 2300 2261 τοῦ
2339 2207 2544 2279 Κυρίου
2566 2209 2679 2272 τοῖς
2710 2205 3018 2279 ἀνθρώποις
3043 2207 3343 2278 ὲμιράνειαν
3369 2206 3570 2274 λέγων’
3611 2224 3630 2255 ι
3665 2205 3778 2267 Φῶς

538 2304 704 2362 corde
734 2305 939 2361 laetitia.
965 2325 984 2358 ι

2205 2298 2446 2367 ἀνέτειλε
2474 2299 2552 2371 τῷ
2583 2299 2778 2370 δικαίῳ
2797 2338 2813 2364 ,
2850 2299 2946 2352 καὶ
2983 2301 3094 2363 τοῖς
3140 2297 3323 2352 εὐθέσι
3355 2300 3430 2369 τῇ
3461 2295 3662 2368 καρδίᾳ
3695 2297 3775 2348 εὑ-

2207 2390 2470 2462 φροσύνη.
2502 2408 2520 2440 ι

611 2485 778 2542 Recte
814 2500 978 2551 porro
1022 2494 1078 2542 et
1124 2485 1404 2556 ingeniose
1458 2487 1740 2557 sequentis
1784 2486 1980 2558 psalmi
2031 2487 2104 2553 δ’,

2277 2483 2472 2546 Καλῶς
2496 2481 2553 2535 δὲ
2588 2482 2683 2536 καὶ
2719 2479 3008 2553 προσψυῶς
3062 2481 3097 2551 ἠ
3143 2479 3234 2534 τοῦ
3263 2480 3462 2551 ἐφεξῆς
3489 2480 3777 2550 ἀνεπιγρά-

540 2577 636 2648 qui
667 2585 723 2632 et
765 2577 881 2647 ipse
925 2577 1284 2648 inscriptione
1329 2585 1499 2642 caret,
1547 2578 1760 2632 initium
1823 2592 1945 2632 cum
2003 2577 2108 2633 line

2209 2590 2308 2643 φου
2363 2573 2505 2644 ἀρχὴ
2569 2571 2705 2642 πρὸς
2751 2572 2814 2626 τὸ
2856 2572 3029 2644 πέρας
3071 2571 3276 2644 ταύτης
3320 2573 3420 2643 τῆς
3467 2571 3783 2642 ψαλμῳδίαςς

539 2669 706 2739 hujus
742 2669 1104 2724 connectitur.
1140 2669 1397 2739 Ejusdem
1427 2669 1571 2724 enim
1599 2668 1856 2739 potentia:
1883 2677 2003 2734 est,
2048 2677 2109 2724 ut

2207 2663 2554 2718 συνάπτεται.
2605 2663 2670 2716 Ἡ
2714 2661 2823 2733 γὰρ
2863 2661 3002 2732 αὐτὴ
3046 2660 3293 2733 δύναμις,
3333 2661 3412 2732 τῷ
3450 2661 3554 2732 μὲν
3594 2661 3778 2732 δικαίῳ

537 2767 596 2812 ct
629 2758 782 2827 justo
815 2759 906 2813 lux
948 2771 1013 2814 ac
1042 2759 1260 2825 laetitia,
1293 2758 1584 2815 incredula:
1607 2768 1784 2816 autem
1821 2761 1962 2831 plebi
2026 2762 2107 2816 ira

2207 2755 2323 2826 φῶς
2371 2772 2430 2808 τε
2463 2755 2556 2808 καὶ
2600 2754 2906 2826 εὐφροσύνη
2955 2753 3200 2824 γίνεται,
3243 2756 3377 2827 ὀργὴ
3416 2755 3474 2808 δὲ
3537 2755 3616 2825 τῷ
3654 2756 3777 2808 ἀπιμ-

536 2857 596 2904 ct
627 2848 932 2917 indignatio
963 2849 1191 2905 oriatur.
1223 2849 1405 2921 lnquit
1430 2852 1576 2906 enim
1607 2870 1621 2907 :
1659 2870 1679 2904 ι
1727 2851 1988 2912 Dominus
2022 2869 2106 2909 re-

2209 2845 2418 2899 στοῦντι
2446 2845 2577 2917 λαῷ.
2602 2865 2620 2897 ι
2642 2846 2701 2899 Ὁ
2727 2845 2929 2918 Κύριος
2953 2867 2972 2898 ι
3003 2847 3133 2918 γὰρ,
3156 2847 3338 2917 φησιν,
3362 2865 3380 2897 ι
3403 2846 3746 2900 ἐϐασίλευσεν
3764 2886 3775 2904 .

540 2940 748 3010 gnavit,
781 2941 1090 2996 irascantur
1115 2942 1319 3012 populi.
1360 2961 1379 2994 ι
1410 2942 1544 3008 Quis
1573 2942 1694 3006 iste,
1740 2943 1833 3014 qui
1852 2944 2106 3020 regnavit

2207 2936 2610 3008 ὀργιζέσθωσαν
2642 2938 2782 2991 λαοί.
2816 2957 2834 2989 ι
2861 2938 2958 3000 Τίς
2998 2930 3150 3000 οὗτος
3171 2938 3198 2989 ὁ
3220 2935 3542 3007 βασιλεύσας
3566 2937 3777 3009 Κύριος,

542 3030 832 3096 Dominus,
861 3032 1162 3104 angelicam
1195 3040 1250 3088 et
1281 3041 1590 3088 terrestrem
1623 3041 1871 3088 naturam
1902 3049 2108 3105 super—

2206 3031 2236 3083 ὀ
2266 3029 2366 3100 τῆς
2394 3031 2688 3102 ἀγγελικῆς
2709 3048 2767 3084 τε
2793 3031 2886 3084 καὶ⁹
2912 3030 3170 3102 οὐρανίας
3193 3031 3294 3083 ὑπε
3305 3030 3652 3101 ρκαθήμενος
3667 3029 3774 3085 K6-

541 3123 807 3195 gressus?
833 3123 969 3179 Nam
1000 3139 1097 3196 per
1123 3121 1419 3179 Cherubim
1454 3125 1779 3180 excellentia
1817 3126 2106 3195 potestatis

2207 3138 2358 3192 ριος;
2407 3119 2510 3174 Διὰ
2534 3123 2642 3194 γὰρ
2673 3122 2782 3176 τῶν
2806 3122 3086 3194 Χερουϐὶμ
3109 3122 3170 3176 τὺ
3212 3121 3394 3192 ὲξέχον
3419 3123 3523 3191 τῆς
3551 3122 3773 3194 ὑπερκοο

542 3215 689 3270 illius
714 3227 880 3286 supra
910 3215 1170 3270 mundum
1197 3217 1342 3271 hunc
1368 3225 1568 3271 evecta:
1595 3215 1967 3286 signiﬁcatur:
2001 3232 2102 3273 cu-

2207 3212 2365 3282 σμίου
2406 3211 2684 3283 δυνάμεως
2719 3214 2748 3265 ὁ
2787 3213 2944 3282 λόγος
2971 3197 3305 3266 ἐνδείκνυται
3327 3251 3342 3276 ,
3373 3205 3436 3266 οὗ
3473 3213 3507 3283 ὴ
3542 3211 3775 3282 βασιλεία

536 3307 631 3377 jus
660 3322 910 3378 regnum,
938 3307 991 3362 id
1023 3307 1168 3378 quod
1195 3308 1337 3364 male
1360 3308 1584 3372 coaluit,
1616 3323 1810 3364 rursus
1831 3309 2100 3365 dissolvit.

2207 3303 2447 3357 διάλυσιν
2497 3301 2592 3356 τοῦ
2640 3303 2830 3367 κακῶς
2879 3303 3210 3367 συνεστῶτος
3252 3305 3415 3356 ποιεῖι
3470 3304 3548 3356 UO
3591 3302 3694 3372 γὰρ
3722 3303 3776 3355 τὸ

541 3397 660 3454 Non
690 3398 840 3454 enim
869 3399 926 3454 id
949 3399 1094 3469 quod
1125 3400 1345 3454 cmleste
1370 3401 1424 3453 in
1452 3400 1606 3456 nobis
1628 3408 1740 3462 est,
1763 3401 1856 3459 sed
1883 3401 1935 3454 id
1960 3401 2102 3470 quod

2209 3395 2455 3466 οὐράνιον
2481 3394 2588 3449 τῶν
2611 3397 2670 3449 ἐν
2694 3397 2846 3466 ἡμῖν,
2868 3395 3005 3449 ἀλλά
3035 3396 3097 3448 τὸ
3124 3397 3314 3468 γήϊνον
3339 3397 3419 3459 είς
3450 3395 3620 3448 σάλον
3643 3395 3771 3463 ἀγει,

543 3497 807 3544 terrestre
836 3495 941 3552 cst,
974 3499 1299 3552 commovet,
1339 3499 1398 3543 ut
1435 3497 1667 3544 testatur
1700 3490 1788 3544 his
1821 3491 1953 3560 ipsis
1987 3507 2107 3546 vcr-

2209 3486 2404 3539 οὐτωσὶ
2452 3485 2626 3555 λέγων
2667 3485 2746 3557 τῷ
2785 3487 3010 3557 ῥήματι,
3045 3486 3147 3539 «Ὀ
3189 3485 3502 3556 καθήμενος
3547 3487 3642 3540 ἐπὶ
3679 3487 3775 3549 τῶν

543 3579 630 3634 bis
664 3597 678 3634 :
713 3597 733 3630 ι
771 3577 874 3644 Qui
923 3578 1080 3633 sedes
1112 3593 1275 3648 super
1303 3579 1596 3634 Cherubim
1628 3598 1642 3635 :
1678 3590 1960 3636 moveatur
2001 3591 2110 3636 ter-

2208 3577 2488 3648 Χερουϐίμ
2509 3594 2523 3607 ·
2586 3576 2898 3648 σαλευθήτω
2928 3580 2960 3648 ὴ
2991 3581 3086 3650 γῆ.
3124 3598 3141 3628 ι
3185 3573 3294 3630 Καὶ
3324 3578 3392 3630 τὰ
3414 3576 3618 3648 ἑφεξῆς
3648 3595 3772 3649 παρ-

543 3685 627 3722 ra.
669 3689 688 3721 ι
737 3667 964 3739 Reliqua
1011 3669 1224 3732 omitto,
1273 3684 1343 3723 ne
1386 3670 1742 3738 expositionis
1789 3673 2106 3726 continuata

2212 3667 2352 3737 ίημι,
2396 3667 2473 3732 ὡς
2503 3668 2570 3722 ἀν
2609 3668 2684 3738 μὴ
2720 3668 2887 3722 πολὺν
2928 3667 3082 3738 ὄχλον
3111 3668 3372 3739 ὲπάγοιμι
3407 3671 3473 3738 τῇ
3503 3669 3775 3740 ἀκολουθίᾳ

544 3759 688 3815 serie
711 3757 914 3828 aliquid
946 3758 1209 3813 molestia:
1229 3758 1472 3812 afferam.
1505 3759 1616 3812 lloc
1645 3768 1856 3814 tantum
1886 3760 2109 3816 addide-

2207 3761 2304 3830 τῆς
2333 3759 2644 3830 ἐξηγήσεως
2665 3777 2679 3790 ο
2709 3759 2962 3812 τοσοῦτον
2991 3757 3182 3823 εἰπὼν,
3213 3759 3295 3812 ὅτι
3330 3759 3508 3812 πάντα
3535 3761 3671 3832 πρὸς
3690 3761 3775 3813 ἕνα

545 3849 671 3914 rint,
704 3850 886 3903 omnia
936 3847 1006 3902 ad
1044 3862 1209 3901 unum
1260 3846 1620 3917 eumdemque
1654 3850 1814 3904 tinem
1863 3849 2106 3914 tendere,

2211 3850 2303 3904 καὶ
2338 3851 2430 3904 τὸν
2466 3850 2630 3905 αὑτὸν
2673 3850 2871 3904 σκὸπον
2904 3850 3089 3920 βλέπει
3130 3851 3290 3923 μέχρι
3329 3849 3426 3904 τοῦ
3455 3850 3648 3914 τέλους
3687 3851 3772 3919 τῆς

544 3955 719 4011 usque
743 3940 810 3994 ad
835 3939 996 3995 linem
1021 3939 1234 4009 psalmi.
1267 3938 1520 3995 Testatur
1543 3942 1687 3994 cnim
1717 3941 1879 3996 istum
1916 3939 2107 4003 Deum,

2209 3941 2550 4012 ψαλμῳδίας.
2589 3940 3027 4011 Διαμαρτύρεται
3055 3941 3163 4013 γὰρ
3191 3943 3272 3995 ὅτι
3297 3936 3451 4005 οὗτος
3480 3944 3512 3995 ὁ
3541 3940 3772 4012 βασιλεύ-

542 4030 637 4099 qui
694 4030 966 4100 regnavit,
1007 4044 1116 4083 non
1153 4029 1311 4084 nobis
1341 4030 1571 4100 primum
1621 4032 1962 4101 apparuisse.
2013 4031 2107 4087 sed

2211 4050 2308 4096 σας
2332 4032 2485 4098 Θεὸς,
2512 4034 2574 4086 οὐ
2602 4032 2696 4087 νῦν
2737 4036 2867 4104 ἡμῖν
2894 4034 3101 4103 πέφηνε
3127 4033 3364 4106 πρῶτον,
3390 4034 3531 4087 ἀλλά
3562 4034 3771 4095 καὶτοῖς

543 4121 896 4176 manifestum
946 4120 1119 4176 fuisse
1161 4122 1337 4191 magni
1389 4122 1628 4184 nominis
1676 4132 1729 4176 et
1777 4122 2110 4178 celebritatis

2209 4124 2524 4194 ὀνομαστοίς
2547 4125 2654 4178 τῶν
2685 4125 2976 4196 προφητῶν
3009 4126 3256 4196 ἐμφανὴς
3281 4128 3310 4178 ὁ
3337 4127 3502 4188 αὐτὸς
3531 4109 3671 4178 ἐστι,
3688 4124 3769 4176 Διὸ

549 4213 831 4284 prophetis
859 4231 874 4267 :
903 4213 976 4266 ob
1006 4212 1058 4266 id
1091 4211 1255 4267 Hosis
1285 4213 1529 4267 meminit
1553 4223 1607 4266 et
1635 4213 1891 4277 Aaronis,
1925 4223 1978 4268 et
2003 4214 2106 4275 Sa-

2209 4215 2489 4278 Μωῦσέως
2531 4215 2822 4287 μέμνηται,
2875 4217 2969 4269 καὶ
3018 4217 3225 4286 Ἀαρὼν
3260 4217 3352 4269 καὶ
3385 4215 3481 4270 τοῦ
3511 4216 3765 4284 Σαμουὴλ,

543 4304 778 4370 muelis;
803 4318 1034 4373 quorum
1057 4303 1286 4372 quilibet
1319 4311 1538 4373 propter
1568 4302 1818 4372 pietatem
1851 4306 1907 4358 in
1936 4304 2105 4359 Deum

2211 4299 2286 4360 ὧν
2305 4306 2533 4370 ἕκαστος
2557 4307 2666 4360 ἀπὸ
2697 4307 2798 4377 τῆς
2825 4311 2905 4372 εἰς
2933 4308 3066 4361 Θεὸν
3108 4307 3386 4371 εὐσεϐείας
3432 4307 3767 4380 περίϐλεπτός

543 4397 728 4466 clarus
780 4404 867 4451 est
915 4402 970 4447 ct
1019 4394 1408 4449 memorabilis.
1458 4393 1660 4462 Adjicit
1702 4404 1881 4449 autem
1920 4404 1975 4450 et
2011 4412 2108 4450 co-

2211 4397 2329 4450 ἐστι
2360 4398 2455 4451 καὶ
2471 4397 2730 4467 ἀοίδιμος.
2764 4399 3090 4469 Προστίθησι
3115 4398 3170 4450 δὲ
3191 4399 3269 4469 τῷ
3290 4399 3454 4468 λόγῳ,
3480 4399 3574 4451 καὶ
3594 4399 3680 4468 τῆς
3696 4413 3765 4447 νεα

544 4491 788 4544 lumnam
821 4486 1002 4549 nubis,
1040 4487 1094 4542 in
1127 4501 1235 4555 qua
1267 4485 1412 4540 Deus
1462 4501 1586 4539 cum
1619 4486 1727 4542 illis
1763 4488 2106 4556 loquebatur,

2211 4489 2380 4560 φέλης
2402 4489 2493 4541 τὸν
2519 4489 2726 4553 στύλον,
2755 4491 2813 4544 ἐν
2909 4489 3043 4560 πρὸς
3066 4491 3262 4554 αὐτοὺς
3286 4493 3315 4543 ὁ
3336 4489 3468 4553 Θεὸς
3497 4490 3759 4556 διελέγετο,

542 4582 772 4646 docens,
796 4582 902 4634 nisi
927 4580 1108 4644 fallor,
1133 4577 1467 4641 incredulos,
1510 4594 1576 4632 ne
1603 4579 1740 4633 adeo
1776 4580 2108 4635 abhorreant

2209 4581 2494 4644 διδάσκων,
2527 4578 2702 4653 οἶμαι,
2737 4582 2863 4645 τοὺς
2892 4582 3150 4644 ἀπίστους
3182 4582 3269 4635 διά
3301 4581 3518 4648 τούτου,
3547 4583 3618 4652 μὴ
3645 4580 3758 4646 ξενί-

543 4675 768 4731 credere
798 4674 891 4729 Dei
927 4673 992 4727 ad
1032 4673 1280 4727 homines
1307 4671 1620 4726 adventum.
1651 4669 1784 4726 Nam
1816 4671 1958 4729 Deus
1993 4675 2102 4739 ille,

2215 4673 2400 4736 ζεσθαι
2435 4647 2597 4744 πρὸς*
2619 4674 2718 4744 τὴν
2763 4674 2831 4727 δι’
2865 4671 3151 4744 ἀνθρώπου
3190 4647 3659 4744 γενομένηνημίν
3682 4669 3760 4722 τοῦ

543 4769 635 4837 qui
670 4777 798 4822 tunc
825 4767 880 4821 in
913 4767 1163 4820 columna
1197 4765 1357 4818 nubis
1385 4764 1599 4818 locutus
1629 4774 1732 4826 cst,
1770 4774 1954 4833 postea
1987 4781 2104 4820 ma-

2214 4767 2348 4822 Θεοῦ
2383 4767 2619 4837 ὁμιλίαν.
2662 4767 2720 4819 '0
2751 4766 2858 4836 γὰρ
2885 4767 3004 4820 τότε
3034 4767 3093 4817 ὲν
3119 4765 3195 4835 τῷ
3219 4765 3396 4834 στύλῳ
3427 4766 3526 4833 τῆς
3560 4763 3759 4831 νεφέλης

544 4859 841 4914 nil‘estatus
883 4865 967 4912 est
1009 4857 1063 4910 in
1111 4872 1292 4910 carne.
1340 4854 1526 4924 Itaque
1575 4855 1621 4908 si
1665 4855 1790 4924 quis
1831 4856 2106 4926 indignam

2213 4859 2449 4929 λαλήσας
2467 4859 2618 4922 Θεὸς,
2641 4858 2778 4929 μετά
2800 4857 2970 4911 ταῦτα
2995 4856 3306 4927 ἐφανερώθη
3337 4859 3395 4908 ἐν
3422 4857 3602 4927 σαρκί.
3621 4857 3756 4906 Ὥστε

541 4966 667 5006 esse
691 4951 838 5006 dicat
865 4961 1107 5010 carnem,
1142 4963 1238 5016 per
1269 4961 1431 5013 quam
1457 4946 1616 5000 nobis
1654 4945 1796 5002 Deus
1831 4948 2104 5017 loquatur,

2215 4953 2269 5005 εἶ
2297 4969 2381 5013 τις
2409 4949 2630 5016 ἀναξίαν
2650 4950 2797 5018 λέγοι
2817 4950 2917 5020 τὴν
2946 4951 3124 5019 σάρκα
3147 4948 3240 5000 τοῦ
3255 4947 3320 4999 δι’
3349 4947 3519 5017 αὐτῆς
3538 4949 3658 5016 ἡμῖν
3678 4943 3757 4994 τὸν

541 5043 591 5096 is
632 5055 810 5108 neque
841 5038 1150 5092 columnam
1209 5037 1369 5090 nubis
1416 5036 1634 5106 dignam
1676 5037 1846 5092 fuisse
1897 5051 2108 5094 asserat

2213 5045 2344 5098 Θεὸν
2375 5045 2635 5114 λαλῆσαι,
2688 5042 2796 5095 οὐδ’
2846 5041 2912 5102 ἂν
2941 5041 3018 5112 τῷ
3061 5040 3234 5109 στύλῳ
3271 5041 3369 5110 τῆς
3417 5040 3634 5108 νεφέλης
3672 5039 3754 5106 τὴν

541 5140 756 5201 oportet
782 5149 795 5181 :
827 5128 960 5198 quid
988 5127 1132 5182 enim
1157 5127 1212 5180 in
1238 5129 1353 5196 ipsa
1385 5127 1653 5197 ejusmodi
1686 5138 1825 5194 erat,
1854 5140 1913 5184 ut
1937 5132 2102 5202 digna

2213 5137 2370 5201 ἀξίαν
2401 5136 2963 5208 προσμαρτυρήσειεν,
3010 5135 3074 5184 Τί
3119 5133 3226 5203 γὰρ
3264 5133 3321 5184 ἐν
3346 5133 3483 5202 αύτῇ
3523 5130 3748 5188 τοιοῦτον,

545 5231 866 5278 censeretur
894 5221 1076 5275 divina
1117 5218 1552 5289 magniﬁcentia?
1584 5219 1638 5274 Si
1673 5231 1856 5276 autem
1891 5223 2025 5277 nihil
2073 5239 2104 5277 a

2210 5230 2285 5292 ὡς
2314 5229 2414 5300 τῆς
2445 5229 2592 5291 θείας
2633 5227 3046 5296 μεγαλειότητος
3079 5225 3228 5288 ἄξιον
3261 5223 3571 5294 κρίνεσθαις
3615 5222 3667 5274 Εἰ
3699 5219 3750 5270 δὲ

541 5316 646 5372 ﬁde
677 5317 916 5371 alienum
951 5313 1186 5377 videtur,
1214 5310 1418 5368 Iudaeis
1446 5310 1613 5365 Deum
1643 5313 1698 5366 in
1729 5315 1983 5368 columna
2010 5332 2105 5368 uu-

2211 5321 2399 5373 πιστὸν
2431 5324 2543 5383 τοῖς
2598 5319 2870 5382 Ἰουδαίοις
2903 5319 3019 5370 ἐστὶ
3051 5317 3112 5370 τὸ
3142 5319 3203 5369 ὲν
3229 5316 3405 5385 στύλῳ
3436 5316 3645 5384 νεφέλης
3669 5311 3748 5364 τὸν

539 5410 627 5466 bis
668 5409 912 5464 locutum
953 5422 1112 5470 esse;
1148 5419 1328 5475 neque
1361 5405 1418 5458 in
1462 5419 1632 5460 carne
1680 5406 1921 5460 locutum
1961 5423 2104 5473 esse,

2210 5412 2341 5464 Θεὸν
2377 5411 2624 5481 λαλῆσαι,
2677 5411 2811 5481 μηδὲ
2845 5410 2907 5462 τὸ
2954 5411 3012 5460 ὲν
3044 5409 3207 5478 σαρκὶ
3248 5407 3408 5460 αὑτὸν
3430 5402 3745 5474 λελαληκέναι

542 5500 830 5570 indignum
861 5499 1037 5564 videri
1087 5497 1283 5563 debet,
1333 5496 1633 5569 praesertim
1679 5512 1804 5553 cum
1837 5509 1891 5556 et
1938 5500 2106 5556 Isaias

2211 5506 2436 5560 ἄπιστον
2466 5505 2607 5565 ἔστω
2630 5522 2643 5534 ·
2692 5504 2866 5568 ἄλλως
2894 5520 2953 5556 τε
2989 5504 3082 5557 καὶ
3110 5501 3204 5554 τοῦ
3248 5502 3465 5554 Ἡσαΐου
3485 5501 3576 5572 τὴν
3595 5497 3751 5568 σάρκα

611 5663 655 5695 ⁸⁷
686 5662 832 5719 Psal.
861 5677 1026 5718 xcvu.

609 5803 721 5874 (9|)
749 5805 1153 5875 Ἀποσεμνύνει,
1185 5805 1273 5872 ed,

609 5875 721 5959 (92)
747 5877 878 5957 Φησί
904 5891 1013 5930 om.
1046 5878 1133 5940 ed,

2301 5807 2415 5881 (95)
2445 5808 2870 5890 Προπορεύεται.
2901 5805 2988 5862 ed.

635 5913 720 5953 γε]
753 5913 878 5957 ἶι.σο
904 5913 1013 5930 vus.
1046 5913 1133 5940 ντες

3940 5745 3941 5784 1

3939 5821 3941 5870 λ
