3982 6494
221 423 318 479 555

1617 426 1681 480 ΙΝ
1706 422 2043 482 PSALMOS.

3353 424 3460 480 554

215 538 294 592 διὰ
318 538 417 608 τῆς
450 540 681 609 νεφέλης
707 542 1009 613 νοήσαντος·
1053 562 1070 593 ι
1095 544 1224 598 Ἰδοὺ
1256 566 1273 595 ι
1309 543 1436 615 γὰρ,
1459 546 1611 616 φησὶ,
1642 545 1782 598 «Κύο
1811 595 1817 606 .

1924 561 2107 603 arnem
2134 546 2294 601 nubis
2320 547 2539 603 nomine
2568 548 2856 621 significet.
2886 546 3066 617 luquit
3092 546 3238 601 enim
3264 565 3277 598 2
3316 564 3333 595 ι
3368 546 3464 599 Ec-

218 645 322 700 ριος
348 630 585 701 κάθηται
613 633 705 686 ἐπὶ
734 633 964 704 νεφέλης
987 634 1214 704 κούφης.
1240 655 1259 687 ι
1305 635 1414 689 Καὶ
1438 636 1562 699 τοὺς
1583 635 1783 706 ἑπομέ-

214 740 331 786 νους
353 723 512 794 αὐτῷ’
528 724 735 778 πάλινὸ
756 726 918 789 αὑτὸς
946 727 1227 797 προφήτης
1255 725 1510 796 ὀνομάζει
1532 725 1781 794 νεφέλας,

216 822 269 871 ἐν
293 812 373 879 oi;
401 834 567 887 φησιν
587 834 603 846 ο
660 836 677 868 ι
699 818 855 881 Τίνες
898 818 1032 880 οἵδε,
1059 818 1135 881 ὼς
1158 817 1395 886 νεφέλαι,
1434 818 1729 881 πέταπαω
1759 836 1777 869 ›

215 911 283 973 ὡς
304 907 393 961 διὰ
421 908 522 978 τῆς
547 908 655 962 τῶν
680 909 917 978 νεφελῶν
942 909 1281 979 ὁμωνυμίας,
1312 909 1374 962 τὸ
1404 909 1661 977 συγγενὲς
1685 909 1786 979 τῆς

214 1000 297 1053 τοῦ
330 1001 541 1069 Κυρίου
578 998 779 1070 σαρκὸς
811 1000 947 1071 πρὸς
994 1001 1092 1071 τὴν
1120 999 1313 1070 λοιπὴν
1354 999 1461 1052 τῶν
1489 999 1787 1073 ἀνθρώπων

217 1091 370 1160 φύσιν
415 1091 777 1156 ἐνδείξασθαι.
842 1090 984 1161 Πρὸς
1027 1090 1214 1144 τοῦτον
1255 1087 1348 1144 οὖν
1388 1092 1479 1144 τὸν
1510 1092 1662 1155 Θεὸν,
1697 1091 1787 1145 τόν

216 1198 335 1233 ποτε
373 1182 477 1251 μὲν
519 1182 606 1235 διὰ
653 1180 915 1252 νεφέλης,
966 1181 1103 1251 μετά
1149 1180 1320 1234 ταῦτα
1357 1181 1414 1233 δὲ
1464 1180 1553 1238 διὰ
1589 1181 1790 1252 σαρκὸς

215 1276 316 1336 τοῖς
358 1271 674 1346 ἀνθρώποις
713 1273 1058 1343 λαλήσαντα,
1115 1273 1250 1343 φησὶ
1291 1270 1544 1342 προῖὼνὸ
1591 1272 1788 1326 Δαυῖδο

221 1388 237 1418 ι
259 1365 431 1435 Κύριε
465 1366 496 1417 ὁ
536 1366 667 1429 Θεὸς
694 1364 872 1436 ἡμῶν,
910 1366 975 1419 σὺ
1021 1366 1293 1436 ἐπήκουες
1326 1363 1526 1420 αὐτῶν.
1565 1370 1623 1423 Ὀ
1641 1364 1793 1432 Θεὸς,

218 1460 275 1512 σὺ
300 1459 557 1521 εὑῖλατος
590 1458 767 1525 ἐγίνου
796 1458 999 1523 αὑτοῖς,
1030 1458 1125 1511 καὶ
1148 1454 1377 1511 ἐκδικῶν
1405 1454 1497 1507 ἐπὶ
1532 1454 1708 1513 πάντα
1725 1456 1794 1511 τά

219 1550 626 1621 ἐπιτηδεύματα
676 1550 876 1605 αὑτῶν.
917 1568 935 1601 ι

291 1645 377 1706 Ὡς
391 1644 439 1696 δ’
455 1642 523 1696 ἂν
543 1644 615 1713 μή
631 1659 713 1705 τις
740 1642 876 1712 πρὸς
893 1641 992 1712 τὴν
1019 1641 1329 1712 οἰκονομίαν
1352 1640 1564 1712 βλέπων
1593 1642 1673 1704 είς
1699 1657 1796 1694 τα-

219 1736 401 1797 πεινάς
426 1753 579 1797 τινας
601 1736 693 1788 καὶ
709 1733 1058 1805 ἀνθρωπίνας
1087 1732 1382 1803 ὑπολήψεις
1422 1732 1549 1805 περὶ
1565 1732 1626 1786 τὸ
1645 1733 1798 1785 Θεῖον

220 1828 679 1897 κατολισθήσειεν,
712 1826 915 1897 ταύτην
934 1827 1027 1879 ἐπὶ
1041 1826 1183 1879 τέλει
1207 1827 1305 1895 τῆς
1325 1825 1641 1896 ψαλμῳδίας
1665 1824 1801 1878 ἐπάε-

1889 653 1952 693 ce
1977 636 2240 696 Dominus
2266 638 2418 694 sedet
2451 638 2507 692 in
2536 640 2682 693 nube
2710 639 2814 695 levi
2843 638 2910 692 ⁸⁸.
2953 658 2973 690 ι
3021 637 3238 708 Eosque
3266 638 3361 707 qui
3397 638 3461 690 il-

1891 730 2003 784 lum
2049 737 2355 805 sequuntur
2408 745 2603 785 rursus
2638 728 2780 785 idem
2819 729 3085 800 propheta
3136 727 3312 783 nubes
3362 745 3463 781 uo-

1893 822 2085 885 minat,
2116 836 2238 875 cum
2274 821 2389 875 ait:
2422 839 2441 872 ι
2479 820 2713 887 Quinam
2758 820 2871 886 isti,
2907 819 3000 889 qui
3052 827 3111 874 ut
3149 818 3325 873 nubes
3362 833 3463 871 vo—

1892 912 2009 967 lant
2042 912 2088 943 ⁸⁹
2122 912 2146 965 ?
2185 932 2205 965 ι
2238 910 2317 969 Ut
2354 928 2451 982 per
2486 911 2812 967 vocabulum
2866 910 3029 967 nubis
3082 910 3461 980 cognationem
3532 941 3543 951 ε

1894 1002 2190 1057 Βοωίηἱειε
2217 1002 2402 1059 carnis
2424 1016 2550 1059 eum
2580 1002 2790 1071 reliqua
2823 1002 3105 1055 hominum
3135 1008 3331 1054 natura
3362 997 3461 1053 de-

1897 1102 2185 1154 monstret.
2216 1093 2299 1148 Ad
2337 1093 2668 1164 huncigitur
2702 1092 2896 1154 Deum,
2937 1091 3030 1162 qui
3064 1092 3215 1162 prius
3243 1090 3462 1161 quidem

1896 1203 1993 1264 per
2019 1187 2239 1252 nubem,
2268 1194 2455 1257 postea
2483 1201 2613 1241 vero
2640 1200 2736 1256 per
2757 1200 2976 1240 carnem
3003 1200 3125 1240 cum
3152 1184 3465 1239 hominibus

1900 1280 2119 1335 locutus
2162 1286 2267 1346 est,
2316 1280 2395 1335 ait
2432 1293 2733 1349 progressu
2765 1276 3030 1331 orationis
3057 1274 3264 1330 David:
3312 1294 3329 1326 ι
3362 1274 3468 1329 Do-

1899 1368 2047 1425 mine
2088 1367 2231 1423 Deus
2268 1374 2478 1430 noster,
2514 1376 2572 1422 tu
2603 1365 2933 1422 exaudiebas
2980 1379 3075 1419 eos
3132 1383 3145 1418 :
3198 1362 3361 1425 Deus,
3408 1371 3465 1417 tu

1901 1461 2169 1535 propitius
2198 1460 2348 1519 fuisti
2376 1460 2480 1524 eis,
2514 1468 2568 1515 et
2593 1459 2867 1515 ulciscens
2900 1457 2955 1512 in
2988 1471 3179 1513 omnes
3210 1455 3470 1511 adiuven-

1901 1550 2076 1605 tiones
2102 1565 2310 1608 eorum.
2344 1571 2362 1602 ι
2842 1566 2845 1567 ⁷

1978 1641 2045 1697 Ut
2078 1643 2179 1698 nisi
2206 1643 2327 1714 quis
2352 1645 2405 1698 in
2440 1644 2800 1700 oeconomiam
2834 1642 3073 1698 divinam
3102 1648 3157 1697 ει
3171 1640 3472 1710 ,ἀίερεηεςιτ

1906 1734 2108 1791 tionem
2136 1736 2326 1791 oculos
2357 1745 2654 1800 convertat,
2679 1751 2803 1791 eum
2831 1748 3069 1791 necesse,
3087 1733 3161 1789 sit
3189 1733 3243 1787 in
3282 1732 3474 1787 huma-

1906 1842 2007 1882 uas
2036 1826 2300 1897 quasdam
2329 1836 2383 1881 et
2410 1826 2661 1897 indignas
2704 1827 2771 1882 de
2802 1826 2910 1881 Deo
2941 1824 3298 1897 c0gitationes
3340 1824 3476 1885 inci:

220 1938 295 1987 γει
321 1922 431 1989 τὴν
448 1919 653 1991 φωνὴν,
684 1919 819 1991 πρὸς
841 1919 985 1989 ἡμᾶς
1000 1918 1205 1989 τρέψας
1225 1918 1314 1972 τὸν
1328 1919 1504 1987 λόγον·
1534 1938 1551 1969 ι
1572 1916 1801 1986 Ὑψοῦτε

1924 1920 2053 1986 lere,
2087 1920 2199 1974 haac
2222 1926 2399 1975 autem
2419 1919 2486 1973 ad
2504 1918 2661 1973 linem
2706 1919 2897 1989 psalmi
2918 1918 3095 1982 .addit,
3126 1931 3377 1973 sermone
3407 1914 3476 1974 ad

222 2012 417 2083 Κύριον
444 2012 537 2064 τὸν
552 2010 989 2081 Θεὸνήμῶν,καὶ
1028 2012 1381 2080 προσκυνεῖτε
1420 2009 1495 2079 τῷ
1530 2008 1804 2080 ὑποποδίῳ

220 2104 317 2156 τῶν
332 2103 519 2156 ποδῶν
531 2101 811 2164 αὑτοῦ,ὃτι
829 2100 982 2169 ἅγιός
998 2101 1166 2154 ἐστιν.
1180 2119 1198 2152 ι
1224 2101 1335 2171 Τὴν
1357 2101 1414 2154 δὲ
1438 2099 1671 2154 διάνοιαν
1700 2098 1805 2152 τῶν

222 2194 548 2265 εἰρημένων,
581 2192 785 2263 ταύτην
805 2188 942 2246 εἶναι
976 2190 1331 2262 ὑπονοοῦμεν,
1364 2193 1470 2257 ὅτι,
1493 2186 1565 2244 Ὦ
1596 2190 1806 2261 ἄνθρω-

222 2301 325 2346 ποι,
375 2284 689 2354 μεμήνυται
733 2284 831 2353 μὲν
864 2283 1013 2352 ὑμῖν,
1043 2280 1119 2345 ὡς
1162 2282 1384 2337 δυνατὸν
1428 2282 1679 2348 δέξασθαι
1708 2281 1807 2352 τὴν

224 2374 572 2444 ἀνθρωπίνην
606 2372 795 2443 ἀκοὴν,
821 2371 889 2425 τὰ
923 2372 1043 2425 θεῖα
1080 2373 1372 2443 μυστήρια.
1419 2373 1608 2443 Ὑμεῖς
1637 2371 1695 2425 δὲ
1721 2371 1809 2425 διὰ

223 2466 428 2520 τούτων
472 2463 831 2535 ὁδηγηθέντες
879 2461 1018 2534 πρὸς
1065 2463 1165 2533 τὴν
1211 2463 1413 2534 εὑσεϐἧ
1458 2462 1807 2532 θεογνωσίαν,

224 2558 339 2609 ὅσον
373 2558 552 2626 χωρεῖ
597 2554 749 2625 ὑμῶν
775 2556 803 2607 ὁ
834 2553 1114 2625 λογισμὸς,
1145 2555 1397 2610 τοσοῦτον
1417 2555 1510 2610 τοῦ
1539 2555 1678 2609 Θεοῦ
1707 2555 1809 2625 τὴν

226 2647 378 2713 δόξαν
408 2646 690 2717 ὑψώσατε,
724 2646 942 2711 εἰδότες,
986 2647 1068 2700 ὅτι
1098 2647 1222 2701 ὅσον
1251 2646 1319 2700 ἂν
1348 2644 1626 2717 ὑπερταθῇ
1658 2644 1810 2716 ὑμῶν

227 2744 260 2811 ἡ
284 2740 522 2804 διάνοια,
565 2739 662 2792 καὶ
684 2740 864 2792 πᾶσαν
890 2737 1136 2811 παρέλθῃ
1178 2736 1387 2808 ὑψηλὴν
1417 2735 1715 2805 φαντασίαν
1753 2736 1812 2789 ὲν

228 2834 337 2894 ταῖς
363 2833 499 2903 περὶ
530 2829 666 2883 Θεοῦ
706 2828 1027 2900 ὑπολήψεσι,
1059 2828 1120 2883 τό
1137 2844 1195 2882 τε
1229 2826 1291 2880 τὸ
1319 2827 1449 2899 παρ’
1480 2825 1633 2898 ὑμῶν
1661 2826 1812 2896 εὑρι-

232 2923 497 2992 σκόμενον
531 2922 628 2976 καὶ
660 2919 1150 2994 προσκυνούμενον,
1180 2919 1282 2973 οὑκ
1313 2918 1452 2989 αὑτὴ
1480 2920 1515 2989 ἡ
1542 2917 1816 2988 μεγαλειό-

230 3032 323 3085 της
365 3015 464 3068 τοῦ
514 3014 847 3085 ζητουμένου
896 3013 1063 3077 ἐστὶν,
1119 3010 1255 3067 ἀλλὰ
1299 3009 1361 3063 τὸ
1400 3009 1685 3063 ὑποπόδιον
1706 3008 1816 3061 τῶν

232 3108 408 3160 ποδῶν
447 3106 649 3160 αὐτοῦ’
694 3105 754 3160 τὸ
794 3088 1133 3176 ὑποϐεϐηκὸς
1178 3103 1266 3157 διά
1311 3103 1500 3157 τούτου
1533 3103 1626 3155 καὶ
1667 3103 1817 3156 κάτω

234 3197 486 3267 κείμενον
503 3196 605 3267 τῆς
633 3196 871 3260 διανοίας
895 3196 1076 3267 ἡμῶν,
1096 3194 1381 3271 συγκρίσει
1402 3194 1500 3264 τῆς
1525 3193 1816 3263 ἀνεφίκτου

235 3288 619 3360 καταλήψεως,
652 3288 730 3342 διε
738 3286 1045 3359 ρμηνεὺων.
1198 3267 1207 3275 ”

302 3459 445 3515 Εἶτα
498 3459 636 3530 μετὰ
689 3458 845 3513 τοῦτο
897 3459 999 3512 οὑκ
1030 3456 1225 3525 ὀλίγων
1275 3457 1334 3510 ὲν
1375 3454 1467 3526 τῷν
1493 3454 1640 3526 μέσῳ
1679 3469 1821 3523 παρ-

236 3554 473 3606 εθέντων
516 3550 770 3622 ψαλμῶν,
798 3553 861 3605 ὲν
904 3548 1181 3619 ἑκατοστῷ
1212 3547 1402 3620 τρίτῳ,
1431 3546 1489 3599 ὃν
1535 3543 1824 3598 πολλοστὸν

236 3649 292 3699 ἐν
357 3646 481 3708 τοῖς
548 3644 681 3715 παρ’
761 3641 1044 3714 Ἐϐραίους
1113 3638 1507 3710 ἀνεπιγράφοις
1582 3633 1780 3700 ἔδειξεν
1807 3674 1822 3695 ,

235 3738 541 3811 διαρρήδην
588 3734 833 3803 θεολογεῖί
871 3734 962 3786 τὸν
1008 3732 1275 3803 μονογενῆ
1302 3729 1454 3793 Θεὸν,
1498 3726 1691 3797 ἐκείνῳ
1725 3725 1827 3796 τῆς

237 3830 329 3883 τοῦ
361 3827 575 3891 παντὸς
619 3827 929 3888 συστάσεως
975 3822 1247 3886 ἀνατιθεὶς
1285 3822 1385 3892 τὴν
1415 3819 1613 3874 αἰτίαν.
1667 3816 1830 3885 Λέγει

241 3921 346 3993 γὰρ
380 3919 480 3972 ἐπὶ
509 3915 735 3988 τῆς-τοῦ
765 3916 970 3987 κόσμου
997 3914 1245 3975 κτίσεως,
1270 3911 1365 3965 τοῦ
1396 3909 1559 3964 Δαϐὶδ
1586 3908 1715 3961 ὄντα
1741 3907 1830 3961 τὸν

238 4010 460 4081 ψαλμὸν
504 4008 722 4071 τοῦτον,
763 4006 1135 4076 ἀνεπίγραφον
1179 3998 1318 4057 εἶναι
1367 4001 1497 4072 παρ’
1538 3999 1833 4069 Ἑϐραίοις.

243 4102 519 4173 Σημαίνει
555 4098 704 4153 δὲ-τὸ
730 4098 969 4161 ἐκείνους
997 4096 1089 4148 τὸν
1128 4094 1326 4147 σκοπὸν
1357 4092 1455 4162 τῆς
1500 4089 1833 4161 προφητείας

243 4193 456 4262 ταύτης
475 4190 551 4262 μὴ
569 4188 989 4262 παραδέχεσθαι.
1020 4188 1173 4257 Ἔχει
1205 4186 1264 4239 δὲ
1284 4187 1315 4255 ὴ
1337 4182 1615 4253 ἐπιγραφὴ
1637 4179 1831 4243 οὕτως’

251 4306 270 4338 ι
300 4284 416 4340 Τοῦ
431 4284 555 4338 Δαϐ
551 4283 596 4338 ιδ
610 4284 701 4336 ἐπὶ
716 4281 815 4351 τῆς
824 4279 918 4334 τοῦ
935 4279 1137 4350 κόσμου
1148 4277 1412 4348 γενέσεως
1430 4315 1445 4340 ,
1468 4273 1839 4344 ἀνεπίγραφος

249 4377 382 4447 παρ’
429 4372 723 4446 Ἑϐραίοις.
751 4391 771 4423 ι
798 4370 906 4423 Τοῦ
930 4370 985 4423 δὲ
1004 4366 1218 4439 ψαλμοῦ
1242 4365 1430 4419 τούτου
1456 4365 1555 4436 τὴν
1601 4364 1838 4417 διάνοιαν

250 4469 343 4520 ἐπὶ
376 4464 578 4537 καιροῦ
610 4448 983 4533 ἒκθησόμεθα.
1004 4458 1118 4513 Νῦν
1155 4459 1213 4511 δὲ
1241 4459 1371 4528 ἡμῖν
1403 4455 1686 4527 ἐξαρκέσει
1718 4472 1841 4509 τοσ-

1907 2027 2008 2066 nos
2037 2026 2302 2066 converso
2326 2028 2341 2065 :
2370 2029 2389 2063 ι
2421 2009 2669 2065 Exaltate
2695 2009 2983 2068 Dominum
3008 2008 3177 2063 Deum
3197 2017 3473 2069 nostrum,

1905 2109 1959 2155 et
1986 2100 2211 2155 adorate
2250 2099 2548 2155 scabellum
2594 2098 2979 2173 pedmnejus,
3038 2098 3296 2168 quoniam
3338 2110 3471 2157 san:

1907 2201 2053 2247 ctum
2084 2204 2187 2247 est.
2242 2210 2262 2244 ι
2301 2190 2530 2246 Sensum
2571 2191 2733 2267 hujus
2783 2191 2886 2253 loci
2916 2190 3063 2253 hunc
3108 2205 3231 2244 esse
3253 2188 3479 2249 arbitra:

1908 2300 2049 2349 mur,
2086 2283 2243 2354 quasi
2275 2282 2425 2338 dicat
2454 2303 2467 2337 :
2499 2281 2543 2337 Ο
2566 2281 2843 2345 mortales,
2876 2282 3029 2338 vobis
3059 2280 3279 2351 quidem
3305 2274 3485 2350 quan;

1910 2386 2022 2431 tum
2062 2375 2279 2430 auditus
2325 2375 2597 2429 humanus
2636 2374 2915 2450 percipere
2959 2381 3167 2443 potest,
3212 2371 3480 2442 patefacta

1909 2478 2038 2526 sunt
2072 2470 2257 2525 divina
2290 2469 2548 2541 mysteria
2596 2487 2611 2525 :
2643 2484 2759 2535 vos,
2779 2468 2864 2524 his
2892 2467 3049 2538 quasi
3091 2466 3159 2521 ad
3197 2466 3342 2536 piam
3385 2463 3481 2519 Dei

1910 2559 2279 2630 cognitionem
2330 2544 2687 2625 manuducti,
2735 2565 3001 2628 quantum
3048 2556 3264 2610 animus
3299 2560 3483 2611 vester

1911 2650 2076 2719 capit,
2103 2658 2314 2703 tantum
2349 2649 2576 2719 gloriam
2607 2647 2703 2703 Dei
2742 2648 3005 2709 extollite,
3043 2645 3178 2702 certi
3207 2643 3352 2715 quod
3373 2657 3501 2714 quo

1914 2742 2080 2796 altius
2158 2742 2420 2811 cogitatio
2468 2748 2651 2796 vestra
2709 2754 2830 2795 sese
2876 2737 3123 2801 elevarit,
3169 2745 3223 2791 et
3267 2748 3483 2790 omnem

1913 2832 2262 2902 quantumvis
2306 2831 2575 2888 excelsam
2610 2831 3065 2886 existimationem
3099 2828 3166 2883 de
3191 2828 3299 2883 Deo
3330 2842 3487 2898 supe-

1915 2924 2138 2988 raverit,
2176 2933 2354 2978 tamen
2387 2923 2441 2978 id
2475 2923 2626 2993 quod
2651 2938 2683 2976 a
2714 2921 2869 2977 vobis
2904 2922 3178 2976 invenitur
3207 2928 3261 2974 et
3290 2921 3484 2975 adora.-

1918 3021 2028 3078 tur,
2063 3027 2172 3068 non
2213 3013 2332 3083 ipsa
2379 3013 2522 3080 ejus,
2557 3011 2650 3082 qui
2681 3012 3050 3082 quaerebatur,
3086 3011 3519 3082 magniﬁcentia.

1920 3116 2028 3171 est,
2064 3106 2158 3161 sed
2186 3104 2570 3168 tantummodo
2610 3104 2910 3159 scabellum
2961 3103 3157 3174 pedum
3188 3104 3345 3173 ejus:
3391 3117 3493 3171 per.

1922 3197 2025 3250 hoc
2051 3195 2363 3266 signiﬁcans
2381 3194 2580 3249 mentis
2598 3203 2651 3248 et
2670 3193 3018 3263 cogitationis
3036 3203 3234 3247 nostra:
3249 3192 3489 3247 submis-

1870 3279 1888 3300 ¹
1921 3288 2129 3343 sionem
2154 3295 2209 3341 et
2228 3285 2575 3353 tenuitatem,
2607 3285 3015 3355 comparatione
3039 3284 3185 3339 illius
3207 3284 3356 3339 nullo
3375 3289 3491 3337 stu-

1921 3378 2013 3434 dio
2043 3375 2957 3447 assequendae,»comprehensionis.

1988 3469 2186 3525 Postea
2222 3484 2332 3523 non
2367 3468 2554 3538 paucis
2591 3467 2811 3522 omissis
2842 3466 3064 3536 psalmis
3102 3464 3157 3518 in
3196 3462 3495 3518 centesimo

1925 3564 2111 3626 tertio,
2145 3576 2304 3631 quem
2338 3560 2500 3623 etiam
2531 3558 2701 3617 refert
2740 3558 2793 3611 in
2825 3571 3012 3612 eorum
3064 3568 3372 3620 numerum,
3403 3552 3496 3623 qui

1927 3657 2070 3729 apud
2107 3653 2360 3710 Hebraeos
2392 3649 2748 3719 inscriptione
2785 3647 3212 3711 carent,diserte
3244 3644 3531 3715 praedicat».

1930 3752 2215 3819 unigenam
2251 3746 2400 3800 illum
2424 3742 2611 3805 Deum,
2642 3742 2801 3811 eique
2835 3740 2998 3811 hujus
3030 3738 3269 3793 universi
3293 3734 3499 3792 conditi
3536 3778 3545 3797 ς

1930 3855 2151 3896 causam
2175 3838 2434 3905 assignat.
2458 3832 2762 3899 Diciteuim
2782 3832 2835 3885 in
2859 3830 3042 3885 mundi
3066 3828 3340 3883 creatione
3360 3826 3500 3896 psal-

1934 3948 2080 3987 mum
2111 3931 2259 3986 hunc
2302 3926 2521 3981 Davidis
2550 3939 2692 3988 esse,
2738 3934 2791 3977 et
2827 3921 3181 3990 inscriptione
3210 3918 3353 3989 apud
3399 3916 3500 3971 He-
3554 3966 3559 3969 χ

1932 4024 2108 4079 brteos
2137 4037 2246 4076 nou
2265 4017 2576 4091 praeuotari.
2603 4015 2886 4087 Signiﬁcat
2915 4024 3096 4068 autem
3122 4013 3245 4067 illos
3277 4023 3502 4079 scopum

1934 4127 1988 4173 et
2016 4116 2353 4189 pronositum
2376 4112 2496 4181 ejus
2526 4109 2821 4182 prophetiae
2850 4123 2955 4161 non
2990 4107 3245 4177 recipere.
3268 4102 3360 4158 Sic
3378 4116 3502 4155 vero
3566 4144 3573 4163 λ

1937 4223 1998 4264 se
2024 4206 2187 4261 habet
2217 4202 2500 4272 inscriptio
2529 4220 2542 4256 :
2579 4218 2598 4252 ι
2636 4198 2812 4270 ipsius
2834 4196 3023 4261 David,
3060 4198 3115 4251 in
3137 4193 3321 4250 mundi
3350 4206 3568 4256 creari“

1937 4300 2109 4363 tione,
2143 4292 2517 4364 inscriptionis
2548 4307 2742 4362 expers
2780 4290 2924 4362 apud
2958 4289 3233 4344 Hebraeos.
3277 4307 3295 4339 ι
3338 4284 3506 4354 Hujus
3531 4318 3565 4341 «τ

1940 4388 2134 4461 psalmi
2188 4400 2409 4442 sensum
2445 4398 2547 4439 suo
2601 4385 2721 4437 loco
2763 4392 2815 4436 et
2864 4391 3105 4457 tempore
3154 4391 3506 4448 exponemus.

1941 4481 2097 4536 Nunc
2124 4479 2259 4536 satis
2286 4486 2370 4535 est
2408 4477 2510 4531 hoe
2538 4474 2836 4539 monuisse,
2866 4474 3111 4528 eamdem
3145 4484 3391 4534 causam,
3423 4469 3507 4533 in,-

250 4559 414 4612 οῦτον
446 4558 644 4617 εἰπεῖν,
676 4555 757 4607 ὅτι
782 4555 815 4625 ἠ
847 4552 983 4623 αὑτὴ
1013 4550 1180 4615 αἰτία,
1204 4551 1238 4620 ὴ
1268 4547 1411 4603 κατά
1456 4548 1556 4618 τὴν
1583 4546 1817 4600 ἀπιστίαε

1945 4572 2342 4635 credulitatem,
2390 4570 2637 4639 inquam,
2674 4565 2985 4621 Judaeorum
3020 4562 3287 4630 eﬂ‘ecisse,
3334 4570 3393 4615 ut
3428 4560 3521 4623 in~,

251 4652 400 4719 λέγω
429 4648 542 4702 τῶν
576 4646 869 4709 Ἰουδαίων,
896 4645 991 4699 καὶ
1015 4643 1206 4697 τούτου
1232 4642 1333 4712 τὴν
1361 4640 1672 4712 ἐπιγραφὴν
1701 4640 1856 4694 ἀπαο.

259 4741 527 4813 ράδεκτον
552 4740 669 4801 τοῖς
703 4734 972 4807 Ἑϐραίοις
998 4733 1243 4803 ἐποίησε.

829 4844 1219 4898 ΚΕΦΛΛΑΙΟΝ
1258 4844 1313 4898 Ρ.

329 4941 458 5013 Χρὴ
479 4940 538 4994 δὲ
572 4938 706 5009 μηδὲ
725 4936 785 4990 τὸ
806 4936 1086 5005 διάψαλμα
1111 4934 1490 5005 παραδραμεῖν
1510 4931 1849 5005 ἀθεώρητον.

258 5036 390 5097 Τοῖς
406 5034 507 5104 μὲν
522 5027 617 5086 οὖν
632 5031 736 5101 πρὸ
752 5032 785 5101 ἠ
793 5026 1220 5101 μῶνμεταϐολὴν
1232 5024 1325 5078 τοῦ
1337 5027 1623 5096 νοήματος,
1642 5024 1677 5095 ἢ
1690 5040 1853 5093 προσ·

260 5125 473 5195 ὡπου,ἢ
496 5123 841 5194 πράγματος,
874 5119 1159 5190 σημαίνειν
1180 5118 1435 5188 ἐνομίσθη
1459 5117 1520 5169 τὸ
1542 5116 1849 5186 διάψαλμω

262 5220 433 5289 ἡμεῖς
453 5217 510 5269 δὲ
539 5216 637 5278 τάς
659 5230 721 5266 τε
756 5210 862 5263 τῶν
883 5211 1138 5283 Πατέρων
1162 5208 1457 5278 ὑπολήψεις
1493 5208 1594 5260 οὑκ
1619 5206 1853 5261 ἀποϐάλ-

264 5310 456 5380 λομεν,
473 5307 567 5359 καί
589 5323 642 5359 τι
666 5292 766 5358 καὶ
790 5302 925 5374 παρ’
952 5300 1162 5377 ἑαυτῶν
1183 5298 1452 5369 ἐννοῆσαι,
1477 5296 1612 5368 πρὸς
1637 5296 1734 5367 τὴν
1758 5295 1851 5349 τοῦ

268 5396 438 5468 ῥητοῦ
467 5395 658 5450 τούτου
687 5392 980 5463 σημασίαν,
1010 5392 1073 5444 οὑ
1112 5389 1543 5459 κατοκνὴνσομεν.
1587 5387 1854 5458 Τοιαύτην

266 5485 365 5540 οὖν
382 5505 499 5541 τινα
509 5486 604 5539 τοῦ
617 5484 813 5555 διαψάλ
820 5500 984 5555 ματος
1000 5479 1370 5551 κατελάϐομεν
1388 5478 1487 5550 τὴν
1499 5479 1757 5544 διάνοιαν,
1772 5479 1855 5532 ὅτι

269 5578 568 5649 προϊούσης
614 5576 754 5630 κατά
793 5575 855 5627 τὸ
892 5572 1179 5627 ἀκόλουθον
1207 5572 1306 5642 τῆς
1340 5570 1677 5642 ψαλμῳδίας,
1734 5572 1856 5641 ἥτις

342 5690 394 5721 ⁵⁸
424 5690 520 5745 lsa.
553 5704 668 5751 xu,
697 5688 748 5741 l.
824 5687 869 5718 δ’
900 5684 1002 5741 lsa.
1029 5699 1119 5751 ιιι,
1144 5688 1197 5740 8.

350 5828 464 5905 (94)
495 5830 638 5907 Lege
671 5823 983 5907 S.llierou,
1014 5823 1183 5894 Epist.
1217 5823 1282 5885 ad
1316 5820 1645 5883 Marcellam.

1956 4666 2309 4738 scriptionem
2342 4664 2480 4716 hanc
2511 4676 2618 4715 non
2659 4658 3028 4712 admitterent.

2569 4809 2797 4865 CAPUT
2834 4806 2903 4862 X.

2023 4928 2207 4999 Neque
2229 4927 2354 4994 quid
2389 4926 2460 4979 sit
2490 4923 2791 4994 diapsalma
2817 4920 3188 4982 indiscussum
3214 4920 3522 4991 relinquere

1954 5032 2185 5091 Oportet.
2229 5020 2341 5074 Illis
2386 5019 2551 5090 igitur
2583 5017 2678 5086 qui
2719 5031 2820 5071 nos
2866 5023 3298 5077 antecesserunt,
3345 5014 3522 5068 visum

1956 5121 2040 5170 est
2099 5112 2401 5181 diapsalma
2444 5110 2753 5181 signiﬁcare
2793 5107 2893 5164 vel‘
2927 5106 3288 5162 mutationem
3319 5104 3526 5175 cogita-

1959 5208 2122 5261 tionis
2155 5222 2249 5261 seu
2296 5207 2532 5272 consilii,
2574 5206 2657 5260 vel
2688 5201 3044 5274 personm,vel
3089 5200 3190 5255 rei.
3242 5197 3355 5253 Nos
3400 5210 3528 5251 vero

1959 5296 2180 5351 Patrum
2226 5290 2481 5365 opinione
2519 5309 2626 5349 non
2676 5293 2886 5363 ahjecta
2938 5280 3074 5360 (94),
3111 5303 3219 5342 non
3251 5283 3519 5341 cunctabi.

1961 5404 2085 5443 mur
2114 5388 2317 5457 aliquid
2355 5387 2516 5443 etiam
2553 5402 2618 5441 ex
2650 5385 2805 5440 nobis
2836 5383 2905 5439 de
2936 5379 3184 5436 vocabuli
3230 5377 3397 5445 hujus
3448 5376 3522 5431 si-

1962 5479 2307 5549 gniﬁcatione
2352 5479 2680 5548 excogitare.
2733 5469 3054 5546 Hujusmodi
3088 5470 3253 5539 igitur
3292 5465 3524 5536 quadam

1962 5566 2031 5627 de
2054 5566 2415 5639 diapsalmate
2457 5566 2860 5627 existimatione
2901 5559 3096 5617 imbuti
3145 5572 3356 5621 sumus,
3405 5571 3531 5612 cum
