4044 6528
511 377 622 437 ⁵55

1779 387 1836 442 S.
1877 387 2206 446 GREGORII
2243 389 2537 447 NYSSENI

3663 389 3776 448 ἰέἶϐ

511 519 680 559 cursu
729 519 832 559 suo
868 513 921 560 et
965 503 1180 568 ordine,
1223 505 1526 586 psalmodia
1581 508 1933 584 procedente,
1979 511 2083 564 alia

2192 511 2404 580 ἐγένετο
2438 512 2641 584 μεταξὺ
2673 511 3102 584 προφητεύοντος
3140 510 3229 564 τοῦ
3260 512 3442 574 easta,
3483 511 3646 588 ἑτέρα
3672 510 3770 566 τοῦ

513 596 759 666 qua'dam
793 597 934 651 inter
970 595 1403 668 prophetandum
1433 605 1488 652 et
1519 599 1848 662 canendum,
1893 616 1922 653 a
1959 599 2085 670 Spi-

511 691 622 743 ritu
650 700 839 744 saneto
863 689 1180 751 illustratio,
1210 695 1264 742 et
1289 687 1434 748 velut
1465 688 1893 746 additamentum
1921 692 2088 761 quod-

513 781 638 836 dam
673 782 911 844 caelestis
941 780 1274 854 cognitionis
1308 781 1535 840 veniret.
1567 781 1634 836 ad
1669 781 1958 836 utilitatem
1989 797 2086 837 eo-

513 889 636 928 rum
682 873 776 948 qui
823 873 1044 927 oracula
1103 871 1219 928 hazc
1272 873 1546 952 recepturi
1591 882 1769 938 erant,
1826 875 2088 936 cohibens

514 982 666 1020 suam
689 981 876 1020 vocem
904 965 1093 1031 David,
1119 965 1354 1035 spatium
1388 963 1569 1018 animo
1595 963 1760 1020 dabat
1781 965 2086 1036 excipiendi

512 1059 881 1128 cognitionem
913 1057 1218 1114 caelestium
1250 1071 1579 1114 arcanorum
1609 1072 1638 1122 α
1670 1057 1853 1114 divina
1886 1057 2089 1112 illumi-

511 1151 736 1206 natione
764 1151 1010 1204 missam.
1065 1148 1130 1202 Ει
1151 1149 1610 1222 quemadmodum
1643 1149 1920 1216 nonnulli,
1955 1148 2086 1203 dum

511 1243 594 1298 vel
628 1243 733 1322 iter
758 1243 922 1300 simul
955 1241 1184 1306 iaciunt,
1224 1243 1306 1296 vel
1343 1243 1395 1296 in
1428 1243 1698 1298 conviviis
1725 1250 1780 1298 et
1811 1243 2088 1298 conventi-

511 1335 659 1390 tibus
707 1335 870 1391 simul
917 1335 1327 1408 colloquuntur,
1370 1333 1416 1389 si
1463 1349 1530 1389 ex
1582 1335 1879 1404 improviso
1915 1350 2085 1398 sonus

511 1424 780 1498 quispiam
819 1423 884 1477 ad
917 1438 1078 1480 aures
1119 1421 1354 1488 accidat,
1385 1421 1616 1492 abrupto
1646 1437 1920 1488 sermone,
1961 1421 2084 1476 ani-

513 1531 659 1568 mum
696 1523 750 1569 et
787 1514 1174 1582 cogitationem
1205 1511 1270 1565 ad
1299 1513 1594 1567 excitatum
1631 1511 1918 1582 strepitum
1953 1527 2086 1568 con-

511 1615 751 1670 vertunt,
784 1609 1067 1678 otiumque
1099 1605 1502 1678 quodammodo
1535 1621 1633 1676 per
1659 1608 1896 1676 quietem
1935 1607 2083 1662 auri-

511 1699 615 1754 bus
647 1701 973 1764 largiuntur,
1025 1707 1084 1754 ut
1135 1699 1204 1754 ad
1249 1715 1445 1754 sonum
1480 1715 1546 1754 eo
1595 1701 1868 1756 intensius
1909 1701 2086 1756 inten-

511 1793 662 1856 dant,
698 1793 895 1848 deinde
925 1793 1113 1848 sedato
1142 1795 1397 1862 strepitu,
1428 1809 1713 1849 sermones
1746 1793 2084 1861 interruptos

2190 604 2345 674 ἁγίου
2399 605 2716 675 Πνεύματος
2763 605 3044 678 ἕλλαμψις,
3101 606 3194 658 καὶ
3237 606 3518 677 προσθήκη
3556 623 3640 668 τις
3675 603 3774 658 τοῦ

2189 697 2331 752 κατὰ
2360 696 2458 770 τὴν
2479 697 2679 765 γνῶσιν
2713 698 3070 768 χαρίσματος,
3107 699 3192 748 ἐπ’
3226 697 3462 767 ὠφελείᾳ.
3495 697 3602 750 τῶν
3621 697 3774 766 δεχοί-

2193 788 2368 862 μένων
2397 790 2494 860 τὴν
2521 788 2855 859 προφητείαν
2883 805 2896 818 ³
2943 789 3155 860 ἐπέχων
3195 789 3387 842 ἑαυτοῦ
3417 789 3516 858 τὴν
3559 789 3772 858 φωνὴν,

2189 879 2381 949 καιρὸν
2411 879 2577 934 ἐδίδου
2607 883 2672 952 τῇ
2706 880 2912 950 διανοίᾳ
2940 880 3191 946 δέξασθαι
3216 881 3324 932 τῶν
3352 881 3638 954 νοημάτων
3667 881 3774 948 τὴν

2188 972 2390 1038 γνῶσιν
2423 971 2530 1024 τῶν
2572 973 2872 1041 γινομένων
2913 973 2969 1024 ὲν
3015 973 3162 1042 αὐτῷ
3211 973 3360 1042 παρὰ
3381 973 3482 1042 τῆς
3509 973 3658 1033 θείας
3687 973 3774 1025 si..-

2189 1060 2467 1132 λάμψεως.
2502 1063 2610 1116 Καὶ
2650 1061 2838 1134 ὥσπερ
2868 1063 3124 1125 πολλάκις
3153 1063 3292 1126 τινες
3319 1063 3352 1133 ἢ
3399 1065 3456 1116 ἐν
3493 1062 3598 1132 ὁδῷ
3629 1080 3774 1132 συμ-

2190 1151 2586 1223 6αδίζοντες,·ῆ
2637 1155 2694 1205 ἑν
2740 1152 3059 1222 συμποσίοις
3098 1152 3258 1213 τισὶν,
3297 1153 3330 1223 ἦ
3380 1153 3440 1206 ἑν
3489 1151 3774 1220 συλλόγοις

2192 1247 2308 1314 μετ’
2338 1243 2584 1316 ἀλλήλων
2612 1244 3005 1316 διαλεγόμενοι,
3053 1245 3106 1298 εἴ
3144 1245 3306 1297 ποθεν
3337 1243 3544 1314 ἁθρόως
3569 1243 3772 1316 ἦχησις

2187 1338 2307 1398 ταῖς
2337 1336 2525 1400 ἀκοαῖς
2559 1337 2874 1408 προσϐάλοι,
2923 1337 3262 1414 παυσάμενοι
3296 1335 3389 1388 τοῦ
3425 1334 3584 1403 λόγου
3629 1334 3773 1406 πρὸς

2186 1427 2278 1484 τὸν
2305 1421 2438 1500 ἦχον
2457 1431 2522 1504 τῇ
2551 1429 2758 1500 διανοίᾳ
2783 1429 3141 1484 συντείνονται
3162 1467 3177 1492 ,
3213 1427 3406 1498 σχολὴν
3437 1427 3773 1500 παρέχοντες

2187 1517 2255 1570 δι’
2288 1517 2516 1588 ήσυχίας
2545 1521 2614 1589 τῇ
2653 1520 2789 1589 ἀκοῇ
2823 1518 2914 1570 τοῦ
2947 1517 3148 1586 γνῶναι
3181 1517 3274 1572 τοῦ
3321 1519 3454 1588 ήχου
3481 1517 3578 1588 τὴν
3601 1515 3770 1570 δύνα-

2191 1627 2311 1682 μιν.
2342 1605 2461 1674 εἶτα
2485 1611 2837 1682 παυσαμένης
2867 1612 2968 1682 τῆς
3010 1609 3393 1682 προσηκούσης
3428 1610 3630 1678 φωνῆς,
3659 1609 3770 1660 πά-

2188 1701 2270 1756 λιν
2295 1703 2402 1755 τῶν
2421 1703 2555 1775 πρὸς
2581 1701 2845 1774 ἀλλήλους
2865 1703 3076 1773 ἔχονται
3103 1701 3278 1771 λόγων
3299 1718 3312 1732 ·
3339 1702 3512 1766 οὕτως
3533 1702 3562 1754 ὁ
3589 1701 3772 1771 μέγας

2191 1793 2355 1852 Δα6ὶδ
2375 1793 2726 1866 ὑποφητεύων
2755 1792 3049 1866 Πνεύματι,
3071 1793 3164 1849 ἅτε
3193 1793 3403 1864 φθάσας
3436 1791 3768 1866 μεμαθήκει.

513 1895 798 1940 resumunt
829 1905 842 1940 :
886 1886 966 1940 sic
1000 1896 1053 1939 et
1079 1901 1308 1954 magnus
1335 1883 1502 1938 David
1537 1883 1768 1956 Spiritui
1812 1897 2004 1940 sancto
2026 1886 2080 1940 in

2192 1885 2389 1957 διεξῄει
2416 1854 2746 1958 τῇμελῳδία
2767 1903 2782 1919 ·
2813 1854 2914 1944 καί
2932 1887 2986 1940 εἴ
3003 1854 3054 1939 τι
3085 1854 3287 1956 μεταξὺ
3313 1854 3485 1954 λέγων
3509 1854 3770 1940 iussiss-

512 1979 751 2032 oraculis
811 1977 1126 2048 promendis
1179 1979 1556 2042 subserviens,
1610 1995 1732 2048 quae
1795 1977 2081 2042 didicerat,

512 2083 608 2139 per
649 2069 940 2123 melodiam
971 2069 1300 2140 explicabat,
1343 2076 1397 2122 et
1442 2069 1486 2122 si
1517 2069 1648 2142 quid
1682 2070 1824 2124 inter
1859 2071 2085 2141 loquen-

511 2161 640 2214 dum
673 2159 1024 2223 edocebatur,
1073 2161 1274 2216 cedens
1319 2161 1366 2215 ei
1419 2161 1510 2230 qui
1543 2160 1898 2231 spiritualiter
1930 2161 2086 2216 audi-

512 2260 628 2304 tum
659 2253 858 2306 mentis
887 2251 1195 2315 insonabat,
1233 2261 1568 2322 cautumque
1599 2255 1822 2317 sistens,
1858 2270 1981 2310 cum
2007 2254 2088 2310 di-

511 2343 656 2402 vinis
696 2345 1124 2422 cogitationibus
1151 2361 1346 2402 rursus
1374 2349 1615 2417 repletus
1639 2355 1806 2410 esset,
1834 2363 1927 2402 eas
1951 2363 2086 2417 pan-

511 2435 708 2506 debat;
737 2449 1105 2510 acceptosque
1139 2453 1427 2494 sermones
1455 2439 1701 2494 melodiae
1727 2447 1782 2504 et
1815 2439 2088 2496 concenti-

511 2525 615 2584 bus
639 2529 753 2596 suis
781 2527 1090 2600 adaptabat.
1119 2528 1216 2584 Est
1254 2529 1422 2599 igitur
1449 2530 1771 2600 diapsalma,
1801 2531 1846 2585 si
1879 2531 2002 2602 quis
2033 2530 2085 2584 id

511 2621 830 2677 delinitione
857 2621 1319 2694 comprehendere
1357 2621 1506 2684 velit,
1539 2623 1774 2678 cessatio
1801 2637 1895 2680 seu
1928 2623 2085 2694 quies

510 2715 805 2786 derepente
841 2716 984 2770 inter
1013 2715 1351 2786 psallendum
1384 2714 1546 2779 facta,
1599 2715 1666 2770 ad
1717 2716 2082 2786 receptionem

509 2806 774 2862 divinitus
836 2807 1019 2864 missa:
1077 2807 1485 2863 illustrationis.
1542 2787 1642 2862 ‘Vel
1691 2808 1902 2864 rectius
1968 2807 2086 2864 dia-

510 2899 722 2976 psalma
772 2899 874 2956 hcc
907 2898 1069 2954 modo
1119 2899 1244 2970 quis
1291 2898 1615 2960 deliniverit.
1670 2898 1716 2954 si
1757 2899 1924 2958 dicat.
1965 2913 2086 2954 esse

510 2993 818 3056 doctrinam
861 3007 891 3048 a
923 2991 1132 3062 Spiritu
1165 2999 1360 3048 sancto
1405 2991 1601 3046 animat
1647 2989 1700 3046 in
1750 2991 1967 3046 occulto
2002 2991 2086 3048 in-

511 3085 796 3154 spiratam,
834 3083 1066 3140 melodia
1103 3100 1198 3154 per
1227 3083 1580 3140 attentionem
1608 3081 1674 3136 ad
1699 3081 1843 3146 hanc
1874 3083 2086 3138 instru-

2189 1995 2376 2042 σκετο,
2413 1977 2629 2048 ὑπέχων
2666 1978 2743 2048 τῷ
2785 1977 3171 2048 πνευματικῶς
3205 1976 3486 2048 ὲνηχοῦντι
3531 1977 3628 2047 τὴν
3662 1978 3772 2048 τῆς

2185 2067 2361 2139 ψυχῆς
2390 2067 2578 2144 ἀκοὴν,
2606 2069 2699 2122 καὶ
2727 2067 3108 2142 κατασιγὰζων
3128 2067 3188 2120 τὸ
3229 2068 3410 2138 μέλος,
3438 2064 3512 2121 ὢν
3539 2067 3604 2120 ἂν
3629 2068 3774 2140 κλῇ-

2189 2176 2287 2232 ρης
2311 2159 2528 2228 ἐγένετο
2563 2160 2868 2230 νοημάτων,
2909 2159 3080 2214 ταῦτα
3131 2158 3332 2230 διεξῄει
3359 2159 3519 2212 πάλιν
3542 2160 3774 2230 ἑνείρων

2186 2254 2252 2322 τῇ
2287 2251 2522 2324 μελῳδίᾳ
2547 2252 2674 2314 τοὺς
2702 2250 2910 2320 λόγους.
2956 2253 3140 2306 Ἔστιν
3164 2247 3256 2304 οὖν
3281 2253 3340 2304 τὸ
3365 2251 3661 2324 διάψαλμα,
3689 2251 3774 2316 ὡς

2187 2341 2252 2398 ἄν
2275 2358 2360 2408 τις
2410 2342 2519 2412 ὅρῳ
2548 2341 2856 2414 περιλαϐὼν
2895 2341 3058 2406 εἴποι,
3089 2341 3287 2412 μεταξὺ
3324 2341 3421 2413 τῆς
3449 2340 3774 2412 ψαλμῳδίας

2187 2433 2454 2504 γενομένη
2485 2433 2624 2490 κατὰ
2653 2433 2712 2488 τὸ
2741 2433 2933 2504 ἀθρόον
2957 2434 3320 2506 ὲπηρέμησις,
3340 2434 3474 2505 πρὸς
3499 2433 3772 2504 ὑποδοχὴν

2186 2523 2280 2580 τοῦ
2306 2524 2485 2578 θεόθεν
2523 2525 2938 2598 ὲπικρινομένου
2968 2526 3260 2596 νοήματος.
3293 2525 3362 2578 Ἢ
3385 2525 3524 2578 οὓτω
3563 2523 3774 2595 μᾶλλον

2187 2617 2254 2676 ἄν
2284 2633 2367 2679 τις
2395 2616 2636 2688 ὁρίσαιτο
2665 2615 2728 2672 τὸ
2755 2615 3031 2690 διὰψαλμα
3053 2612 3189 2670 εἶναι
3239 2617 3582 2672 διδασκαλίαν
3613 2617 3772 2688 παρὰ

2186 2709 2281 2764 τοῦ
2319 2707 2627 2778 Πνεύματος
2663 2711 2730 2778 τῇ
2761 2708 2908 2780 ψυχῇ
2950 2707 3092 2764 κατὰ
3109 2709 3170 2762 τὸ
3210 2709 3516 2782 ἀπόρρητον
3551 2713 3770 2778 ἐγγινο-

2189 2800 2479 2872 μένην,τῆς
2511 2801 2640 2872 περὶ
2665 2800 2724 2862 τὸ
2749 2799 2927 2874 νόημα
2958 2799 3114 2858 τοῦτο
3137 2799 3410 2872 προσοχῆς
3431 2801 3492 2854 τὸ
3545 2802 3772 2872 συνεχὲς

2187 2893 2286 2964 τῆς
2317 2891 2578 2962 μελῳδίας
2604 2891 3020 2964 ἑπικοπτούσης.
3083 2893 3169 2956 Ὠς
3203 2891 3248 2948 δ’
3274 2891 3339 2946 ἂν
3382 2891 3457 2963 μὴ
3485 2892 3776 2963 νομισθείη

2185 2987 2299 3048 τοῖς
2329 2983 2539 3046 πολλοῖς
2566 2987 2788 3054 σημεῖον
2819 2983 3062 3052 γίνεσθαι
3105 2984 3203 3056 τὴν
3235 2983 3446 3054 σιωπὴν
3465 2983 3559 3035 τοῦ
3585 2983 3778 3036 ἑπιλερ

2187 3075 2432 3130 λοιπέναι
2459 3074 2549 3128 τὸν
2575 3074 2985 3146 προφητεύόντα
3009 3075 3114 3150 τὴν
3145 3073 3238 3130 τοῦ
3267 3075 3423 3142 ἁγίου
3449 3075 3780 3146 Πνεύματος

511 3178 750 3234 ctionem
785 3175 1109 3246 interrupta,
1164 3183 1224 3230 ut
1259 3177 1536 3232 silentium
1567 3177 1672 3231 hoc
1695 3175 1909 3230 dederit
1943 3175 2084 3230 mulv

2192 3169 2448 3240 δύναμιν,
2486 3167 2674 3222 τούτου
2699 3168 2860 3238 χάριν
2885 3167 3027 3232 τινὲς
3057 3167 3166 3221 τῶν
3207 3168 3490 3242 ἑρμηνέων
3519 3170 3640 3224 ἀντὶ
3671 3167 3778 3223 τοῦ

511 3269 584 3324 tis
630 3265 982 3328 occasionem
1020 3265 1397 3332 existimandi,
1443 3265 1766 3338 prephetam
1811 3280 1841 3320 a
1887 3265 2087 3322 virtute

2192 3261 2548 3332 διαψάλματος
2573 3261 2634 3312 τὸ
2664 3279 2681 3310 ι
2705 3261 2816 3313 Ἀεὶ
2841 3279 2860 3312 ι
2894 3261 3009 3324 τοῖς
3062 3259 3414 3331 διαλείμμασι
3445 3260 3654 3324 τούτοις
3685 3261 3782 3329 ἑγ-

515 3356 751 3428 Spiritus
783 3357 959 3412 sancti
984 3357 1306 3414 destitutum
1337 3356 1530 3414 fuisse.
1567 3357 1831 3423 Quocirca
1863 3355 2084 3426 quidam

2192 3351 2506 3423 γράφουσιν.
2549 3349 2636 3412 Ὠς
2688 3349 2756 3403 ἂν
2808 3349 2896 3403 διὰ
2951 3350 3141 3403 τούτου
3173 3351 3456 3422 μάθοιμεν,
3487 3353 3627 3422 ὃτιή
3669 3353 3782 3422 μὲν

511 3453 846 3522 interpretes
891 3449 1012 3506 loco
1052 3447 1426 3518 diapsalmatis
1466 3449 1750 3512 ascribunt
1775 3446 2086 3517 hujusmodi

2193 3441 2344 3512 παρὰ
2388 3439 2482 3498 τοῦ
2529 3441 2686 3508 ἁγίου
2719 3441 3035 3512 Πνεύματος
3078 3442 3136 3494 ἐν
3178 3445 3244 3512 τῇ
3273 3441 3416 3513 ψυχῇ
3451 3441 3778 3496 διδασκαλία

513 3539 842 3602 intervallis,
870 3553 966 3594 seu
997 3537 1190 3608 spatiis
1217 3538 1568 3602 vocabulum,
1609 3556 1628 3590 ‹
1669 3538 1914 3608 Semper,
1958 3556 1976 3590 ι
2031 3544 2089 3590 ut

2192 3533 2416 3586 πάντοτε
2447 3525 2516 3602 ἦν
2540 3547 2552 3561 ·
2602 3533 2630 3586 ὁ
2657 3530 2714 3582 δὲ
2761 3531 3080 3602 ἑρμηνεύων
3123 3533 3189 3588 τὰ
3235 3533 3560 3604 ἑγγινόμενα
3585 3533 3782 3588 θεόθεν

511 3649 580 3688 ex
622 3633 725 3688 hoc
770 3629 1072 3694 discamus,
1122 3629 1282 3684 istam
1325 3643 1355 3684 a
1393 3629 1604 3700 Spiritu
1653 3640 1845 3686 sancto
1892 3631 2088 3684 anima!

2192 3625 2256 3693 τῇ
2289 3623 2434 3694 ψυχῇ
2461 3623 2704 3692 νοήματα
2735 3621 2911 3691 λόγος,
2939 3625 2998 3677 οὺ
3023 3624 3251 3680 πάντοτε
3273 3622 3361 3698 ἦν·
3397 3626 3532 3684 ἀλλὰ
3572 3627 3635 3679 τὸ
3671 3627 3780 3695 μὲν

513 3726 822 3782 immissam
861 3723 1164 3778 doctrinam
1196 3736 1410 3792 semper
1439 3721 1746 3786 exstitisse;
1781 3735 2086 3776 sermonem

513 3829 648 3872 vero
675 3816 770 3890 qui
798 3815 959 3872 nobis
993 3812 1237 3882 explicat
1270 3826 1432 3866 sensa
1459 3811 1730 3866 divinitus
1761 3813 1956 3866 animae
1989 3811 2092 3868 im-

513 3921 727 3978 pressa,
769 3919 880 3960 non
919 3917 1136 3974 semper
1165 3900 1355 3955 fuisse.
1401 3900 1672 3956 Caeterum
1711 3901 1910 3966 partim
1965 3899 2088 3972 qui-

515 4001 638 4056 dem
687 3996 885 4056 nientis
935 4011 1097 4050 sensa
1141 3994 1405 4064 propheta
1463 3991 1843 4062 eloquebatur,
1895 3991 2089 4062 partim

516 4085 622 4138 alia
656 4083 873 4146 caelitus
902 4081 1228 4151 excipiebat.
1265 4079 1546 4148 Quatenus
1575 4081 1743 4151 igitur
1771 4081 2040 4136 ellabatur
2062 4095 2092 4134 a

517 4178 628 4232 Deo
653 4179 952 4250 impressas
980 4176 1084 4230 sibi
1117 4176 1394 4238 notiones,
1426 4175 1757 4246 procedebat
1781 4191 1890 4234 non
1931 4174 2190 4232 intercisa
2235 4177 2378 4234 serie
2409 4177 2743 4248 psalmodia;

2191 3713 2448 3783 ὲξεφὼνει
2475 3714 2575 3784 τῆς
2623 3713 2859 3776 διανοίας
2880 3753 2894 3776 ,
2936 3714 2997 3767 τὸ
3030 3715 3086 3770 δὲ
3121 3715 3427 3786 ὑπεδέχετο.
3477 3717 3562 3768 Ἐν
3587 3709 3634 3784 ᾧ
3669 3717 3780 3786 μὲν

2191 3801 2284 3861 οὖν
2315 3804 2608 3875 ἐξηγόρευε
2650 3805 2720 3862 τὰ
2757 3804 3132 3862 ἑντυπωθὲντα
3159 3809 3226 3877 τῇ
3251 3806 3458 3878 διανοίᾳ
3501 3808 3776 3876 νοήματα,

2193 3891 2422 3966 προσῄει
2445 3892 2507 3946 δι’
2544 3893 2837 3946 ἀκολούθου
2867 3895 2900 3962 ἡ
2923 3893 3232 3964 ψαλμῳδία·
3273 3895 3326 3946 εἰ
3345 3894 3404 3947 δέ
3425 3911 3478 3954 τι
3505 3894 3612 3948 τῶν
3637 3894 3782 3946 θειο-

2181 3987 2365 4058 ⁴στέρων
2389 3984 2556 4040 αὐτοῦ
2587 3985 2684 4055 τήν
2705 3986 2804 4056 τῆς
2835 3985 3014 4055 ψυχῆς
3055 3985 3225 4056 ἀκοὴν
3263 3987 3618 4056 περιήχησεν,
3650 3983 3780 4048 ὅλος

2196 4081 2295 4150 τῆς
2315 4081 2632 4152 ἀκροάσεως
2658 4075 2746 4152 ἦν,
2777 4081 3156 4148 κατασιγάζων
3181 4080 3242 4134 τδ
3266 4082 3444 4152 μέλος.

2827 4179 2872 4235 si
2912 4179 3040 4247 quid
3093 4192 3220 4232 vero
3279 4193 3344 4232 ex
3409 4176 3782 4232 divinior-ibus

517 4274 683 4328 rebus
727 4271 973 4328 auditum
1011 4271 1211 4324 mentis
1256 4270 1713 4338 circumsonaret,
1754 4281 1928 4332 totum
2003 4287 2124 4328 sese
2163 4273 2231 4329 ad
2260 4271 2686 4328 auscultandum
2721 4273 3096 4340 comparabat,
3131 4271 3448 4326 intermisso
3509 4281 3698 4326 cantu.

589 4365 646 4421 Si
678 4365 864 4436 igitur,
907 4361 1114 4434 Spiritu
1145 4372 1337 4422 sancto
1368 4364 1532 4426 etiam
1561 4365 1681 4434 ipso
1707 4365 1910 4424 silentii
1949 4375 2088 4426 tem.

517 4459 651 4528 pore
683 4455 740 4508 in
782 4467 850 4508 eo
881 4455 1156 4522 loquente,
1195 4452 1371 4508 oratio
1408 4453 1570 4522 quasi
1615 4453 1966 4512 intervallum
1995 4457 2094 4512 ha-

517 4547 684 4606 bebat
730 4543 1101 4614 (intervallum
1152 4551 1334 4599 autem
1382 4544 1452 4598 ab
1493 4543 1884 4614 interpretibus
1915 4549 2092 4604 nomi-

2277 4369 2390 4423 Ἀεὶ
2407 4367 2584 4422 τοίνυν
2627 4367 2722 4419 τοῦ
2749 4367 2906 4434 ἁγίου
2922 4365 3234 4435 Πνεύματος
3253 4367 3348 4420 καὶ
3379 4365 3528 4436 παρὰ
3554 4365 3646 4419 τὸν
3677 4369 3778 4438 τῆς

2197 4460 2412 4531 σιωπῆς
2443 4459 2634 4530 καιρὸν
2667 4460 2724 4511 ἑν
2771 4457 2918 4528 αὐτῷ
2953 4458 3274 4522 λαλοῦντος,
3317 4460 3344 4511 ό
3373 4456 3528 4526 λόγος
3569 4461 3626 4510 ὲν
3657 4459 3776 4511 δια-

2197 4553 2490 4624 λείμμασιν
2527 4545 2595 4622 ἦν
2629 4550 2725 4618 (τὸ
2756 4549 2812 4604 δὲ
2848 4549 3146 4620 διάλειμμα
3179 4548 3328 4620 παρὰ
3365 4548 3474 4601 τῶν
3507 4551 3776 4619 ἑρμηνευ-

518 4647 708 4694 natum
733 4647 819 4695 est
869 4656 889 4690 ε
921 4639 1222 4710 diapsalma
1260 4638 1330 4710 ι),
1365 4636 1674 4708 divisioque
1713 4641 1880 4696 totius
1919 4641 2084 4712 hujus

2197 4648 2405 4701 σάντων
2452 4642 2743 4715 ὠνομάσθη
2790 4641 3138 4713 διάψαλμαΓ
3159 4643 3258 4706 τῆς
3299 4641 3357 4695 δὲ
3387 4641 3775 4712 ιθεωρηθείσης

517 4732 644 4788 libri
673 4733 727 4786 in
761 4732 1006 4802 quinque
1033 4741 1214 4802 partes
1253 4731 1533 4786 distributi
1575 4739 1723 4787 recte
1755 4748 1785 4786 a
1816 4733 1977 4788 nobis
2007 4735 2093 4788 in-

518 4823 712 4881 stituta
746 4832 852 4886 est,
887 4821 1076 4878 licebit
1105 4837 1240 4877 sane
1269 4838 1336 4876 ex
1369 4822 1454 4877 his
1483 4822 1648 4876 etiam
1693 4821 2092 4892 demonstrare,

517 4928 704 4978 veram
745 4927 870 4976 esse
897 4917 1164 4972 rationem
1199 4929 1362 4984 quam
1393 4913 1672 4982 dedimus;
1696 4915 1838 4984 quod
1863 4916 2095 4982 scilicet,

519 5007 680 5080 quasi
713 5005 1126 5066 introductione
1152 5005 1387 5076 quadam
1419 5022 1637 5078 semper
1681 5007 1750 5062 ad
1777 5009 2098 5065 sublimiora

519 5113 619 5172 per
638 5099 938 5170 quamlibet
963 5101 1264 5166 sectionem
1306 5099 1558 5168 ducatur,
1595 5100 1912 5172 quicunque
1950 5103 2100 5173 psal-

521 5206 740 5260 morum
791 5191 1056 5262 auspiciis
1117 5191 1186 5256 ad
1240 5191 1634 5262 perfectionem
1697 5194 1912 5248 nititur.
1971 5189 2100 5250 Sola

522 5285 673 5346 enim
711 5285 902 5350 ultima
937 5285 1273 5358 psalmorum
1315 5286 1486 5340 sectio
1515 5285 1584 5340 ab
1624 5286 1782 5342 initio
1821 5304 1996 5358 usque
2029 5289 2097 5352 ad

525 5376 686 5442 linem
735 5377 1053 5444 continuam
1107 5377 1402 5448 quamdam
1455 5385 1512 5434 et
1562 5394 1673 5432 non
1731 5379 2094 5450 interruptam

525 5469 876 5541 hymnod-iatn
905 5470 1171 5535 continet,
1217 5479 1274 5524 et
1311 5485 1580 5539 nusquam
1615 5469 1974 5541 diapsalmate
2015 5473 2102 5528 in-

525 5564 802 5628 tercisam,
839 5571 898 5628 ut
930 5563 1114 5620 videre
1138 5571 1224 5624 est
1255 5562 1312 5626 in
1356 5562 1612 5620 omnibus
1647 5563 1936 5632 graduum,
1977 5579 2100 5634 qua:

527 5662 726 5708 vocant
765 5656 1020 5720 canticis,
1052 5663 1107 5710 et
1149 5655 1204 5709 in
1237 5654 1325 5718 iis,
1375 5669 1610 5726 quorum
1661 5655 1947 5726 inscriptio
1996 5664 2102 5720 est,

529 5759 556 5792 ε
584 5745 822 5802 alleluia.
859 5766 878 5799 ι
911 5747 1236 5803 Ostenditur
1271 5747 1441 5812 enim,
1472 5754 1532 5800 ut
1562 5746 1820 5812 arbitrer,
1864 5747 1968 5802 hac
2007 5748 2104 5804 ob-

525 5838 860 5906 servatione,
899 5839 954 5894 in
984 5839 1107 5896 aliis
1139 5837 1381 5910 quidem,
1418 5849 1478 5894 ut
1511 5838 1883 5906 inferioribus,
1923 5840 2100 5910 locum

2200 4742 2330 4812 ἡμῖν
2370 4737 2685 4811 διαιρέσεως
2729 4739 2786 4789 ἑν
2821 4738 2969 4808 πάσῃ
3016 4739 3082 4808 τῇ
3127 4735 3291 4808 βίϐλῳ
3333 4735 3432 4806 τῆς
3457 4735 3776 4806 ψαλμιεῶίας

2201 4828 2344 4904 [τῆς]
2372 4830 2612 4900 πενταχῆ
2641 4829 2996 4902 διῃρημένης,
3017 4829 3237 4884 δυνατόν
3253 4831 3367 4882 ἑστι
3387 4830 3478 4881 καὶ
3498 4828 3774 4881 ἐκτούτων

2194 4919 2370 4994 ἀληθῆ
2400 4921 2501 4992 τὴν
2551 4919 2730 4972 αἰτίαν
2779 4917 3184 4990 ἀποδειχθῆναι,
3223 4919 3290 4989 ἢν
3332 4919 3652 4989 ὲνοήσαμεν.
3693 4919 3779 4971 ὅτι

2193 4995 2292 5068 διά
2325 5030 2470 5076 τινος
2519 5011 2887 5084 προσαγωγῆς
2918 5011 3005 5068 ἀεὶ
3047 5013 3182 5082 πρὸς
3229 5010 3290 5064 τὸ
3341 5010 3670 5080 ὑψηλότερον
3705 5010 3776 5064 δι’

2196 5106 2427 5168 ἑκάστου
2467 5104 2576 5158 τῶν
2621 5104 2924 5174 τμημάτων
2973 5105 3389 5176 χειραγωγείται
3431 5104 3460 5158 ό
3503 5101 3571 5154 δι’
3613 5101 3778 5156 αὐτὸν

2197 5197 2580 5268 ὁδηγούμενος.
2615 5197 2791 5252 Μόνον
2831 5197 2942 5268 γὰρ
2987 5197 3295 5252 τελευταῖον
3326 5194 3432 5248 τῶν
3471 5193 3777 5266 τμημάτων

2201 5291 2296 5346 ἀπ’
2343 5289 2517 5360 ἀρχῆς
2553 5291 2632 5352 είς
2659 5289 2810 5352 τέλος
2849 5290 2934 5358 ἐφ’
2965 5287 3194 5342 ἑκάστου
3226 5283 3440 5355 ψαλμοῦ
3487 5285 3682 5354 συνεχῆ
3715 5300 3778 5336 τε

2203 5383 2298 5438 καὶ
2325 5380 2688 5438 ἀδιάσπαστον
2707 5381 2807 5450 τὴν
2837 5379 3262 5450 ὑμνῳδίανλὲαει,
3289 5377 3522 5447 οὐδαμοῦ
3539 5378 3776 5446 διαιρου-

2206 5474 2374 5545 μένην
2403 5473 2490 5544 τῷ
2527 5472 2878 5546 διαψάλματι.
2936 5472 3012 5526 Ἦ
3039 5488 3098 5524 τε
3127 5471 3235 5542 γὰρ
3263 5471 3346 5538 ἐφ’
3387 5471 3617 5526 ἑκάστου
3666 5467 3779 5520 τῶν

2203 5563 2534 5635 ἀναϐαθμῶν
2578 5564 2689 5634 ᾠδὴ
2749 5561 2936 5618 τοῦτον
2989 5561 3104 5631 ἔχει
3146 5561 3237 5614 τὸν
3283 5559 3510 5630 τρόπον,
3563 5559 3658 5614 καὶ
3703 5550 3778 5612 ὧν

2204 5654 2482 5724 ἐπιγραφή
2511 5655 2626 5706 ἑστι
2658 5651 2719 5704 τὸ
2749 5671 2768 5702 ‹
2803 5650 3138 5722 Ἀλληλούῖα.
3167 5670 3184 5702 ο
3216 5649 3500 5704 Δείκνυται
3526 5647 3654 5718 γὰρ,
3701 5647 3777 5710 ὼς

2203 5741 2379 5816 οἶμαι,
2423 5745 2512 5798 διὰ
2549 5744 2648 5815 τῆς
2689 5742 2944 5812 τοιαύτης
2979 5745 3433 5813 παρατηρήσεως,
3468 5743 3548 5795 ὅτι
3582 5744 3639 5794 ἐν
3675 5740 3776 5810 μὲν

2202 5839 2313 5902 τοῖς
2346 5835 2555 5902 ἄλλοις,
2612 5837 2704 5892 ἅτε
2747 5835 2810 5906 δὴ
2858 5835 3181 5904 κατωτέροις
3222 5829 3360 5898 οὖσι,
3393 5831 3572 5904 χώραν
3601 5833 3711 5903 ἔχει
3747 5835 3776 5887 ὁ
