3986 6508
209 426 309 480 557

1610 434 1679 489 ΙΝ
1718 435 2054 492 PSALMOS.

3360 442 3470 498 558

208 542 273 594 τὰ
302 541 608 614 ὑψηλότερα
658 546 1061 601 ἐπεκδιδάσκων
1113 554 1391 621 νοήματα.
1441 552 1535 605 καὶ
1589 553 1769 623 μεταξὲ

1892 554 2093 609 habere
2122 553 2215 624 qui
2252 551 2573 608 sublimiora
2608 551 2855 616 edoceat,
2890 567 3273 622 sermonisque
3303 554 3466 609 seriei

210 638 545 708 παρενείρων
585 641 651 709 τῇ
688 640 977 713 ἀκολουθίᾳ
1029 644 1121 705 τοῦ
1172 644 1330 711 λόγου
1388 644 1497 696 τῶν
1541 644 1676 714 πρὸς
1724 644 1784 697 τὸ

210 730 452 796 κρεῖττον
496 728 808 800 δυναμένων
847 733 1138 802 ἀναγαγεῖν
1178 735 1275 804 τὴν
1301 735 1553 788 διάνοιαν.
1624 735 1689 787 Ἢ
1729 734 1784 787 δέ

204 818 288 870 διΞι
305 819 413 871 τῶν
443 839 461 869 r
486 822 838 892 Ἀναϐαθμῶν
867 846 884 875 ι
926 825 1223 890 τελείωσις,
1261 828 1353 880 καὶ
1382 822 1461 890 οἷς
1492 828 1783 898 προγραφή

203 912 319 962 ἐστι
360 911 421 964 τὺ
458 933 477 964 ι
518 914 862 986 Ἀλληλούϊα,
901 935 921 969 ι
960 917 1056 970 ἅτε
1084 917 1146 988 δὴ
1188 920 1279 971 τοῦ
1322 920 1622 989 ἀκροτάτου
1676 920 1783 972 τῶν

205 1004 338 1075 πρὸς
387 1007 446 1060 τὸ
497 1008 699 1076 ἀγαθὸν
728 1012 1034 1080 νοουμένων
1072 1011 1481 1081 ἐπειλημμένη,
1529 1013 1782 1083 οὐδεμιᾶς

201 1099 522 1171 προσθήκης
548 1100 693 1154 ἐστὶν
711 1101 947 1173 ἐπιδεὴς,
967 1102 1102 1171 αὑτὴ
1125 1104 1180 1153 ἐν
1202 1104 1367 1173 ἑαυτῇ
1394 1103 1479 1155 διὰ
1498 1104 1676 1175 πάσης
1694 1122 1785 1157 κα-

206 1191 544 1259 τηρτισμένη
568 1191 665 1260 τῆς
681 1192 740 1245 ἐν
763 1192 841 1261 τῷ
860 1191 1048 1262 ἀγαθῷ
1068 1191 1401 1259 τελειώσεως
1419 1211 1432 1223 '
1455 1195 1591 1266 ὅπερ
1607 1195 1670 1266 δὴ
1689 1198 1782 1249 καὶ

197 1280 228 1347 ἠ
248 1279 459 1333 διάνοια
479 1282 787 1353 ἐπιγραφῆς
801 1284 891 1336 ἐπὶ
906 1284 1109 1337 τούτων
1128 1284 1633 1356 μαρτύρεται,αἶνον
1648 1287 1779 1341 Θεοῦ

196 1370 257 1421 τὸ
292 1371 848 1443 ὑπερκείμενονξάπαν
874 1376 1333 1446 κατονομάςουσα.
1364 1379 1572 1450 Ὥσπερ
1601 1380 1709 1452 γὰρ
1746 1383 1778 1453 ή

198 1461 343 1514 κατά
374 1463 473 1526 τάς
492 1464 707 1534 ἡλικίας
745 1466 855 1520 τῶν
889 1469 1157 1539 σωμάτων
1199 1470 1476 1541 ἀναδρομὴ
1507 1473 1630 1543 ὅρον
1664 1473 1778 1544 ἔχει

196 1552 259 1604 τὸ
276 1555 376 1623 τῆς
396 1554 610 1623 φύσεως
628 1558 910 1630 στάσιμον,
929 1561 1044 1630 μεθ’
1066 1561 1093 1614 ὃ
1106 1561 1202 1633 τὴν
1227 1563 1318 1616 ἐπὶ
1336 1563 1396 1615 τὸ
1413 1562 1595 1633 μεῖζον
1620 1584 1782 1638 προσ-

196 1645 376 1717 θήκην
405 1650 465 1700 οὐ
502 1651 890 1721 παραδέχεται,
925 1653 1038 1707 ἀλλ’
1069 1656 1125 1707 ὲν
1159 1653 1336 1725 ἐαυτῷ
1366 1655 1609 1726 διαμένει
1643 1659 1778 1729 πρὸς

194 1740 376 1795 πάντα
415 1742 505 1794 τὸν
549 1744 841 1798 ὑπόλοιπον
892 1746 1109 1817 χρόνον·
1144 1746 1319 1812 οὑτως
1367 1750 1483 1802 ἐστί
1540 1751 1633 1809 xai.
1671 1751 1779 1804 τῶν

193 1830 359 1885 θείων
387 1832 730 1904 διδαγμάτων
756 1836 982 1908 αὔξησίς
1010 1856 1068 1892 τε
1102 1840 1194 1893 καὶ
1220 1841 1427 1907 στάσις,
1455 1842 1522 1894 δι’
1557 1836 1632 1895 ὧν
1653 1843 1778 1907 τούς

1892 655 1946 698 et
1978 644 2159 701 ordini
2188 643 2487 712 interjiciat
2512 659 2575 698 ea
2607 659 2725 714 qua:
2752 655 2987 700 mentem
3020 645 3090 699 ad
3114 646 3337 701 meliora
3364 646 3466 700 ele-

1890 752 2021 795 vare
2050 747 2104 795 et
2138 736 2444 792 subducere
2493 745 2745 806 possunt.
2798 736 2867 790 At
2900 752 3026 792 vero
3070 755 3089 788 ι
3128 736 3404 795 Graduum
3438 756 3458 790 ι

1891 828 2375 891 consummationi,
2408 836 2463 883 et
2509 828 2711 898 quibus
2757 846 2776 879 ι
2810 830 3062 895 Alleluia,
3102 850 3121 882 ι
3159 830 3465 901 prmscribi-

1891 927 2001 981 tur,
2038 929 2296 989 tanquam
2348 920 2413 977 ad
2452 935 2726 973 summum
2769 922 3013 975 omnium
3056 921 3322 981 bonorum
3350 927 3469 978 cul-

1891 1029 2013 1067 men
2055 1012 2166 1080 jam
2206 1014 2532 1083 progressis,
2570 1016 2722 1068 nullo
2758 1015 3130 1071 additamento
3178 1032 3314 1085 Opus
3355 1025 3461 1079 est,

1889 1105 2037 1157 velut
2074 1104 2126 1157 in
2161 1104 2491 1174 seipsisjam
2522 1107 2672 1160 omni
2702 1106 2969 1161 bonorum
3011 1108 3169 1175 copia
3206 1108 3465 1178 perfectis

1888 1204 1941 1250 et
1965 1195 2233 1250 absolutis
2258 1215 2270 1250 :
2297 1198 2442 1266 quod
2475 1208 2527 1252 ct
2558 1201 2672 1267 ipse
2697 1214 2894 1253 sensus
2918 1200 3310 1269 inscriptionis,
3342 1217 3463 1273 quae

1890 1286 1975 1340 bis
2008 1287 2331 1356 prreligitur,
2364 1289 2583 1357 planum
2631 1288 2783 1355 facit,
2824 1305 2950 1343 cum
2994 1298 3166 1344 totum
3201 1292 3343 1361 quod
3375 1308 3463 1347 se—

1887 1378 2096 1447 quitur,
2129 1377 2346 1433 laudem
2388 1378 2481 1433 Dei
2515 1380 2778 1442 nominat.
2817 1379 3285 1446 Quemadmodum
3315 1386 3461 1438 enim

1886 1486 2176 1541 corporum
2213 1488 2312 1541 per
2344 1481 2533 1529 aetates
2570 1474 2969 1529 incrementum
3007 1476 3298 1530 terminum
3350 1484 3463 1532 sta-

1888 1563 2048 1617 bilem
2077 1578 2107 1617 a
2131 1571 2325 1618 natura
2351 1565 2716 1634 praestitutum
2743 1565 2927 1629 habet,
2957 1575 3081 1635 post
3105 1583 3265 1639 quem
3296 1568 3463 1637 majo~

1886 1654 1964 1709 ris
1992 1655 2269 1724 augmenti
2298 1669 2405 1710 non
2440 1664 2525 1710 est
2556 1656 2789 1725 amplius
2822 1671 3015 1725 capax,
3048 1658 3143 1713 sed
3170 1665 3283 1711 toto
3311 1659 3460 1713 inse-

1885 1746 2073 1815 quenti
2099 1754 2345 1815 tempore
2370 1747 2425 1801 in
2460 1747 2652 1801 eodem
2680 1756 2823 1803 statu
2860 1758 3061 1805 manet:
3096 1750 3175 1805 sic
3197 1750 3361 1805 etiam
3388 1749 3465 1804 di-

1888 1839 2030 1897 vinae
2054 1839 2319 1897 doctrina)
2349 1848 2403 1895 ct
2447 1840 2811 1896 institutionis
2850 1841 3242 1898 incrementum
3284 1842 3461 1913 quod-

191 1941 251 1976 τε
284 1926 575 1995 νηπιώδεις
605 1929 698 1981 καὶ
728 1930 934 1993 ἀτελεῖς
979 1932 1079 2002 τὴν
1107 1933 1343 1987 διάνοιαν
1368 1936 1487 1996 ταῖς
1510 1935 1769 2005 καταλλή-

1890 1930 2014 1985 dam
2054 1938 2139 1986 est
2170 1940 2226 1989 et
2255 1939 2454 1986 status.
2501 1930 2741 1989 Infantes
2784 1934 2928 1989 enim
2976 1936 3155 1991 adhuc
3195 1944 3249 1990 et
3277 1936 3458 1991 animo

190 2014 307 2078 λοις
335 2021 563 2087 τροφαῖς
587 2019 968 2091 τιθηνουμένη,
1018 2023 1107 2078 διὰ
1133 2025 1404 2092 γάλακτός
1434 2042 1490 2078 τε
1531 2028 1624 2080 καὶ⁴
1665 2026 1776 2082 τῶν

188 2109 475 2175 τοιούτων,
504 2113 597 2164 καὶ
625 2115 703 2176 είς
746 2112 972 2185 αὔξησιν
1004 2115 1150 2183 ἄγει,
1173 2118 1267 2169 καὶ
1291 2120 1401 2180 τοῖς
1434 2118 1532 2189 ἤδη
1550 2119 1777 2183 τελείοις

187 2203 293 2270 τὴν
319 2204 549 2275 στερεὰν
580 2207 865 2277 προτίθησι
884 2208 1184 2279 τράπεζαν.
1219 2213 1333 2273 τοῖς
1361 2211 1446 2263 διὰ
1466 2211 1575 2264 τῶν
1602 2211 1777 2264 ἄλλων

190 2296 533 2367 μαθημάτων
550 2301 1012 2369 προγυμνασθεῖσι
1030 2301 1096 2355 τὰ
1111 2302 1209 2373 τῆς
1227 2302 1401 2373 ψυχῆς
1426 2303 1772 2375 αἰσθητήρια.

259 2480 477 2535 Οὐκοῦν
493 2481 553 2535 τὸ
578 2481 828 2551 μηδαμοῦ
854 2482 1040 2553 χρείαν
1060 2483 1337 2550 γενέσθαι,
1361 2482 1504 2536 κατά
1528 2482 1587 2535 τὸ
1612 2477 1775 2553 ἒσχαὲ

184 2592 280 2627 τον
310 2571 525 2638 τμῆμα,
553 2573 648 2626 τοῦ
696 2576 754 2627 ἐν
802 2573 1135 2645 διαψάλματι
1186 2575 1293 2628 τῶν
1341 2574 1687 2646 ὑψηλοτέρων
1719 2592 1772 2627 τι

183 2664 452 2733 νοημάτω
465 2682 483 2714 .·
497 2662 874 2734 ἐκδιδαχθῆναι
896 2665 986 2717 τὸν
1013 2666 1295 2735 ὑποφήτην
1316 2664 1408 2719 τοῦ
1434 2665 1768 2735 Πνεὺματος,

185 2756 364 2824 σαιρές
391 2755 457 2808 ἂν
486 2757 570 2826 εἴη
596 2759 893 2828 τεκμήριον
926 2758 1016 2811 τὸν
1046 2758 1174 2828 περὶ
1201 2757 1390 2810 τούτου
1416 2757 1571 2826 λόγον
1602 2775 1772 2811 κατα-

182 2847 402 2916 νοῆσαι,
437 2847 740 2919 προσθέντα
764 2850 946 2900 ἐκεῖνα
975 2848 1073 2918 τῆς
1094 2847 1413 2917 ψαλμῳδίας
1438 2848 1506 2900 τὰ
1533 2849 1674 2919 μέρη
1703 2849 1771 2901 τὰ

178 2939 548 3009 διεσταλμένα
592 2939 669 3009 τῷ
706 2939 1055 3011 διαψάλματι.
1109 2941 1196 2993 Ἐν
1226 2939 1302 3010 τῷ
1335 2938 1445 3011 γὰρ
1480 2939 1649 3009 τρίτῳ
1673 2940 1770 3009 τὴν

178 3032 488 3101 γενομένην
526 3033 590 3084 ἐκ
635 3031 732 3102 τῆς
766 3031 873 3084 τῶν
910 3031 1119 3102 ἐχθρῶν
1164 3032 1581 3095 ἐπαναστάσεως
1622 3029 1769 3100 αὑτῷ

178 3125 419 3192 συνοχὴν
444 3141 504 3176 τε
534 3124 624 3178 καὶ⁸
657 3123 966 3194 ἀμηχανίαν
995 3121 1294 3194 προειπὼν,
1320 3117 1439 3174 εἶτα
1464 3120 1768 3183 διαστείλας

174 3216 235 3268 τὸ
271 3217 441 3286 μέρος
464 3215 542 3286 τῷ
566 3215 916 3287 διαψάλματι,
960 3215 1057 3287 τὴν
1109 3216 1373 3286 σωτήριον
1402 3214 1617 3285 ἐκείνην
1648 3231 1767 3282 φω-

173 3280 285 3378 νὴν.
334 3280 709 3379 ἐπιθαρσήσας
870 3280 1023 3361 κατὰ,
1041 3307 1101 3360 τὸ
1143 3280 1451 3378 ἀπόρρητον
1492 3280 1767 3376 αὑτῷνέν-
1795 3280 1838 3338 C

172 3401 472 3470 ηχήσαντι,
506 3399 587 3454 ὅτι
629 3417 646 3448 ε
686 3398 757 3451 Σὺ
789 3400 865 3461 δὲ,
899 3397 1103 3468 Κύριε,
1134 3396 1481 3468 ἀντιλήπτωρ
1540 3414 1639 3465 μου
1694 3390 1763 3456 εἷ,

168 3495 309 3559 δᾶξα
360 3511 487 3563 μου,
507 3492 600 3546 καὶ
646 3491 795 3562 ὑψῶν
831 3492 931 3562 τὴν
964 3490 1207 3559 κεφαλήν
1250 3504 1371 3559 μου·
1415 3508 1433 3539 ι
1493 3488 1656 3541 πάλιν
1707 3489 1765 3540 ἐν

170 3586 533 3654 διαλείμματι
559 3583 656 3654 τὴν
692 3582 956 3653 μελῳδίαν
997 3581 1259 3650 ποιήσας,
1304 3582 1442 3649 μετά
1480 3577 1576 3647 τὴν
1605 3578 1767 3648 εὑχὰ-

171 3694 369 3749 ριστον
405 3676 617 3745 ἐκείνην
660 3677 844 3744 φωνὴν
883 3674 948 3742 ἢν
991 3671 1282 3742 πεποίηται
1311 3669 1505 3737 λέγων·
1559 3688 1576 3721 ι
1609 3671 1764 3741 Φωνῇ

171 3790 281 3843 μου
315 3769 456 3840 πρὸς
488 3767 692 3838 Κύριον
738 3766 1048 3835 ἐκέκραξα,
1095 3764 1190 3817 καὶ
1234 3762 1509 3833 ἐπήκουσέ
1563 3780 1663 3834 μου
1707 3762 1765 3830 ἐξ

165 3866 339 3936 ὅρους
369 3861 526 3930 ἁγίου
552 3858 736 3914 αὑτοῦ·
774 3878 792 3907 ι
827 3857 1135 3911 διδάσκεται
1162 3856 1242 3921 τίς
1275 3858 1390 3915 ἐστι
1440 3856 1537 3927 τῆς
1576 3856 1765 3925 κοινῆς

163 3958 284 4009 τῶν
327 3952 686 4025 ἀνθρωπίνων
731 3950 914 4005 κακῶν
942 3948 1253 4019 ἀμηχανίας
1299 3951 1333 4019 ἡ
1359 3948 1534 4010 λύσις.
1568 3950 1678 4002 Καὶ
1703 3949 1766 4003 τὸ

166 4047 321 4099 κατὰ
377 4045 440 4097 τὺ
487 4041 657 4104 πάθος
709 4040 803 4093 τοῦ
860 4040 1064 4110 Κυρίου
1120 4039 1416 4110 μυστήριον
1466 4037 1762 4108 διδαχθεὶς,

162 4141 222 4191 ἐν
290 4139 360 4205 τῇ
436 4134 702 4203 γενομένῃ
758 4132 899 4185 κατά
957 4132 1018 4186 τὸ
1080 4130 1274 4199 ἀθρόον
1339 4129 1604 4199 ἐλλάμψει
1671 4128 1765 4182 τοῦ

162 4228 521 4297 Πνεύματος.
552 4226 682 4279 αὑτὸ
707 4223 768 4276 τὸ
800 4223 1086 4293 πρόσωπον
1109 4221 1170 4273 τὸ
1186 4220 1511 4273 Δεσποτικὸν
1539 4219 1765 4272 ὑποδύε-

157 4342 283 4381 ται.
320 4322 415 4375 καί
446 4336 628 4388 (ρησινο
663 4338 679 4369 ι
720 4316 861 4385 Ἐγὼ
900 4315 1199 4385 ἐκοιμήθην
1243 4314 1337 4368 καὶ
1375 4313 1601 4366 ὑπνωσα
1626 4330 1641 4343 ·
1670 4312 1761 4379 ἐξ·

156 4415 442 4487 ηγέρθην,
498 4414 578 4465 ὅτι
618 4409 820 4480 Κύριος
857 4404 1204 4475 ἀντιλήψεταί
1245 4422 1367 4474 μου.
1407 4422 1425 4453 ι
1482 4403 1554 4455 Τὸ
1604 4402 1660 4455 δέ
1698 4403 1766 4456 δι’

156 4507 462 4582 ἀκριϐείας
485 4503 796 4559 ἐκτίθεσθαι
820 4502 919 4572 τὴν
940 4502 1154 4567 ἐκάστῳ
1175 4498 1281 4550 τῶν
1303 4497 1565 4569 ῥημάτων
1590 4497 1767 4563 ἐγκει-

159 4600 351 4669 μένην
396 4595 658 4658 διάνοιαν,
701 4591 972 4663 παρέλκον
1021 4589 1087 4643 ἂν
1118 4589 1226 4659 εἴη,
1278 4586 1373 4640 τοῦ
1418 4586 1579 4655 λόγου
1618 4587 1764 4656 πρὸς

153 4694 339 4761 ἕτερα
387 4686 731 4749 σπεύδοντος.
779 4684 899 4753 Χρὴ
932 4682 1041 4753 γάρ
1076 4680 1452 4735 πιστώσασθαι
1498 4679 1594 4749 τὴν
1627 4680 1763 4732 ἀπο-

154 4784 425 4837 δοθεῖσαν
444 4778 686 4851 περὶτοῦ
714 4777 1083 4847 διαψάλματος
1102 4776 1328 4836 ἔννοιαν,
1364 4773 1422 4839 ἐξ
1450 4772 1629 4827 αὐτῶν
1655 4772 1762 4826 τῶν

152 4873 581 4945 γεγραμμένων
617 4869 981 4932 συνιστῶντας
1013 4871 1106 4923 τὸν
1133 4868 1310 4936 λόγον,
1354 4868 1447 4921 καὶ
1481 4868 1540 4919 ἐν
1574 4865 1651 4936 τῷ
1679 4883 1764 4917 τε-

152 4964 723 5037 τάρτῳζδιαψάλματι,
737 4963 802 5015 δι’
818 4956 877 5016 οὗ
900 4961 961 5015 τὸ
981 4962 1092 5014 ἴσον
1113 4959 1472 5030 μανθάνομεν.
1490 4957 1642 5027 [ἰάσῃ
1656 4956 1763 5025 γὰρ

151 5058 381 5131 τρόπον
411 5054 534 5109 τινὰ
566 5058 629 5125 τῇ
661 5054 972 5125 ἀνθρωπίνῃ
1006 5052 1164 5121 φύσει
1185 5052 1315 5122 περὶ
1338 5050 1438 5120 τῆς
1460 5050 1569 5103 τῶν
1596 5066 1755 5101 σπου-

152 5150 494 5222 δαζομένων
530 5148 886 5218 ματαιότητος
915 5145 1111 5216 ἐμϐοᾷ,
1147 5142 1537 5214 βαρυκαρδίους
1564 5141 1761 5211 ὀνομάο

153 5243 279 5307 ζων
304 5243 434 5304 τοὺς
460 5240 607 5303 υἱοὺς
640 5238 751 5291 τῶν
780 5238 875 5290 ἀνθ
886 5235 1103 5307 ρώπων,
1133 5230 1215 5299 οἷς
1251 5235 1311 5289 τὸ
1340 5233 1564 5304 μάταιόν
1584 5249 1644 5285 τε
1666 5231 1761 5284 καὶ

158 5336 554 5391 ἀνυπόστατον
583 5332 776 5402 ψεῦδος
806 5330 862 5382 ἐν
892 5330 1080 5399 ἀγάπῃ
1112 5327 1247 5380 ἐστί.
1275 5327 1443 5380 Πάλιν
1476 5325 1759 5396 ἐπηρεμή-

163 5425 699 5490 σας,ὑτεοδείκνυσιν
724 5424 780 5474 ἐν
793 5420 897 5472 τίνι
916 5418 1061 5475 ἐστὶν
1084 5419 1117 5488 ἡ
1144 5417 1385 5488 ἀλήθεια.
1419 5436 1437 5469 ‹
1469 5417 1706 5483 Ἐγνωτε
1734 5432 1753 5467 ι

155 5524 308 5590 γὰρ,
339 5518 526 5587 φησιν,
549 5534 566 5565 ι
604 5515 685 5567 ὅτι
716 5514 1105 5584 ἐθαυμάστωσε
1140 5510 1340 5583 Κύριος
1371 5510 1462 5562 τὸν
1494 5511 1638 5562 ὅσιον
1663 5508 1761 5565 αὐ-

152 5612 266 5666 τοῦ
287 5629 301 5642 ·
349 5630 367 5661 ι
404 5609 635 5670 δεικνὺς,
664 5602 839 5676 οἶμαι,
871 5606 958 5658 διὰ
986 5603 1079 5657 τοῦ
1109 5602 1255 5656 ὁσίου
1284 5601 1374 5654 τὸν
1410 5600 1635 5671 Κύριον,
1666 5616 1759 5652 κα-

156 5704 287 5768 θώς
320 5700 760 5771 φησινΜωῦσῆς·
777 5699 926 5751 ι”Οτι
944 5697 1150 5759 δίκαιος
1167 5694 1261 5748 καὶ
1291 5693 1435 5757 ὅσιος
1457 5691 1753 5764 ὁΚύριος.»

240 5882 320 5917 δι’
361 5878 504 5934 Psul.
538 5893 618 5942 tu,
656 5877 679 5927 1
716 5892 864 5944 διεφι-

1878 2022 2232 2092 imperfectos
2280 2039 2377 2094 per
2406 2025 2489 2089 lac
2530 2035 2585 2080 ct
2628 2025 2849 2092 similia,
2902 2034 3163 2096 tanquam
3211 2043 3309 2098 per
3359 2028 3461 2082 ali-

1879 2124 2060 2173 menta
2088 2123 2482 2179 consentanea,
2518 2118 2583 2172 ad
2618 2117 3015 2175 incrementum
3044 2117 3215 2181 ducit,
3250 2133 3313 2172 ac
3336 2133 3460 2189 per-

1876 2203 2035 2261 fectis
2075 2205 2305 2261 solidam
2333 2208 2560 2275 apponit
2599 2221 2868 2268 mensam,
2908 2208 3016 2262 illis
3046 2208 3319 2273 videlicet,
3362 2209 3455 2279 qui

1871 2295 1984 2364 jam
2008 2310 2206 2353 sensus
2234 2296 2361 2351 aliis
2397 2296 2704 2367 disciplina:
2737 2296 3032 2367 generibus
3070 2297 3271 2352 habent
3302 2313 3457 2353 exer-

1874 2386 2094 2441 citatos.

1944 2477 2112 2547 Igitur
2140 2476 2195 2530 in
2228 2476 2415 2533 ultima
2454 2479 2790 2548 psalmorum
2839 2481 3117 2543 sectione,
3160 2496 3297 2551 opus
3344 2497 3456 2536 non

1872 2587 1992 2627 esse
2026 2571 2414 2641 diapsalmatc,
2466 2578 2524 2625 ut
2554 2571 2872 2635 sublimiora
2902 2587 3062 2627 sensa
3091 2589 3156 2626 ex
3200 2572 3319 2643 ejus
3350 2574 3455 2631 mi-

1872 2666 2096 2731 nisterio
2123 2673 2176 2723 et
2203 2664 2439 2735 alloquio
2466 2663 2860 2734 percipiantur,
2892 2664 3116 2734 planum
3148 2663 3257 2728 lict,
3290 2666 3335 2720 si
3361 2680 3454 2719 eas

1873 2768 2058 2829 partes
2099 2758 2438 2813 adducamus
2484 2772 2552 2811 ex
2600 2757 2863 2826 psalmis,
2921 2772 3043 2826 qum
3096 2757 3455 2827 diapsalmatc

1871 2857 1998 2905 sunt
2051 2851 2385 2918 interrupta.
2434 2846 2493 2907 In
2540 2848 2702 2902 tertio
2732 2848 2875 2903 enim
2921 2849 3166 2919 psalmo,
3196 2864 3319 2903 cum
3366 2848 3457 2905 de-

1870 2949 2145 2994 cantasset
2194 2941 2541 2995 aﬂlictionem
2589 2948 2641 2995 et
2681 2941 3025 3010 angustiam,
3068 2957 3189 3010 qua:
3229 2943 3329 2995 sibi
3385 2957 3452 2995 ex

1872 3032 2107 3087 hostium
2155 3031 2511 3101 impressione
2553 3039 2846 3093 evenerat,
2905 3047 3028 3085 mox
3096 3033 3452 3102 diapsalmatc

1871 3136 2078 3195 partem
2123 3124 2267 3177 illam
2299 3124 2718 3191 interrumpens,
2750 3122 3044 3177 salutarem
3082 3122 3228 3176 illam
3260 3137 3449 3176 vocem

1882 3214 2090 3279 edidit,
2130 3214 2517 3268 corroboratus
2560 3212 2808 3269 videlicet
2852 3212 2920 3266 ab
2967 3226 3063 3277 eo,
3111 3213 3207 3285 qui
3248 3212 3348 3266 sibi
3395 3212 3450 3265 in

1869 3311 2084 3369 occulto
2135 3305 2340 3377 aliquid
2373 3306 2670 3376 iuspirarat
2707 3320 2722 3357 :
2752 3321 2772 3355 ι
2806 3304 2889 3358 'l'u
2918 3312 3097 3359 autem
3120 3344 3135 3366 ,
3186 3303 3447 3365 Domine.

1869 3407 2156 3469 susceptor
2180 3414 2335 3453 meus
2360 3413 2419 3454 es
2443 3436 2459 3461 ,
2481 3397 2654 3469 gloria
2690 3411 2809 3450 mea
2839 3437 2855 3463 ,
2905 3405 2961 3450 et
3004 3396 3249 3451 exultans
3285 3403 3451 3465 caput

1868 3505 2047 3543 meum
2072 3488 2153 3542 ⁸³⁸.
2178 3509 2196 3541 ι
2227 3488 2428 3546 Rursus
2447 3484 2721 3545 intervallo
2752 3487 3074 3556 interpositu
3100 3496 3224 3556 post
3259 3502 3448 3545 vocem

1867 3582 2013 3637 illam
2070 3582 2369 3651 gratiarum
2414 3579 2649 3635 actionis
2704 3579 2957 3649 plenam:
3034 3598 3054 3631 ‹
3116 3577 3263 3633 Voce
3328 3594 3449 3634 mea

1869 3674 1936 3730 ad
1977 3672 2263 3737 Dominum
2322 3672 2588 3737 clamavi,
2634 3681 2691 3726 et
2724 3671 3006 3726 exaudivit
3050 3688 3138 3727 me
3175 3673 3243 3727 de
3270 3682 3451 3727 monte

1868 3774 2059 3822 sancto
2108 3781 2243 3833 suo;
2296 3784 2315 3818 ι
2356 3765 2551 3827 discit,
2579 3780 2829 3835 quaenam
2878 3765 2949 3821 sit
2994 3765 3130 3819 ratio
3182 3763 3449 3823 evadendi

1866 3874 1932 3923 ex
1982 3858 2369 3912 communibus
2421 3858 2786 3915 humanarum
2840 3857 3213 3911 calamitatum
3280 3873 3448 3925 angu-

1867 3948 1989 4007 stiis
2050 3958 2105 4004 et
2155 3949 2579 4017 alllictionibus;
2630 3949 2966 4019 edoctusque
3009 3951 3281 4019 passionis
3341 3951 3447 4005 Do-

1866 4041 2082 4096 minica:
2106 4042 2423 4110 mysterium
2448 4041 2511 4123 in
2541 4056 2602 4095 ea
2636 4056 2758 4110 qua:
2790 4040 2895 4097 sibi
2921 4056 2987 4096 ex
3024 4041 3322 4110 improviso
3353 4056 3447 4097 ve-

1867 4143 2023 4189 nerat
2058 4150 2087 4189 a
2120 4133 2323 4204 Spiritu
2363 4142 2553 4189 sancto
2580 4135 2961 4198 illustratione,
3005 4135 3180 4204 ipsam
3229 4134 3444 4197 Domini

1868 4240 2156 4295 personam
2184 4226 2381 4289 induit,
2412 4226 2466 4280 in
2503 4227 2616 4282 haec
2640 4227 2805 4282 verba
2832 4242 3197 4297 prorumpens
3229 4246 3242 4282 :
3281 4246 3299 4279 ι
3334 4226 3446 4297 Ego

1868 4315 2134 4379 dormivi,
2168 4324 2222 4370 et
2249 4325 2543 4386 saporatus
2579 4333 2722 4381 sum,
2757 4326 2812 4372 et
2843 4318 3152 4385 exsurrexi,
3180 4318 3307 4387 quia
3341 4316 3445 4373 Do-

1868 4408 2049 4462 minus
2079 4408 2322 4477 suscepit
2348 4424 2452 4463 me.
2497 4428 2514 4459 ι
2558 4406 2891 4469 Sententiam
2924 4418 3102 4467 autem
3125 4453 3140 4474 ,
3175 4425 3298 4480 qua:
3328 4411 3444 4465 sin-

1869 4498 2009 4567 gulis
2039 4498 2221 4553 verbis
2257 4498 2467 4561 subest,
2503 4498 2819 4555 accuratius
2851 4514 3148 4569 exponere,
3180 4516 3445 4570 superva-

1868 4605 2098 4647 caneum
2128 4588 2384 4651 fortassis
2406 4588 2591 4654 fuerit,
2618 4605 2742 4645 cum
2771 4591 2949 4644 oratio
2971 4590 3037 4649 ad
3061 4591 3167 4644 alia
3201 4591 3440 4647 festinet.

1867 4680 2254 4735 Conﬁrmanda
2282 4681 2426 4736 enim
2452 4692 2537 4739 est
2567 4682 2944 4752 diapsalmatis
2973 4682 3123 4737 notio
3156 4698 3446 4754 argumen-

1870 4773 1942 4829 tis
1973 4789 2036 4828 ει
2070 4773 2207 4842 ipsis
2241 4773 2468 4842 psalmis
2500 4774 2722 4842 petitis;
2752 4775 2957 4835 etenim
2993 4774 3132 4830 idem
3164 4793 3229 4829 ex
3264 4778 3443 4845 quarti

1870 4865 2065 4935 psalmi
2091 4865 2442 4933 diapsalmatc
2471 4881 2801 4936 cognoscere
2824 4883 3137 4937 possumus.
3162 4870 3445 4924 Acclamat

1870 4972 2106 5025 namque
2133 4956 2230 5009 toti
2254 4956 2653 5025 quodammodo
2684 4958 2936 5017 humana:
2963 4961 3212 5016 societati
3244 4962 3314 5016 ob
3346 4977 3442 5017 va-

1868 5049 2093 5103 nitatem
2146 5064 2331 5104 earum
2366 5066 2569 5110 rerum.
2598 5052 2796 5120 quibus
2825 5053 2985 5108 unice
3030 5054 3241 5116 studet,
3274 5055 3443 5109 ﬁlios-

1868 5157 1974 5209 que
2021 5140 2305 5197 hominum
2345 5143 2498 5211 gravi
2550 5143 2719 5198 corde
2752 5160 3048 5214 oppressos
3091 5148 3439 5214 pronuntiat;

1867 5233 2068 5304 quippe
2109 5233 2311 5303 quibus
2358 5249 2556 5289 vanum
2613 5243 2666 5289 et
2712 5251 2819 5288 non
2871 5236 3179 5291 subsistens
3218 5238 3441 5290 menda-

1867 5326 2013 5380 cium
2048 5340 2194 5379 cura:
2228 5327 2300 5380 sit
2329 5334 2383 5381 et
2407 5327 2591 5393 cordi;
2625 5328 2933 5398 iterumque
2965 5329 3398 5398 interquiescens
3422 5371 3438 5395 ,

1867 5412 2208 5470 demonstrat
2253 5415 2309 5470 in
2361 5430 2601 5485 quonam
2653 5418 2727 5471 sit
2773 5418 2998 5473 veritas.
3051 5418 3189 5477 Dicit
3237 5418 3383 5472 enim
3422 5436 3437 5472 :

1873 5523 1894 5557 ι
1949 5504 2157 5563 Scitote
2205 5507 2461 5576 quoniam
2506 5506 2820 5563 miriﬁcavit
2869 5508 3133 5563 Dominus
3187 5516 3439 5561 sanctum

1867 5613 2050 5662 suum,
2086 5616 2107 5651 ι
2170 5598 2503 5670 signiﬁcans,
2566 5608 2626 5654 ut
2675 5600 2933 5662 arbitror,
2967 5598 3153 5653 Sancti
3194 5598 3440 5664 nomine,

1869 5691 2198 5760 Dominum;
2238 5693 2699 5763 quemadmodum
2733 5701 2789 5748 ct
2814 5692 3027 5754 Moyses
3062 5692 3177 5749 ait:
3223 5709 3242 5744 ι
3291 5690 3441 5757 Quo-
