3986 6510
485 439 588 496 53E)

1747 438 1803 492 S.
1841 433 2166 492 GRE‘GORII
2209 434 2501 492 NYSSENI

3623 439 3722 494 5w-

487 560 631 614 niam
661 554 841 624 justus
881 563 935 608 et
965 561 1193 610 sanctus
1223 553 1510 609 Dominus.
1565 575 1583 606 ι
1632 555 1835 610 Deinde
1878 555 2056 608 consi-

2175 551 2294 609 Εἶτα
2329 555 2639 627 συμϐουλὴν
2668 556 3054 626 καταθέμενος,
3081 557 3146 609 δι’
3177 553 3252 609 ὧν
3275 557 3338 610 ἄν
3359 575 3437 619 τις
3473 557 3532 609 ἐν
3557 556 3712 612 καθα-

485 650 618 706 lium
647 647 762 708 dat,
789 647 1063 718 quomodo
1091 649 1215 718 quis
1239 648 1402 702 vitam
1434 665 1590 704 suam
1623 665 1758 718 pure
1784 656 1838 704 et
1868 658 2058 704 sancte

486 743 790 814 transigat;
820 741 1095 812 judexque
1139 751 1194 797 et
1234 744 1510 812 inspector
1544 743 1935 813 cogitationum
1977 742 2056 795 fa-

487 843 642 898 ctus,
674 835 782 890 ait:
829 852 848 886 ι
888 833 1022 900 Quae
1048 833 1234 889 dicitis
1266 834 1322 887 in
1355 833 1615 888 cordibus
1643 833 1841 888 vestris
1861 873 1876 898 ,
1911 841 1965 888 et
1999 832 2054 886 in

488 927 759 986 cubilibus
795 925 998 982 vestris
1029 925 1499 996 compungimini;
1549 944 1568 976 ι
1618 931 1673 978 et
1715 939 1842 978 mox.
1887 924 1955 978 ad
1986 926 2058 994 ﬁse

489 1034 743 1076 reversus
792 1017 1044 1088 legalium
1085 1016 1430 1071 victimarum
1465 1015 1817 1070 abolitionem
1846 1023 1901 1070 et
1943 1016 2064 1084 ipse

490 1111 732 1175 audivit,
763 1111 996 1179 aliisque
1025 1107 1351 1164 audiendam
1395 1107 1762 1177 promulgavit
1811 1125 1826 1162 :
1875 1115 2062 1162 monet

490 1203 658 1270 enim,
693 1209 754 1257 ut
775 1217 843 1256 ne
872 1206 1054 1271 speret
1075 1199 1128 1252 in
1151 1197 1466 1253 animalium
1497 1198 1726 1252 rationis
1757 1199 2060 1267 expertium

492 1293 765 1358 caedibus,
811 1291 902 1346 ille
938 1290 1030 1360 qui
1067 1298 1188 1360 eget
1229 1288 1620 1342 emendatione
1662 1293 1718 1342 et
1753 1287 2066 1357 expiatione

493 1384 717 1448 utentis,
737 1383 832 1440 sed
865 1391 926 1437 ut
945 1387 1264 1452 cognoscat,
1286 1380 1488 1450 quibus
1509 1379 1796 1434 sacriﬁciis
1817 1379 2064 1448 placetur

495 1476 666 1532 Deus.
703 1476 914 1531 Idcirco
963 1474 1161 1544 inquit,
1202 1492 1220 1525 ι
1275 1471 1596 1527 Sacriﬁcate
1622 1470 1950 1526 sacriﬁcium
1977 1470 2064 1540 ju-

498 1569 694 1632 stitiaa,
731 1577 786 1624 et
818 1577 1034 1638 sperate
1061 1568 1117 1620 in
1146 1564 1400 1621 Domino.
1440 1585 1460 1616 ι
1507 1563 1599 1618 Sic
1637 1572 1693 1620 et
1729 1563 1787 1618 in
1832 1564 2066 1633 septimo

497 1661 710 1732 psalmo
729 1659 986 1730 praecedit
1000 1657 1218 1729 quidem
1241 1656 1534 1711 collocutio
1552 1671 1675 1709 cum
1703 1655 1830 1720 Deo,
1849 1655 2066 1725 quando

498 1767 682 1808 coram
709 1751 860 1824 justo
895 1751 988 1806 illo
1015 1750 1197 1820 judice
1225 1757 1460 1804 testatur
1489 1748 1751 1802 malitiam
1789 1747 1858 1802 ab
1887 1746 2068 1802 inimi-

499 1844 582 1899 cis
605 1857 712 1900 non
747 1842 1036 1912 provenire
1083 1839 1420 1896 retribuendi
1444 1848 1500 1894 et
1531 1840 1706 1893 vicem
1733 1837 2067 1908 rependendi

2165 648 2350 719 ρότητι
2379 649 2636 720 παρέλθοι
2667 649 2758 701 τὸν
2795 649 2924 718 βίον,
2967 653 3157 720 κριτής
3187 667 3244 702 τε
3280 651 3378 704 καὶ·
3407 649 3716 719 ἐπιγνώμων

2164 740 2271 793 τῶν
2297 741 2394 810 τῆς
2419 740 2596 810 ψυχῆς
2620 739 2996 810 διανοημάτων
3021 740 3327 810 γενόμενος,
3349 741 3408 792 ἐν
3435 735 3518 803 οἷς
3549 758 3713 809 φησιν,

2164 833 2245 886 ὅτι
2280 850 2297 881 ι
2345 832 2414 884 ’Λ
2449 831 2634 900 λέγετε
2683 832 2739 884 ἐν
2787 835 2910 896 ταῖς
2951 833 3199 905 καρδίαις
3253 833 3427 902 ὑμῶν,
3475 832 3568 884 ἐπὶ
3615 836 3718 896 ταῖς

2165 921 2372 984 κοίταις
2397 919 2551 991 ὑμῶν
2576 919 2938 992 κατανύγητεο
2975 943 2994 976 ι
3036 923 3194 976 πάλιν
3219 924 3352 992 πρὸς
3382 921 3574 974 ἑαυτὸν
3602 922 3718 973 ἀνα-

2167 1014 2438 1084 χωρήσας,
2469 1013 2568 1084 τὴν
2599 1014 2877 1084 ἀναίρεσιν
2903 1014 3002 1084 τῆς
3023 1015 3255 1084 νομικῆς
3285 1013 3606 1078 ξωοθυσίας,
3637 1015 3720 1065 αὐ·-

2165 1106 2256 1168 τός
2285 1123 2342 1158 τε
2378 1107 2578 1176 ἤκουσε
2597 1146 2611 1164 .
2641 1105 2733 1158 καὶ
2764 1105 2937 1175 ἐμϐοᾷ
2967 1109 3077 1168 τοῖς
3109 1105 3363 1158 ἀκούουσι
3385 1105 3576 1172 λέγει
3605 1105 3720 1173 γὰρ,

2171 1199 2304 1269 μηδὲ
2334 1201 2391 1252 ἐν
2429 1201 2552 1262 ταῖς
2579 1199 2686 1251 τῶν
2719 1197 2933 1266 ἀλόγων
2963 1197 3115 1262 ζώων
3151 1199 3461 1262 ἐπελπίζειν
3502 1199 3725 1264 σφαγαῖς
3747 1235 3766 1250 ρ

2167 1291 2258 1342 τὸν
2284 1289 2376 1342 τοῦ
2408 1289 2640 1360 ψυχικοῦ
2669 1289 2965 1362 καθαρσίου
2993 1290 3262 1360 δεόμενον,
3301 1290 3414 1342 ἀλλ’
3443 1289 3724 1356 ἐπιγνῶναι

2171 1381 2351 1444 ποίαις
2373 1383 2401 1434 ὀ
2429 1381 2561 1446 Θεὸς
2594 1383 2966 1452 εὐαρεστεῖται
2990 1382 3219 1444 θυσίαις.
3251 1382 3341 1434 Διό
3370 1397 3558 1450 φησιν’
3591 1399 3608 1428 ι
3633 1379 3726 1432 6'5-

2173 1489 2300 1525 σατε
2322 1472 2511 1526 Θυσίαν
2539 1473 2880 1540 δικαιοσύνης
2903 1515 2918 1538 ,
2947 1474 3038 1526 καί
3059 1473 3311 1525 ἐλπίσατε
3333 1473 3426 1526 ἐπὶ
3453 1471 3679 1542 Κύριον.
3705 1491 3720 1524 ι

2172 1564 2357 1628 Οὕτως
2380 1565 2474 1620 καὶ⁴
2492 1565 2630 1618 κατά
2648 1565 2736 1618 τὸν
2764 1564 2990 1636 ἕϐδομον
3011 1564 3118 1618 τῶν
3141 1563 3389 1635 ψαλμῶν,
3414 1565 3728 1634 προηγεῖται

2175 1657 2276 1728 μὲν
2299 1658 2328 1709 ὁ
2355 1659 2452 1728 τῆς
2475 1656 2766 1721 ἐντεύξεως
2801 1656 2978 1725 λόγος,
3009 1659 3068 1709 ἐν
3159 1657 3584 1724 δικαιολογεῖται
3609 1655 3740 1726 πρὸς-

2171 1747 2262 1802 τὺν
2291 1748 2496 1802 δίκαιον
2531 1747 2744 1818 κριτὴν,
2773 1749 2854 1801 ὅτι
2877 1748 2975 1800 οὐκ
3003 1747 3062 1810 ἐξ
3089 1747 3502 1812 ἀνταποδόσεως
3531 1747 3728 1814 γίνεται

2175 1840 2328 1912 παρὰ
2349 1839 2457 1894 τῶν
2495 1840 2704 1912 ἐχθρῶν
2729 1841 2761 1911 ἡ
2791 1839 2977 1904 κακία,
3012 1839 3124 1894 ἀλλ’
3153 1841 3348 1893 ἐκεῖνοι
3374 1839 3612 1910 ἀρχηγοὶ
3645 1839 3732 1908 τῆς

499 1949 665 1990 causa
686 1976 701 2001 ,
735 1933 830 1990 sed
877 1935 1022 2005 ipsos
1054 1935 1276 1990 malitiae
1323 1939 1378 1988 et
1411 1931 1780 2003 improbitatis
1818 1939 2071 1986 auctores

2175 1933 2435 2004 πονηρίας
2458 1933 2718 2001 γίνονται·
2745 1931 2838 1984 καὶ
2865 1931 2948 1984 ὅτι
2979 1933 3092 1985 ἴσον
3129 1933 3208 1994 εἰς
3241 1931 3520 2002 ἁμαρτίαν
3549 1929 3744 1998 οἴεται,-

499 2041 621 2084 esse
641 2067 657 2092 ,
687 2041 854 2096 seque
893 2025 1087 2082 eodem
1113 2025 1337 2082 sceleris
1371 2025 1492 2080 loco
1541 2025 1776 2090 habere,
1814 2033 1870 2079 et
1900 2023 2073 2078 malo-

499 2130 620 2176 tum
656 2124 933 2170 auctorem
965 2129 1122 2181 esse,
1161 2113 1572 2185 aequalibusque
1601 2111 1762 2168 malis
1793 2119 2072 2168 auctorem

501 2207 726 2274 ulcisci;
761 2215 815 2264 et
844 2221 966 2262 cum
1001 2207 1115 2262 haec
1146 2205 1410 2272 dixisset,
1455 2221 1649 2262 rursus
1683 2204 1933 2260 auditum
1980 2217 2075 2258 ac-

500 2299 810 2355 commodat
841 2299 922 2362 ei,
955 2299 1050 2370 qui
1079 2313 1337 2370 magnum
1364 2297 1585 2368 pietatis
1621 2297 1946 2368 mysterium
1973 2311 2075 2368 pa-

502 2390 720 2455 tel'acit,
749 2407 844 2462 per
871 2391 1016 2461 quod
1049 2391 1108 2444 ﬁt
1139 2397 1330 2446 contra
1365 2405 1529 2446 veros
1559 2389 1744 2446 hostes
1773 2404 1804 2443 a
1841 2387 2074 2443 Domino

501 2483 746 2538 vindicta
787 2502 802 2538 :
833 2483 992 2538 aliter
1027 2483 1176 2537 enim
1211 2481 1328 2538 ﬁeri
1363 2497 1474 2536 non
1499 2488 1701 2553 potest,
1733 2487 1794 2535 ut
1819 2479 2074 2536 adversa-

505 2577 600 2630 τίω
623 2576 910 2647 potestatis
942 2583 1263 2631 coercentur
1301 2575 1385 2630 vis
1414 2582 1468 2630 et
1497 2574 1790 2639 acerbitas,
1830 2573 1937 2628 nisi
1968 2571 2076 2626 Do—

503 2667 686 2722 minus
735 2681 832 2738 pro
865 2669 1021 2724 nobis
1051 2677 1324 2739 resurgat.
1365 2665 1605 2723 Necesse
1643 2674 1827 2724 autem
1853 2674 1960 2732 est,
2013 2674 2074 2722 ut

503 2759 960 2814 resurrectionem
993 2773 1143 2814 mors
1177 2759 1467 2828 praecedat.
1501 2758 1604 2825 Qui
1631 2758 1798 2829 igitur
1829 2774 2075 2815 resurre—

505 2851 740 2907 ctionem
773 2849 988 2904 Domini
1011 2849 1365 2921 significavit,
1396 2850 1487 2906 ille
1517 2851 1680 2906 etiam
1707 2849 2074 2907 manifestavit

508 2941 564 2997 id
588 2941 732 3013 quod
765 2957 888 2998 cum
915 2943 1318 2998 resurrectione
1341 2942 1834 3013 conjunctum'est,
1869 2953 2074 3015 myste-

505 3033 649 3087 rium
669 3073 685 3098 ,
718 3033 939 3104 inquam
965 3072 981 3097 ,
1014 3033 1312 3103 passionis.
1343 3033 1610 3099 Quocirca
1641 3032 1754 3090 Deo
1781 3034 1975 3105 plenus
2004 3035 2074 3090 ob

507 3124 744 3195 Spiritus
765 3126 938 3180 sancti
963 3125 1446 3180 inhabitationem:
1481 3144 1500 3176 ‹
1527 3124 1792 3194 Exsurge,
1824 3145 1842 3177 ›
1872 3127 2070 3196 inquit,

509 3233 529 3266 ι
559 3215 806 3280 Domine,
839 3215 894 3272 in
925 3217 1006 3270 ira
1039 3225 1154 3280 tua,
1177 3223 1232 3272 et
1255 3215 1496 3272 exaltare
1523 3217 1578 3271 in
1605 3217 1804 3273 linibus
1829 3218 2074 3273 inimico-

505 3323 626 3363 rum
667 3315 922 3374 tuorum;
960 3327 978 3359 ι
1012 3307 1266 3364 indicans
1295 3309 1390 3363 ira;
1427 3307 1650 3379 quidem
1675 3308 1959 3374 vocabulo,
2001 3308 2077 3364 fa-

505 3403 763 3458 cultatem
807 3403 1166 3467 retribucndi,
1201 3419 1310 3474 qua
1349 3403 1528 3474 justus
1565 3402 1732 3473 judex
1767 3403 1940 3471 valet;
1980 3418 2078 3474 per

506 3493 717 3563 reliqua
735 3503 911 3548 autem
935 3492 1279 3548 abolitionem
1303 3501 1358 3548 et
1381 3492 1652 3548 excidium
1678 3494 1917 3549 malitiae.
1941 3493 2075 3549 Nam

509 3593 718 3638 naturae
745 3583 876 3638 iilud
909 3584 1083 3638 solum
1114 3591 1198 3638 est
1231 3583 1536 3650 inimicum,
1564 3585 1708 3654 quod
1740 3586 1885 3640 bono
1909 3601 2079 3656 oppo-

509 3677 676 3732 situm
703 3676 1058 3746 conspicitur,
1081 3675 1227 3746 quod
1247 3685 1334 3732 est
1359 3677 1587 3743 malitia,
1617 3677 1778 3748 cujus
1805 3678 1928 3734 ﬁnis
1953 3679 2080 3733 abo-

507 3767 660 3830 litio,
711 3777 766 3822 et
813 3767 872 3822 in
921 3767 1150 3822 nihilum
1199 3767 1460 3824 reversio.
1514 3768 1619 3835 Qui
1668 3769 1834 3841 igitur
1885 3770 2022 3826 dixit
2061 3791 2074 3825 :

514 3877 536 3914 ι
571 3857 827 3915 Exaltare
855 3860 908 3914 in
943 3859 1142 3914 ﬁnibus
1183 3860 1533 3916 inimicorum
1570 3871 1813 3927 tuorum,
1853 3883 1871 3916 ι
1908 3864 1956 3919 is
1983 3877 2080 3934 per

508 3948 612 4004 boc
638 3951 783 4019 quod
804 3952 881 4005 ait
907 3950 1171 4005 malitiam
1201 3951 1547 4007 inimicorum
1579 3952 1786 4008 ﬁnitam
1815 3969 1959 4019 esse,
1993 3955 2080 4010 in-

509 4040 683 4106 dicat,
713 4055 822 4096 non
862 4041 1098 4112 amplius
1141 4042 1378 4114 relinqui
1415 4044 1542 4100 vitae
1577 4053 1780 4100 nostra:
1810 4045 1880 4100 ad
1913 4047 2074 4100 mali-

508 4133 639 4187 tiam
695 4133 948 4189 reditum.
995 4133 1470 4201 Quemadmodum
1527 4137 1671 4192 enim
1726 4137 1852 4193 ﬁnis
1903 4135 2078 4194 morbi

509 4225 720 4280 sanitas
745 4233 860 4288 est,
904 4233 960 4281 et
989 4226 1165 4280 somni
1197 4225 1324 4283 ﬁnis
1365 4228 1642 4297 evigilatio
1669 4228 1690 4299 (
1715 4244 1890 4298 neque
1931 4229 2076 4284 enim

509 4315 1057 4386 dormiens,quandiu
1088 4331 1282 4372 somno
1313 4327 1548 4382 tenetur,
1580 4321 1756 4374 somni
1785 4321 1942 4376 ﬁnem
1982 4321 2080 4375 ha-

510 4401 634 4467 bet,
669 4417 850 4472 neque
880 4403 1044 4457 etiam
1077 4411 1378 4474 aegrotans,
1413 4405 1542 4458 dum
1573 4420 1698 4460 cum
1731 4409 1918 4464 morbo
1945 4423 2079 4462 con-

509 4489 770 4556 ﬂictatur,
801 4492 856 4547 in
884 4493 989 4548 ﬁne
1017 4493 1194 4548 morbi
1219 4503 1503 4561 versatur;
1532 4497 1626 4551 sed
1659 4497 1704 4552 si
1749 4513 1951 4568 aegrum
1985 4516 2076 4553 sa-

2172 2025 2267 2079 καὶ
2305 2022 2679 2094 προκατάρξαι
2715 2021 2933 2087 κακίας,
2977 2023 3072 2076 καὶ
3103 2023 3218 2086 τοῖς
3262 2020 3402 2084 ἴσοις
3431 2019 3732 2090 ἀμύνασθαι

2171 2119 2262 2172 τὸν
2293 2118 2624 2188 ἁπάρχοντα.
2655 2117 2763 2170 Καὶ
2785 2116 2958 2171 ταῦτα
2995 2113 3184 2178 εἰπὼν,
3225 2115 3385 2168 πάλιν
3413 2114 3610 2184 ὑπέχει
3647 2115 3732 2184 τὴν

2172 2209 2342 2282 ἀκοὴν
2371 2209 2451 2281 τῷ
2485 2209 2546 2262 τὸ
2578 2207 2720 2280 μέγα
2751 2205 3070 2278 φανεροῦντι
3105 2207 3204 2277 τῆς
3231 2205 3518 2268 εὐσεϐείας
3541 2207 3735 2276 μυστήο

2176 2319 2309 2374 ριον,
2348 2302 2415 2357 δι’
2453 2293 2515 2355 οὗ
2558 2299 2765 2368 γίνεται
2813 2301 2847 2370 ἡ
2883 2299 3025 2353 κατά
3071 2298 3179 2352 τῶν
3217 2297 3484 2370 ἀληθινῶν
3535 2297 3754 2369 ἐχθρῶν.

2172 2394 2325 2466 παρά
2350 2391 2443 2446 τοῦ
2473 2389 2677 2464 Κυρίου
2707 2391 3002 2462 ἐκδίκησις.
3029 2390 3103 2444 οὐ
3121 2389 3229 2460 γάρ
3257 2387 3401 2442 ἐστιν
3415 2387 3597 2452 ἄλλως
3623 2386 3734 2440 καθ.

2175 2486 2457 2559 αιρεθῆναι
2499 2485 2608 2538 τῶν
2652 2483 3039 2554 ἀντικειμένων
3077 2483 3137 2537 τὸ
3167 2485 3372 2553 στῖφος,
3397 2481 3473 2553 μὴ
3507 2481 3604 2535 τοῦ
3637 2483 3736 2534 κυ-

2175 2581 2292 2654 ρίου
2317 2581 2459 2652 ὑπέρ
2484 2581 2518 2650 ἡ
2527 2579 2643 2649 μῶν
2663 2578 3014 2641 ἀναστάντος·
3039 2578 3139 2648 τῆς
3183 2578 3240 2632 δὲ
3275 2577 3628 2641 ἀναστάσεως
3657 2576 3742 2630 θά-

2173 2689 2330 2726 νατον
2359 2671 2438 2724 δεῖ
2477 2670 2694 2734 πάντως
2726 2668 3164 2741 προηγήσασθαι.
3198 2667 3257 2722 '0
3275 2669 3455 2722 τοίνυν
3486 2667 3588 2740 τὴν
3615 2667 3738 2722 ἀνά-

2175 2779 2362 2824 στασιν
2385 2761 2480 2815 τοῦ
2509 2759 2714 2832 Κυρίου
2747 2759 2991 2831 μηνύσας
3013 2800 3028 2824 ,
3059 2759 3119 2813 τὸ
3153 2760 3498 2830 συνημμένον
3525 2761 3592 2830 τῇ
3622 2761 3740 2813 ἀνα-

2175 2854 2362 2907 στάσει
2393 2851 2904 2925 συμπαρεδήλωσεν,
2936 2851 3080 2920 λέγω
3108 2851 3171 2923 δὴ
3215 2851 3274 2904 τὸ
3320 2851 3462 2904 κατά
3487 2851 3552 2904 τδ
3580 2852 3740 2910 πάθος

2177 2943 2496 3014 μυστήριον.
2537 2935 2612 2995 Ob
2645 2941 2804 3013 χάριν
2845 2939 3192 3010 θεοφορηθεὶς
3231 2941 3294 2993 ἐκ
3317 2941 3416 3010 τῆς
3447 2941 3546 2994 τοῦ
3575 2941 3736 2994 Πνεύ-

2178 3053 2344 3107 ματος
2367 3034 2461 3089 τοῦ
2483 3034 2636 3103 ἁγίου
2663 3031 3104 3104 ἐπισκηνὼσεως,
3137 3049 3155 3083 ι
3193 3032 3502 3103 Ἀνάστηθι,
3537 3053 3558 3084 ι
3593 3036 3740 3102 φησὶ,

2181 3153 2199 3184 ι
2239 3130 2432 3202 Κύριε,
2464 3132 2522 3184 ἐν
2553 3130 2690 3200 ὀργῇ
2729 3145 2823 3181 σου
2851 3167 2865 3192 ,
2895 3127 3138 3198 suam:
3172 3129 3230 3181 ἐν
3259 3129 3374 3191 τοῖς
3414 3128 3616 3198 πέρασι
3645 3129 3742 3180 τῶν

2179 3219 2388 3291 ἐχθρῶν
2409 3234 2502 3272 σου
2521 3231 2534 3245 ·
2567 3237 2584 3270 ι
2617 3207 2901 3287 μαίνων
2923 3213 3010 3268 διὰ
3040 3215 3136 3286 μὲν
3155 3217 3250 3286 τῆς
3278 3215 3465 3287 ὀργῆς,
3497 3215 3598 3286 τὴν
3623 3215 3740 3268 ἀντ-

2177 3310 2506 3382 αποδοτικὴν
2537 3309 2767 3382 δύναμιν
2804 3307 2899 3363 τοῦ
2946 3306 3153 3362 δικαίου
3192 3305 3402 3378 κριτοῦο
3445 3307 3536 3360 διά
3558 3306 3616 3359 δὲ
3641 3305 3742 3358 τῶν

2177 3402 2396 3474 ἐφεξῆς,
2427 3402 2520 3457 τὸν
2547 3402 2850 3473 ἀφανισμὸν
2878 3401 2980 3472 τῆς
3010 3401 3228 3464 κακίας.
3281 3399 3510 3471 Ἐχθρὸν
3545 3399 3654 3470 γάρ
3678 3401 3742 3468 τῇ

2179 3492 2338 3562 φύσει
2375 3493 2534 3564 μόνον
2560 3493 2621 3547 τὸ
2653 3493 2711 3560 ἐξ
2753 3492 2996 3548 ἐναντίου
3023 3491 3102 3563 τῷ
3139 3490 3329 3561 ἀγαθῷ
3353 3489 3738 3560 θεωρούμενον,

2177 3587 2312 3658 ὅπερ
2344 3585 2491 3638 ἐστὶν
2513 3587 2545 3656 ή
2577 3585 2766 3646 κακία,
2787 3579 2854 3656 ἦς
2879 3584 2941 3637 τὸ
2968 3585 3142 3655 πέρας
3165 3583 3470 3654 ἀφανισμός
3501 3583 3636 3646 ἐστι,
3655 3581 3744 3634 καὶ

2177 3681 2256 3743 είς
2291 3679 2353 3731 τὸ
2405 3679 2480 3750 μὴ
2522 3678 2582 3732 ὃν
2635 3678 3030 3750 μεταχώρησις.
3101 3678 3158 3730 '0
3204 3675 3386 3730 τοίνυν
3427 3673 3622 3740 εἰπὼν,
3665 3673 3754 3727 ὅτι

2183 3791 2202 3822 ι
2248 3769 2522 3842 ’Υψώθητι
2559 3771 2618 3822 ἐν
2647 3772 2762 3834 τοῖς
2791 3769 2988 3841 πέρασι
3016 3769 3128 3824 τῶν
3158 3766 3367 3838 ἐχθρῶν
3412 3784 3530 3830 σου,
3569 3785 3587 3817 ι
3621 3782 3742 3835 προ-

2181 3863 2374 3936 μηνύει
2399 3862 2486 3916 διὰ
2507 3862 2602 3916 τοῦ
2631 3861 3012 3934 περατωθῆναι
3039 3861 3148 3914 τῶν
3170 3859 3380 3932 ἐχθρῶν
3407 3859 3508 3930 τὴν
3533 3859 3740 3919 κακίαν,

2176 3957 2238 4010 τὸ
2273 3955 2471 4028 μηκέτι
2503 3955 2596 4010 τὸν
2632 3955 2710 4018 είς
2741 3955 2940 4008 κακίαν
2983 3953 3180 4027 δρόμον
3213 3955 3278 4022 τῇ
3311 3951 3423 4023 ζωῇ
3469 3949 3742 4004 ὑπολείπε-

2179 4049 2325 4105 σθαι.
2359 4049 2447 4112 Ὠς
2475 4048 2585 4119 γὰρ
2615 4047 2790 4120 πέρας
2813 4047 3024 4118 νόσουή
3053 4045 3228 4115 ὑγεία,
3257 4044 3350 4098 καὶ
3381 4043 3560 4114 πέρας
3579 4043 3734 4095 ὕπνου

2179 4141 2211 4212 ἡ
2259 4141 2586 4212 ἐγρήγορσις
2621 4138 2829 4208 γίνεται
2879 4137 3034 4207 (οὗτε
3064 4137 3122 4190 δὲ
3151 4139 3181 4190 ὁ
3214 4133 3512 4198 καθεύδων,
3557 4133 3656 4196 ἕως
3686 4133 3762 4184 ἐν.

2177 4232 2254 4302 τῷ
2287 4231 2440 4304 ὕπνῳ
2483 4233 2622 4293 ἐστὶ,
2652 4230 2828 4302 πέρας
2857 4229 2950 4282 τοῦ
2990 4227 3158 4282 ὕπνου
3191 4228 3323 4298 ἐχειν·
3349 4225 3476 4280 οὔτε
3507 4226 3541 4278 ὁ
3583 4223 3764 4278 νοσῶν.

2175 4325 2276 4396 τῆς
2315 4323 2502 4392 ὑγείας
2529 4323 2589 4375 ἐν
2623 4322 2819 4392 πέρατι
2843 4319 2996 4390 παρά
3022 4318 3116 4372 τοῦ
3145 4319 3580 4390 ἀρρωστήματος
3601 4315 3740 4384 γίνε-

2175 4430 2287 4468 ται·
2309 4411 2444 4466 ἀλλά
2465 4409 2851 4480 διαδεξαμένης
2881 4409 2972 4461 τὸν
2997 4407 3095 4478 μὲν
3121 4408 3400 4479 ἄρρωστον
3415 4406 3526 4476 τῆς
3547 4403 3754 4472 ὑγείας,,

2176 4503 2268 4556 τὸν
2294 4502 2350 4555 δὲ
2375 4499 2706 4555 καθεύδοντα
2733 4499 2832 4569 τῆς
2859 4498 3267 4568 ἐγρηγόρσεως,
3299 4494 3532 4566 λέγομεν
3560 4491 3738 4554 αὐτοὺς

509 4581 656 4636 nitas
699 4581 971 4652 excipiat,
1017 4584 1374 4640 dormientem
1428 4601 1558 4642 vero
1603 4589 1909 4659 evigilatio,
1943 4599 2071 4648 tunc

2176 4597 2233 4649 ἐν
2267 4595 2463 4668 πέρατι
2492 4591 2819 4662 γεγενῆσθαι
2839 4589 2932 4644 τοῦ
2957 4583 3082 4658 ἐνῷ
3109 4589 3367 4660 ἑκάτερος
3393 4582 3466 4658 ἦν
3485 4626 3504 4649 ,
3531 4585 3615 4638 τὸν
3641 4581 3736 4654 μὲν

509 4671 746 4728 dicimus
791 4673 914 4728 illos
972 4675 1132 4730 ﬁnem
1181 4685 1464 4734 assecutos
1506 4679 1661 4749 ejus,
1697 4697 1805 4751 quo
1843 4691 2073 4754 uterque

509 4764 725 4818 illorum
757 4766 1058 4832 tenebatur,
1082 4767 1234 4824 illum
1267 4769 1484 4840 quidem
1511 4773 1714 4838 somni,
1749 4775 1892 4829 hunc
1917 4775 2075 4846 aegri-

509 4855 788 4926 tudinis);
824 4857 896 4910 ita
937 4866 992 4912 et
1041 4859 1095 4913 in
1139 4861 1418 4930 proposito
1466 4866 1823 4920 mutationem
1865 4877 2074 4923 natura:

510 4947 760 5003 humanae
783 4949 838 5002 in
871 4957 1071 5004 statum
1108 4949 1320 5006 felicem
1345 4959 1400 5008 et
1431 4953 1667 5018 beat-um,
1701 4957 1860 5010 tinem
1893 4955 2074 5011 inimi-

501 5055 697 5118 corum
733 5040 1039 5109 appellavit.
1071 5040 1240 5096 Porro
1291 5059 1460 5098 unum
1498 5045 1759 5100 duntaxat
1796 5046 2072 5102 diversum

510 5128 581 5182 ab
607 5127 730 5183 aliis
757 5128 975 5183 modum
1000 5129 1397 5200 diapsalmatis,
1423 5139 1538 5188 toto
1568 5132 1904 5190 Psalmorum
1937 5138 2076 5192 libro

507 5221 944 5285 observavimus,
989 5221 1044 5274 in
1073 5237 1184 5276 uno
1213 5223 1448 5292 quodam
1483 5240 1548 5278 ex
1591 5227 1818 5294 psalmis
1851 5229 1926 5294 '°;
1965 5245 2074 5284 non

507 5313 652 5365 enim
681 5311 757 5364 ait
781 5311 1104 5382 simpliciter
1131 5331 1148 5364 ι
1181 5313 1507 5382 Diapsalma,
1546 5335 1564 5366 ι
1605 5319 1696 5372 sed
1731 5338 1746 5368 ι
1786 5319 2073 5375 Canticum

508 5403 918 5472 diapsalmatis,
951 5422 970 5454 ι
1002 5416 1056 5458 et
1087 5405 1222 5461 forte
1243 5409 1421 5462 oratio
1451 5409 1658 5463 librarii
1683 5412 1840 5480 culpa
1861 5413 2074 5470 inversa

509 5501 614 5556 cst,
643 5499 703 5546 ut
735 5492 1025 5549 dicendum
1057 5495 1240 5565 potius
1263 5496 1355 5561 sit,
1389 5515 1408 5548 ι
1446 5496 1662 5554 Cantici
1693 5499 2012 5570 diapsalma,
2050 5522 2070 5556 ι

510 5591 566 5637 et
585 5599 694 5638 non
728 5584 1002 5639 canticum
1035 5583 1434 5655 diapsalmatis.

581 5675 845 5733 Caeterum
867 5693 992 5734 cum
1019 5686 1146 5736 ante
1173 5681 1366 5740 oculos
1389 5683 1592 5741 versari
1613 5683 1806 5742 debeat
1833 5685 2072 5742 divinum

583 5833 630 5866 “
659 5831 800 5900 Psal.
833 5851 888 5902 ι,
913 5832 963 5890 Ι.

2177 4686 2271 4742 τοῦ
2309 4685 2500 4750 ὕπνου,
2531 4684 2622 4737 τὸν
2647 4683 2704 4737 δὲ
2726 4684 2827 4753 τῆς
2857 4682 3013 4736 νόσου
3037 4683 3076 4748 )·
3110 4679 3258 4734 οὕτω
3278 4680 3374 4733 καὶ
3396 4677 3622 4732 ἐνταῦθα

2178 4777 2260 4840 είς
2293 4775 2353 4828 τὸ
2381 4775 2648 4845 μακάριον
2673 4773 2774 4842 τῆς
2807 4769 3154 4842 ἀνθρωπίνης
3183 4767 3400 4837 φύσεως
3431 4763 3746 4838 μεταϐολὴν,-

2180 4869 2354 4940 πέρας
2409 4869 2517 4921 τῶν
2569 4865 2777 4938 ἐχθρῶν
2829 4862 3238 4934 κατωνόμασεν.
3294 4855 3432 4912 Ἕνα
3479 4857 3536 4911 δὲ
3591 4855 3756 4926 μόνον.

2180 4958 2577 5031 ἐξηλλαγμένον
2605 4957 2806 5028 τρόπον
2827 4952 3278 5024 διαψάλματος-ὲν
3303 4950 3456 5022 πάσῃ
3485 4951 3550 5019 τῇ
3585 4943 3736 5017 βίϐλῳ

2179 5052 2290 5106 τῶν
2323 5049 2568 5120 Ψαλμῶν
2619 5045 2761 5101 κατά
2793 5047 2886 5100 τὸν
2927 5045 3140 5100 ἔννατον
3182 5041 3396 5113 ψαλμὸν
3445 5037 3738 5112 παρετηρή-

2183 5159 2374 5212 σαμεν,
2425 5140 2500 5192 Οὐ
2555 5139 2664 5209 γὰρ
2717 5136 2924 5198 ἁπλῶς,
2959 5153 2978 5186 ί
3015 5133 3325 5203 Διάψαλμα,
3361 5151 3378 5183 ι
3415 5132 3592 5201 φησὶν,
3625 5126 3734 5182 ἀλλ’

2186 5253 2204 5285 ι
2247 5233 2374 5304 ᾨδὴ
2405 5231 2796 5302 διαψάλματος.
2839 5248 2856 5280 ι
2909 5227 3062 5297 Τάχα
3099 5225 3196 5296 μὲν
3247 5220 3338 5278 οὖν
3387 5223 3742 5293 ἀνέστραπται-

2181 5327 2321 5379 κατά
2351 5343 2404 5378 τι
2445 5323 2669 5393 σφάλμα
2693 5319 2962 5392 γραφικδν
2995 5321 3023 5372 ὁ
3051 5317 3236 5386 λόγος.
3265 5315 3404 5368 ὥστε
3450 5315 3553 5368 δεῖν
3591 5311 3732 5377 λέγε-

2183 5415 2308 5468 σθαι
2355 5412 2572 5484 μᾶλλον,
2615 5429 2637 5462 ι
2655 5410 2808 5481 ᾮδῆς
2837 5406 3135 5479 διάψαλμα,
3164 5424 3184 5458 ι
3216 5405 3310 5460 καὶ
3341 5405 3442 5458 οὐκ
3467 5402 3596 5474 ᾠδὴν
3621 5399 3732 5456 διας

2179 5503 2480 5575 ψάλματος.

2255 5684 2404 5758 Πλὴν
2431 5681 2617 5756 ἐπειδὴ
2656 5680 2923 5754 προσήκει
2957 5679 3063 5752 πρὸ
3092 5677 3384 5748 ὀφθαλμῶν
3413 5675 3548 5748 ἔχειν
3599 5669 3648 5722 τδ
3671 5670 3734 5726 ἐν
