3986 6508
271 471 371 526 Sil

1641 485 1708 540 IN
1744 487 2078 546 PSALMOS.

3404 503 3520 565 ME}

271 593 339 656 τῆ
385 593 747 664 Ἀποκαλὺζέι
793 597 885 650 τοῦ
943 597 1186 655 Ἰωάννου
1216 604 1463 674 κείμενον
1495 609 1671 679 κρῖμα
1700 607 1842 662 κατὰ

1957 612 2080 667 illud
2146 613 2200 668 in
2257 612 2482 669 Joannis
2537 613 2859 694 Apocalypsi
2922 615 3190 684 prolatum
3237 615 3508 686 judicium

273 682 380 735 τῶν
420 688 854 752 μεταποιουντων
885 690 954 744 τά
1001 692 1116 746 θεῖα
1157 697 1221 748 ἐκ
1264 699 1576 770 προσθήκης
1617 701 1648 771 ἦ
1686 701 1846 770 ὑφαι..

274 778 496 848 ρέσεως,
521 781 884 848 φυλάσσοντες
939 786 1036 856 τὴν
1077 788 1468 858 παραδοθεῖσαν
1506 793 1636 860 ἡμῖν
1669 794 1725 844 ἐν
1767 791 1844 864 τῷ

276 872 434 941 μέρει
479 875 654 946 τούτῳ
703 875 800 945 τῆς
828 877 866 928 Γ
871 879 1052 949 ραφῆς
1105 880 1445 943 ἀκολουθίαν,
1511 884 1845 954 ἀναζητῆσαι

272 966 647 1038 πειρασόμεθα
678 969 776 1038 τὴν
807 971 985 1023 αἰτίαν
1015 971 1107 1024 τοῦ
1130 971 1229 1041 τῆς
1270 974 1424 1046 ’ῼδῆς
1457 971 1842 1045 διαψάλματος,

271 1060 395 1130 ἥτις
438 1061 604 1114 ἐστίν.
650 1061 989 1134 Δογιζὸμεθα
1021 1067 1220 1128 τοίνυν,
1265 1069 1345 1120 ὅτι
1391 1069 1498 1122 ἀπὸ
1526 1069 1712 1122 τούτου
1751 1069 1846 1122 καὶ

275 1153 469 1235 μέχρις
490 1153 583 1218 τοῦ
617 1157 814 1227 ἐφεξῆς
844 1157 1225 1230 διαψάλματος,
1260 1159 1317 1213 ἒν
1339 1159 1614 1231 διάψαλμα
1641 1155 1728 1230 ἦν,
1749 1158 1844 1212 τοῦ

272 1245 430 1314 ἀγίου
462 1247 776 1317 Πνεῦματος
810 1250 1105 1305 ἐντιθέντος
1134 1251 1210 1321 τῷ
1261 1251 1422 1305 Δαυῒδ
1466 1251 1536 1304 τὰ
1576 1253 1674 1322 τῆς
1709 1268 1846 1322 προ-

271 1336 500 1416 φητείας
529 1339 794 1408 νοήματα.
846 1337 983 1391 Ἀλλ’
1012 1339 1108 1410 οὐχ
1143 1339 1330 1410 ὥσπερ
1361 1339 1454 1393 ἐπὶ
1489 1339 1596 1392 τῶν
1621 1340 1842 1404 λοιπῶν,

269 1428 415 1495 οὕτω
443 1430 538 1483 καὶ
560 1429 792 1493 ἐνταῦθα
819 1430 1054 1498 ἐγένετο.
1115 1431 1205 1484 Ἐν
1241 1431 1342 1502 μὲν
1375 1431 1482 1502 γὰρ
1518 1435 1631 1495 τοῖς
1666 1431 1844 1494 ἄλλοις

268 1521 330 1578 οὐ
372 1520 518 1575 κατά
553 1521 747 1584 ταύτὸν
784 1523 1064 1602 ἐνηργεῖτο
1099 1524 1134 1593 ἦ
1180 1540 1238 1576 τε
1268 1525 1569 1594 κατήχησις
1613 1527 1646 1594 ὴ
1701 1525 1845 1578 κατά

267 1616 330 1676 τὸ
356 1615 668 1686 ἀπόρρητον
695 1617 761 1693 τῇ
795 1615 939 1694 ψυχῇ
982 1615 1130 1685 παρὰ
1160 1614 1252 1668 τοῦ
1283 1615 1598 1685 Πνεύματος
1641 1616 1845 1684 ἐγγινοε

268 1713 432 1782 μὲνη,
457 1711 550 1764 καὶ
574 1711 608 1781 ή
639 1711 738 1781 τῆς
767 1710 1071 1780 ὲντεθείσης
1095 1710 1242 1780 αὑτῴ
1279 1711 1532 1779 γνώσεως
1556 1710 1846 1782 ἐξαγόρευ-

269 1818 375 1863 σις·
400 1801 538 1855 ἀλλὰ
573 1804 670 1875 τῆς
703 1801 925 1871 καρδίας
957 1801 1162 1865 ἔνδοθεν
1191 1802 1602 1872 διδασκομένης,
1631 1803 1659 1854 6
1690 1801 1844 1868 λόγος

269 1890 561 1961 ἡσύχαζεν.
605 1889 867 1944 Ἐνταῦοα
893 1891 949 1944 δὲ
979 1891 1114 1962 ὁμοῦ
1139 1894 1204 1944 τὰ
1229 1891 1322 1945 δύο
1360 1891 1454 1947 καὶ
1483 1893 1624 1946 κατὰ
1650 1893 1842 1955 ταύτὸν

267 1985 598 2055 ἐνεργεῖται,
626 1983 718 2036 καὶ
772 1983 1133 2053 παραγίνεται
1182 1983 1330 2054 αὑτῷ
1379 1983 1579 2054 μεταξὺ
1633 2001 1845 2056 προφη-

268 2075 484 2128 τεύοντι
512 2077 547 2153 ἡ
565 2074 672 2136 τῶν
690 2075 1034 2146 ὑψηλοτέρων
1049 2075 1333 2146 νοημάτων
1351 2075 1667 2129 διδασκαλία
1699 2076 1848 2148 παρᾶ

265 2167 365 2219 τοῦ
392 2165 726 2236 Πνεύματος,
756 2165 850 2222 καὶ
868 2165 928 2224 τὸ
953 2165 1173 2236 συνεχὲς
1203 2167 1302 2236 τῆς
1340 2166 1602 2236 μελῳδίας
1632 2167 1692 2220 οὐ
1735 2167 1850 2220 δια-

269 2260 554 2313 κόπτεταιθ
610 2258 722 2312 ἀλλ’
751 2258 959 2328 ἐμφυὲν
997 2257 1077 2328 τῷ
1105 2259 1320 2328 ὀργάνῳ
1349 2257 1444 2311 τοῦ
1475 2261 1753 2329 προφήτου
1787 2258 1849 2314 τὸ

269 2353 498 2422 Πνεῦμα
528 2351 586 2404 τὸ
614 2351 788 2418 ἅγιον,
825 2350 958 2402 αὐτὸ
983 2350 1123 2403 κατά
1150 2351 1249 2420 τὴν
1290 2349 1427 2403 ίδίαν
1465 2349 1688 2421 γνώμην
1713 2353 1854 2408 κινεῖ

275 2446 338 2498 τὰ
355 2445 636 2514 φωνητικά
659 2443 1004 2514 αἰσθητήρια,
1025 2442 1099 2506 ὡς
1126 2445 1264 2512 μήτε
1286 2441 1384 2513 τὴν
1404 2442 1546 2514 ᾠδὴν
1559 2442 1848 2509 διαλιπεῖν,

271 2542 416 2610 μήτε
466 2536 856 2608 ἐμποδισθῖψαι
903 2535 1002 2605 τὴν
1059 2534 1408 2594 διδασκαλίαν
1468 2534 1547 2604 τῷ
1603 2534 1850 2605 φθόγγῳο

272 2633 418 2704 αὕτη
447 2632 557 2702 γάρ
584 2632 616 2700 ή
649 2627 963 2682 διδασκαλία
1000 2626 1098 2680 τοῦ
1135 2626 1446 2696 Πνεύματος
1479 2627 1542 2680 τὸ
1573 2627 1732 2697 μέλος
1757 2622 1847 2698 ἦν,

273 2726 458 2791 καθὼς
482 2723 736 2795 ὀνομάζει
765 2724 794 2776 6
826 2721 1138 2792 Σύμμαχος.
1187 2721 1274 2774 Ἐν
1301 2719 1512 2784 πολλοῖς
1537 2720 1594 2774 δὲ
1633 2720 1854 2790 μέρεσιν

279 2823 376 2890 τῆς
403 2815 720 2887 ψαλμῳδίας
745 2813 1136 2886 εὑρισκομένης
1158 2813 1256 2883 τῆς
1274 2812 1528 2884 τοιαύτης
1547 2811 1850 2882 διαστολῆς,

273 2907 483 2981 ἀρκοῦν
512 2907 576 2961 ἂν
608 2907 716 2976 εἴη,
746 2905 835 2959 διὰ
872 2904 980 2958 τῶν
1003 2903 1304 2975 εἰρημένων
1330 2903 1516 2974 ἔφοδον
1541 2905 1724 2976 κοινὴν
1754 2905 1854 2974 τῆς

275 3001 372 3054 τοῦ
407 2999 778 3070 διαψάλματος
818 2997 1199 3067 κατανοήσεως
1223 2996 1674 3067 παρασχομένους
1695 3035 1710 3058 ,
1745 3013 1852 3066 μη-

275 3092 397 3145 κέτι
430 3093 594 3144 πᾶσιν
624 3090 689 3142 δι’
722 3087 1007 3160 ἀκριϐείας
1053 3086 1326 3150 ἐπεξιέναι
1359 3088 1469 3149 τοῖς
1493 3085 1850 3156 διαψάλμασι.

277 3183 558 3255 Παρέλκον
578 3181 686 3252 γὰρ
714 3182 828 3249 ἃμα
850 3180 944 3233 καὶ
974 3179 1226 3250 περιττὸν
1246 3178 1720 3249 ὲμφιλοχωροῦντα
1741 3180 1854 3242 τοῖς

1946 712 2138 759 contra
2184 705 2328 769 illos,
2357 706 2451 775 qui
2478 704 2660 760 divina
2696 705 2920 760 oracula
2959 705 3238 770 additione
3266 707 3350 767 vel
3379 708 3508 762 sub-

1946 797 2211 850 tractione
2245 795 2533 849 immutant
2565 795 2650 859 “;
2686 795 2960 853 custodito
3008 811 3074 850 eo
3114 795 3206 868 qui
3250 795 3408 851 nobis
3452 795 3508 849 in

1947 886 2048 940 hac
2094 898 2244 957 parte
2291 884 2586 958 Scriptura:
2630 887 2863 942 traditus
2893 887 3235 950 cstordine,
3293 887 3513 940 investi-

1945 994 2072 1048 gare
2103 979 2421 1033 conabimur
2449 993 2697 1048 quamam
2728 977 2798 1032 sit
2829 992 2997 1032 causa
3027 978 3223 1040 cantici
3271 978 3510 1047 diapsal-

1947 1070 2126 1124 matis.
2161 1068 2217 1123 In
2255 1079 2488 1124 mentem
2521 1069 2686 1140 igitur
2726 1084 3077 1135 revocemus,
3107 1071 3175 1122 ab
3203 1069 3306 1130 hoc
3339 1087 3512 1142 usque

1947 1161 2011 1214 ad
2063 1176 2297 1231 sequens
2358 1161 2692 1231 diapsalina,
2747 1177 2916 1214 unum
2961 1161 3262 1230 diapsalma
3302 1162 3511 1223 fuisse,

1948 1253 2152 1318 Spiritu
2189 1261 2380 1306 sancto
2426 1251 2607 1305 Davidi
2684 1251 2980 1322 prephetiae
3019 1259 3074 1306 et
3105 1253 3512 1309 vaticinationis

1945 1362 2104 1401 sensa
2129 1355 2182 1400 et
2207 1346 2457 1400 notiones
2481 1343 2812 1414 inspirante;
2837 1343 2930 1398 sed
2960 1359 3066 1398 non
3089 1359 3153 1398 co
3177 1359 3286 1413 quo
3313 1345 3367 1398 in
3392 1345 3513 1399 aliis

1945 1439 2151 1493 solebat
2185 1439 2345 1492 modo
2373 1477 2388 1502 ,
2418 1438 2490 1490 ita
2518 1446 2570 1491 et
2611 1437 2699 1492 hic
2727 1437 2833 1506 egit
2873 1434 2956 1490 :iu
2993 1436 3113 1491 aliis
3156 1437 3300 1490 enim
3348 1437 3513 1492 simul

1945 1547 2052 1584 non
2079 1539 2235 1586 erant
2283 1529 2550 1584 institutio
2595 1528 2662 1584 de
2703 1528 3018 1584 coelestibus
3055 1531 3271 1585 arcanis
3307 1529 3444 1584 facta
3482 1544 3513 1584 a

1947 1620 2152 1694 Spiritu
2199 1627 2422 1685 sancto,
2470 1628 2524 1672 et
2573 1618 2920 1689 cogitationis
2972 1619 3234 1674 divinitus
3276 1627 3514 1686 acceptae

1945 1711 2200 1778 elocutio,
2232 1719 2286 1766 et
2314 1709 2604 1781 patefactio
2625 1750 2640 1775 ,
2673 1711 2767 1764 sed
2803 1726 2924 1765 cum
2954 1726 3049 1765 cor
3071 1711 3303 1766 interius
3330 1711 3515 1766 erudi-

1947 1814 2117 1872 retur,
2170 1821 2353 1861 sermo
2398 1805 2531 1860 foris
2561 1805 2897 1875 quiescebat.
2933 1803 3031 1859 llic
3065 1819 3195 1859 vero
3248 1803 3356 1858 duo
3401 1804 3515 1858 haec

1945 1887 2355 1966 conjunguntur
2385 1894 2546 1951 simul
2579 1903 2632 1949 et
2666 1893 2857 1950 eodem
2889 1903 3152 1964 tempore.
3185 1892 3319 1948 Nam
3351 1900 3405 1947 ct
3428 1892 3514 1946 di-

1949 1988 2180 2056 sciplina
2229 1986 2606 2043 sublimiorum
2647 1996 2980 2041 secretorum
3028 1986 3170 2040 inter
3221 1984 3517 2039 vaticinan-

1949 2081 2077 2138 dum
2110 2082 2186 2136 illi
2221 2079 2396 2146 adest,
2427 2080 2709 2151 seriesque
2741 2079 2999 2134 continua
3029 2078 3271 2133 melodiae
3302 2093 3410 2132 non
3432 2078 3517 2130 in-

1951 2173 2334 2244 terrumpitur,
2383 2173 2511 2243 quia
2561 2170 2796 2242 Spiritus
2830 2183 3054 2228 sanctus
3107 2170 3384 2242 prophetat
3434 2186 3518 2225 or-

1952 2279 2093 2334 gano
2130 2265 2290 2335 quasi
2333 2265 2739 2328 intumescens,
2781 2264 3008 2320 arbitrio
3050 2278 3152 2319 suo
3187 2262 3394 2317 vocalia
3437 2263 3519 2316 iu-

1953 2364 2258 2413 strumenta
2288 2363 2489 2422 movet,
2522 2367 2582 2408 ut
2614 2370 2790 2426 neque
2817 2364 2994 2411 cesset
3015 2355 3312 2420 canticum,
3345 2369 3520 2422 neque

1951 2449 2115 2504 etiam
2166 2459 2434 2505 concentu
2492 2448 2821 2518 impediatur
2871 2446 3142 2502 doctrina.
3199 2447 3322 2516 lpsa
3372 2448 3519 2499 enim

1952 2540 2201 2595 doctrina
2235 2539 2471 2611 Spiritus
2518 2542 2690 2594 sancti
2751 2546 2944 2592 cantus
2993 2552 3090 2591 seu
3137 2536 3306 2590 melos
3362 2543 3518 2596 erat,

1953 2640 2113 2702 prout
2141 2639 2194 2686 et
2224 2647 2254 2686 a
2289 2631 2616 2704 Symmacho
2651 2630 2984 2684 nominatur.
3013 2626 3084 2681 At
3128 2641 3255 2681 vero
3297 2639 3420 2679 cum
3463 2623 3519 2677 in

1953 2724 2142 2780 multis
2176 2725 2508 2794 psalmorum
2558 2723 2806 2793 partibus
2848 2719 3161 2790 huiusmodi
3197 2717 3522 2787 interruptio

1953 2817 2277 2887 reperiatur,
2302 2817 2436 2873 satis
2460 2816 2694 2871 fortasse
2724 2814 2889 2870 fuerit
2914 2829 3008 2884 per
3027 2827 3090 2867 ea
3118 2826 3237 2881 quae
3258 2809 3519 2872 diximus,

1955 2923 2296 2963 communem
2333 2908 2491 2979 quasi
2519 2908 2662 2962 viam
2708 2904 2968 2961 stravisse
2999 2903 3065 2958 ad
3115 2900 3520 2973 percipiendam

1954 3002 2327 3072 diapsalmatis
2359 3001 2658 3064 notionem,
2682 3006 2743 3053 ut
2772 2997 2998 3070 proinde
3022 2995 3252 3067 singulis
3284 2992 3524 3063 diapsal-

1955 3095 2115 3149 matis
2131 3093 2468 3164 explicandis
2488 3108 2597 3148 non
2627 3092 2700 3146 sit
2729 3089 3126 3145 immorandum
3149 3106 3162 3154 ;
3198 3088 3355 3140 inane
3377 3085 3523 3140 enim

1956 3187 2118 3243 simul
2162 3194 2227 3254 et
2253 3201 2651 3256 supervacuum
2711 3183 2889 3247 foret,
2943 3181 3136 3238 sedulo
3181 3179 3522 3234 insistentem

275 3274 642 3346 ἐγνωσμένοις
681 3273 768 3326 διὰ
814 3271 922 3325 τῶν
958 3269 1400 3342 ὁμολογουμένων
1450 3269 1714 3341 μηκύνειν
1760 3268 1853 3326 τὸν

1958 3279 2121 3334 rebus
2143 3277 2254 3348 jam
2291 3277 2462 3340 notis,
2503 3275 2822 3347 protrahere
2848 3287 3156 3329 sermonem
3190 3287 3284 3342 per
3309 3285 3372 3326 ea
3404 3283 3526 3339 quas

274 3365 458 3435 λόγον.

811 3493 1204 3548 ΚΕΦᾹΛΑΙΟΝ
1238 3494 1338 3547 IA'.

366 3609 527 3665 Ἀλλά
577 3609 669 3661 καὶ
716 3605 873 3660 τοῦτο
914 3605 980 3658 ἄν
1017 3621 1100 3665 τις
1131 3603 1354 3666 εἰκότως
1385 3604 1762 3674 ἐπιζητήσειε,
1800 3603 1852 3656 τί

274 3706 479 3776 δήποτε
511 3705 575 3772 τῇ
612 3698 899 3768 ἀκολουθίᾳ
939 3697 1036 3767 τῆς
1073 3695 1312 3766 ἱστορίας
1343 3693 1670 3764 ἀσύμφωνος
1706 3694 1853 3747 ἐστιν

277 3801 315 3868 ἡ
354 3795 506 3860 τάξις
541 3795 641 3865 τῆς
668 3790 1003 3862 ψαλμῳδίας.
1038 3790 1101 3842 El
1132 3788 1239 3860 γάρ
1281 3805 1366 3850 τις
1404 3785 1658 3858 προσέχοι
1675 3783 1758 3855 ,τῷ
1793 3803 1854 3838 τε

275 3888 521 3962 χρονικῷ
555 3885 902 3954 διαστήματι.
931 3883 988 3945 ἐν
1017 3875 1060 3949 ᾧ
1091 3880 1312 3948 γέγονεν
1338 3880 1372 3949 ἡ
1405 3877 1518 3948 ζωὴ
1547 3876 1641 3930 τοῦ
1671 3876 1852 3943 Δαυῒδ,

277 3985 378 4037 καὶ
416 3983 482 4052 τῇ
504 3979 612 4034 τῶν
642 3975 981 4048 πραγμάτων
1010 3972 1323 4042 ἀκολουθία,
1350 3972 1448 4024 οὐκ
1480 3970 1546 4024 ἂν
1572 3969 1722 4042 εὖροι
1758 3967 1857 4039 τὴν

276 4075 393 4128 τῶν
415 4071 644 4146 ψαλμῶν
667 4069 814 4121 θέσιν
863 4069 928 4137 τῇ
957 4064 1106 4130 τάξει
1135 4064 1231 4135 τῆς
1265 4063 1502 4133 ἱστορίας
1535 4061 1859 4132 συμϐαίνου-

280 4186 406 4233 σαν,
443 4165 624 4236 Φαμὲν
667 4163 846 4215 τοίνυν
882 4160 974 4213 ἐπὶ
1001 4159 1090 4212 τὸν
1135 4156 1350 4228 πρῶτον
1379 4155 1536 4226 ἡμῶν
1561 4155 1656 4207 τοῦ
1697 4154 1858 4222 λόγου

281 4258 491 4319 σκοπὸν
520 4255 938 4326 ἀνατρέχοντες,
999 4251 1082 4303 ὅτι
1113 4248 1323 4322 οὐδενὸς
1351 4245 1554 4302 τούτων
1589 4245 1739 4316 μέλει
1781 4244 1860 4316 τῷ

277 4348 592 4418 διδασκάλῳ
629 4346 804 4417 ἡμῶν.
853 4340 1179 4395 Διδάσκαλον
1208 4339 1337 4410 γὰρ,
1370 4335 1542 4405 οἶμαι,
1577 4335 1861 4406 ὀνομάζειν

278 4445 370 4502 δεῖ
395 4441 456 4494 τὸ
493 4438 717 4508 Πνεῦμα
746 4437 808 4490 τὸ
842 4435 1016 4502 ἆγιον,
1051 4431 1232 4493 καθώς
1269 4446 1434 4500 φησιν
1467 4427 1495 4479 6
1524 4427 1748 4498 Κύριοςο
1779 4427 1860 4480 ὅτι

286 4553 308 4585 ι
375 4533 613 4592 Ἐκεῖνος
639 4527 836 4593 διδάξει
883 4525 1026 4597 ὑμᾶς
1055 4524 1248 4577 πάντα.
1287 4541 1305 4571 ι
1339 4520 1525 4590 Τούτῳ
1561 4518 1740 4572 τοίνυν
1784 4517 1864 4587 τῷ

1952 3368 2196 3425 onmium
2226 3381 2501 3423 consensu
2537 3365 2931 3436 approbantur.

2556 3497 2791 3554 CAPUT
2829 3496 2920 3552 XI.

2023 3593 2130 3650 Sed
2159 3601 2214 3649 et
2244 3593 2348 3648 hoc
2378 3591 2575 3647 merito
2595 3592 2719 3662 quis
2751 3597 2976 3660 quaerat,
3007 3602 3169 3657 quam
3201 3584 3420 3640 tandem
3451 3584 3524 3638 ob

1953 3702 2175 3743 causam
2203 3684 2337 3740 ordo
2381 3683 2721 3738 Psalmorum
2756 3696 2879 3736 cum
2915 3679 3159 3734 historia:
3189 3675 3383 3731 ordine
3418 3690 3527 3728 non

1954 3775 2259 3831 consentiat
2287 3791 2302 3828 :
2335 3773 2383 3828 si
2414 3773 2539 3844 quis
2575 3772 2720 3828 enim
2755 3771 2995 3825 animum
3030 3769 3279 3823 advertat
3301 3766 3368 3820 ad
3401 3781 3529 3836 spa-

1956 3872 2093 3925 tium
2129 3866 2388 3936 temporis
2415 3881 2524 3936 quo
2558 3864 2728 3919 David
2763 3864 2919 3928 vixit,
2952 3869 3008 3916 et
3028 3860 3097 3915 ad
3131 3876 3308 3914 rerum
3344 3867 3526 3926 gesta-

1957 3977 2078 4015 rum
2110 3959 2336 4023 seriem,
2366 3972 2474 4012 non
2511 3972 2644 4012 sane
2685 3955 2924 4010 inveniet
2959 3952 3302 4007 Psalmorum
3343 3949 3530 4004 distri-

1958 4051 2236 4108 butionem
2279 4059 2334 4104 et
2366 4049 2689 4118 positionem
2725 4062 2848 4100 cum
2882 4045 3140 4114 temporis
3173 4043 3365 4098 ordine
3405 4058 3530 4096 con-

1957 4145 2166 4200 venire.
2209 4141 2429 4198 Reversi
2474 4141 2540 4195 ad
2570 4139 2899 4210 principium
2935 4137 3207 4194 sermonis
3243 4135 3412 4190 nostri
3444 4149 3528 4189 reo

1960 4233 2322 4306 spondemus,
2358 4230 2493 4286 nihil
2520 4231 2712 4284 horum
2745 4227 2958 4283 doctori
2988 4235 3043 4282 et
3068 4224 3389 4297 pneceptori
3429 4237 3529 4279 no-

1961 4338 2077 4385 stro
2105 4342 2249 4382 curae
2277 4341 2434 4392 esse;
2469 4325 2747 4378 doctorem
2776 4323 2944 4387 enim,
2985 4321 3092 4376 nisi
3127 4319 3308 4382 fallor,
3354 4316 3532 4372 nomi-

1961 4435 2094 4474 nare
2112 4425 2326 4487 oportet
2353 4414 2614 4484 Spiritum
2635 4421 2906 4476 sanctum,
2935 4419 3096 4482 prout
3124 4409 3390 4463 Dominus
3413 4407 3528 4470 ait:

1967 4529 1986 4564 ι
2025 4509 2118 4563 Ille
2141 4524 2238 4563 vos
2276 4506 2495 4561 docebit
2525 4504 2730 4560 omnia.
2770 4522 2789 4555 ι
2834 4501 2974 4556 Huic
3023 4502 3188 4571 igitur
3223 4499 3531 4554 animoru

279 4624 578 4694 καθηγητῇ
595 4591 708 4679 τῶν
738 4591 932 4690 qn)me-
955 4617 1109 4689 ἡμῶν
1139 4617 1232 4681 καὶ
1258 4613 1562 4682 διδασκάλῳ
1612 4610 1855 4681 πάρεργα

1969 4611 2279 4658 nostrorum
2321 4597 2622 4654 iustitutori
2667 4595 2850 4650 omnia
2881 4595 2986 4648 alia
3015 4593 3083 4647 ad
3118 4608 3230 4648 rem
3261 4591 3534 4662 pertinere

275 4719 355 4771 ’τά
376 4717 514 4772 ἄλλα
539 4715 714 4774 πάντα
738 4713 914 4780 δοκεῖ,
928 4710 1131 4780 σπουδὴ
1153 4709 1208 4761 δὲ
1229 4707 1290 4760 τὸ
1310 4703 1712 4776 περισώσασθαι
1739 4702 1864 4764 τοὺς

279 4813 347 4862 ἐν
374 4810 443 4878 τῇ
496 4806 820 4877 ματαιότητι
847 4805 946 4874 τῆς
976 4802 1122 4872 ζωῆς
1153 4797 1565 4870 πλανωμένους,
1609 4795 1702 4849 καὶ
1733 4793 1866 4865 πρὸς

279 4899 388 4970 τὴν
418 4898 594 4969 ἀληθῆ
621 4897 766 4968 ζωὴν
808 4893 1223 4964 ὲφελκύσασθαι.
1255 4889 1423 4944 Παντὶ
1461 4887 1568 4959 γάρ
1609 4885 1688 4957 τῷ
1725 4883 1868 4939 κατά

278 5009 414 5050 τινα
441 4989 640 5055 σκοπὸν
673 4985 1112 5058 κατορθουμένῳ,
1141 4985 1292 5050 τάξις
1318 5000 1402 5046 τις
1443 4981 1629 5033 ἔπεστι
1665 4976 1867 5047 φυσική

279 5101 350 5143 τε
394 5082 490 5135 καὶ
533 5079 835 5149 ἀναγκαία,
888 5080 921 5148 ἡ
964 5078 1030 5130 δι’
1082 5075 1374 5130 ἀκολούθου
1434 5069 1769 5142 κατορθοῦσα
1807 5067 1870 5121 τὸ

286 5172 748 5242 σπουδαζόμενον.
797 5172 1006 5240 ’Ὠσπερ
1054 5167 1229 5222 τοίνυν
1260 5167 1353 5233 ἐπὶ
1389 5162 1497 5227 τῶν
1518 5157 1866 5230 λιθογλύφων,

287 5263 500 5327 σκοπὸς
533 5265 630 5334 μὲν
655 5264 836 5329 αίρτοῖς
867 5263 963 5331 τῆς
996 5259 1256 5332 ἐργασίας
1284 5257 1400 5311 ἐστὶ
1428 5255 1488 5307 τὸ
1516 5254 1650 5324 πρός
1680 5271 1731 5304 τι
1763 5248 1870 5302 τῶν

285 5358 467 5410 ὖντων
505 5353 768 5424 ὁμοιῶσαι
812 5352 906 5405 τὸν
941 5352 1106 5416 λίθον,
1157 5351 1256 5403 οὐκ
1297 5347 1458 5409 εὐθὺς
1503 5345 1558 5398 δὲ
1609 5343 1670 5396 τὸ
1715 5341 1871 5412 ἔργον

287 5449 406 5504 ἀπὸ
429 5445 524 5513 τοῦ
559 5447 790 5516 πέρατος
817 5443 1062 5515 ἄρχεται,
1102 5442 1216 5495 ἀλλ’
1241 5439 1542 5510 ἐπιτίθησιν
1573 5435 1873 5504 ἀναγκαίαν

286 5539 419 5600 τινὰ
465 5538 532 5605 τῇ
576 5535 776 5604 σπου,δῇ
817 5534 970 5598 τάξιν
1002 5534 1035 5603 ἡ
1065 5533 1261 5601 τέχνη,
1306 5525 1372 5600 ἧς
1412 5528 1539 5582 ἄνευ
1586 5526 1685 5591 οὐκ
1717 5525 1784 5578 ἂν
1814 5523 1874 5577 τὸ

292 5623 734 5692 σπουδαζόμενον
767 5622 978 5689 γένοιτο
1005 5620 1145 5691 (χρὴ
1179 5619 1286 5689 γὰρ
1319 5617 1531 5687 πρῶτον
1569 5615 1665 5684 μὲν
1699 5613 1872 5685 ἀπορ-

294 5718 465 5794 ρἧαι
495 5720 592 5786 τῆς
619 5713 896 5784 συμφυοῦς
939 5711 1142 5782 πέτρας
1176 5711 1266 5764 τδν
1297 5710 1460 5762 λίθων
1499 5702 1614 5760 εἶτα
1647 5705 1874 5776 κακά’

298 5813 397 5884 ,μιι
425 5809 524 5875 τάς
557 5807 823 5879 προϐολάς
853 5808 956 5858 τῶν
995 5806 1302 5876 ἀχρήστων,
1339 5800 1468 5873 πρὸς
1496 5799 1592 5871 τὴν
1619 5799 1712 5852 τοῦ
1741 5814 1874 5874 προ-

376 5967 423 5997 “
457 5965 626 6040 Apoc.
671 5978 804 6032 nit,
847 5961 929 6022 19.

1970 4712 2079 4751 non
2107 4692 2382 4756 videntur,
2409 4691 2460 4744 in
2494 4687 2548 4743 id
2580 4703 2748 4742 unum
2776 4684 3133 4749 incumbenti,
3161 4691 3220 4738 ut
3244 4689 3535 4738 conservet

1965 4803 2061 4844 eos
2087 4785 2178 4855 qui
2212 4784 2265 4836 in
2296 4783 2399 4837 hae
2429 4781 2554 4835 vitae
2590 4780 2829 4833 vanitate
2868 4777 3144 4839 oberrant,
3175 4782 3230 4830 et
3256 4773 3322 4827 ad
3347 4788 3533 4828 veram

1965 4880 2132 4935 vitam
2161 4875 2413 4930 adducat.
2444 4872 2604 4928 Omni
2642 4870 2787 4926 enim
2832 4869 2940 4932 illi,
2973 4867 3134 4937 cujus
3173 4865 3374 4920 actioni
3409 4864 3535 4918 linis

1966 4940 2312 5041 prmstitutus
2348 4974 2468 5026 est,
2499 4961 2660 5017 simul
2698 4961 2862 5016 etiam
2908 4958 3044 5014 ordo
3087 4969 3141 5012 et
3176 4957 3440 5011 naturalis
3481 4962 3536 5010 et

1968 5060 2315 5117 necessarius
2345 5056 2600 5128 praefixos
2640 5063 2742 5120 est,
2776 5052 2868 5122 qui
2904 5052 3044 5106 serie
3068 5049 3304 5120 quadam
3349 5047 3400 5101 id
3425 5044 3537 5099 ciii-

1969 5154 2064 5216 cit,
2104 5150 2250 5222 quod
2295 5149 2398 5204 sibi
2446 5146 2715 5218 proponit.
2756 5141 3223 5210 Quemadmodum
3257 5139 3421 5206 igitur
3458 5137 3536 5188 la-

1972 5245 2153 5315 pidum
2183 5241 2552 5311 sculptoribus
2581 5246 2635 5293 et
2664 5235 2965 5297 statuariis,
3005 5233 3128 5287 linis
3167 5229 3402 5284 actionis
3427 5235 3533 5289 est,

1973 5333 2203 5406 lapidem
2227 5333 2292 5388 ad
2318 5331 2548 5400 alicujus
2570 5327 2981 5386 similitudinem
3012 5321 3356 5376 conformare
3381 5337 3394 5372 :
3425 5333 3537 5373 non

1973 5437 2151 5483 autem
2192 5425 2376 5482 statim
2410 5423 2478 5477 ab
2505 5423 2626 5492 ipso
2658 5421 2762 5475 line
2784 5433 2924 5489 opus
2954 5415 3264 5474 inchoatur,
3287 5410 3380 5465 sed
3411 5423 3538 5479 prec

1973 5517 2271 5575 cedendum
2301 5522 2386 5570 est
2416 5515 2519 5568 arti
2559 5510 2868 5568 necessario
2896 5505 3130 5577 quodam
3163 5503 3352 5557 ordine
3371 5541 3385 5564 ,
3419 5501 3538 5555 sine

1973 5627 2081 5682 quo
2127 5609 2334 5664 nullum
2367 5620 2544 5675 opera:
2579 5603 2812 5674 pretium
2860 5597 3057 5659 faciat,
3095 5600 3189 5647 aut
3243 5591 3538 5682 quidquam

1976 5681 2262 5776 proficiat:
2320 5704 2532 5769 oportet
2583 5694 2730 5752 enim
2786 5691 2961 5760 primo
3014 5685 3247 5756 lapidem
3287 5681 3539 5739 excidere

1976 5773 2045 5847 ab
2091 5791 2160 5845 iis
2192 5788 2458 5860 partibus,
2508 5797 2633 5838 eum
2687 5779 2886 5851 quibus
2923 5774 3244 5832 naturaliter
3292 5773 3533 5831 coaluit:
