4044 6498
568 407 677 470 563

1833 425 1891 479 5.
1931 425 2256 486 GREGORII
2294 431 2587 490 NYSSEN’I

3683 449 3772 504 5M

567 524 763 580 deinde
803 524 1196 604 circpmcidere
1227 529 1552 590 eminentias
1577 575 1592 600 ,
1632 543 1686 592 et
1723 551 1986 594 excursus
2018 557 2117 612 par

2217 594 2220 604 _
2250 548 2499 616 κειμένου
2547 549 2778 620 μίμησιν
2808 549 3117 619 ὲξεχόντων·
3161 551 3254 602 καὶ
3299 551 3464 616 οὕτως
3496 555 3663 626 κοιλᾷν
3701 561 3774 617 (ἶιᾶ

567 617 700 670 tium
751 618 1017 674 inutilium
1052 617 1118 672 ad
1154 632 1419 692 suscepta:
1453 625 1702 695 imaginis
1753 629 2134 696 imitationem,

567 708 755 778 sicque
783 708 966 764 labore
994 719 1048 764 et
1083 711 1264 766 studio
1301 731 1496 772 cavare
1534 717 1655 774 illas
1691 719 1887 790 lapidis
1917 732 2098 794 partes
2118 766 2134 790 ,

565 799 765 866 quibus
787 799 1016 856 sublatis
1052 801 1241 874 incipit
1273 806 1516 862 eminere
1543 810 1597 863 in
1625 827 1690 865 eo
1713 815 1856 880 quod
1889 817 2136 872 relictum

561 896 668 949 est,
695 889 875 958 aliqua
905 890 1116 960 species
1145 894 1419 960 animalis,
1455 900 1543 954 cui
1570 902 1910 958 conﬁciendo
1940 907 2136 965 artifex

563 995 780 1048 operam
831 991 1014 1036 natat.
1062 981 1192 1038 Post
1239 986 1354 1042 haec
1395 989 1774 1046 subtilioribus
1805 996 2134 1066 quibusdam

562 1079 616 1124 et
651 1072 990 1128 tenuioribus
1035 1077 1412 1133 instrumentis
1443 1081 1873 1152 circumradere,
1905 1095 1959 1142 et
1991 1089 2138 1143 havi-

561 1177 691 1234 gare
731 1163 926 1234 lapidis
978 1169 1326 1236 asperitatem
1377 1173 1710 1242 aggreditur,
1765 1178 2136 1252 subjectaeque

563 1255 803 1310 materiae
841 1260 1204 1328 exemplaris,
1239 1277 1334 1316 seu
1395 1267 1664 1337 prototypi
1713 1268 2132 1328 similitudinem

560 1343 770 1406 indere,
810 1355 863 1401 et
895 1356 1153 1418 prmtcrea
1198 1351 1392 1422 lapidis
1425 1357 1767 1425 superficiem
1801 1363 2040 1432 expolire
2080 1372 2134 1419 et

555 1433 802 1496 elimare.
836 1443 889 1490 et
921 1437 1190 1494 laeviorem
1218 1442 1464 1508 reddere,
1499 1459 1728 1514 quorum
1759 1451 1998 1506 omnium
2029 1454 2136 1508 mi-

558 1523 786 1580 nisterio
808 1541 898 1582 ars
921 1527 1232 1598 hujusmodi
1259 1541 1514 1589 ornatum
1535 1540 1684 1607 operi
1707 1537 1876 1595 addit.
1931 1541 2131 1599 Eodem

556 1617 716 1685 plane
749 1619 908 1674 modo
935 1660 949 1686 ,
981 1635 1105 1678 cum
1155 1630 1266 1677 tota
1301 1627 1461 1682 nobis
1487 1637 1682 1684 natura
1715 1632 1786 1686 ob
1825 1634 2132 1704 voluptates

553 1722 850 1778 corporeas
889 1713 1051 1766 veluti
1095 1713 1150 1770 in
1193 1716 1424 1786 lapidem
1455 1735 1720 1777 conversa
1757 1723 1850 1789 sit,
1875 1725 2050 1780 oratio
2077 1737 2134 1782 et

556 1797 852 1867 institutio,
886 1819 1007 1873 qua:
1033 1821 1136 1862 nos
1167 1807 1232 1861 ad
1261 1809 1498 1864 divinam
1535 1814 1947 1872 similitudinem
1971 1821 2130 1890 quasi

2235 637 2339 706 τῆς
2373 639 2632 707 ἐργασίας
2660 641 2841 692 ἐκεῖνα
2869 641 2960 693 τοῦ
3007 639 3156 692 λίθου
3190 640 3254 692 τὰ
3293 641 3432 712 μέρη
3456 683 3470 704 ,
3501 638 3569 696 ὧν
3599 649 3774 718 ἐξαιρε.

2239 727 2459 792 θέντων,
2517 731 2741 801 ἄρχεται
2784 731 2907 802 περὶ
2949 732 3011 784 τὸ
3055 731 3370 802 λειπόμενον
3417 736 3685 806 ἐνορᾶσθαι
3727 743 3776 794 τδ

2239 820 2423 890 σχῆμα
2442 821 2535 873 τοῦ
2563 821 2724 885 ζώου,
2759 823 2882 892 περὶ
2911 823 2939 875 ὃ
2965 823 3064 893 τὴν
3094 825 3327 896 σπουδὴν
3351 827 3378 878 ό
3399 829 3634 898 τεχνίτης
3659 832 3772 900 ἔχει·

2238 907 2330 959 καὶ
2381 909 2518 978 μετά
2558 909 2716 966 τοῦτο
2773 911 3118 983 λεπτοτέροις
3163 914 3272 966 τισὶ
3311 915 3404 966 καὶ
3443 915 3777 990 ὸμαλωτέροις

2237 997 2486 1068 ὀργάνοις
2519 1002 2789 1071 περιξέειν
2819 1020 2877 1055 τε
2909 1005 3002 1056 καὶ
3028 1003 3366 1056 ἀπολεαίνειν
3401 1005 3496 1075 τὴν
3531 1009 3616 1060 τοῦ
3649 1010 3776 1064 λίθου

2235 1089 2580 1160 τραχύτητα,
2615 1093 2708 1146 καὶ
2745 1094 2864 1146 τότε
2915 1093 3012 1165 τῆς
3061 1094 3368 1164 ἀρχετύπου
3429 1100 3632 1168 μορφῆς
3680 1101 3781 1152 ἐπι-

2237 1179 2449 1234 ϐάλλειν
2495 1183 2572 1252 τῷ
2599 1184 3038 1255 ὑπολελειμμένῳ
3078 1187 3176 1255 τὴν
3215 1187 3520 1256 ὁμοιότητα·
3555 1188 3780 1262 λαμπρύ-
3819 1211 3836 1224 ·

2235 1287 2346 1324 νειν
2385 1287 2446 1323 τε
2479 1272 2616 1342 μετὰ
2661 1273 2832 1330 ταῦτα
2862 1273 2954 1326 καὶ
2987 1273 3264 1344 λειοτέραν
3311 1279 3483 1327 ποιεῖν
3520 1277 3610 1328 τοῦ
3651 1278 3779 1331 λίθου

2232 1361 2332 1433 τήν
2370 1366 2706 1434 ἐπιφάνειαν·
2752 1367 2820 1420 δι’
2847 1360 2922 1420 ὧν
2971 1363 3110 1420 οἶδεν
3152 1369 3185 1438 ὴ
3231 1367 3392 1436 τέχνη
3441 1371 3527 1422 τὸν
3569 1370 3781 1424 τοιοῦτον

2235 1454 2544 1510 ἐπιϐάλλειν
2569 1457 2771 1528 κόσμον
2813 1457 2890 1528 τῷ
2917 1457 3119 1529 ἐργῳ)·
3156 1457 3299 1511 κατὰ
3344 1458 3437 1511 τὸν
3475 1459 3627 1512 αὑτὸν
3672 1463 3782 1530 τρο-

2235 1563 2334 1599 πον
2381 1546 2564 1618 πάσης
2609 1549 2796 1620 ἡμῶν,
2858 1549 2946 1602 διὰ
2992 1550 3092 1620 τῆς
3141 1549 3336 1619 ὑλικῆς
3395 1550 3781 1621 προσπαθείας,

2233 1633 2421 1706 ὥσπερ
2477 1637 2906 1710 ἀπολιθωθείσης
2974 1639 3074 1709 τῆς
3131 1640 3378 1709 φύσεως,
3431 1643 3460 1694 ό
3525 1641 3654 1710 προς
3697 1641 3784 1712 τὴν

2234 1723 2381 1778 Θείαν
2417 1726 2673 1796 ὁμοίωσιν
2709 1726 2962 1798 λατομῶν
2995 1730 3141 1800 ἡμᾶς
3182 1729 3380 1798 λόγος,
3418 1729 3520 1799 ὀδῷ
3561 1747 3662 1782 τινι
3704 1731 3784 1784 καὶ

2235 1815 2524 1888 ἀκολουθία
2619 1819 2756 1889 πρὸς
2815 1820 2876 1872 τὺ
2930 1819 3022 1874 τοῦ
3082 1819 3286 1874 σκοποῦ
3327 1819 3504 1892 πέρας
3547 1820 3784 1894 προέρχε-

551 1891 852 1947 erudiendo
878 1895 1060 1951 edolat
1083 1905 1136 1952 et
1176 1899 1459 1967 eﬂ'ormat,
1496 1905 1578 1958 via
1621 1905 1858 1974 quadam
1892 1919 1947 1965 et
1982 1888 2129 1968 certa
2162 1888 2206 1948 Β
2232 1925 2342 1962 ται.

556 1983 768 2039 ratione
788 1985 856 2038 ad
885 1989 1225 2058 propositum
1257 1993 1414 2047 ﬁnem
1444 1995 1706 2064 procedit.

622 2073 866 2133 Primum
919 2081 1066 2136 enim
1117 2093 1333 2154 separat
1388 2103 1490 2144 nos
1543 2104 1574 2142 a
1630 2099 1864 2161 cognato
1913 2093 2128 2164 lapide,

555 2181 584 2220 a
618 2167 854 2234 malitia,
884 2170 1106 2241 inquam
1127 2215 1142 2240 ,
1171 2175 1238 2230 ad
1259 2193 1420 2248 quam
1447 2195 1544 2249 per
1568 2180 1812 2238 habitum
1840 2186 2128 2254 quemdam

554 2259 738 2314 adnati
784 2276 995 2319 sumus.
1045 2265 1248 2322 Deinde
1297 2279 1542 2340 amputat
1585 2275 1913 2342 superﬂuam
1959 2285 2132 2333 mate-

554 2349 730 2418 riam;
765 2361 952 2422 postea
981 2353 1219 2414 formare
1259 2359 1450 2430 incipit
1496 2362 1798 2430 subjectam
1845 2367 2127 2422 materiam

555 2441 623 2494 ad
659 2443 1078 2500 similitudinem
1116 2451 1445 2519 exemplaris
1468 2491 1482 2516 ,
1515 2455 1859 2524 exemptione
1899 2467 1954 2512 et
1979 2473 2130 2513 amo-

547 2531 703 2587 tione
725 2549 914 2589 eorum
951 2553 1072 2606 qua:
1104 2541 1515 2598 similitudinem
1562 2546 1893 2614 prohibent,
1940 2553 2128 2622 sicque

559 2638 658 2692 per
681 2624 1022 2682 subtiliorem
1051 2631 1442 2700 cogitationum
1477 2642 1530 2689 et
1563 2637 1848 2694 notionum
1877 2639 2126 2713 discipli-

556 2731 682 2768 nam
706 2755 722 2781 ,
755 2717 952 2774 limans
982 2728 1036 2774 et
1068 2723 1279 2794 poliens
1313 2735 1560 2782 nostram
1607 2740 1842 2786 mentem
1887 2749 1983 2804 per
2013 2739 2124 2790 vir-

548 2807 686 2861 tutis
717 2816 939 2880 typum,
974 2811 1225 2870 eﬁ'ormat
1269 2817 1324 2871 in
1369 2818 1530 2874 nobis
1571 2819 1887 2888 Christum,
1925 2841 2124 2880 secun-

547 2897 678 2953 dum
709 2901 868 2970 cujus
900 2904 1314 2964 similitudinem
1349 2910 1418 2964 ab
1447 2911 1606 2964 initio
1639 2913 1964 2970 conformati
1997 2933 2123 2973 era-

546 3005 708 3055 mus,
747 2993 814 3046 ad
850 3010 1014 3064 quam
1050 2995 1230 3052 denuo
1264 3001 1696 3058 conformantur.
1734 3005 1867 3072 Quis
1899 3016 1982 3063 est
2021 3009 2122 3081 igi-

543 3088 638 3134 tur
675 3085 971 3154 sculptura;
1013 3097 1216 3143 nostra:
1255 3091 1435 3145 ordo?
1473 3093 1528 3146 In
1569 3097 1744 3164 prima
1787 3097 2118 3166 psalmorum

543 3172 790 3228 sectione
839 3175 907 3229 ab
963 3175 1212 3247 improba
1249 3180 1384 3244 vita,
1421 3184 1578 3253 quasi
1618 3185 1846 3242 abscissi
1888 3203 2116 3255 sumus;

543 3261 602 3316 in
634 3265 992 3334 sequentibus
1024 3283 1152 3324 vero
1174 3309 1188 3332 ,
1228 3271 1488 3326 continua
1524 3274 1694 3339 serie,
1727 3277 1982 3334 omnibus
2016 3295 2120 3334 nu-

543 3355 709 3410 meris
760 3357 1011 3412 absoluta
1043 3368 1129 3416 est
1159 3361 1414 3417 imitatio.
1460 3365 1690 3419 Constat
1721 3383 1850 3437 ergo
1881 3371 2122 3438 psalmo-

541 3461 664 3500 rum
697 3449 870 3513 ordo,
901 3466 1024 3504 cum
1064 3452 1299 3522 Spiritus
1343 3466 1604 3520 sanctus,
1643 3465 1701 3512 ut
1747 3459 1952 3514 dictum
1997 3475 2117 3528 εει,

541 3552 652 3592 non
685 3538 738 3592 id
791 3544 1132 3611 pr0positum
1169 3544 1398 3610 habeat,
1438 3556 1494 3602 ut
1543 3563 1646 3606 nos
1696 3550 1897 3608 nudam
1949 3551 2122 3608 histo-

539 3628 682 3682 riam
729 3629 958 3694 doceat,
988 3634 1082 3688 sed
1123 3643 1184 3690 ut
1219 3636 1432 3692 animas
1475 3647 1696 3700 nostras
1735 3655 1836 3710 per
1867 3641 2117 3698 virtutem

539 3720 844 3774 secundum
895 3721 1064 3779 Deum
1117 3725 1354 3790 formet,
1411 3735 1470 3782 ut
1523 3729 1754 3799 proinde
1813 3747 2012 3788 senslts
2063 3734 2118 3790 in

540 3809 768 3877 psalmis
819 3811 990 3867 abditi
1020 3815 1192 3870 series
1223 3817 1519 3885 qumrenda
1549 3834 1659 3874 non
1695 3819 1800 3884 sit,
1849 3829 2012 3891 prout
2041 3823 2118 3877 hi-

539 3901 727 3956 storiae
759 3911 816 3958 et
855 3919 1038 3960 rerum
1075 3915 1354 3978 gestarum
1389 3909 1526 3964 ordo
1555 3912 1806 3980 requirit.
1839 3914 2115 3979 Quemad-

539 3995 760 4048 modum
795 3998 938 4050 enim
975 3998 1031 4052 in
1071 3999 1238 4054 allato
1268 4015 1298 4054 a
1331 4002 1490 4056 nobis
1520 4002 1588 4056 de
1617 4004 1900 4075 sculptura
1934 4021 2114 4062 excin-

517 4084 664 4154 plo,
697 4101 788 4143 ars
819 4088 886 4144 ad
916 4097 1110 4144 statuto
1149 4091 1491 4148 effectionem
1533 4095 1720 4150 multis
1753 4104 1875 4166 eget
1907 4097 2114 4152 instru-

535 4177 780 4244 mentis;
813 4179 1180 4236 instrumenta
1210 4199 1340 4238 vero
1377 4185 1490 4240 haec
1531 4201 1640 4242 non
1680 4189 1864 4242 omnia
1902 4190 2109 4246 similia

535 4275 666 4322 sunt
702 4268 874 4338 ﬁgura
903 4281 960 4326 et
989 4273 1174 4342 specie
1193 4313 1208 4339 ,
1239 4275 1337 4330 sed
1369 4277 1516 4330 aliud
1548 4277 1768 4347 quidem
1799 4273 2108 4336 summa'in

532 4358 762 4426 cuspide
789 4361 844 4414 in
870 4363 986 4432 gyri
1019 4364 1238 4418 modum
1273 4364 1614 4421 eﬁ‘ormatum
1646 4377 1730 4424 est
1750 4410 1766 4434 ,
1792 4371 1898 4424 alia
1921 4373 2110 4442 cuspi-

531 4449 658 4504 dem
683 4451 889 4507 habent
919 4454 1096 4510 instar
1121 4471 1288 4512 serrae
1310 4495 1325 4520 ,
1355 4458 1459 4512 alia
1485 4461 1684 4532 scalpri
1711 4463 1882 4535 ﬁgura
1911 4483 2022 4536 prae
2049 4483 2109 4524 se

2304 2082 2522 2156 Πρῶτον
2557 2083 2802 2154 χωρίζων
2845 2086 3014 2156 ἡμᾶς,
3062 2082 3174 2138 οἷόν
3212 2103 3362 2150 τινος
3393 2087 3666 2158 συμφυοῦς
3700 2089 3786 2145 πέ-

2229 2191 2366 2245 τρας
2403 2177 2502 2246 τῆς
2547 2177 2744 2240 κακίας
2795 2177 2955 2246 λέγω,
3074 2178 3162 2231 διά
3201 2197 3348 2242 τινος
3383 2181 3614 2250 σχέσεως
3661 2175 3786 2250 ἦμεν

2231 2269 2706 2338 προσπεφυκότες·
2761 2263 2882 2322 εἶτα
2934 2271 3253 2338 περικόπτει
3304 2271 3404 2342 τῆς
3456 2272 3583 2341 ὕλης
3615 2271 3678 2325 τὰ
3705 2289 3788 2326 πε-

2231 2363 2388 2432 ριττά
2407 2379 2420 2392 ·
2455 2364 2592 2432 μετὰ
2615 2363 2771 2416 τοῦτο
2790 2363 2995 2416 τυποῦν
3017 2363 3242 2435 ἄρχεται
3269 2365 3411 2436 πρὸς
3433 2366 3531 2436 τὴν
3553 2368 3788 2436 ὁμοίωσιν

2225 2451 2321 2504 τοῦ
2370 2452 2570 2505 σκοποῦ
2601 2452 2660 2505 τὸ
2716 2453 3033 2523 ἐγκείμενον
3071 2457 3138 2525 τῇ
3183 2457 3650 2526 περιαιρέσειτῶν
3693 2475 3789 2510 κω-

2227 2541 2458 2595 λυόντων
2483 2541 2580 2614 τὴν
2607 2543 2832 2613 μίμησιν
2861 2559 2875 2572 ο
2899 2547 2990 2596 καὶ
3021 2543 3191 2608 οὕτως
3226 2545 3320 2598 διὰ
3351 2547 3450 2616 τῆς
3481 2546 3787 2612 λεπτοτέρας

2225 2633 2333 2685 τῶν
2391 2633 2676 2704 νοημάτων
2726 2633 3090 2699 διδασκαλίας,
3143 2635 3382 2701 ὲπιξύων
3421 2653 3481 2689 τε
3513 2637 3605 2692 καὶ
3640 2654 3790 2690 κατα-

2224 2723 2448 2778 λεαίνων
2479 2725 2633 2795 ὴμῶν
2657 2726 2756 2796 τὴν
2794 2727 3052 2794 διάνοιαν,
3090 2730 3202 2782 τότε
3244 2729 3340 2782 διὰ
3369 2729 3464 2782 τὸν
3489 2731 3587 2800 τῆς
3611 2730 3794 2798 ἀρετῆς

2223 2817 2390 2876 τύπον
2441 2817 2716 2886 ὲμμοριροῖ
2742 2819 2870 2888 ἡμῖν
2899 2819 2988 2872 τὸν
3011 2821 3246 2892 Χριστόν
3267 2837 3280 2854 ·
3305 2817 3379 2874 οὗ
3397 2823 3515 2874 κατ’
3547 2821 3722 2874 εἰκόνα
3745 2821 3798 2888 ἐξ

2223 2909 2396 2980 ἀρχῆς
2446 2925 2507 2962 τε
2542 2905 2684 2979 ἦμεν
2734 2911 2828 2962 καὶ
2877 2911 3040 2966 πάλιν
3089 2911 3310 2982 γινόμεθ
3331 2932 3386 2967 α.
3426 2914 3524 2976 Τίς
3554 2909 3644 2966 οὖν
3665 2916 3806 2968 ἐστιν,

2222 3001 2254 3070 ἡ
2299 3001 2399 3072 τῆς
2443 2999 2654 3070 γλυφῆς
2677 3001 2786 3054 τῶν
2815 3003 3096 3074 ἡμετέρων
3141 3003 3342 3074 ψυχῶν
3387 3005 3578 3072 τάξιςς
3621 3005 3704 3058 Ἐν
3728 3003 3798 3075 τῷ

2222 3090 2421 3162 πρώτῳ
2463 3094 2708 3164 τμήματι
2751 3094 2848 3163 τῆς
2877 3093 3214 3164 ψαλμῳδίας,
3251 3097 3364 3167 τῆς
3392 3100 3450 3150 ὲν
3474 3097 3642 3169 κακίᾳ
3665 3099 3798 3167 ζωῆς

2221 3183 2630 3254 ἀπεσχίσθημεν
2655 3202 2668 3214 ·
2706 3186 2762 3236 ἐν
2801 3185 2856 3237 δὲ
2884 3188 2996 3248 τοῖς
3027 3187 3224 3256 ἐφεξῆς
3255 3188 3356 3242 διὰ
3386 3189 3487 3256 τῆς
3516 3189 3804 3261 προσεχοῦς

2147 3244 2188 3306 c
2219 3244 2545 3337 ἀκολουθίας.
2592 3275 2685 3328 ἐπὶ
2721 3275 2782 3327 τὸ
2811 3244 3010 3329 τέλειον
3035 3244 3282 3350 ἦροῆξθη
3310 3282 3356 3349 ἡ
3393 3244 3644 3352 μίμηοῖις,
3675 3244 3800 3350 ἒύγί

2220 3383 2395 3420 κειται
2444 3367 2622 3420 τοίνυν
2647 3366 2754 3418 τῶν
2785 3367 3015 3436 ψαλμῶν
3047 3371 3080 3440 ἡ
3120 3371 3290 3434 τάξις,
3340 3373 3531 3444 ἐπειδὴ
3562 3373 3624 3426 τὸ
3649 3390 3802 3426 σπου-

2218 3456 2507 3528 δαζόμενὸν
2555 3457 2670 3510 ἐστι
2715 3457 2791 3527 τῷ
2829 3459 3126 3530 Πνεύματι.
3189 3461 3384 3526 καθὼς
3431 3467 3668 3538 εἴρηται,
3711 3467 3800 3534 οὐχ

2222 3547 2461 3619 ἱστορίαν
2491 3550 2635 3620 ἡμᾶς
2675 3550 2881 3616 διδάξαι
2917 3553 3098 3622 ψιλὴν,
3131 3553 3267 3608 ἀλλὰ
3299 3555 3406 3619 τάς
3437 3557 3617 3628 ψυχάς
3653 3560 3794 3630 ἡμῶν

2216 3639 2282 3694 δι’
2310 3642 2508 3714 ἀρετῆς
2562 3642 2703 3696 κατὰ
2759 3643 2890 3696 Θεὸν
2960 3645 3270 3716 μορφῶσαι·
3307 3649 3386 3713 ὡς
3460 3651 3709 3724 ἐπιζητεί
3743 3651 3798 3703 τὸ

2215 3732 2314 3800 τῆς
2333 3731 2566 3796 διανοίας
2590 3733 2698 3786 τῶν
2729 3735 2786 3786 ἐν
2829 3736 2941 3798 τοῖς
2967 3736 3198 3808 ψαλμοῖς
3237 3741 3653 3813 γεγραμμένων
3677 3741 3796 3794 ἀκό-

2213 3822 2420 3888 λουθον,
2446 3825 2544 3894 οὐχ
2571 3823 2646 3888 ὡς
2672 3826 2704 3892 ἡ
2723 3827 2966 3898 ἱστορικὴ
2996 3827 3239 3897 βούλεται
3271 3832 3593 3886 ἀκολουθία.
3622 3832 3804 3886 Καθάε

2215 3933 2319 3987 περ
2350 3916 2457 3988 γὰρ
2491 3917 2582 3970 ἐπὶ
2608 3917 2700 3970 τοῦ
2746 3919 3055 3984 ἐκτεθέντος
3083 3922 3215 3992 ἡμῖν
3242 3923 3340 3976 τοῦ
3375 3925 3524 3978 κατά
3552 3925 3651 3997 τὴν
3680 3926 3798 3994 γλυ-

2215 4011 2320 4082 φὴν
2373 4011 2786 4081 ὑποδείγματος,
2830 4013 3038 4066 πολλῶν
3072 4016 3219 4068 ἐστιν
3257 4017 3517 4090 ὁργάνων
3545 4019 3681 4090 πρὸς
3708 4018 3800 4087 τὴν

2212 4099 2304 4152 τοῦ
2351 4101 2662 4172 ἀγάλματος
2709 4105 3050 4176 ἀπεργασίαν
3103 4107 3259 4178 χρεία
3297 4113 3363 4180 τῇ
3403 4111 3577 4184 τέχνῃ
3615 4110 3719 4180 (τὰ
3746 4109 3800 4162 δέ

2209 4190 2416 4261 ὅργανα
2440 4193 2633 4258 ταῦτα,
2656 4195 2753 4266 οὐχ
2773 4194 2972 4266 ὁμοίως
2995 4195 3106 4266 ἔχει
3137 4199 3270 4270 πρὸς
3294 4200 3511 4271 ἄλληλα
3543 4201 3686 4255 κατὰ
3715 4201 3810 4254 τον-

2209 4280 2378 4334 τύπον
2404 4281 2496 4335 τοῦ
2523 4285 2817 4354 σχήματος,
2849 4284 2982 4338 ἀλλὰ
3014 4287 3072 4338 τὸ
3095 4287 3192 4356 μὲν
3217 4289 3544 4355 ἐλικοειδῶς
3577 4291 3717 4344 κατὰ
3744 4291 3800 4341 τὸ

2209 4370 2376 4441 ἄκρον
2412 4371 2719 4426 τετύπωται
2740 4416 2755 4440 ,
2791 4373 2859 4428 τὰ
2886 4374 2939 4428 δὲ
2973 4375 3242 4447 πριονὼδη
3271 4379 3375 4449 τὴν
3425 4381 3617 4451 ἀκμὴν
3658 4379 3766 4450 ἔχει
3787 4395 3799 4408 ·

2207 4461 2342 4514 ἄλλα
2371 4462 2681 4532 σμιλοειδῶς
2711 4465 3161 4521 κατεσκεύασται.
3211 4469 3457 4534 Ἐτὲροις
3511 4475 3800 4542 περιῆκται

533 4539 751 4608 ferunt,
807 4545 913 4602 alia
969 4555 1137 4612 sunt,
1193 4565 1426 4617 quorum
1481 4550 1654 4610 forma
1701 4558 2104 4614 semicirculum

2217 4554 2267 4606 τὸ
2291 4552 2430 4618 εἶδος
2457 4559 2536 4618 εἰς
2565 4557 2911 4626 ἡμικύκλιον.
2950 4559 3134 4611 Πάντα
3175 4559 3230 4612 δὲ
3253 4560 3437 4615 ταῦτα
3473 4565 3574 4616 καὶ
3602 4563 3672 4618 τὰ
3693 4581 3802 4616 τοι·

531 4631 700 4688 refert
731 4651 748 4700 ;
779 4635 962 4692 omnia
993 4645 1176 4694 autem
1210 4641 1324 4696 haec
1351 4649 1406 4698 et
1433 4644 1560 4700 talia
1591 4649 1838 4718 apposito
1865 4657 2107 4721 tempore

531 4725 730 4780 artiﬁci
759 4727 1100 4786 inserviunt:
1129 4731 1210 4786 sic
1237 4749 1368 4788 vero
1401 4743 1588 4791 nostro
1615 4739 1796 4808 opiﬁci
1822 4780 1839 4806 ,
1865 4742 1955 4810 qui
1983 4743 2105 4798 ani-

529 4829 649 4868 mas
693 4823 914 4874 nostras
965 4819 1102 4874 scite
1152 4821 1221 4875 ad
1271 4822 1366 4878 Dei
1425 4826 1834 4882 similitudinem
1879 4829 2102 4902 eﬁingit,

529 4908 846 4976 psalmodiae
880 4920 1040 4977 sunt,
1086 4914 1234 4968 velut
1269 4917 1568 4986 sculptoria
1607 4915 1856 4989 quze'dam
1893 4921 2102 4976 instru-

527 5007 755 5066 menta;
805 5017 966 5056 usum
1022 5014 1204 5059 autem
1251 5007 1564 5075 hujusmodi
1609 5010 2100 5068 instrumentorum

525 5089 746 5145 ordinat
779 5093 1084 5150 necessitas
1114 5097 1368 5152 actionis.
1395 5096 1580 5170 Neque
1615 5101 1846 5158 sollicite
1873 5102 2102 5172 inquirit

525 5183 759 5248 artifex,
805 5184 1080 5254 quodnam
1137 5204 1202 5242 ex
1259 5189 1368 5244 illis
1420 5189 1797 5247 instrumentis
1835 5193 1989 5262 prius
2023 5195 2097 5250 sit

526 5275 888 5332 fabrefactum
913 5319 928 5342 ,
961 5289 1020 5332 ut
1047 5279 1098 5334 id
1125 5281 1272 5349 quod
1306 5281 1459 5352 prius
1485 5281 1842 5338 fabrefactum
1877 5295 1960 5342 est
1980 5325 1995 5352 ,
2026 5288 2098 5344 sit

517 5367 688 5419 (etiam
733 5370 969 5436 primum
1011 5373 1064 5426 in
1105 5372 1325 5428 actione
1363 5373 1676 5443 sculpturat.
1720 5373 1852 5430 Nam
1894 5379 1988 5446 qui
2028 5380 2096 5434 ad

525 5459 904 5514 necessitatem
935 5469 1144 5518 tantum
1175 5463 1422 5524 attendit,
1437 5464 1524 5518 ille
1557 5464 1788 5534 quodvis
1813 5474 1868 5522 ct
1889 5469 2092 5538 primo,

523 5557 582 5602 et
605 5549 848 5606 secundo
871 5591 886 5616 ,
917 5560 973 5610 et
996 5567 1323 5624 quocunque
1353 5556 1460 5612 alio
1489 5557 1606 5612 loco
1635 5557 1900 5625 collocat,
1935 5567 2095 5632 prout

525 5637 722 5695 suadet
746 5656 878 5698 usus
903 5652 960 5698 et
989 5647 1310 5702 necessitas.
1359 5647 1486 5704 Sive
1511 5648 1680 5719 igitur
1709 5650 1796 5704 illa
1823 5666 1944 5722 qua:
1975 5665 2094 5710 eve-

525 5742 728 5788 nerunt
752 5749 876 5790 cum
905 5733 1120 5794 Goliatb
1167 5751 1226 5794 et
1269 5738 1472 5806 Saule,
1527 5743 1866 5800 collocentur
1915 5745 2116 5816 primo.

528 5825 680 5891 loco,
708 5825 823 5883 sive
851 5826 1040 5883 ultimo
1064 5845 1128 5884 ea
1154 5846 1274 5902 quae
1301 5848 1427 5889 cum
1460 5835 1734 5892 Absalone
1761 5846 1815 5893 ct
1845 5834 1968 5892 Uria
1997 5851 2090 5892 ac-

2207 4643 2365 4710 αὖτα,
2417 4646 2559 4700 κατὰ
2613 4647 2704 4699 τὸν
2757 4648 2888 4702 ἴδιον
2922 4649 3146 4702 ἕκαστον
3179 4651 3372 4722 καιρὸν
3427 4653 3702 4724 ὑπουργεῖ
3727 4651 3804 4721 τῷ

2205 4737 2442 4808 τεχνίτῃ)
2466 4754 2480 4767 ’
2511 4737 2686 4801 οὕτως
2736 4738 2813 4809 τῷ
2846 4740 3083 4811 ἀληθινῷ
3121 4743 3390 4813 ἐπιστάτῃ
3424 4742 3508 4815 τῷ
3537 4741 3803 4814 τεχνικῶς

2204 4827 2546 4898 διαγλύφοντι
2575 4830 2728 4900 ἡμῶν
2779 4831 2877 4895 τὰς
2904 4833 3082 4904 ψυχὰς
3141 4835 3275 4905 πρὸς
3325 4837 3436 4907 τὴν
3500 4836 3601 4888 τοῦ
3647 4835 3802 4888 Θείου

2203 4922 2480 4990 ὁμοίωσιν,
2519 4915 2630 4974 οἷον
2665 4921 2872 4994 ὅργανά
2913 4942 3031 4978 τινα
3071 4925 3436 4995 λιθογλυιρικὰ
3497 4928 3556 4980 αἰ
3617 4926 3802 4998 ψαλμ-

2201 5014 2356 5084 ῳδίαι
2385 5015 2930 5087 παρεσκευάσθησαν,
2957 5018 3055 5088 τὴν
3084 5018 3140 5072 δὲ
3166 5018 3271 5070 τῶν
3297 5017 3566 5090 ὀργάνων
3598 5018 3803 5072 τούτων

2201 5105 2396 5174 χρῆσιν
2451 5107 2485 5176 ἡ
2509 5107 2670 5176 χρεία
2700 5107 2798 5178 τῆς
2829 5109 3088 5180 ἐργασίας
3129 5109 3208 5172 είς
3238 5107 3397 5174 τάξιν
3421 5111 3575 5178 ἄγει.
3611 5109 3724 5162 Καὶ
3744 5108 3803 5162 οὐ

2204 5196 2357 5266 μέλει
2387 5195 2465 5268 τῷ
2514 5198 2732 5271 τεχνίτῃ
2760 5197 3252 5270 πολυπραγμονεῖν,
3285 5201 3450 5251 ποῖον
3495 5201 3559 5254 ὲν
3579 5203 3695 5263 τοῖς
3716 5199 3806 5270 όρ-

2200 5287 2387 5355 γάνοις
2430 5288 2537 5360 πρὸ
2585 5289 2679 5340 τοῦ
2729 5289 2914 5358 ἐτέρου
2961 5289 3339 5359 κεχάλκευται,
3400 5290 3496 5343 ἵνα
3547 5291 3612 5344 τὸ
3645 5293 3702 5343 ἐν
3736 5292 3802 5361 τῇ

2200 5383 2508 5451 κατασκευῇ
2535 5379 2776 5450 πρῶτον,
2805 5380 2896 5432 καὶ
2924 5382 2982 5433 ἐν
3023 5383 3090 5452 τῇ
3125 5381 3423 5453 συνεργείᾳ
3443 5383 3551 5454 τῆς
3585 5383 3802 5452 γλυφῆς

2198 5471 2420 5541 γένηται
2438 5469 2672 5542 πρῶτον.
2703 5471 2762 5524 '0
2791 5469 2901 5542 γὰρ
2925 5473 2991 5542 τῇ
3023 5470 3182 5544 χρεία
3215 5472 3537 5544 προσέχων,
3577 5473 3799 5545 πρῶτον

2197 5563 2290 5616 καὶ
2317 5560 2588 5632 δεύτερον,
2637 5561 2728 5615 καὶ
2758 5561 3043 5615 πολλοστὸν
3089 5564 3264 5615 ἐκεῖνο
3293 5565 3468 5622 ποιεῖ,
3497 5563 3532 5616 ὃ
3552 5565 3800 5634 crquco-

2194 5653 2337 5714 λεύει
2385 5655 2419 5724 ἡ
2467 5653 2647 5725 χρεία.
2701 5653 2823 5706 Είτε
2876 5649 3058 5708 οὖνέν
3109 5651 3342 5724 πρώτοις
3407 5655 3484 5708 τὰ
3531 5655 3680 5708 κατὰ
3706 5655 3800 5708 τὸν

2194 5745 2386 5800 Γολιὰθ
2420 5745 2628 5800 καὶτὸν
2656 5745 2826 5798 Σαούλ
2858 5745 2974 5797 ἐστι
3009 5745 3306 5814 πράγματα
3326 5783 3343 5806 ,
3375 5747 3498 5798 εἴτε
3545 5750 3607 5800 ἐν
3647 5749 3802 5819 ἐσχά-

2195 5855 2307 5902 τοις
2326 5837 2394 5892 τά
2421 5837 2561 5892 κατὰ
2587 5839 2678 5892 τὸν
2722 5837 3074 5909 Ἀϐεσσαλὼμ
3106 5838 3202 5892 καὶ
3227 5837 3316 5891 τὸν
3359 5837 3610 5908 Οὐρίαν,
3639 5840 3736 5892 καὶ
3757 5837 3810 5891 οἱ
