3986 6492
227 423 325 480 555

1612 411 1677 477 IN
1717 407 2051 470 PSALMOS.

3357 409 3460 465 5m

215 537 301 588 τοῦ
333 535 498 588 Χουσὶ
516 535 683 604 λόγοι,
712 535 804 588 καὶ⁵
837 536 869 606 ή
901 533 1040 586 κατὰ
1066 533 1164 603 τὴν
1198 533 1468 606 Βερσαόεὲ
1507 535 1781 605 συντυχία⁶

1891 533 2168 603 ciderunt,
2205 539 2256 585 et
2287 531 2448 586 verba
2480 529 2646 587 Chusi
2670 573 2686 597 ,
2719 541 2774 586 et
2806 543 3137 600 congressus
3169 543 3293 585 cum
3322 530 3459 585 Ber-

221 628 364 698 μέλει
423 626 623 679 τούτων
670 626 819 678 οὐδὲν
865 625 943 695 τῷ
987 625 1281 696 μορφοῦντι
1321 625 1409 680 διά
1451 625 1654 679 τούτων
1681 626 1781 689 τὰς

215 721 430 790 καρδίας
487 720 678 791 ἡμῶν,
727 721 840 773 ἀλλ’
897 722 1042 783 ὅπως
1077 721 1142 773 ἂν
1187 721 1255 773 δι’
1304 722 1533 774 ἑκάστου
1579 720 1782 774 τούτων

215 809 418 876 γένοιτό
465 829 550 873 τις
603 810 738 880 πρὸς
784 809 846 862 τὸ
892 809 1094 877 ἀγαθὸν
1120 811 1252 880 ἡμῖν
1303 811 1587 881 συνεργία.
1638 808 1782 879 Πρὸς

213 903 365 956 τοῦτο
409 901 594 972 βλέπει
650 902 743 954 καὶ
794 903 826 971 ἡ
873 898 1007 971 πρὸς
1043 901 1140 971 τὴν
1175 901 1446 971 σωτηρίαν
1471 899 1778 953 ἀκολουθίαδ

213 996 302 1048 καὶ
355 996 506 1059 τάξις
562 994 758 1064 ἀρίστη
786 993 992 1060 γίνεται
1031 993 1138 1044 τῶν
1167 994 1248 1054 είς
1292 993 1423 1046 αὐτὸ
1465 991 1623 1044 τοῦτο
1657 1007 1782 1043 συν-

212 1087 512 1157 εργούντων
535 1088 664 1156 ἡμῖν
705 1084 992 1138 ἀκολουθία
1022 1084 1114 1137 καὶ
1140 1084 1310 1148 τάξις.
1340 1077 1484 1145 Οίον,
1521 1085 1549 1136 6
1572 1083 1784 1154 πρῶτος

210 1179 512 1247 ἀπέστησεν
546 1179 643 1248 τῆς
681 1177 818 1247 πρὸς
859 1177 919 1228 τὸ
951 1175 1120 1228 κακον
1159 1175 1430 1244 συμφυΐας
1457 1175 1546 1228 τὸν
1573 1172 1784 1245 ἄνθρω-

211 1287 326 1322 πον.
371 1271 430 1322 '0
463 1269 734 1340 δεύτερος,
778 1263 883 1320 τίνι
926 1266 1421 1338 προσκολληθῶμεν
1469 1267 1783 1333 ὑπέδειξεν,

207 1361 304 1432 τὴν
336 1361 425 1414 διὰ
466 1362 665 1432 σαρκὸς
692 1355 785 1413 τοῦ
820 1361 1028 1431 Κυρίου
1074 1358 1429 1430 προμηνύσας
1461 1359 1780 1429 ἐμφάνειαν,

208 1455 301 1506 καὶ
359 1451 556 1517 δείξας,
594 1454 673 1506 ὅτι
729 1452 886 1505 τοῦτό
945 1454 1060 1505 ὲστι
1111 1452 1381 1522 μακάριον
1413 1447 1475 1503 τδ
1514 1452 1598 1503 ἐπ’
1637 1449 1785 1523 αὐτῷ

210 1544 546 1600 πεποιθέναι.
607 1547 665 1598 '0
708 1546 908 1616 τρίτος,
971 1544 1061 1597 τὸν
1094 1545 1245 1615 παρὰ
1295 1543 1386 1597 τοῦ
1469 1543 1661 1614 ἐχθροῦ
1700 1561 1784 1598 σοι

209 1636 567 1706 ἐφιστάμενον
591 1634 893 1706 πειρασμὸν
937 1634 1294 1706 προμηνύσει.
1340 1635 1426 1697 Ὠς
1453 1634 1551 1705 ἤδη
1580 1651 1636 1686 σε
1667 1651 1782 1704 χριο

212 1722 404 1774 σθέντα
437 1723 513 1784 εἰς
547 1721 818 1790 βασιλείαν
867 1721 952 1774 διὰ
981 1721 1078 1788 τῆς
1114 1720 1366 1782 πίστεως,
1398 1720 1492 1771 καὶ
1541 1719 1620 1789 τῷ
1649 1719 1783 1790 άλη-

207 1812 339 1883 θινῷ
380 1811 600 1884 Χριστῷ
650 1811 1136 1883 συμϐασιλεύοντα,
1166 1811 1265 1863 οὐκ
1295 1811 1490 1876 ἔξωθεν
1523 1808 1788 1881 ἐπιχειρεῖ

1881 628 2077 688 sabee.
2116 625 2252 680 nihil
2278 626 2472 679 horum
2505 640 2651 678 cura:
2675 633 2761 679 est
2793 625 2904 688 illi,
2937 625 3031 694 qui
3061 623 3228 678 corda
3269 631 3459 678 nostra

1881 734 1978 788 per
2008 718 2120 770 hac
2154 716 2395 782 format;
2449 715 2544 770 sed
2592 715 2643 770 id
2695 717 2871 770 solum
2925 715 3270 782 considerat,
3323 731 3462 783 quo-

1881 807 2040 861 modo
2085 807 2315 876 singulis
2353 806 2546 859 borum
2586 805 2653 858 ad
2701 806 2957 859 virtutem
3008 804 3312 872 adjumenti
3360 803 3461 857 ali-

1883 900 2014 969 quid
2046 897 2274 952 alferat:
2308 896 2374 950 ad
2401 895 2548 967 quod
2585 897 2748 951 etiam
2783 897 2900 964 ipse
2943 897 3140 950 salutis
3171 899 3306 950 ordo
3341 903 3462 948 ten-

1881 991 1961 1044 dit
1991 1009 2004 1043 :
2040 990 2391 1060 Optimusque
2420 991 2554 1045 ordo
2588 999 2673 1045 est
2704 990 3023 1044 continuata
3061 989 3234 1044 series
3268 1004 3461 1042 eorum

1880 1095 2001 1150 quae
2029 1080 2096 1133 ad
2139 1080 2243 1135 hoc
2271 1081 2449 1152 ipsum
2485 1082 2687 1150 aliquid
2729 1085 2846 1150 opis
2886 1081 3266 1134 contribuunl.
3295 1078 3458 1133 Verbi

1881 1171 2055 1240 gratia
2075 1209 2090 1233 ,
2117 1170 2324 1240 primus
2349 1172 2594 1240 psalmus
2629 1171 2851 1224 abducit
2887 1170 3158 1223 hominem
3191 1184 3221 1222 a
3251 1185 3459 1236 cogna-

1881 1262 2051 1323 tione,
2081 1275 2240 1329 quam
2273 1274 2397 1314 cum
2429 1261 2574 1314 malo
2611 1247 2928 1326 contraxit;
2959 1259 3236 1314 secundus
3275 1267 3460 1312 osten-

1881 1350 1994 1414 dit,
2043 1351 2131 1404 cui
2181 1350 2251 1404 sit
2296 1351 2702 1414 adherendum,
2767 1350 2896 1403 dum
2949 1350 3020 1404 ob
3065 1349 3256 1404 oculos
3306 1350 3463 1417 ponit

1882 1439 2085 1496 Christi
2126 1441 2181 1496 in
2210 1457 2376 1496 carne
2425 1443 2920 1497 manifestationem
2941 1481 2956 1506 ,
2995 1441 3269 1511 simulque
3300 1442 3462 1494 docet

1884 1526 2139 1582 ﬁduciam
2177 1545 2300 1598 erga
2342 1530 2517 1599 ipsum
2570 1531 2958 1585 beatitudinem
3002 1540 3244 1586 nostram
3291 1547 3458 1597 esse;

1883 1620 2077 1673 tertius
2111 1621 2346 1688 explicat
2378 1621 2478 1675 tibi
2507 1621 2877 1678 imminentem
2910 1624 2979 1676 ah
3014 1623 3169 1678 hoste
3202 1624 3461 1678 tentatio-

1885 1725 2031 1764 nem.
2063 1709 2246 1780 Itaque
2275 1719 2328 1765 te
2355 1711 2468 1781 jam
2498 1724 2722 1768 unctum
2760 1715 2817 1769 in
2846 1730 3025 1785 regem
3057 1731 3152 1785 per
3181 1716 3339 1770 fidem
3361 1755 3375 1779 ,
3406 1723 3465 1770 et

1887 1817 2011 1856 cum
2060 1818 2187 1856 vero
2229 1812 2394 1858 uncto
2428 1814 2782 1875 regnantem,
2838 1808 3078 1876 dejicere
3121 1816 3354 1862 conatur
3393 1809 3463 1864 de

206 1904 298 1957 τοῦ
337 1902 650 1974 ἀξιώματός
686 1921 744 1956 σε
795 1903 1100 1968 ἐκϐάλλειν,
1143 1901 1256 1955 ἀλλ’
1291 1902 1351 1966 ἐξ
1379 1900 1539 1955 αὐτοῦ
1568 1901 1660 1954 τοῦ
1692 1901 1784 1954 σοῦ

1891 1903 2052 1948 tanta:
2084 1893 2364 1964 dignitatis
2393 1895 2645 1966 fastigio,
2680 1913 2786 1951 non
2818 1897 2987 1964 foris,
3021 1898 3113 1952 sed
3145 1913 3211 1952 ex
3250 1907 3302 1953 te
3342 1900 3464 1968 ipso

206 1995 520 2064 γενόμενος.
568 1995 640 2046 Ού
681 1995 792 2066 γάρ
847 1993 1110 2065 ἑτέρωθεν
1162 1991 1273 2062 ἔχει
1320 1993 1418 2061 τὴν
1472 1993 1622 2062 ἰσχὺν
1664 1992 1785 2044 καθ’

206 2086 368 2156 ἡμῶν
429 2085 459 2136 6
511 2084 786 2154 πολέμιος,
825 2083 944 2138 οὐδὲ
993 2085 1123 2156 παρ’
1155 2083 1316 2137 ἄλλου
1369 2082 1511 2145 τινὸς
1550 2082 1657 2135 άπὸ
1690 2081 1785 2134 τοῦ

205 2175 523 2246 ἀξιώματος
585 2174 976 2245 ἐκϐαλλόμεθα,
1027 2177 1074 2227 εί
1127 2174 1200 2245 μὴ
1246 2173 1396 2226 αὐτοὶ
1437 2175 1669 2244 πατέρες
1694 2172 1786 2226 τοῦ

206 2265 385 2318 κακοῦ
412 2267 745 2336 γεννήματος
769 2266 856 2318 διὰ
881 2265 980 2335 τῆς
1005 2283 1140 2336 πονη
1149 2267 1251 2336 ρᾶς
1273 2265 1459 2328 ὠδῖνος
1475 2265 1784 2335 γενοίμεθα.

210 2359 307 2419 Ὃς
333 2357 578 2426 ἀνταίρει
608 2359 671 2426 τῇ
697 2356 941 2427 βασιλείᾳ
967 2359 1000 2427 ἡ
1010 2355 1146 2427 μῶν,
1177 2357 1269 2409 καὶ
1295 2356 1646 2410 ἐπανίσταται
1668 2355 1786 2408 τότε

205 2450 328 2501 καθ’
362 2448 521 2519 ἡμῶν
570 2449 635 2502 τὸ
694 2448 894 2520 κράτος
946 2448 1256 2518 λαμϐάνων,
1287 2448 1415 2501 ὅταν
1454 2448 1652 2519 μολύνῃ
1692 2445 1790 2509 τὰς

204 2539 568 2602 συνοικούσας
605 2541 758 2610 ἡμῖν,
787 2542 843 2593 ἐν
883 2540 1130 2613 ὑπαίθρῳ
1181 2541 1242 2593 τὺ
1278 2542 1408 2609 ἄγος
1453 2538 1790 2608 κατεργασάρ

208 2650 375 2704 μενος
400 2649 413 2662 ⁸
442 2632 588 2685 τοῦτ’
627 2631 794 2693 ἐστιν,
833 2632 959 2685 ὅταν
980 2631 1043 2703 δη
1053 2631 1312 2704 μοσιεύση
1334 2631 1432 2703 τὴν
1450 2633 1554 2684 τῶν
1578 2630 1790 2702 ἀρετῶν

203 2723 371 2795 ἡμῶν
404 2722 724 2793 διαφθορὰν,
753 2715 840 2786 αἷς
863 2738 993 2776 ποτε
1018 2725 1432 2794 συνῳκήσαμεν.

265 2982 451 3036 “Emi.
477 2977 570 3036 οὖν
625 2984 683 3036 ὲν
725 2987 836 3050 τοῖς
871 2985 1106 3056 πρώτοις
1163 2985 1315 3040 οὔπω
1345 2989 1631 3043 τετόνωται
1659 2990 1794 3060 πρὸς

198 3073 335 3135 τοὺς
371 3073 587 3140 ἀγῶνας
635 3075 766 3145 ἡμῖν
809 3077 843 3146 ὴ
888 3072 1135 3147 δύναμις,
1180 3078 1254 3142 ὡς
1289 3080 1430 3133 κατὰ
1481 3081 1652 3151 στόμα
1676 3085 1794 3144 ταῖς

201 3165 544 3235 προσϐολαῖς
602 3165 696 3218 τοῦ
748 3167 1025 3237 ἀλλοτρίου
1090 3169 1516 3238 συμπλέκεσθαι,
1563 3171 1657 3224 καὶ
1699 3170 1795 3223 τοῦ

1889 1985 2200 2039 exsistens:
2230 1999 2338 2038 non
2367 1987 2511 2040 enim
2544 1985 2763 2040 aliunde
2797 1987 2902 2040 vim
2937 1995 3130 2040 contra
3165 2001 3266 2041 nos
3296 1987 3461 2041 habet

1886 2074 2090 2136 hostis,
2119 2090 2292 2144 neque
2325 2075 2394 2128 ab
2443 2076 2553 2128 alio
2593 2077 2830 2146 quodam
2880 2092 2944 2130 ex
2994 2074 3256 2144 dignitate
3308 2084 3460 2145 parta

1887 2166 2260 2231 exturbamur,
2291 2168 2396 2220 nisi
2426 2182 2525 2221 nos
2555 2167 2655 2237 ipsi
2686 2169 2814 2221 mali
2849 2168 3012 2236 hujus
3040 2171 3222 2235 gnati,
3256 2169 3462 2224 infelici

1890 2270 2077 2329 partu,
2129 2261 2286 2329 quasi
2346 2268 2530 2330 patres
2585 2262 2816 2324 fiamus,
2865 2263 2957 2331 qui
2997 2263 3051 2317 in
3091 2279 3319 2334 regnum
3361 2279 3462 2317 no-

1889 2359 2062 2406 strum
2097 2351 2333 2421 insurgit
2366 2360 2421 2406 et
2467 2367 2616 2404 arma
2668 2354 2844 2422 capit,
2888 2355 2982 2424 qui
3029 2363 3160 2410 tunc
3193 2355 3464 2410 adversus

1888 2456 1989 2494 nos
2018 2441 2359 2510 potissimum
2390 2441 2706 2508 invalescit,
2735 2457 2858 2496 cum
2886 2445 3338 2498 contaminaverit
3365 2458 3461 2499 eas

1889 2547 2009 2600 quae
2047 2531 2331 2584 nobiscum
2371 2531 2654 2598 habitant,
2707 2533 2828 2586 lucc
2879 2534 3089 2602 palam,
3135 2543 3190 2588 et
3238 2533 3293 2587 in
3343 2549 3463 2586 om-

1891 2625 2044 2676 nium
2096 2631 2430 2692 conspectu,
2487 2631 2639 2676 tanto
2688 2625 2905 2692 piaculo
2954 2633 3298 2694 perpetrato,
3359 2625 3463 2679 hoc

1889 2723 2011 2776 est,
2045 2713 2264 2784 quando
2295 2713 2361 2768 ad
2393 2713 2670 2783 publicum
2723 2715 2869 2768 velut
2927 2724 3195 2783 quaestum
3240 2717 3464 2788 exponit

1891 2807 2158 2860 virtutum
2221 2815 2536 2860 nostrarum
2594 2805 3031 2874 corruptionem,
3087 2805 3286 2877 quibus
3331 2806 3463 2860 olim

1893 2894 2350 2950 cohabitavimus.

1962 2983 2096 3038 Cum
2132 2985 2293 3054 igitur
2323 2984 2392 3040 ab
2426 2984 2582 3038 initio
2636 2988 2814 3039 virtus
2857 2994 3046 3040 nostra
3093 2987 3335 3041 nondum
3388 2987 3463 3040 ita

1895 3075 1960 3129 ad
1996 3092 2231 3146 pugnam
2271 3077 2341 3131 sit
2374 3077 2759 3139 corroborata,
2799 3084 2856 3129 ut
2899 3085 3085 3146 aperte
3128 3087 3182 3132 et
3224 3079 3366 3132 velut
3406 3080 3463 3133 in

1897 3167 2089 3222 faciem
2122 3168 2468 3237 impressioni
2507 3167 2679 3222 hostis
2726 3167 2983 3223 resistere
3013 3170 3323 3232 valeamus,
3364 3171 3462 3225 sed

203 3259 410 3326 φυγεῖν
438 3258 531 3309 τοῦ
564 3258 804 3311 τοιούτου
843 3261 940 3327 τὴν
983 3258 1190 3327 ἔφοδον,
1219 3259 1280 3311 οὐ
1315 3261 1507 3333 μικρὸν
1547 3264 1623 3325 είς
1649 3263 1787 3331 ώφέε

1897 3274 2120 3313 necesse
2149 3259 2219 3312 sit
2262 3257 2446 3328 fugere
2475 3258 2788 3326 hujusmodi
2829 3253 3176 3322 conﬂictum,
3220 3275 3325 3313 non
3367 3275 3465 3329 pa-

199 3343 361 3396 λειαν
411 3347 523 3406 τοῖς
572 3343 994 3414 πολεμουμένοις
1027 3347 1056 3399 6
1099 3345 1254 3414 λόγος
1280 3347 1555 3414 ὑπέδειξεν
1581 3350 1668 3402 διὰ
1695 3351 1788 3404 τοῦ

200 3435 356 3490 κατὰ
399 3434 497 3504 τὴν
531 3435 751 3504 Γραφὴν
777 3435 1192 3506 ὑποδείγματος,
1233 3438 1388 3492 τοῦτο
1417 3456 1474 3493 σε
1500 3441 1787 3508 διδάσκων,

196 3528 284 3580 ὅτι
317 3529 456 3579 ὅταν
489 3544 567 3580 σοι
595 3527 819 3596 γένηται
869 3528 1228 3600 ’Λσεσσαλὼμ
1250 3533 1278 3583 6
1313 3534 1378 3602 τῇ
1403 3532 1567 3603 κακία
1583 3533 1790 3602 κομῶν,

197 3620 228 3670 6
277 3618 707 3687 ἀδελφοκτόνος,
763 3621 882 3673 τότε
947 3620 1144 3691 τιμίοις
1189 3637 1282 3674 σου
1345 3624 1542 3692 γάμοις
1590 3625 1684 3676 καὶ
1724 3625 1790 3696 τῇ

194 3709 472 3779 ἀμιάντῳ
519 3711 674 3784 κοίτῃ
721 3711 1108 3782 ὲπιλυσσήσας,
1149 3711 1338 3781 φεῦγε,
1364 3713 1545 3778 καθώς
1577 3732 1740 3783 φησιν
1763 3716 1792 3768 6

197 3799 444 3868 Κύριος,
510 3800 616 3852 ἀπὸ
667 3801 872 3864 πόλεως
905 3803 984 3865 εἰς
1016 3802 1188 3856 πόλιν,
1231 3804 1318 3856 Ἐν
1358 3805 1464 3876 γὰρ
1499 3803 1578 3875 τῷ
1603 3806 1790 3858 ἀποδι-

190 3889 478 3960 δράσκειν
533 3891 642 3944 άπὸ
719 3891 1006 3961 προσώπου
1080 3893 1430 3966 ’Ᾱὸεσσαλὼμ
1487 3894 1657 3965 ἔστιν,
1696 3895 1793 3951 τοῦ

191 3981 462 4034 τοιούτου
491 3982 628 4039 υἱοῦ.
649 3981 739 4036 τὸν
757 3982 1142 4053 συλλεξάμενον
1190 3983 1381 4037 ἑαυτοῦ
1411 3984 1507 4048 τὰς
1538 3983 1793 4056 δυνάμεις

190 4081 264 4148 τῇ
337 4077 606 4147 συνεργίᾳ.
650 4076 742 4129 τοῦ
803 4076 958 4142 ξύλου
1008 4079 1100 4132 τοῦ
1140 4081 1198 4132 ὲν
1230 4081 1375 4151 αύτῷ
1416 4080 1514 4152 τὴν
1550 4085 1793 4153 πονηράν

187 4169 383 4223 αὐτοῦ
418 4169 596 4240 κόμην
628 4169 984 4240 ὲκδήσαντος,
1018 4171 1105 4224 διὰ
1147 4171 1254 4224 τῶν
1282 4171 1448 4238 τριῶν
1483 4173 1650 4244 βελῶν
1696 4175 1793 4226 ἁν-

184 4263 354 4316 ελεῖν
404 4263 498 4317 τὸν
543 4263 820 4334 πολέμιον.
849 4264 1018 4334 Δῆλον
1043 4264 1100 4317 δέ
1127 4282 1208 4318 σοι
1235 4266 1451 4329 πάντως
1481 4268 1596 4320 ἐστὶ
1622 4267 1683 4319 τὸ
1704 4266 1794 4320 διὰ

182 4355 299 4423 τῆς
362 4354 610 4424 ἱστορίας
665 4354 1112 4426 ύποδεικνύμενον
1153 4357 1399 4427 αἴνιγμα,
1429 4359 1578 4411 ποῖον
1619 4360 1794 4412 ἐκεῖνο

182 4445 254 4496 τὸ
295 4443 494 4508 ξύλον,
519 4436 563 4510 ᾧ
593 4444 917 4516 προσηλώθη
971 4447 1070 4517 τῆς
1101 4447 1299 4509 κακίας
1339 4449 1371 4518 ἡ
1407 4449 1572 4518 κόμη,
1603 4449 1738 4518 ὅπερ
1764 4449 1794 4500 6

196 4534 557 4598 Ἀπὸστολος
606 4537 964 4607 χειρόγραφον
992 4538 1275 4608 ἁμαρτιῶν
1309 4539 1579 4606 ὀνομάζει,
1611 4540 1792 4605 καθώς

1898 3365 2016 3404 rmn
2084 3349 2334 3405 utilitatis
2394 3349 2462 3404 iis
2514 3350 2608 3419 qui
2660 3349 2801 3404 bello
2857 3358 3206 3420 appetuntur,
3248 3350 3466 3405 divinus

1897 3457 2078 3497 sermo
2127 3457 2223 3511 per
2276 3443 2502 3495 allatum
2559 3439 2856 3511 Scriptura:
2899 3444 3203 3514 exemplum
3250 3445 3464 3510 attulit,

1896 3531 2001 3584 hoc
2048 3531 2302 3584 videlicet
2339 3539 2393 3584 te
2445 3530 2682 3596 docens,
2734 3538 2793 3583 ut
2837 3531 3055 3600 quando
3088 3531 3185 3586 tibi
3221 3532 3466 3588 nascitur

1896 3622 2130 3677 Absalon
2155 3662 2170 3684 ,
2205 3623 2424 3676 malitiae
2473 3624 2623 3678 velut
2652 3638 2808 3677 coma
2856 3624 3123 3693 insignis,
3169 3623 3467 3694 fratrisque

1898 3713 2234 3776 interfector,
2263 3716 2465 3784 quique
2493 3715 2808 3769 venerando
2837 3724 2933 3769 tuo
2977 3715 3136 3769 thoro
3176 3725 3230 3769 et
3272 3716 3465 3770 imma-

1897 3806 2079 3858 culato
2102 3805 2265 3860 cubili
2298 3806 2503 3860 furiose
2545 3806 2804 3868 insultet,
2835 3806 3010 3875 fugias
3036 3845 3050 3867 .
3102 3814 3162 3860 ut
3205 3805 3468 3864 Dominus

1899 3905 2116 3961 monet,
2143 3897 2210 3950 de
2239 3897 2461 3952 civitate
2494 3899 2545 3950 in
2585 3899 2860 3952 civitatem
2898 3899 2963 3952 ".
3010 3896 3288 3968 Fugiendo
3316 3902 3466 3955 enim

1899 4003 1931 4042 a
1963 3989 2099 4043 facie
2129 3990 2420 4045 Absalonis
2451 3991 2576 4045 talis
2617 3991 2752 4056 lilii,
2795 3991 3144 4061 cogendoque
3191 3993 3243 4046 in
3294 4009 3465 4048 unum

1899 4081 2086 4151 copias
2119 4089 2274 4143 tuas,
2303 4097 2406 4150 ope
2439 4082 2607 4150 ligni,
2631 4082 2777 4151 quod
2810 4083 2864 4136 in
2893 4082 3072 4152 seipso
3103 4085 3466 4153 perniciosam

1898 4171 2045 4226 illam
2076 4187 2285 4227 comam
2316 4173 2508 4244 religat
2532 4183 2584 4228 et
2618 4176 2907 4244 appendit,
2955 4177 3130 4232 tribus
3175 4177 3298 4232 telis
3338 4178 3467 4232 lice-

1899 4260 1979 4316 bit
2009 4261 2107 4317 tibi
2151 4263 2417 4333 perimere
2454 4264 2750 4318 inimicum.
2796 4265 3073 4321 Neminem
3111 4268 3266 4331 latet,
3298 4285 3468 4338 quor-

1900 4369 2020 4409 sum
2054 4354 2156 4408 hoc
2186 4369 2252 4408 ex
2294 4355 2644 4409 historiarum
2677 4357 3040 4411 monumentis
3070 4359 3296 4428 reriigma
3331 4359 3464 4426 peti-

1899 4455 2012 4500 tum
2032 4448 2331 4517 pertineat,
2360 4457 2414 4502 et
2433 4449 2593 4518 quale
2615 4449 2830 4520 lignum
2846 4449 2955 4512 sit,
2975 4452 3060 4504 cui
3090 4453 3244 4519 quasi
3272 4451 3467 4517 clavis,

1901 4537 2120 4592 malitiae
2154 4552 2308 4592 coma
2347 4538 2502 4592 aﬂixa
2535 4546 2654 4604 est,
2691 4541 2834 4612 quod
2877 4541 3297 4612 chirographum
3337 4559 3466 4612 pec-

178 4643 380 4700 φησιν
405 4667 424 4689 ,
458 4627 540 4679 ὅτι
595 4602 706 4680 atat
739 4602 933 4682 «λὺὲτδ
985 4602 1154 4700 ἦρκεν
1180 4633 1244 4684 ὲκ
1274 4631 1366 4684 τοῦ
1402 4602 1601 4701 μέσου..
1625 4602 1787 4704 προσζ

1897 4634 2145 4680 calorum
2173 4628 2490 4682 nominatur
2518 4628 2586 4682 ab
2613 4602 2902 4698 Apostolo,
2935 4602 3230 4700 qui'et‘ait
3255 4649 3268 4686 :
3296 4649 3316 4683 ι
3337 4602 3467 4687 ⁸11οσ

171 4717 440 4789 ηλώσας
466 4715 545 4785 τῷ
569 4717 784 4789 σταυρῷ
806 4735 819 4748 ο
858 4739 877 4771 ι
913 4719 1055 4773 τοῦτ’
1088 4720 1233 4773 ἔστιν
1262 4720 1337 4792 τῷ
1370 4721 1530 4792 ξύλῳ.
1572 4724 1680 4776 Καὶ
1707 4725 1787 4788 τίς

1894 4731 1926 4772 ε
1957 4716 2137 4770 medio
2167 4719 2438 4772 sublatum
2461 4757 2477 4782 ,
2509 4721 2771 4790 crucique
2801 4721 3016 4776 anisum
3062 4739 3183 4778 esse
3216 4724 3279 4790 ⁸³,
3310 4743 3330 4776 ›
3360 4725 3467 4780 hoc

174 4811 211 4879 ἡ
253 4807 395 4860 τῶν
462 4805 629 4876 βελῶν
682 4808 859 4877 τριὰς,
885 4811 929 4879 ἡ·
962 4810 1132 4880 μέσην
1161 4809 1427 4880 βάλλουσα
1459 4811 1549 4864 τοῦ
1593 4811 1787 4883 ἐχθροῖν⁹

1895 4815 1978 4863 est
2026 4808 2193 4878 ligno.
2235 4807 2301 4862 Et
2344 4825 2589 4880 quaenam
2619 4819 2706 4866 est
2747 4811 2839 4865 illa
2875 4813 3010 4868 trias
3041 4815 3308 4880 telorum,
3339 4831 3468 4886 quas

167 4903 288 4970 τὴν
321 4898 591 4967 καρδίαν,
619 4899 686 4952 δι’
713 4895 781 4971 ἧς
802 4901 1010 4967 γίνεται
1034 4899 1128 4952 τοῦ
1159 4901 1384 4971 ἐσχάτου
1420 4902 1613 4974 ἐχθροῦ
1641 4905 1668 4956 6
1696 4903 1787 4956 Θά-

1898 4899 2136 4953 medium
2172 4899 2344 4956 hostis
2380 4909 2572 4970 pectus
2606 4904 3050 4969 transverberat,
3080 4922 3201 4976 quae
3230 4919 3464 4963 mortem

169 5007 366 5052 νατος
399 5007 416 5055 ;
462 4990 548 5052 Ὠς
569 4990 614 5041 δ’
645 4989 710 5044 ἂν
766 4991 974 5061 καίριον
1017 4991 1241 5060 γένηται
1274 4993 1402 5062 ἡμῖν
1443 4993 1503 5045 τὺ
1541 4991 1787 5064 περὶτοῦ

1892 4990 2079 5061 jurato
2107 5001 2160 5046 et
2187 4993 2407 5062 capitali
2436 4993 2580 5048 hosti
2613 4994 2812 5051 affert?
2842 4995 2908 5051 Ut
2942 4998 3031 5052 teli
3067 4997 3230 5068 hujus
3259 5000 3464 5054 intelli-

169 5083 411 5154 βέλους
431 5079 626 5153 νόημα,
655 5084 721 5152 τῇ
747 5083 1052 5153 προφητείᾳ
1073 5083 1166 5136 τοῦ
1192 5084 1412 5160 Ἦσαῖου
1438 5085 1787 5154 ἰτεροσέξομεν¹

1895 5085 2134 5155 gentiam
2167 5086 2452 5142 commode
2483 5103 2861 5160 assequamur,
2899 5091 3142 5145 animum
3176 5090 3468 5146 advertere

164 5180 234 5237 ὃς
262 5192 466 5246 φησιν
487 5175 550 5227 ὲκ
573 5174 864 5246 προσώπου
887 5176 1202 5246 Κυρίου,ὃτι
1230 5159 1496 5246 ιἘθηκὲν
1525 5195 1590 5248 με
1617 5178 1690 5240 ώς
1708 5178 1787 5247 βέ-

1893 5182 2106 5245 oportet
2145 5175 2212 5228 ad
2247 5178 2584 5246 pr0phetiam
2617 5159 2806 5244 lsaiat,
2841 5181 2933 5251 qui
2969 5197 3033 5237 ex
3083 5197 3314 5250 persona
3354 5181 3462 5236 Do~

160 5272 272 5333 λος
309 5267 614 5328 ἐκλεκτον,
640 5267 734 5319 καὶ
755 5269 813 5320 ὲν
838 5270 903 5338 τῇ
935 5270 1180 5340 φαρέτρα
1207 5267 1370 5322 αὑτοῦ
1408 5267 1620 5338 ὖψωσέν
1647 5286 1734 5338 με.
1768 5287 1787 5320 ι

1892 5268 2023 5321 mini
2055 5269 2160 5322 ait:
2184 5285 2202 5319 ι
2230 5268 2416 5325 Posuit
2448 5287 2533 5326 me
2561 5272 2723 5326 telum
2751 5275 2984 5328 electum
3005 5314 3020 5337 ,
3043 5283 3097 5329 et
3123 5275 3176 5328 in
3205 5274 3462 5345 pharetra

161 5361 381 5414 Τοῦτο
413 5358 594 5410 τοίνυν
620 5359 681 5411 τὸ
709 5358 909 5428 βέ).ος,ι
930 5361 957 5412 6
981 5357 1084 5422 ζῶν
1107 5377 1125 5410 ι
1151 5357 1241 5411 τοῦ
1264 5357 1458 5430 Κυρίου
1481 5358 1634 5428 λόγος
1655 5360 1787 5423 ἐστὶ,

1892 5374 1990 5413 sua
2024 5360 2280 5414 exaltavit
2309 5377 2403 5416 me
2425 5363 2488 5416 “.
2526 5382 2546 5417 ι
2572 5362 2682 5418 Hoc
2713 5366 2874 5436 igitur
2904 5367 3065 5420 telum
3087 5405 3102 5430 ,
3132 5375 3216 5421 est
3246 5363 3461 5418 Domini

156 5462 272 5513 καὶ
308 5477 334 5508 ε
398 5453 712 5525 τομώτερος
740 5456 880 5526 ὑπὲρ
914 5459 1090 5512 πάσαν
1124 5457 1400 5527 μάχαιραν
1454 5454 1722 5523 δίστομον⁹
1763 5472 1782 5504 ›

1895 5464 2112 5513 sermo,
2150 5470 2169 5502 ι
2206 5452 2398 5517 vivus,
2451 5457 2836 5523 penetrabilior
2883 5458 3030 5510 omni
3075 5455 3256 5525 gladio
3307 5455 3460 5508 anci-

150 5549 188 5601 6
231 5545 305 5598 δὲ
373 5542 545 5609 λόγος
586 5541 733 5595 ἐστὶν
759 5545 786 5595 6
810 5543 1039 5614 Χριστός
1064 5561 1078 5575 ’
1104 5545 1255 5614 τῴδέ
1283 5544 1504 5614 ὀνόματι
1527 5543 1698 5612 τούτῳ
1727 5542 1787 5595 τὸ

1897 5543 1992 5612 pili
2020 5542 2065 5573 “
2091 5559 2102 5594 :
2138 5561 2156 5594 ι
2181 5558 2364 5599 sermo
2407 5557 2587 5601 autem
2642 5549 2745 5602 iste
2794 5547 3043 5601 Christus
3071 5557 3190 5613 est,
3219 5562 3328 5615 quo
3358 5560 3462 5599 no-

147 5640 275 5708 τῆς
333 5630 590 5700 Τριάδος
639 5631 976 5700 ὁμολογεῖται
1026 5637 1338 5705 μυστήριον.
1384 5635 1471 5686 Ἐν
1509 5625 1671 5701 ᾦκαὶ
1700 5633 1787 5684 τὸν

1897 5633 2045 5688 mine
2093 5632 2380 5692 Trinitatis
2438 5640 2753 5710 mysterium
2809 5639 3164 5710 signiﬁcatur.
3221 5637 3464 5694 Revoca

147 5726 510 5802 ῖςριςθέντα
559 5724 650 5777 καὶ
680 5725 773 5777 τὸν
821 5725 1099 5796 χρίσαντα,
1132 5728 1225 5779 καὶ
1251 5727 1310 5780 τὸ
1338 5720 1382 5795 ᾧ
1406 5726 1630 5798 ὲχρίσθη
1648 5725 1787 5779 διδα-

1897 5726 2039 5781 enim
2073 5726 2128 5782 in
2157 5738 2416 5796 mentem,
2436 5739 2491 5786 et
2523 5747 2646 5787 eum
2678 5731 2771 5802 qui
2804 5731 2980 5796 unxit,
3002 5740 3056 5788 et
3083 5747 3206 5789 eum
3235 5733 3328 5806 qui
3355 5747 3460 5788 un-

231 5869 290 5900 "
339 5862 403 5916 Μ
418 5863 554 5915 atth.
587 5878 638 5926 ς,
675 5859 776 5927 25;
817 5859 858 5914 ll
888 5858 1019 5932 Reg.
1051 5877 1204 5929 xvul,
1232 5861 1265 5918 9
1295 5878 1418 5934 sqq.
1496 5863 1541 5896 "
1570 5861 1785 5919 Coloss.

1915 5860 2001 5917 14.
2079 5861 2125 5897 ⁸⁸
2149 5861 2255 5922 lsa.
2288 5881 2435 5938 nix,
2464 5867 2519 5922 2.
2596 5869 2640 5903 "
2668 5867 2830 5926 Hebr.
2861 5883 2934 5939 tv,
2953 5865 3034 5924 12.
