4044 6526
567 437 670 494 547

1929 424 2256 495 (iiii-360ml
2300 435 2590 496 ﬁssam

3695 447 3788 500 5.53

567 571 692 616 ctus
713 569 814 626 est,
843 575 1078 628 eumque
1109 573 1218 627 quo
1245 565 1444 611 unctus
1471 567 1588 623 est;
1619 559 1666 612 si
1691 557 1836 612 enim
1861 557 1942 610 vel
1973 573 2158 638 unum

2266 563 2504 632 ςκόμεθα.
2543 565 2604 618 Εἰ
2633 563 2740 633 γὰρ
2769 561 2826 616 ἕν
2848 580 2900 614 τι
2933 563 3134 616 τούτων
3158 562 3354 626 λείποι,
3373 564 3432 615 τὸ
3463 564 3552 616 τοῦ
3581 565 3790 636 Χριστοῦ

569 653 766 708 horum
801 651 976 712 desit,
1009 649 1210 704 Christi
1243 655 1442 704 nomen
1491 665 1602 704 non
1652 649 1924 704 subsistit.
1979 647 2152 718 llujus

570 745 736 816 igitur
764 758 960 798 nomen
991 743 1213 812 quando
1243 743 1299 796 in
1327 741 1588 812 pharetra
1619 749 1808 796 nostra
1857 741 2152 804 exaltatur,

569 839 674 894 hoc
698 845 784 892 est
803 879 818 902 ,
843 839 1064 906 quando
1092 836 1146 890 in
1176 835 1358 888 anima
1389 843 1578 889 nostra
1604 841 1699 904 per
1727 834 1883 888 [idem
1905 833 2154 889 exoritur

573 935 589 996 ε
615 941 737 980 nam
765 926 1016 995 pharetra
1044 923 1316 978 sermonis
1336 931 1421 977 est
1441 923 1620 976 anima
1639 919 1678 990 ),
1711 929 1841 976 tunc
1863 920 2151 976 confestim

572 1017 958 1079 adversarius,
995 1015 1092 1084 qui
1127 1029 1230 1068 nos
1261 1013 1570 1082 insequitur
1599 1019 1654 1066 et
1689 1013 1932 1082 impetit,
1963 1011 2154 1066 interit

569 1121 624 1164 et
649 1109 925 1164 occumbit
944 1149 960 1172 ,
991 1109 1150 1177 cujus
1179 1107 1438 1162 interitus
1465 1107 1520 1159 in
1545 1107 1693 1177 ligno
1720 1105 1945 1160 accidit.
1973 1106 2154 1172 Quare

571 1217 694 1257 cum
725 1204 849 1272 quis
879 1202 934 1255 in
977 1211 1222 1270 tempore
1263 1198 1398 1268 fugit
1443 1198 1656 1252 hostem
1698 1197 1828 1268 (qui
1859 1203 2004 1254 unus
2033 1198 2154 1268 qui-

571 1294 692 1348 dem
713 1301 802 1348 est
827 1301 1020 1347 natura
1039 1331 1057 1359 ,
1083 1291 1364 1361 multiplex
1392 1305 1520 1344 vero
1551 1289 1610 1344 iit
1631 1291 1902 1344 malorum
1932 1290 2153 1344 auxiliis

571 1395 626 1440 et
647 1385 1094 1454 suppetiisﬂiinc
1122 1381 1288 1436 illud:
1310 1399 1328 1431 ι
1353 1379 1621 1444 Quoniam
1657 1381 2000 1450 multiplicati
2026 1389 2155 1434 sunt

567 1479 664 1547 qui
693 1477 958 1531 tribulam
985 1489 1093 1540 me,
1117 1474 1270 1528 multi
1297 1475 1590 1544 insurgunt
1613 1473 1904 1527 adversum
1929 1479 2014 1527 ιιιέ
2035 1473 2102 1536 ⁸⁸,
2123 1481 2148 1524 ἰ

566 1579 628 1624 'et
651 1569 703 1624 id
731 1584 905 1638 genus
929 1568 1035 1621 alia
1055 1609 1070 1633 ,
1095 1573 1216 1636 qua:
1241 1567 1295 1620 in
1323 1567 1530 1636 psalmo
1555 1565 1647 1619 illo
1671 1581 1794 1620 sese
1813 1571 2156 1636 consequun-

569 1660 684 1731 tur)
701 1701 716 1723 ,
737 1671 866 1714 tunc
885 1660 942 1713 [it
961 1661 1116 1729 quasi
1133 1659 1344 1712 initium
1365 1657 1605 1712 victorian
1625 1675 1638 1712 :
1667 1655 1990 1730 tempestiva
2007 1658 2152 1713 enim

567 1757 646 1811 ab
668 1755 917 1810 hostibus
947 1753 1071 1822 luga
1093 1757 1265 1806 causa
1299 1751 1515 1806 exsistit
1537 1751 1779 1805 victorim
1811 1751 1880 1805 ab
1901 1750 2155 1805 hostibus

2249 653 2420 724 ὄνομα
2455 656 2552 726 οὐχ
2583 656 2890 724 ὑφίσταται.
2923 653 3094 707 Τοῦτο
3111 655 3287 707 τοίνυν
3317 655 3377 708 τὺ
3410 655 3575 726 ὄνομα
3605 657 3721 712 ὃταν
3743 659 3793 712 ἐν

2240 751 2312 818 ’τῇ
2343 737 2584 819 ἡμετέρᾳ
2609 746 2794 817 ὑψωθῇ
2835 746 3084 818 φαρέτρα
3105 761 3118 774 ⁸
3149 745 3293 798 τοῦτ’
3319 743 3487 808 ἐστιν,
3515 747 3636 800 ὅταν
3665 751 3716 802 ἐν
3736 753 3793 820 τῇ

2247 827 2392 910 ψυχῇ
2441 841 2472 908 ἡ
2483 839 2598 908 μῶν
2647 839 2733 892 διά
2766 837 2999 898 πίστεως
3027 837 3249 906 γένηται
3277 837 3294 908 (
3318 838 3561 908 φαρέτρα
3585 838 3686 908 γάρ
3711 841 3793 894 τοῦ

2250 930 2408 998 λόγου
2422 918 2566 983 ἐστὶν
2583 931 2615 1000 ἡ
2633 929 2824 1002 ψυχὴ),
2844 928 2958 980 τότε
2977 928 3314 998 ἀναιρετικὸν
3329 929 3636 996 γίνεταιτοῦ
3654 933 3797 984 ὲπαν-

2241 1020 2538 1089 ἰσταμένου
2595 1021 2726 1090 ἡμῖν
2773 1019 2864 1072 καὶ
2902 1017 3208 1084 διώκοντος,
3250 1009 3311 1070 οὗ
3355 1019 3384 1070 ὁ
3433 1019 3720 1090 ἀφανισμδς
3749 1024 3799 1074 ὲν

2249 1111 2326 1182 τῷ
2356 1111 2515 1184 ξύλῳ.
2549 1113 2645 1164 Διά
2679 1109 2837 1164 τοῦτο
2864 1111 2999 1181 μετά
3033 1111 3092 1164 τὸ
3123 1113 3312 1182 φυγεῖν
3345 1113 3403 1162 ἑν
3425 1109 3502 1180 τῷ
3530 1111 3696 1182 καιρῷ
3717 1113 3798 1166 τὸν

2251 1205 2678 1274 ἐπανιστάμενον
2707 1203 2786 1272 (ὃς
2831 1198 2912 1266 εἷς
2947 1203 3042 1273 μέν
3073 1205 3189 1256 ὲστι
3221 1205 3288 1273 τῇ
3332 1201 3511 1271 φύσει,
3539 1201 3727 1272 πλῆθος
3751 1203 3799 1256 δὲ

2251 1295 2458 1362 γίνεται
2489 1295 2556 1364 τῇ
2587 1295 2727 1364 κακῇ
2760 1293 3094 1366 συμμαχία),
3113 1293 3206 1348 καὶ
3243 1293 3439 1354 εἰπεῖν,
3467 1291 3613 1362 εὈτι
3656 1293 3802 1364 ἔπλη-

2245 1383 2521 1450 θύνθησαν
2567 1385 2615 1436 οἱ
2646 1381 2916 1444 θλίϐοντες
2935 1399 3001 1452 με
3027 1421 3041 1444 ,
3093 1383 3189 1437 καὶ
3224 1381 3410 1434 πολλοὶ
3451 1381 3802 1436 ἐπανίστανται

2251 1478 2338 1530 ἐπ’
2377 1463 2501 1546 ἐμὲ,
2537 1497 2555 1528 ι
2589 1477 2683 1529 καὶ
2725 1475 2828 1530 ὃσα
2885 1477 2948 1528 ὲκ
3002 1473 3097 1528 τοῦ
3148 1473 3446 1528 ἀκολούθου
3478 1475 3512 1544 ή
3544 1471 3802 1544 ψαλμῳδία

2245 1567 2524 1638 ’περιέχειν
2575 1566 2698 1620 τότε
2723 1565 2932 1634 γίνεται
2959 1567 2992 1636 ή
3023 1564 3117 1619 τοῦ
3147 1567 3306 1636 νικᾷν
3333 1564 3500 1636 ἀρχή.
3517 1563 3580 1616 Ἥ
3607 1565 3706 1636 γὰρ
3727 1561 3804 1617 εὖ·

2252 1673 2441 1730 και·ρος
2505 1657 2613 1712 ἀπὸ
2667 1657 2775 1710 τῶν
2841 1657 3292 1726 ἒπανισταμένων
3329 1656 3498 1726 φυγὴ,
3539 1655 3630 1726 τῆς
3679 1645 3800 1709 κατᾶ

2251 1751 2360 1804 τῶν
2389 1749 2598 1822 ἐχθρῶν
2625 1749 2781 1819 νίκης
2809 1749 2952 1802 αἰτία
2985 1749 3216 1818 γίνεται.
3251 1746 3353 1800 Διά
3380 1745 3535 1799 τοῦτο
3563 1749 3596 1818 η
3627 1745 3803 1826 ἑφεξῆς

575 1851 886 1912 reportatze.
910 1841 1179 1906 Quocirca
1211 1840 1452 1914 psalmus
1483 1838 1576 1908 qui
1605 1839 1872 1907 sequitur,
1901 1839 2042 1892 hanc
2071 1839 2155 1891 in-

2266 1843 2558 1915 ζιαλμῳδία,
2584 1862 2601 1894 ι
2631 1839 2724 1905 Εἰς
2741 1827 2800 1895 τὺ
2827 1840 3002 1903 τέλος,
3031 1860 3048 1890 ι
3067 1839 3164 1910 τὴν
3191 1837 3503 1910 ἐπιγραφὴν
3523 1837 3646 1908 ἔχει..
3663 1837 3804 1902 Τέλος

569 1933 930 2004 Scriptionem
957 1932 1150 1986 habet:
1177 1949 1194 1980 ι
1225 1931 1280 1984 In
1315 1931 1474 1984 linem
1503 1931 1602 1983 ⁸⁷.»
1631 1929 1786 1986 Finis
1814 1941 1997 1985 autem
2025 1937 2152 1983 ‘om'-
2183 1913 2227 1968 Β

574 2027 662 2081 nis
695 2039 890 2096 pugna:
921 2033 1004 2079 est
1037 2024 1266 2078 victoria
1289 2063 1304 2084 .
1336 2021 1796 2094 quemadmodum
1834 2029 2002 2092 supra
2028 2019 2143 2090 jam

572 2119 917 2174 ostendimus
937 2137 951 2184 ;
973 2133 1038 2170 cu
1048 2132 1206 2186 mque
1223 2115 1390 2172 semel
1407 2113 1748 2170 dulcedinem
1771 2115 2012 2171 victOria:
2029 2115 2154 2186 quis

575 2211 910 2280 gustaverit,
953 2223 1076 2262 mox
1109 2207 1229 2262 alia:
1256 2215 1311 2262 et
1339 2206 1461 2262 aliae
1495 2206 1742 2262 victoriae
1792 2206 1860 2260 ab
1899 2199 2155 2264 'hos'tibus

579 2297 812 2354 feliciter
841 2297 1174 2352 referuntur.
1221 2295 1280 2349 in
1309 2295 1486 2366 prima
1517 2295 1664 2350 enim
1697 2296 1956 2360 victoria,
1990 2295 2150 2349 dimi-

585 2391 833 2446 :antibus
867 2387 1028 2458 hujus
1063 2387 1183 2440 vitae
1209 2385 1651 2455 jucunditatibus
1685 2401 1808 2440 cum
1847 2387 2006 2441 honis
2039 2387 2156 2439 ani-

582 2495 720 2544 mai,
753 2478 1036 2549 praevaluit
1065 2479 1120 2532 in
1153 2487 1239 2540 te.
1276 2487 1438 2547 atque
1481 2477 1617 2532 adeo
1659 2477 1870 2532 domuit
1909 2481 2156 2548 corporis

583 2573 955 2644 deceptionem
1013 2582 1066 2624 et
1115 2570 1386 2634 ludibria,
1445 2569 1730 2624 inclinatio
1783 2569 1850 2624 ad
1907 2572 2153 2625 meliora.

583 2663 870 2719 Damnatis
925 2663 1069 2718 enim
1125 2663 1234 2716 illis
1287 2662 1380 2732 qui
1429 2671 1682 2730 qtuerunt
1725 2663 2054 2726 vanitatem,
2103 2665 2158 2716 et

583 2755 818 2826 diligunt
851 2753 1192 2809 mendacium
1213 2793 1228 2818 ,
1259 2754 1604 2808 commutasti
1635 2755 1940 2825 voluptates
1973 2765 2156 2808 rerum

586 2863 708 2918 qua:
735 2847 840 2901 sub
867 2851 1148 2915 aspectum
1179 2842 1417 2908 eadunt,
1463 2857 1588 2897 cum
1622 2841 1894 2899 desiderio
1939 2851 2157 2910 rerum,

588 2955 712 3010 qua:
743 2939 933 2992 oculos
964 2935 1249 3005 eﬂ'ugiunt.

659 3027 717 3082 In
776 3024 1025 3096 sequenti
1074 3023 1348 3094 psalmo“
1382 3023 1486 3077 alia
1533 3023 1744 3077 ratione
1784 3023 1979 3078 vincis.
2025 3023 2160 3076 Cum

589 3121 734 3177 enim
767 3117 878 3173 duo
904 3117 1014 3172 sint
1043 3115 1139 3186 qui
1181 3131 1280 3186 pro
1311 3113 1626 3170 haereditate
1672 3117 1919 3170 veritatis
1969 3121 2160 3170 mutuo

589 3223 864 3286 pugnant;
923 3212 1018 3266 illo
1069 3209 1290 3282 quidem
1347 3203 1646 3280 obji‘ciente
1698 3209 1890 3280 legem,
1949 3219 2002 3264 tc
2035 3225 2163 3264 vero

595 3307 786 3366 ﬁdem;
820 3306 1006 3376 justus
1060 3303 1384 3373 agonotheta
1437 3301 1560 3365 tibi,
1615 3301 1860 3372 neglecto
1909 3295 2025 3367 illo,
2067 3301 2167 3354 tri-

591 3398 716 3456 buit
743 3397 985 3452 victoria:
1013 3394 1232 3466 praemia
1254 3431 1270 3458 ,
1299 3401 1358 3446 ut
1387 3391 1613 3462 proinde
1643 3401 1814 3463 purus
1844 3393 2038 3446 anim-.c
2063 3400 2168 3446 tute

595 3497 776 3546 status
815 3489 887 3543 sit
911 3488 1057 3542 velut
1095 3495 1249 3541 ortus
1275 3485 1430 3548 solis,
1463 3487 1554 3555 qui
1597 3485 1694 3539 tibi
1727 3495 1758 3539 a
1794 3483 2035 3538 tenebris
2072 3499 2160 3538 re-

597 3581 814 3636 cedenti
843 3579 1143 3634 diluculum
1175 3577 1384 3641 alier'at,
1425 3575 1568 3647 quod
1604 3575 1846 3645 psalmus
1889 3593 1906 3626 ι
1933 3589 2094 3629 mane
2121 3593 2166 3639 ι,

597 3671 878 3736 nominat;
915 3679 970 3724 et
996 3669 1076 3724 sic
1115 3668 1344 3724 victoria
1371 3684 1438 3722 ex
1463 3668 1690 3722 victoria
1725 3667 1943 3722 athletae
1981 3667 2164 3721 nasci-

601 3774 712 3824 tur,
743 3775 958 3832 semper
979 3759 1048 3814 ad
1075 3759 1128 3814 id
1155 3757 1300 3830 quod
1328 3759 1506 3828 majus
1547 3769 1602 3814 et
1635 3758 1909 3814 illustrius
1961 3767 2046 3813 est
2086 3757 2170 3812 vi-

599 3855 790 3908 rtoriae
851 3851 1113 3923 trophaeis
1171 3855 1226 3906 et
1285 3851 1624 3906 ornamentis
1665 3849 2168 3920 progredientibus.

605 3947 818 4002 Rursus
866 3945 972 4000 alia
1027 3945 1256 4000 victoria
1311 3943 1504 3999 ordine
1553 3944 1934 4013 consequitur.
1977 3959 2074 4012 per
2109 3957 2172 3996 ea

603 4053 726 4109 quae
753 4043 1170 4108 prmcessernnt,
1187 4042 1358 4104 parta.
1384 4032 1519 4087 Nam
1550 4033 1645 4104 qui
1669 4033 2040 4087 ltmreilitatem
2077 4049 2174 4086 no-

604 4139 716 4184 tam
749 4129 898 4192 l'ecit,
919 4129 1008 4181 ille
1042 4125 1202 4180 etiam
1249 4144 1268 4176 ι
1297 4121 1513 4179 Octava:
1541 4125 1586 4160 ε’
1615 4145 1635 4178 ι
1669 4124 1938 4188 meminit,
1961 4140 2084 4194 qua:
2121 4134 2176 4179 et

609 4223 734 4276 linis
762 4228 845 4275 est
871 4218 1159 4289 prmsentis
1191 4218 1337 4282 vitae,
1376 4225 1430 4271 et
1464 4215 1794 4286 principium
1830 4215 1928 4269 aevi
1979 4216 2172 4270 futuri.

605 4311 896 4382 Proprium
937 4325 1065 4365 vero
1110 4327 1128 4360 ι
1155 4308 1373 4364 Octava;
1399 4327 1418 4359 ι
1449 4315 1555 4372 est,
1609 4322 1716 4362 non
1757 4309 1993 4378 amplius
2046 4311 2177 4364 sub-

609 4401 925 4456 ministrare
955 4399 1022 4454 iis
1048 4399 1138 4468 qui
1171 4399 1225 4452 in
1251 4397 1369 4466 ipsa
1400 4398 1625 4466 degunt,
1651 4399 2016 4464 occasionem?
2045 4417 2170 4468 per-

611 4488 860 4558 petrandi
895 4487 1034 4539 bona
1071 4484 1156 4538 vel
1181 4485 1344 4548 mala,
1373 4485 1466 4538 sed
1509 4499 1850 4553 qmecunqne
1893 4489 2016 4556 quis
2058 4504 2183 4557 ope-

611 4591 734 4631 rmn
763 4575 970 4631 semina
1019 4575 1106 4628 hic
1155 4573 1442 4642 Sparserit,
1492 4571 1710 4625 illorum
1747 4573 1820 4628 ibi
1871 4574 2178 4644 manipulos

615 4667 785 4736 capit.
831 4663 1196 4729 Quamobrem
1257 4661 1346 4716 hic
1389 4661 1762 4730 paenitentiam
1815 4677 1978 4732 agere
2026 4664 2182 4732 jubet

611 4755 782 4828 (quod
821 4755 878 4808 in
915 4753 1128 4808 inferno
1171 4751 1484 4821 hujusmodi
1539 4753 1724 4808 studio
1755 4754 1891 4808 nihil
1946 4757 2181 4826 amplius

613 4848 718 4902 loci
757 4845 1006 4899 relictum
1037 4845 1130 4914 sit)
1175 4859 1322 4906 eum,
1357 4846 1448 4915 qui
1485 4845 1723 4916 hisipsis
1760 4847 2008 4901 victoriis
2026 4863 2188 4903 exer-

611 4940 814 4994 citatus
859 4945 964 4992 est.
1015 4935 1496 4992 Verumeuimvero
1571 4940 1768 4994 iterum
1851 4941 1916 4993 ad
1971 4956 2181 5010 pugnas

615 5031 852 5088 deﬂectit
876 5031 1074 5090 oratio.
1141 5045 1334 5085 rursus
1363 5032 1516 5101 ungit
1567 5049 1665 5088 nos
1711 5033 1775 5088 ad
1821 5036 2180 5090 tentatinuum

619 5129 897 5182 incursus.
953 5123 1097 5177 Idem
1133 5123 1278 5177 enim
1335 5125 1530 5188 hostis,
1587 5127 1823 5180 Alisalon
1858 5127 1970 5189 ille,
2027 5128 2184 5196 quasi

619 5237 684 5275 ex
713 5217 873 5272 nobis
901 5223 1144 5279 renatus,
1171 5213 1349 5268 denuo
1391 5215 1586 5269 bellum
1628 5233 1692 5271 ex
1743 5217 1898 5272 nobis
1947 5219 2186 5272 redinte-

619 5319 763 5383 ενοι,
813 5323 975 5378 quem
1007 5305 1175 5362 caedis
1223 5317 1424 5362 nostra:
1462 5305 1718 5377 cupidum
1762 5308 1958 5362 avertit
1995 5319 2185 5363 nostra

621 5405 690 5460 de
719 5405 822 5458 hac
875 5415 934 5454 re
981 5400 1206 5470 provida
1255 5413 1386 5454 cura
1420 5408 1474 5454 et
1519 5398 1857 5462 sollicitudo,
1893 5400 1977 5454 vel
2003 5401 2186 5470 potius

627 5493 935 5550 subsidium
971 5489 1084 5545 Dei.
1108 5489 1242 5544 Nam
1269 5505 1490 5546 causam
1515 5489 1592 5543 rei
1609 5489 1843 5544 feliciter
1867 5499 2031 5560 δεξιαὶ
2061 5505 2188 5560 pro-

2255 1930 2311 1984 δὲ
2343 1929 2540 1992 παντὸς
2587 1929 2794 1997 ἀγῶνος
2839 1929 2880 1999 ’ἡ
2933 1929 3056 2000 νίκη
3109 1927 3298 1981 ἐστίν’
3347 1925 3528 1990 καθὼς
3570 1926 3804 1994 φθάσαςό

2257 2015 2414 2092 λέγός
2447 2021 2577 2094 ἡμῖν
2629 2023 2993 2094 περὶτούτων
3045 2017 3462 2090 ὲτεχνολὸγησεν
3481 2035 3495 2050 ·
3528 2019 3616 2072 καὶ
3643 2018 3802 2090 ἐπειδὴ

2262 2113 2328 2168 ἂν
2360 2115 2506 2178 ἅπαξ
2537 2113 2629 2168 τοῦ
2660 2115 2814 2184 νικᾷν
2839 2113 3032 2186 γεύσῃ,
3063 2111 3356 2180 ἐπάλληλοι
3385 2111 3530 2166 νίκαι
3555 2109 3687 2164 κατά
3713 2109 3804 2163 τῶν

2259 2205 2468 2278 ἐχθρῶν
2524 2203 2930 2277 κατορθοῦνται.
2950 2205 3036 2256 Ἐν
3068 2204 3176 2274 γὰρ
3221 2205 3288 2274 τῇ
3321 2201 3513 2274 πρώτῃ
3547 2201 3686 2272 νίκῃ,
3713 2199 3803 2252 τῶν

2257 2297 2402 2351 κατᾶ
2455 2297 2548 2350 τὺν
2577 2295 2688 2366 βίον
2716 2296 2890 2368 ήδέων
2923 2295 3060 2366 πρὸς
3090 2295 3158 2348 τά
3185 2297 3286 2364 τῆς
3317 2293 3498 2364 ψυχῆς
3521 2293 3689 2362 ἀγαθά
3736 2291 3804 2346 δι-

2261 2387 2670 2460 αμιλλωμένων,
2696 2389 2752 2440 ἐν
2787 2375 2868 2440 σοὶ
2889 2387 3188 2458 ἐκράτησεν
3231 2387 3334 2457 τῆς
3355 2373 3543 2454 ὑλικῆς
3564 2385 3757 2456 ἀπάτης
3779 2385 3806 2438 ἢ

2261 2480 2398 2550 πρὸς
2439 2479 2505 2532 τὰ
2563 2478 2795 2549 κρείττω
2839 2479 2998 2548 ῥοπή.
3031 2477 3353 2545 Καταγνοίις
3379 2461 3485 2545 γάρ
3511 2475 3613 2528 τῶν
3641 2475 3698 2526 τὸ
3725 2474 3810 2544 μά.-

2261 2577 2413 2622 ταιον
2436 2567 2759 2639 ζητούντων,
2795 2567 2888 2620 καὶ
2925 2565 3262 2636 ἀγαπώντων
3297 2555 3366 2618 τὸ
3398 2561 3812 2634 ψεῦδος,ἡλ).άξω

2259 2659 2360 2732 ἧς
2385 2662 2512 2732 περὶ
2535 2659 2604 2714 τά
2625 2659 2922 2732 φαινόμενα
2951 2659 3328 2732 προσπαθείας
3353 2661 3454 2730 τὴν
3475 2657 3579 2712 τῶν
3600 2657 3814 2728 ἀοράτων

2265 2753 2578 2823 ἐπιθυμίαν.

2350 3023 2438 3088 Ἓν
2459 3033 2534 3104 τῷ
2561 3033 2757 3103 ἐφεξῆς
2786 3033 2941 3088 ἄλλον
2969 3033 3169 3105 τρίπον
3191 3035 3346 3104 νικᾷς
3369 3073 3380 3085 .
3415 3033 3518 3086 Δύο
3550 3033 3650 3104 γάρ
3667 3033 3813 3086 ὅντων

2267 3123 2376 3181 τῶν
2408 3115 2548 3198 ὕπερ
2575 3125 2675 3196 τῆς
2725 3113 2980 3195 ἀληθείας
3033 3123 3406 3193 κληρονομίας
3445 3123 3820 3194 διαμαχομένων

2270 3215 2406 3290 πρὸς
2445 3217 2726 3286 ἀλλήλους,
2776 3215 2868 3268 καὶ
2909 3213 3002 3267 τοῦ
3032 3215 3129 3284 μὲν
3159 3213 3602 3285 προϐαλλομένου
3635 3213 3718 3268 τὸν
3750 3212 3814 3266 νό-

2273 3327 2392 3380 μον,
2437 3309 2531 3362 τοῦ
2571 3307 2628 3362 δὲ
2675 3309 2773 3378 τὴν
2807 3305 3019 3359 πίστιν·
3065 3306 3093 3360 ὁ
3135 3305 3340 3370 δίκαιος
3391 3304 3716 3376 ἀγωνοθέτης
3751 3315 3820 3356 σοι

2267 3401 2482 3456 δίδωσιν
2527 3401 2645 3455 κατ’
2697 3398 2904 3452 ἐκείνου
2956 3397 3024 3452 τὰ
3061 3399 3383 3469 νικητήρια-
3416 3397 3573 3452 Ὥστε
3625 3415 3700 3452 σοι
3739 3397 3824 3466 τὴν

2269 3493 2518 3564 καθαρὰν
2543 3493 2640 3564 τῆς
2663 3492 2840 3562 ψυχῆς
2868 3491 3222 3555 κατάστασιν,
3243 3491 3510 3564 ἀνατολὴν
3529 3489 3672 3562 ἡλίου
3699 3491 3822 3558 γενίτ-

2271 3583 2416 3646 σθαι,
2441 3583 2772 3654 ἀφεστηκότι
2801 3583 2895 3636 τοῦ
2919 3583 3162 3646 σκότους,
3187 3581 3277 3636 τὸν
3304 3582 3502 3656 ὄρθρον
3531 3582 3818 3651 ἐπάγοντοςι

2275 3672 2374 3728 ’ον
2410 3693 2428 3726 ι
2465 3675 2676 3746 πρωῖαν
2715 3695 2732 3726 ι
2763 3673 3016 3746 ὀνομάζει
3066 3676 3099 3745 ἡ
3156 3674 3466 3746 ψαλμῳδὶα.
3527 3677 3631 3730 Καὶ
3674 3663 3821 3734 οὕτως

2271 3763 2416 3816 ἐστιν
2441 3765 2527 3818 ἀεὶ
2561 3765 2742 3836 εὑρεῖν
2769 3764 2926 3833 νίκην
2954 3765 3018 3816 ἐκ
3047 3765 3202 3834 νίκης
3222 3763 3301 3834 τῷ
3339 3765 3547 3838 ἀθλητῇ
3573 3779 3823 3838 προσγινο·

2276 3854 2464 3924 μένην,
2519 3853 2654 3924 πρὸς
2680 3853 2740 3906 τὸ
2771 3857 2954 3923 μεῖζον
2980 3845 3212 3907 πάντοτε
3256 3855 3354 3908 καὶ
3389 3857 3823 3926 περιφανέστερον

2275 3946 2570 4018 προῖόντων
2602 3945 2708 3999 τῶν
2743 3948 2806 3998 ὲκ
2853 3947 2951 4016 τῆς
2995 3946 3150 4016 νίκης
3195 3947 3646 4018 κατορθωμάτων.
3681 3945 3824 3998 Πάλιν

2275 4039 2436 4110 ἑτέρα
2472 4037 2772 4107 διαδέχεται
2807 4037 2930 4107 νίκη
2980 4037 3120 4090 κατά
3173 4037 3232 4090 τὸ
3269 4039 3582 4102 ἀκόλουθον,
3609 4039 3692 4092 διὰ
3735 4037 3826 4089 τῶν

2277 4127 2747 4200 προδεικνυμένων
2779 4127 3210 4197 κατορθουμένη.
3243 4129 3302 4180 '0
3331 4131 3442 4200 γὰρ
3469 4131 3568 4200 τὴν
3595 4129 3824 4199 κληρονο-

2281 4221 2408 4290 μίαν
2431 4219 2722 4290 γνωρίσας,
2759 4209 2920 4282 αὺτδς
2949 4220 3038 4271 καὶ
3063 4220 3158 4288 τῆς
3190 4240 3208 4272 ι
3231 4221 3453 4292 Ὀγδόης
3491 4243 3508 4274 ι
3544 4223 3793 4292 μέμνηται
3813 4231 3828 4250 ⁸

2276 4313 2396 4382 ἥτις
2445 4309 2616 4382 πέρας
2662 4329 2720 4362 τε
2767 4309 2862 4363 τοῦ
2911 4312 3202 4376 ἐνεστῶτος
3246 4313 3440 4382 χρόνου
3492 4315 3712 4382 γίνεται.
3748 4313 3831 4365 καὶ

2280 4403 2422 4474 ἀρχὴ
2450 4397 2542 4456 τοῦ
2574 4395 2852 4473 μέλλοντος
2878 4403 3090 4465 αἰῶνος.
3115 4405 3272 4458 Ἴδιον
3302 4404 3358 4458 δὲ
3387 4407 3486 4476 τῆς
3511 4425 3530 4458 ι
3563 4404 3786 4474 Ὀγδόηςο
3809 4425 3826 4453 ³

2281 4489 2340 4544 τὸ
2397 4491 2592 4562 μηκέτι
2641 4489 2827 4561 καιρὸν
2855 4483 2932 4556 εἰς
2974 4493 3326 4564 παρασκευὴν
3353 4493 3630 4564 ἀγαθῶνῆ
3665 4491 3830 4547 κακῶν

2282 4577 2537 4636 ἐνδιδόναι
2592 4585 2702 4646 τοῖς
2752 4586 2809 4636 ὲν
2856 4585 2989 4654 αὐτῇ
3043 4584 3372 4653 γινομένοις’
3411 4571 3526 4639 ἀλλ’
3567 4577 3640 4639 ὧν
3669 4585 3732 4638 ἄν
3763 4597 3834 4644 τις

2284 4667 2462 4743 ἐαυτῷ
2507 4673 2910 4744 καταϐάλληται
2961 4673 3050 4726 διὰ
3097 4674 3204 4727 τῶν
3237 4675 3410 4746 ἔργων
3449 4677 3516 4730 τὰ
3545 4675 3832 4746 σπέρματα.

2281 4766 2486 4819 τούτων
2537 4755 2916 4836 ἀντιπαρέχειν
2967 4767 3036 4818 τὰ
3083 4766 3386 4836 δράγματα.
3447 4762 3523 4821 υἷι
3567 4768 3718 4838 χάριν
3757 4768 3836 4819 ὲνά

2283 4857 2459 4910 ταῠθα
2512 4858 2752 4928 ἐνεργεῖν
2807 4856 3083 4926 νομοθετεῖ
3119 4857 3216 4926 τὴν
3247 4859 3533 4927 μετάνοιαν
3563 4859 3658 4927 (ὡς
3689 4858 3742 4909 ὲν
3770 4853 3837 4922 τῷ

2287 4947 2388 5020 ᾄδῃ
2409 4948 2507 5016 τῆς
2539 4947 2794 5016 τοιαύτης
2817 4947 3048 5017 σπουδῆς
3069 4939 3502 5018 ἀπρακτοῦσης),
3525 4951 3640 5012 ταῖς
3667 4947 3839 5005 αὑταῖς

2281 5041 2457 5102 νίκαις
2483 5039 2947 5108 ὲγγιιμνασθέντα.
2973 5039 3140 5092 Πάλιν
3158 5039 3447 5109 ἀπαλείφει
3475 5039 3611 5111 πρὸς
3641 5038 3838 5108 ἐτέρους

2283 5125 2498 5196 ἀγῶνας
2548 5129 2576 5180 ὁ
2621 5127 2776 5194 λόγος
2801 5141 2816 5158 ⁶
2869 5127 3028 5180 πάλιν
3062 5128 3274 5196 ἀλείφει
3309 5132 3372 5199 τῇ
3403 5129 3512 5182 τῶν
3539 5125 3840 5200 πειρασμῶν

2285 5217 2578 5288 προσϐολῇ.
2642 5217 2700 5269 Ὀ
2759 5217 2918 5280 αὐτὸς
2966 5217 3075 5288 γὰρ
3118 5217 3371 5288 πολέμιος
3423 5220 3452 5272 ὁ
3507 5215 3842 5282 Ἀϐεσσαλὼμ

2285 5303 2488 5371 ἐκεῖνος
2506 5307 2691 5378 ὥσπερ
2719 5307 3100 5376 ἁναγεννηθεὶς
3121 5307 3372 5377 ἐξήμῶν,
3398 5309 3562 5362 αὑτὸν
3589 5309 3678 5362 τὸν
3702 5306 3842 5360 πόλει·

2297 5417 2395 5470 μον
2421 5399 2513 5452 τὸν
2559 5397 2616 5463 ἐξ
2644 5397 2799 5468 ἡμῶν
2821 5397 3156 5468 ἐξαρτύεται,
3198 5400 3256 5452 ὃν
3291 5399 3590 5470 ἀποτρέπει
3615 5400 3842 5468 φονῶντα

2255 5555 2264 5574 δ
2295 5495 2414 5550 καθ’
2444 5495 2599 5566 ἡμῶν
2631 5497 2663 5566 ἡ
2696 5495 2934 5566 ἡμετέρα
2962 5497 3090 5566 περὶ
3120 5495 3212 5548 τοῦ
3243 5496 3562 5566 πράγματος
3593 5495 3838 5552 εὺόουλῐα,

627 5593 749 5656 pter
785 5582 948 5637 verba
981 5579 1213 5636 Chusi"
1244 5579 1352 5636 Deo
1385 5581 1652 5650 assignat,
1692 5579 1851 5649 eique
1887 5585 2090 5652 gratias
2129 5597 2167 5634 at

2266 5587 2497 5664 ἱμᾶλλον
2539 5585 2594 5640 δὲ
2653 5587 2686 5658 ἡ
2733 5587 2882 5657 παρά
2943 5585 3037 5640 τοῦ
3094 5583 3566 5668 Θεοῦσρμμεχία.
3607 5587 3723 5640 Τῶν
3745 5587 3840 5654 γὰρ

627 5676 726 5747 sit.
781 5672 888 5728 Sed
941 5671 1189 5728 fortassis
1251 5672 1584 5742 superﬂuum
1655 5671 1821 5726 fuerit
1873 5673 2190 5730 accuratius

626 5781 898 5836 exponere
931 5765 1086 5824 velle.
1145 5763 1418 5836 quomodo
1459 5761 1798 5831 Chnsi,cum
1835 5765 2044 5818 amicus
2091 5765 2190 5820 lia-

699 5873 746 5905 “
775 5873 916 5930 Psai.
953 5891 1034 5942 ut,
1061 5873 1118 5930 Ω.
1194 5877 1237 5910 ⁶τ
1262 5875 1404 5930 Psal.
1436 5891 1510 5940 tv,
1539 5879 1590 5931 i.
1666 5877 1710 5910 "
1739 5873 1886 5932 Psal.
1915 5893 1967 5941 v,
1995 5879 2044 5932 l.

2123 5879 2170 5912 "
2199 5879 2344 5936 Psal.
2375 5895 2449 5946 νι,
2483 5881 2533 5934 1.

2265 5669 2272 5688 δ
2299 5679 2734 5750 κατορθωμάτων
2763 5679 2912 5748 αὐτῷ
2938 5663 3640 5750 χρηατῶἶῖἶάῃτιῖιν-λῖόγων
3665 5675 3837 5738 Χουσὶ,

2295 5767 2372 5839 τῷ
2401 5767 2518 5838 Θεῷ
2541 5771 2638 5840 τὴν
2661 5771 2837 5822 αἰτίαν
2866 5771 3156 5836 ἀνατιθεὶς,
3189 5771 3358 5844 ταύτῃ
3387 5771 3483 5842 τὴν
3513 5769 3840 5842 εὐχαριστίαν

2605 5881 2656 5932 ,⁷ο
2681 5879 2826 5934 Psal.
2861 5897 2958 5944 vn,
2993 5881 3042 5937 1.
