3986 6494
231 419 326 476 549

1589 409 1653 465 IN
1698 405 2032 466 PSAI.MOS.

3363 398 3477 457 £50

228 531 531 601 πεποίηται.
574 529 832 603 Περιττδν
877 529 921 582 δ’
975 529 1041 583 ἂν
1082 527 1169 598 εἴη
1198 527 1296 592 τὰς
1336 526 1577 599 ἱστορίας
1621 544 1703 580 σοι
1731 522 1797 578 δι’

1907 525 2046 580 vidis
2103 530 2157 578 ct
2192 519 2365 578 ﬁdelis
2387 531 2554 588 esset,
2604 523 2853 593 interque
2894 502 3174 590 adjutores
3197 528 3252 576 et
3278 519 3473 576 defen-

225 625 500 697 ἀκριϐείας
520 624 824 677 ἐκτίθεσθαι
847 638 860 651 ·
897 622 1013 686 πῶς
1041 621 1227 685 πιστὸς
1246 621 1274 673 ὁ
1305 619 1465 674 Δαϐὶδ
1493 619 1569 674 ὢν
1600 621 1657 672 ἐν
1683 619 1796 681 τοῖς

227 721 608 780 ὑπασπισταῖς,
633 703 784 779 οὗτος
806 717 836 768 ὁ
862 715 1031 768 Χουσὶ
1053 715 1110 768 ὲν
1142 717 1253 776 τοῖς
1275 714 1448 783 φίλοις
1476 711 1570 765 τού
1606 711 1796 764 ’Λϐεσ-

224 811 411 882 σαλὼμ
452 810 876 882 καταμίγνυται,
933 808 1030 861 καί
1075 806 1442 878 πιθανώτερος
1483 805 1690 875 γίνεται
1721 803 1798 874 τῷ

223 904 464 974 τυράννῳ
486 885 580 972 τῆς
602 901 696 954 τοῦ
732 899 1014 976 ’Δχιτόφελ
1044 898 1371 970 συμϐουλῆς.
1406 898 1568 951 Ὅθεν
1601 897 1796 967 συνέϐη

222 996 414 1050 τούτου
439 992 578 1047 κατά
619 992 718 1063 τὴν
745 992 1030 1062 εἰσήγησιν
1050 991 1151 1060 τῆς
1179 986 1404 1060 γνώμης
1450 989 1798 1060 κατακρατή-

225 1106 432 1151 σαντος,
482 1085 645 1138 αὐτὸν
697 1083 786 1154 ὑφ’
832 1081 1024 1135 ἑαυτοῦ
1072 1081 1494 1150 καταπνιγῆναι,
1541 1081 1630 1133 τὸν
1661 1078 1799 1133 κατὰ

221 1181 312 1234 τοῦ
358 1178 521 1232 Δαὸὶδ
565 1175 643 1247 τῷ
683 1173 1036 1243 Ἀϐεσσαλὼμ
1082 1158 1576 1242 συμϐουλεύσαντα.
1617 1170 1799 1235 ’Ἄξιον

222 1274 263 1327 δ’
284 1274 351 1325 ἂν
373 1272 457 1338 εἴη
495 1269 865 1339 προσαγαγεῖν
891 1265 968 1336 τῷ
993 1258 1110 1318 κατ³
1137 1263 1336 1335 ἀρετὴν
1364 1263 1463 1334 βίῳ
1487 1263 1583 1316 καὶ
1604 1262 1672 1315 τὰ
1701 1263 1800 1332 τῆς

220 1345 462 1432 ίστορίας
508 1359 826 1430 αἰνίγματα.
874 1356 999 1419 Πῶς
1125 1355 1372 1420 σώζουσα
1410 1355 1555 1425 ἡμᾶς
1581 1350 1794 1422 γνώμη,

220 1456 425 1524 ἀγχόνη
449 1452 657 1520 γίνεται
677 1449 770 1502 τοῦ
789 1447 1164 1516 ἀντικειμένου
1185 1463 1197 1475 ·
1223 1446 1330 1517 ἡδὲ
1367 1445 1631 1516 σωτήριος
1660 1441 1799 1511 αὕτη

221 1545 435 1616 γνώμη,
469 1547 501 1615 ἡ
529 1529 627 1613 μὲν
655 1543 720 1612 τῇ
747 1539 978 1612 ἱστορίᾳ,
1003 1541 1038 1611 ἡ
1063 1539 1117 1591 δὲ
1135 1528 1200 1609 τῇ
1217 1538 1506 1609 ψαλμῳδίᾳ
1535 1536 1802 1607 ἐγγέγρα-

216 1644 373 1690 πται.
406 1638 564 1706 Ἡμῖν
587 1635 642 1686 δὲ
678 1631 877 1694 σκοπός
911 1632 1026 1682 ἐστι
1057 1629 1147 1681 τὸν
1172 1632 1229 1681 ἐν
1257 1627 1405 1694 τάξει
1439 1627 1548 1681 τῶν
1573 1625 1800 1697 ψαλμῶν

220 1718 412 1800 εἱρμὸν
470 1725 824 1804 κατανοῆσαι,
857 1723 923 1776 δι’
953 1714 1012 1803 οὗ
1045 1720 1121 1792 τῷ
1151 1719 1341 1790 ἀγαθῷ
1398 1717 1796 1793 προσαγόμεθα.

221 1819 430 1873 Οὐκοῦν
470 1819 567 1886 τὴν
609 1813 843 1867 ἐνταῦθα
894 1813 1119 1884 γνώμην
1173 1811 1272 1883 τὴν
1323 1810 1671 1882 ἀναιρετικὴν
1703 1809 1799 1864 τοῦ

216 1897 659 1969 ’ἐπιϐουλεύοντος
679 1905 810 1977 ἡμῖν
831 1908 1286 1974 κατανοήσωμεν.

286 2066 389 2128 Τίς
423 2060 514 2118 οὖν
549 2065 692 2116 ἐστιν
727 2051 895 2132 odim;
941 2054 1001 2113 τδ
1046 2059 1159 2114 ἴσον
1191 2062 1271 2122 εἰς
1303 2060 1499 2114 κακίαν
1549 2057 1797 2130 ἡγεῖσθαι

217 2157 410 2228 ἄρχειν
460 2161 518 2209 τε
570 2153 779 2218 ἀδικίας
821 2153 921 2206 ’καὶ
967 2141 1270 2222 ἀμύνεσθαι
1320 2151 1410 2204 τὸν
1459 2150 1793 2220 ἀπάρξαντα.

218 2239 463 2319 Τιμξᾶται
523 2246 632 2317 γὰρ
687 2245 862 2315 ἑαυτῷ
895 2244 1159 2314 ἐσχάτων,
1191 2235 1286 2295 καὶ
1323 2241 1425 2312 τῆς
1454 2242 1573 2295 καθ’
1603 2240 1796 2294 ἑαυτοῦ

210 2339 490 2410 ἶτιμωρίας
534 2337 753 2409 ὁριστὴς
783 2335 1010 2404 γίνεται,
1052 2336 1100 2388 εί
1130 2333 1380 2404 εὑρεθείη
1410 2329 1579 2387 κακοῦ
1607 2331 1668 2384 τὸ
1698 2349 1800 2384 καφ

217 2433 333 2494 κδν,
389 2431 577 2500 ὥσπερ
623 2430 680 2482 ὲν
731 2426 1594 2498 συναλλάγματι,διαμείψας,καὶ
1651 2425 1800 2479 ἀντι-

216 2521 340 2582 δοὺς
390 2520 503 2582 τοῖς
553 2517 1100 2588 προπαρεηημένοις
1138 2515 1166 2567 ὃ
1213 2508 1424 2569 ἐλαϐεν.
1474 2515 1584 2568 Καὶ
1628 2513 1800 2578 οὕτως

214 2611 361 2681 μετά
390 2611 517 2673 τοὺς
560 2608 779 2679 ἀγῶνας
824 2608 1080 2671 τούτους,
1133 2608 1294 2661 πάλιν
1333 2607 1557 2679 νικητὴς
1585 2605 1796 2659 ἀναδεί-

217 2719 432 2754 κνυται.
460 2699 776 2770 Διαδέχεται
819 2698 928 2770 γὰρ
961 2697 1284 2769 ἐπιγραφὴ,
1329 2697 1391 2750 τὸ
1428 2715 1446 2747 ‹
1495 2695 1666 2766 ’Υπὲρ
1691 2694 1800 2748 τῶν

214 2792 456 2862 ληνῶν,›
509 2790 942 2863 προδεικνύουσα
991 2789 1162 2870 τέλος.
1212 2789 1288 2842 Τὸ
1317 2787 1374 2842 δὲ
1420 2787 1530 2841 τῶν
1572 2786 1800 2856 ἀγώνων

215 2886 398 2949 τέλος,
423 2884 550 2953 νίκη
579 2883 746 2936 ἐστίν.
771 2883 941 2936 Πάλιν
957 2882 1012 2936 δὲ
1040 2881 1138 2953 τὴν
1173 2901 1192 2934 ι
1231 2881 1404 2953 ’Υπὲρ
1425 2881 1535 2934 τῶν
1562 2880 1738 2951 ληνῶν
1776 2899 1795 2931 ι

215 2979 435 3029 ἔννοιαν
488 2971 847 3039 ὲξαπλοῦσθαι
902 2973 978 3044 τῷ
1033 2973 1208 3045 λόγῳ,
1274 2973 1525 3046 περιττὸν
1572 2972 1637 3026 ἂν
1682 2972 1800 3042 εἴη,

212 3065 428 3129 ἰκανῶς
469 3067 528 3118 ὲν
571 3069 684 3129 τοῖς
715 3065 857 3117 κατὰ
893 3058 984 3118 τὸν
1025 3057 1153 3118 ἴδιον
1191 3064 1356 3117 τόπον
1411 3051 1804 3134 ὲξητασμένοις

214 3157 686 3228 προδηλωθεῖσαν.
735 3155 946 3228 Ὥσπερ
971 3157 1027 3210 δὲ
1058 3155 1194 3227 μετά
1219 3156 1316 3227 τὴν
1349 3156 1572 3226 πρώτην
1614 3158 1676 3209 ὲκ
1708 3155 1802 3208 τοῦ

227 3223 594 3317 ’Ᾰϐεσσαλὼμ
647 3246 823 3317 φυγὴν
863 3223 926 3300 ἐν
961 3223 1351 3317 ’τῷ-διακρῖναι
1394 3223 1506 3300 ΕΝ
1530 3223 1806 3316 *ἀληθινῶν
1833 3223 1876 3282 C

214 3340 576 3412 πραγμάτων
598 3337 696 3408 τὴν
713 3339 948 3408 ματαίαν
974 3337 1228 3411 σπουδὴν,
1247 3336 1491 3404 ἀξιοῦται
1507 3338 1603 3409 τῆς
1619 3339 1774 3409 νίκης
1789 3355 1802 3370 ’

211 3431 404 3495 οὕτως
428 3431 523 3484 καὶ
544 3429 639 3484 νῦν
668 3430 806 3500 μετὰ
826 3431 953 3493 τοὺς
979 3429 1195 3500 ὁμοίους
1222 3429 1459 3500 ἀγῶνας,
1488 3427 1567 3502 τῷ
1598 3451 1615 3482 t
1637 3430 1806 3503 ’Υπὲρ

211 3526 328 3579 τῶν
389 3525 568 3596 ληνῶν
595 3545 614 3577 ›
669 3524 812 3594 λόγῳ
877 3523 1148 3594 συμμάχῳ
1191 3522 1327 3596 πρὸς
1374 3523 1466 3576 τὸν
1515 3523 1808 3577 ἀντίπαλον

212 3616 544 3688 χρώμενος,
577 3613 804 3686 νικητὴς
854 3611 1062 3682 γίνεται
1117 3612 1205 3666 διὰ
1237 3603 1332 3666 τοῦ
1378 3613 1676 3667 καταλῦσαι
1715 3613 1806 3669 τόν

211 3706 427 3777 ἐχθρὸν
449 3705 565 3775 ἅμα
585 3700 678 3757 καὶ
710 3703 1021 3774 ἐκδικητὴν.
1060 3704 1155 3766 Ὃς
1180 3703 1266 3756 διὰ
1313 3703 1470 3758 τοῦτο
1495 3705 1590 3758 καὶ
1616 3704 1808 3778 ἐχθρὸς

211 3801 312 3852 καὶ⁸
344 3797 646 3869 ὲκδικητὴς
675 3795 1034 3868 ὀνομάζεται,
1066 3797 1146 3850 ὅτι
1176 3789 1312 3850 αύτά
1352 3787 1420 3850 τά
1454 3796 1588 3869 πρὸς
1626 3799 1809 3871 ἀμαρ-

208 3893 336 3945 τίαν
375 3891 546 3946 αύτοῦ
583 3891 923 3959 δελεάσματα
946 3931 960 3953 ,
989 3889 1230 3959 τιμωρία
1254 3892 1366 3953 τοῖς
1393 3882 1807 3960 αἰσθανομένοις

208 3986 245 4053 ἡ
280 3983 603 4054 πικροτάτη
648 3983 800 4035 ἐστί’
841 3982 936 4034 καὶ¹
976 3980 1042 4032 δι’
1088 3971 1163 4032 ὧν
1211 3974 1497 4050 ἐφέλκεται
1543 3981 1680 4052 πρὸς
1708 3981 1807 4052 τὴν

204 4078 310 4129 τοῦ
342 4075 524 4130 κακοῦ
567 4074 851 4127 κοινωνίαν
903 4075 961 4125 ἐν
1000 4074 1182 4146 ἀπάτῃ
1211 4074 1301 4128 τὸν
1339 4075 1643 4144 ἄνθρωπον,
1677 4067 1808 4129 αύτδ

209 4170 408 4222 ἐκεῖνο
452 4167 516 4219 τὸ
554 4165 935 4236 χαλεπώτατον
981 4166 1080 4237 τῆς
1125 4167 1398 4238 τιμωρίας
1446 4162 1586 4230 εἶδός
1636 4168 1805 4220 ἐστιν.

208 4259 420 4321 υῦτως
452 4255 743 4329 ὲρμηνεύει
773 4255 870 4328 τὴν
902 4257 1140 4310 διάνοιαν
1173 4255 1376 4325 ταύτην
1402 4257 1430 4311 ό
1464 4257 1602 4321 θεῖος
1649 4253 1809 4312 ’Λπό-

210 4348 451 4410 στόλος,
488 4345 691 4410 εἰπών,
751 4347 832 4399 ὃτι
883 4364 900 4395 t
933 4346 1046 4417 Τὴν
1090 4345 1434 4417 ἀντιμισθίαν
1466 4348 1532 4418 ἣν
1565 4346 1670 4399 ἔδει
1709 4346 1809 4415 τῆς

205 4439 445 4506 πλάνης
512 4435 693 4490 αὐτῶν
749 4437 805 4487 ὲν
855 4436 1068 4498 ἑαυτοῖς
1114 4436 1612 4508 ἀπολαμϐάνοντες.
1656 4456 1674 4488 ι
1713 4437 1808 4500 Τίς

199 4532 326 4602 γὰρ
389 4530 460 4583 ἂν
508 4529 717 4597 γένοιτο
771 4527 911 4598 πρὸς
955 4529 1225 4601 τιμωρίαν
1264 4529 1396 4600 ἄλλη
1449 4526 1806 4605 χαλεπωτέρα

203 4622 446 4674 ἐπίνοια
473 4621 573 4688 τῆς
616 4617 757 4672 κατά
791 4619 889 4688 τὴν
919 4618 1306 4690 ἀσχημοσύνην
1346 4620 1705 4692 ἀκαθαρσίας,
1738 4623 1805 4694 ἢν

200 4715 265 4764 ἐν
311 4711 542 4769 ἑαυτοῖς
592 4707 1023 4779 κατεργάζονται
1056 4711 1106 4762 oi
1143 4711 1243 4780 τῆς
1283 4712 1667 4781 ἀσχημοσύνης
1715 4713 1805 4781 ἐρ-

200 4805 395 4872 γάται
421 4819 435 4865 ;
468 4802 527 4854 '0
545 4798 640 4853 οὖν
668 4801 976 4864 καταλύσας
997 4803 1054 4854 ἐν
1074 4799 1151 4870 τῷ
1175 4801 1289 4872 ίδίῳ
1320 4801 1419 4872 βίῳ
1447 4803 1540 4855 τοῦ
1563 4803 1805 4856 τοιούτου

195 4899 312 4965 τὴν
361 4893 622 4962 δύναμιν,
655 4893 715 4956 ὃς
741 4895 1061 4963 τιμωρεῖται
1091 4893 1183 4946 τὸν
1219 4896 1276 4946 ὲν
1308 4894 1477 4966 κακίᾳ
1516 4895 1806 4966 γενόμενον

193 4988 270 5040 δι’
304 4984 491 5039 αὑτοῦ
526 4983 622 5036 τοῦ
674 4986 966 5054 μετασχεῖν
1003 4983 1103 5052 τῆς
1137 4986 1364 5048 κακίας,
1407 4987 1508 5057 ὁρᾷ
1541 4987 1668 5050 τοὺς
1713 4988 1808 5040 ἀν-

194 5079 504 5149 θρώπους,
541 5076 637 5128 καὶ
677 5075 773 5146 τὴν
809 5076 918 5128 τῶν
948 5075 1194 5145 οὐρανῶν
1220 5077 1680 5149 ὑπερκαθημένην
1711 5095 1809 5149 με-

192 5167 667 5239 γαλοπρέπειαν,
698 5167 792 5220 καὶ
819 5167 880 5218 τὺ
906 5166 1006 5236 τῆς
1038 5166 1250 5233 φύσεως
1271 5168 1491 5238 ἀξίωμα
1509 5209 1524 5233 ,
1553 5168 1716 5223 τίνων
1745 5188 1806 5223 τε

191 5262 381 5331 ἄρχει
431 5259 527 5312 καὶ
578 5258 689 5310 τίσι
740 5258 1144 5328 συντεταγμένη
1184 5259 1352 5313 ἐστίν.
1387 5259 1477 5330 Τῷ
1518 5261 1626 5333 γὰρ
1659 5260 1808 5332 αύτῷ

191 5355 302 5407 καὶ
342 5351 449 5404 ἐπὶ
480 5350 590 5402 τῶν
623 5350 833 5418 ἀλόγων
857 5349 1205 5421 ἡγεμονεύει,
1251 5351 1344 5404 καὶ
1373 5353 1488 5414 τοῖς
1555 5349 1807 5418 ἀγγέλοις

191 5446 297 5499 διὰ
373 5442 718 5513 συγκρίσεως
784 5441 1164 5514 παρισουμένη
1221 5442 1414 5514 μικρὸν
1465 5442 1802 5498 ἐλαττοῦται.

191 5537 420 5590 Τοίνυν
467 5534 622 5601 λόγος
671 5535 818 5586 ἐστὶν
865 5535 932 5585 δι’
975 5529 1036 5588 οὗ
1089 5535 1297 5601 γίνεται
1338 5537 1372 5606 ἡ
1417 5535 1562 5589 κατὰ
1601 5537 1807 5590 τούτων

187 5629 409 5701 ἀρχὴ,
471 5627 564 5678 καὶ
607 5626 741 5695 πρὸς
800 5627 925 5688 τοὶς
984 5626 1248 5694 ἀγγέλους
1293 5627 1586 5692 οἰκείωσις.
1638 5627 1809 5682 Πάλιν

184 5719 506 5788 ἐκδέχεται
555 5715 709 5784 νίκης
761 5716 954 5786 ἐτέρας
1003 5716 1232 5787 τρόπος,
1275 5717 1405 5771 ὅταν
1448 5718 1696 5790 ὑπερϐὰς
1739 5720 1808 5776 τὰ

263 5919 325 5951 τί
383 5916 433 5970 ιι
474 5915 602 5989 Reg.
641 5934 730 5985 xv,
789 5917 855 5973 16
899 5927 1018 5988 sqq.
1057 5919 1143 5995 (τ’
1185 5916 1346 5974 Rom.
1401 5933 1438 5989 ι,
1485 5917 1601 5993 ἳἹη

1897 633 2073 683 sores,
2102 616 2296 671 amicis
2327 604 2623 671 Absalonis
2648 614 3040 679 admisceatur,
3084 612 3315 684 ejusque
3332 627 3475 668 con-

1899 705 2081 761 silium
2117 714 2348 776 tyranno
2370 704 2776 761 conducibilius
2793 705 2968 760 visum
3001 704 3092 764 sit.
3120 720 3282 774 quam
3307 705 3474 760 Achi-

1899 796 2189 866 t0phelis'”
2214 795 2392 850 :unde
2417 793 2624 848 factum
2643 802 2750 855 est,
2777 801 2836 848 ut
2858 809 2983 847 cum
3012 792 3301 848 consilium
3323 793 3476 849 illius

1899 887 2298 959 prmvaluisset,
2340 887 2389 943 is
2418 886 2511 956 qui
2537 896 2732 941 contra
2762 884 3016 939 Davidem
3056 884 3317 939 Absaloni
3343 899 3475 939 con-

1900 981 2088 1036 silium
2147 977 2394 1042 dederat,
2455 993 2486 1032 a
2545 978 2732 1047 seipso
2786 975 3114 1045 prail‘ocatus
3181 975 3474 1031 interierit.

1900 1065 2142 1136 quuum
2167 1080 2338 1136 porro
2374 1065 2541 1118 fuerit
2589 1065 2836 1134 historia:
2863 1065 3027 1119 etiam
3083 1065 3371 1135 aenigmata
3420 1074 3478 1120 et

1899 1155 2189 1210 involucra
2228 1155 2297 1209 ad
2323 1155 2491 1208 vitam
2539 1154 2728 1208 virtuti
2763 1152 3036 1208 addictam
3083 1153 3474 1210 illustrandum

1897 1238 2178 1314 adhibere,
2239 1246 2516 1318 quomodo
2569 1247 2823 1301 videlicet
2862 1262 3016 1303 mens
3071 1254 3126 1302 et
3192 1247 3476 1318 cogitatio,

1901 1355 2026 1412 qua:
2057 1355 2162 1396 nos
2188 1349 2529 1407 conservat,
2562 1340 2790 1410 laqueus
2830 1339 3128 1394 adversarii
3170 1337 3288 1410 ﬁat;
3326 1341 3476 1394 salu-

1897 1434 2068 1498 taris,
2097 1432 2346 1504 inquam,
2375 1433 2465 1486 illa
2496 1448 2650 1487 mens
2689 1440 2743 1486 et
2782 1432 3069 1495 sententia,
3108 1446 3230 1502 qua:
3275 1432 3476 1501 partim

1903 1525 2167 1591 historiae,
2234 1530 2432 1596 partim
2487 1524 2808 1594 psalmodia:
2861 1524 3231 1579 monumentis
3287 1525 3478 1579 cousi-

1903 1625 2069 1685 gnata
2100 1625 2208 1670 est.
2243 1614 2413 1671 Nobis
2435 1621 2620 1670 autem
2672 1615 3015 1685 propositum
3059 1623 3145 1670 est
3204 1616 3474 1670 rationem

1904 1705 2141 1769 ordinis,
2177 1691 2272 1776 qui
2325 1707 2379 1760 in
2409 1691 2636 1776 psalmis
2665 1715 2913 1775 apparet,
2963 1721 3072 1775 quo
3114 1705 3180 1760 ad
3219 1706 3480 1764 honesta-

1905 1805 2014 1854 tem
2044 1799 2323 1867 ducimur,
2356 1799 2714 1870 perscrutari.
2743 1797 2912 1871 igitur
2936 1800 2990 1854 in
3029 1797 3285 1870 praesenti
3328 1798 3476 1854 aliud

1905 1890 2211 1960 intelligere
2261 1905 2371 1946 non
2430 1888 2716 1955 debemus,
2757 1905 2922 1959 quam
2977 1898 3213 1944 mentem
3269 1896 3324 1945 et
3352 1903 3480 1944 seu:

1905 1983 2132 2039 tentiam
2171 1983 2318 2037 illam
2347 1998 2472 2054 quae
2507 1983 2884 2038 insidiatorem
2914 1995 3162 2037 nostrum
3191 1983 3479 2038 interimit.

1977 2074 2108 2143 Quae
2142 2075 2313 2147 igitur
2336 2075 2481 2131 ista?
2516 2075 2719 2130 Eodem
2749 2074 2870 2129 loco
2908 2083 3165 2146 reputare
3197 2086 3478 2130 auctorem

1905 2167 2240 2237 iniquitatis,
2304 2177 2358 2223 et
2398 2175 2680 2222 auctorem
2730 2167 2928 2222 ulcisci
2975 2167 3115 2222 velle
3144 2184 3157 2221 :
3191 2167 3309 2237 ipse
3328 2166 3477 2221 enim

1905 2274 2029 2314 sese
2061 2259 2322 2314 extremis
2353 2259 2534 2330 poenis
2577 2259 2884 2324 ulciscitur,
2947 2270 3003 2315 et
3068 2259 3334 2315 adversus
3391 2274 3479 2314 se-

1904 2348 2082 2418 ipsum
2115 2357 2334 2419 poenam
2386 2349 2489 2403 sibi
2529 2347 2777 2403 decernit
2819 2360 2874 2404 et
2897 2347 3109 2417 deﬁnit,
3153 2349 3200 2405 si
3233 2349 3380 2404 velut
3412 2363 3480 2404 ex

1904 2448 2092 2494 mutua
2129 2441 2378 2510 pactione
2407 2451 2462 2496 et
2491 2449 2781 2495 contractu
2815 2441 3017 2495 malum
3046 2442 3190 2496 malo
3219 2456 3481 2512 compen-

1905 2538 2013 2594 sat,
2037 2530 2217 2599 iisque
2248 2529 2452 2599 quibus
2487 2529 2716 2584 aﬂ‘ectus
2741 2538 2824 2584 est
2849 2529 3089 2598 injuriis,
3122 2531 3356 2600 injurias
3393 2539 3481 2586 rea

1905 2621 2113 2693 pendit.
2141 2620 2458 2691 Quarepost
2487 2621 2591 2676 ista
2621 2622 2923 2676 certamina
2950 2621 3335 2677 rursusvictor
3352 2635 3483 2690 pro—

1905 2711 2188 2767 nuntiatus
2208 2711 2298 2765 sit.
2318 2711 2575 2783 Sequitur
2593 2712 2736 2766 enim
2756 2711 3045 2782 inscriptio
3071 2728 3085 2767 :
3118 2729 3136 2762 t
3160 2709 3267 2765 Pro
3289 2721 3481 2765 torcu-
3566 2724 3568 2726 '

1906 2801 2186 2866 laribus,»
2242 2818 2362 2873 quae
2441 2803 2599 2857 tinem
2651 2803 3012 2858 demonstrat.
3078 2803 3231 2858 Finis
3297 2812 3479 2858 autem

1907 2895 2270 2949 certaminum
2311 2895 2538 2949 victoria
2568 2903 2676 2952 est.
2725 2896 2794 2951 At
2829 2895 3165 2966 superﬂuum
3216 2897 3382 2952 fuerit
3414 2897 3484 2953 de

1909 3001 2076 3043 sensu
2135 2986 2534 3055 inscriptionis,
2597 3007 2617 3038 ε
2657 2985 2766 3041 Pro
2819 2987 3255 3049 torcularibus,»
3302 2988 3483 3044 fusius

1909 3076 2210 3157 disputare,
2242 3092 2366 3130 cum
2401 3077 2470 3131 de
2500 3091 2564 3132 ea
2591 3077 2703 3146 jam
2730 3077 2846 3132 suis
2880 3078 3014 3133 locis
3036 3079 3252 3133 abunde
3271 3079 3480 3134 dictum

1910 3167 2004 3222 sit.
2034 3165 2206 3221 Porro
2247 3165 2706 3236 quemadmodum
2748 3175 2874 3236 post
2917 3167 3144 3238 primam
3177 3168 3247 3222 ab
3300 3168 3480 3224 Absa-

1909 3259 2034 3314 Ione
2062 3258 2266 3328 fugam,
2319 3259 2449 3312 dum
2473 3273 2672 3312 vanum
2707 3259 2950 3314 studium
2997 3268 3051 3315 et
3087 3259 3302 3315 inanem
3347 3277 3482 3330 ope-

1909 3365 2025 3406 ram
2056 3364 2089 3403 a
2122 3344 2268 3405 veris
2297 3357 2352 3404 et
2396 3349 2554 3404 seriis
2579 3351 2811 3421 negotiis
2853 3360 2907 3406 et
2935 3351 3099 3406 rebus
3137 3351 3480 3415 internoscit,

1907 3443 2153 3497 victoriae
2181 3441 2520 3496 ornamentis
2557 3431 2882 3512 insignitur:
2924 3443 2998 3497 ita
3027 3451 3083 3498 et
3112 3458 3258 3498 nunc
3283 3443 3483 3499 similia

1908 3534 2012 3590 bus
2043 3525 2255 3589 exactis
2285 3533 2504 3604 pugnis,
2541 3533 2791 3589 oratione
2830 3553 2848 3585 ‹
2881 3531 2986 3588 Pro
3026 3533 3420 3602 torcularibus,
3458 3553 3478 3586 ι

1909 3625 2058 3680 velut
2087 3624 2452 3693 auxiliatrice,
2480 3626 2671 3680 contra
2696 3624 3074 3681 adversarium
3102 3641 3258 3691 usus,
3303 3627 3487 3682 victor

1908 3716 2109 3782 evadit,
2131 3731 2195 3770 eo
2215 3707 2361 3786 quod
2395 3709 2656 3773 deleverit
2693 3717 2906 3772 hostem
2937 3718 3101 3772 simul
3129 3721 3182 3774 et
3223 3734 3484 3789 persecud

1909 3816 2104 3871 torem,
2134 3808 2227 3877 qui
2257 3800 2330 3861 ob
2351 3806 2403 3861 id
2429 3807 2595 3862 etiam
2621 3807 2798 3862 hostis
2853 3817 2906 3862 et
2938 3809 3079 3863 ultor
3138 3811 3479 3877 nominatur,

1908 3898 2037 3970 quia
2077 3898 2251 3969 ipsius
2279 3899 2347 3952 ad
2377 3907 2661 3970 peccatum
2692 3900 2961 3955 illecebrae
3004 3902 3361 3957 acerbissima
3388 3903 3485 3958 de-

1909 3992 2262 4063 gustantibus
2323 3999 2452 4046 sunt
2497 4006 2683 4062 ptena,
2727 3999 2781 4046 et
2817 4007 2882 4047 ea
2928 3992 3125 4063 quibus
3163 3993 3228 4048 ad
3264 3995 3488 4051 malitia

1909 4083 2348 4137 conuuunionem
2381 4082 2629 4138 homines
2655 4081 2912 4152 deceptos
2943 4082 3240 4153 pertraliit,
3269 4085 3478 4154 gravis-

1909 4172 2037 4226 simi
2083 4171 2335 4242 supplicii
2366 4171 2603 4242 speciem
2645 4167 2866 4226 habent.
2899 4161 3012 4226 Hoc
3049 4173 3213 4226 modo
3261 4189 3483 4227 sensum

1910 4265 2056 4320 hunc
2109 4263 2333 4335 exponit
2383 4263 2600 4318 divinus
2651 4264 2968 4333 Apostolus,
3016 4278 3141 4318 cum
3195 4264 3304 4318 ait:
3339 4260 3488 4320 «Eos

1911 4371 2076 4428 quam
2107 4364 2388 4410 merentur
2434 4355 2736 4410 mercedem
2792 4354 3019 4417 erroris,
3073 4355 3129 4408 in
3177 4357 3486 4425 semetipsis

1910 4449 2159 4520 accipere
2178 4445 2245 4504 τ’.
2277 4467 2295 4499 ›
2337 4444 2475 4514 Quid
2493 4443 2641 4502 'enim
2668 4446 2734 4501 ad
2770 4446 3099 4516 supplicium
3137 4449 3362 4518 gravius
3391 4463 3487 4502 cx-

1840 4567 1885 4622 D
1915 4536 2146 4609 cogitari
2175 4551 2355 4610 queat,
2383 4555 2545 4610 quam
2581 4539 2712 4593 illttd
2747 4539 3104 4594 immunditia:
3151 4540 3487 4596 dehonesta-

1916 4641 2159 4686 mentum
2195 4639 2248 4686 et
2274 4630 2531 4695 dedecus,
2567 4629 2713 4700 quod
2756 4630 2810 4684 in
2846 4631 3043 4696 seipsis
3074 4631 3313 4687 emciunt
3361 4649 3487 4704 pro-

1915 4723 1998 4778 bri
2029 4729 2083 4777 et
2115 4722 2397 4778 dedecoris
2430 4721 2754 4777 effectores?
2793 4721 2896 4788 Qui
2925 4737 3054 4792 ergo
3080 4723 3203 4778 vitae
3240 4740 3353 4779 sua:
3400 4726 3486 4779 in-

1915 4815 2109 4869 stituto
2135 4815 2242 4869 vim
2268 4815 2389 4884 ejus
2418 4823 2664 4877 enervat,
2712 4815 2803 4884 qui
2838 4814 3057 4868 malitiae
3097 4816 3487 4870 communione

1915 4905 2018 4960 sibi
2054 4905 2406 4974 conjunctqu
2432 4905 2533 4960 hac
2562 4906 2678 4974 ipsa
2717 4906 3130 4976 participatione
3163 4907 3338 4976 punit,
3395 4908 3487 4963 ille

1918 4999 1971 5044 ct
2006 4991 2273 5054 homines,
2320 5000 2374 5045 et
2407 4991 2551 5044 illam
2592 5008 2713 5061 quae
2760 5009 2924 5062 super
2973 4995 3145 5050 ctelos
3178 5010 3363 5050 evecta
3402 5006 3487 5050 est

1919 5081 2399 5152 magniﬁcentiam,
2425 5083 2854 5155 dignitatemque
2881 5095 3111 5150 naturae,
3151 5088 3350 5157 quibus
3385 5089 3488 5140 im»

1916 5181 2089 5243 peret,
2123 5183 2326 5228 etcum
2355 5173 2556 5244 quibus
2581 5175 2825 5246 ejusdem
2861 5178 2932 5230 sit
2951 5178 3146 5232 classis
3173 5187 3225 5232 et
3251 5178 3484 5243 ordinis,

1919 5265 2342 5335 contemplatur.
2381 5266 2579 5322 Eadem
2604 5269 2747 5322 enim
2801 5283 2951 5339 parte
2984 5277 3038 5323 et
3075 5269 3377 5325 dominium
3426 5270 3484 5323 in

1914 5357 2078 5412 bruta
2113 5357 2296 5424 habet,
2325 5368 2380 5414 et
2416 5376 2540 5414 cum
2573 5362 2782 5432 angelis
2804 5362 3215 5432 comparatione
3250 5361 3486 5418 collatus

1914 5449 2194 5520 paululum
2220 5448 2327 5506 illis
2351 5450 2578 5509 inferior
2591 5455 2945 5524 conspicitur.
2979 5453 3136 5507 Ratio
3157 5454 3340 5524 itaque
3377 5463 3483 5514 est.

1912 5555 2020 5610 qua
2050 5549 2104 5596 et
2141 5541 2318 5598 brutis
2341 5545 2713 5600 animantibus
2760 5552 2976 5616 praeest,
3019 5553 3072 5600 et
3104 5559 3230 5598 cum
3276 5544 3485 5614 angelis

1914 5633 2322 5691 necessitudine
2366 5636 2605 5708 quadam
2667 5637 2938 5708 jungitur.
2983 5635 3200 5692 Rursus
3258 5636 3363 5690 alia
3403 5635 3486 5689 vi-

1914 5726 2100 5784 ctorite
2127 5729 2340 5801 species
2366 5730 2632 5798 succedit,
2661 5729 2876 5802 quando
2905 5728 3019 5785 haec
3051 5745 3172 5800 quae
3191 5729 3293 5785 sub
3327 5743 3488 5800 aspe-
