4044 6526
552 439 646 496 5!}!

1810 441 1870 494 S.
1913 437 2240 494 GREGORII
2280 437 2574 493 NYSSENI
3703 434 3812 488 552

549 567 698 610 ctum
729 555 932 610 cadunt
973 567 1386 624 supergressus,
1441 554 1709 607 rationem
1755 553 1808 606 in
1842 568 2043 606 arcana
2082 561 2134 607 et

2239 553 2543 624 φαινόμενα
2593 554 2704 614 τοῖς
2758 548 3087 621 ἀπορρήτοις
3144 547 3457 620 ἐμϐατεύσῃ
3511 547 3590 618 τῷ
3643 549 3804 621 λόγῳ.

551 650 830 704 recondita
883 648 1122 714 inuris;
1172 645 1318 700 ﬁlius
1375 661 1504 700 vero
1553 647 1692 699 ratio
1739 655 1844 711 est,
1886 647 2132 715 satisque

548 742 660 812 jam
693 739 1120 809 praecedentibus
1145 738 1390 794 victoriis
1414 739 1750 794 exercitatus
1775 758 1794 790 ι
1824 753 1925 810 pro
1945 739 2135 793 occul-

553 833 626 885 tis
659 830 775 883 Filii
797 831 842 861 ⁷³
872 849 890 880 ι
921 829 1127 898 psaltis,
1169 845 1266 896 per
1301 830 1614 883 continuam
1656 844 2060 898 consonamque
2081 836 2135 883 et

553 924 852 978 studiosam
875 922 1400 989 contemplationem
1448 939 1460 974 :
1503 921 1810 990 iterumque
1852 921 2006 974 illum
2040 921 2132 989 qui

556 1015 608 1066 in
642 1018 859 1066 occulto
901 1012 1164 1066 venandis
1211 1019 1264 1063 et
1297 1010 1579 1080 capiendis
1609 1010 1768 1065 nobis
1820 1010 2132 1073 insidiatur,

555 1107 829 1174 prodigas,
865 1119 930 1158 ne
957 1118 1061 1172 qua
1097 1103 1332 1172 amplius
1356 1102 1493 1156 hosti
1521 1110 1711 1155 contra
1735 1114 1836 1155 nos
1861 1101 2134 1170 gloriandi

553 1197 893 1266 relinquatur
920 1196 1137 1249 occasio
1165 1215 1178 1261 ,
1213 1212 1231 1244 ι
1261 1203 1319 1247 ιιι
1344 1209 1450 1247 non
1483 1200 1721 1264 apponat
1745 1194 1890 1247 ultra
1924 1195 2136 1262 magni-

557 1290 718 1343 llcare
755 1304 814 1342 se
845 1289 1008 1341 homo
1037 1302 1200 1355 super
1236 1297 1456 1340 terram.
1490 1305 1508 1336 ι
1559 1283 1713 1339 Tunc
1763 1299 1827 1340 ex
1884 1286 2134 1352 victoria,

555 1395 675 1451 qua:
699 1380 955 1450 deinceps
974 1379 1074 1433 tibi
1113 1377 1354 1439 obvenit,
1385 1377 1582 1447 majori
1633 1393 1759 1448 erga
1797 1377 1966 1433 Deum
1995 1393 2134 1433 con-

553 1482 707 1542 cepta
741 1471 935 1526 ﬁducia
956 1470 1094 1525 dicis
1133 1489 1145 1524 :
1189 1489 1207 1520 ι
1244 1469 1303 1523 ln
1335 1468 1564 1523 Domino
1603 1468 1951 1538 conlido";>
1978 1486 2136 1526 mox-

551 1581 691 1636 que,
736 1566 791 1619 in
815 1580 879 1619 ea
932 1579 1054 1633 quae
1094 1563 1345 1633 sequitur
1373 1561 1626 1624 victoria,
1688 1577 1888 1619 rursus
1933 1563 1988 1618 in
2020 1577 2138 1617 me-

2235 645 2362 709 Υἱὸς
2383 635 2487 698 δέῘό
2515 646 2672 714 λόγος
2691 685 2706 710 ,
2729 643 2832 697 κᾶν
2857 643 3057 706 ἱκανῶς
3079 639 3179 714 ἤδη
3200 643 3332 715 γένῃ
3357 645 3478 706 ταῖς
3505 642 3810 714 προλαὸού-

2236 756 2359 802 σαις
2389 739 2566 800 νίκαις
2595 736 3015 807 ἐγγυμνασθεὶς,
3053 756 3070 785 ε
3093 735 3264 807 ’Υπὲρ
3296 734 3408 788 τῶν
3439 735 3685 806 κρυφίων
3713 737 3810 790 τοῦ

2236 831 2365 884 Υἱοῦ
2402 851 2422 882 ι
2453 830 2694 900 ψάλλεις,
2725 830 2812 884 διὰ
2846 830 2942 900 τῆς
2970 829 3308 900 εὐαρμόστων
3337 845 3394 881 τε
3421 828 3514 881 καὶ
3538 827 3813 899 ἐμμελοῦς

2236 919 2491 989 θεωρίας.
2544 921 2650 972 Καὶ
2700 919 2863 973 πάλιν
2913 921 3143 989 νικήσας
3175 916 3267 971 τὸν
3323 919 3381 969 ἐν
3418 920 3671 990 κρυφίοις
3721 922 3812 972 ἐν-

2236 1012 2524 1083 εδρεύοντα
2555 1012 2675 1066 καθ’
2697 1012 2854 1082 ἡμῶν
2886 1010 3048 1080 θῆρα,
3087 1009 3228 1062 ῶστε
3263 1009 3459 1080 μηκέτι
3492 1010 3585 1063 τοῦ
3611 1010 3814 1081 ἐχθροῦ

2233 1105 2294 1158 τὸ
2341 1104 2460 1158 καθ’
2486 1105 2640 1175 ἡμῶν
2673 1103 2932 1174 καύχημα
2965 1099 3380 1172 περιλειφθῆναι
3419 1107 3466 1166 (ε
3505 1103 3621 1155 Ἵνα
3658 1122 3676 1153 ι
3703 1103 3818 1173 γὰρ

2242 1215 2259 1246 ι
2303 1196 2376 1268 μὴ
2407 1197 2618 1268 προσθῇ
2646 1197 2723 1250 ἔτι
2746 1197 2839 1250 τοῦ
2883 1195 3245 1267 μεγαλαυχεῖν
3277 1195 3563 1265 ἄνθρωπος
3593 1197 3682 1248 ἐπὶ
3709 1195 3818 1265 τῆς

2235 1289 2340 1358 γῆς
2376 1309 2394 1340 ι
2420 1288 2436 1357 )
2460 1306 2473 1318 ·
2505 1290 2624 1342 τότε
2653 1289 2741 1343 διὰ
2784 1288 2884 1359 τῆς
2912 1269 2974 1342 ἐκ
3004 1287 3095 1341 τοῦ
3119 1287 3411 1341 ἀκολούθου
3455 1304 3546 1340 σου
3583 1304 3818 1356 προσγι-

2231 1379 2467 1450 νομένης
2498 1380 2687 1450 νίκης,
2722 1379 3059 1451 τελειοτέραν
3108 1379 3209 1448 τὴν
3256 1379 3336 1442 είς
3385 1378 3478 1431 τὸν
3531 1377 3662 1430 Θεὸν
3715 1393 3820 1429 πε-

2235 1471 2487 1542 ποίθησιν
2509 1473 2645 1543 ἔχων
2671 1473 2868 1540 λέγεις·
2910 1493 2928 1523 ί
2982 1471 3105 1524 Ἐπὶ
3146 1471 3225 1540 τῷ
3255 1469 3446 1542 Κυρίῳ
3471 1467 3728 1523 πέποιθα.
3790 1487 3810 1519 ι

2247 1565 2336 1616 Ἐν
2362 1567 2426 1634 τῇ
2449 1565 2646 1636 ἐφεξῆς
2663 1564 2806 1637 νίκῃ,
2833 1564 2995 1617 πάλιν
3013 1564 3111 1634 τῆς
3130 1581 3149 1614 t
3174 1563 3425 1633 Ὀγόόηςι
3452 1563 3726 1634 μεμνήσῃ,
3755 1562 3819 1614 ἐν

551 1659 784 1714 moriam
816 1669 1045 1712 revocas
1079 1675 1100 1706 ι
1125 1654 1409 1725 Octavam;
1435 1673 1456 1707 ι
1485 1653 1542 1708 in
1570 1667 1678 1723 qua
1734 1669 1754 1705 ι
1783 1655 1972 1725 lingua
2024 1667 2134 1708 ma-

2237 1652 2272 1731 ᾗ
2303 1658 2700 1729 ὲξολοθρειὶετιιι
2731 1657 2829 1728 μέν
2861 1660 2895 1730 ὴ
2929 1678 2947 1709 ι
2978 1653 3411 1727 μεγαλορρήμων
3438 1654 3679 1724 γλῶσσα,
3715 1654 3819 1707 καὶ

547 1754 806 1824 gniloqua
850 1750 1068 1820 penitus
1121 1747 1454 1809 destruetur,
1483 1755 1537 1803 et
1619 1746 1764 1802 labia
1795 1747 2009 1812 dolosa,
2032 1767 2050 1800 ι
2082 1757 2134 1802 et

2237 1750 2305 1806 τὰ
2340 1751 2488 1824 χείλη
2522 1748 2589 1804 τὰ
2670 1751 2852 1814 δόλια,
2884 1770 2902 1802 ι
2931 1749 3026 1803 καὶ
3075 1752 3108 1821 ὴ
3157 1748 3299 1802 κατὰ
3325 1747 3419 1802 τοῦ
3449 1747 3584 1800 Θεοῦ
3615 1747 3815 1817 μανία·

550 1846 730 1901 omnis
755 1851 946 1910 contra
967 1841 1132 1896 Deum
1165 1840 1380 1895 insania
1398 1837 1466 1894 ".
1499 1837 1986 1894 Conservabuntur
2003 1853 2134 1894 vero

2239 1841 2671 1912 φυλαχθήσονται
2718 1843 2774 1896 δέ
2821 1843 2928 1896 ἀπὸ
2975 1845 3072 1913 τῆς
3113 1841 3310 1910 γενεᾶς
3359 1838 3563 1910 ταύτης
3597 1841 3689 1893 καὶ
3729 1841 3820 1902 εἱς

551 1949 581 1988 a
609 1933 961 2005 generatione
996 1932 1098 1984 hac
1127 1929 1180 1983 in
1217 1929 1507 1992 saeculum,
1543 1929 1639 2000 qui
1671 1927 1727 1982 in
1762 1927 1998 1982 circuitu
2029 1929 2132 1981 im-

2237 1935 2329 1989 τὸν
2351 1911 2542 1998 αἰῶνα,
2571 1936 2622 1988 οἱ
2655 1935 2728 2005 μῆ
2756 1937 2812 1987 ἐν
2839 1911 3036 2005 κύκλῳ.
3048 1935 3147 2003 τῆς
3176 1931 3430 1996 ἀσεϐείας
3461 1949 3820 2004 συμπεριπα-

551 2026 770 2098 pietatis
802 2040 913 2078 non
942 2023 1242 2086 ambulant,
1293 2024 1386 2077 sed
1423 2029 1628 2076 rectam
1664 2022 1929 2077 insistunt
1965 2022 2130 2087 viam,

2239 2026 2456 2091 τοῦντες
2475 2067 2489 2088 ,
2528 2027 2665 2080 ἀλλὰ
2695 2023 2794 2098 τῆς
2823 2026 3039 2090 εὐθείας
3081 2028 3358 2097 ἐχόμενοι,
3384 2027 3450 2097 ἥν
3478 2027 3821 2079 ἐνεκαίνισεν

550 2131 713 2187 quam
758 2115 902 2169 Deus
945 2115 1104 2169 nobis
1144 2129 1339 2167 novam
1379 2114 1622 2183 praeivit,
1666 2115 1810 2168 viam
1853 2123 2130 2170 recentem

2237 2119 2370 2188 ἡμῖν
2395 2119 2424 2170 ὁ
2444 2117 2576 2181 Θεὸς
2633 2117 2750 2170 ὁδὸν
2784 2118 3094 2188 πρόσφατον
3119 2119 3214 2172 καὶ
3240 2117 3440 2182 ζῶσαν.
3484 2118 3595 2172 Καὶ
3622 2119 3677 2171 τί
3704 2120 3819 2189 χρὴ

548 2220 606 2264 ct
643 2211 938 2263 viventem.
965 2210 1030 2262 Et
1060 2207 1192 2277 quid
1253 2220 1394 2276 Opus
1441 2216 1526 2261 est
1574 2207 1793 2277 singula
1828 2207 2128 2278 explicare,

547 2316 676 2354 cum
738 2315 860 2369 quae
894 2301 1159 2352 hactenus
1205 2297 1637 2355 introductionis
1684 2298 1845 2368 quasi
1879 2301 2002 2353 loco
2047 2299 2130 2353 al-

551 2395 660 2446 lata
690 2401 819 2447 sunt
853 2391 990 2446 satis
1023 2405 1298 2460 superque
1358 2391 1454 2445 tibi
1500 2392 1796 2446 ostendant
1847 2393 1988 2445 viam
2021 2407 2129 2461 qua

553 2500 652 2555 per
703 2485 1038 2554 psalmorum
1091 2481 1338 2537 ordinem
1397 2492 1451 2537 et
1516 2485 1905 2552 inscriptiones
1945 2484 2010 2538 ad
2074 2485 2125 2539 id

550 2574 698 2645 quod
727 2575 926 2628 bonum
955 2579 1228 2626 etrectum
1253 2579 1336 2626 est
1354 2571 1685 2627 deducaris?
1709 2588 1818 2627 non
1847 2587 2037 2642 parum
2063 2573 2131 2627 ad

554 2666 697 2721 hanc
750 2665 916 2719 etiam
965 2663 1377 2732 intelligentiam
1423 2663 1764 2719 conducente
1801 2665 1914 2729 illa,
1967 2679 2130 2740 quam

565 2773 734 2830 supra
765 2756 1149 2829 praamisimus,
1182 2755 1602 2826 inscriptionum
1635 2754 2022 2825 explicatione.

1123 2909 1352 2967 CAPUT
1421 2909 1540 2965 Xll.

627 3021 804 3076 Finita
829 3021 1006 3093 prima
1041 3022 1284 3077 sectione
1335 3015 1684 3078 ascensionis
1735 3035 1832 3092 per
1866 3021 2132 3092 psalmos,

2236 2206 2304 2258 τὰ
2348 2205 2470 2258 καθ’
2513 2206 2740 2258 ἕκαστον
2785 2205 3066 2272 διεξιέναι,
3122 2206 3320 2270 ἱκανῶς
3367 2224 3446 2259 σοι
3486 2207 3584 2279 τῆς
3616 2207 3818 2276 ἐφόδου

2235 2299 2437 2366 ταύτης
2484 2298 2584 2368 τὴν
2625 2299 2719 2350 ἐπὶ
2759 2299 2826 2352 τὰ
2877 2299 3107 2370 κρείττω
3160 2299 3382 2370 πρόοδον
3436 2299 3523 2353 διὰ
3564 2299 3671 2369 τῆς
3700 2299 3818 2352 τῶν

2235 2390 2467 2460 ψαλμῶν
2505 2391 2711 2454 τάξεώς
2751 2409 2811 2444 τε
2863 2394 2956 2445 καὶ
2985 2394 3295 2464 ἐπιγραφῆς
3328 2394 3825 2464 προδεικνυούσηςς

2234 2484 2294 2534 οὐ
2333 2481 2542 2554 μικρῶς
2578 2485 2710 2553 ἡμῖν
2744 2485 2880 2554 πρὸς
2933 2485 3032 2557 τὴν
3072 2486 3324 2558 τοιαύτην
3357 2487 3815 2559 συμϐαλλομένης

2234 2573 2469 2629 διάνοιαν
2520 2575 2620 2644 τῆς
2678 2576 3075 2650 προδληθείσης
3115 2581 3227 2643 τοῖς
3279 2577 3584 2652 ἔμπροσθεν
3631 2568 3851 2649 λόγοις

2235 2665 2345 2718 τῶν
2378 2667 2700 2739 ἐπιγραφῶν
2735 2670 3051 2742 ἑρμηνείας.

2725 2915 3119 2973 ΚΕΦΑΛΑΙΟΝ
3158 2920 3256 2975 IB’.

2325 3027 2463 3080 Ἀλλ’
2492 3030 2574 3082 ὅτι
2609 3033 2977 3105 συνεπερόωθη
3027 3034 3088 3087 τὸ
3120 3033 3334 3105 πρῶτον
3367 3034 3558 3104 τμῆμα
3595 3035 3698 3105 τῆς
3729 3037 3829 3090 διὰ

555 3130 750 3170 rursus
772 3113 1191 3185 quadragesimo
1208 3112 1419 3183 psalmo
1458 3113 1752 3168 resumitur
1782 3112 2134 3168 beatitudinis

2242 3118 2348 3172 τῶν
2377 3120 2606 3191 ψαλμῶν
2637 3123 2976 3187 ἀναϐάσεως.
3007 3126 3065 3177 ἐν
3097 3124 3174 3195 τῷ
3205 3125 3623 3197 τεσσαρακοστῷ
3648 3126 3828 3180 πάλιν

555 3210 784 3266 mentio.
813 3208 986 3264 Aliter
1027 3217 1206 3264 tamen
1236 3209 1294 3262 in
1335 3207 1492 3263 initio
1524 3207 1784 3263 delinitur
1828 3206 2134 3276 beatitudo,

553 3309 660 3363 sub
691 3308 907 3363 initium
939 3309 1085 3363 enim
1111 3305 1234 3378 fuga
1257 3314 1312 3362 et
1347 3306 1562 3363 aversio
1611 3321 1641 3360 a
1677 3306 1824 3360 malo
1860 3307 1916 3360 in
1959 3307 2136 3361 beati-

556 3401 744 3455 tudine
776 3400 1188 3454 numerabatur.
1221 3398 1292 3452 At
1321 3398 1413 3452 hic
1443 3399 1600 3452 beata
1639 3397 1969 3467 praedicatur
2001 3398 2130 3453 boni

554 3503 613 3549 et
654 3493 787 3549 recti
821 3491 1080 3562 cognitio.
1139 3490 1272 3544 Boni
1319 3503 1450 3545 vero
1510 3495 1730 3554 natura,
1780 3491 1866 3545 vel
1906 3487 1951 3546 si
1989 3491 2136 3561 quod

554 3583 916 3640 excellentius
944 3585 1068 3648 hoc,
1104 3580 1189 3636 vel
1220 3591 1439 3646 nomen,
1467 3579 1553 3636 vel
1582 3582 1879 3651 Cogitatum
1906 3583 2134 3651 reperiri

557 3684 761 3747 poteSt,
803 3673 940 3728 nihil
967 3672 1238 3736 estaliud,
1281 3686 1442 3740 quam
1474 3672 1787 3742 unigenitus
1807 3671 1904 3728 Dei
1942 3671 2135 3739 Filius,

560 3769 652 3840 qui
689 3783 812 3823 cum
849 3768 1001 3822 dives
1032 3776 1196 3830 esset,
1247 3773 1469 3836 propter
1499 3780 1601 3820 nos
1651 3761 1834 3820 factus
1885 3774 1970 3820 est
2014 3781 2138 3836 ege-

561 3877 686 3916 nus.
715 3860 886 3930 Cujus
943 3860 998 3914 in
1072 3874 1238 3914 carne
1298 3864 1598 3928 egestatem
1625 3855 1970 3928 Evangelicis
1998 3857 2137 3913 scri-

558 3955 669 4025 ptis
708 3953 867 4008 nobis
897 3952 1348 4012 demonstratam,
1388 3950 1567 4004 oratio
1597 3949 1698 4004 hoc
1717 3948 1836 4004 loco
1859 3949 2140 4019 praesigni-

557 4045 708 4108 ﬁcat,
737 4055 861 4099 cum
897 4044 1116 4099 beatum
1154 4037 1436 4111 praedicat,
1465 4042 1559 4112 qui
1587 4041 1775 4097 debita
1825 4041 2136 4113 intelligen-

555 4137 637 4190 tia
669 4141 1042 4206 paupertatem
1065 4134 1212 4187 illam
1237 4133 1538 4204 cognoscit,
1560 4133 1655 4203 qui
1686 4147 1892 4203 pauper
1917 4133 2135 4202 quidem

553 4237 680 4282 erat
701 4226 998 4282 secundum
1039 4225 1180 4280 servi
1213 4224 1463 4288 formam,
1499 4224 1822 4280 benedictus
1843 4233 2020 4279 autem
2052 4240 2138 4281 se-

564 4319 801 4374 cundum
833 4316 1141 4372 divinitatis
1169 4326 1442 4370 naturam.
1474 4317 1692 4388 Egenus
1724 4319 1873 4373 enim
1915 4326 1971 4373 et
1998 4334 2136 4388 pau-

563 4425 664 4477 per
719 4408 990 4478 principio
1035 4407 1199 4476 hujus
1239 4408 1555 4478 psalmodiaa
1593 4411 1944 4475 nominatur;
1983 4419 2035 4463 at
2081 4409 2134 4464 in

2238 3210 2272 3280 ἠ
2299 3211 2389 3263 τοῦ
2423 3214 2770 3284 μακαρισμοῦ
2795 3214 3132 3284 ἐπανάληψις
3157 3215 3393 3284 γίνεται,
3426 3217 3598 3280 ἄλλως
3616 3218 3715 3270 τοῦ
3740 3218 3829 3270 λό-

2239 3317 2334 3363 γου
2361 3301 2510 3371 παρὰ
2530 3302 2823 3374 τὴνζάρχὴν
2841 3305 3159 3376 ὁριζομένου
3177 3307 3306 3376 ἡμῖν
3323 3307 3382 3358 τὸ
3413 3305 3703 3378 μακάριον.
3727 3309 3827 3362 Ἐν

2238 3392 2345 3461 γὰρ
2375 3395 2487 3454 τοῖς
2517 3391 2774 3463 πρώτοις,
2799 3394 2858 3447 τὸ
2893 3395 3193 3465 ἀποστῆναι
3217 3395 3309 3449 τοῦ
3343 3397 3512 3450 κακοῦ
3540 3399 3826 3470 μακάριον

2236 3480 2304 3555 ἦν
2325 3502 2337 3514 ·
2375 3484 2607 3539 ἐνταῦθα
2630 3486 2686 3538 δὲ
2710 3486 2768 3538 τὸ
2789 3487 3084 3554 ἐπιγνῶναι
3122 3487 3183 3540 τὸ
3205 3489 3408 3555 ἀγαθὸν
3430 3489 3824 3560 μακαρίζεται.

2250 3577 2313 3630 Ἦ
2344 3579 2400 3631 δὲ
2447 3579 2538 3631 τοῦ
2584 3577 2789 3646 ἀγαθοῦ
2837 3579 3029 3646 φύσις,
3077 3581 3109 3650 ἢ
3149 3581 3284 3632 εἴτι
3321 3582 3414 3633 καὶ
3458 3583 3596 3653 ὐπέρ
3621 3584 3828 3640 τούτου

2236 3665 2460 3720 δυνατόν
2502 3669 2648 3721 ἐστιν
2682 3668 2925 3740 ἐξευρεῖν
2955 3671 3104 3741 ῥῆμα
3132 3667 3166 3738 ἢ
3197 3671 3393 3742 νόημα,
3424 3668 3575 3736 οὗτος
3599 3675 3626 3726 ό
3653 3691 3829 3745 μονο-

2237 3759 2400 3828 γενής
2439 3761 2553 3812 ἐστι
2583 3760 2749 3823 Θεὸς,
2782 3761 2840 3823 ὃς
2871 3761 2937 3815 δι’
2986 3763 3131 3830 ἡμᾶς
3175 3762 3518 3832 ἐπτώχευσεν
3559 3765 3827 3830 πλούσιος

2238 3849 2335 3903 ὥν.
2370 3846 2443 3905 Οὗ
2486 3851 2586 3923 τὴν
2623 3855 2680 3906 ἐν
2713 3855 2876 3925 σαρκὶ
2907 3856 3178 3925 πτωχείαν
3213 3855 3310 3926 τὴν
3337 3857 3424 3910 διὰ
3453 3858 3551 3928 τῆς
3583 3860 3812 3925 εὐαγγεο

2237 3943 2395 4015 λικῆς
2432 3946 2672 4017 ἱστορίας
2710 3948 2840 4016 ἡμῖν
2892 3947 3285 4017 ἐπιδειχθείσαν
3328 3948 3557 4001 ἐνταῦθα
3595 3966 3785 4020 προμη

2238 4035 2353 4088 νύει
2385 4038 2414 4089 ό
2457 4037 2645 4106 λόγος,
2705 4037 3027 4109 μακαρίζων
3064 4040 3154 4092 τὸν
3215 4038 3351 4109 μετὰ
3402 4039 3663 4102 συνέσεως
3713 4041 3822 4111 τὴν

2239 4127 2510 4199 πτωχείαν
2543 4130 2757 4200 ἐκείνην
2780 4130 3146 4202 γνωρίσαντα.
3183 4133 3279 4194 Ὃς
3300 4132 3512 4202 πτωχὸς
3542 4132 3640 4203 μὲν
3669 4133 3832 4187 κατὰ

2237 4219 2335 4292 τὴν
2367 4220 2461 4273 τοῦ
2492 4220 2678 4275 δούλου
2727 4223 2938 4294 μορφὴν
2959 4263 2974 4283 ,
3009 4222 3298 4294 εὐλογητὸς
3330 4224 3384 4276 δὲ
3415 4224 3552 4276 κατὰ
3585 4226 3683 4294 τὴν
3711 4227 3826 4294 τῆς

2239 4311 2487 4382 θεότητος
2539 4311 2718 4383 φύσιν.
2768 4315 2981 4385 Πένητα
3013 4316 3121 4386 γὰρ
3161 4315 3323 4369 αὐτὸν
3361 4316 3455 4369 καὶ
3496 4317 3708 4386 πτωχὸν
3755 4319 3826 4371 ἓν

2239 4403 2544 4474 προοιμίοις
2585 4406 2683 4476 τῆς
2715 4405 3027 4477 ψαλμῳδίας
3055 4407 3326 4477 ὀνομάσας
3353 4411 3380 4461 ό
3407 4407 3559 4477 λόγος
3576 4448 3590 4471 ,
3621 4409 3714 4460 ἐπὶ
3737 4409 3824 4478 τῷ

562 4503 672 4555 line
702 4499 963 4554 sectionis
984 4499 1201 4553 additur
1229 4517 1243 4554 :
1275 4517 1293 4550 ι
1320 4497 1652 4555 Benedictus
1687 4500 1948 4556 Dominus
1983 4499 2127 4555 Deus

2239 4495 2382 4548 τέλει
2406 4497 2500 4549 τοῦ
2517 4498 2800 4567 τμήματός
2823 4515 3007 4570 φησιν·
3034 4519 3052 4549 ι
3085 4498 3382 4569 Εὐλογητὸς
3405 4499 3606 4571 Κύριος
3631 4501 3658 4552 ὁ
3678 4500 3824 4564 Θεὸς

566 4591 732 4646 Israel
762 4605 792 4645 a
831 4592 1030 4645 saeculo
1063 4590 1118 4643 in
1144 4590 1426 4656 saeculum,
1461 4589 1569 4658 (lat,
1593 4589 1704 4645 ﬂat.
1728 4609 1748 4642 ι
1776 4590 1876 4658 Qui
1901 4591 2059 4662 igitur
2081 4592 2136 4646 in

565 4685 708 4738 hanc
745 4681 1085 4737 altitudinem
1117 4683 1311 4746 evasit,
1340 4683 1431 4737 ille
1481 4683 1708 4738 alteram
1752 4684 2134 4740 ascensionem

564 4776 777 4845 incipit.
823 4773 957 4828 Nam
1002 4775 1196 4829 relicto
1225 4783 1380 4844 patre
1405 4773 1566 4839 Core,
1615 4775 1710 4846 qui
1750 4791 1847 4845 per
1870 4790 2137 4847 arrogan-

562 4867 698 4921 tiam
721 4865 1086 4921 sacerdotium
1124 4866 1226 4920 sibi
1261 4867 1570 4936 usurpavit,
1605 4874 1658 4921 et
1695 4867 1767 4921 ob
1798 4866 1852 4922 id
1888 4867 2013 4938 igne
2041 4883 2140 4922 ex-

564 4966 744 5023 ustus,
776 4965 830 5013 et
860 4957 928 5010 ab
949 4957 1097 5010 hiatu
1132 4957 1445 5030 absorptus,
1467 4965 1521 5012 et
1548 4958 1652 5012 sub
1675 4966 1888 5034 terram.
1906 4966 2126 5029 propter

561 5049 770 5102 scelera
793 5047 1009 5102 abditus
1030 5055 1114 5102 est
1141 5049 1210 5112 ⁷⁸,
1229 5063 1358 5102 vero
1377 5057 1431 5102 et
1451 5049 1692 5118 legitimo
1710 5047 1855 5103 Patri
1878 5065 1938 5106 se
1958 5065 2051 5118 per
2072 5048 2134 5102 [ἰν

560 5137 686 5193 dem
715 5138 1084 5208 adaptandum
1109 5139 1422 5203 committit,
1467 5154 1575 5194 non
1627 5140 1874 5211 ignarus,
1929 5151 2134 5212 quanto

563 5231 882 5286 discrimine
933 5229 1135 5285 distent
1168 5229 1263 5284 Dei
1299 5224 1500 5285 ‘ﬁlium
1551 5229 1686 5297 ﬁeri,
1744 5243 1799 5287 et
1836 5231 2004 5287 ﬁlium
2042 5232 2136 5289 de-

567 5324 795 5379 sertoris
817 5323 958 5378 Core
983 5322 1278 5377 nominari.
1303 5321 1548 5394 Adeptus
1600 5340 1732 5396 ergo
1761 5325 1920 5380 finem
1967 5326 2137 5380 victo-

565 5417 680 5480 riae,
732 5416 1002 5487 simulque
1052 5409 1364 5487 intelligens
1410 5423 1614 5487 quanta
1679 5419 1753 5473 sit
1796 5418 1940 5472 inter
1989 5417 2137 5472 hunc

566 5517 619 5564 et
639 5509 839 5564 malum
880 5507 1029 5563 illum
1083 5513 1293 5579 patrem
1329 5508 1656 5574 differentia,
1703 5515 2138 5581 consumptaque

569 5602 624 5655 in
659 5618 718 5657 se
744 5610 798 5656 et
835 5601 1097 5656 devorato
1128 5613 1192 5654 eo
1225 5598 1370 5669 quod
1401 5595 1575 5655 ferum
1604 5599 1758 5656 estet
1783 5607 2134 5662 venenatum.

569 5703 721 5746 more
753 5701 1061 5755 cervorum,
1099 5690 1304 5760 auibus
1326 5691 1539 5760 reptilia
1571 5701 1894 5749 consumere
1926 5692 2011 5750 vis
2054 5695 2140 5749 in-

2236 4583 2331 4639 τοῦ
2383 4586 2598 4659 Ἰσραὴλ
2628 4588 2734 4640 ἀπὸ
2755 4588 2846 4641 τοῦ
2873 4588 3070 4652 αἰῶνος
3126 4589 3220 4641 καὶ
3252 4591 3330 4652 εἰς
3356 4590 3444 4641 τὸν
3471 4589 3665 4648 αἰῶνα,
3708 4588 3812 4656 γέ-

2237 4689 2400 4744 νοιτο,
2429 4680 2652 4748 γένοιτο.
2695 4702 2712 4732 ι
2753 4676 2811 4734 Ὀ
2843 4683 3020 4735 τοίνυν
3042 4683 3132 4738 ἐπὶ
3155 4683 3312 4735 τοῦτο
3339 4681 3549 4751 φθάσας
3569 4683 3630 4736 τὸ
3655 4681 3816 4750 ὕψος,

2239 4771 2432 4842 ἐτέρας
2458 4767 2775 4836 ἀναϐάσεως
2805 4775 3053 4844 ἄρχεται.
3086 4774 3414 4828 Καταλιπὼν
3440 4775 3548 4847 γὰρ
3584 4775 3673 4828 τὸν
3703 4792 3821 4828 πα-

2237 4863 2370 4932 τέρα
2393 4863 2483 4916 τὸν
2519 4865 2696 4934 Κορὲ,
2743 4866 2835 4917 τὸν
2869 4865 2934 4918 δι’
2981 4865 3392 4937 ὐπερηφανείας
3429 4866 3822 4920 ἐπαναστάντα

2239 4955 2306 5023 τῇ
2338 4953 2624 5024 ἱερωσύνη,
2657 4955 2748 5008 καὶ
2777 4954 2864 5008 διὰ
2886 4955 3045 5008 τοῦτο
3071 4957 3525 5027 καταπρησθέντα
3548 4957 3626 5026 τῷ
3654 4961 3820 5028 πυρὶ,

2241 5045 2335 5096 καὶ
2384 5046 2802 5115 καταχωσθέντα
2850 5047 2929 5116 τῷ
2975 5050 3251 5119 χάσματι,
3296 5051 3389 5104 καὶ
3437 5051 3692 5119 ὑπόγειον
3757 5052 3822 5116 ἐξ

2243 5137 2517 5208 ἁμαρτίας
2543 5141 2834 5211 γενόμενον
2853 5181 2869 5205 ,
2904 5141 2982 5212 τῷ
3017 5142 3256 5213 ἀληθινῷ
3285 5143 3456 5214 Πατρὶ
3487 5144 3673 5195 ἑαυτὸν
3700 5145 3821 5196 εἰσ-

2244 5231 2388 5281 ποιεῖ
2413 5229 2501 5283 διὰ
2545 5234 2642 5303 τῆς
2670 5234 2923 5298 πίστεως.
2949 5237 3133 5298 Συνεὶς
3162 5237 3285 5290 ὅσον
3315 5236 3430 5289 ἐστὶ
3468 5236 3530 5289 τὸ
3558 5235 3822 5309 διάφορον

2243 5319 2377 5372 Θεοῦ
2427 5322 2615 5375 τέκνον
2664 5323 2950 5392 γενέσθαι,
2979 5325 3011 5396 ἢ
3047 5325 3137 5379 τοῦ
3172 5327 3478 5381 ἀποστάτου
3511 5328 3654 5398 Κορὲ
3699 5330 3822 5382 υἱὸν

2239 5414 2617 5483 χρηματίζειν.
2663 5416 2854 5486 Τυχὼν
2899 5419 3077 5472 τοίνυν
3127 5419 3221 5474 τοῦ
3265 5418 3450 5484 τέλους
3491 5422 3588 5491 τῆς
3623 5422 3818 5491 νίκης.

2239 5508 2333 5561 καὶ
2373 5510 2532 5577 γνοὺς
2559 5509 2683 5562 ὅσον
2713 5511 2829 5564 ἐστὶ
2861 5511 3066 5581 μεταξύ
3099 5512 3290 5566 τούτου
3322 5514 3416 5567 καὶ
3451 5513 3546 5567 τοῦ
3573 5516 3819 5584 πονηροῦ

2239 5602 2446 5673 πατρὸς
2481 5602 2542 5654 τὸ
2585 5603 2873 5672 διάφορον,
2907 5604 3184 5674 διαφαγὼν
3232 5623 3291 5658 τε
3339 5607 3429 5660 καὶ
3469 5606 3818 5674 ἐξαναλώσας

2240 5693 2298 5747 ἐν
2329 5687 2502 5760 ἑαυτῷ
2542 5696 2648 5748 πᾶν
2679 5693 2942 5768 θηριῶδες
2975 5696 3069 5750 καὶ
3110 5695 3312 5751 ιοθόλον
3343 5696 3520 5751 νόηιια
3552 5694 3693 5751 κατὰ
3715 5694 3820 5766 τὴν

637 5887 685 5921 ’³
712 5887 855 5945 Psal.
895 5863 968 5958 ἶι,
1003 5892 1054 5946 1.
1130 5891 1178 5925 ⁷⁸
1206 5889 1354 5949 Psal.
1392 5907 1450 5959 ι,
1483 5890 1538 5946 2.
1615 5892 1661 5927 ⁷⁵
1694 5891 1841 5949 Psal.
1868 5908 1943 5959 xi,
1974 5892 2026 5947 2.
2108 5895 2134 5926 "‘

2237 5909 2345 5950 um.
2374 5909 2486 5964 xvi,
2517 5895 2582 5949 l7
2609 5911 2731 5967 sqq.
