3986 6454
174 346 285 401 ⁷555

1576 340 1640 397 IN
1678 340 2013 396 PSALMOS.

3308 347 3414 401 551-

185 460 288 513 τῶν
331 456 547 525 ἐλάφων
591 456 788 527 φύσιν,
839 452 920 522 οἷς
960 457 1292 528 ἀφανιστικὴ
1346 456 1454 512 τῶν
1505 456 1746 529 ἑρπετῶν

1850 464 1975 509 nata
2004 456 2171 526 viget,
2207 457 2452 514 imitatur
2492 459 2586 516 siti
2610 474 2829 530 quoqu
2868 473 3111 522 cervum,
3151 470 3206 517 et
3230 462 3302 521 ad
3326 462 3397 517 di-

189 550 536 607 συνουσίωται
589 549 845 619 δύναμις,
912 553 1159 623 μιμεῖται
1212 551 1309 603 καὶ
1353 548 1431 619 τῷ
1480 548 1622 617 δίψει
1656 548 1746 602 τὸν

186 639 395 708 ἔλαφον,
427 638 523 691 καὶ
559 637 697 708 πρὸς
735 638 833 702 τὰς
873 639 1021 704 Θείας
1052 637 1258 708 πηγάς,
1286 637 1427 708 αὕτη
1465 637 1509 691 δ’
1548 637 1625 691 ,ἂν
1659 637 1744 707 εἴη

185 730 299 782 θεία
326 728 526 797 φύσις,
573 730 871 800 διψητικῶς
921 731 1032 801 ἔχει
1055 771 1073 795 ,
1096 732 1130 801 ἡ
1167 731 1267 800 μία
1293 747 1354 783 τε
1385 724 1518 783 οὖσα
1564 729 1657 782 καὶ
1688 729 1746 780 ὲν

183 821 355 893 τριάδι
408 819 773 890 θεωρουμένη.
836 840 857 871 ι
899 822 995 873 Ὃν
1048 821 1249 892 τρόπον
1285 840 1309 873 ι
1355 820 1501 891 γὰρ,
1558 820 1744 891 φησὶν,

190 931 206 961 ι
247 910 497 963 ἐπιποθεῖ
531 913 560 964 6
612 911 807 981 ἔλαφος
846 912 941 964 ἐπὶ
995 912 1094 976 τὰς
1143 912 1324 984 πηγὰς
1374 913 1484 967 τῶν
1517 912 1743 976 ὑδάτων,

182 1000 350 1064 οὕτως
379 1001 629 1054 ἐπιποθεῖ
654 1004 687 1071 ἡ
714 1002 861 1074 ψυχή
898 1020 1001 1073 μου
1032 1003 1169 1074 πρὸς
1208 1004 1289 1069 σὲ,
1316 1004 1345 1056 6
1381 1002 1530 1067 Θεός.
1564 1023 1582 1054 ι
1614 1002 1746 1058 Εἶτα

186 1094 581 1165 παραμυθεῖται
620 1096 719 1166 τὴν
745 1096 904 1165 δίψαν
947 1096 1308 1167 συνεχομένην
1332 1099 1400 1168 τῇ
1448 1096 1743 1168 ἐπιθυμίᾳ,

182 1187 270 1237 καὶ
318 1184 622 1239 σπεύδουσα
663 1186 755 1238 τοῦ
804 1186 1140 1259 ποθουμένου
1177 1192 1389 1258 τυχεῖν,
1427 1191 1520 1243 καὶ
1546 1190 1647 1259 τὴν
1684 1191 1743 1243 ὲν

180 1275 347 1345 ὀλίγῳ
369 1275 472 1344 τῆς
511 1275 622 1328 τῶν
653 1276 881 1343 ἀγαθῶν
906 1279 1191 1347 μετουσίας
1234 1278 1497 1350 ἀναϐολὴν
1525 1280 1584 1332 ὲν
1607 1297 1746 1349 συμ-

182 1369 325 1437 φορᾷ
364 1366 663 1436 ποιουμένη
708 1366 855 1436 λέγει
902 1368 1045 1423 κατὰ
1089 1384 1149 1423 τε
1195 1368 1256 1423 τὸ
1292 1370 1473 1442 μέσον,
1519 1371 1613 1424 καὶ
1653 1370 1746 1423 ἐπὶ

179 1457 319 1508 τέλει
369 1459 469 1526 τῆς
514 1456 863 1527 ψαλμῳδίαςο
914 1477 932 1511 ι
982 1459 1098 1512 Ἵνα
1144 1459 1198 1511 τί
1251 1460 1548 1530 περίλυπος
1584 1456 1656 1524 εί,
1707 1462 1741 1531 ἡ

178 1548 322 1619 ψυχή
361 1565 494 1619 μου;
532 1567 550 1600 ι
604 1551 731 1613 καὶ,
764 1569 783 1602 ι
824 1549 1082 1605 Ἔλπισον
1135 1551 1228 1604 ἐπὶ
1270 1551 1363 1607 τὸν
1412 1552 1576 1605 Θεόν·
1613 1572 1632 1605 ι
1670 1552 1745 1617 ὡς

180 1640 393 1708 ἀληθῶς
440 1642 570 1711 ἡμῖν
614 1642 721 1713 τὴν
744 1642 954 1713 ἀγαθὴν
994 1643 1294 1698 ἀπόλαυσιν
1336 1645 1435 1713 τῆς
1471 1643 1620 1707 θείας
1657 1646 1746 1699 ὲλ-

180 1732 333 1795 πίδος
362 1733 735 1803 ἐγγυωμένης.
768 1736 879 1788 Καὶ
902 1734 1073 1799 οὕτως
1111 1736 1203 1788 ἐπὶ
1227 1736 1288 1789 τὸ
1324 1736 1449 1807 ἑξῆς
1475 1737 1741 1807 πρόεισιν,

1847 548 2008 602 vinos
2039 546 2239 609 fontes,
2277 563 2421 618 quos
2453 550 2704 618 equidem
2748 550 2923 620 ipsam
2963 552 3203 607 divinam
3246 563 3409 609 natu-

1846 649 1963 688 ram
1989 650 2115 690 esse
2155 636 2416 702 arbitror,
2450 637 2532 693 sic
2562 648 2799 694 aestuans
2831 639 3021 703 fertur,
3056 658 3176 711 quae
3214 653 3409 705 natura

1847 740 1961 779 una
1984 726 2200 796 quidem
2218 743 2446 783 numero
2465 738 2569 793 est,
2595 738 2650 784 et
2682 738 2859 787 tamen
2900 732 2953 787 in
2976 731 3242 789 Trinitate
3276 738 3410 791 stib-

1846 818 2016 872 sistit.
2077 818 2172 872 Ait
2200 819 2346 874 enim
2380 838 2396 873 :
2428 820 2934 888 «Quemadmodum
2968 824 3244 885 desiderat.
3287 842 3409 885 cer-

1846 923 1947 963 vus
1977 909 2042 963 ad
2072 908 2251 965 fontes
2280 925 2565 981 aquarum,
2600 913 2676 967 ita
2730 911 3009 969 desiderat
3057 917 3239 971 anima
3290 933 3409 971 mea

1846 996 1913 1051 ad
1937 1006 2010 1062 te,
2034 997 2179 1053 Deus
2202 1000 2268 1052 7".
2302 1019 2320 1053 ι
2354 999 2560 1057 Deinde
2591 1003 2797 1057 solatur
2828 1003 2977 1059 sitim
2998 1006 3282 1075 cupiditati
3315 1024 3411 1065 ce-

1844 1086 2107 1156 pulatam,
2170 1086 2547 1160 festinansque
2611 1091 2667 1145 id
2715 1094 2859 1161 quod
2906 1093 3252 1152 desiderabat
3284 1113 3410 1153 cen-

1846 1176 2021 1246 sequi,
2080 1184 2138 1231 et
2164 1178 2249 1232 vel
2296 1180 2546 1250 exiguam
2594 1181 2934 1248 dilationem,
2977 1201 3098 1255 quae
3138 1186 3407 1244 bonorum

1844 1267 2069 1325 illorum.
2098 1272 2543 1327 communionem
2582 1282 2848 1337 moratur,
2884 1277 2938 1331 in
2974 1277 3173 1333 damno
3198 1294 3405 1348 ponens

1843 1358 1921 1413 ait
1970 1360 2118 1416 circa
2165 1363 2427 1430 medium,
2482 1372 2539 1419 et
2564 1365 2690 1421 sub
2716 1367 2876 1421 ﬁnem
2916 1369 3109 1438 psalmi
3141 1389 3155 1425 :
3183 1390 3201 1422 ι
3227 1371 3407 1437 Quare

1842 1450 2019 1507 tristis
2053 1468 2136 1519 es,
2162 1454 2341 1508 anima
2372 1470 2491 1510 mea
2510 1456 2535 1508 ‘I
2563 1473 2582 1507 ι
2618 1455 2684 1509 Ει
2718 1476 2732 1510 :
2768 1474 2789 1508 ι
2816 1456 2985 1527 Spera
3004 1459 3059 1514 in
3090 1459 3219 1523 Deo,
3249 1470 3407 1517 itan-

1843 1557 2007 1611 quam
2051 1546 2303 1601 videlicet
2350 1561 2493 1602 verae
2530 1548 2732 1617 quietis
2767 1548 3011 1604 fructum.
3061 1551 3242 1607 divina
3281 1571 3405 1624 spes

1842 1633 2004 1689 nobis
2036 1635 2378 1703 polliceatur.
2412 1634 2614 1706 Sicque
2643 1638 2709 1692 ad
2737 1639 2789 1692 id
2821 1639 2969 1709 quod
3003 1642 3253 1711 sequitur
3274 1658 3404 1713 pro-

1843 1725 1986 1779 cedit
2012 1726 2080 1789 ",
2113 1726 2204 1781 ubi
2236 1742 2332 1795 per
2362 1727 2604 1782 divinum
2634 1729 2807 1783 altare
2835 1730 3014 1787 denuo
3044 1732 3264 1801 juvenis
3295 1738 3407 1790 elli-

179 1826 229 1875 ἐν
338 1824 427 1876 διὰ
470 1824 565 1876 τοῦ
611 1823 756 1877 θείου
801 1824 1185 1897 θυσιαστηρίου
1236 1827 1442 1896 γίνεται
1470 1828 1616 1893 νέος⁸
1649 1829 1744 1882 καὶ

1847 1816 2009 1879 citur,
2045 1824 2099 1871 et
2127 1818 2182 1870 in
2210 1826 2471 1888 sequente
2497 1835 2689 1875 rursus
2725 1821 2845 1879 illos
2878 1824 2972 1891 qui
3007 1840 3180 1893 genus
3207 1841 3238 1881 a
3268 1826 3409 1883 Core

178 1914 317 1967 κατά
342 1914 403 1967 τὸ
433 1912 558 1985 ἑξῆς
603 1915 763 1969 πάλιν
792 1918 917 1979 τοὺς
948 1919 1013 1971 ὲκ
1041 1918 1136 1971 τοῦ
1164 1920 1309 1990 Κορὲ
1334 1920 1394 1973 τὸ
1427 1920 1581 1989 γένος
1609 1937 1742 1974 κατ-

177 2007 438 2073 άγοντας,
498 2007 721 2077 νικητὰς
768 2009 1172 2079 ἀπεργάζεται·
1243 2010 1458 2074 δεικνὺς
1509 2013 1595 2065 ὅτι
1643 2012 1744 2067 οὐκ

177 2097 443 2167 ἀμϐλύνει
487 2101 555 2168 τῇ
591 2098 875 2171 δυσγενείᾳ
910 2100 1018 2154 τῶν
1070 2102 1352 2172 πατέρων,
1385 2104 1419 2173 ἡ
1464 2101 1616 2173 παρά
1664 2101 1745 2173 τῷ

174 2189 291 2260 8εῷ
324 2191 693 2262 εύδοκίμησις.
735 2193 844 2244 Καὶ
874 2193 931 2244 ὲν
964 2194 1029 2263 τῇ
1073 2192 1358 2264 ψαλμῳδίᾳ
1382 2193 1439 2245 δὲ
1468 2192 1638 2264 ταύτῃ
1666 2192 1745 2264 τῷ

175 2279 290 2350 Θεῷ
311 2280 411 2351 τῆς
425 2281 531 2333 τῶν
554 2280 763 2352 ἐχθρῶν
788 2282 1160 2353 καθαιρέσεως
1178 2284 1395 2347 ἀναθεὶς
1419 2283 1517 2354 τὴν
1542 2285 1743 2351 αἰτίαν,

174 2370 231 2420 ἑν
266 2362 355 2430 οἷς
382 2384 563 2437 φησιν·
601 2388 627 2421 ιη
653 2369 901 2433 Ἐσωσας
921 2372 1030 2440 γὰρ
1053 2371 1198 2441 ἡμᾶς
1226 2372 1289 2424 ὲκ
1315 2371 1423 2424 τῶν
1458 2370 1745 2425 θλιϐόντων

174 2459 344 2527 ἡμᾶς,
368 2457 607 2521 καὶτοὺς
632 2458 919 2527 μισοῦντας
942 2460 1085 2529 ἡμᾶς
1112 2460 1479 2531 κατῄσχυναςσ
1508 2480 1527 2513 ι
1552 2461 1745 2532 μετέρ-

174 2566 328 2619 χεται
350 2551 427 2613 είς
457 2548 554 2619 τὴν
580 2548 674 2602 τοῦ
702 2549 984 2618 ἀγαπητοῦ
1003 2550 1163 2622 ᾠδήν,
1194 2553 1286 2604 Ἵν’
1316 2553 1365 2604 σί
1392 2552 1650 2624 πρότερον
1679 2555 1745 2606 ἐκ

173 2641 264 2695 τοῦ
293 2642 607 2696 ἀποστάζον
639 2642 951 2713 γενόμενοι,
988 2638 1108 2697 εἶτα
1134 2645 1351 2714 νικηταὶ
1383 2644 1480 2698 τοῦ
1503 2645 1745 2716 πονηροῦ

174 2732 565 2796 καταστάντες,
587 2732 673 2787 διά
705 2733 969 2797 συνέσεως
1000 2736 1078 2797 είς
1106 2736 1167 2788 τὸ
1192 2737 1291 2806 τῆς
1313 2736 1468 2806 νίκης
1498 2736 1743 2805 φθάσωσι

174 2824 350 2885 τέλος.
383 2842 401 2875 ι
426 2823 519 2887 Εἰς
537 2824 599 2878 τὸ
615 2825 766 2889 τέλος
799 2844 818 2879 ι
838 2827 946 2898 γὰρ
964 2845 983 2879 ι
1006 2827 1085 2890 είς
1116 2826 1325 2882 σύνεσιν
1340 2824 1451 2896 ᾠδὴ
1481 2826 1619 2897 ὑπὲρ
1648 2825 1743 2878 τοῦ

173 2914 490 2985 ἀγαπητοῦ.
523 2932 542 2966 ι
580 2909 719 2987 Ἐνῇ
755 2914 848 2966 καὶ
879 2915 1256 2985 διδασκόμεθα,
1278 2917 1363 2979 τίς
1393 2918 1490 2987 μέν
1519 2918 1664 2973 ἐστιν
1683 2909 1744 2971 οὗ

174 3006 200 3055 6
230 3004 425 3075 θρόνος
447 3003 505 3069 ἐξ
541 3004 709 3056 ἀϊδίου
737 3005 1016 3057 ἐπιστατεῖ
1050 3004 1158 3058 τῶν
1191 3005 1379 3060 ὄντων.
1407 3006 1502 3070 Τίς
1524 3007 1580 3060 δὲ
1606 3024 1746 3077 παρ-

173 3096 332 3159 θένος
354 3112 413 3148 νυ
419 3096 795 3165 μφοστολεῖται
806 3096 954 3167 αὑτῷ
967 3097 1101 3167 πρὸς
1120 3096 1441 3167 συμϐίωσιν,
1461 3098 1561 3152 οὐκ
1573 3097 1745 3162 ἄλλως

173 3187 472 3258 ἀξιουμένη
496 3187 593 3258 τῆς
616 3188 778 3258 τιμῆς
803 3187 1027 3261 ταύτης,
1058 3190 1107 3242 εί
1134 3188 1208 3261 μὴ
1232 3189 1325 3243 τοῦ
1348 3190 1551 3260 πατρὸς
1576 3190 1744 3258 αὐτῆς

174 3280 358 3352 λήθην
408 3278 587 3334 λάϐοι.
624 3280 735 3334 Καὶ
763 3279 971 3350 ταύτην
1006 3280 1222 3344 ἀναθεὶς
1249 3280 1327 3352 τῷ
1361 3281 1625 3352 ἀγαπητῷ
1648 3281 1746 3352 τὴν

171 3372 342 3442 ᾠδὴν,
370 3368 529 3423 πάλιν
567 3367 830 3424 ἐπινίκιον
859 3370 999 3440 ὑπὲρ
1020 3371 1128 3423 τῶν
1166 3371 1295 3425 υίῶν
1314 3371 1458 3443 Κορὲ
1475 3370 1741 3437 διέξεισιν,

168 3463 258 3515 διά
279 3461 397 3514 τῶν
440 3462 890 3532 ἀποῤῥητοτέρων
909 3459 1162 3530 προάγων
1174 3458 1270 3512 τὺν
1284 3458 1459 3529 λόγον.
1483 3479 1503 3512 ‹
1534 3460 1704 3532 Ὑπὲρ
1723 3483 1742 3517 ι

172 3554 283 3623 γὰρ
318 3571 341 3604 ι
382 3550 491 3604 τῶν
514 3552 758 3623 κρυφίων
797 3571 814 3604 ι
850 3551 1055 3621 ἐστίνή
1097 3551 1194 3622 τῆς
1219 3550 1538 3622 ψαλμῳδίας
1576 3554 1747 3621 ἑπαγ-

174 3645 360 3712 γελία.
409 3644 498 3699 Ἐν
543 3638 623 3706 οἷς
663 3662 681 3694 ι
717 3639 849 3713 ἦχον
889 3642 1125 3705 ὑδάτων,
1160 3643 1252 3697 καὶ
1295 3645 1504 3716 κίνησιν
1545 3645 1743 3709 ἐθνῶν,

172 3736 269 3791 καὶ
318 3735 587 3806 βασιλέων
628 3735 847 3805 κλῆσιν,
894 3734 990 3785 καὶ
1038 3732 1196 3787 σάλον
1241 3734 1344 3803 γῆς
1376 3754 1395 3787 ι
1427 3730 1747 3804 διελθὼντῷ

171 3825 345 3898 λόγῳ,
375 3826 469 3879 καὶ
488 3844 507 3876 ι
533 3824 625 3879 τὸν
643 3822 848 3895 Κύριον
873 3823 1053 3893 πάσης
1085 3822 1362 3894 δυνάμεως
1387 3820 1504 3892 μεθ’
1532 3821 1688 3892 ήμῶν
1721 3841 1742 3875 ι

171 3915 321 3972 εἶναι
355 3914 546 3969 εἰπών.

239 4010 323 4063 Δι’
362 4000 439 4060 ὧν
468 4005 720 4059 ἁπάντων
750 4004 847 4075 τὴν
888 4004 975 4057 διὰ
1005 4008 1205 4076 σαρκὸς
1255 4002 1615 4073 προαγορεύει
1651 4000 1747 4057 τοῦ

168 4099 392 4169 Κυρίου
436 4095 752 4165 ἐμφάνειαν.
800 4093 926 4147 Ὅτι
963 4094 1087 4165 ἠχεῖ
1140 4093 1237 4163 μὲν
1266 4093 1299 4161 ἡ
1346 4090 1540 4160 φύσις,
1584 4108 1751 4161 μετα-

166 4190 356 4244 ϐαίνει
387 4206 447 4241 τε
491 4188 584 4241 καὶ
618 4187 719 4257 ὅρη
747 4185 817 4240 τὰ
854 4186 1029 4255 γεώδη
1052 4186 1148 4255 τῆς
1180 4184 1377 4247 κακίας
1406 4185 1747 4253 φρονήματα,

163 4283 418 4351 ἀκίνητα
461 4274 600 4331 εἶναι
645 4276 903 4332 δοκοῦντα
940 4279 1049 4340 τοῖς
1086 4275 1253 4328 πάλαι
1297 4275 1391 4331 καὶ
1419 4273 1746 4344 ἀμετάθετα.

172 4373 236 4426 '0
259 4373 324 4425 δὲ
356 4372 457 4440 τῆς
480 4366 815 4440 εὐφροσύνης
847 4368 1085 4437 ποταμὸς
1146 4367 1427 4437 εὐφραίνει
1473 4365 1565 4418 τοῦ
1612 4365 1747 4418 Θεοῦ

1847 1906 2066 1962 trahunt
2105 1909 2341 1964 victores
2383 1910 2579 1974 reddit,
2632 1911 2927 1970 ostendens
2971 1930 3081 1970 non
3124 1916 3405 1973 obscurari

1845 1998 2183 2068 ignobilitate
2220 2009 2437 2069 patrum
2476 2003 2845 2059 celebritatem
2873 2014 2930 2059 et
2952 2008 3204 2075 gloriam,
3239 2026 3403 2080 quam

1845 2091 1969 2159 quis
2015 2092 2162 2161 apud
2210 2092 2377 2147 Deum
2432 2094 2661 2159 obtinet,
2722 2095 2995 2167 simulque
3040 2099 3140 2155 hoc
3196 2103 3407 2171 psaimo

1845 2192 2247 2254 peremptorum
2276 2186 2515 2243 hostium
2548 2202 2777 2242 causam
2825 2189 2935 2243 Deo
2996 2193 3277 2248 ascribens
3320 2194 3407 2248 bis

1846 2272 2025 2326 verbis
2057 2291 2069 2325 :
2105 2292 2124 2327 ι
2154 2272 2422 2330 Liberasti
2454 2277 2604 2330 enim
2632 2293 2733 2333 nos
2776 2279 2846 2337 de
2898 2280 3263 2352 diligentibus
3303 2301 3404 2339 nos

1844 2372 1898 2416 et
1920 2364 2164 2422 odientes
2212 2382 2314 2423 nos
2368 2367 2667 2423 confudisti
2685 2370 2752 2439 ⁷⁹,
2790 2391 2814 2423 ι
2857 2375 3051 2430 transit
3097 2376 3166 2430 ad
3224 2376 3403 2433 dilecti

1844 2456 2144 2519 canticum,
2190 2467 2251 2511 ut
2278 2459 2371 2529 qui
2407 2462 2561 2529 prius
2589 2461 2866 2519 desertore
2923 2473 3075 2533 putre
3131 2471 3404 2539 prognati.

1844 2544 2041 2601 deinde
2091 2548 2327 2604 victores
2380 2550 2557 2605 hostis
2596 2553 2817 2623 maligni
2871 2554 3046 2609 enecti
3100 2567 3251 2622 sunt,
3308 2576 3407 2630 per

1846 2636 2176 2693 intellectum
2207 2640 2261 2693 in
2286 2639 2448 2697 ﬁnem
2471 2643 2713 2697 victoriae
2728 2646 3063 2713 perveniant.
3090 2664 3107 2699 ι
3135 2645 3195 2705 lu
3219 2648 3405 2715 ﬁnem,

1845 2727 1913 2781 ad
1947 2729 2301 2795 intellectum,
2345 2732 2621 2788 canticum
2656 2749 2753 2803 pro
2780 2731 2983 2793 dilecto
3012 2737 3087 2805 ⁸⁰;
3115 2758 3133 2791 ι
3153 2740 3234 2794 sic
3261 2741 3405 2795 ctrina

1845 2818 2130 2890 inscriptio
2155 2822 2337 2877 habet.
2377 2824 2493 2889 Quo
2520 2825 2678 2879 docet
2707 2824 2873 2887 etiam
2898 2826 3021 2896 quis
3045 2829 3117 2885 sit
3146 2830 3403 2895 thronus.

1845 2909 1938 2977 qui
1964 2910 2031 2964 ab
2064 2918 2269 2967 aeterno
2301 2914 2468 2979 rebus
2498 2913 2771 2983 praesidet,
2812 2927 2869 2976 et
2896 2918 2964 2975 ad
2988 2933 3109 2988 quae
3149 2921 3302 2990 virgo
3337 2924 3406 2978 ad

1845 3002 2191 3056 consortium
2222 3003 2321 3073 ipsi
2351 3007 2505 3073 quasi
2540 3020 2741 3075 sponsa
2771 3017 3067 3075 quaeratur,
3111 3026 3217 3064 non
3247 3014 3406 3069 aliter

1849 3092 1951 3146 hoc
1978 3093 2184 3148 honore
2234 3094 2395 3166 digna
2425 3096 2531 3152 nisi
2572 3104 2778 3166 patrem
2823 3114 2981 3154 suum
3028 3103 3404 3170 obliviscatur,

1847 3182 2058 3252 hocque
2083 3184 2283 3240 dileclo
2330 3188 2603 3242 canticum
2661 3204 2992 3249 consecratis
3041 3204 3094 3251 et
3122 3196 3405 3262 dedicans.

1848 3289 2043 3331 rursus
2070 3276 2342 3346 epinicion
2377 3280 2532 3344 texit,
2563 3287 2617 3334 et
2641 3282 2957 3350 exsequitur
2973 3299 3071 3353 pro
3094 3285 3219 3342 ﬁliis
3243 3287 3402 3353 Core,

1846 3379 2099 3422 sermone
2132 3384 2228 3438 per
2257 3369 2597 3425 abstrusiora
2636 3371 2884 3427 instituto
2914 3393 2930 3431 :
2956 3383 3041 3431 est
3070 3378 3214 3431 enim
3249 3398 3267 3430 ι
3299 3379 3407 3435 Pro

1847 3458 2107 3513 arcanis»
2151 3460 2346 3529 psalmi
2397 3460 2561 3529 hujus
2612 3471 2991 3532 argumentum
3045 3474 3100 3521 et
3160 3484 3403 3536 summa;

1846 3549 1938 3602 ubi
1974 3567 1992 3600 ι
2022 3565 2217 3607 sonum
2249 3567 2541 3621 aquarum.
2572 3559 2628 3609 et
2653 3553 3014 3611 turbationem
3050 3558 3314 3627 gentium,
3350 3570 3405 3614 et

1846 3657 2032 3710 regum
2103 3646 2442 3701 vocationem
2488 3655 2809 3717 motumque
2862 3657 3019 3703 terra:
3057 3668 3077 3701 ι
3119 3650 3401 3714 describit,

1849 3745 1867 3777 ι
1892 3727 2293 3804 Dominumque
2309 3734 2487 3790 omnis
2510 3734 2730 3790 virtutis
2746 3732 3033 3796 nobiscum
3050 3756 3192 3809 esse,
3215 3764 3233 3795 ι
3257 3759 3408 3799 asso-

1850 3828 2019 3876 verat.

1916 3996 2125 4066 Quibus
2155 3998 2409 4053 omnibus
2461 3997 2673 4055 Domini
2698 4012 2793 4068 per
2835 4012 3055 4059 carnem
3089 3998 3408 4057 manifesta-

1848 4092 2051 4147 tionem
2100 4090 2362 4161 praadicit,
2386 4091 2603 4160 quando
2647 4100 2843 4145 natura
2887 4089 3106 4160 quidem
3153 4100 3407 4150 resonat;

1848 4192 2131 4238 transeunt
2167 4197 2297 4235 vero
2346 4192 2398 4237 et
2431 4182 2838 4237 transferuntur
2886 4188 3119 4247 montes,
3150 4181 3253 4235 hoc
3304 4189 3409 4244 est,

1848 4283 2023 4329 terrea
2071 4289 2231 4329 sensa
2269 4281 2322 4327 et
2359 4273 2613 4342 cogitata,
2641 4287 2761 4342 qua:
2789 4272 2920 4325 olim
2945 4270 3271 4324 videbantur
3305 4269 3411 4321 im-

1848 4367 2068 4421 mobilia
2095 4373 2151 4420 et
2187 4366 2305 4419 loco
2327 4364 2518 4420 cedere
2564 4365 2767 4420 nescia.
2812 4362 3036 4417 Laetitia:
3107 4371 3285 4415 autem
3318 4360 3413 4415 ﬂu-

160 4465 265 4535 τὴν
288 4462 476 4523 πόλιν,
499 4461 594 4511 καὶ
619 4459 678 4511 τὸ
704 4459 894 4512 ἑαυτοῦ
912 4459 1172 4528 σκήνωμα
1189 4458 1401 4525 ἁγιάζει
1424 4458 1452 4509 6
1470 4457 1745 4525 ’Υψιστοςο

1850 4457 1973 4511 vius
2008 4455 2244 4510 laetiﬁcat
2274 4456 2548 4511 civitatem
2587 4453 2678 4509 Dei
2709 4460 2763 4507 et
2791 4451 3201 4507 tabernaculum
3250 4467 3410 4506 suum

160 4556 261 4608 καὶ
296 4555 411 4607 ὅσα
452 4553 548 4622 τῆς
591 4551 907 4613 ἀκολουθίας
946 4550 1126 4620 ἔχεται
1163 4549 1398 4620 ταύτης,
1433 4548 1498 4600 δι’
1523 4542 1599 4601 ὦν
1640 4550 1751 4611 τοῖς

158 4645 471 4714 αἰνίγμασι
486 4642 693 4705 τούτοις
712 4641 1071 4713 προαγορεύει
1095 4643 1123 4693 6
1137 4641 1290 4709 λόγος
1308 4638 1375 4692 τά
1390 4638 1612 4710 κρύφια.
1636 4640 1750 4693 Πά-

160 4738 247 4790 λιν
291 4736 395 4805 ἐφ’
442 4734 632 4804 ἑτέραν
688 4732 1002 4804 μεταϐαίνει
1052 4732 1207 4800 νίκην
1241 4732 1474 4799 ὁλόγος,
1576 4732 1753 4786 πάντα

158 4828 461 4898 ἐπικροτεί
502 4824 569 4877 τά
614 4824 738 4896 ἔθνη
781 4826 871 4877 καὶ
926 4824 1315 4891 ὲπαγάλλεται,
1346 4823 1477 4876 διότι
1517 4841 1537 4874 ι
1580 4822 1751 4892 ἀνέϐη

157 4921 185 4971 6
215 4919 368 4980 Θεὸς
402 4919 459 4968 ἐν
486 4915 804 4985 ἀλαλαγμῷ.
842 4934 860 4967 ι
894 4914 1075 4983 Σαφὴς
1100 4914 1156 4966 δέ
1194 4931 1274 4967 σοι
1302 4914 1517 4976 πάντως
1543 4914 1688 4966 ἐστὶν
1723 4914 1753 4966 6

164 5014 260 5081 τῆς
312 5009 644 5071 ἀναϐάσεως
685 5008 871 5076 λόγος,
911 5006 999 5058 διὰ
1029 5006 1125 5075 τῆς
1162 5006 1453 5075 ἑρμηνείας
1485 5005 1575 5058 τοῦ
1605 5005 1753 5058 Παύ-

154 5104 279 5167 λου,
338 5103 407 5164 ὃς
459 5116 643 5170 φησιν,
678 5118 697 5150 ι
736 5099 809 5169 μὴ
848 5093 984 5151 εἶναι
1018 5098 1236 5151 δυνατὴν
1267 5099 1552 5167 ἀναϐῆναι,
1584 5100 1632 5150 εἰ
1676 5096 1751 5167 μὴ

153 5195 218 5248 τὸ
264 5190 592 5259 καταϐῆναι
631 5186 1104 5257 προκαθηγήσατο.
1154 5207 1177 5239 ι
1224 5189 1317 5246 Ὃς
1364 5188 1581 5256 ψάλλειν
1615 5190 1754 5257 μετὰ

154 5286 457 5343 συνέσεως
496 5282 703 5341 πάντας
748 5279 1107 5345 ὲγκελεύσας,
1152 5278 1460 5348 μεταϐαίνει
1504 5277 1583 5348 τῷ
1610 5278 1754 5348 λόγῳ

154 5376 306 5447 πρὺς
354 5371 697 5441 ὑψηλοτέραν
738 5370 1103 5436 κατάστασιν,
1148 5388 1166 5420 ι
1212 5370 1309 5441 τὴν
1356 5369 1610 5438 δευτέραν
1656 5367 1750 5421 τοῦ

151 5469 461 5522 Σαϐϐἀτου
498 5484 516 5516 ι
547 5463 799 5516 ὑπόθεσιν
828 5462 927 5533 τῆς
954 5464 1094 5534 ᾠδῆς
1120 5463 1505 5534 ποιησάμενος.
1525 5460 1673 5531 Αὕτη
1694 5459 1752 5512 δὲ

149 5566 203 5617 εί
243 5561 361 5634 μὲν
406 5556 546 5611 κατὰ
573 5556 671 5627 τὴν
700 5554 920 5627 πρώτην
944 5557 1199 5612 σύστασιν
1224 5556 1499 5628 θεωροῖτο,
1523 5550 1750 5623 οὐρανοῦ

268 5678 321 5709 ⁷⁷
354 5672 507 5728 Psal.
543 5686 652 5732 xu,
678 5669 734 5723 2.
841 5672 885 5702 ⁷³
903 5670 1046 5726 Psal.
1074 5688 1205 5739 XLII,
1229 5671 1282 5738 ‘2,
1312 5671 1366 5732 5.
1422 5670 1473 5724 6.

147 5752 200 5786 ει
238 5745 413 5803 Psal.
454 5756 622 5804 XLVII,
658 5741 707 5794 1.

515 5837 785 5896 Parnm.
818 5836 931 5896 Gn.
974 5834 1186 5894 XLIV.

1580 5669 1624 5698 τ’
1651 5666 1797 5720 Psal.
1835 5679 1987 5726 XLIII,
2032 5661 2065 5716 8
2096 5676 2217 5732 sqq.

1848 4549 2149 4603 sanctiﬁcat
2174 4548 2504 4611 Altissimus,
2537 4554 2591 4600 et
2613 4544 2717 4599 alia
2744 4559 2865 4614 quae
2910 4542 2979 4596 ad
3020 4543 3264 4601 eamdem
3297 4557 3410 4595 ora-

1845 4638 2011 4693 tionis
2040 4638 2232 4693 seriem
2273 4637 2563 4707 pertinent.
2593 4634 2789 4704 quibus
2842 4641 3101 4702 tanquam
3158 4631 3387 4701 :enigma

1847 4733 1939 4796 tis,
1994 4738 2047 4785 et
2102 4729 2398 4785 involucris
2447 4742 2726 4782 nonnums
2776 4723 3145 4794 praedicuntur
3190 4737 3411 4776 arcana.

1850 4822 2059 4877 Rursus
2080 4820 2152 4874 ad
2173 4820 2331 4873 aliam
2349 4818 2630 4874 victoriam
2650 4833 2772 4873 sese
2802 4814 3036 4876 confert,
3065 4814 3155 4869 cui
3186 4816 3414 4884 applau-

1853 4914 1987 4968 dnnt
2009 4926 2198 4966 omnes
2219 4918 2425 4980 gentes,
2457 4917 2510 4964 et
2531 4910 2693 4965 simul
2719 4910 3014 4965 exsultant.
3032 4911 3159 4980 quia
3187 4927 3204 4959 ι
3228 4923 3416 4962 οεοειι-

1856 5007 1937 5061 dit
1971 5004 2110 5058 Deus
2160 5003 2213 5056 in
2250 5001 2589 5071 iubilatione.
2640 5019 2658 5051 ι
2717 5000 2883 5055 Plana
2914 5016 3078 5071 porro
3109 5002 3208 5056 tibi
3257 5000 3419 5053 fuerit

1858 5092 2197 5150 ascensionis
2230 5092 2432 5145 mentio
2477 5107 2574 5160 per
2611 5092 2786 5161 ipsius
2840 5091 2992 5146 Pauli
3023 5089 3420 5161 interpretatio-

1858 5202 2003 5250 nem,
2035 5184 2127 5254 qui
2160 5184 2293 5239 dicit
2321 5201 2335 5236 :
2368 5203 2386 5235 ι
2422 5183 2665 5239 ίὶειὶνηοιι
2699 5200 2876 5253 posse.
2908 5193 2968 5239 ut
2988 5185 3113 5254 quis
3140 5180 3418 5239 ascendat.

1858 5278 1961 5332 nisi
1991 5274 2326 5345 praecesserit
2352 5274 2651 5330 descensus
2672 5276 2733 5328 ⁸⁸.
2755 5294 2773 5326 ι
2797 5274 2920 5328 Haec
2940 5288 3064 5329 cum
3083 5273 3152 5329 ab
3169 5271 3421 5327 omnibus

1859 5368 2220 5436 intelligenter
2242 5373 2300 5419 et
2331 5363 2608 5433 sapienter
2667 5363 2945 5419 decantari
2993 5361 3273 5431 jussisset,
3299 5374 3421 5414 ora-

1858 5460 2060 5513 tionem
2086 5456 2152 5510 ad
2188 5455 2559 5512 sublimiorem
2599 5454 2886 5524 quemdam
2938 5463 3135 5508 statum
3162 5450 3420 5515 traducit,

1862 5567 1882 5599 ι
1935 5546 2184 5602 Secunda
2243 5543 2466 5599 Sabbati
2509 5543 2577 5606 ⁸¹,
2632 5560 2651 5593 ι
2688 5558 2786 5612 pro
2845 5549 3163 5612 argumento
3223 5538 3424 5594 cantici

2944 5655 2986 5687 "
3023 5653 3220 5723 Epltes.
3255 5670 3329 5719 tv,
3362 5655 3419 5710 τι.

3074 5812 3145 5881 18

2322 5655 2369 5687 ⁸⁸
2401 5654 2549 5712 Psal.
2595 5669 2740 5719 xuv,
2782 5656 2833 5709 1.
