3986 6472
540 357 649 414 555
1782 351 1835 406 S.
1869 349 2191 408 GREGORII
2229 350 2516 408 NYSSENI
3665 351 3759 410 556

542 468 855 528 constituta.
878 465 1010 533 Quae
1036 465 1079 520 si
1104 463 1170 518 ad
1198 463 1423 534 primam
1456 479 1637 519 rerum
1675 465 2103 534 procreationem

2207 481 2264 516 τε
2296 467 2389 518 καὶ
2416 465 2789 537 στερεώματός
2830 467 2944 518 ἐστι
2978 467 3318 537 κατασκευὴ,
3343 468 3437 520 καὶ
3466 462 3576 520 τῶν
3603 469 3755 524 ἕπου-

542 561 829 624 referalur.
866 559 995 613 nihil
1017 565 1100 611 est
1125 555 1293 616 aliud.
1325 571 1488 626 quam
1523 558 1647 612 caeli
1676 564 1730 611 et
1778 557 2101 610 ﬁrmamenti

2210 555 2403 624 ρανίων
2425 555 2628 608 ὑδάτων
2653 557 2759 608 ἀπὸ
2777 555 2884 608 τῶν
2907 556 3134 624 ἐγγείων
3153 557 3439 625 διάκρισις.
3463 558 3526 610 El
3548 557 3606 610 δὲ
3635 560 3757 628 πρὸς

541 651 774 716 eiectio,
807 647 1216 718 coalestiumque
1243 663 1505 719 aquarum
1533 649 1600 703 ab
1638 649 1796 718 aquis
1825 648 2103 704 terrestri-

2205 645 2266 698 τὸ
2299 646 2627 714 Εὐαγγέλιον
2671 647 2918 716 βλέποις,
2967 647 3180 718 ἀληθῶς
3221 628 3358 719 αῡὲη
3405 649 3554 701 ἐστὶν
3589 649 3624 719 ἡ
3675 650 3757 703 τὸν

541 742 644 797 bus
669 741 948 797 discretio.
984 736 1079 792 Sin
1107 746 1288 793 autem
1323 739 1390 793 ad
1422 738 1771 809 Evangelium
1816 738 2100 809 respicias,

2204 733 2430 804 οὐρανὸν
2471 735 2600 804 ἡμῖν
2653 737 3125 790 κατασκευάσασα.
3179 737 3236 790 ’0
3280 738 3388 808 γὰρ
3434 738 3664 809 οὐρανὸς
3710 740 3761 793 τὸ

543 847 667 888 vere
694 833 806 902 ipse
829 840 932 897 est,
955 829 1046 900 qui
1069 831 1264 885 cmlum
1287 831 1444 886 nobis
1456 832 1716 886 condidit.
1741 831 1872 886 Nam
1902 833 2100 887 cmlum

2207 827 2490 897 στερέωμα
2531 827 2681 900 παρὰ
2715 827 2808 881 τοῦ
2848 828 2982 882 Θεοῦ
3011 830 3349 901 ὀνομάζεται.
3396 832 3531 886 Ὀδὲ
3563 833 3762 898 Παῦλος

542 937 573 976 a
602 921 712 978 Deo
758 921 1156 976 ﬁrmamentum
1211 920 1530 989 appellatur.
1563 921 1763 976 Paulus
1797 930 1974 976 autem
2009 938 2104 991 per

2204 921 2314 970 νοεῖ
2343 919 2442 988 τὴν
2475 921 2554 982 είς
2597 921 2688 973 τὸν
2719 921 2952 991 Χριστὸν
2994 922 3176 976 πίστιν
3199 924 3260 976 τὸ
3299 925 3606 996 στερέωμα.
3640 927 3763 980 Τότε

541 1010 939 1065 ﬁrmamentum
998 1008 1132 1062 nihil
1164 1008 1309 1063 aliud
1360 1025 1520 1078 quam
1553 1010 1710 1064 lidem
1746 1011 1796 1063 in
1825 1009 2100 1064 Christum

2204 1007 2314 1078 γὰρ
2353 1009 2482 1078 ἡμῖν
2527 1009 2695 1073 ὅντως
2724 1010 2864 1064 κατά
2903 1011 3002 1081 τὴν
3043 1013 3222 1065 πίστιν
3259 1013 3484 1084 οὐρανὸς
3507 1015 3764 1085 δημιουρο

540 1101 812 1168 intelligit.
869 1099 1021 1154 Tunc
1051 1099 1196 1153 enim
1257 1101 1410 1154 nobis
1453 1115 1576 1154 vere
1609 1098 1908 1154 secundum
1943 1098 2101 1153 lidem

2204 1102 2406 1166 γεῖται,
2434 1101 2521 1153 ὅτε
2552 1102 2825 1172 παρῆλθεν
2849 1104 2883 1173 ἠ
2915 1102 3006 1156 τοῦ
3044 1103 3318 1158 Σαὸϐἀτου
3353 1107 3658 1176 κατήφειαο
3679 1108 3766 1160 καὶ

539 1191 734 1246 caelum
758 1200 998 1244 creatum
1023 1197 1108 1244 est
1134 1190 1201 1252 ⁸³,
1232 1205 1356 1244 cum
1385 1187 1604 1244 Sabbali
1635 1190 1939 1244 obscuritas
1966 1204 2103 1260 pra:-

2204 1190 2417 1253 ὲγένετο
2459 1192 2588 1261 ἡμῖν
2635 1193 2821 1246 πιστὸν
2865 1194 2927 1246 τὸ
2991 1197 3284 1266 μυστήριον
3324 1196 3419 1249 τοῦ
3459 1197 3767 1265 ὁρισθέντος

540 1281 708 1345 teriit,
730 1279 968 1348 illudque
994 1278 1148 1333 ﬁdele
1161 1288 1211 1334 et
1229 1279 1558 1349 acceptabile
1575 1279 1771 1332 accidit
1789 1279 2100 1348 mysterium

2200 1281 2333 1338 Υίοῦ
2364 1280 2497 1335 Θεοῦ
2538 1283 2595 1335 ἐν
2634 1283 2858 1353 δυνάμει
2903 1285 3045 1338 κατὰ
3088 1285 3300 1357 πνεῦμα
3342 1286 3688 1358 ἁγιωσύνης,
3714 1289 3766 1352 ἐξ

539 1374 660 1444 ejus
683 1373 776 1444 qui
809 1371 1226 1443 prmdestinatus
1275 1379 1358 1426 est
1400 1369 1572 1425 Filius
1621 1371 1715 1425 Dei
1775 1371 1829 1424 in
1881 1371 2101 1434 virtute,

2204 1370 2548 1435 ἀναστάσεως
2574 1373 2778 1442 νεκρῶν
2817 1373 2990 1444 Ἰησοῦ
3015 1373 3106 1427 τοῦ
3131 1376 3334 1445 Κυρίου
3363 1377 3544 1447 ἡμῶν,
3571 1378 3634 1440 ὃς
3659 1379 3764 1432 ἐστι

539 1464 840 1520 secundum
876 1463 1122 1534 spiritum
1153 1461 1991 1533 sanctiﬁcationis;mysterium,
2027 1462 2106 1516 in-

2203 1461 2280 1531 τῷ
2307 1460 2417 1514 όντι
2458 1461 2631 1530 μέγας
2674 1461 2876 1532 Κύριος
2922 1463 3016 1516 καὶ
3053 1464 3261 1528 αἰνετδς
3300 1464 3523 1535 σφόδρα.
3561 1466 3674 1518 Καὶ
3704 1466 3765 1518 τὰ

540 1573 725 1629 quam,
748 1555 1164 1612 resurrectionis
1189 1570 1253 1609 ex
1277 1556 1507 1608 mortuis
1525 1553 1737 1607 Domini
1757 1555 1929 1609 nostri
1950 1554 2101 1615 Jesu,

2203 1550 2303 1602 ὅσα
2349 1549 2488 1602 κατά
2533 1549 2594 1602 τὸ
2652 1550 2940 1604 ἀκόλουθον
2982 1553 3012 1604 6
3052 1552 3266 1623 ψαλμδς
3305 1555 3571 1626 περιέχει,
3619 1573 3640 1605 ι
3675 1553 3765 1626 τὴν

539 1650 632 1720 qui
689 1663 812 1704 vere
845 1654 930 1702 est
960 1661 1186 1717 magnus
1225 1645 1368 1701 Deus
1395 1654 1449 1702 et
1494 1646 1786 1700 laudabilis
1826 1646 2022 1709 nimis;
2049 1654 2104 1699 et

2205 1639 2353 1693 Θείαν
2379 1640 2530 1692 πόλιν
2552 1640 2797 1711 ἐκείνην,
2843 1661 2862 1694 ι
2897 1644 2964 1714 ἢν
3004 1662 3022 1694 ι
3063 1644 3158 1696 καὶ
3186 1644 3310 1716 ὄρος
3342 1645 3562 1717 εῦριζον
3605 1667 3624 1698 ι
3655 1647 3765 1699 όνο-

539 1740 759 1804 similia,
798 1753 921 1809 quas
973 1745 1087 1792 toto
1145 1737 1377 1792 decursu
1429 1739 1670 1806 psalmus
1723 1737 1813 1792 ille
1841 1737 2098 1791 continet.

2209 1731 2395 1802 μάζει,
2441 1733 2535 1786 καὶ
2583 1733 2764 1804 πάσης
2801 1734 2906 1805 γῆς
2938 1735 3281 1806 ἀγαλλίαμα,
3330 1739 3424 1792 καὶ
3471 1738 3614 1792 Σιὼν
3649 1739 3764 1810 ὅρη.

540 1831 854 1902 Cujusmodi
884 1835 1012 1884 sunt
1046 1847 1064 1880 ι
1098 1827 1280 1883 divina
1314 1827 1528 1891 civitas,
1573 1848 1592 1879 ι
1626 1843 1785 1898 quam
1817 1837 1869 1882 et
1899 1845 1917 1878 ι
1952 1841 2102 1880 mon-

2217 1825 2330 1892 Ἐφ’
2378 1820 2445 1896 ἦς
2493 1825 2726 1895 μάλιστα
2772 1827 2832 1879 τὸ
2879 1827 3094 1882 πάντων
3139 1830 3572 1902 παραδοξότατον
3630 1809 3763 1884 ἐκδι-

537 1931 646 1980 lem
684 1925 822 1979 bene
860 1921 1144 1977 fundatum
1186 1941 1204 1972 ι
1250 1923 1515 1984 nominat,
1557 1930 1611 1976 et
1634 1921 1900 1976 universae
1946 1928 2102 1974 terrae

2202 1919 2432 1987 ηγεῖται,
2467 1918 2547 1971 ὅτι
2570 1920 2604 1988 ἡ
2640 1919 2767 1972 ποτὲ
2795 1915 2974 1972 οὖσα(
3013 1920 3219 1992 πλευρά
3258 1922 3352 1975 τοῦ
3377 1922 3585 1993 βορρᾶ,
3622 1942 3641 1974 ι
3678 1923 3763 1976 νῦν

535 2015 944 2078 exsultationes,
975 2025 1032 2069 et
1051 2021 1264 2069 montes
1303 2012 1457 2074 Sion,
1487 2013 1554 2068 de
1575 2027 1680 2082 qua
1707 2011 1839 2066 urbe
1870 2012 2103 2066 maxime

2202 2009 2396 2076 γέγονε
2439 2029 2458 2061 ι
2513 2009 2665 2072 πόλις
2714 2010 2808 2063 τοῦ
2861 2011 3122 2080 βασιλέως
3152 2013 3246 2066 τοῦ
3297 2014 3557 2084 μεγάλου.
3605 2034 3624 2066 ι
3667 2016 3766 2069 Καὶ

539 2107 855 2163 admirabile
885 2105 1146 2176 quiddam
1199 2103 1388 2168 tradit,
1421 2103 1564 2174 quod
1591 2117 1710 2173 quae
1741 2103 1868 2157 olim
1901 2121 1920 2154 ι
1961 2103 2102 2162 latus

2208 2121 2226 2151 ‹
2259 2103 2288 2153 6
2314 2100 2446 2164 Θεὸς
2478 2104 2536 2154 ὲν
2575 2103 2693 2165 ταῖς
2734 2103 2953 2174 βάρεσιν
2995 2105 3165 2175 αὐτῆς
3209 2105 3569 2172 γινώσκεταιο
3623 2125 3642 2158 ι
3681 2125 3766 2160 σα-

539 2199 807 2270 aqnilonis
867 2216 884 2250 ι
927 2204 1068 2262 erat,
1120 2210 1268 2250 nunc
1309 2195 1450 2250 facta
1507 2195 1578 2250 sit
1644 2213 1662 2245 ‹
1728 2195 1923 2248 civitas
1957 2193 2102 2264 regis

2202 2193 2314 2262 φῶς
2363 2193 2450 2246 διά
2499 2194 2700 2248 τούτων
2755 2196 2817 2248 τὸ
2875 2195 3016 2249 κατά
3052 2196 3150 2267 τὴν
3211 2197 3537 2268 Ἐκκλησίαν
3589 2198 3767 2267 θαῦμα

538 2291 721 2361 magni
762 2309 775 2344 :
814 2309 834 2342 ι
863 2289 1115 2360 quodque
1145 2304 1165 2338 ι
1205 2286 1346 2342 Deus
1375 2287 1429 2342 in
1479 2287 1728 2341 domibus
1757 2286 1876 2354 ejus
1901 2301 2102 2355 cogno-

2205 2285 2424 2356 μηνύων
2482 2285 2560 2356 τῷ
2602 2286 2763 2356 λόγῳ.
2829 2287 2900 2339 Τὸ
2934 2287 3043 2358 γὰρ
3089 2289 3295 2360 βόρειον
3344 2289 3514 2360 κλίμα
3550 2291 3653 2360 τῆς
3672 2293 3766 2361 γῆς

539 2390 724 2436 scatur
769 2397 783 2434 :
821 2398 839 2431 ι
892 2378 1181 2434 manifeste
1227 2393 1322 2448 per
1357 2377 1470 2432 haec
1499 2377 1754 2432 Ecclesia:
1779 2377 2103 2432 Christianae

2199 2375 2308 2428 τῶν
2356 2377 2830 2446 κατεσκιασμένων
2873 2394 2930 2430 τε
2979 2380 3072 2431 καὶ
3123 2379 3551 2450 κατεψυγμένων
3604 2383 3763 2448 ἐστὶν,

540 2483 736 2528 statum
764 2480 818 2528 et
838 2471 1156 2542 dignitatem
1187 2469 1502 2540 designans.
1534 2466 1666 2520 Nam
1695 2469 1931 2523 horealis
1973 2484 2101 2538 pars

2201 2467 2451 2539 ἀλαμπὲς
2489 2469 2576 2522 ἀεὶ
2607 2469 2786 2538 μένον,
2831 2471 2925 2522 καὶ
2962 2471 3068 2523 τῶν
3105 2473 3344 2540 ἡλιακῶν
3366 2474 3604 2527 ἀκτίνων
3637 2477 3761 2543 ἀμέ-

540 2571 698 2618 terrae
716 2577 785 2617 ex
817 2563 926 2618 illis
947 2569 1053 2624 est,
1079 2577 1199 2632 quae
1231 2559 1468 2616 nubibus
1506 2561 1782 2630 perpetuis
1818 2568 2099 2629 urgentur,

2200 2577 2375 2628 τοχον.
2423 2554 2496 2614 OB
2563 2561 2750 2631 χάριν,
2796 2564 2830 2632 η
2892 2562 3234 2636 ἀντικειμένη
3287 2565 3515 2636 δύναμις
3570 2568 3628 2620 ὲν
3685 2569 3757 2637 τῷ

538 2661 593 2708 et
625 2652 848 2723 frigore,
880 2659 934 2707 et
963 2653 1104 2723 gelu,
1136 2653 1252 2708 sine
1267 2653 1576 2722 splendore,
1599 2667 1902 2721 expersque
1924 2653 2104 2707 radio-

2200 2649 2422 2720 ὀνόματι
2460 2649 2553 2704 τοῦ
2599 2651 2808 2722 βορείου
2852 2652 3282 2724 διασημαίνεται.
3325 2657 3390 2709 Ἦ
3424 2658 3605 2710 τοίνυν
3632 2659 3762 2712 ὲνοιο

541 2759 660 2798 rum
683 2744 945 2800 solarium
974 2764 987 2799 :
1018 2745 1088 2800 ob
1110 2744 1164 2798 id
1197 2745 1510 2800 adversaria
1563 2745 1653 2798 illa
1685 2753 1927 2814 potestas
1955 2747 2104 2816 aqui-

2202 2739 2371 2794 κοῦσά
2397 2757 2524 2793 ποτε
2561 2741 2640 2812 τῷ
2684 2742 2856 2814 βορρᾷ
2898 2745 2990 2796 καὶ
3016 2740 3147 2797 οὖσα
3176 2745 3337 2799 αὑτοῦ
3371 2747 3601 2818 πλευρά,
3634 2747 3759 2819 αὕτη

541 2835 680 2890 Ionis
707 2836 922 2890 nomine
947 2834 1258 2890 denotatur.
1294 2834 1466 2906 Igitur
1501 2851 1622 2904 quae
1643 2836 1770 2890 olim
1801 2836 1867 2890 ad
1895 2838 2104 2907 aquilo-

2205 2833 2618 2904 μεταταξαμένη
2650 2833 2758 2887 ἀπὸ
2789 2834 2882 2887 τοῦ
2927 2835 3195 2889 σκοτεινοῦ
3222 2854 3279 2890 τε
3305 2840 3396 2891 καὶ
3423 2839 3760 2909 κατεψυγμέ-

539 2939 661 2979 nem
707 2925 1003 2995 vergebat;
1056 2925 1186 2991 imo,
1215 2941 1336 2997 qua:
1386 2927 1560 2996 ipsius
1601 2927 1740 2981 latus
1794 2935 1930 2992 erat,
1988 2928 2103 2982 haec

2202 2941 2292 2976 νου
2321 2923 2460 2993 βίον,
2489 2924 2622 2977 Θεοῦ
2666 2924 2818 2989 πόλις
2867 2927 3096 2994 γίνεται,
3141 2930 3234 2981 καὶ
3267 2928 3547 2998 βασιλείας
3574 2932 3760 2984 ἐνδιαί-

540 3017 801 3070 translata
845 3031 876 3070 a
931 3017 1271 3073 tenebricosa
1307 3029 1359 3072 et
1385 3018 1561 3087 algida
1611 3018 1738 3082 vita,
1788 3019 1981 3074 civitas
2010 3019 2102 3075 Dei

2202 3032 2373 3085 τημα.
2404 3010 2511 3080 Ἧς
2537 3017 2594 3070 ἐν
2618 3019 2739 3080 ταῖς
2765 3017 2982 3088 βάρεσιν
3000 3019 3030 3070 6
3053 3019 3184 3083 Θεὸς
3211 3020 3557 3088 γινώσκεται.
3577 3024 3762 3094 Βάρεις

539 3107 632 3174 ﬁt,
676 3115 730 3163 et
784 3108 923 3180 regis
975 3108 1274 3172 habitatio,
1329 3108 1486 3178 cujus
1539 3109 1592 3162 in
1648 3109 1900 3165 domibus
1959 3111 2102 3165 Dens

2205 3107 2260 3160 δὲ
2290 3108 2456 3176 λέγει,
2487 3108 2585 3170 τὰς
2613 3108 2722 3161 τῶν
2749 3111 3186 3182 οἰκοδομημάτων
3230 3113 3579 3183 περιγραφὴ
3603 3117 3659 3167 ὲν
3680 3133 3761 3168 τε·

541 3200 910 3270 cognoscitur.
991 3199 1187 3272 Βάρεις
1251 3209 1410 3256 vocat
1487 3201 1682 3256 aedium
1760 3203 2104 3259 circumscri-

2205 3195 2467 3267 τραγώνῳ
2500 3197 2578 3268 τῷ
2604 3200 2860 3268 σχήματι,
2878 3197 2943 3250 δι’
2965 3191 3040 3252 ὧν
3061 3197 3160 3262 τὰς
3183 3199 3420 3270 ἑδραίας,
3437 3200 3532 3252 καὶ
3564 3201 3763 3272 ὑψηλάς

541 3293 884 3363 ptionem,et
912 3293 1078 3349 situm
1127 3293 1300 3349 forma
1351 3302 1406 3348 et
1454 3295 1636 3362 specie
1683 3295 2102 3365 quadrangula:

2205 3287 2311 3339 τῶν
2351 3287 2559 3358 ἀρετῶν
2613 3291 2988 3360 πυργοποιῒας,
3011 3289 3108 3354 τὰς
3157 3292 3214 3343 ὲν
3248 3294 3368 3354 ταῖς
3418 3292 3618 3362 ψυχαῖς
3663 3295 3763 3346 τῶν

543 3382 741 3454 quibus
770 3392 1026 3453 tanquam
1057 3385 1352 3440 involucris
1373 3385 1696 3454 quibusdam
1749 3386 1992 3440 insinuat
2025 3386 2108 3440 lir-

2205 3379 2376 3448 ἁγίων
2433 3380 2829 3452 θεωρουμένας,
2868 3382 3166 3454 παραδηλοῖ
3192 3383 3258 3435 δι’
3308 3384 3627 3454 αἰνίγματος
3652 3425 3667 3448 ,
3695 3385 3763 3448 ώς

541 3490 660 3530 mas
687 3482 742 3528 et
769 3477 1014 3530 excelsas
1043 3476 1300 3530 virtutum
1333 3484 1512 3531 turres
1533 3485 1584 3531 et
1603 3477 1954 3540 munitiones,
1987 3493 2107 3547 qua:

2210 3470 2388 3540 μόνοις
2410 3475 2522 3535 τοῖς
2549 3473 2806 3536 τοιούτοις
2840 3473 2972 3542 βίοις
3014 3474 3108 3527 τοῦ
3147 3475 3280 3528 Θεοῦ
3329 3477 3759 3547 γινωσκομένου·

541 3563 596 3617 in
627 3574 937 3618 sanctorum
979 3565 1252 3619 mentibus
1285 3564 1727 3633 conspiciuntur;
1764 3567 1921 3635 quasi
1977 3568 2107 3621 solis

2206 3560 2298 3613 καὶ
2329 3559 2396 3613 τὰ
2443 3559 2638 3632 ἐφεξῆς
2666 3563 2874 3631 συνῳδὰ
2915 3567 3027 3627 τοῖς
3065 3564 3583 3635 προαποδεδομένοις
3606 3567 3762 3618 ἐστίν.

541 3654 693 3710 hisce
723 3655 937 3709 vivendi
968 3656 1255 3726 generibus
1287 3653 1429 3710 Deus
1457 3666 1838 3726 cognoscatur:
1882 3655 2106 3727 Reliqua

2207 3651 2553 3721 Συνήχθησαν
2583 3652 2690 3725 γάρ
2710 3655 2766 3707 ὲν
2781 3654 2952 3728 ταύτῃ
2981 3657 3030 3708 οί
3056 3655 3395 3725 βασιλεῖς·οὑ
3421 3657 3533 3728 γὰρ
3560 3657 3765 3709 δουλευ-

543 3759 663 3815 quze
693 3757 994 3816 sequuntur
1025 3761 1148 3801 cum
1201 3748 1475 3818 praedictis
1503 3756 1810 3803 consonant
1840 3767 1854 3804 :
1884 3764 2104 3820 congre-

2206 3740 2391 3805 όντων,
2418 3742 2552 3796 ἀλλά
2573 3743 2954 3813 βασιλευόντων
2977 3747 3244 3818 συνδρομὴ
3264 3749 3360 3819 τὴν
3383 3749 3535 3801 θείαν
3560 3749 3764 3816 ἐκείνην

539 3838 646 3906 gati
689 3853 920 3909 namque
965 3845 1094 3894 sunt
1139 3839 1195 3893 in
1227 3839 1345 3909 ipsa
1388 3855 1540 3910 reges
1567 3847 1726 3896 terra:
1774 3856 1922 3895 :non
1960 3843 2103 3896 enim

2209 3833 2499 3897 συνοικίζει
2533 3835 2706 3890 πόλιν.
2747 3856 2766 3887 ί
2815 3837 3020 3899 Οῖτινες
3041 3877 3055 3901 ,
3087 3854 3104 3887 ι
3144 3837 3332 3908 φησὶν,
3359 3856 3376 3887 ι
3417 3837 3618 3902 ἰδόντες
3639 3880 3652 3901 ,
3683 3839 3763 3891 οὖ-

541 3941 846 3991 servorum,
914 3928 1010 3983 sed
1056 3943 1242 3997 regum
1307 3936 1608 3983 conventus
1647 3927 1921 3983 civitatem
1955 3928 2101 3982 illam

2205 3939 2312 3986 τως
2351 3922 2852 3993 ὲθαύμασαν.›Καὶ
2873 3923 2979 3995 πὴν
2994 3927 3170 3979 αἰτίαν
3204 3925 3468 3997 διηγεῖται
3500 3929 3594 3980 τοῦ
3644 3929 3762 3982 θαύ-

539 4019 770 4081 habitat,
807 4038 825 4070 ι
861 4019 976 4090 qui,
1021 4037 1040 4072 ι
1091 4019 1289 4090 inquit,
1349 4037 1367 4070 ι
1407 4019 1653 4075 videntes
1709 4021 1820 4074 haec
1854 4018 2106 4074 admirati

2210 4031 2395 4084 ματος,
2432 4015 2618 4086 ἐπειδὴ
2649 4016 2698 4068 oi.
2730 4015 2987 4087 πρότερον
3008 4016 3381 4082 κατοικοῦντες
3421 4019 3656 4084 ἀναξίως
3678 4019 3762 4089 τὴν

541 4120 687 4166 sunt.
741 4130 758 4162 ι
797 4110 1143 4180 Causamque
1189 4109 1566 4166 admirationis
1612 4110 1779 4164 addit.
1823 4109 1957 4164 Nam
2013 4110 2106 4179 qui

2207 4107 2356 4159 πόλιν
2385 4107 2708 4178 ταύτην,ὃτε
2735 4102 2802 4178 ἦν
2835 4105 3040 4178 πλευρά
3058 4107 3151 4160 τοῦ
3180 4107 3371 4179 βορρᾶ,
3407 4129 3424 4159 ι
3463 4111 3761 4180 ἐταράχθη·

539 4204 692 4271 prius
745 4202 1015 4256 civitatem
1075 4201 1216 4256 hanc
1246 4202 1464 4272 indigne
1510 4202 1839 4268 incolebant,
1887 4203 2106 4272 quando

2209 4215 2327 4260 σαν,
2346 4200 2441 4250 καὶ
2473 4197 2964 4269 ὲσαλεύθησαν,καὶ
3001 4199 3199 4270 τρόμος
3226 4200 3520 4254 ἐπελάϐετο
3537 4203 3755 4256 αὐτῶν.»

543 4302 664 4348 erat
703 4295 841 4350 latus
878 4293 1171 4363 aquilonis,
1229 4293 1306 4348 illi
1339 4313 1357 4345 ι
1391 4294 1720 4357 conturbati,
1752 4301 1806 4348 et
1847 4293 2105 4370 commoti

2206 4290 2314 4342 Καὶ
2347 4291 2406 4343 ού
2459 4290 2616 4359 μόνον
2653 4289 2852 4360 τρόμος
2875 4330 2889 4353 ,
2922 4289 3054 4342 ἀλλὰ
3100 4291 3196 4344 καὶ
3248 4291 3396 4344 πόνοι
3447 4292 3758 4361 μιμούμενοι

542 4392 690 4449 ευηι,
740 4393 794 4438 et
841 4391 1044 4438 tremor
1103 4384 1456 4453 apprehendit
1511 4399 1625 4439 eos.
1683 4403 1700 4435 ι
1737 4383 1846 4439 Nec
1903 4394 2106 4439 tremor

2207 4380 2398 4441 ώδῐνας
2443 4380 2747 4449 τικτούσης.
2799 4382 2979 4450 Ἀπερ
3006 4380 3180 4433 πάντα
3215 4383 3344 4451 φησὶ
3381 4383 3522 4435 κατὰ
3572 4385 3758 4435 τούτων

541 4483 771 4537 tantum,
797 4474 891 4529 sed
915 4482 968 4528 et
992 4475 1250 4530 molestiae
1275 4473 1477 4529 similes
1499 4474 1774 4528 doloribus
1803 4474 2106 4542 parturien-

2180 4521 2181 4524 η
2209 4470 2534 4539 γεγενῆσθαι
2573 4471 2676 4524 ὑπὸ
2705 4469 2798 4524 τοῦ
2834 4471 3008 4541 βιαίου
3041 4472 3365 4542 πνεύματος,
3391 4473 3486 4526 τοῦ
3517 4475 3583 4527 τά
3615 4476 3754 4526 πλοῖα

542 4565 696 4618 tium.
730 4563 860 4629 Quae
903 4564 1084 4618 omnia
1150 4565 1410 4618 adversus
1461 4564 1595 4618 istos
1635 4565 1879 4618 evenisse
1911 4563 2042 4618 dicit
2071 4579 2101 4617 a

2207 4563 2306 4630 τῆς
2338 4562 2666 4625 ὰποστασίας
2708 4562 3099 4634 συντρίϐοντος,
3129 4565 3192 4615 τὰ
3214 4563 3395 4626 κακῶς
3432 4567 3499 4634 τῇ
3533 4564 3754 4635 θαλάσσῃ

543 4656 738 4725 spiritu
791 4657 1094 4712 vehementi
1144 4657 1235 4726 qui
1273 4655 1530 4725 lugitivas
1568 4671 1733 4710 naves
1788 4655 2097 4726 confringit,

2208 4655 2300 4707 τοῦ
2343 4655 2456 4724 βίου
2491 4654 2899 4718 ἐπιπολάζοντα.
2923 4673 2940 4705 ι
2965 4656 3050 4708 Ἐν
3081 4655 3347 4725 πνεύματι
3377 4675 3396 4705 ι
3427 4656 3556 4727 γάρ,
3587 4657 3751 4726 φησὶν,

543 4761 664 4814 qua:
690 4748 936 4816 improbo
971 4748 1104 4802 mari
1135 4747 1296 4816 .iujus
1325 4747 1446 4800 vita:
1471 4747 1735 4800 innatant.
1767 4763 1785 4797 ι
1821 4746 1878 4799 1η
1909 4745 2106 4815 spiritu

2216 4763 2234 4795 ι
2284 4745 2440 4815 βιαίῳ
2473 4746 2782 4816 συντρίψεις
2818 4749 2974 4799 πλοῖα
3019 4747 3268 4818 Θαρσεῖς.
3311 4767 3329 4798 ›
3369 4749 3429 4801 Ὀ
3452 4748 3512 4801 δὲ
3548 4749 3642 4817 τῆς
3661 4748 3752 4799 τῶν

541 4835 843 4889 vehementi
859 4843 1109 4891 conteres
1120 4834 1532 4890 navesTharsis.
1545 4853 1565 4886 ι
1584 4833 1753 4888 Porro
1776 4834 1866 4888 cui
1887 4835 2031 4904 quod
2051 4835 2104 4888 in

2210 4837 2467 4906 Πράξεων
2501 4838 2736 4908 ἱστορίας
2764 4836 2859 4909 τὴν
2891 4840 3107 4910 μνήμην
3137 4838 3408 4907 ἐχων,ούκ
3450 4841 3633 4907 ἀγνοεῖ
3669 4839 3751 4907 τὴν

545 4927 915 4996 apostolorum
954 4927 1102 4980 Actis
1139 4928 1406 4995 proditum
1431 4938 1532 4985 est.
1566 4927 1827 4985 memoria
1863 4941 1970 4980 non
2003 4942 2101 4981 ex-

2214 4927 2394 4998 βιαίαν
2433 4911 2603 4999 πνοὴν
2621 4929 2719 4999 τὴν
2750 4929 2807 4982 ἐν
2837 4929 2912 4999 τῷ
2942 4929 3172 5000 ὑπερῴῳ
3199 4931 3309 4992 τοῖς
3341 4929 3606 4998 μαθηταῖς
3631 4946 3748 4995 γνω-

542 5017 692 5078 cidit,
754 5017 844 5072 ille
873 5033 982 5072 non
1013 5017 1228 5086 ignorat
1256 5019 1501 5086 spiritum
1534 5018 1683 5070 illum
1706 5017 2101 5081 vehementem,

2212 5022 2503 5092 ρισθεῖσαν.
2544 5023 2652 5074 Καὶ
2679 5024 2706 5074 6
2731 5023 2796 5092 τῇ
2825 5021 3130 5091 προφητείᾳ
3163 5019 3253 5072 τοῦ
3289 5021 3441 5073 Ἰωνᾶ
3465 5036 3744 5089 προσεσχη-

543 5109 634 5178 qui
701 5108 981 5176 discipulis
1043 5109 1098 5162 in
1147 5110 1427 5163 cmnaculo
1477 5109 1817 5180 congregatis
1855 5111 2104 5178 eosnitus

2207 5113 2337 5177 κὼς,
2373 5113 2628 5181 γινώσκει
2662 5114 2894 5176 πάντως,
2927 5114 3006 5166 ὅτι
3038 5115 3066 5165 6
3094 5111 3184 5165 τοῦ
3220 5111 3354 5163 Θεοῦ
3400 5113 3639 5173 ἀποστὰς
3665 5110 3743 5178 ζη-

541 5209 627 5254 est
659 5198 706 5230 “
766 5217 778 5252 :
815 5199 1016 5269 quique
1043 5199 1379 5268 prophetiam
1426 5195 1577 5254 Iona:
1629 5207 1834 5254 attente
1881 5200 2032 5270 legit,
2059 5201 2104 5255 is

2205 5208 2288 5258 τεῖ
2309 5206 2487 5258 πλοῖον
2510 5205 2570 5257 τὸ
2599 5205 2690 5257 ἐπὶ
2719 5205 2947 5275 Θαρσεῖς
2978 5204 3403 5274 ναυτιλλόμενον.
3427 5199 3561 5256 Εἶτα
3584 5202 3749 5269 ὥσπερ

544 5291 829 5363 perspicue
850 5293 1187 5362 exploratum
1212 5291 1392 5356 habet,
1427 5305 1550 5345 eum
1575 5291 1666 5360 qui
1693 5305 1723 5342 a
1755 5289 1862 5344 Deo
1897 5289 2102 5356 deﬁcit,

2207 5297 2298 5350 δύο
2351 5297 2656 5367 προσώποις
2708 5296 3077 5366 ἐπιμερισθεὶς
3125 5298 3152 5348 6
3185 5296 3357 5363 λόγος,
3384 5297 3440 5346 ὲν
3509 5295 3602 5364 μὲν
3652 5295 3751 5353 τοῖς

540 5399 788 5455 quaerere
833 5398 1022 5437 navem
1062 5383 1118 5436 in
1147 5381 1374 5437 Tharsis
1415 5388 1628 5437 euntem
1660 5381 1726 5433 ⁸⁸.
1752 5379 1954 5435 Deinde
1985 5397 2103 5435 ser-

2211 5385 2570 5456 προλαὸοῦσιν
2591 5386 2651 5438 τὸ
2683 5383 2774 5438 τοῦ
2808 5383 3260 5455 προαγορεύοντος
3288 5382 3576 5435 ὑποδύεται
3602 5381 3753 5450 πρόσο

540 5490 702 5530 mone
727 5475 884 5545 quasi
917 5475 970 5528 in
997 5474 1132 5530 duas
1162 5489 1421 5545 personas
1471 5473 1784 5537 distributo,
1827 5473 1880 5526 in
1907 5474 2105 5542 priori-

2211 5490 2395 5537 ωπον,
2434 5477 2492 5527 ὲν
2527 5473 2583 5526 δὲ
2632 5477 2743 5538 τοῖς
2790 5473 3019 5541 ἐφεξῆς,
3062 5473 3160 5534 τὰς
3205 5466 3753 5536 τῶνὺποδεξαμένων

541 5563 644 5619 bus
670 5565 886 5635 quidem
927 5580 1215 5636 personam
1261 5575 1313 5621 et
1346 5563 1588 5619 habitum
1615 5562 1735 5632 ejus
1779 5562 1972 5627 induit,
2011 5565 2104 5633 qui

2211 5563 2300 5619 τὸν
2329 5565 2484 5633 λόγον
2507 5567 2688 5634 φωνὰς
2717 5564 3084 5636 ὑποκρίνεται.
3127 5563 3288 5630 Λέγει
3317 5560 3425 5632 γὰρ
3457 5557 3755 5627 συντιθέμε-

608 5741 658 5776 ⁸²
679 5743 938 5840 ϐειιεεὶι,
972 5745 1023 5800 8.
1101 5745 1146 5776 ⁸³
1181 5745 1298 5798 Act.
1333 5760 1389 5809 ll,
1417 5742 1469 5795 2.
1547 5741 1590 5771 ⁸⁵
1629 5737 1750 5793 Jon.
1799 5753 1838 5804 ι,
1861 5737 1894 5792 5
1922 5752 2048 5807 sqq.
