3986 6510
91 525 184 579 53:7

1482 530 1547 585 IN
1588 527 1918 583 PSAIMOS.

3220 523 3319 579 558

89 660 170 706 νος
200 645 267 713 τῇ
304 643 528 716 ἀληθεία
572 644 681 697 τῶν
716 648 1152 717 προηγουμένων,
1182 648 1377 701 ὡσανεὶ
1420 648 1548 718 παρ’
1570 646 1662 699 άλ-

1766 645 2009 699 oratione
2057 644 2268 713 aliquos
2328 651 2583 714 tanquam
2629 642 2737 694 dux
2797 641 3095 698 antecedit:
3134 649 3321 710 postea

88 732 173 785 λου
195 734 341 797 τινὸς
364 735 433 788 τά
469 736 730 806 εἰρημένα
766 737 969 807 μαθὼν,
997 738 1099 799 ὅτι,
1126 757 1143 789 ‹
1187 737 1450 806 Καθάπερ
1485 736 1651 807 ἡκού-

89 842 295 895 σαμεν,
323 827 496 890 οὕτως
554 827 649 881 καὶ
700 828 899 899 ίδομεν.
962 829 1048 881 Ἐν
1099 828 1251 881 πόλει
1293 828 1497 898 Κυρίου
1542 826 1651 879 τῶν

86 917 382 986 δυνάμεων,
424 920 481 971 ἐν
513 919 663 971 πόλει
688 920 781 972 τοῦ
809 920 943 973 Θεοῦ
971 919 1145 990 ἡμῶν.
1185 939 1202 971 ι
1235 918 1325 971 Διὸ
1358 919 1449 970 καὶ
1478 935 1651 989 παρα-

88 1010 473 1089 κελευομένους
518 1013 765 1083 ἀλλήλοις
804 1012 1059 1083 ἐποίησεν
1100 1014 1223 1075 τοὺς
1253 1014 1309 1065 ἐν
1337 1012 1495 1082 ἡδονῇ
1528 1012 1652 1064 θεα-

90 1101 373 1169 σαμένους,
402 1102 438 1156 ἃ
467 1105 802 1175 ἠκούσαμεν.
878 1103 943 1157 Ἠ
972 1104 1028 1156 δὲ
1059 1102 1453 1174 παρακέλευσις
1470 1097 1654 1172 ἧν,τὸ,

94 1215 109 1245 ι
144 1193 480 1249 Κυκλώσατε
505 1192 644 1247 Σιὼν
681 1194 777 1246 καὶ
798 1190 1120 1263 περιλάϐετε
1150 1189 1345 1259 αὐτήν.
1381 1192 1652 1261 Διηγήσα-

92 1281 176 1333 σθε
202 1284 261 1334 ἐν
287 1286 396 1343 τοῖς
426 1281 656 1349 πύργοις
682 1281 870 1352 αὐτῆς.
902 1280 1070 1333 Θέσθε
1114 1280 1212 1343 τὰς
1246 1281 1470 1352 καρδίας
1498 1281 1651 1351 ὑμῶν

91 1375 161 1435 εἰς
205 1374 305 1444 τὴν
328 1372 553 1443 δύναμιν
580 1374 768 1444 αὐτῆς,
801 1374 894 1425 καὶ
935 1372 1311 1425 καταδιέλεσθε
1342 1372 1439 1435 τὰς
1467 1372 1651 1443 βάρεις

91 1464 250 1532 αὒτῆς
278 1481 292 1493 ·
331 1482 350 1515 ι
388 1464 480 1517 καὶ⁵
514 1464 613 1517 ὅσα
660 1464 799 1517 κατὰ
828 1464 887 1516 rb
913 1463 1200 1518 ἀκόλουθον
1250 1466 1491 1536 περιέχει
1519 1468 1547 1518 6
1572 1466 1653 1519 λό-

92 1570 196 1621 τος.

154 1826 315 1881 Μετὰ
364 1826 521 1880 τοῦτο
564 1828 619 1881 δὲ
664 1828 730 1880 δι’
764 1828 1054 1882 ἀκολούθου
1090 1830 1169 1893 είς
1210 1830 1389 1883 πᾶσαν
1423 1829 1522 1901 τὴν
1549 1833 1651 1902 γῆν

92 1916 335 1986 διαφοιτᾷ
367 1916 460 1969 τοῦ
499 1916 656 1984 λόγου
686 1919 746 1969 rb
786 1920 1063 1989 κήρυγμα,
1104 1920 1197 1972 καὶ
1232 1919 1420 1990 ὥσπερ
1449 1915 1516 1990 ἦν
1548 1921 1652 1992 πρὸ

91 2011 176 2077 τῆς
236 2008 543 2077 συγχύσεως
578 2010 681 2062 τῶν
727 2010 987 2078 γλωσσῶν
1038 2011 1212 2081 χεῖλος
1256 2012 1313 2064 ἐν
1366 2014 1529 2065 πᾶσιν
1563 2015 1655 2066 καὶ
1688 1979 1728 2033 Β

96 2099 178 2163 μία
216 2102 367 2170 φωνή
408 2116 422 2131 '
450 2099 593 2153 οὕτω
624 2102 713 2152 καὶ
743 2101 838 2153 νῦν
887 2102 1065 2155 πάντα
1099 2102 1167 2155 τὰ
1201 2102 1324 2174 ἔθνη
1351 2143 1365 2167 ,
1398 2106 1490 2157 καὶ
1519 2108 1552 2177 ὴ
1583 2107 1657 2157 οί-

93 2190 326 2261 κουμένη
371 2192 518 2243 πᾶσα
566 2192 660 2243 καὶ
708 2192 908 2256 πάντες
952 2193 1225 2265 ἄνθρωποι
1273 2197 1370 2266 μία
1419 2198 1657 2266 γίνονται

93 2284 242 2355 ἀκοὴ,
280 2284 376 2337 καὶ
424 2284 619 2354 καρδία
654 2284 785 2353 μία,
821 2284 939 2348 ἐνὸς
986 2288 1098 2348 τοῖς
1138 2288 1300 2339 πᾶσιν
1343 2289 1659 2359 ἐνηχοῦντος

94 2374 175 2428 τοῦ
207 2374 393 2443 λόγου.
424 2376 608 2428 Πᾶσαν
642 2376 747 2445 γὰρ
790 2375 928 2428 κατὰ
953 2377 1149 2429 ταύτὸν
1180 2377 1277 2449 τὴν
1316 2379 1658 2451 ἀνθρωπίνην

94 2468 250 2535 φύσιν
279 2468 676 2539 ἐκκλησιάσας,
713 2468 807 2522 καὶ
848 2468 1071 2540 θέατρον
1100 2470 1157 2523 ἓν
1188 2470 1277 2523 τὸν
1306 2472 1505 2542 κόσμον
1540 2473 1659 2527 ὅλον

92 2558 265 2627 ἐαυτῷ
294 2560 648 2628 περιστήσας,
677 2560 826 2627 κοινῇ
858 2561 969 2621 τοῖς
997 2560 1161 2612 πᾶσιν
1185 2560 1358 2631 ἐμϐοᾷ
1374 2562 1463 2615 τὸν
1478 2563 1654 2633 λόγον’

97 2668 112 2699 ι
149 2649 479 2714 Ἀκούσατε,
518 2649 723 2717 λέγων,
773 2651 950 2703 πάντα
995 2651 1062 2704 τὰ
1113 2651 1261 2722 ἔθνη,
1310 2655 1657 2721 ἐνωτίσασθε,

94 2742 289 2804 πάντες
322 2743 370 2794 οἱ
406 2742 780 2805 κατοικοῦντες
812 2741 909 2812 τὴν
947 2745 1286 2815 οἰκουμένην.
1319 2748 1384 2799 Οἰ
1407 2764 1464 2799 τε
1494 2765 1661 2818 γηγεο

89 2835 188 2894 νεῖς
228 2834 328 2884 καὶ
367 2832 472 2884 υἱοὶ
510 2832 617 2884 τῶν
665 2831 997 2904 ἀνθρώπων·
1047 2835 1142 2887 καὶ
1190 2837 1432 2891 πλουτῶν
1483 2855 1564 2902 τις
1603 2843 1660 2892 ἐν

93 2926 230 2995 ἡμῖν,
266 2922 377 2975 κᾶν
404 2924 693 2993 πενόμενος
717 2924 871 2995 τύχῃ.
902 2944 919 2976 ι
961 2925 1195 2989 Ταύταις
1226 2928 1332 2998 γὰρ
1360 2932 1480 2992 ταῖς
1514 2933 1661 3003 τρισὶ⁴

96 3014 374 3082 συζυγίαις
421 3015 596 3066 πᾶσαν
624 3014 855 3081 γενικῶς
896 3015 1248 3085 διαλαμϐάνει
1276 3018 1372 3088 τὴν
1402 3021 1542 3073 κατά
1571 3022 1663 3075 τὸν

96 3103 197 3170 βίον
229 3103 345 3155 τῶν
384 3102 624 3173 οὐρανῶν
673 3104 952 3175 διαφοράν.
992 3108 1077 3160 Ἐν
1107 3110 1170 3176 τῇ
1201 3108 1389 3179 πρώτῃ
1416 3110 1661 3181 συζυγίᾳ,

95 3195 209 3265 ἐθνη
243 3195 399 3261 λέγει
425 3195 621 3257 πάντα.
650 3197 743 3249 καὶ
778 3198 903 3261 τοὺς
928 3199 1313 3263 κατοικοῦντας
1351 3201 1447 3273 τὴν
1486 3204 1664 3255 οἰκου-

1753 751 1913 789 voces
1986 735 2431 804 subsequentiutn
2491 740 2862 802 repraesentat.
2924 731 3100 800 lnqttit
3152 733 3319 793 enim,

1753 826 2057 881 assentiens
2120 826 2328 880 veritati
2387 840 2574 878 eorum
2630 840 2748 893 quae
2802 824 3110 891 supradicta
3171 829 3320 880 sunt,

1752 919 1910 987 quasi
1966 918 2034 972 ab
2093 917 2197 971 alio
2241 916 2475 985 quodam
2535 931 2655 985 qua:
2694 915 2938 976 dixerat,
3002 913 3321 966 didicisset:

1757 1026 1776 1059 ι
1813 1007 2276 1073 Quemadmodum
2319 1005 2644 1069 audivimus,
2685 1006 2764 1060 sic
2806 1013 2858 1058 et
2888 1003 3143 1068 vidimus,
3172 1004 3227 1057 in
3248 1004 3327 1056 ci-

1753 1100 1920 1155 vitate
1958 1098 2170 1154 Domini
2208 1099 2504 1160 virtutum,
2544 1098 2597 1152 in
2648 1098 2868 1152 civitate
2915 1096 3007 1150 Dei
3061 1096 3254 1151 nostri.
3300 1115 3319 1147 ι

1752 1192 1868 1258 Qua
1892 1192 1957 1246 de
1976 1207 2142 1246 causa
2177 1190 2480 1245 introduxit
2514 1190 2676 1244 etiam
2715 1198 2901 1241 mutuo
2934 1204 2992 1243 se
3033 1188 3325 1241 cohortan-

1752 1294 1855 1347 tes,
1887 1285 2027 1349 illos,
2062 1282 2154 1352 qui
2196 1298 2318 1336 cum
2370 1282 2729 1336 delectatione
2768 1280 3037 1343 viderant,
3076 1295 3195 1347 qua:
3227 1295 3325 1333 au-

1752 1376 1984 1429 dierant.
2012 1374 2326 1429 Cohortatio
2350 1381 2525 1427 autem
2546 1371 2852 1441 hujusmodi
2887 1379 2972 1425 est
2998 1388 3012 1423 :
3034 1390 3051 1420 ‹
3078 1370 3325 1423 Circum-

1752 1467 1877 1521 date
1915 1466 2069 1527 Sion,
2103 1474 2157 1521 et
2189 1464 2617 1533 complectimini
2655 1480 2797 1527 eam,
2826 1472 3043 1517 narrate
3073 1466 3127 1516 in
3156 1462 3324 1515 turri-

1752 1556 2206 1627 busejus,ponite
2224 1554 2387 1609 corda
2413 1564 2594 1609 vestra
2611 1555 2662 1608 in
2682 1555 2882 1610 virtute
2913 1555 3050 1623 ejus,
3077 1563 3129 1608 et
3150 1556 3326 1609 distri-

1751 1649 1899 1704 buite
1928 1650 2121 1704 domus
2152 1648 2292 1717 ejus,
2319 1666 2337 1697 ι
2363 1653 2414 1700 et
2435 1656 2625 1702 cetera
2641 1662 2759 1718 quae
2776 1647 2974 1702 ibidem
3001 1656 3322 1715 sequuntur.

1821 1829 1953 1885 Post
1995 1830 2113 1885 hate
2138 1830 2392 1885 diffundit
2423 1830 2861 1901 prmdicationem
2885 1846 3039 1886 suam
3064 1831 3119 1885 in
3151 1840 3323 1883 totum

1755 1928 2022 1975 terrarum
2056 1922 2261 1988 orbem,
2299 1933 2352 1977 et
2406 1922 2860 1991 quemadmodum
2892 1933 3016 1977 ante
3049 1923 3327 1977 confusio-

1757 2028 1879 2067 nem
1908 2013 2216 2084 linguarum
2251 2015 2506 2068 omnibus
2542 2023 2660 2069 erat
2690 2030 2858 2067 unum
2899 2014 3103 2068 labium
3137 2025 3191 2069 et
3222 2032 3328 2068 una

1756 2117 1880 2167 vox,
1910 2104 1990 2158 sic
2010 2112 2065 2157 et
2106 2120 2253 2158 nunc
2295 2121 2486 2160 omnes
2539 2110 2753 2174 gentes,
2808 2115 2859 2159 et
2895 2112 3041 2161 totus
3075 2105 3245 2171 orbis,
3275 2115 3332 2158 et

1755 2209 1944 2249 omnes
2006 2194 2276 2260 homines,
2340 2198 2476 2249 liunt
2536 2211 2679 2249 unus
2736 2197 2883 2250 velut
2950 2197 3213 2259 auditus,
3275 2205 3329 2249 et

1757 2300 1925 2337 unum
1956 2300 2070 2347 cor,
2130 2300 2235 2337 una
2268 2285 2515 2339 oratione
2543 2286 2820 2349 omnibus,
2844 2296 2896 2340 et
2924 2287 2991 2340 ad
3021 2302 3211 2342 omnes
3245 2287 3329 2339 in-

1758 2385 2010 2432 sonante.
2042 2375 2276 2429 Collecta
2329 2376 2473 2429 enim
2522 2392 2685 2429 unum
2752 2377 2805 2429 in
2854 2376 3031 2430 locum
3077 2385 3189 2431 tota
3228 2378 3328 2430 hu-

1758 2484 1917 2523 mana
1941 2468 2220 2530 societate,
2279 2482 2493 2536 unoque
2543 2468 2696 2535 quasi
2749 2468 2959 2520 theatro
2980 2484 3043 2521 ex
3076 2469 3329 2521 onmibus

1760 2566 2028 2611 terrarum
2069 2556 2181 2610 oris
2221 2562 2521 2616 exstructo,
2555 2557 2807 2610 omnibus
2862 2558 3065 2625 pariter
3118 2573 3328 2610 sermo-

1760 2664 1881 2704 nem
1947 2648 2096 2701 illum
2129 2646 2339 2701 intonat
2368 2661 2380 2697 :
2418 2666 2435 2697 ι
2470 2648 2666 2701 Audite
2692 2648 2836 2708 haec.
2873 2664 3062 2701 mnnes
3115 2657 3328 2719 gentes,

1761 2741 1985 2797 auribus
2016 2740 2296 2810 percipite,
2331 2754 2520 2794 omnes
2561 2741 2649 2809 qui
2688 2740 2941 2794 habitatis
2975 2740 3184 2802 orbem,
3217 2742 3333 2810 qui-

1760 2851 1866 2905 que
1891 2835 2177 2903 terrigena:
2196 2842 2249 2887 et
2272 2832 2363 2885 ﬁlii
2384 2829 2685 2895 hominum,
2704 2830 2865 2886 simul
2885 2832 2937 2886 in
2965 2848 3152 2895 unum,
3179 2832 3331 2887 dives

1760 2935 1815 2982 et
1853 2941 2055 2995 pauper
2088 2924 2154 2977 ⁸⁸.
2198 2943 2216 2976 ι
2254 2922 2347 2977 llis
2376 2924 2521 2977 enim
2554 2923 2732 2977 tribus
2760 2923 3239 2993 conjugationibus
3274 2934 3331 2978 et

1762 3016 2046 3072 ordinibus
2085 3015 2386 3084 generatim
2412 3013 2725 3083 complexus
2782 3021 2866 3067 est
2905 3028 3119 3068 onmem
3152 3014 3331 3067 diver-

1764 3108 2002 3165 sitatem,
2033 3120 2151 3173 qua:
2198 3103 2253 3156 in
2286 3103 2386 3155 hac
2416 3102 2525 3155 vita
2572 3100 2880 3156 mortalium
2923 3111 3163 3171 apparet.
3196 3101 3330 3155 Nam

1767 3202 1941 3270 primo
1971 3199 2158 3253 ordine
2191 3203 2344 3248 vocat
2388 3210 2578 3249 omnes
2611 3200 2819 3263 gentes,
2849 3194 3052 3262 quique
3083 3193 3332 3246 habitant

98 3288 286 3356 μένηνο
319 3288 399 3349 ὡς
444 3290 554 3350 τοῖς
588 3289 685 3358 μὲν
727 3290 949 3358 ὀνόμασι
994 3290 1100 3343 τῶν
1132 3291 1326 3355 ἐθνῶν,
1357 3293 1455 3356 τὰς
1508 3312 1660 3365 περι-

1766 3294 1971 3349 orbem.
2003 3296 2062 3341 ut
2101 3288 2340 3357 gentium
2374 3282 2590 3353 quidem
2627 3283 2845 3337 nomine
2878 3282 3333 3351 circumscriptio-

95 3378 299 3446 γραφὰς
328 3378 439 3429 τῶν
464 3379 642 3431 τόπων
678 3379 1036 3449 σημαίνεσθαι
1054 3380 1162 3450 ’τῷ
1186 3382 1241 3434 δέ
1272 3382 1468 3453 ἐφεξῆς
1497 3384 1657 3455 λόγῳ,

96 3472 210 3535 τοὺς
235 3471 351 3524 τῶν
404 3471 582 3524 τόπων
634 3473 938 3543 οἰκήτορας.
981 3474 1233 3545 Γηγενεϊς
1260 3476 1316 3529 δὲ
1358 3478 1523 3530 εἰπὼν
1570 3480 1663 3532 καὶ

95 3556 395 3628 ἀνθρώπων
428 3559 596 3623 υἱοὺς,
627 3560 753 3623 τοὺς
783 3560 1079 3631 σαρκώδεις
1101 3582 1157 3617 τε
1190 3566 1283 3617 καὶ
1312 3568 1524 3635 χοῖκοὺς
1569 3570 1662 3622 καὶ

100 3647 463 3719 ἁλογωτέρους
493 3650 754 3721 διακρίνει
779 3654 884 3704 ἀπὸ
912 3654 1019 3707 τῶν
1052 3656 1391 3727 σωζομένων,
1429 3662 1519 3713 καί
1542 3679 1662 3715 τινα

98 3742 148 3790 ἐν
174 3741 358 3802 αὐτοῖς
401 3743 721 3813 χαρακτῆρα
754 3744 850 3814 τῆς
893 3746 1237 3819 ἀνθρωπίνης
1276 3750 1489 3819 φύσεως
1517 3754 1664 3823 ἐχόν-

96 3849 211 3886 των.
242 3834 413 3897 ἰδιος
454 3834 510 3886 δέ
550 3837 835 3907 χαρακτὴρ
866 3838 1225 3911 άνθρώπου,ή
1269 3843 1404 3913 πρὸς
1438 3842 1669 3895 τὸΘεῐον

96 3926 365 3996 ὁμοίωσις.
418 3927 483 3979 Ἡ
507 3926 564 3979 δὲ
593 3926 733 3981 κατὰ
774 3929 962 3982 πενίαν
996 3948 1053 3983 τε
1088 3934 1182 3984 καὶ
1226 3932 1454 3986 πλοῦτον
1487 3934 1666 3987 ἀνισό-

97 4032 185 4084 της
213 4017 308 4069 τοῦ
339 4016 487 4087 βίου,
523 4016 585 4069 rb
613 4017 973 4084 γενικώτατόν
1001 4022 1145 4074 ἐστιν
1176 4024 1341 4076 αἴτιον
1365 4025 1462 4094 τῆς
1486 4025 1665 4077 ποικί-

96 4104 183 4175 λης
214 4125 269 4160 τε
299 4110 405 4161 καὶ
428 4107 738 4172 πολυειδοῦς
762 4109 868 4162 τῶν
899 4112 956 4162 ἐν
982 4110 1286 4181 ἀνθρώποις
1327 4115 1667 4185 πραγμάτων

96 4199 427 4268 ἀνωμαλίας.
459 4200 555 4261 Τίς
604 4196 757 4263 οὗτος
794 4203 822 4253 6
853 4202 910 4251 ἐν
954 4202 1191 4273 τοσούτῳ
1229 4206 1321 4257 καὶ
1366 4205 1668 4276 τηλικούτῳ

96 4289 443 4361 ἀκροατηρίῳ
480 4290 806 4362 δημηγορῶν
843 4292 981 4356 ;Τίς
1013 4293 1186 4358 ἄλλος,
1220 4296 1253 4367 ἢ
1295 4298 1322 4349 ὁ
1376 4298 1667 4369 μαρτυρῶν

94 4384 144 4432 ὲν
172 4383 340 4454 αὐτῷ,
390 4384 473 4435 ὃτι
516 4385 704 4452 σοφίαν
746 4384 965 4456 λαλήσει
1012 4387 1104 4439 καὶ
1140 4388 1350 4443 σύνεσιν
1384 4406 1398 4455 ;
1432 4391 1581 4444 λαλεῖ
1611 4393 1665 4445 δέ

95 4475 239 4539 αὐτὰ,
290 4478 320 4527 6
364 4475 507 4543 ἔχων
534 4475 754 4546 Πνεῦμα
793 4477 982 4545 σοφίας
1021 4495 1078 4530 τε
1115 4480 1208 4534 καὶ
1243 4482 1532 4548 συνέσεως,
1570 4485 1667 4556 τὴν

97 4568 333 4637 μεγάλην
373 4566 582 4635 ταύτην
634 4566 810 4636 χάριν,
842 4568 940 4639 τὴν
974 4571 1037 4622 ἐκ
1076 4572 1347 4643 προσοχῆς
1376 4577 1468 4627 καὶ
1511 4577 1667 4645 μελέ-

1767 3398 1887 3437 nem
1914 3381 2154 3434 locorum
2206 3375 2625 3445 signiﬁcaverit;
2660 3374 3010 3444 sequentibus
3056 3389 3183 3427 vero
3213 3388 3335 3427 ver-

1766 3476 1851 3530 bis
1910 3474 2150 3527 locorum
2192 3469 2417 3524 incolas.
2478 3467 2615 3521 Cum
2672 3475 2850 3520 autem
2918 3466 3220 3534 terrigenas
3278 3474 3334 3518 et

1766 3567 1904 3620 filios
1934 3565 2210 3617 hominum
2244 3560 2506 3623 nominat,
2572 3560 2807 3613 secernit
2860 3558 3109 3612 carnales
3133 3565 3187 3611 et
3218 3572 3336 3612 cor-

1766 3658 1945 3727 poreis
1989 3656 2150 3711 rebus
2191 3652 2453 3717 addictos,
2485 3658 2537 3706 et
2562 3666 2591 3704 a
2630 3651 2838 3705 ratione
2883 3650 3115 3704 alienam
3162 3651 3328 3704 vitam

1765 3751 2043 3819 degentes,
2085 3746 2153 3799 ab
2200 3745 2284 3798 his
2320 3744 2411 3812 qui
2450 3743 2748 3806 salvantur,
2783 3750 2837 3797 et
2892 3743 3124 3810 aliquem
3149 3743 3335 3797 chara-

1767 3852 1965 3894 cterem
1989 3846 2197 3892 naturae
2232 3836 2480 3888 humanae
2522 3836 2576 3888 in
2620 3849 2680 3889 se
2717 3835 3031 3888 continent:
3081 3836 3332 3903 proprius

1766 3950 1895 3989 vero
1928 3932 2166 3986 hominis
2190 3931 2474 3984 character
2493 3935 2577 3983 est
2622 3927 2922 3981 similitudo
2949 3941 3072 3980 cum
3112 3926 3239 3980 Deo.
3264 3928 3335 3985 At

1769 4023 2104 4092 inaequalitas
2132 4022 2277 4074 circa
2334 4024 2706 4088 paupertatem
2750 4027 2803 4071 et
2836 4016 3053 4071 divitias
3100 4017 3335 4071 maxime

1768 4116 2035 4189 generalis
2065 4128 2227 4168 causa
2259 4122 2341 4167 est
2366 4111 2529 4165 varia:
2591 4118 2645 4163 et
2692 4108 3039 4163 multiformis
3076 4109 3223 4163 illius
3253 4110 3332 4162 di-

1768 4206 2063 4267 versitatis,
2093 4218 2214 4275 qua:
2242 4204 2295 4257 in
2345 4202 2622 4257 hominum
2665 4198 2895 4269 negotiis
2942 4199 3218 4253 elucescit.
3269 4201 3332 4252 Et

1769 4303 1891 4372 quis
1912 4302 2033 4363 iste,
2072 4298 2163 4367 qui
2206 4297 2259 4350 in
2299 4297 2392 4349 tali
2439 4309 2502 4348 ac
2537 4301 2689 4347 tanto
2733 4292 3006 4346 auditorio
3049 4293 3333 4346 conciona-

1768 4393 1898 4447 tur?
1923 4390 2044 4460 quis
2078 4388 2237 4448 alius,
2269 4401 2429 4456 quam
2457 4383 2549 4455 qui
2600 4384 2653 4436 in
2688 4384 2869 4452 seipso
2898 4389 3130 4437 testatur
3163 4398 3221 4436 se
3251 4383 3332 4435 lo-

1769 4494 2022 4539 cuturum
2050 4479 2366 4549 sapientiam
2393 4485 2446 4531 et
2502 4472 2884 4544 prudentiam?
2908 4472 3171 4541 Loquitur
3201 4488 3333 4526 vero

1770 4580 1883 4632 hzve
1914 4577 2022 4639 ille,
2053 4573 2141 4642 qui
2165 4570 2323 4624 habet
2341 4568 2601 4638 Spiritum
2624 4566 2899 4635 sapientia:
2920 4574 2972 4619 et
3001 4565 3328 4628 intellectus,

94 4673 183 4727 της
209 4658 687 4727 κατορθουμένην.
720 4660 791 4712 Οὐ
831 4660 936 4730 γὰρ
975 4662 1233 4732 πρότερον
1262 4661 1413 4717 εἶπεν
1434 4667 1662 4735 ἀνοίγειν

1770 4668 2021 4724 eximiam
2049 4665 2208 4720 istam
2253 4662 2499 4729 gratiam,
2530 4672 2650 4724 qua:
2678 4672 2743 4711 ex
2774 4664 2975 4710 attenta
2991 4670 3121 4709 cura
3144 4662 3197 4709 et
3220 4671 3333 4710 me-

94 4750 146 4800 rb
164 4751 364 4820 στόμα.
392 4750 522 4819 πρὶν
552 4750 833 4802 ὑποκλῖναι
856 4752 954 4821 τὴν
988 4752 1155 4823 ἀκοὴν
1177 4753 1252 4824 τῷ
1269 4756 1665 4827 παραϐάλλοντι

94 4836 220 4909 λόγῳ
243 4855 258 4868 ο
293 4858 315 4891 ε
349 4839 433 4890 Τὸ
474 4839 647 4907 στόμα
693 4857 816 4908 μου,
854 4857 871 4889 ι
901 4841 1083 4910 φησὶν,
1135 4862 1153 4893 t
1191 4844 1411 4915 λαλήσει
1444 4847 1667 4915 σοφίαν,

93 4932 175 4981 καὶ
202 4933 235 5001 η
273 4931 486 5001 μελέτη
511 4930 607 4998 τῆς
636 4930 859 5000 καρδίας
890 4948 988 5001 μου
1017 4933 1247 4990 σύνεσιν.
1286 4954 1306 4988 ι
1358 4937 1468 4991 Καὶ
1516 4939 1667 5010 πρῶ-

93 5035 171 5071 τον
205 5039 224 5072 t
266 5019 453 5073 κλινῶ
482 5020 563 5083 είς
586 5020 900 5092 παραϐολὴν
937 5023 997 5075 τὸ
1034 5020 1125 5088 οὖς
1181 5043 1311 5095 μου,
1349 5045 1367 5077 ι
1405 5028 1498 5080 καὶ
1546 5030 1665 5082 τότε

96 5130 113 5161 ι
148 5112 345 5178 άνοίξω
382 5112 450 5162 ἐν
498 5110 780 5182 ψαλτηρίῳ
812 5112 872 5164 τὸ
906 5114 1195 5185 πρόϐλημά
1230 5134 1351 5185 μου.
1400 5137 1418 5168 ι
1457 5118 1550 5183 Τίς
1576 5118 1669 5174 οὖν

92 5203 119 5271 η
156 5203 400 5267 σύνεσις,
430 5203 524 5254 καὶ
560 5203 611 5254 τί
643 5202 704 5253 rb
735 5204 1055 5275 πρόϐλημα;
1080 5205 1193 5258 Οὐκ
1219 5204 1378 5273 οἶδεν,
1417 5212 1599 5281 φησὶν,
1633 5216 1666 5282 ἡ

88 5294 169 5346 τοῦ
204 5294 345 5347 Θεοῦ
380 5293 562 5356 κτίσις
606 5296 845 5365 πονηρᾶς
875 5313 1016 5360 τινος
1049 5298 1259 5369 ἡμέρας
1306 5304 1664 5375 κατασκευὴν,

91 5381 150 5441 ὥς
170 5384 456 5453 μαρτυρεῖ
478 5384 577 5451 τῆς
601 5386 981 5454 κοσμογενείας
1009 5386 1217 5455 όλόγος,
1233 5389 1345 5442 ἀλλ’
1370 5392 1401 5460 ἡ
1431 5393 1668 5465 ἁμαρτία

93 5474 171 5543 τὴν
196 5475 611 5545 άγαλλιάσιμον
650 5477 880 5547 ἡμέραν,
906 5478 1068 5546 φόϐου
1107 5481 1205 5535 καὶ
1240 5486 1503 5553 τιμωρίας
1541 5487 1667 5556 ἠμέ-

95 5582 176 5635 ραν
222 5567 519 5636 ἐποίησεν,
553 5566 618 5635 ἦν
659 5566 787 5636 ἐξῆν
835 5570 907 5639 μὴ
948 5571 1257 5638 φοϐεῖσθαι,
1289 5575 1337 5627 εἰ
1386 5576 1459 5647 μὴ
1499 5578 1526 5628 6
1568 5577 1665 5647 τὴν

100 5658 314 5728 ῑτέρναν
350 5655 521 5726 ἡμῶν
547 5656 820 5727 ἐπιτηρῶν
850 5658 989 5728 ὄφις,
1025 5654 1070 5729 ᾧ
1100 5663 1269 5734 ὄνομά
1309 5667 1454 5720 ἐστιν
1486 5669 1518 5737 ἡ
1546 5668 1665 5720 ἀνο-

102 5747 194 5809 ιία,
227 5748 436 5816 κύκλῳ
470 5746 568 5816 τὴν
603 5750 825 5819 πορείαν
852 5750 945 5804 τοῦ
982 5751 1097 5823 βίου
1134 5754 1406 5823 διέλαϐεν,
1441 5758 1519 5829 τῷ
1551 5760 1663 5831 ἰδίῳ

141 5921 185 5953 ³⁵
211 5922 365 5977 Psal.
417 5937 614 5986 XLvut,
643 5923 677 5975 ‘2
708 5939 825 5994 sqq.

1767 4761 2026 4816 ditatione
2052 4754 2316 4825 provenit.
2352 4748 2468 4803 Non
2498 4748 2642 4803 enim
2674 4748 2825 4816 prius
2854 4746 2989 4800 dixit
3018 4763 3077 4801 se
3120 4745 3331 4815 aperire

1752 4872 1850 4919 ros,
1884 4868 2046 4923 quam
2098 4844 2438 4904 inclinaverit
2469 4858 2651 4896 aurem
2710 4841 2774 4893 ad
2816 4855 3124 4895 sermonem
3162 4840 3329 4905 illius,

1771 4944 1864 5013 qui
1894 4942 1943 4995 ei
1983 4937 2305 5008 suggerebat
2336 4932 2538 4987 omnia.
2566 4929 2744 4997 lnquit
2765 4930 2906 4982 enim
2951 4948 2963 4982 :
3005 4948 3023 4979 ι
3058 4926 3131 4982 Os
3156 4944 3332 4983 meum

1770 5038 2021 5104 loquetur
2062 5028 2402 5097 sapientiam,
2459 5032 2513 5077 et
2543 5022 2822 5076 meditatio
2850 5021 3031 5076 cordis
3066 5022 3168 5076 mei
3200 5038 3331 5091 pru-

1744 5127 2028 5185 dentiam,
2065 5141 2083 5173 ι
2140 5135 2235 5174 seu
2267 5117 2596 5171 intellectum
2624 5134 2636 5169 :
2670 5116 3013 5185 primumque
3046 5133 3064 5165 ι
3104 5115 3334 5169 inclina--

1768 5219 1837 5271 bo
1879 5232 1931 5269 .n
1980 5211 2289 5283 parabolam
2336 5222 2520 5261 aurem
2556 5222 2751 5267 meam,
2789 5226 2805 5255 ι
2848 5214 2901 5259 et
2950 5214 3079 5259 tunc
3136 5223 3154 5255 ι
3213 5220 3335 5273 ape-

1769 5309 1904 5361 riam
1955 5307 2009 5358 in
2050 5300 2303 5372 psalterio
2347 5298 2769 5367 propositionem
2802 5312 2994 5351 meam.
3030 5315 3048 5348 ›
3085 5291 3333 5366 Quzeigi-

1769 5408 1858 5452 tur
1884 5407 1964 5450 est
1994 5396 2097 5449 ista
2128 5391 2430 5462 prudentia.
2462 5390 2675 5460 etquod
2706 5390 2982 5459 problema
3008 5404 3109 5444 seu
3138 5404 3335 5458 propo-

1771 5484 1926 5543 sitio?
1974 5483 2090 5537 Non
2142 5481 2294 5544 vidit,
2321 5480 2516 5549 inquit,
2542 5479 2633 5532 Dei
2665 5488 2911 5533 creatura
2944 5480 3068 5532 mali
3101 5480 3332 5547 alicujus

1770 5580 1873 5633 diei
1909 5575 2266 5637 affectionem,
2310 5580 2370 5626 ut
2409 5580 2637 5627 testatur
2668 5573 2907 5625 narratio
2931 5571 3115 5625 mundi
3146 5586 3332 5624 recens

1769 5667 1996 5730 conditi,
2029 5664 2124 5720 sed
2175 5671 2455 5732 peccatum
2524 5664 2805 5717 leetabilem
2838 5664 2982 5717 illam
3006 5672 3059 5717 et
3118 5664 3329 5732 plenam

1766 5754 2146 5818 exsultationis
2175 5753 2317 5808 diem
2345 5752 2522 5809 eﬂecit
2555 5753 2711 5807 nobis
2741 5753 2881 5807 diem
2912 5752 3123 5807 timoris
3158 5760 3213 5808 et
3241 5750 3332 5823 ju-
