4044 6516
619 560 722 616 559
1857 557 1913 610 S.
1957 553 2282 610 GREGORII
2305 553 2348 608 Ν
2355 553 2600 610 YSSENI
3689 555 3771 614 5(Ξο

620 676 769 743 dieii,
807 689 968 744 quam
997 681 1312 744 poteramus
1343 689 1452 728 non
1491 675 1761 739 timuisse,
1795 676 1901 729 nisi
1931 687 2179 744 serpens,
2213 723 2217 738 λ

2174 713 2179 732 .
2213 683 2254 740 Α
2282 671 2426 741 ὁλκῷ
2454 674 2572 735 ταῖς
2601 669 2872 733 ποικίλαις
2896 669 3003 723 τῶν
3023 667 3206 722 παθῶν
3233 671 3426 739 φολίσιν
3451 674 3656 748 φοϐερῶς
3679 678 3771 733 tm.

618 768 712 838 qui
743 767 1000 822 calcaneo
1045 775 1237 820 nostro
1289 765 1601 832 insidiatur,
1652 767 1811 836 cujus
1852 780 2050 820 nomen
2077 763 2185 818 ini-

1882 780 2050 820 lomen
2077 763 2185 818 ini-
2293 760 2533 834 φρίσσων
2575 759 2910 830 πανταχόθεν
2953 759 3048 812 καὶ
3081 761 3479 831 τραχυνόμενος.

617 860 827 930 quitas,
886 857 1136 926 undique
1187 857 1330 910 viam
1381 859 1504 912 vita:
1587 858 1746 913 nobis
1793 853 2237 924 circumsepisset
2273 849 2496 921 proprio
2531 865 2634 906 suo
2677 859 2856 904 rotatu
2910 859 2964 904 et
3006 865 3160 920 gyro,
3218 860 3273 904 et
3323 852 3472 908 variis
3519 859 3776 926 passionum

616 949 774 1019 quasi
802 949 1073 1017 squamis,
1099 947 1330 1002 terribili
1358 953 1584 1018 aspectu
1616 947 1858 1018 undique
1879 945 2197 1002 infrendens
2234 947 2290 996 et
2328 939 2732 997 inhorrescens.

687 1042 891 1097 Deinde
937 1041 1148 1112 psalmo
1206 1043 1262 1096 in
1317 1043 1455 1098 duas
1494 1051 1678 1112 partes
1735 1043 2031 1099 distributo
2060 1079 2076 1105 ,
2131 1039 2190 1092 in

2184 1059 2190 1092 ι
2352 1031 2495 1090 Ἐἶτα
2525 1035 2646 1106 διχῆ
2680 1035 2900 1091 διελθὼν
2942 1037 3121 1090 πᾶσαν
3155 1035 3252 1108 τὴν
3270 1036 3591 1109 ψαλμῳδίαν,
3620 1045 3668 1096 ὲν
3706 1047 3781 1116 μὲν

621 1137 794 1209 prima
841 1137 1062 1210 quidem
1109 1146 1265 1208 parte
1305 1139 1597 1194 consilium
1655 1138 1768 1205 dat,
1809 1154 1878 1193 ne
1901 1137 1967 1192 ad
2021 1137 2189 1190 alium

2289 1126 2366 1197 τῷ
2391 1126 2590 1200 πρώτῳ
2636 1128 2825 1198 μέρει,
2872 1127 3178 1199 συμβουλὴν
3229 1131 3581 1197 κατατίθεται,
3603 1135 3685 1188 τοῦ
3727 1142 3786 1208 μὴ

619 1230 910 1302 quemdam
938 1230 1287 1287 liberatorem
1316 1232 1653 1302 respiciant;
1699 1246 1876 1300 neque
1900 1230 2044 1285 enim
2079 1227 2191 1282 fra-

2188 1259 2191 1268 .
2289 1220 2426 1292 πρδς
2455 1221 2611 1276 ἀλλον
2643 1221 2859 1291 βλέπειν
2893 1221 3013 1274 τινὰ
3056 1221 3336 1294 λυτρωτήν
3365 1240 3377 1251 ·
3410 1223 3520 1278 οὔτε
3549 1227 3643 1299 γὰρ
3666 1229 3785 1282 ἀδελ-

620 1330 724 1386 ter,
751 1323 946 1392 inquit,
982 1322 1236 1384 redimet,
1269 1337 1372 1376 nec
1395 1321 1536 1376 alius
1577 1322 1849 1392 quispiam
1880 1319 2183 1381 hominum,

2291 1311 2389 1382 φὺς
2415 1311 2721 1383 λυτροῦται,
2749 1313 2936 1383 φησὶν,
2969 1310 3090 1365 οὔτε
3120 1312 3274 1377 ἄλλος
3300 1330 3382 1378 τις
3401 1313 3673 1387 ἄνθρωπος,
3700 1321 3786 1374 ἀλλ’

619 1413 714 1470 sed
748 1411 976 1483 quilibet
1015 1425 1115 1482 pro
1148 1411 1330 1481 seipso
1362 1411 1631 1476 exorabit,
1683 1411 1730 1466 si
1786 1429 1804 1461 ι
1826 1410 2036 1465 dederit
2077 1407 2186 1464 Deo

2289 1402 2323 1473 ἢ
2353 1401 2513 1466 αὐτὸς
2540 1403 2767 1467 ἕκαστος
2801 1403 2992 1457 ἑαυτὸν
3029 1403 3370 1474 ἐξαιτήσεται
3388 1404 3506 1458 ’ὲάν
3529 1423 3586 1476 γε
3619 1428 3636 1460 ι
3665 1409 3792 1462 δώσει

619 1505 1006 1575 plaeationem,
1035 1514 1088 1559 et
1113 1503 1348 1574 pretium
1379 1503 1766 1573 redemptionis
1793 1505 1988 1557 animae
2013 1517 2177 1558 suam

2287 1494 2366 1565 τῷ
2389 1495 2509 1566 Θεῷ
2542 1495 2807 1564 ὲξίλασμα
2831 1493 3046 1560 ἑαυτοῦ,
3083 1496 3176 1549 καὶ
3213 1495 3311 1567 τὴν
3339 1497 3496 1568 τιμὴν
3517 1499 3605 1568 τῆς
3624 1499 3793 1571 λυτρώ-

618 1596 774 1662 Quod
821 1593 1042 1664 quidem
1075 1593 1292 1650 consilii
1343 1594 1466 1648 loco
1516 1594 1582 1648 ad
1615 1595 1832 1648 illorum
1871 1593 2182 1664 superbiam

2289 1604 2426 1651 σεως
2471 1587 2572 1657 τῆς
2607 1588 2784 1658 ψυχῆς
2826 1589 3010 1642 αὑτοῦ.
3061 1607 3080 1640 ι
3140 1590 3204 1641 Ὃ
3239 1588 3479 1658 βούλεται
3539 1592 3797 1664 συμϐουλήν

617 1685 1023 1756 coarguendam
1053 1683 1205 1748 dicit,
1240 1684 1332 1755 qui
1363 1681 1570 1738 frustra
1600 1698 1820 1753 operam
1846 1684 1903 1738 in
1933 1684 2036 1738 hac
2076 1685 2184 1736 vita

2287 1679 2422 1748 πρὸς
2453 1678 2754 1749 ὑπεροψίαν
2778 1680 2887 1732 τῶν
2921 1681 3096 1750 μάτην
3131 1679 3562 1752 σπουδαζομένων
3589 1685 3799 1752 γενέσθαι

619 1784 971 1842 consumunt,
1007 1763 1359 1846 studiumque
1389 1777 1446 1832 in
1485 1775 1843 1832 infructuosis
1879 1776 2046 1832 rebus
2084 1791 2181 1845 po-

2286 1766 2384 1837 τὴν
2415 1767 2851 1840 σπουδαζομένην
2875 1771 2931 1822 ὲν
2952 1769 3030 1840 τῷ
3056 1770 3154 1841 βίῳ
3177 1771 3350 1844 τούτῳ
3369 1773 3504 1826 κατὰ
3531 1774 3586 1826 τὸ
3615 1775 3801 1845 μάταιον

617 1879 772 1926 nunt.
806 1871 978 1938 Quam
1000 1871 1170 1926 variis
1197 1870 1476 1928 laboribus
1501 1886 1624 1926 sese
1649 1871 1879 1942 fatigant
1909 1870 2180 1934 homines,

2290 1856 2632 1911 ἀκολουθίαν.
2656 1857 2780 1922 Πῶς
2813 1861 2869 1912 ἐν
2904 1859 3151 1928 ἀνοήτοις
3171 1862 3414 1930 διάγουσι
3461 1865 3635 1928 κόποις
3655 1867 3699 1918 οἱ
3732 1866 3803 1920 ἀν-

617 1963 773 2032 qnasi
803 1978 1015 2033 semper
1050 1963 1244 2018 victuri
1295 1971 1480 2020 essent
1503 1981 1518 2030 ;
1545 1979 1706 2036 quam
1743 1965 1932 2034 procul
1963 1963 2032 2019 ab
2076 1963 2184 2018 illis

2219 2000 2257 2054 Β
2293 1945 2497 2017 θρωποι
2519 1988 2534 2012 ,
2565 1949 2642 2011 ὡς
2692 1951 2778 2002 ἀεὶ⁵
2815 1949 3071 2022 ζήσεσθαι
3121 1953 3554 2023 προσδοκῶντες;
3591 1956 3698 2020 Πῶς
3731 1958 3809 2027 τὴν

613 2055 876 2126 cogitatio
907 2053 1297 2125 corruptionis,
1329 2069 1448 2124 quae
1477 2062 1706 2110 mortem
1738 2056 2052 2120 comitatur,
2086 2057 2179 2125 qui

2221 2037 2257 2054 “¹
2286 2037 2374 2092 διὰ
2397 2039 2490 2093 τοῦ
2517 2039 2746 2095 θανάτου
2773 2043 3117 2116 καταφθορὰν
3165 2046 3264 2098 οὐκ
3295 2046 3614 2112 ἐλπίζουσιν,
3634 2049 3677 2102 οἱ
3707 2053 3807 2114 τοὺς

614 2145 858 2218 quoridie
901 2155 1028 2200 ante
1073 2146 1262 2202 oculos
1305 2160 1437 2200 suos
1475 2145 1659 2200 vident
1697 2145 1832 2202 alios
1861 2148 2176 2207 morientes,

2287 2131 2393 2202 πρὸ
2412 2133 2588 2186 αὐτῶν
2627 2135 3064 2207 ἀποθνήσκοντας
3089 2137 3377 2210 βλέποντες
3410 2157 3424 2200 ;
3459 2141 3549 2194 xui
3569 2143 3645 2195 ὅτι
3675 2143 3813 2214 ἀφρο-

614 2233 866 2304 quodque
896 2233 1262 2288 certissimum
1302 2242 1357 2289 et
1383 2235 1730 2290 verissimum
1759 2236 2004 2291 stultitiae
2024 2243 2077 2292 et
2106 2238 2182 2290 in-

2285 2221 2376 2285 νές
2414 2223 2550 2276 εἰσιν
2581 2222 2656 2288 ὡς
2695 2225 2926 2296 ἀληθῶς,
2971 2231 3064 2281 καὶ
3103 2230 3322 2299 ἀνόητοι
3345 2270 3359 2294 ,
3390 2231 3438 2284 οἱ
3490 2233 3583 2285 οὐκ
3628 2233 3812 2298 εἰδότες,

615 2323 882 2394 sipientize
929 2335 1308 2394 argumentum
1359 2332 1464 2386 est,
1523 2324 1616 2394 qui
1662 2327 1916 2380 nesciunt
1947 2343 2007 2382 se
2054 2336 2180 2398 post

2285 2312 2368 2366 ὅτι
2395 2315 2532 2383 μετά
2556 2315 2646 2370 τὸν
2670 2318 2793 2388 τῇδε
2817 2318 2927 2388 βίον
2955 2321 3133 2384 ἀλλοις
3159 2323 3544 2392 καταλείψουσι
3572 2325 3657 2378 τδν
3689 2325 3821 2378 πλοῦ-

615 2415 758 2470 banc
803 2415 969 2470 vitam
1026 2417 1146 2470 aliis
1184 2415 1402 2473 divitias
1455 2415 1554 2472 has
1603 2417 1913 2482 relicturos,
1971 2421 2180 2491 seipsos

2284 2420 2375 2457 τον
2403 2405 2580 2459 αὐτῶν
2601 2423 2614 2437 ’
2641 2408 2794 2462 αὐτοὶ
2818 2409 2874 2462 δὲ
2899 2409 3089 2480 τάφοις
3119 2413 3198 2476 εις
3233 2413 3298 2466 τδ
3321 2413 3564 2484 διηνεκὲς
3595 2419 3822 2486 παροική-

615 2515 796 2563 autem
836 2507 891 2561 in
944 2508 1210 2576 sepulcris
1268 2509 1325 2562 in
1363 2515 1684 2578 perpetuum
1730 2525 2035 2578 mansuros,
2085 2515 2178 2582 qui

2287 2509 2490 2561 σουσιν,
2516 2497 2568 2548 οί
2592 2497 2659 2550 τὰ
2680 2499 2918 2570 ὀνόματα
2942 2501 3120 2556 αὐτῶν
3147 2503 3249 2556 οὐκ
3274 2505 3334 2558 ὲν
3361 2504 3608 2574 οὐρανοῖς
3635 2505 3716 2560 διὰ
3747 2508 3828 2576 τῆς

615 2600 836 2654 nomina
885 2613 982 2654 sua
1022 2613 1119 2669 per
1157 2599 1320 2653 vitam
1363 2600 1736 2656 sublimiorem
1789 2601 1842 2654 in
1889 2603 2028 2658 caelo
2071 2619 2178 2658 non

2286 2583 2620 2657 ὑψηλοτέρας
2648 2587 2792 2660 ζωῆς
2817 2591 3253 2665 ἀπο-γράψαντες,
3289 2594 3408 2648 ἀλλ’
3426 2597 3484 2650 ἐν
3513 2599 3576 2668 τῇ
3612 2601 3676 2668 γῇ
3704 2601 3829 2666 γενέ-

615 2689 1060 2760 descripserunt;
1105 2690 1199 2746 sed
1231 2705 1354 2744 eum
1383 2691 1436 2744 in
1471 2699 1618 2746 terra
1661 2692 1776 2747 ﬁeri
1807 2694 2044 2748 celebres
2079 2710 2178 2750 cu-

2287 2673 2408 2726 σθαι
2443 2675 2732 2748 ὀνομαστοὶ
2759 2680 3095 2751 ποθήσαντες
3114 2723 3129 2746 ,
3169 2685 3493 2756 ἀνωνύμους
3547 2687 3755 2751 ἑαυτοὺς
3787 2689 3833 2740 ὲν

618 2793 827 2852 perent,
857 2780 1102 2838 fecerunt
1129 2782 1340 2851 seipsos
1370 2781 1425 2836 in
1464 2783 1674 2840 caelesti
1701 2785 1790 2838 illa
1823 2785 2042 2841 civitate
2081 2787 2180 2842 ob-

2282 2767 2348 2836 τῇ
2384 2765 2494 2820 ἀνω
2518 2768 2667 2822 πόλει
2692 2770 2973 2841 ἐποίησαν.
3007 2773 3222 2827 Τούτων
3257 2775 3316 2830 δὲ
3339 2778 3573 2834 πάνταν
3593 2779 3770 2840 αἴτιον,
3789 2777 3837 2830 τδ

615 2888 809 2930 scuros
838 2880 892 2928 et
921 2874 1037 2928 sine
1067 2874 1308 2928 nomine.
1351 2872 1557 2927 Horum
1595 2875 1836 2930 omnium
1875 2891 2040 2931 causa
2073 2887 2177 2941 est,

2287 2862 2361 2932 μὴ
2388 2861 2622 2914 συνιέναι
2641 2861 2732 2914 τὸν
2759 2863 3040 2933 ἄνθρωπον
3063 2867 3159 2936 τῆς
3191 2867 3330 2932 ἰδίας
3358 2871 3546 2941 τιμῆς,
3565 2868 3696 2927 ἀλλλά
3723 2869 3840 2941 πρὸς

614 2961 760 3032 quod
791 2961 954 3016 homo
975 2961 1256 3031 proprium
1290 2976 1447 3017 suum
1472 2961 1732 3018 honorem
1761 2980 1869 3019 non
1893 2967 2174 3038 intelligat,

2282 2952 2380 3016 τὰς
2410 2951 2704 3021 κηνὼδεις
2728 2953 2917 3024 ήδονὰς
2951 2957 3212 3022 ἑκουσίως
3247 2964 3655 3033 κατασυρῆναι,
3685 2961 3847 3032 λαιμῷ

617 3052 709 3108 sed
738 3049 805 3106 ad
837 3051 1026 3106 brutas
1057 3051 1365 3122 voluptates
1412 3061 1604 3122 sponte
1648 3069 1748 3109 sua
1785 3071 1905 3111 sese
1937 3057 2174 3127 abjiciat,

2284 3047 2378 3102 καὶ
2424 3049 2652 3120 γαστρὶ,
2685 3050 2780 3102 καὶ
2821 3047 2897 3119 τῷ
2933 3051 3071 3120 μετά
3112 3053 3366 3125 γαστέρα
3399 3056 3558 3128 ῥύπῳ
3589 3057 3851 3128 γενόμενον

615 3137 886 3194 obnoxius
914 3139 1054 3210 gulae
1093 3147 1146 3195 et
1177 3141 1370 3202 ventri,
1409 3142 1586 3212 iisque
1617 3159 1738 3214 quae
1765 3153 2006 3202 ventrem
2047 3163 2178 3202 eon-

2283 3138 2516 3194 ἔκδοτον.
2551 3131 2719 3194 Τοῦτο
2751 3141 2849 3210 τῆς
2881 3142 3102 3214 πρώτης
3143 3145 3485 3216 διαιρέσεως
3525 3147 3618 3203 τοῦ
3661 3148 3856 3219 ψαλμοῦ

615 3238 940 3302 sequuntur,
967 3230 1254 3285 sordibus.
1289 3229 1413 3286 Haec
1443 3248 1571 3302 pars
1608 3242 1693 3290 est
1729 3235 1917 3305 primae
1951 3237 2177 3292 divisio-

2283 3231 2344 3282 τὸ
2375 3231 2556 3301 μέρος.
2583 3231 2658 3284 Τὸ
2675 3231 2731 3284 δὲ
2773 3232 3088 3302 λειπόμενον
3129 3237 3186 3288 ὲν
3225 3235 3427 3302 ἄλλοις
3462 3237 3576 3310 ἔχει
3615 3239 3709 3310 τὴν
3745 3255 3857 3291 κατ-

617 3324 700 3380 nis
745 3322 907 3393 hujus
945 3321 1159 3392 psalmi.
1210 3320 1436 3393 Reliqua
1469 3340 1595 3393 pars
1633 3325 1702 3381 ad
1747 3327 1849 3380 alia
1883 3329 2172 3396 reprehen-
2203 3352 2214 3402 ε

2281 3323 2527 3394 ηγορίαν.
2547 3323 2714 3377 Πάλιν
2747 3323 2802 3377 δὲ
2829 3327 2907 3388 εἰς
2931 3327 2991 3378 τὸ
3013 3328 3143 3380 αὐτὸ
3175 3329 3346 3400 ῥῆμα.
3376 3332 3706 3402 περαιοῦται
3735 3333 3761 3384 ὁ
3785 3330 3862 3383 λό-

615 3417 826 3471 sionem
862 3423 918 3470 et
947 3415 1352 3472 accusationem
1382 3417 1608 3490 dirigit;
1643 3435 1945 3489 rursusque
1983 3421 2176 3477 iisdem

2279 3429 2392 3481 γος.
2425 3413 2628 3476 Τοῦτο,
2657 3407 2841 3482 οἴμαι,
2876 3415 3266 3487 φιλοσοφούσης
3330 3420 3474 3489 ήμῖν
3531 3419 3632 3489 τῆς
3667 3433 3863 3488 προφη-

613 3508 796 3562 verbis
836 3493 1164 3562 terminatur
1204 3509 1414 3574 oratio;
1454 3510 1710 3566 videlicet
1759 3510 1864 3565 hoc
1899 3511 2060 3567 nobis
2093 3513 2180 3568 itt-

2277 3501 2444 3564 τείας,
2476 3501 2558 3554 ὅτι
2607 3501 2668 3554 τὸ
2701 3503 2914 3573 πρῶτον
2945 3505 3114 3557 αἴτιον
3149 3505 3250 3575 τῆς
3277 3507 3408 3561 ιτῶν
3434 3508 3631 3562 κακῶν
3653 3507 3870 3568 εἰσόδου,

616 3598 798 3652 sinuat
833 3594 1125 3667 Propheta,
1149 3598 1378 3667 primam
1414 3613 1636 3654 causam
1672 3602 1800 3655 mali
1827 3603 1880 3656 in
1913 3603 2177 3658 mundum

2278 3591 2337 3645 τὸ
2367 3591 2832 3664 ’ἀποκτηνωθῆναι
2878 3593 2968 3648 τὸν
3001 3593 3292 3670 ἄνθρωπον
3323 3601 3449 3662 τοῖς
3481 3597 3869 3667 ζωωδεστέροις

616 3687 850 3760 ingressi
879 3685 1070 3754 fuisse,
1097 3687 1241 3758 quod
1271 3685 1434 3741 homo
1459 3688 1635 3743 brutis
1663 3697 1718 3744 et
1748 3705 1778 3743 a
1808 3691 2021 3744 ratione
2047 3692 2179 3746 alie-

2280 3685 2614 3754 παθήμασιν.
2651 3685 2953 3756 Γενομένης
2971 3686 3028 3739 δὲ
3056 3688 3185 3756 ἡμῖν
3219 3688 3287 3742 ὲκ
3327 3687 3573 3760 χάριτος
3603 3688 3704 3759 τῆς
3727 3687 3877 3758 θερα-

615 3780 703 3836 nis
732 3779 1118 3850 cupiditatibus
1148 3778 1343 3834 similis
1372 3777 1443 3834 sit
1469 3778 1692 3835 eﬂ‘ectus
1715 3779 2008 3848 iumentis;
2052 3797 2175 3836 cum

2280 3778 2439 3842 πείας
2486 3777 2580 3830 τοῦ
2634 3775 2874 3831 τοιούτου
2932 3778 3102 3830 κακοῦ
3145 3777 3234 3831 διὰ
3269 3779 3377 3832 τοῦ
3435 3779 3875 3850 ὲπισκεψαμένου

615 3880 796 3928 autem
836 3878 1026 3926 contra
1070 3869 1269 3923 malum
1303 3869 1572 3925 medicina
1623 3878 1808 3940 parata
1843 3871 2002 3926 nobis
2032 3882 2177 3927 esset

2288 3865 2546 3938 οἰκτιρμῷ
2569 3867 2630 3920 τὸ
2655 3866 3010 3938 ἀνθρώπινον.
3057 3869 3217 3922 πάλιν
3275 3871 3536 3941 ἀφέντες
3567 3873 3664 3927 τδν
3695 3871 3885 3941 ἀγαθον

614 3963 683 4020 ab
729 3978 816 4029 eo,
871 3961 963 4032 qui
1010 3961 1312 4016 humanum
1369 3976 1540 4032 genus
1576 3961 1950 4018 misericordia
1995 3974 2178 4022 motus

2288 3963 2528 4033 ποιμένα,
2555 3959 2658 4015 ὑπὸ
2683 3961 2777 4015 τοῦ
2810 3961 3037 4015 θανάτου
3064 3963 3470 4032 ποιμαίνονται
3493 3981 3508 3995 °
3543 3966 3608 4018 οὐ
3643 3965 3774 4036 πρὸς
3794 3963 3885 4033 τὴν

612 4053 890 4121 visitavit;
937 4053 1211 4120 homines,
1258 4052 1472 4108 deserto
1507 4071 1702 4112 rursus
1741 4055 1884 4110 bono
1937 4065 2176 4125 pastore,

2298 4054 2546 4124 ιύράνιον,
2577 4054 2710 4108 ἀλλὰ
2738 4055 2869 4125 πρὸς
2898 4055 2993 4126 τὴν
3024 4056 3080 4107 ὲν
3113 4055 3240 4125 ᾅδου
3277 4057 3474 4130 νομὴν
3513 4059 3750 4120 ἑαυτοὺς
3783 4057 3895 4110 tm-

613 4149 776 4202 morti
811 4145 1114 4217 pascendos
1163 4161 1222 4201 se
1249 4145 1492 4210 tradunt,
1546 4163 1655 4202 non
1695 4147 1762 4202 ad
1797 4149 2042 4203 cmlestia
2076 4164 2175 4218 pa-

2294 4145 2575 4213 ιλίναντες,
2619 4148 2864 4220 πρόϐατα
2915 4149 3004 4201 τοῦ
3053 4148 3179 4220 ᾅδου
3221 4149 3562 4221 γενόμενοι.
3595 4152 3739 4222 Φησὶ
3769 4150 3891 4220 γὰρ.

613 4238 763 4305 bula,
813 4237 910 4293 sed
956 4237 1022 4290 ad
1066 4235 1238 4291 infera
1275 4237 1576 4304 tendentes,
1614 4239 1810 4294 inferni
1857 4254 1988 4294 oves
2027 4240 2176 4296 facti.

2309 4259 2383 4305 τι,
2415 4253 2434 4288 ι
2466 4238 2557 4302 Ὧς
2585 4239 2830 4314 πρόϐατα
2861 4243 2918 4296 ἐν
2954 4243 3052 4315 ᾄδῃ
3089 4243 3296 4308 ἔθεντο,
3340 4244 3606 4309 θάνατος
3651 4245 3905 4316 ποιμανεῖ

615 4328 758 4382 Dicit
804 4329 978 4382 enim:
1027 4325 1224 4381 «Sicut
1275 4343 1406 4384 oves
1457 4330 1509 4382 in
1562 4329 1774 4384 inferno
1820 4332 1982 4401 positi
2029 4341 2177 4397 sunt,

2311 4332 2490 4396 ὑτούς.
2521 4353 2538 4386 ι
2577 4334 2686 4387 Καὶ
2725 4334 2893 4398 οὕτως
2924 4337 2988 4390 ἐκ
3021 4336 3274 4405 δευτέρου
3329 4339 3574 4404 γίνεται
3609 4336 3782 4390 πάλιν
3825 4335 3908 4387 διὰ

615 4435 761 4476 mors
782 4419 1034 4489 depascet
1063 4435 1212 4474 eos.»
1252 4419 1344 4474 Sic
1373 4421 1553 4474 denuo
1589 4438 1684 4490 per
1708 4431 1988 4492 peccatum
2015 4425 2178 4478 indu-

2316 4425 2378 4496 ἧς
2415 4425 2686 4497 ἁμαρτίας
2717 4427 2750 4496 ἡ
2791 4425 2890 4497 τῆς
2919 4428 3084 4499 τιμῆς
3108 4429 3205 4500 τῆς
3243 4431 3410 4484 κατά
3445 4431 3628 4501 χάριν
3659 4431 3796 4502 ἡμῖν
3819 4444 3913 4496 γε-

613 4509 758 4564 citur
793 4509 995 4564 oblivio
1028 4509 1147 4577 ejus
1188 4508 1490 4578 dignitatis,
1523 4527 1646 4579 qttac
1679 4513 1837 4566 nobis
1871 4513 2054 4566 divino
2085 4513 2180 4568 be-

2322 4515 2509 4587 >μένης
2536 4517 2877 4588 ἀναισθησία.
2903 4519 2994 4572 καὶ
3035 4519 3169 4588 πρὸς
3198 4519 3296 4572 τὸν
3338 4521 3566 4589 ἄλογον
3600 4521 3723 4592 βίον
3758 4533 3919 4572 κατα-

613 4597 810 4653 neﬁcio
838 4596 1050 4668 obtigit,
1082 4603 1134 4650 et
1159 4597 1226 4650 ad
1260 4598 1421 4651 vitam
1454 4601 1686 4654 rationis
1713 4609 1986 4670 expertem
2023 4603 2180 4656 incli-

2328 4609 2440 4676 ορά.
2485 4609 2600 4660 Πᾶν
2645 4607 2752 4680 γὰρ
2790 4609 2848 4662 τὸ
2887 4609 2990 4673 ἔξω
3029 4609 3118 4662 τοῦ
3157 4609 3444 4680 ἀληθινοῦ
3477 4612 3662 4682 λόγου
3702 4608 3925 4681 Turdus-

612 4692 763 4746 natio
792 4689 1072 4745 exoritur:
1103 4702 1264 4743 omne
1286 4689 1429 4744 enim
1453 4689 1610 4754 illud,
1642 4691 1785 4761 quod
1811 4701 1961 4746 extra
1991 4707 2175 4748 veram

2330 4715 2389 4760 ιν,
2413 4697 2600 4766 ἀλογία
2631 4697 2793 4754 ἐστίν.
2831 4699 2988 4754 Ἷδιον
3015 4701 3070 4754 δὲ
3096 4699 3190 4754 τοῦ
3216 4703 3492 4774 κτήνους
3529 4705 3600 4758 τὸ
3631 4703 3838 4772 ἄλογόν
3871 4717 3927 4752 τε

615 4783 878 4837 rationem
903 4789 1006 4844 est,
1039 4781 1264 4837 rationis
1287 4782 1570 4838 destitutio
1592 4791 1705 4838 est:
1744 4784 2021 4854 proprium
2047 4799 2176 4840 vero
2284 4785 2378 4838 καὶ
2419 4787 2660 4854 ἀνόητον.

608 4873 838 4944 jumenti
869 4881 952 4929 est
986 4875 1196 4930 ratione
1226 4885 1279 4930 et
1313 4881 1492 4929 mente
1519 4889 1723 4929 carere.

1197 4963 1422 5020 CAPUT
1452 4963 1589 5020 XIII.

2819 4969 3208 5023 ΚΕΦᾹΔΛῘΟΝ
3239 4973 3354 5026 ῐΓ¹.

685 5053 883 5110 Verum
935 5055 1115 5109 omnia
1168 5069 1289 5126 quae
1325 5059 1382 5110 in
1429 5055 1640 5124 psalmo
1691 5065 1839 5118 sunt,
1897 5055 2172 5125 sigillatim

2356 5055 2431 5108 Τὰ
2454 5055 2517 5108 δὲ·
2553 5057 2673 5110 καθ’
2703 5057 2930 5111 ἕκαστον
2953 5059 3060 5114 τῶν
3102 5063 3158 5114 ὲν
3185 5063 3250 5132 τῇ
3293 5063 3650 5139 ψαλμῳδίᾳ
3689 5069 3768 5121 δι’
3797 5069 3953 5136 ἀκρι-

609 5145 747 5202 velle
783 5149 1063 5218 prosequi,
1119 5155 1175 5204 et
1207 5161 1658 5214 commemorare,
1709 5163 2173 5218 supervacaneum

2356 5145 2434 5208 Ξας
2459 5145 2552 5197 ἐπὶ
2578 5144 2774 5209 λέξεως
2797 5147 3148 5218 ἀναγράφειν,
3178 5155 3482 5222 περιττὸν
3531 5159 3611 5211 ἂν
3649 5159 3772 5230 εἴη,
3819 5157 3953 5210 πολ-

610 5235 794 5296 fuerit,
827 5251 948 5290 cum
982 5251 1044 5291 ea
1067 5252 1188 5307 qua:
1217 5238 1418 5293 omissa
1445 5248 1592 5302 sunt,
1627 5239 1769 5294 facili
1803 5239 1985 5294 labore
2014 5254 2080 5293 ex
2105 5239 2175 5294 iis

2366 5255 2377 5298 ;
2426 5237 2674 5300 εὐκολίας
2703 5237 2868 5308 οὔσης
2923 5239 2998 5308 τῷ
3048 5239 3386 5314 βουλομένῳ
3457 5247 3570 5300 διὰ
3633 5250 3759 5302 τῶν
3807 5251 3963 5318 εἰρη-

611 5343 731 5397 qua:
765 5327 1002 5383 diximus
1042 5329 1256 5400 possint
1301 5329 1665 5396 innotescere,
1713 5339 1772 5384 ut
1799 5329 2029 5401 proinde
2063 5345 2170 5384 non

2366 5345 2458 5379 mw
2524 5327 2618 5381 καὶ
2649 5327 2720 5382 τὰ
2771 5330 3074 5402 παρεθέντα
3125 5335 3552 5404 κατανοῆσαι.
3581 5337 3774 5392 Ὥστε
3805 5337 3963 5391 οὐδὲν

611 5419 843 5473 arbitrer
868 5419 1167 5486 orationem
1195 5419 1409 5490 longius
1441 5421 1863 5490 protrahendam
1891 5437 2033 5487 esse,
2067 5421 2171 5476 nisi

2374 5436 2429 5472 αι
2473 5419 2584 5473 δεῖν
2633 5423 2892 5491 μηκύνειν
2939 5423 3026 5476 διὰ
3083 5423 3455 5494 πολυλογίας
3515 5433 3630 5485 τὸν
3697 5431 3971 5501 λόγον-ἥ

611 5511 749 5565 forte
783 5511 914 5566 illud
951 5513 1328 5568 tantummodo
1355 5514 1703 5582 repetendum
1735 5515 1804 5569 sit
1831 5531 1894 5570 ex
1925 5515 2014 5578 iis,
2052 5531 2172 5585 qua:

2378 5529 2430 5564 το
2475 5511 2636 5582 μόνον
2681 5515 2972 5582 ἀναγκαῖόν
3029 5517 3174 5568 ἐστιν
3225 5517 3687 5578 ἐπαναλαϐεῖν
3739 5529 3812 5578 ἐκ
3865 5525 3975 5578 τῶν

603 5599 714 5667 jam
773 5617 938 5671 supra
985 5601 1260 5672 disputata
1315 5611 1465 5668 sunt,
1519 5619 1771 5674 magnum
1810 5604 2066 5661 Davidcm
2115 5607 2170 5661 in

2388 5601 2787 5672 εξητασμένων,
2810 5606 2888 5658 ὃτι
2911 5605 3336 5677 δι’ἀμφοτέρων
3365 5613 3724 5685 εὐεργετεῖ
3755 5621 3866 5689 τὴν
3889 5621 3985 5671 ἁν-

609 5688 906 5744 humanum
962 5707 1132 5762 genus
1185 5698 1416 5761 utroque
1461 5691 1624 5746 modo
1674 5693 1974 5748 beneﬁcum
2027 5709 2170 5758 esse,

2393 5691 2552 5764 πίνην
2574 5694 2735 5764 φύσιν
2771 5696 2800 5748 ό
2836 5697 3010 5766 μέγας
3054 5697 3236 5761 Δαϐὶδ,
3277 5697 3370 5752 δι’
3409 5697 3507 5757 ὧν
3562 5724 3632 5758 τε
3685 5688 3987 5779 προτυποί

611 5785 740 5830 tunc
787 5779 1012 5844 scilicet,
1063 5795 1188 5835 cum
1229 5783 1457 5837 salutem
1501 5791 1744 5837 nostram
1793 5799 1890 5854 per
1925 5785 2168 5855 symbola

2400 5784 2616 5848 Ξολικῶς
2643 5785 2739 5856 τὴν
2775 5789 3048 5858 σωτηρίαν
3079 5787 3234 5859 ἡμῶν
3261 5827 3280 5852 ,
3327 5793 3453 5846 καὶ
3491 5795 3577 5848 δι’
3627 5791 3722 5852 ὧν
3764 5795 3997 5851 ὑποδεί-

611 5870 852 5935 ιιυωιΙιιιιι
886 5871 1131 5926 etTortnat
1161 5885 1214 5928 et
1243 5873 1551 5936 adumbrat,
1583 5884 1637 5928 et
1669 5883 1800 5928 tunc
1830 5891 1952 5928 cum
1992 5876 2169 5929 humi-

2398 5891 2433 5927 ιι
2463 5877 2572 5938 τοίς
2601 5876 2908 5948 ἀνθρώποις
2927 5879 3026 5949 τῆς
3055 5877 3376 5948 μετανοίας
3427 5885 3546 5937 τὸν
3581 5889 3850 5958 τρόπον,
3879 5883 3995 5938 οἷόν

607 5958 770 6014 nibus
800 5962 1016 6016 modum
1051 5965 1380 6034 pmnitentia:
1418 5965 1791 6021 demonstrat:
1833 5967 1920 6022 cui
1959 5967 2169 6037 egregie

2441 5968 2631 6040 τέχνην
2677 5971 2977 6025 ἐπιϐάλλων
3021 5973 3188 6041 τούτῳ
3223 5973 3328 6043 τῷ
3379 5980 3862 6054 κατορθιῖηλατι
3909 5979 4005 6037 διὰ
