3986 6508
218 468 313 522 561

1624 477 1688 531 ΙΝ
1728 478 2065 535 PSALMOS.

3360 469 3463 526 56?.

221 587 320 657 τῆς
354 588 724 658 πεντηκοστῆς
767 589 1100 661 ψαλμῳδίας,
1127 593 1194 645 δι’
1215 590 1282 665 ἦς
1315 593 1448 664 ἄλλη
1480 595 1602 664 νίκη
1650 593 1791 646 κατά

1906 594 2041 650 facto
2058 605 2112 649 et
2144 593 2400 649 laudabili
2434 593 2611 662 operi,
2644 591 2792 645 velut
2830 596 3005 645 artem
3026 589 3323 660 quamdam
3356 592 3459 647 ad-

229 679 313 733 τοῦ
340 679 634 733 ἀντιπάλου
665 682 795 751 ἡμῖν
822 683 1183 755 ἐτοιμάζεται.
1210 684 1281 737 Τὸ
1308 685 1416 757 γὰρ
1448 676 1648 739 ειδέναι
1681 686 1791 741 τῶν

226 770 405 823 κακῶν
436 771 659 834 ἑαυτοὺς
687 772 1053 844 ἐκκαθαίρειν,
1082 779 1182 845 τῆς
1208 775 1491 846 διηνεκοῦς
1523 777 1667 830 κατὰ
1693 776 1787 830 τοῦ

225 861 416 933 ἐχθροῦ
438 862 592 930 νίκης
617 864 934 934 παρασκευὴ
962 865 1166 934 γίνεται
1195 869 1286 919 καὶ
1318 867 1590 932 ὑπόθεσις.
1622 869 1796 922 Ἀδια-

225 956 439 1008 λείπτου
482 955 590 1026 γὰρ
639 956 769 1026 ἡμῖν
804 956 971 1028 οὔσης
1000 959 1058 1010 ἐν
1095 959 1172 1029 τῷ
1214 959 1312 1028 βίῳ
1347 961 1447 1029 τῆς
1480 961 1656 1031 πάλης
1699 961 1796 1029 τῆς

230 1048 520 1118 γενομένης
549 1048 684 1117 πρὸς
718 1050 810 1102 τὸν
835 1052 1252 1121 κοσμοκράτορα
1294 1052 1386 1105 τοῦ
1422 1054 1645 1116 σκότους
1672 1052 1794 1105 τού-

224 1156 337 1202 του,
368 1140 463 1192 καὶ
512 1139 646 1209 πρὸς
686 1139 757 1191 τὰ
795 1141 1143 1211 πνευματικὰ
1166 1142 1267 1211 τῆς
1302 1144 1563 1214 πονηρίας
1588 1145 1647 1197 ὲν
1683 1147 1795 1207 τοῖς

224 1229 565 1301 ἐπουρανίοις
602 1247 616 1261 ο
658 1230 841 1302 ἐπειδὴ
889 1230 947 1283 ἓν
996 1232 1154 1302 μόνον
1207 1232 1650 1303 ἀντιπάλαισμα,
1696 1235 1793 1287 καὶ

224 1323 360 1391 πρὸς
388 1324 569 1375 πᾶσαν
589 1322 938 1392 πειρατηρίου
965 1324 1265 1394 προσϐολὴν
1290 1323 1482 1396 ἔχομεν
1503 1328 1601 1398 τὴν
1632 1328 1796 1397 μετά-

225 1430 408 1477 νοιαν,
447 1416 475 1466 6
510 1413 666 1467 τοῦτο
696 1415 754 1466 ἐν
801 1414 980 1485 ἐαυτῷ
1025 1416 1408 1488 κατορθώσας,
1451 1418 1541 1472 διὰ
1593 1421 1795 1483 παντὸς

225 1505 450 1576 νικητὴς
486 1505 693 1573 γίνεται
713 1505 807 1558 τοῦ
835 1507 922 1559 ἀεὶ
948 1508 1429 1578 προσπαλαίοντος.
1459 1511 1612 1564 Μετά
1637 1513 1794 1566 τοῦτο

226 1599 283 1651 δὲ
318 1599 463 1666 καὶὴ
497 1598 704 1669 ἱστορία
742 1600 800 1652 ἐν
828 1602 945 1663 ταῖς
972 1602 1304 1672 ἐπιγραφαῖς
1333 1602 1403 1654 τὸ
1439 1603 1795 1659 ἀνακόλουθον

226 1690 362 1759 ἔχει,
387 1689 550 1743 ἀλλ’ὁ
596 1688 719 1753 νοῦς
752 1691 888 1760 πρὸς
928 1690 1024 1762 τὴν
1073 1692 1387 1747 ἀκολουθίαν
1443 1696 1791 1766 συνήρτηται.

228 1784 371 1838 Πολὺ
422 1784 529 1855 γὰρ
579 1786 1027 1855 μεταγενέστεροι)
1066 1785 1125 1838 τὸ
1181 1787 1321 1839 κατὰ
1369 1786 1467 1856 τὴν
1514 1788 1795 1857 Βηρσαὸεὲ

227 1874 323 1925 καὶ
358 1873 450 1927 τὸν
481 1875 681 1943 Θύρίαν
722 1873 913 1942 ἔργον,
943 1873 1037 1927 τοῦ
1077 1875 1214 1945 κατὰ
1242 1878 1333 1928 τὴν
1371 1877 1660 1946 Ἰδουμαίον
1704 1877 1795 1931 τὸν

228 1965 387 2033 Δωήκ
434 1965 578 2015 ἐστιν
616 1964 678 2017 τὸ
707 1964 969 2035 διήγημα.
1003 1966 1172 2018 Τοῦτο
1214 1967 1309 2036 μὲν
1354 1967 1462 2038 γὰρ
1506 1969 1563 2020 ἐν
1606 1969 1799 2037 ἀρχαῖς

227 2054 330 2124 τῆς
378 2054 472 2107 τοῦ
502 2055 672 2108 Σαοὺλ
694 2057 1003 2126 τυραννίδος
1032 2057 1267 2124 ἐγένετο,
1307 2059 1487 2112 ἐκεῖνο
1517 2059 1572 2112 δὲ
1607 2059 1799 2130 μικρὸν

228 2144 340 2217 πρὸ
367 2145 459 2198 τοῦ
486 2146 668 2209 τέλους
690 2146 789 2215 τῆς
812 2147 904 2201 τοῦ
932 2148 1093 2201 Δαὸὶδ
1118 2148 1391 2217 βασιλείας
1416 2150 1632 2221 συνέϐη.
1662 2150 1799 2202 Ἀλλ’

223 2237 288 2289 ού
341 2236 490 2305 μέλει
522 2236 598 2306 τῷ
636 2238 919 2308 ιΠνεύματι
959 2238 1100 2307 λόγῳ
1150 2239 1246 2309 τῆς
1293 2242 1547 2310 χρονικῆς
1586 2258 1645 2292 τε
1703 2242 1797 2293 καὶ

226 2328 492 2399 σαρκίνης
519 2328 627 2381 τῶν
654 2328 990 2399 πραγμάτων
1021 2329 1244 2394 τάξεως.
1278 2331 1342 2381 Τί
1366 2330 1474 2399 γάρ
1507 2349 1575 2400 με
1608 2330 1797 2383 τοσοῦ-

222 2433 320 2471 τον
372 2417 608 2487 ὀνίνησιν
657 2418 715 2469 ἐν
768 2416 1004 2487 πρώτοις
1055 2418 1116 2471 τὸ
1167 2418 1306 2471 κατὰ
1353 2420 1445 2471 τὸν
1506 2420 1799 2489 Ἰδουμαῖον

229 2510 444 2581 μαθεῖν,
475 2511 569 2564 καὶ
599 2509 737 2581 μετὰ
781 2509 956 2565 ταῦτα
991 2511 1054 2564 τὸ
1097 2512 1238 2566 κατά
1275 2511 1373 2583 τὴν
1402 2514 1681 2586 Βηρσαὸεὲ
1723 2514 1800 2566 δι-

223 2600 490 2672 δαχθῆναι
528 2617 543 2665 ;

298 2693 397 2754 Τίς
421 2692 588 2763 ἀρετὴ
615 2692 702 2745 διὰ
724 2693 949 2758 τούτου;
978 2693 1105 2748 ποία
1138 2694 1275 2764 πρὸς
1299 2692 1364 2747 τὸ
1392 2697 1637 2766 κρεῖττον
1667 2695 1798 2749 ἀνά-

223 2779 417 2845 6ασις;
459 2781 545 2844 τίς
595 2781 732 2855 πρὸς
758 2782 856 2853 τὴν
890 2784 998 2837 τῶν
1038 2784 1254 2854 ὑψηλῶν
1296 2785 1600 2856 ἐπιθυμιῶν
1650 2786 1799 2839 διδα-

227 2872 496 2939 σκαλίαν;
546 2874 595 2925 εί
646 2874 701 2927 δὲ
751 2874 932 2944 μαθὼν
963 2876 1031 2928 τὰ
1068 2877 1126 2928 ἐν
1175 2877 1252 2946 τῷ
1294 2878 1644 2947 πεντηκοστῷ
1696 2897 1799 2949 μυ-

226 2963 452 3033 στήρια,
482 2964 579 3016 ὅσα
607 2963 746 3019 κατὰ
767 2964 827 3017 τὸ
859 2965 1150 3037 βαθύτερον
1175 2967 1418 3038 περιέχει
1449 2969 1477 3021 ὁ
1499 2969 1674 3036 λόγος,
1707 2969 1801 3022 καί¹

229 3052 355 3122 μετ’
386 3053 593 3106 ἐκείνου
635 3055 695 3108 τὸ
729 3056 864 3125 πρὸς
896 3055 993 3125 τὴν
1032 3057 1325 3111 κατάλυσιν
1371 3058 1463 3112 τοῦ
1509 3060 1799 3114 ἀντιπάλου

222 3144 385 3197 δοθὲν
464 3146 596 3215 ἡμῖν
658 3147 945 3217 φάρμακον
1031 3148 1334 3220 διδαχθείην
1369 3191 1382 3215 ,
1450 3151 1507 3203 ἐν
1567 3152 1645 3222 τῷ
1702 3154 1799 3223 τῆς

227 3235 524 3305 μετανοίας
565 3236 705 3307 λόγῳ
727 3278 741 3303 ,
795 3237 935 3290 ὥστε
973 3238 1061 3292 διὰ
1090 3239 1280 3293 τούτου
1310 3258 1376 3311 με
1421 3242 1648 3295 πάντοτε
1677 3245 1799 3315 νίκῃ

220 3330 297 3398 τῇ
334 3326 475 3380 κατὰ
499 3325 594 3380 τοῦ
630 3328 824 3399 ἐχθροῦ
854 3330 1219 3393 συνεθίζεσθαί
1252 3349 1311 3384 τε
1345 3332 1439 3385 καὶ
1470 3335 1804 3404 ἐγγυμνάζε-

222 3420 379 3484 σθαι,
414 3420 688 3491 σκόπησον
735 3421 880 3484 ὅπως
926 3422 1237 3493 προσϐαίνω
1262 3424 1400 3477 κατὰ
1428 3424 1489 3477 τὸ
1518 3426 1805 3480 ἀκόλουθον

218 3512 294 3580 τῇ
344 3510 543 3580 ἐφεξῆς
585 3512 775 3576 ἀνόδῳ,
832 3512 986 3582 νίκην
1038 3514 1103 3567 ἐκ
1148 3514 1305 3584 νίκης
1357 3517 1804 3587 μεταλαμϐάνων.

237 3602 655 3672 Ἀναγνὼσομαι
699 3603 754 3655 δέ
787 3621 865 3657 σοι
903 3604 1004 3674 τῆς
1038 3606 1316 3677 ἱστορικῆς
1361 3609 1670 3679 ἐπιγραφῆς
1709 3609 1806 3680 τὴν

220 3692 554 3746 ἀκολουθίαν
582 3692 807 3763 ἔχουσαν
838 3693 1008 3757 οὕτως
1032 3710 1045 3723 ·
1101 3712 1120 3745 ι
1148 3697 1239 3759 El;
1264 3696 1325 3748 τὸ
1353 3697 1505 3760 τέλος
1541 3700 1806 3762 συνέσεως

219 3784 308 3855 τῷ
338 3784 522 3850 Δαϐὶδ,
551 3786 607 3837 ἐν
635 3784 711 3854 τῷ
742 3785 914 3839 ἐλθεῖν
944 3787 1105 3857 Δωὴκ
1120 3788 1215 3840 τὸν
1256 3788 1569 3861 Ἰδουμαῖον,
1594 3792 1687 3845 καὶ
1716 3794 1807 3845 ἁν-

218 3873 483 3941 αγγεῖλαι
512 3873 588 3943 τῷ
624 3874 816 3937 Σαοὺλ,
865 3878 958 3929 καὶ
997 3880 1166 3932 εἰπεῖν
1210 3881 1376 3950 αὐτῷ,
1404 3877 1605 3935 Ἷίλθεν
1647 3880 1807 3934 Δαδὶδ

219 3967 309 4027 εἰς
346 3964 439 4017 τὸν
486 3960 633 4019 οἶκον
676 3966 978 4037 Ἀϐιμέλεχ.
1020 3988 1038 4020 ι
1094 3971 1171 4022 Δι’
1218 3965 1293 4024 ὧν
1336 3972 1676 4043 διδάσκομαι,
1726 3974 1807 4025 ὃτι

217 4056 395 4110 τοῦτο
422 4058 519 4126 μὲν
560 4060 638 4120 εἰς
681 4057 741 4110 τὸ
780 4059 931 4122 τέλος
957 4062 1055 4125 τῆς
1083 4061 1237 4132 νίκης
1265 4064 1407 4131 ἄγει,
1440 4064 1566 4117 ὅταν
1598 4064 1809 4127 σύνεσις

218 4150 556 4220 καθηγεῖται
602 4150 694 4203 τοῦ
736 4150 849 4221 βίου
875 4193 888 4211 ,
935 4152 1056 4205 καθ’
1094 4155 1385 4227 ὁμοιότητα
1424 4157 1517 4209 τοῦ
1571 4158 1807 4227 μεγάλου

216 4242 416 4296 Ααϐίδ.
463 4244 571 4296 Καὶ
624 4245 741 4296 τότε
772 4244 1004 4314 μάλιστα
1045 4246 1200 4300 λυπῶ
1250 4248 1339 4300 τὸν
1377 4249 1535 4319 Δωὴκ
1580 4250 1670 4303 τὸν
1708 4251 1808 4321 τῆς

214 4334 380 4405 ἐμῆς
431 4334 701 4406 σωτηρίας
743 4336 1039 4407 τύραννον,
1079 4341 1136 4392 ἐν
1186 4339 1263 4410 τῷ
1312 4342 1447 4411 οἴκῳ
1479 4341 1572 4394 τοῦ
1621 4344 1809 4413 ἱερέως

213 4425 546 4494 γενόμενος,
590 4428 683 4479 καὶ
709 4428 835 4481 ὅταν
867 4429 1103 4499 ἡμιόνων
1136 4431 1438 4501 ὑπηρέτης,
1484 4433 1679 4502 μηκέτι
1718 4451 1808 4505 μοι

214 4518 378 4569 κατὰ
421 4516 707 4586 πρόσωπον
741 4520 1147 4588 συμπλέκεσθαι
1174 4521 1401 4592 δύναμιν
1430 4522 1591 4593 ἔχων,
1632 4525 1809 4595 λάθρα

1894 685 2096 756 dit.per
2125 685 2392 755 psalmum
2431 682 2964 753 quinquagesimum,
3018 698 3127 751 quo
3153 682 3258 735 alia
3293 682 3463 737 victo-

1896 777 1977 831 ria
2027 786 2218 831 contra
2266 775 2639 830 adversarium
2687 774 2845 828 nobis
2894 782 3252 843 prazparatur.
3286 773 3463 831 Nosse

1894 868 2037 922 enim
2071 868 2308 935 seipsum
2354 880 2680 935 expurgare.
2725 863 2871 919 cedit
2905 865 2959 918 iu
3006 854 3475 934 praeparationem.

1895 970 1949 1013 et
1993 959 2553 1013 subministrationem
2588 965 2864 1026 perpetuae
2910 956 3151 1010 victoriae
3190 957 3258 1011 ab
3305 958 3464 1013 hoste

1894 1049 2252 1119 reportandae.
2304 1048 2436 1103 Nam
2488 1064 2609 1102 cum
2659 1049 2712 1103 in
2766 1048 2870 1103 hac
2906 1049 3016 1101 vita
3066 1048 3462 1105 hidesinentem

1895 1142 2097 1196 luctain
2163 1142 2443 1211 suscipere
2493 1140 2791 1196 debeamus
2842 1140 3112 1196 adversus
3161 1142 3461 1211 principem

1895 1235 2244 1288 tenebrarum
2269 1233 2483 1297 harum,
2512 1242 2567 1288 et
2595 1233 2863 1287 adversus
2882 1232 3187 1302 spiritualia
3208 1235 3466 1304 nequitia

1896 1325 1952 1379 in
1975 1324 2313 1388 coelestibus,
2357 1339 2591 1395 cumque
2639 1326 2855 1379 unicam
2907 1332 3116 1378 tantum
3172 1325 3463 1381 resistendi

1896 1417 2182 1480 rationem,
2205 1432 2400 1488 nempe
2421 1417 2821 1487 paenitentiam,
2839 1424 2893 1472 et
2913 1418 3130 1487 quidem
3156 1419 3223 1472 ad
3244 1433 3463 1472 omnem

1898 1507 2069 1563 hostis
2116 1508 2422 1563 invadentis
2474 1509 2895 1579 impressionem
2944 1508 3263 1573 habeamus,
3317 1517 3466 1564 certe

1896 1599 1989 1667 qui
2016 1599 2107 1652 illa
2137 1607 2282 1653 recte
2308 1600 2502 1665 utitur,
2536 1600 2585 1654 is
2616 1600 2673 1653 lit
2698 1609 2994 1671 perpetuus
3019 1604 3192 1657 victor
3219 1605 3465 1672 perpetui

1897 1690 2069 1743 nostri
2110 1690 2430 1745 adversarii.
2471 1690 2741 1747 Caeterum
2794 1692 3041 1747 historia:
3076 1694 3131 1746 in
3166 1694 3253 1748 his
3300 1694 3464 1747 etiam

1898 1794 2017 1849 qua:
2041 1792 2363 1850 sequuntur,
2388 1782 2524 1837 ordo
2556 1798 2664 1837 non
2695 1791 2932 1847 constat,
2970 1785 3062 1840 sed
3092 1787 3243 1842 solus
3270 1802 3465 1842 sensus

1899 1877 2026 1939 apto
2073 1869 2268 1925 ordine
2316 1887 2597 1927 connexus
2628 1880 2683 1927 et
2736 1875 3037 1944 dispositus
3064 1883 3168 1930 est.
3228 1876 3361 1930 Nam
3411 1878 3465 1931 id

1899 1960 2046 2029 quod
2076 1976 2202 2016 cum
2240 1961 2544 2016 Bethsabee
2575 1973 2628 2018 et
2662 1963 2789 2019 Uria
2823 1966 3021 2022 accidit
3059 1967 3126 2034 ⁸⁷,
3165 1968 3326 2039 longe
3368 1984 3466 2039 po-

1899 2054 2101 2110 sterius
2129 2062 2232 2119 est,
2266 2069 2426 2124 quam
2468 2055 2599 2109 illud
2638 2056 2705 2111 de
2744 2056 2890 2128 Doeg
2918 2058 3171 2125 Idumaeo,
3201 2060 3328 2129 quia
3366 2062 3467 2115 hoc

1898 2145 2055 2199 initio
2089 2145 2393 2215 tyrannidis
2435 2143 2619 2201 Saulis
2650 2147 2883 2215 accidit;
2940 2148 3075 2202 illud
3131 2150 3293 2219 paulo
3343 2159 3468 2204 ante

1901 2236 2060 2290 linem
2112 2236 2263 2304 regni
2312 2234 2481 2289 David
2503 2236 2582 2290 “:
2637 2237 2731 2291 sed
2780 2239 3094 2307 temporalis
3132 2249 3185 2293 et
3230 2242 3469 2296 carnalis

1899 2341 2079 2381 rerum
2105 2326 2238 2380 ordo
2262 2326 2486 2395 Spiritui
2508 2338 2700 2381 sancto
2729 2343 2839 2382 non
2858 2337 2941 2383 est
2966 2344 3131 2383 curae.
3157 2329 3295 2396 Quid
3321 2333 3467 2386 enim

1900 2419 2149 2473 utilitatis
2192 2417 2319 2472 inde
2354 2417 2423 2472 ad
2472 2434 2559 2473 me
2610 2419 2834 2483 rediret,
2891 2421 2937 2475 si
2980 2423 3215 2491 primum
3251 2423 3467 2492 quidem

1898 2515 2157 2569 edoceret
2184 2530 2266 2578 ea,
2298 2528 2419 2583 qua:
2446 2528 2571 2567 cum
2601 2511 2836 2568 ldumzeo
2874 2515 3245 2585 contigerunt,
3278 2522 3468 2585 postea

1898 2604 2011 2666 illa,
2037 2618 2158 2673 quae
2185 2618 2310 2657 cum
2338 2602 2674 2657 Bethsabce?

1969 2696 2100 2760 Quae
2139 2710 2235 2765 per
2262 2695 2378 2748 haec
2404 2695 2578 2749 virtus
2607 2695 2737 2748 mihi
2767 2697 3216 2766 compararetur?
3252 2711 3373 2764 qua:
3402 2694 3471 2747 ad

1900 2787 2125 2840 meliora
2179 2785 2468 2839 ascensio?
2515 2799 2635 2854 qua:
2679 2785 2931 2841 doctrina
2980 2788 3048 2841 ad
3090 2787 3467 2842 sublimiorum

1900 2877 2297 2948 cupiditatem?
2357 2878 2403 2933 si
2469 2892 2597 2932 vero
2654 2878 2860 2932 discam
2914 2879 2970 2933 in
3018 2880 3471 2949 quinquagesimo

1900 2970 2113 3038 psalmo
2146 2971 2425 3040 mysteria,
2465 2970 2659 3039 quaain
2683 2985 2749 3025 eo
2771 2971 2955 3025 abdita
2985 2968 3177 3037 latent,
3206 2979 3261 3025 et
3284 2978 3471 3041 postea

1902 3059 1970 3113 ad
1999 3062 2337 3117 eversionem
2362 3061 2661 3117 adversarii
2690 3060 2880 3115 datum
2914 3061 3074 3117 nobis
3103 3062 3471 3117 medicamen—

1903 3160 2018 3205 tum
2060 3152 2115 3205 in
2150 3152 2243 3206 illo
2283 3152 2616 3221 pmnitentim
2650 3167 2904 3207 sermone
2934 3152 3248 3224 intelligam,
3290 3160 3350 3206 ut
3377 3167 3473 3222 per

1903 3242 2009 3295 hoc
2029 3256 2115 3295 me
2133 3256 2350 3310 semper
2374 3241 2614 3296 victoriae
2638 3250 2828 3296 contra
2851 3241 3060 3297 hostem
3085 3243 3470 3309 assuefaciam,

1904 3341 1959 3387 et
1985 3332 2038 3385 in
2063 3346 2125 3385 ea
2160 3346 2246 3385 me
2276 3346 2582 3395 exerceam,
2619 3333 2819 3387 mirum
2852 3333 3000 3387 dictu
3023 3342 3127 3396 est,
3153 3348 3313 3403 quam
3345 3344 3474 3403 apto

1906 3432 1961 3478 et
1981 3424 2341 3479 conveniente
2364 3425 2555 3480 ordine
2581 3424 2836 3479 accedam
2863 3425 2927 3479 ad
2953 3433 3268 3495 sequentem
3292 3440 3475 3480 ascen-

1906 3531 2049 3580 sum,
2090 3516 2375 3571 victoriam
2408 3531 2471 3571 ex
2501 3515 2729 3569 victoria
2768 3524 3076 3586 reportans.
3115 3515 3314 3587 Legam
3347 3532 3476 3571 vero

1908 3603 2003 3657 tibi
2047 3603 2220 3673 ipsam
2259 3603 2536 3659 historicas
2566 3604 2946 3674 inscriptionis
2983 3607 3202 3669 seriem,
3245 3622 3365 3675 quae
3395 3607 3475 3660 sic

1908 3695 2107 3748 habet:
2152 3693 2249 3748 «In
2294 3695 2454 3749 linem
2498 3696 2809 3750 intellectus
2841 3696 3029 3759 David,
3080 3698 3299 3767 quando
3329 3698 3477 3751 venit

1910 3785 2054 3855 Doeg
2079 3785 2366 3849 Idumaeas,
2397 3793 2451 3840 et
2481 3786 2827 3839 annuntiavit
2852 3784 3000 3839 Sauli
3027 3794 3081 3841 et
3109 3787 3277 3840 dixit:
3317 3785 3477 3841 Venit

1908 3878 2077 3931 David
2132 3878 2187 3931 in
2240 3878 2461 3932 domum
2517 3877 2885 3932 Abimelech.»
2943 3879 3152 3944 Quibds
3193 3879 3475 3943 docemur,

1912 3978 2023 4022 tum
2044 3967 2111 4021 ad
2134 3967 2294 4023 ﬁnem
2322 3967 2565 4021 victoria:
2596 3969 2891 4036 perveniri,
2924 3969 3145 4036 quando
3168 3969 3477 4023 intellectus

1910 4062 2077 4117 vitam
2106 4060 2242 4132 regit
2266 4061 2565 4115 secundum
2589 4059 3003 4113 similitudinem
3031 4061 3209 4130 magni
3236 4060 3474 4121 Davidis,

1911 4162 2136 4222 tumque
2187 4152 2422 4206 maxime
2471 4152 2689 4206 tristitia
2738 4150 2873 4204 allici
2916 4152 3060 4223 Doeg
3105 4153 3300 4208 salutis
3348 4169 3480 4207 mea:

1912 4247 2147 4311 hostem,
2211 4245 2430 4316 quando
2475 4246 2529 4300 in
2587 4246 2749 4300 domo
2811 4228 3112 4301 sacerdotis
3155 4261 3365 4310 versor,
3425 4256 3480 4300 et

1910 4339 2128 4410 quando
2178 4339 2451 4393 mulorum
2509 4337 2744 4392 famulus
2785 4353 2894 4402 non
2921 4338 3154 4407 amplius
3194 4346 3379 4408 aperte
3428 4346 3482 4393 et

1912 4429 2090 4499 palam
2126 4432 2354 4483 ‘mecum
2389 4428 2643 4498 congredi
2678 4428 2861 4491 audet,
2920 4428 3016 4483 sed
3044 4429 3260 4484 occulte
3284 4437 3481 4485 contra

1912 4536 1999 4575 me
2039 4519 2268 4575 insidias
2312 4520 2464 4584 texit,
2492 4521 2622 4574 dum
2651 4521 2858 4574 indicat
2902 4520 2949 4574 ei
2976 4522 3067 4589 qui
3097 4522 3301 4576 caedem
3348 4521 3484 4577 mihi

210 4609 357 4662 κατ’
402 4608 534 4678 ἐμοῦ
569 4610 664 4681 τὴν
694 4611 983 4682 ἐπιϐουλὴν
1028 4612 1370 4681 ἐξαρτύεται,
1414 4615 1492 4686 τῷ
1522 4619 1642 4670 κατ’
1673 4617 1802 4687 ἐμοῦ

1910 4611 2273 4677 machinatur,
2296 4626 2468 4666 meam
2491 4611 2546 4665 in
2576 4610 2879 4666 sacerdotis
2902 4611 3065 4665 domo
3095 4612 3484 4665 commoratio-

208 4700 490 4771 φονῶντι,
539 4704 637 4769 τὴν
689 4704 841 4775 παρὰ
883 4704 962 4775 τῷ
1022 4706 1157 4776 ίερεῖ
1196 4705 1467 4779 διαγωγήν
1505 4727 1605 4779 μου
1647 4728 1811 4764 κατα-

211 4790 483 4863 μηνύων.
525 4794 691 4863 Δῆλον
721 4796 764 4848 δ’
792 4795 857 4849 ἂν
905 4796 988 4866 εἴη
1028 4795 1170 4860 τίνες
1209 4799 1345 4850 εἰσὶν
1384 4800 1438 4852 al
1474 4800 1702 4872 ἡμίονοι,
1737 4796 1813 4858 ὧν

204 4886 521 4938 ἐπιστατεῖ
551 4879 701 4949 οὗτος
724 4888 751 4938 6
792 4886 1105 4957 Ἰδουμαῖος,
1132 4890 1160 4941 6
1187 4890 1285 4959 τὴν
1324 4889 1513 4957 ἄγονον
1544 4890 1813 4961 βουκολῶν

202 4977 421 5048 φύσιν,
450 4977 508 5029 ἐν
604 4977 695 5030 τοῦ
736 4977 870 5030 Θεοῦ
906 4979 939 5047 ἡ
979 4978 1196 5047 εὐλογία
1229 4982 1392 5034 τόπον
1422 4984 1520 5053 οὐχ
1554 4977 1734 5055 εὗρεν,
1773 4984 1809 5055 ἦ

202 5085 403 5138 φησιν
432 5066 491 5130 ἐξ
534 5068 704 5138 ἀρχῆς
747 5068 838 5120 τὸν
867 5066 1185 5139 πληθυσμὸν
1217 5071 1487 5125 ἐντιθεῖσα
1520 5076 1585 5143 τῇ
1616 5074 1811 5138 κτίσει,

200 5162 332 5223 ὅτι,
381 5176 400 5209 ι
430 5157 736 5221 Αύξάνεσθε
775 5158 867 5211 καὶ
897 5159 1253 5229 πληθύνεσθε.
1290 5181 1309 5214 ι
1348 5163 1421 5215 Ού
1454 5162 1563 5232 γὰρ
1595 5165 1657 5216 ἐκ
1684 5163 1815 5216 Θεοῦ

201 5255 239 5305 ὁ
280 5251 620 5321 πληθυσμὸς
644 5254 709 5321 τῇ
742 5252 909 5323 κακίᾳ
933 5270 946 5282 ο
991 5254 1067 5315 ὠς
1095 5253 1214 5306 οὐδὲ
1244 5254 1301 5320 ἐξ
1330 5254 1574 5326 ἀλλήλων
1600 5258 1748 5309 ἐστὶν
1782 5259 1814 5327 ἡ

199 5344 324 5398 τοῦ
359 5343 554 5410 γένους
574 5343 683 5395 τῶν
713 5344 946 5414 ἡμιόνων
979 5346 1217 5416 διαδοχὴ,
1243 5347 1357 5399 ἀλλ’
1389 5347 1477 5400 ἀεὶ
1509 5353 1821 5419 καινοτομεῖ

196 5435 279 5489 τὸ
317 5433 466 5498 ζῶον
497 5435 530 5503 ή
576 5432 736 5502 φύσις
780 5432 839 5485 τὸ
872 5434 945 5504 μὴ
991 5435 1049 5487 ὃν
1094 5438 1152 5487 ὲν
1192 5439 1257 5506 τῇ
1300 5437 1472 5490 κτίσει
1510 5438 1576 5490 δι’
1617 5440 1814 5509 ἑαυτῆς

200 5522 742 5594 παρασοφιζομένη,
766 5525 859 5577 καὶ
876 5528 1305 5596 παρεισάγουσα.
1332 5529 1497 5598 Δῆλον
1519 5529 1575 5581 δὲ
1600 5530 1816 5594 πάντως

1916 4716 2062 4755 nem.
2110 4700 2305 4771 Liquet
2355 4717 2519 4771 porro
2550 4702 2771 4772 quinam
2805 4702 2916 4757 sint
2963 4702 3117 4769 muli,
3149 4703 3351 4773 quibus
3380 4704 3484 4759 iste

1914 4790 2183 4848 ldumaaus
2220 4801 2436 4864 praeest,
2494 4794 2586 4863 qui
2633 4794 2977 4848 infecundam
3045 4795 3191 4848 illam
3235 4804 3482 4849 naturam

1916 4884 2117 4953 pascit,
2151 4884 2205 4937 in
2258 4899 2362 4953 qua
2407 4885 2588 4937 locum
2635 4899 2744 4937 nou
2804 4884 2968 4938 habet
3016 4882 3111 4939 Dei
3152 4885 3483 4949 benedictio,

1917 4990 2079 5045 quam
2132 4975 2358 5043 protulit
2408 4974 2476 5027 ab
2523 4975 2698 5039 initio,
2753 4990 2876 5028 cum
2912 4984 3220 5029 creaturam
3275 4976 3327 5029 vi
3366 4992 3489 5030 sese

1916 5065 2312 5135 multiplicandi
2340 5065 2567 5118 donaret
2591 5065 2676 5119 his
2706 5066 2913 5120 verbis:
2954 5084 2973 5116 ι
2995 5065 3242 5121 Crescite
3266 5075 3319 5121 et
3346 5066 3487 5119 mul-

1916 5156 2359 5228 tiplicamini".i
2421 5154 2555 5211 Nam
2617 5156 2998 5229 multiplicatio
3051 5157 3333 5211 malitiaea
3376 5155 3487 5212 Deo

1915 5266 2024 5304 non
2063 5248 2444 5319 proﬁciscitur.
2482 5246 2667 5317 Itaque
2698 5264 2874 5316 neque
2911 5263 2976 5303 ex
3002 5264 3061 5303 se
3085 5258 3275 5301 mutuo
3311 5248 3487 5302 mulo-

1914 5358 2035 5396 rum
2070 5357 2241 5410 genus
2274 5340 2543 5404 nascitur,
2576 5340 2671 5394 sed
2702 5348 2897 5393 natura
2933 5355 3146 5410 semper
3182 5354 3327 5393 nova
3350 5353 3487 5408 qua-

1920 5437 2043 5490 dam
2084 5435 2293 5489 ratione
2334 5441 2657 5505 progenerat
2697 5436 2801 5487 hoc
2840 5432 3063 5491 animal,
3113 5431 3165 5484 id
3209 5430 3483 5491 videlicet,

1922 5527 2067 5598 quod
2097 5528 2150 5582 in
2182 5537 2377 5581 natura
2416 5542 2521 5581 non
2546 5535 2649 5588 est,
2684 5533 2877 5595 suopte
2900 5523 3116 5593 ingenio
3154 5522 3310 5592 quasi
3341 5536 3488 5575 com-

194 5615 315 5670 διὰ
346 5612 457 5665 τῶν
486 5613 791 5683 εἰρημένων
826 5616 942 5668 ἐστὶ
974 5618 1108 5687 πρὸς
1154 5618 1276 5671 τίνα
1330 5620 1533 5673 σκοπὸν
1569 5621 1751 5689 βλέπει
1786 5623 1815 5674 6

194 5705 415 5771 λόγος.
454 5703 517 5755 El
555 5703 663 5774 γὰρ
696 5705 869 5758 πάντα
915 5707 1016 5760 ὅσα
1061 5709 1316 5780 ἐποίησεν
1355 5712 1383 5763 ό
1430 5711 1630 5783 Κύριος
1675 5712 1814 5767 καλά

1922 5621 2220 5675 miniscens
2254 5628 2308 5675 et
2344 5619 2797 5690 superinducens.
2836 5615 2911 5669 Ex
2942 5615 3102 5670 dictis
3152 5621 3331 5669 autem
3367 5629 3487 5667 om-

1894 5714 2049 5768 'uino
2102 5713 2454 5784 perspicuum
2511 5710 2770 5773 arbitror,
2823 5722 3087 5780 quorsum
3139 5707 3254 5763 hac
3304 5704 3490 5761 tendat

288 5883 357 5918 ⁸⁷
392 5883 433 5937 ιι
484 5883 614 5957 Reg.
650 5899 709 5951 ll,
756 5884 793 5938 ﬁ
816 5899 935 5955 sqq.

1013 5886 1056 5917 ⁸⁸
1089 5885 1263 5957 lReg.
1293 5903 1430 5954 xxu,
1473 5891 1505 5945 9
1546 5907 1665 5961 sqq.
1778 5891 1823 5923 ⁸⁹
1848 5890 1982 5946 Gen.
2020 5908 2059 5958 l,
2087 5890 2178 5944 9.8.
