4044 6480
559 489 562 494 .
645 446 751 507 565
1912 463 1968 520 S.
2010 463 2336 522 GREGORII
2365 464 2654 525 NYSSENI
3727 484 3813 543 565

648 567 852 620 oratio:
904 563 952 620 si
1000 552 1142 621 enim
1191 566 1373 622 omnia
1420 583 1540 638 quae
1573 567 1832 628 Dominus
1877 574 2024 638 fecit,
2070 576 2167 630 bon

648 655 798 680 -.ΑΙΔΑ
829 665 953 680 --ι-ι
1020 658 1201 680 _--I---
1248 676 1370 680 __-_-
1427 670 1561 680 -vAd-
1627 678 1639 680 _
1662 679 1669 680 κ
1730 679 1735 680 ,
1773 679 1780 680 κ
1924 675 1936 680 -
2012 667 2024 680 ι

2267 578 2446 646 ιλίαν,
2488 583 2520 653 ὴ
2570 583 2626 636 δὲ
2673 583 2893 655 ἡμίονος
2940 585 3045 652 ἔξω
3083 585 3178 640 τοῦ
3210 589 3499 661 καταλόγου
3538 597 3636 651 τῶν
3674 603 3723 655 ὲν
3759 613 3812 680 τῇ

642 655 800 710 valde
828 665 976 721 sunt,
1020 658 1203 714 mulus
1248 676 1377 714 vero
1417 670 1570 716 extra
1615 678 1840 719 censum
1889 675 1944 720 et
1976 667 2167 722 classe:

2311 669 2485 721 κτίσει
2509 673 2808 739 γεγονότων
2827 674 2994 740 ἐστὶν,
3015 674 3168 746 δῆλον
3189 676 3254 730 ἂν
3279 680 3383 750 εἴη,
3406 655 3483 735 ότι
3506 686 3630 756 πρὸς
3651 655 3815 759 male:

642 762 831 800 eorum
870 754 975 813 est,
1011 765 1133 818 qua:
1173 753 1226 804 in
1259 755 1532 809 creatione
1574 762 1700 810 sunt
1723 756 1962 820 condita,
1996 759 2167 829 perspi

2311 759 2531 826 ἔνδειξιν
2570 761 2629 813 τὸ
2664 762 2832 833 ὄνομα
2859 767 3018 818 τοῦτο
3065 767 3168 822 ὑπὸ
3201 769 3296 839 τῆς
3335 753 3559 843 ἱστορίας
3593 753 3815 855 παρείληξ

641 853 806 892 cuum
838 854 970 894 sane
1003 841 1084 905 fit,
1112 842 1178 896 ad
1211 845 1468 897 malitiam
1503 846 1981 903 demonstrandam
2011 867 2167 904 nome

2310 868 2458 905 πται.
2496 851 2630 905 Οῦτε
2660 856 2724 906 ἐκ
2751 855 2886 908 Θεοῦ
2913 853 3006 910 οὖν
3032 859 3128 930 τὴν
3151 858 3378 928 ὕπαρξιν
3403 841 3526 934 ἔχει,
3555 841 3817 940 οῠτέγενό-

641 929 744 983 hoc
769 945 797 981 a
823 945 978 985 sacra
1010 932 1236 987 historia
1279 945 1594 1006 usurpatum
1631 953 1771 992 esse.
1801 938 1988 1010 Neque
2034 957 2064 994 a
2101 941 2167 995 De

2313 943 2446 1024 μένη
2477 943 2552 1006 ὡς
2586 945 2792 1011 γίνεται
2813 947 3025 1018 διαρκεῖ
3055 953 3122 1020 τῇ
3147 929 3593 1027 ὑποστάσει-’πρὸς
3610 961 3664 1013 τὸ
3690 929 3814 1018 ίδιον.

638 1020 808 1088 igitur
852 1022 1212 1078 substantiam
1260 1026 1440 1094 habet,
1477 1043 1654 1098 neque
1683 1047 1808 1085 cum
1843 1032 1899 1086 fit
1941 1049 2005 1089 eo
2043 1035 2205 1089 modo
2320 1022 2406 1097 Ὠς

641 1124 752 1177 quo
803 1109 882 1175 fit,
924 1113 1126 1167 sufficit
1175 1116 1293 1184 ipse
1327 1118 1428 1171 sibi
1467 1134 1562 1188 per
1587 1135 1738 1175 suam
1795 1123 2202 1179 subsistentiam

639 1202 708 1256 ad
737 1203 816 1258 sui
848 1207 1340 1262 conservationem.
1370 1209 1833 1275 Quemadmodum
1857 1217 1999 1270 enim
2030 1217 2206 1270 mulo-

637 1309 759 1348 rum
789 1305 984 1350 natura
1036 1300 1268 1369 seipsam
1309 1317 1404 1370 per
1451 1303 1685 1373 seipsam
1739 1321 1848 1360 non
1891 1317 2167 1364 conservat

2305 1312 2397 1365 ὑπ’
2420 1313 2578 1368 ἄλλου
2603 1315 3028 1389 ζωογονουμένη,
3059 1321 3185 1374 ὃταν
3206 1319 3266 1372 τὸ
3287 1320 3518 1388 εὐγενὲς,
3543 1326 3630 1378 καὶ
3648 1300 3818 1400 γαῦρον

639 1382 719 1438 sic
745 1399 921 1454 neque
954 1389 1156 1441 malitia
1196 1390 1430 1459 seipsam
1469 1394 1716 1450 durando
1749 1411 2074 1452 conservare
2107 1414 2167 1467 po

789 1473 892 1492 0,,
1093 1487 1103 1492 -
1323 1481 1353 1492 ..
1564 1483 1575 1492 .
1828 1487 1839 1492 _
2147 1489 2156 1492 Α

2302 1405 2402 1475 τῆς
2436 1408 2493 1458 ὲν
2526 1409 2656 1478 ἡμῖν
2683 1382 2914 1479 φύσεως,
2964 1382 3057 1466 καὶ
3084 1415 3241 1484 ταχὺ,
3272 1382 3372 1468 και
3403 1382 3680 1487 ὑψαῖύχενον
3706 1382 3818 1492 προς

637 1480 763 1528 test.
789 1473 895 1528 Sed
921 1487 1185 1547 perpetuo
1199 1494 1262 1533 ex
1287 1481 1392 1535 alio
1413 1483 1667 1553 quopiam
1692 1487 1954 1554 exoritur,
1979 1489 2167 1558 quando

2300 1473 2593 1567 ἐπιθυμίαν
2623 1473 2721 1569 τῆς
2749 1473 2980 1564 ἀνώόους
3007 1519 3067 1556 τε
3107 1473 3202 1556 καλ⁵
3229 1473 3424 1572 ἀλόγου
3448 1473 3692 1574 συζῦγίας

637 1564 726 1617 illa
759 1568 974 1622 excelsa
1002 1577 1056 1623 et
1091 1572 1347 1627 volubilis
1383 1575 1580 1629 animae
1609 1587 1810 1633 nostri?
1840 1596 1968 1650 pars
2002 1582 2066 1635 ad
2098 1599 2166 1637 cu

2299 1564 2578 1662 ολισθησῃ.
2627 1564 2687 1644 ’ό
2725 1592 2898 1646 τοίνυν
2935 1594 3225 1664 ἀλλόφυλος
3257 1564 3462 1660 ἐκεῖνος
3740 1602 3817 1654 τοῦ

635 1657 910 1720 piditatem
943 1668 1172 1716 terrenae
1205 1671 1260 1717 et
1303 1667 1636 1724 irrationalis
1679 1671 2080 1741 conjunctionis
2105 1678 2167 1733 de

2299 1657 2481 1733 Σαοὺλ·
2520 1657 2658 1735 κατὰ
2710 1683 2802 1736 τοῦ
2847 1672 3009 1738 Δαϐὶδ
3052 1657 3342 1758 γενόμενος
3388 1657 3646 1757 ἄγγελος,
3685 1693 3818 1762 ὁτῆς

636 1747 857 1802 labitur.
894 1750 1036 1820 Ergo
1080 1753 1382 1824 alienigena
1424 1757 1514 1812 ille
1555 1758 1721 1832 Doeg,
1760 1766 1984 1821 nuntius
2016 1767 2164 1824 Sauli

2297 1775 2490 1841 ἀγόνου
2543 1777 2741 1848 ἀγέλης
2787 1778 2896 1832 τῶν
2943 1747 3551 1851 ήμιόνωίνομεὺςίόὺκ
3578 1747 3639 1837 ἀν
3663 1747 3818 1854 ἕτερός

635 1847 822 1894 contra
855 1839 1133 1906 Davidem,
1171 1844 1447 1902 infecundi
1475 1853 1652 1920 gregis
1683 1856 1952 1911 mulorum
1985 1871 2167 1929 pastor

2267 1924 2268 1929 η
2298 1839 2380 1936 είη
2417 1867 2563 1937 παρά
2588 1839 2678 1920 τὸν
2698 1839 2936 1939 ’πονηρὸν
2964 1839 3214 1938 ἀγγελον,
3231 1839 3323 1923 τόν
3462 1870 3564 1924 τῶν
3599 1839 3819 1926 ποικίλων

629 1932 770 1987 alius
797 1948 905 1988 non
938 1943 1042 2001 est,
1074 1953 1236 2006 quam
1266 1942 1443 1998 malus
1475 1946 1720 2014 angelus,
1751 1950 1843 2017 qui
1887 1965 1982 2018 per
2014 1954 2160 2008 varia

2297 1912 2397 2027 τῆς
2450 1912 2722 2031 ἁμαρτίας
2766 1912 3106 2032 παθημάτων
3150 1912 3248 2032 την
3297 1961 3632 2034 ἀνθρωπίνην
3671 1964 3820 2042 ψυχὴν

630 2026 842 2094 peccati
896 2027 1233 2098 affectiones,
1287 2049 1460 2103 genus
1512 2036 1809 2094 humanum
1865 2043 1930 2096 ad
1989 2046 2167 2100 sccler.

2298 2026 2433 2118 πρὸς
2462 2026 2523 2102 τὸ
2550 2026 2717 2103 κακὸν
2750 2026 3105 2122 ἐφελκόμενον
3125 2067 3140 2082 ⁸
3188 2026 3254 2104 έν*
3289 2026 3418 2106 ὅταν
3458 2054 3558 2126 ἴδῃ.
3589 2026 3663 2108 ότι
3684 2026 3820 2126 ένντῶ

629 2120 919 2188 pertrahit,
950 2123 1042 2191 qui
1075 2125 1296 2194 quando
1326 2127 1521 2183 viderit
1549 2132 1782 2200 aliquem
1807 2149 1931 2190 esse
1957 2137 2008 2190 in
2033 2137 2167 2192 domi

2296 2145 2428 2212 οἴκῳ
2473 2143 2567 2196 τοῦ
2601 2143 2856 2214 ἀληθινοῦ
2893 2120 3080 2215 ἱερέως
3117 2146 3299 2208 ἐστὶν,
3349 2120 3615 2200 ἀδυνατῶν
3653 2120 3819 2218 πλῆξαι

626 2211 743 2264 veri
784 2213 1109 2276 sacerdotis,
1148 2231 1382 2288 eumque
1413 2221 1650 2277 stimulis
1684 2225 1955 2279 mulorum
1998 2243 2160 2297 percu

2295 2211 2456 2287 αὐτὸν
2492 2238 2602 2300 τοῖς
2648 2211 2756 2290 τῶν
2798 2211 3037 2307 ἡμιόνων
3077 2237 3438 2308 λακτίσμασιν
3461 2279 3478 2304 ,
3523 2240 3636 2292 τότε
3674 2211 3820 2293 κατα-

626 2308 743 2356 tere
789 2305 1115 2373 nequiverit,
1161 2314 1292 2364 tunc
1341 2313 1557 2366 nuntiat
1604 2313 1659 2367 id
1707 2315 1934 2385 principi
1976 2319 2167 2373 malitia

2296 2324 2488 2394 μηνύει
2522 2325 2657 2396 πρὸς
2684 2325 2775 2378 τὸν
2803 2305 3035 2396 ἄρχοντα
3064 2327 3163 2397 τῆς
3189 2305 3456 2400 πονηρίας
3489 2327 3579 2380 τοῦ
3612 2329 3821 2400 πνεύμα-

626 2394 858 2462 spiritus
906 2399 1186 2465 operantis
1231 2400 1286 2454 in
1323 2401 1448 2458 filiis
1497 2403 1828 2461 difﬁdentiae.
1867 2407 1964 2464 llle
2010 2419 2167 2464 auten

2291 2435 2381 2481 τος
2409 2416 2500 2470 τοῦ
2531 2394 2960 2489 ἐνεργοῦντος-έν
2985 2419 3098 2482 τοῖς
3120 2394 3279 2482 ὐἱοῖς
3316 2394 3422 2488 τῆς
3456 2394 3748 2483 ἀπειθείας..
3772 2421 3822 2474 '0

624 2485 753 2540 altis
803 2487 1081 2544 radicibus
1135 2492 1293 2580 actis,
1343 2500 1402 2547 ut
1446 2496 1586 2550 oliva
1620 2496 1901 2553 fructifera
1940 2503 1992 2555 in
2030 2504 2167 2556 donn

2290 2509 2345 2562 δὲ
2384 2485 2769 2582 ἐρριζωμένος,
2803 2511 2878 2574 ὡς
2917 2510 3069 2564 ἐλαία
3110 2485 3466 2583 κατάκαρπος
3509 2513 3565 2564 ὲν
3600 2511 3672 2583 τῷ
3709 2512 3822 2582 οἴκῳ

622 2570 858 2638 Domini,
899 2576 1025 2632 illos
1052 2561 1241 2632 contra
1273 2588 1566 2652 tyrannum
1601 2586 1838 2642 instituit
1885 2605 2165 2647 sermones

2302 2561 2337 2562 η
2416 2561 2463 2582 ri
2494 2561 2769 2581 ’a"r"'"
2811 2561 2877 2574 ’θ’
2922 2561 3065 2564 ίηνννν
3114 2561 3464 2583 -νν--τνν-Τ---ν
3514 2561 3556 2564 ’⁷
3612 2561 3667 2583 ’Τ
3714 2561 3815 2582 ""T

2287 2601 2381 2655 τοῦ
2408 2602 2562 2663 Θεοῦ,
2593 2603 2830 2666 ἐκείνους
2876 2607 3108 2658 ποιεῖται
3153 2604 3293 2658 κατά
3327 2604 3421 2658 τοῦ
3445 2605 3691 2676 τυράννου
3715 2605 3819 2666 τοὺς

624 2679 765 2730 quos
797 2665 851 2718 in
885 2667 1097 2735 psalmo
1123 2671 1454 2738 audivimus,
1483 2690 1607 2729 cum
1637 2679 1747 2731 ait:
1789 2697 1806 2729 ι
1827 2678 1966 2744 Quid
1997 2682 2166 2749 gloria

2287 2693 2511 2762 λόγους,
2557 2695 2651 2758 οὓς
2696 2696 2754 2748 ἐν
2795 2697 2862 2766 τῇ
2915 2695 3200 2767 ψαλμῳδίᾳ
3246 2665 3590 2767 ἠκούσαμεν,
3635 2696 3820 2764 λέγων’

623 2755 702 2809 ris
736 2756 790 2809 in
837 2759 1068 2826 malitia,
1118 2761 1211 2830 qui
1261 2773 1453 2833 potens
1487 2782 1546 2823 es
1576 2769 1630 2822 in
1667 2770 1987 2842 iniquitate?
2014 2775 2167 2843 Cujus

2294 2755 2388 2838 «Τί
2411 2755 2656 2858 ἐγκαυχᾷ
2685 2789 2742 2841 ὲν
2766 2755 2941 2860 κακίᾳ,
2957 2791 2985 2840 ὁ
3007 2755 3230 2853 δυνατός
3259 2755 3511 2859 ἀνομίαν,
3538 2755 3596 2842 οῦ
3622 2789 3654 2859 ἡ
3679 2787 3822 2856 γλῶσ⁴

620 2844 807 2915 lingua
846 2857 951 2916 est,
1003 2852 1147 2906 sicut
1198 2857 1463 2911 novacula
1509 2867 1688 2923 acuta,
1715 2880 1734 2913 ›
1778 2865 2018 2932 spolians
2066 2881 2160 2920 eos

2290 2895 2356 2930 σα
2384 2844 2514 2933 ὡσεὶ
2547 2844 2706 2952 ξῦὶρὸν
2746 2844 3106 2952 ἠκονημένον,
3147 2900 3165 2932 ›
3192 2844 3273 2944 οἷς
3308 2844 3378 2934 ἂν
3417 2879 3619 2951 ὲπαχθῇ
3643 2844 3823 2932 ἀποσυ-

621 2951 759 3007 quos
791 2941 1052 3010 tetigerit,
1097 2945 1303 3000 honore
1333 2957 1385 3002 et
1423 2949 1620 3006 decore
1661 2953 1916 3021 crinium,
1965 2957 2167 3012 abscin-

2285 2973 2449 3027 λοῦσα
2478 2973 2584 3026 τῶν
2607 2974 2808 3044 τριχῶν
2831 2975 2930 3046 τὴν
2953 2973 3304 3044 εὐπρέπειαν,
3341 2975 3434 3026 καὶ
3458 2972 3553 3035 τὰς
3577 2971 3705 3024 ἑπτὰ
3730 2971 3822 3022 τῶν

2465 1035 2572 1107 γὰρ
2630 1038 2689 1091 οὐ
2743 1043 2993 1110 συντηρεῖ
3052 1042 3118 1093 δι’
3183 1044 3378 1115 ἑαυτῆς
3426 1047 3666 1122 ἑαυτὴνή
3719 1055 3809 1107 τῶν

2309 1127 2544 1197 ἡμιόνων
2575 1129 2767 1199 φύσις,
2807 1131 2978 1196 οὕτως
3018 1134 3138 1187 οὐδὲ
3170 1136 3202 1205 ή
3251 1138 3414 1190 κακία
3451 1140 3590 1209 μένει
3621 1145 3744 1198 κατά
3767 1147 3817 1199 τὸ

2303 1220 2551 1291 διηνεκὲς
2580 1224 2716 1295 αὐτῇ
2763 1226 3162 1298 φυλασσομένη,
3211 1227 3345 1282 ἀλλά
3387 1231 3601 1286 πάντοτε
3640 1235 3817 1303 γίνεται

618 3028 863 3101 densquc
894 3045 1096 3102 septem
1145 3035 1268 3091 illos
1297 3039 1618 3108 capillorum
1660 3059 1855 3106 nexus,
1896 3047 1950 3100 in
1983 3049 2183 3116 quibus

2287 3065 2594 3136 βοστρύχων
2630 3065 2839 3136 σειρὰς,
2886 3066 2945 3118 έν
2990 3060 3076 3129 αἷς
3122 3065 3269 3118 ἐστιν
3321 3067 3355 3136 ἡ
3408 3064 3628 3134 δύναμις
3667 3061 3820 3132 ἡμῶν,

615 3123 795 3178 omnis
836 3128 1013 3179 virtus
1065 3128 1290 3182 residet.
1346 3129 1625 3202 lutelligis,
1687 3137 1900 3206 opinor,
1955 3154 2021 3193 ex
2062 3141 2167 3210 ipsc

2283 3123 2678 3226 ἀποτέμνουσα.
2711 3123 2868 3218 Νοείς
2889 3155 2945 3207 δὲ
2973 3123 3190 3219 πάντως
3219 3159 3283 3209 ὲκ
3318 3123 3419 3227 τῆς
3447 3123 3718 3227 έ68όμάδος
3733 3154 3822 3206 τῶν

615 3215 927 3282 septenario
950 3231 1200 3284 numero,
1241 3221 1605 3288 spiritualium
1647 3225 2022 3282 cincinnorum
2053 3246 2167 3285 seu-

2282 3247 2662 3317 πνευματικῶν
2694 3246 3002 3319 βοστρύχων
3028 3249 3127 3318 τὴν
3149 3249 3378 3311 ἔννοιαν,
3411 3247 3591 3310 καθὼς
3623 3247 3822 3308 Ἡσαΐας

613 3319 757 3365 sum,
817 3313 977 3373 prout
1024 3306 1276 3362 videlicet
1320 3310 1486 3366 Isaias
1531 3314 1900 3382 septiformem
1952 3320 2167 3388 spiritus

2278 3338 2376 3408 τὴν
2407 3306 2614 3408 έπταχῆ
2648 3306 2936 3410 γίνομένην
2984 3306 3094 3392 τοῦ,
3118 3306 3431 3408 πνεύματος
3459 3340 3612 3412 χάριν
3645 3341 3821 3410 ἀπηρι-

611 3395 841 3460 gratiam
877 3408 1162 3452 enumerat
1185 3399 1255 3464 9°;
1292 3402 1494 3469 quibus
1522 3402 1800 3471 abscissis,
1840 3417 1898 3460 ut
1926 3409 2175 3466 Samsoni

609 3483 896 3545 accidit",
935 3486 1183 3552 sequitur
1211 3491 1494 3543 oculorum
1532 3492 1787 3550 interitus
1826 3505 1879 3550 et
1923 3499 2173 3567 perditio,

605 3574 827 3641 jamque
875 3577 1189 3632 temulentis
1234 3590 1288 3634 et
1315 3581 1484 3637 ebriis
1517 3585 1838 3658 alienigenis
1878 3590 2172 3649 ludibrium

608 3664 864 3720 eﬂicitur.

678 3756 924 3813 Posthzec
953 3760 1213 3818 describit
1238 3764 1379 3835 ejus,
1411 3768 1503 3837 qui
1535 3768 1586 3822 in
1619 3772 1822 3826 malitia
1848 3783 2041 3843 potens
2064 3787 2170 3843 est,

606 3858 765 3905 notas
821 3860 874 3905 et
932 3855 1294 3924 proprietates
1338 3877 1350 3912 :
1387 3861 1645 3929 quoniam
1693 3882 1712 3916 ι
1741 3863 1884 3922 Deus
1927 3870 2173 3925 destruet

605 3939 750 3994 hunc
781 3941 834 3995 in
865 3943 1059 3999 linem:
1096 3961 1241 4001 nunc
1278 3965 1406 4004 vero
1429 3953 1622 4008 evellet
1651 3962 1704 4009 et
1735 3958 2020 4028 emigrabit
2045 3977 2171 4016 eum

604 4045 634 4084 a
666 4032 846 4087 divino
877 4035 1242 4103 habitacula,»
1274 4048 1328 4095 et
1357 4042 1424 4097 de
1454 4053 1597 4099 terra
1621 4047 1915 4103 viventium
1952 4054 2172 4107 exscin-

603 4123 694 4177 det
723 4127 942 4182 malitiae
964 4129 1110 4184 illius
1133 4139 1186 4186 et
1222 4134 1538 4192 acerbitatis
1567 4139 1802 4205 radices,
1837 4153 1890 4197 et
1914 4144 1964 4199 id
1998 4162 2169 4215 genus

601 4215 732 4279 alia,
753 4233 872 4286 quae
909 4221 1152 4288 psalmus
1191 4223 1281 4278 ille
1311 4233 1426 4280 toto
1456 4241 1555 4281 suo
1587 4229 1820 4287 decursu
1851 4238 2170 4306 complecti-

599 4318 709 4372 tur,
743 4312 807 4365 ad
836 4313 1086 4370 eumdem
1115 4315 1276 4371 ﬁnem
1308 4325 1646 4390 spectantia;
1685 4328 1885 4395 quibus
1913 4339 2168 4388 constan-

597 4401 672 4452 tia
704 4410 758 4454 et
807 4404 1075 4458 stabilitas
1116 4422 1305 4462 eorum
1360 4414 1659 4480 perficitur,
1709 4421 2164 4488 quemadmodum

596 4492 814 4548 divinus
862 4495 936 4548 ait
969 4495 1282 4566 Apostolus,
1325 4503 1417 4570 qui
1453 4505 1720 4561 «radicati
1763 4521 1891 4565 sunt
1935 4512 1991 4566 in
2039 4514 2160 4570 fide.

598 4584 708 4654 Ego
733 4586 896 4653 enim,
931 4589 1122 4660 inquit,
1154 4599 1412 4662 tanquam
1440 4597 1580 4651 oliva
1615 4599 1894 4657 fructifera
1918 4605 1971 4659 in
2000 4605 2162 4663 domo
2192 4578 2238 4634 Β

597 4675 688 4729 Dei
722 4679 846 4740 mei,
887 4683 1100 4751 speravi
1135 4684 1188 4738 in
1223 4687 1596 4743 misericordia
1627 4690 1719 4747 Dei
1755 4695 1809 4748 in
1840 4699 2153 4762 saeculum,»

592 4777 646 4822 et
673 4771 811 4825 ultra
854 4774 954 4828 hoc
996 4779 1252 4845 spatium,
1287 4781 1445 4850 cujus
1495 4799 1749 4840 mensura
1788 4797 1870 4842 est
1897 4789 2158 4857 infinitas,

593 4864 735 4932 quod
787 4876 943 4920 vocat
999 4873 1360 4928 «saeculorum
1402 4879 1718 4932 saeculum.)
1773 4879 2053 4953 Simulque
2101 4903 2161 4942 se

592 4952 703 5008 Deo
732 4971 1016 5026 perpetuas
1045 4965 1251 5031 gratias
1283 4977 1531 5022 acturum
1563 4973 1870 5039 pollicetur,
1897 4952 2018 5031 rum
2050 4981 2156 5035 ait;

596 5046 946 5104 «Confitebor
979 5053 1075 5106 tibi
1104 5057 1154 5108 in
1189 5059 1444 5112 saeculum
1469 5078 1513 5111 τι
1553 5072 1608 5116 tu
1640 5066 1783 5119 enim
1823 5068 1995 5124 fecisti
2025 5075 2154 5127 mihi

589 5138 751 5210 digna
787 5143 1083 5210 gratiarum
1125 5149 1359 5214 actione,
1402 5170 1419 5199 ι
1445 5161 1499 5205 ει
1528 5160 1907 5222 exspectabo,»
1954 5164 2152 5234 inquit,

595 5247 834 5287 «nomen
883 5243 1100 5289 tuumn
1156 5238 1295 5293 bona
1333 5250 1416 5296 est
1467 5247 1612 5298 enim
1660 5249 1772 5303 haec
1820 5260 2154 5324 exspectatio

586 5325 793 5379 sanctis
825 5326 954 5380 tuis.
993 5326 1460 5392 Quemadmodum
1497 5346 1676 5392 autem
1719 5342 1916 5400 diversi
1953 5350 2152 5407 coloris

586 5415 844 5483 splendor
874 5418 943 5471 ob
972 5419 1220 5475 tinctura:
1250 5424 1589 5492 varietatem,
1621 5432 1788 5488 variis
1818 5440 1973 5505 quasi
2006 5441 2152 5497 ﬂori-

581 5505 685 5560 bus
713 5506 1005 5575 distinctze,
1036 5513 1236 5565 sensim
1264 5513 1331 5567 ad
1358 5515 1632 5573 diversum
1665 5525 1903 5580 colorem
1930 5536 2147 5602 transit,

583 5595 732 5666 ipsas
765 5613 928 5655 auras
957 5601 1202 5656 colorum
1245 5605 1548 5662 alternante
1576 5609 1785 5683 fulgore
1811 5620 1942 5677 scite
1977 5627 2152 5694 pictu-

583 5703 748 5746 rans:
807 5691 886 5746 sic
939 5701 993 5747 et
1022 5695 1204 5750 videre
1251 5704 1333 5753 est
1382 5701 1574 5757 Dsalmi
1610 5703 1774 5776 hujus
1824 5691 2016 5773 sensus
2051 5735 2146 5776 ex-

647 5867 693 5900 ”
725 5869 848 5928 lsai.
879 5890 952 5939 ιιι,
985 5877 1037 5931 2.
1116 5880 1158 5913 ’⁸
1189 5879 1365 5938 Judic.
1390 5899 1496 5951 xw,
1523 5885 1583 5941 2|
1624 5906 1742 5963 sqq.

2280 3429 2387 3501 θμή
2398 3447 2524 3482 σατο
2543 3447 2559 3464 ο
2589 3425 2663 3484 ὧν
2693 3431 3137 3502 ἀποτμηθέντων,
3161 3431 3347 3497 καθὼς
3380 3434 3473 3486 ἐπὶ
3499 3433 3591 3486 τοῦ
3612 3431 3825 3503 Σαμψὼν

2280 3522 2499 3591 συνέϐη,
2545 3523 2734 3576 ’ἐπεται
2781 3525 2888 3577 τῶν
2934 3523 3224 3594 ὀφθαλμῶν
3275 3527 3311 3596 ή
3352 3525 3609 3589 ἀπώλεια,
3652 3522 3824 3577 καὶτὸ

2277 3613 2627 3682 ὲπιγέλαστον
2660 3611 2797 3667 εἶναι
2829 3617 2939 3678 τοῖς
2963 3615 3298 3684 ἀλλοφύλοις,
3329 3617 3459 3670 ὅταν
3490 3615 3762 3688 μεθύωσιν.

2357 3794 2582 3864 Ἐπάγει
2615 3794 2671 3848 δὲ
2705 3794 2842 3865 μετὰ
2872 3794 2933 3848 τὸ
2958 3797 3150 3860 εἰπεῖν,
3175 3795 3242 3850 δι’
3271 3789 3352 3851 ὧν
3379 3797 3744 3869 ὑπογράφεται
3765 3792 3824 3846 τὰ

2272 3886 2366 3940 τοῦ
2401 3891 2457 3940 ἐν
2483 3889 2648 3959 κακίᾳ⁴
2677 3888 2902 3942 δυνατοῦ
2935 3888 3228 3960 ἰδιώματαο
3264 3890 3350 3942 ὅτι
3399 3910 3418 3942 ι
3451 3891 3480 3943 ὁ
3509 3889 3635 3952 Θεὸς
3661 3887 3824 3940 τοῦτον

2277 3980 2375 4050 μὲν
2405 3980 2723 4051 καθαιρήσει
2752 3983 2832 4045 εἰς
2859 3981 3010 4046 τέλος
3037 3998 3051 4012 ο
3101 3982 3240 4045 τέως
3269 3982 3327 4034 δὲ
3376 3981 3472 4036 νῦν
3512 3980 3705 4034 ἐκτιλεί
3743 3976 3826 4030 καὶ

2275 4073 2668 4144 μεταναστήσει
2713 4073 2819 4126 ἀπὸ
2848 4073 2941 4126 τοῦ
2977 4073 3122 4126 θείου
3151 4072 3540 4144 σκηνώματος,
3573 4092 3590 4123 ι
3642 4070 3729 4124 καὶ
3770 4070 3826 4169 ἐκ

2270 4165 2369 4234 τῆς
2393 4164 2499 4217 τῶν
2527 4164 2742 4229 ζώντων
2768 4165 2871 4237 γῆς
2892 4165 3140 4236 ἀνορύξει
3170 4167 3240 4220 τὰ
3261 4168 3364 4237 τῆς
3394 4166 3655 4238 πονηρίας
3679 4163 3824 4217 αὐτου

2272 4259 2366 4312 καὶ
2396 4259 2618 4328 πικρίας
2646 4257 2949 4330 ῥιζώματα,
2983 4259 3077 4311 καὶ
3106 4258 3205 4311 ὅσα
3230 4258 3446 4322 τούτοις
3479 4258 3618 4312 κατά
3641 4257 3697 4310 τὸ
3718 4252 3826 4308 ἀκό-

2269 4349 2452 4402 λουθον
2478 4350 2716 4421 περιέχει
2740 4351 2772 4420 ἡ
2799 4349 3103 4420 ψαλμῳδία,
3128 4350 3262 4420 πρὸς
3283 4352 3386 4422 τὴν
3412 4353 3584 4423 αὐτὴν
3611 4350 3826 4416 διάνοιαν

2269 4440 2530 4510 βλέποντα
2551 4456 2563 4468 ·
2603 4439 2670 4492 δι’
2699 4433 2773 4492 ὧν
2802 4439 3155 4509 κατορθοῦται
3186 4439 3247 4493 τὸ
3279 4441 3526 4510 βέϐαιον,
3557 4440 3730 4503 καθὼς
3756 4435 3825 4490 εί-

2266 4549 2367 4584 πεν
2413 4535 2442 4586 ὁ
2493 4532 2633 4594 θεῖος
2673 4532 3007 4598 Ἀπόστολος,
3039 4531 3145 4586 τῶν
3204 4552 3222 4583 ι
3251 4533 3641 4604 ὲρῤιζωμένων
3685 4533 3738 4583 ἐν
3766 4531 3824 4599 τῇ

2267 4622 2445 4674 πίστει
2465 4663 2477 4676 .
2522 4621 2658 4691 Ἐγὼ
2686 4623 2812 4694 γάρ,
2850 4644 2868 4674 ι
2886 4623 3070 4694 φησιν,
3099 4642 3117 4673 ι
3139 4624 3267 4677 ὡσεὶ
3297 4625 3460 4679 ἐλαία
3495 4625 3827 4694 κατάκαρπος

2264 4716 2322 4767 ὲν
2354 4715 2431 4786 τῷ
2461 4717 2592 4787 οἴκῳ
2641 4716 2733 4769 τοῦ
2763 4717 2897 4770 Θεοῦ
2935 4735 3057 4788 μου,
3091 4719 3294 4788 ἥλπισα
3326 4721 3422 4772 ἐπὶ
3455 4719 3517 4772 τὸ
3558 4719 3703 4781 ἕλεος
3741 4713 3825 4768 τοῦ

2262 4808 2396 4861 Θεοῦ
2425 4811 2506 4871 είς
2539 4808 2628 4861 τὸν
2655 4808 2852 4871 αἰῶνα,
2881 4828 2899 4861 ι
2963 4810 3063 4864 καὶ
3087 4809 3146 4862 τὸ
3172 4810 3310 4881 ὑπὲρ
3354 4810 3519 4864 τοῦτο
3550 4811 3824 4877 διάστημαν

2261 4893 2322 4952 οῦ
2369 4901 2563 4971 μέτρον
2599 4900 2746 4952 ἐστὶν
2773 4901 2806 4969 ή
2834 4901 3076 4970 ἀπειρία,
3108 4902 3242 4974 ὅπερ
3291 4921 3310 4954 ι
3343 4897 3827 4970 αἰώνων’όνομάζει

2261 4991 2451 5044 αἰῶνα.
2489 5011 2507 5044 ι
2551 4993 2640 5046 Ἐν
2689 4991 2862 5063 τούτῳ
2905 4995 2999 5045 καὶ
3045 4992 3143 5064 τὴν
3192 4994 3552 5065 εὐχαριστίαν
3597 4993 3733 5046 κατά
3775 4986 3829 5042 τὸ

2263 5084 2432 5135 ἀΐδιον
2477 5083 2556 5152 τῷ
2598 5082 2716 5154 Θεῷ
2749 5085 3053 5155 προσοίσειν
3095 5080 3598 5152 κατεπαγγέλλεται
3628 5083 3822 5149 λέγων·

2267 5192 2286 5224 ι
2331 5173 2822 5246 Ἐξομολογήσομαί
2852 5193 2934 5228 σοι
2981 5178 3060 5240 είς
3090 5176 3179 5229 τὸν
3220 5177 3414 5230 αἰῶνα.
3452 5197 3470 5229 ι
3512 5177 3586 5229 Σὺ
3613 5177 3716 5246 γάρ
3747 5189 3827 5241 μοι

2260 5265 2327 5318 τά
2354 5267 2478 5332 ἄξια
2504 5268 2601 5337 τῆς
2630 5269 2976 5339 εὐχαριστίας
3001 5270 3277 5341 ἐποίησας.
3323 5289 3342 5320 ι
3365 5270 3478 5322 Καὶ
3512 5263 3780 5337 ὑπομενῶ,
3805 5281 3821 5313 ι

2261 5361 2414 5430 φησὶ,
2452 5361 2539 5414 «τὸ
2571 5361 2742 5432 ὄνομά
2770 5380 2882 5416 σου.
2915 5382 2933 5415 ι
2975 5363 3200 5431 Ἀγαθὸν
3225 5363 3332 5434 γάρ
3363 5364 3517 5417 ἐστιν
3539 5365 3572 5434 ή
3598 5355 3826 5430 ὑπομονὴ

2259 5455 2370 5515 τοῖς
2398 5453 2562 5516 ὁσίοις
2607 5471 2720 5507 σου.
2760 5455 2969 5526 Ὥσπερ
3005 5455 3061 5507 δὲ
3108 5456 3140 5525 ἡ
3189 5454 3557 5524 πολύχρωμος
3589 5451 3744 5520 αἴγλη
3773 5449 3827 5500 ἐν

2257 5543 2496 5615 διαφόρῳ
2521 5545 2597 5617 τῷ
2624 5546 2723 5616 τῆς
2755 5546 2931 5616 βαφῆς
2956 5545 3104 5600 ἄνθει
3134 5545 3439 5617 λεληθότως
3468 5546 3605 5617 πρὸς
3634 5544 3692 5596 τὸ
3719 5544 3826 5594 ἑτεο

2259 5639 2484 5709 ρόχρουν
2511 5638 2841 5708 μεταϐαίνει,
2874 5637 3165 5710 προσφυῶς
3207 5639 3306 5701 τάς
3335 5637 3520 5708 ἄκρας
3554 5637 3660 5690 τῶν
3690 5649 3826 5704 χρω-

2259 5731 2440 5800 μάτων
2466 5731 2638 5800 αὐγὰς
2669 5730 2927 5804 ἀλλήλαις
2956 5731 3403 5803 καταμιγνύουσα
3431 5748 3446 5764 ο
3491 5728 3662 5792 οὕτως
3693 5723 3828 5776 ἔστιν
