3986 6486
225 467 332 521 565

1635 470 1703 524 IN
1741 469 2070 525 PSALMOS.

3356 456 3461 513 566

235 591 362 644 ίδεῖν
390 586 490 656 τῆς
519 584 833 655 ψαλμῳδίας
876 584 1075 649 ταύτης
1120 583 1256 635 κατά
1284 582 1344 636 τὸ
1379 581 1545 653 ἄκρον
1571 582 1669 650 τὴν
1696 581 1789 633 τοῦ
1820 610 1831 639 λ

1933 580 2050 634 'emi
2082 580 2237 649 quasi
2264 579 2493 641 radium,
2528 575 2683 630 initio
2706 574 2986 643 sequentis
3020 573 3217 641 psalmi
3242 574 3309 635 ",
3340 580 3465 626 tan-

232 682 503 751 νοήματος
531 680 744 739 ἀκτῖνα,
774 674 851 745 τῷ
872 675 1137 745 προοιμίῳ
1154 675 1251 744 τῆς
1272 674 1362 727 τοῦ
1392 676 1794 744 παρακειμένου

232 770 451 841 ψαλμοῦ
478 768 835 837 λαμπηδόνος,
864 766 930 817 δι’
959 765 1249 819 ἀκολούθου
1285 767 1761 836 προσμιγνυμένην
1779 783 1793 796 ι

233 864 373 915 ῶστε
416 860 693 913 λανθάνειν
734 857 793 909 τὸ
844 857 1003 927 μέσον
1050 857 1285 921 τούτων,
1333 856 1652 926 αὐτομάτως
1700 856 1798 925 τῆς

233 952 473 1012 διανοίας
505 949 611 1002 ἀπὸ
654 947 840 999 τούτου
888 946 1022 1017 πρὸς
1074 945 1171 1015 τὴν
1219 945 1579 1015 ὑποκειμένην
1618 945 1799 1014 ψαλμ-

234 1043 399 1112 ῳδίαν
432 1038 873 1109 καταμιχθείσης.
922 1039 980 1090 '0
1006 1038 1112 1106 γὰρ
1153 1036 1416 1098 ὡςέλαία
1450 1036 1801 1103 κατάκαρπος

240 1133 489 1204 ῥιζωθεὶς
517 1133 574 1182 ἐν
596 1130 672 1200 τῷ
697 1132 827 1199 οἴκῳ
859 1128 951 1181 τοῦ
981 1129 1137 1191 Θεοῦ,
1172 1130 1265 1181 καὶ
1297 1130 1355 1181 τὸ
1388 1129 1593 1196 ἐδραῖόν
1622 1146 1681 1179 τε
1708 1126 1801 1180 καὶ

237 1225 633 1296 ἀμετακίνητον
678 1220 768 1274 τοῦ
820 1220 961 1275 κατὰ
997 1220 1094 1290 τὴν
1129 1221 1305 1273 πίστιν
1343 1221 1715 1290 στερεώματος
1744 1220 1802 1270 ἐν

241 1316 418 1385 ἐαυτῷ
448 1312 765 1384 βεϐαιώσας.
790 1313 883 1366 καὶ
906 1311 1001 1382 τὴν
1032 1312 1217 1365 ἐλπίδα
1246 1310 1338 1364 τοῦ
1366 1311 1507 1364 θείου
1538 1310 1715 1364 ἐλαίου
1737 1311 1803 1363 δι’

240 1407 590 1477 εὐχαριστίας
622 1408 687 1477 τῇ
715 1405 937 1477 ἀπειρίᾳ
968 1404 1077 1457 τῶν
1108 1403 1316 1456 αἰώνων
1342 1403 1800 1474 συμπαρατείνας,

244 1499 404 1569 θυμῷ
431 1497 629 1568 χρῆται
660 1497 799 1550 κατά
842 1496 949 1549 τῶν
992 1496 1379 1565 ἀφραινόντων,
1410 1489 1485 1549 ὧν
1515 1495 1806 1564 κεφάλαιον

244 1590 346 1659 τῆς
373 1587 700 1659 ἀφροσύνης,
746 1587 805 1640 τὸ
828 1587 918 1639 τὸν
949 1586 1215 1657 ἀληθινῶς
1248 1587 1398 1652 ὄντα,
1432 1587 1521 1639 τὸν
1549 1588 1641 1639 ἐπὶ
1668 1587 1804 1639 πάν-

246 1695 379 1743 των,
406 1678 500 1730 καὶ
522 1678 579 1730 ἐν
606 1678 789 1742 πᾶσιν,
818 1674 1002 1729 τοῦτον
1038 1677 1111 1747 μὴ
1143 1671 1281 1729 εἶναι
1309 1676 1511 1745 λέγειν.
1541 1676 1807 1730 Τοιούτων

244 1768 381 1839 γὰρ,
428 1767 610 1838 φησὶν,
652 1768 747 1821 καὶ
778 1767 1027 1822 τοιούτων
1051 1769 1217 1822 ὄντων
1266 1768 1520 1840 (πρῶτον
1547 1767 1641 1821 τοῦ
1674 1767 1808 1820 Θεοῦ

248 1860 485 1911 δείκνυσι
520 1858 619 1927 τὴν
647 1859 786 1928 ὑπὲρ
813 1859 920 1911 τῶν
965 1858 1263 1929 ἀνθρώπων
1306 1858 1643 1930 προμήθειαν
1670 1875 1685 1889 ⁸
1725 1860 1807 1927 ἐφ’

1898 687 2060 741 quam
2113 672 2351 725 lucernae
2386 666 2773 737 consequentia
2817 664 3074 734 quadam,
3125 664 3361 718 allucere
3409 672 3466 718 et

1897 764 2235 834 permisceri,
2295 769 2353 814 ut
2411 760 2668 823 medium,
2736 756 2882 827 quod
2933 757 3286 826 interjicitur,
3351 772 3463 811 non

1900 862 2177 924 appareat,
2219 860 2413 922 sponte
2456 866 2555 905 sua
2591 850 2773 903 animo
2800 848 2869 901 ab
2909 849 3013 902 hac
3061 848 3129 902 ad
3161 849 3462 917 subjectam

1900 944 2256 1016 psalmodiam
2305 942 2604 997 delabenle.
2638 939 2743 1005 Qui
2783 941 2928 995 enim
2959 947 3019 992 ut
3047 939 3187 992 oliva
3220 939 3367 995 ferax
3408 941 3463 995 iu

1901 1038 2064 1090 domo
2101 1034 2311 1086 Domini
2367 1033 2575 1086 radices
2616 1032 2751 1094 ﬁxit,
2791 1034 3064 1098 ﬁxumque
3112 1031 3244 1085 illud
3276 1040 3331 1087 et
3362 1031 3465 1085 im-

1903 1134 2107 1178 motum
2146 1123 2265 1177 ﬁdei
2300 1123 2697 1176 ﬁrmamentum
2738 1120 2841 1175 sibi
2873 1120 3228 1187 comparavit,
3272 1128 3326 1175 et
3374 1121 3465 1190 qui

1903 1232 2053 1284 spem
2087 1215 2255 1269 divini
2288 1214 2393 1269 olei
2430 1229 2525 1283 per
2552 1213 2848 1280 gratiarum
2879 1212 3146 1264 actionem
3179 1211 3246 1266 ad
3288 1212 3467 1266 inﬁni-

1904 1315 2068 1361 tatem
2094 1307 2415 1360 smculorum
2446 1303 2712 1368 extendit,
2739 1303 2787 1357 is
2816 1303 3099 1356 iracundia
3124 1303 3178 1357 in
3204 1302 3468 1372 insipien-

1905 1408 1988 1455 tes
2016 1400 2339 1461 exardescit,
2375 1411 2605 1467 quorum
2637 1393 2962 1463 insipientia:
2988 1401 3155 1463 caput
3186 1402 3288 1456 est,
3319 1409 3469 1449 asse-

1904 1508 2027 1547 rere
2059 1508 2181 1546 eum
2210 1506 2315 1545 non
2344 1506 2486 1555 esse,
2520 1489 2612 1557 (Illi
2654 1503 2777 1542 vere
2799 1497 2902 1552 εει,
2934 1496 2987 1541 et
3016 1502 3181 1556 super
3207 1502 3397 1541 omnes
3417 1495 3471 1541 Cl

1906 1584 1961 1638 in
1993 1584 2267 1638 omnibus.
2304 1580 2440 1636 Cum
2469 1580 2614 1637 enim
2648 1587 2728 1634 tot
2755 1588 2809 1633 et
2839 1579 2969 1632 talia
3000 1578 3131 1638 sint,
3173 1577 3374 1647 inquit,
3404 1593 3469 1631 ex

1907 1676 2103 1745 quibus
2131 1675 2221 1728 Dei
2252 1683 2444 1727 natura
2479 1672 2753 1741 colligitur
2785 1670 2804 1740 (
2817 1669 3049 1740 primum
3089 1669 3181 1724 Dei
3211 1683 3339 1739 erga
3375 1669 3466 1722 ho-

1908 1767 2084 1820 mines
2123 1764 2460 1817 demonstrat
2502 1760 2917 1830 providentiam,
2977 1759 3065 1812 cui
3104 1757 3220 1827 spei
3272 1764 3474 1812 nostra:

1916 1858 2315 1913 ﬁrmamentum
2371 1853 2508 1907 adeo
2562 1851 2913 1906 immobiliter
2946 1849 3218 1912 innititur,
3258 1855 3318 1902 ut
3362 1862 3471 1902 non

249 1942 314 2001 οὗ
350 1949 409 2001 τὸ
434 1947 539 2001 τῶν
572 1916 797 2001 ἐλπίδων
827 1949 1037 2018 βέϐαιον
1065 1916 1235 2012 οὕτως
1272 1916 1602 2019 ἀμέτάθέτόν
1644 1916 1810 2014 ἐστιν,

1933 1949 2190 2018 'atigetur,
2240 1944 2459 2015 quando
2487 1941 2762 1997 desiderio
2802 1956 2905 1996 suo
2948 1948 3123 1994 totum
3156 1937 3476 1994 aeternitatis

251 2042 330 2104 ὡς
360 2041 435 2111 μὴ
465 2041 691 2111 κάμνειν
713 2044 779 2111 τῇ
811 2041 1069 2111 ἀΐδιότητι
1098 2041 1203 2094 τῶν
1246 2041 1475 2108 αἰώνων,
1517 2042 1609 2095 τὸν
1653 2043 1813 2095 πόθον

254 2131 767 2200 συνεκτεινόμενον),
794 2130 909 2193 πῶς
939 2152 957 2182 ι
1001 2131 1147 2199 λέγει
1176 2134 1203 2184 6
1233 2134 1419 2204 ἄφρων
1446 2137 1501 2188 ἐν
1530 2138 1593 2205 τῇ
1623 2134 1817 2205 καρδίᾳ

253 2221 459 2273 αὐτοῦ’
508 2222 620 2274 Ούκ
668 2222 782 2274 ἐστι
834 2223 1002 2286 Θεός;
1051 2222 1415 2294 διεφθάρησαν
1464 2226 1557 2278 καὶ
1600 2224 1817 2277 ἐϐδελύ-

255 2311 487 2380 χθησαν,
528 2330 546 2362 ι
598 2313 655 2365 ἐν
684 2314 796 2375 τοῖς
830 2311 1083 2376 τοιούτοις
1123 2315 1223 2385 τῆς
1264 2314 1496 2378 διανοίας
1536 2315 1813 2385 ἐπιτηδεύ-

254 2414 451 2465 μασιν.

327 2489 509 2558 Φθορά
548 2489 656 2559 γάρ
702 2494 849 2543 ἐστιν
881 2491 954 2552 ὡς
987 2492 1199 2562 ἀληθῶς
1224 2535 1239 2559 ,
1296 2494 1387 2546 καὶ
1438 2495 1676 2557 διάλυσις
1726 2497 1818 2549 τοῦ

253 2579 607 2645 συνεστῶτος,
643 2582 676 2651 ἡ
712 2582 803 2634 τοῦ
829 2582 992 2645 ὅντως
1022 2583 1170 2645 ὄντος
1205 2586 1531 2649 ἀπόπτωσις.
1568 2587 1689 2649 Πῶς
1715 2588 1822 2656 γὰρ

251 2673 323 2725 ἄν
356 2690 439 2736 τις
466 2677 521 2726 ἐν
547 2674 624 2743 τῷ
651 2670 788 2727 εἶναι
813 2675 920 2745 εἴη,
950 2676 1023 2746 μὴ
1049 2678 1106 2729 ἐν
1134 2676 1211 2747 τῷ
1243 2677 1354 2730 ὄντι
1380 2677 1484 2745 ών;
1535 2679 1657 2740 Πῶς
1688 2678 1731 2729 δ’
1758 2679 1823 2732 ἄν

252 2785 343 2831 τις
369 2766 512 2837 μένοι
542 2770 599 2821 ἐν
618 2768 695 2837 τῷ
725 2768 854 2833 ὄντι,
882 2770 955 2838 μὴ
983 2770 1248 2823 πιστεύων
1276 2770 1355 2840 τῷ
1381 2770 1510 2835 ὄντι,
1538 2772 1618 2823 ὅτι
1651 2772 1823 2836 ἔστινς

267 2860 331 2912 Ὀ
374 2860 430 2912 δέ
457 2859 666 2931 ἀληθῶς
712 2859 805 2921 ῶν,
837 2860 965 2922 Θεός
999 2863 1113 2912 ἐστι
1146 2861 1381 2925 πάντως,
1410 2861 1590 2925 καθὼς
1617 2862 1694 2932 τῷ
1727 2880 1825 2933 με-

254 2952 413 3022 γάλῳ
449 2953 691 3023 Μωσεῖή
722 2954 953 3006 ὀπτασέα
983 2954 1081 3024 τῆς
1124 2955 1434 3021 θεοφανείας
1470 2956 1823 3027 μαρτύρεται.

268 3043 335 3094 '0
364 3039 457 3096 οὖν
484 3042 757 3096 ἐκϐάλλων
801 3044 899 3113 τῆς
945 3045 1136 3097 ἐαυτοῦ
1180 3044 1415 3109 διανοίας
1460 3046 1551 3099 τοῦ
1602 3047 1735 3100 Θεοῦ
1769 3048 1829 3101 τὸ

256 3130 425 3197 εἶναι,
454 3135 516 3185 ἐκ
540 3134 631 3186 τοῦ
661 3136 862 3187 ἐκεῖνον
897 3135 971 3206 μὴ
998 3131 1133 3188 εἶναι
1159 3134 1356 3205 λέγειν,
1385 3137 1576 3191 ἐαυτοῦ
1602 3139 1663 3191 τὸ
1692 3135 1829 3191 εἶναι

256 3226 589 3296 διέφθειρεν,
617 3227 720 3291 ἔξω
740 3226 830 3279 τοῦ
853 3226 1002 3288 ὄντος
1027 3228 1326 3298 γενόμενος.
1352 3228 1446 3281 Διὰ
1467 3228 1622 3281 τοῦτό
1644 3247 1826 3299 φησιν,
1860 3268 1905 3329 C

258 3319 489 3389 Ἐπειδὴ
513 3318 619 3371 ἀπὸ
644 3318 736 3370 τοῦ
765 3318 896 3371 Θεοῦ
919 3319 1213 3385 ἐξέκλιναν,
1235 3340 1251 3371 ι
1272 3322 1429 3385 εὐθὺς
1459 3321 1833 3393 ὴχρειῶθησαν

259 3414 314 3464 οἱ
343 3411 567 3473 πάντες,
589 3431 607 3462 ι
654 3408 764 3465 οἶόν
801 3427 856 3462 τι
888 3411 1079 3475 σκεῦος
1105 3412 1424 3483 ἀπόϐλητον,
1456 3414 1834 3480 καταῃωσθέν

258 3503 593 3572 ἀχρηστίαν.
640 3503 713 3554 Τὸ
758 3502 814 3554 δέ
858 3501 934 3571 τῷ
980 3502 1127 3572 καλῷ
1156 3503 1444 3576 ἄχρηστον,
1477 3504 1575 3574 τὴν
1611 3504 1746 3575 πρὸς
1777 3504 1836 3557 τὸ

259 3594 443 3647 κακὸν
471 3592 895 3663 ἐπιτηδειότητα,
937 3592 1021 3645 διὰ
1063 3594 1160 3663 τῆς
1191 3596 1325 3665 πρὸς
1364 3595 1424 3647 τὸ
1457 3598 1700 3665 κρεῖττον
1742 3596 1838 3647 άν-

260 3684 597 3756 αρμοστίας,
632 3684 813 3753 σαφῶς
845 3684 1221 3738 ἐπιδείκνυσιν.
1265 3686 1413 3737 Ἐπεὶ
1439 3682 1530 3739 οῦν
1558 3686 1643 3739 διὰ
1669 3684 1839 3738 ταῦτα

258 3780 294 3829 ὀ
326 3776 537 3844 Κύριος
590 3794 608 3826 ‹
639 3776 702 3827 ἐκ
731 3775 821 3827 τοῦ
867 3776 1092 3846 οὐρανοῦ
1141 3777 1232 3828 ἐπὶ⁸
1276 3778 1400 3839 τοὺς
1434 3778 1583 3839 υἱοὺς
1614 3777 1720 3829 τῶν
1751 3778 1841 3829 ἀν-

261 3865 512 3936 θρώπων
549 3864 798 3935 διέκοψεν
824 3880 837 3894 ·
870 3883 888 3915 ι
941 3867 968 3918 6
998 3865 1053 3918 δὲ
1086 3866 1321 3928 τοιοῦτος
1348 3866 1503 3933 λόγος
1536 3866 1633 3935 τὴν
1663 3868 1721 3919 ἐν
1747 3868 1838 3920 ἀν-

260 3956 519 4027 θρώποις
560 3956 653 4009 τοῦ
687 3957 892 4027 Κυρίου
923 3956 1361 4027 συναναστροφὴν
1396 3957 1719 4028 προμηνύει,
1755 3960 1842 4011 ὅτε

259 4052 392 4110 τοῖς
445 4048 979 4118 προκαθηγουμένοις
1026 4048 1158 4117 πρὸς
1195 4048 1291 4117 τὴν
1322 4048 1579 4101 ἀπιστίαν
1625 4050 1736 4111 τοῖς
1768 4050 1843 4100 ἱε-

265 4138 468 4212 ρεῦσίν
509 4156 568 4191 τε
600 4140 693 4192 καὶ
720 4138 1025 4210 Φαρισαίοις
1078 4137 1171 4190 καὶ
1217 4138 1653 4208 γραμματεῦσιν,
1702 4137 1845 4191 ἅπαν

259 4231 684 4303 ἐπηκολούθησε
718 4231 779 4284 τὸ
807 4232 1041 4300 ὑπήκοον
1067 4246 1079 4258 ’
1129 4232 1323 4282 ἐκεῖνοι
1351 4229 1458 4299 γὰρ
1489 4225 1626 4299 ἦσαν
1654 4230 1703 4280 οἱ
1739 4232 1848 4291 τοῖς

261 4326 628 4396 βλασφήμοις
654 4323 857 4376 ἑαυτῶν
887 4321 1064 4375 ὀδοῦσι
1092 4322 1181 4374 τὸν
1212 4320 1336 4374 λαὸν
1362 4321 1765 4391 σπαράσσοντές
1788 4338 1848 4373 τε

260 4420 379 4472 καὶ
425 4416 773 4477 διεσθίοντεςο
808 4415 896 4471 διὰ
920 4414 1074 4467 τοῦτό
1106 4432 1288 4485 φησιν,
1317 4416 1399 4467 ὅτι
1456 4433 1474 4465 ‹
1506 4415 1650 4466 Ἐκεῖ
1683 4414 1851 4483 φοϐη-

258 4510 542 4579 θήσονται
592 4504 772 4573 φόϐον,
806 4497 866 4557 οῦ
896 4506 993 4557 οὐκ
1023 4500 1089 4574 ἧν
1116 4504 1307 4572 φόϐος,
1358 4505 1406 4557 οἱ
1451 4503 1716 4568 ἐσθίοντες
1760 4503 1850 4557 τὸν

257 4604 410 4656 λαόν
440 4586 547 4671 μου
574 4598 772 4670 βρώσει
804 4597 993 4668 ἄρτου,
1021 4616 1039 4649 ι
1088 4596 1270 4667 ὅμοιον
1303 4595 1603 4665 πάσχοντες
1633 4594 1710 4665 τῷ
1746 4596 1831 4652 πά·

1953 4589 2311 4646 devorabant.
2365 4584 2440 4638 Ea
2490 4582 2557 4638 de
2613 4595 2781 4636 causa
2838 4579 2915 4631 ait

258 4698 365 4748 θει
403 4692 511 4745 τῶν
546 4690 997 4761 ὑδροφοϐούντων.
1031 4683 1124 4751 Οἷς
1151 4689 1202 4741 εἰ
1239 4706 1353 4752 πως
1396 4687 1644 4758 δυνηθείη
1675 4704 1853 4759 παρα-

253 4786 544 4858 δεχθῆναι
593 4784 650 4837 τὸ
683 4784 825 4853 ὕδωρ
851 4824 866 4849 ,
916 4781 1197 4851 ίαματικὸν
1248 4780 1396 4832 ἔσται
1426 4779 1518 4832 τοῦ
1548 4778 1750 4842 πάθους
1778 4777 1856 4849 τῷ

256 4880 554 4949 κάμνοντι
589 4892 601 4903 ’
656 4874 790 4928 ἀλλὰ
852 4872 1139 4941 φοϐοῦνταί
1191 4889 1307 4934 πως
1357 4871 1417 4923 τὸ
1464 4870 1555 4923 ἐπὶ
1615 4871 1857 4941 σωτηρία

256 4969 676 5046 προκείμενον,
718 4967 812 5020 καὶ
834 4965 1235 5037 ἀλλοτριοῦνται
1264 4963 1357 5016 τοῦ
1392 4960 1672 5027 σώζοντος,
1710 4963 1858 5035 φόϐῳ

251 5065 379 5120 τοῦ
418 5066 492 5133 μὴ
519 5059 810 5115 ἀπολέσθαι
840 5057 1329 5120 κατασκευάζοντες
1354 5056 1563 5118 ἑαυτοῖς
1588 5055 1686 5124 τὴν
1714 5054 1858 5107 ἀπώο

252 5159 461 5210 λειαν.
497 5152 681 5214 Οὕτως
715 5152 977 5213 κάκεῖνοι,
998 5150 1095 5220 τῆς
1116 5148 1298 5220 πηγῆς
1318 5148 1498 5209 αὐτοῖς
1541 5146 1817 5215 ἐκϐοώσης
1841 5163 1853 5175 ο

262 5268 288 5299 ι
329 5244 413 5298 Εἴ
446 5260 530 5304 τις
565 5241 710 5311 διψᾷ,
742 5238 981 5311 ἐρχέσθω
1027 5237 1161 5307 πρὸς
1209 5237 1308 5306 μὲ,
1357 5237 1448 5290 καὶ
1492 5237 1708 5300 πινέτω,
1741 5255 1758 5286 ι
1791 5238 1856 5305 τῇ

251 5338 466 5405 λύσσῃ
494 5335 590 5403 τῆς
625 5334 877 5395 ἀπιστίας
920 5328 1444 5401 προκατειλημμένοι
1472 5328 1539 5381 τά
1562 5329 1658 5398 τῆς
1683 5326 1859 5396 ψυχῆς
1894 5318 1911 5401 l

254 5426 649 5497 αἰσθητήρια,
677 5421 964 5492 ἐφοϐοῦντο
1004 5421 1188 5489 φόϐον,
1234 5417 1293 5475 οὗ
1335 5422 1432 5473 οὐκ
1461 5416 1529 5491 ἧν
1569 5420 1763 5487 φόϐος,
1799 5418 1860 5469 τὸ

255 5519 461 5576 ποτὸν
486 5517 585 5584 τῆς
612 5515 881 5583 σωτηρίας
910 5512 1389 5583 ἀποστρεφόμενοι,
1419 5511 1518 5564 οὐκ
1540 5511 1757 5575 εἰδότες,
1782 5511 1862 5561 ὅτι

253 5618 338 5668 ὲν
386 5609 550 5677 γενεᾷ
574 5604 792 5658 δικαίων
821 5606 847 5655 6
873 5602 1002 5665 Θεὸς
1033 5603 1260 5670 γίνεται,
1291 5604 1318 5654 ὁ
1346 5602 1516 5664 διδοὺς
1542 5602 1605 5654 ἐκ
1638 5599 1772 5653 Σιὼν
1802 5599 1863 5651 τὸ

258 5702 568 5772 σαηηριον
595 5697 673 5767 τῷ
710 5694 943 5767 Ἰσραὴλ,
970 5695 1062 5748 καὶ
1095 5695 1191 5765 τὴν
1216 5693 1589 5764 αἰχμαλωσίαν
1611 5693 1703 5747 τοῦ
1734 5690 1862 5746 λαοῦ

371 5881 426 5913 ⁹²
451 5880 597 5937 I’sal.
627 5897 717 5937 LII.
794 5879 1017 5945 "Joau.
1060 5893 1155 5942 vn,
1186 5876 1273 5930 5‘1.

1916 2042 2177 2096 ambitum
2234 2034 2638 2105 amplectitur),
2678 2032 2948 2103 quomodo
2986 2050 3003 2082 ι
3036 2030 3165 2086 dicit
3214 2031 3476 2100 insipiens

1916 2136 1973 2189 in
2002 2132 2166 2188 corde
2197 2145 2298 2185 suo
2326 2148 2340 2183 :
2373 2128 2490 2183 Non
2516 2134 2600 2182 est
2622 2125 2801 2181 Deus?
2820 2122 3059 2193 corrupti
3095 2130 3241 2187 sunt,
3275 2131 3329 2177 et
3357 2123 3481 2176 abo-

1918 2226 2205 2280 minabiles
2246 2222 2373 2278 facti
2408 2228 2590 2285 sunt,»
2640 2217 2697 2271 in
2742 2214 2942 2269 talibus
2993 2214 3338 2284 cogitationis
3369 2228 3481 2268 sua;

1919 2316 2139 2373 studiis.

1992 2495 2131 2549 Vere
2159 2491 2303 2547 enim
2346 2490 2465 2559 ejus
2505 2488 2651 2557 quod
2685 2484 2954 2549 subsistit,
2989 2482 3269 2551 corruptio
3315 2491 3368 2536 et
3402 2482 3484 2533 in-

1922 2587 2116 2641 teritus
2148 2593 2251 2649 est,
2285 2581 2535 2636 decidere
2572 2581 2640 2634 ab
2682 2594 2748 2633 eo
2780 2578 2873 2647 qui
2907 2591 3032 2630 vere
3070 2583 3174 2629 est.
3202 2573 3486 2639 Quomodo

1924 2679 2070 2735 enim
2102 2676 2226 2746 quis
2257 2689 2358 2728 suo
2389 2675 2446 2728 in
2475 2687 2600 2728 esse
2626 2672 2807 2736 duret,
2844 2669 2936 2739 qui
2961 2683 3069 2722 non
3101 2672 3186 2721 est
3217 2666 3271 2718 in
3294 2680 3360 2719 eo
3392 2665 3486 2733 qui

1924 2771 2049 2826 est?
2107 2766 2393 2835 Quomodo
2418 2767 2542 2835 quis
2573 2771 2790 2818 maneat
2833 2761 2886 2814 in
2925 2775 2991 2815 eo
3017 2759 3109 2830 qui
3143 2767 3248 2821 est,
3293 2758 3337 2813 si
3380 2772 3487 2810 non

1926 2860 2116 2917 credat
2140 2860 2189 2914 ei
2223 2859 2458 2928 qui'est,
2500 2855 2645 2926 quod
2674 2855 2783 2910 sit?
2808 2853 2910 2919 Qui
2932 2861 3112 2907 autem
3145 2864 3273 2905 vere
3311 2857 3415 2912 est,
3443 2849 3491 2904 is

1929 2953 2153 3008 omnino
2190 2950 2333 3005 Deus
2360 2957 2445 3004 est
2475 2967 2487 3001 :
2524 2946 2979 3017 quemadmodum
3011 2950 3065 2997 et
3098 2955 3291 3010 magno
3319 2938 3490 3010 Moysi

1930 3045 2068 3100 visio
2092 3043 2289 3097 divinae.
2313 3038 2671 3111 apparitionis
2700 3044 2959 3093 testatum
2989 3033 3136 3089 fecit.
3177 3031 3280 3098 Qui
3320 3031 3487 3100 igitur

1931 3152 1997 3190 ex
2042 3150 2143 3190 suo
2180 3132 2360 3187 animo
2406 3130 2595 3199 abjicit
2638 3143 2761 3183 esse
2807 3126 2922 3191 Dei,
2964 3125 3012 3179 is
3056 3124 3161 3178 hoc
3199 3122 3318 3192 ipso
3346 3122 3491 3190 quod

1933 3226 2103 3280 Deum
2132 3238 2254 3279 esse
2289 3227 2473 3291 negat,
2511 3219 2787 3289 proprium
2828 3228 2987 3271 suum
3018 3227 3141 3267 esse
3170 3210 3492 3279 corrumpit,

1935 3318 2136 3389 quippe
2184 3315 2524 3369 abalienatus
2569 3313 2637 3366 ab
2680 3325 2748 3364 eo
2792 3306 2886 3377 qui
2927 3311 3014 3360 est
3047 3321 3059 3357 :
3091 3304 3161 3357 ob
3203 3301 3254 3355 id
3297 3299 3495 3360 innuit,

1936 3412 2229 3479 Postquam
2270 3422 2301 3459 a
2331 3405 2440 3461 Deo
2456 3402 2889 3465 declinaverunt,
2908 3398 3197 3465 derepente
3230 3412 3249 3444 ι
3280 3391 3501 3445 inutiles

1938 3501 2065 3555 facti
2107 3506 2236 3554 sunt
2264 3510 2477 3558 omnes,
2506 3513 2525 3546 ι
2570 3492 2719 3547 velut
2756 3503 2853 3545 vas
2882 3485 3156 3557 quoddam
3204 3481 3498 3551 abiectum,

1938 3592 2274 3661 cognitaque
2323 3583 2636 3640 inutilitatis
2675 3581 2789 3650 jam
2831 3578 3169 3632 damnatum.
3208 3572 3504 3641 Perspicua

1939 3693 2118 3738 autem
2163 3694 2344 3737 sermo
2378 3678 2465 3732 hic
2508 3677 2685 3738 docet,
2718 3672 2772 3726 id
2816 3670 2960 3741 quod
2993 3669 3137 3723 bono
3169 3673 3253 3722 est
3285 3664 3503 3728 inutile,

1940 3774 2076 3829 nihil
2108 3769 2256 3825 aliud
2287 3783 2408 3825 esse
2431 3780 2594 3837 quam
2622 3760 2976 3832 aptitudinem
3006 3764 3060 3811 et
3090 3753 3505 3825 propensionem

1943 3865 2007 3919 ad
2055 3869 2359 3933 peccatum,
2397 3865 2612 3927 propter
2644 3847 3157 3909 inconvenientiam,
3198 3858 3360 3914 quam
3409 3841 3507 3895 ha-

1943 3959 2033 4011 bet
2061 3970 2185 4009 cqu
2221 3968 2306 4017 eo,
2351 3950 2496 4020 quod
2529 3954 2613 4003 est
2647 3952 2858 4000 rectum
2889 3947 2944 3994 et
2973 3939 3285 3993 honestum.
3320 3933 3508 3988 Domi-

1944 4063 2050 4103 nus
2099 4047 2265 4116 igitur
2304 4048 2528 4112 propter
2573 4039 2688 4091 haec
2726 4054 2744 4086 ι
2783 4034 2850 4089 de
2882 4031 3022 4086 etelo
3064 4027 3304 4098 respexit
3346 4039 3510 4095 super

1948 4140 2088 4194 tilios
2120 4136 2418 4190 hominum.
2456 4149 2474 4182 ι
2507 4128 2639 4195 Quae
2663 4126 2826 4180 verba
2854 4121 3068 4177 Domini
3092 4122 3234 4175 inter
3264 4118 3513 4175 homines

1948 4226 2418 4283 conversationem
2477 4219 2716 4275 indicant
2745 4256 2760 4281 ,
2810 4214 3031 4284 quando
3079 4218 3383 4282 praeeuntes
3446 4209 3514 4263 ad

1950 4316 2390 4373 incredulitatem
2416 4308 2731 4366 sacerdotes
2762 4313 2816 4360 et
2838 4304 3163 4365 Pharisaeos,
3194 4311 3245 4356 et
3269 4300 3516 4364 Scribas,

1951 4420 2140 4462 omnes
2195 4402 2397 4459 subditi
2453 4396 2625 4454 secuti
2675 4402 2803 4450 sunt
2838 4411 2851 4447 :
2883 4394 2960 4447 illi
3001 4393 3145 4447 enim
3198 4397 3376 4454 erant,
3422 4389 3517 4458 qui

1951 4496 2288 4568 blasphemis
2346 4492 2462 4549 suis
2509 4488 2768 4546 dentibus
2816 4485 3079 4556 p0pulum
3135 4480 3420 4536 laniabant
3464 4488 3520 4533 et

2968 4596 2981 4630 :
3031 4594 3049 4626 ι
3084 4574 3520 4644 Trepidaverunt

1958 4685 2172 4746 timore,
2216 4680 2308 4733 ubi
2354 4692 2464 4731 non
2497 4682 2615 4730 erat
2654 4673 2841 4734 timor,
2877 4668 2968 4738 qui
3011 4666 3275 4722 devorant
3308 4663 3519 4734 plebem

1956 4790 2153 4838 meam,
2184 4780 2244 4825 ut
2266 4770 2447 4824 cibum
2473 4766 2652 4836 panis,
2686 4782 2705 4815 ι
2737 4762 2833 4830 qui
2864 4760 3004 4814 idem
3030 4757 3255 4812 morbus
3284 4764 3367 4811 est
3395 4769 3520 4810 cum

1956 4868 2087 4933 illis,
2125 4866 2215 4936 qui
2242 4876 2437 4933 aquam
2466 4864 2716 4913 metuunt
2752 4872 2765 4908 :
2801 4854 2893 4925 qui
2930 4852 2977 4908 si
3003 4866 3112 4921 quo
3138 4849 3301 4904 modo
3326 4862 3522 4918 aquam

1959 4960 2244 5015 admittere
2291 4958 2539 5025 possent,
2579 4948 3039 5003 medicamentum
3079 4944 3268 5012 utique
3308 4938 3523 5010 aliquod

1962 5066 2074 5105 su:e
2100 5044 2439 5117 aegritudinis
2464 5042 2742 5101 haberent,
2776 5038 2869 5093 sed
2896 5043 3147 5091 metuunt
3175 5049 3238 5089 ea
3263 5035 3378 5104 ipsa
3406 5043 3526 5101 quae

1963 5142 2031 5197 ad
2068 5141 2298 5196 salutem
2333 5143 2462 5191 sunt
2494 5132 2796 5205 proposita.
2847 5138 2901 5184 et
2951 5127 3132 5182 alieno
3176 5134 3303 5181 sunt
3341 5123 3526 5177 animo

1965 5236 2032 5289 ab
2065 5248 2130 5287 eo
2156 5228 2300 5301 quod
2331 5234 2641 5286 conservat,
2699 5230 2956 5291 metuque
2982 5235 3050 5274 ne
3076 5224 3319 5289 pereant,
3359 5215 3529 5266 inter-

1965 5326 2098 5379 itum
2132 5323 2239 5378 sibi
2269 5328 2476 5375 creant.
2508 5315 2599 5370 Sic
2625 5322 2677 5369 et
2704 5314 2801 5380 illi,
2836 5314 3103 5367 clamante
3126 5308 3190 5360 ad
3216 5322 3309 5361 eos
3340 5303 3526 5358 fonte:

1973 5433 1992 5467 ι
2029 5412 2084 5467 Si
2117 5412 2240 5485 quis
2282 5411 2416 5476 sitit,
2458 5408 2641 5461 veniat
2684 5404 2752 5458 ad
2796 5419 2881 5457 me
2932 5409 2986 5455 et
3025 5396 3263 5458 bibat”,
3296 5392 3531 5485 i‘furore

1966 5474 2364 5562 incredulitatis
2398 5474 2453 5554 in
2480 5500 2676 5553 animae
2709 5493 2965 5566 potentiis
2997 5474 3384 5561 praeoccupati,
3420 5492 3532 5540 tre-

1967 5597 2222 5669 pidabant
2252 5594 2446 5648 timore
2471 5591 2564 5645 ubi
2595 5604 2704 5644 non
2737 5594 2855 5641 erat
2894 5584 3077 5645 timor,
3116 5589 3299 5649 pomm
3335 5575 3529 5631 salutis

1969 5665 2267 5758 aspernati,
2288 5682 2596 5739 nescientes
2617 5679 2671 5734 in
2697 5673 3050 5750 generatione
3063 5669 3337 5742 iustorum
3359 5665 3531 5722 Deum
