3986 6514
519 469 624 528 567

1715 455 1800 534 's.
1843 479 2166 537 GREGORII
2205 481 2498 539 NYSSENI

3652 477 3754 542 568'

514 605 658 654 esse.
691 592 787 662 qui
817 592 910 649 dat
953 608 1020 649 ex
1071 593 1205 650 Sion
1239 595 1479 653 salutare
1516 595 1716 666 Israel;
1762 601 1967 671 quique
1996 616 2082 656 ca-

2190 603 2370 665 αὒτοῠ,
2402 605 2512 658 ἀπὸ
2539 603 2632 658 τοῦ
2660 604 2908 676 πονηρῶς
2931 604 3019 658 διά
3056 607 3150 676 τῆς
3182 605 3452 677 ἁμαρτίας
3485 607 3636 675 ἡμᾶς
3665 608 3748 658 cti-

516 685 820 752 ptivitatem
861 685 1038 755 plebis
1068 701 1200 748 suae.
1232 688 1300 741 ab
1330 704 1396 744 eo
1424 690 1517 759 qui
1548 705 1649 745 nos
1677 706 1772 760 per
1803 700 2082 761 peccatum

523 777 770 844 improbe
798 777 854 830 in
885 779 1202 840 servitutem
1241 780 1496 849 conjecit,
1533 797 1726 836 rursus
1752 783 1816 835 ad
1843 783 2083 853 seipsum

517 868 810 932 convertit,
837 869 1058 938 quando
1101 885 1264 925 verus
1289 870 1528 926 Israelita
1565 880 1618 926 et
1656 872 1957 942 spiritualis
1993 873 2085 927 Ja-

517 958 620 1010 coh
651 959 835 1012 laetitia
862 969 917 1013 et
955 961 1324 1016 exsultatione
1369 965 1628 1033 repletur.
1673 964 1882 1020 Sensus
1919 965 2085 1036 igitur

517 1049 742 1116 psalmi,
794 1059 1062 1121 quantum
1113 1054 1328 1124 quidem
1378 1055 1706 1124 investigare
1755 1059 1937 1126 potui,
1989 1073 2086 1127 per

516 1138 634 1210 ipsa
673 1141 870 1210 psalmi
899 1144 1086 1208 verba,
1119 1145 1165 1198 is
1196 1155 1302 1209 est,
1343 1162 1502 1214 quem
1542 1148 1676 1210 dixi,
1709 1164 1944 1218 cumque
1981 1149 2086 1204 hoc

516 1246 686 1286 sensit
719 1234 978 1290 convenit
1009 1236 1298 1302 inscriptio
1327 1238 1542 1307 psalmi.
1573 1236 1707 1292 Nam
1745 1241 1938 1310 psalmi
1964 1256 2086 1296 ora-

515 1323 722 1378 tionem
783 1340 908 1382 esse
960 1326 1253 1396 epinicium
1319 1336 1552 1383 testatur
1609 1331 1926 1401 inscriptio,
1991 1348 2085 1402 per

516 1411 746 1466 chorum
787 1415 844 1468 in
897 1413 1175 1469 intellectu
1234 1419 1622 1486 compositum.
1705 1438 1723 1470 ι
1756 1419 1813 1474 ln
1862 1422 2022 1475 ﬁnem
2060 1440 2079 1472 ι

516 1505 683 1569 enim,
713 1505 911 1576 inquit,
947 1525 967 1559 ι
997 1522 1095 1577 pro
1121 1507 1372 1574 Maeieth,
1403 1527 1421 1560 ι
1455 1510 1601 1579 quod
1637 1531 1656 1561 ι
1687 1527 1781 1581 per
1803 1513 2028 1566 chorum
2063 1531 2081 1565 ο

518 1596 870 1667 interpretari
907 1599 1053 1654 licet.
1087 1598 1192 1654 Pro
1235 1600 1328 1654 illo
1365 1618 1384 1652 ι
1419 1601 1473 1656 in
1506 1602 1691 1670 ﬁnem,
1723 1623 1746 1655 ι
1795 1605 1885 1658 alii
1920 1605 2089 1660 inter-

520 1697 702 1760 pretes
738 1689 1091 1745 reddiderunt
1122 1707 1186 1745 τι
1224 1690 1538 1761 epinicium,
1572 1713 1591 1746 ι
1627 1693 1732 1749 hoc
1773 1703 1879 1761 est,
1917 1714 1935 1747 ι
1967 1711 2089 1751 car-

515 1795 641 1836 men
668 1781 930 1836 victoriae.
962 1799 982 1834 ι

586 1871 802 1930 Rursus
856 1873 1110 1930 instituto
1165 1873 1358 1930 ordine
1397 1889 1597 1932 cursus
1650 1878 1917 1935 orationis
1961 1893 2090 1951 pro-

2184 695 2654 764 χμαλωτίσαντος,
2687 697 2846 751 πάλιν
2876 696 3012 768 πρὸς
3049 698 3238 750 ἑαυτὸν
3266 698 3635 768 ἐπιστρέφων,
3669 697 3747 749 ὅτε
3776 740 3780 748 .

2184 785 2387 853 γίνεται
2432 788 2490 838 ὲν
2534 787 2837 858 εὐφροσύνῃ
2878 787 2972 840 καὶ
3021 788 3384 857 ἀγαλλιάματι
3427 791 3455 841 ό
3504 787 3750 858 ἀληθινὸς

2183 876 2555 948 Ἰσραηλίτης,
2610 879 2703 931 καὶ
2737 880 3103 949 πνευματικὸς
3141 879 3356 934 Ἰακώϐ.
3414 879 3478 932 Ἦ
3531 881 3633 949 μὲν
3668 875 3751 931 οὖν

2182 966 2386 1020 διάνοια
2410 970 2506 1038 τῆς
2530 967 2866 1040 ψαλμῳδίας,
2901 969 3082 1034 καθὼς
3109 969 3314 1035 ἔξεστιν
3346 971 3527 1044 εὑρεῖν
3548 969 3639 1022 διὰ
3672 971 3752 1021 τὸν

2183 1059 2440 1127 προϊόντα
2467 1059 2573 1112 τῶν
2607 1060 2801 1124 λέξεων
2825 1061 2925 1129 τῆς
2945 1061 3279 1132 ψαλμφδίας,
3311 1061 3561 1130 τοιαύτη.
3610 1060 3677 1112 Ἦ
3700 1059 3753 1112 δὲ

2184 1151 2461 1222 ἐπιγραφὴ
2511 1151 2605 1204 τοῦ
2631 1152 2843 1223 ψαλμοῦ
2875 1154 3158 1224 συμϐαίνει
3189 1154 3323 1225 πρὸς
3363 1155 3463 1222 τὴν
3492 1153 3748 1206 διάνοιαν.

2195 1243 2487 1322 Ἐπινίκιον
2512 1244 2620 1315 γὰρ
2641 1240 2778 1298 εἶναι
2799 1249 2892 1299 τὸν
2917 1246 3073 1314 λόγον
3099 1250 3197 1318 τῆς
3220 1247 3561 1318 ψαλμῳδίας,
3579 1248 3613 1317 ἡ
3641 1249 3752 1299 ἐπι-

2184 1331 2368 1404 γραφὴ
2416 1335 2688 1404 σημαίνει,
2719 1333 2808 1387 διὰ
2847 1336 3065 1406 χορείας
3095 1337 3152 1388 ὲν
3191 1333 3403 1388 συνέσει
3431 1335 3715 1404 γινόμενον
3735 1353 3752 1363 ⁶

2183 1449 2202 1484 ι
2234 1432 2326 1494 Ei;
2353 1429 2413 1483 τὸ
2435 1414 2587 1492 τέλος
2617 1447 2636 1482 t
2663 1428 2794 1500 γὰρ,
2820 1429 3005 1500 φησιν,
3034 1447 3054 1481 ι
3094 1428 3235 1500 ὑπὲρ
3257 1427 3500 1494 Μαελὲθ,
3530 1446 3549 1480 ι
3573 1427 3602 1480 ὃ
3630 1445 3651 1478 ι
3675 1426 3762 1482 διὰ

2184 1516 2406 1590 χορείας
2437 1536 2455 1567 ›
2491 1515 2874 1588 ἑρμηνεύεται.
2903 1517 3013 1570 Καὶ
3034 1517 3155 1571 ἀντὶ
3181 1515 3276 1570 τοῦ
3300 1536 3318 1567 ι
3351 1517 3430 1580 είς
3451 1514 3516 1569 τὺ
3539 1514 3717 1580 τέλος,
3740 1538 3759 1568 ι

2177 1610 2354 1680 ἕτεροι
2393 1607 2508 1661 τῶν
2537 1607 2821 1678 ἑρμηνέων
2855 1625 2875 1659 ι
2904 1607 3171 1663 ἐπινίκιον
3210 1625 3230 1660 ι
3265 1605 3646 1660 ἑκδεδώκασιν.

2258 1878 2428 1934 Πάλιν
2455 1877 2543 1932 διὰ
2570 1878 2678 1932 τῶν
2725 1877 3030 1932 ἀκολούθων
3065 1875 3268 1946 προῖὼν
3293 1878 3321 1929 ό
3344 1876 3522 1944 λόγος,
3559 1875 3756 1928 καταλο

516 1978 775 2034 gressus,
819 1973 1187 2021 consentanee
1235 1967 1666 2038 cogitationibus
1722 1985 1935 2036 eorum,
1969 1950 2085 2042 qui

2190 1971 2360 2044 λὴλως
2385 1973 2496 2036 τοῖς
2521 1969 2606 2023 διὰ
2628 1970 2729 2040 τῆς
2755 1969 3036 2042 προκοπῆς
3063 1967 3444 2038 εὑρισκόμενος
3493 1966 3764 2036 νοήμασιν

516 2054 828 2124 proﬁciunt,
856 2058 1236 2112 accommodat
1260 2058 1500 2114 historiae
1521 2063 1811 2132 aenigmata
1839 2072 1893 2117 et
1929 2063 2086 2117 invo-

515 2148 689 2213 lucra,
723 2151 941 2219 quando
995 2152 1133 2206 nihil
1181 2152 1450 2208 adversus
1498 2169 1600 2209 nos
1643 2152 1791 2224 Doeg
1833 2155 1924 2210 ille
1961 2155 2088 2209 Idu-

514 2259 684 2300 maeus
739 2245 981 2310 molitur,
1019 2245 1076 2300 in
1137 2248 1320 2315 seipse
1369 2246 1676 2317 ambiguam
1716 2246 1887 2310 illam,
1935 2256 1990 2302 et
2030 2249 2084 2302 in

514 2334 714 2403 duplici
740 2335 981 2389 conﬁnio
1003 2337 1235 2404 positam
1258 2337 1531 2392 mulorum
1555 2347 1807 2393 naturam
1831 2354 2083 2409 pascens.

519 2423 728 2479 Dictum
779 2435 861 2479 est
915 2434 1096 2480 autem
1145 2435 1199 2480 et
1247 2441 1437 2498 supra,
1495 2437 1782 2499 peceatum
1831 2445 1927 2499 per
1982 2430 2086 2485 hoc

513 2517 717 2571 animal
752 2518 1046 2588 signiﬁcari
1081 2540 1094 2575 :
1128 2520 1586 2589 quemadmodum
1622 2523 1770 2576 enim
1802 2531 2084 2592 peccatum

515 2606 730 2664 fructus
758 2617 842 2665 est
868 2609 998 2680 ligni
1033 2611 1183 2666 illius
1211 2612 1266 2665 in
1298 2622 1592 2684 utrumque
1616 2614 1833 2683 penduli
1858 2622 1912 2669 et
1943 2615 2087 2668 anci-

513 2698 682 2766 pitis,
727 2697 873 2769 quod
915 2700 1118 2754 bonum
1164 2708 1219 2755 et
1254 2701 1458 2755 malum
1507 2704 1810 2772 appellatur
1842 2705 2084 2760 :honum

514 2787 773 2854 quidem,
830 2789 975 2858 quod
1025 2796 1170 2859 tegat
1233 2797 1516 2857 peccatum
1565 2791 1859 2861 voluptatis
1918 2808 2080 2859 esca,

513 2894 677 2948 quant
718 2880 966 2950 corporis
995 2880 1156 2934 amici
1183 2880 1310 2934 loco
1345 2880 1468 2935 boni
1495 2883 1839 2952 corripiunt;
1879 2885 2081 2939 malum

514 2985 664 3036 vero,
709 2971 836 3040 quia
866 2971 921 3026 in
965 2985 1211 3028 amarum
1255 2982 1412 3029 exeat
1441 2974 1623 3038 ﬁnem,
1658 2974 1804 3045 quod
1845 2991 1993 3030 nunc
2025 2983 2083 3030 ut

512 3063 714 3117 bonum
765 3072 820 3118 et.
871 3065 1165 3134 pulchrum
1216 3075 1368 3121 tanto
1423 3067 1606 3122 studio
1654 3067 1967 3137 quaeritur:
2003 3067 2081 3123 sic

511 3154 673 3208 etiam
703 3155 890 3211 videre
929 3156 1054 3211 licet
1077 3159 1365 3228 utriusque
1402 3166 1632 3224 naturae,
1673 3160 1800 3230 equi
1821 3157 2083 3214 videlicet

511 3255 564 3301 et
605 3247 768 3311 asini,
808 3249 1054 3318 symbola
1098 3257 1154 3304 et
1195 3259 1355 3305 notas
1402 3251 1458 3304 in
1505 3266 1592 3318 eo,
1634 3251 1702 3306 de
1731 3266 1842 3322 quo
1889 3251 2083 3322 loquor

512 3338 757 3403 animali,
808 3347 868 3392 ut
904 3341 1135 3409 perinde
1186 3341 1330 3396 idem
1377 3342 1562 3398 mulus
1603 3343 1677 3396 sit
1718 3352 1773 3398 et
1813 3359 1988 3414 equus
2033 3351 2088 3399 et

513 3429 727 3492 asinus,
759 3445 867 3484 non
909 3433 1129 3501 quidem
1163 3433 1380 3488 divisim
1423 3443 1736 3504 utrumque,
1766 3434 1859 3489 sed
1905 3435 2088 3497 simul,

513 3521 569 3573 in
603 3509 773 3576 unam
819 3523 1025 3592 duplici
1071 3525 1392 3579 animalium
1421 3531 1620 3580 natura
1665 3526 1732 3580 ad
1767 3526 1893 3580 novi
1925 3527 2089 3596 hujus

515 3615 766 3670 animalis
833 3617 1282 3672 constitutionem
1355 3618 1641 3672 commista
1712 3627 1765 3673 et
1837 3618 2087 3674 confusa.

513 3703 746 3769 Quando
769 3705 942 3774 igitur
980 3707 1285 3777 alienigena
1329 3707 1440 3774 ille,
1487 3708 1553 3763 de
1586 3724 1695 3778 quo
1731 3709 1966 3779 agimus,
2006 3717 2092 3779 ty-

512 3811 690 3852 ranno
763 3807 1007 3855 nostram
1081 3800 1224 3869 apud
1293 3801 1632 3856 sacerdotem
1705 3803 2092 3857 commoratio-

515 3905 638 3943 nem
683 3899 736 3945 et
768 3893 1242 3947 conversationem
1288 3893 1516 3954 indicat.
1550 3893 1749 3948 deinde
1798 3910 1899 3949 nos
1941 3911 2088 3957 eum,

512 3981 610 4050 qni
638 3981 696 4034 in
727 3981 936 4035 malitia
965 3982 1252 4052 gloriatur,
1286 3991 1339 4039 et
1383 3985 1440 4037 in
1468 3985 1758 4053 iniquitate
1787 3986 2086 4054 potentiam

512 4081 567 4127 ct
589 4073 738 4128 vires
764 4087 899 4129 suas
928 4074 1185 4139 collocat,
1220 4075 1405 4130 divina
1434 4092 1536 4145 ope
1560 4077 2004 4146 superaverimus
2035 4085 2089 4132 et

515 4181 580 4220 ex
635 4163 1013 4222 dominatione
1061 4167 1559 4232 deturbaverimus,
1621 4167 1977 4237 funditusqtte
2023 4183 2089 4222 ex

517 4265 660 4311 terra
694 4259 991 4312 viventium
1043 4261 1429 4324 evulserimus,
1475 4259 1604 4314 facti
1646 4260 1809 4325 oliva,
1843 4259 2092 4313 multitu-

513 4350 642 4405 dine
669 4347 948 4404 fructuum
977 4351 1096 4406 laeta
1129 4361 1180 4406 et
1209 4361 1426 4415 onusta,
1455 4361 1509 4405 et
1538 4365 1634 4421 per
1656 4363 1806 4421 spem
1831 4352 1890 4405 in
1921 4349 2089 4405 Deum

513 4444 882 4506 corroborati,
930 4453 1061 4498 tunc
1095 4443 1500 4498 celebrabimus
1542 4442 1598 4496 in
1632 4443 1849 4497 choreis
1893 4441 2087 4496 adver-

512 4551 611 4592 sus
658 4535 932 4592 devictum
972 4552 1002 4591 a
1038 4537 1199 4593 nobis
1245 4537 1455 4592 hostem
1504 4537 1760 4607 epinicia,
1790 4547 1930 4591 ‘tunc
1976 4551 2087 4590 me-

2183 2062 2488 2135 ’ἐφαρμόζει
2513 2063 2581 2115 τὰ
2606 2062 2704 2132 τῆς
2731 2059 2969 2132 ἱστορίας
2995 2059 3309 2129 αίνίγματα,
3333 2058 3458 2110 ὅταν
3477 2055 3759 2125 ἄπρακτος

2186 2158 2411 2229 γένηται
2437 2155 2561 2209 καθ’
2587 2155 2744 2226 ἡμῶν
2768 2156 2797 2207 ό
2825 2151 2982 2224 Δωὴκ
3009 2155 3212 2215 ἐκεῖνος
3241 2153 3268 2204 ὁ
3308 2151 3625 2221 Ἰδουμαῖος,
3660 2148 3762 2219 τὴν

2187 2247 2726 2319 ὲπαμφοτερίζουσαν
2755 2245 2863 2299 τῶν
2907 2244 3144 2315 ἡμιόνων
3187 2243 3347 2312 φύσιν
3377 2244 3434 2294 ἐν
3467 2241 3646 2310 ἑαυτῷ
3678 2257 3760 2291 νο-

2189 2338 2388 2410 μεύων.
2437 2338 2663 2410 Εἴρηται
2709 2336 2765 2389 δὲ
2805 2333 2961 2389 τοῦτο
3004 2335 3095 2388 καὶ
3140 2336 3198 2386 ὲν
3240 2333 3544 2403 φθάσασιν,
3593 2332 3679 2385 ὅτι
3731 2333 3758 2398 ἡ

2186 2429 2428 2500 ἁμαρτία
2457 2427 2547 2482 διὰ
2590 2427 2683 2479 τοῦ
2718 2425 2856 2491 ζώου
2889 2425 3077 2478 τούτου
3126 2424 3466 2494 σημαίνεται.
3527 2423 3619 2486 Ὠς
3649 2422 3762 2491 γὰρ

2185 2522 2324 2593 αὑτὴ
2360 2519 2885 2591 ἐπαμφοτερίζοντος
2913 2517 3124 2570 ἐκείνου
3167 2515 3260 2568 τοῦ
3289 2514 3444 2579 ξύλου
3471 2514 3588 2567 ἐστὶ
3621 2531 3758 2584 κειρ-

2185 2614 2307 2677 πὸς,
2336 2613 2394 2665 ὃν
2426 2611 2590 2666 καλὸν
2626 2612 2718 2664 καὶ
2751 2609 2984 2679 πονηρὸν
3013 2606 3266 2678 ὀνομάζει
3301 2609 3330 2660 ό
3355 2606 3528 2674 λόγος,
3566 2605 3759 2668 καλὸν,

2185 2708 2277 2759 καὶ
2304 2704 2392 2758 διὰ
2422 2704 2483 2757 τὸ
2513 2701 2849 2770 κεκαλύφθαι
2882 2700 2981 2769 τὴν
3012 2699 3287 2769 ἁμαρτίαν
3323 2696 3400 2766 τῷ
3429 2696 3527 2765 τῆς
3563 2695 3761 2766 ἡδονῆς

2180 2794 2507 2869 δελεάσματι
2534 2836 2548 2861 ,
2587 2796 2655 2868 ἢν
2683 2795 2804 2848 ἀντὶ
2845 2791 3010 2847 καλοῦ
3062 2792 3412 2863 μετέρχονται
3442 2791 3492 2842 oi
3523 2790 3620 2842 τοῦ
3658 2788 3764 2842 adi-

2189 2908 2357 2962 ματος
2388 2889 2556 2959 φίλοιο
2584 2886 2817 2957 πονηρὸν
2851 2885 2906 2938 δὲ
2938 2885 3120 2946 πάλιν,
3150 2884 3231 2936 ὅτι
3255 2885 3334 2946 είς
3372 2881 3563 2952 πικρὸν
3598 2899 3765 2936 κατα.

2182 2984 2337 3054 λήγει
2364 2981 2557 3052 πέρας,
2585 2979 2647 3031 τὸ
2668 2977 2762 3031 νῦν
2793 2977 2867 3040 ὡς
2895 2975 3057 3030 καλὸν
3090 2975 3549 3043 σπουδαζόμενον·
3584 2974 3762 3035 οὕτως

2179 3077 2328 3130 ἔστιν
2364 3071 2628 3140 ἑκατέρας
2661 3067 2895 3139 φύσεως,
2926 3067 3096 3118 ἵππου
3123 3081 3180 3117 τε
3216 3067 3309 3117 καὶ
3332 3065 3473 3126 ὄνου,
3514 3062 3586 3117 τὰ
3631 3064 3763 3130 σῦμ-

2181 3165 2312 3218 ϐολα
2356 3165 2484 3235 περὶ
2518 3162 2578 3215 τὸ
2613 3159 2965 3229 ὑποκείμενον
2994 3157 3132 3221 ζῶον
3165 3156 3290 3209 ἰδεῖν
3311 3171 3324 3184 °
3371 3156 3445 3217 ὡς
3487 3149 3633 3206 εἶναι
3669 3153 3760 3222 τὴν

2185 3258 2406 3328 ἡμίονον
2443 3254 2502 3308 τὸ
2536 3254 2665 3308 αὐτὸ
2695 3254 2790 3305 καὶ
2825 3252 2993 3304 ἵππον
3046 3250 3138 3302 καὶ
3167 3249 3306 3310 όνον,
3335 3249 3394 3300 οὐ
3421 3246 3760 3318 διῃρημένως

2193 3350 2469 3420 ἑκάτερον,
2510 3346 2624 3400 ἀλλ’
2657 3347 2716 3398 ὲν
2745 3345 2824 3397 ἐν).
2857 3344 2921 3396 τὰ
2954 3345 3068 3406 δύο,
3104 3343 3200 3412 τῆς
3241 3341 3435 3410 διπλῆς
3465 3339 3574 3392 τῶν
3611 3338 3763 3402 ζώων

2190 3440 2404 3510 φύσεως
2445 3437 2583 3508 πρὸς
2618 3435 2716 3508 τὴν
2764 3435 2858 3488 τοῦ
2908 3433 3047 3499 ζώου
3095 3431 3436 3503 ἀπεργασίαν
3481 3446 3760 3500 κατακραο

2189 3530 2396 3602 θείσης.
2441 3531 2611 3583 Ὅταν
2645 3511 2841 3580 τοίνυν
2881 3526 3119 3597 μηνυτὴς
3149 3525 3371 3594 γένηται
3406 3521 3483 3593 τῷ
3512 3524 3762 3593 τυράννῳ

2188 3622 2284 3692 τῆς
2324 3620 2475 3690 παρά
2535 3616 2613 3689 τῷ
2668 3619 2803 3688 ἱερεῖ
2852 3615 3132 3685 διαγωγῆς
3177 3613 3331 3684 ἡμῶν
3385 3614 3414 3665 ό
3466 3610 3760 3679 ἀλλόφυλος

2190 3715 2416 3777 ἐκεῖνος,
2446 3713 2504 3765 ὃν
2538 3711 2859 3781 ὲνοήσαμεν.
2893 3703 3011 3760 εἶτα
3037 3709 3197 3775 ἡμεῖς
3230 3705 3318 3757 τὸ)
3347 3706 3404 3756 ὲν
3433 3704 3602 3773 κακίᾳ
3631 3720 3760 3754 καυ-

2189 3805 2471 3876 χώμενον,
2518 3803 2612 3855 καὶ
2650 3804 2709 3854 ὲν
2756 3800 2955 3870 ἀνομίᾳ
3003 3798 3339 3867 κεκτημένον
3382 3795 3480 3864 τὴν
3506 3793 3756 3861 δύναμιν,

2189 3895 2276 3948 διὰ
2311 3895 2408 3966 τῆς
2455 3893 2604 3955 θείας
2648 3889 2961 3961 συμμαχίας
3004 3887 3320 3956 καθέλωμέν
3369 3903 3426 3936 τε
3474 3883 3572 3951 τῆς
3603 3883 3760 3934 δυνα-

2191 3986 2394 4047 στείας,
2425 3984 2519 4036 καὶ
2549 3979 2914 4052 προθέλυμνον
2948 3976 3108 4029 αὑτὸν
3138 3978 3200 4028 ὲκ
3227 3974 3326 4043 τῆς
3362 3972 3466 4040 γῆς
3490 3969 3603 4022 τῶν
3630 3967 3761 4032 ζὼν-

2189 4093 2299 4130 των
2333 4071 2815 4145 ἀναρριζὼσωμεν,
2849 4068 3005 4121 ἐλαία
3029 4065 3308 4135 γενόμενοι
3335 4063 3415 4132 τῷ
3438 4057 3629 4130 πλήθει
3653 4057 3760 4109 τῶν

2190 4170 2416 4243 καρπῶν
2447 4165 2787 4237 ἀγαλλομένη
2821 4164 2915 4216 καὶ
2962 4159 3239 4231 βρίθουσα,
3283 4157 3378 4209 καὶ
3420 4154 3508 4207 διὰ
3552 4153 3652 4221 τῆς
3682 4153 3760 4243 εἰς

2189 4241 2322 4318 θεον
2363 4261 2572 4324 ἐλπίδος
2623 4255 3027 4327 δυναμωθέντες
3086 4251 3435 4323 χορεύσωμεν
3483 4246 3623 4299 κατὰ
3667 4241 3760 4295 τοῦ

2189 4355 2516 4429 ἡττηθέντος
2551 4351 2618 4404 τά
2653 4349 2920 4402 ἐπινίκια·
2957 4345 3077 4400 τότε
3114 4343 3254 4396 κατά
3290 4342 3450 4409 λόγον
3478 4341 3589 4402 τοῖς
3617 4335 3758 4429 Mn):

2187 4425 2428 4519 λοτέροις
2493 4439 2892 4514 προσϐαίνομεν
2919 4478 2934 4504 ,
2988 4438 3157 4499 ὅντως
3214 4433 3356 4487 κατὰ
3411 4432 3510 4502 τὴν
3562 4430 3618 4481 ὲν
3683 4425 3760 4494 τῷ

2197 4541 2439 4608 Ἀσματι
2463 4534 2666 4604 φωνὴν,
2690 4551 2708 4585 ι
2736 4532 2838 4605 ὅρη
2853 4530 3219 4602 διαπηδῶντες
3244 4527 3338 4581 καὶ
3371 4526 3573 4595 βουνοῖς
3597 4519 3762 4589 ἐφαλ-

515 4630 625 4684 rito
651 4629 880 4700 gradum
913 4631 979 4685 ad
1006 4630 1198 4684 altiora
1229 4629 1516 4692 faciemus,
1545 4643 1689 4695 vere,
1723 4637 1783 4683 ut
1815 4629 1869 4682 in
1897 4628 2085 4682 Canti-
2117 4635 2160 4690 D
2188 4631 2420 4702 λόμενοι.
2452 4648 2476 4681 ο

479 4721 594 4778 ὀἰδ
625 4722 852 4786 dicitur,
893 4741 912 4775 ι
953 4723 1215 4780 salientes
1248 4723 1302 4777 in
1355 4722 1634 4779 montibus
1689 4731 1743 4779 et
1778 4721 2091 4777 transilien-

511 4821 595 4870 tes
623 4816 796 4871 colles
811 4815 881 4870 “.
920 4833 940 4867 ι

580 4906 847 4975 Quisnam
881 4908 1048 4977 igitur
1076 4909 1180 4964 iste
1215 4924 1372 4964 mons
1405 4916 1508 4973 est,
1551 4909 1619 4963 ad
1651 4923 1813 4979 quem
1843 4921 1990 4962 nunc
2019 4922 2084 4962 ex

509 5001 714 5073 prioris
772 5001 998 5065 montis,
1048 5002 1207 5070 quasi
1251 5003 1588 5065 notionibus,
1631 5003 1864 5057 resultat
1905 5001 2088 5055 denuo

512 5095 623 5149 alia
649 5094 903 5158 victoria,
936 5101 990 5149 et
1019 5094 1112 5147 alii
1136 5093 1323 5163 hymni
1356 5110 1522 5165 super
1544 5094 1771 5149 victoria
1802 5108 1900 5164 per
1923 5092 2086 5146 intel-

508 5185 788 5258 ligentiam
816 5185 1009 5240 Davidi
1032 5184 1311 5240 coniecti?
1343 5183 1446 5251 Qui
1464 5185 1576 5255 jam
1611 5186 1811 5240 bellum
1845 5191 2082 5248 movent,

509 5293 620 5333 non
675 5285 805 5334 sunt
851 5276 1086 5347 amplius
1133 5275 1200 5330 de
1249 5291 1413 5347 grege
1455 5276 1749 5339 mulorum,
1793 5273 1888 5329 sed
1936 5273 2086 5327 natio

507 5366 899 5445 Zipheorum,
969 5366 1062 5436 qui
1116 5365 1400 5436 angustias
1445 5365 1649 5420 arentis
1699 5373 1754 5420 et
1811 5364 2086 5419 siticulosi

503 5459 776 5518 transitus
817 5457 1092 5522 obsident,
1125 5465 1178 5511 et
1222 5455 1445 5525 quando
1487 5462 1765 5526 nequeunt
1797 5455 2085 5524 prohibere

507 5558 758 5605 nostrum
790 5563 886 5620 per
916 5548 1201 5617 angustias
1241 5547 1364 5602 illas
1394 5547 1517 5609 iter,
1546 5547 1728 5601 tristes
1758 5548 1828 5600 ob
1855 5547 2086 5600 salutem

507 5651 780 5704 nostram,
820 5649 1224 5710 prosperosque
1264 5651 1558 5692 successus
1610 5635 1868 5690 evadunt.
1902 5635 2087 5705 inquit

509 5735 656 5788 enim
691 5752 704 5787 :
745 5751 764 5784 ι
798 5730 856 5786 In
889 5731 1048 5786 ﬁnem
1100 5731 1410 5787 intellectus
1439 5730 1493 5784 in
1535 5729 1873 5784 carminibus
1895 5725 2086 5792 David,

583 5915 626 5946 "
674 5913 885 5968 Cautio.
938 5928 1000 5974 ιι,
1051 5915 1104 5965 8.

2259 4905 2326 4958 Τί
2352 4899 2445 4958 οὗν
2479 4903 2596 4955 ἐστι
2648 4897 2806 4952 τοῦτο
2843 4896 2905 4948 τὸ
2936 4894 3062 4964 ὅρος
3092 4892 3176 4960 ἐφ’
3212 4882 3287 4944 ὧν
3317 4887 3413 4942 νῦν
3446 4887 3474 4939 ό
3509 4886 3661 4953 λόγος
3695 4885 3759 4935 ἐκ

2188 4996 2282 5051 τοῦ
2309 4993 2574 5066 προτέρου
2613 4989 2770 5062 ὅρους
2797 4985 2903 5040 τῶν
2947 4983 3232 5055 νοημάτων
3277 4979 3589 5051 μεθάλλεται
3620 4975 3757 5039 ἄλλη

2195 5088 2319 5157 νίκη
2359 5084 2549 5148 πάλιν,
2581 5082 2673 5135 καὶ
2708 5078 2855 5134 ἄλλοι
2903 5077 3000 5131 ἐπὶ
3043 5077 3111 5146 τῇ
3163 5074 3293 5144 νίκῃ
3325 5071 3485 5142 ὕμνοι
3509 5069 3588 5122 διὰ
3634 5084 3761 5120 συν-

2191 5179 2360 5240 έσεως
2396 5175 2472 5241 τῷ
2493 5172 2656 5226 Δαϐὶδ
2689 5166 3146 5240 κατορθούμενοι;
3177 5165 3226 5216 oi
3249 5164 3306 5216 δὲ
3333 5160 3594 5222 κινοῦντες
3631 5159 3760 5217 τοὺς

2191 5265 2407 5339 ἀγῶνάς
2445 5268 2582 5319 εἰσιν
2623 5263 2804 5316 οὐκέτι
2835 5259 3071 5332 ἡμιόνων
3105 5256 3273 5327 ἀγέλη
3295 5296 3309 5318 ,
3341 5253 3475 5308 ἀλλὰ
3507 5250 3759 5320 Ζηοραίων

2190 5363 2364 5424 ἔθνος.
2416 5360 2480 5411 Οἱ
2529 5359 2641 5418 τοῖς
2693 5353 2898 5413 στενοῖς
2937 5350 3035 5421 τῆς
3088 5347 3408 5418 αὐχμώδους
3459 5342 3759 5402 διαϐάσεως

2191 5451 2614 5524 προκαθήμενοι,
2653 5447 2779 5499 ὅταν
2807 5443 3044 5498 κωλύσαι
3073 5441 3172 5511 τήν
3209 5437 3298 5492 διά
3336 5437 3430 5490 τοῦ
3460 5433 3640 5488 στενοῦ
3670 5449 3762 5483 πο-

2190 5522 2340 5620 ρείαν
2362 5542 2522 5613 ἡμῶν
2543 5540 2966 5608 ἀδυνατήσωσιν,
3001 5533 3090 5587 τὸν
3121 5531 3212 5584 ἐπὶ
3234 5534 3298 5600 τῇ
3333 5526 3562 5597 σωτηρίᾳ

2183 5616 2549 5708 λυπούμενον·
2582 5635 2704 5693 «Εἰς
2728 5630 2787 5682 τὸ
2818 5629 2968 5690 τέλος
2996 5645 3014 5677 ι
3057 5625 3194 5695 γὰρ,
3227 5623 3410 5693 φησὶν,
3450 5637 3467 5669 ι
3491 5616 3756 5708 συνέσεως

2189 5734 2246 5786 ἓν
2272 5704 2457 5801 ὕμνοις
2483 5726 2561 5796 τῷ
2587 5722 2768 5776 Δαϐἱδ.
2803 5723 2858 5773 ὲν
2887 5718 2965 5790 τῷ
2991 5716 3163 5771 ἐλθεῖν
3187 5714 3312 5778 τοὺς
3327 5708 3586 5782 Ζηφαίονς
3608 5745 3627 5770 ,
3658 5704 3760 5757 καὶ
