4044 6522
284 472 383 528 569

1683 491 1748 546 IN
1793 491 1914 545 PSA
1925 490 2129 546 LMOS.

3411 494 3514 552 570

277 594 441 645 εἰπεῖν
466 591 546 660 τῷ
574 592 911 657 Σαοὺλ,Ίδοὺ
937 597 1104 650 Δαόὶδ
1135 598 1440 669 κέκρυπται
1468 600 1600 671 παρ’
1632 602 1783 670 ἡμῖν.
1810 620 1812 625 ·

1913 650 1916 660 _
1943 612 2069 651 cum
2097 596 2374 652 venissent
2404 596 2628 667 Ziphaai,
2675 608 2728 654 et
2762 598 3038 655 dixissent
3060 598 3128 656 ad
3160 601 3291 658 Saul
3330 621 3345 657 :
3374 603 3514 660 Ecce

274 684 580 747 Πάντωςδὲ
617 688 645 738 6
684 686 784 756 τὴν
831 687 1070 758 ἱστορίαν
1098 689 1196 741 οὐκ
1221 690 1458 758 ἀγνοῶν,
1490 686 1629 744 οἶδεν
1658 690 1839 745 στενὸν

272 776 361 829 καὶ
381 776 645 846 αὐχμώδη
672 777 835 830 τόπον
864 779 922 830 ἐν
954 779 1033 850 τῷ
1056 780 1208 850 μέρει
1234 782 1409 852 τούτῳ
1435 782 1838 852 μνημονευόμε-

270 882 374 918 νον.
405 867 505 918 Διά
531 866 590 919 δὲ
620 867 723 936 τῆς
751 869 1201 941 ἀπεστενωμένης
1233 871 1404 925 διόδου
1428 913 1444 937 ,
1478 872 1576 942 τὴν
1607 873 1838 941 εὐαγγε-

271 956 421 1026 λικὴν
454 959 555 1027 τῆς
613 958 887 1027 βασιλείας
913 960 1031 1013 ὁδὸν
1081 963 1415 1032 ὲνοήσαμεν,
1471 963 1538 1033 ἢν
1569 962 1835 1016 κωλύουσι

272 1050 367 1117 μὲν
385 1051 433 1101 oi
464 1052 715 1120 Ζηφαῖοι,
741 1052 886 1105 τοῦτ’
912 1051 1078 1117 ἐστιν,
1107 1053 1168 1107 τὸ
1196 1054 1490 1123 ἀλλόφυλον
1515 1055 1623 1108 τῶν
1650 1055 1836 1125 δαιμό-

268 1158 367 1192 νων
396 1140 579 1206 ἔθνος,
620 1144 667 1195 oi
693 1143 961 1215 ὑπηρέται
984 1145 1083 1215 τῆς
1112 1146 1491 1218 ἀντικειμένης
1518 1146 1798 1217 δυνάμεως
1815 1162 1828 1176 ·

266 1232 609 1302 εὑρίσκουσιν
636 1234 692 1288 δὲ
723 1238 772 1288 οἱ
800 1237 971 1304 ὀλίγοι
1003 1239 1050 1290 oi
1072 1238 1169 1307 τὴν
1202 1238 1458 1291 πλατεῖαν
1496 1238 1833 1307 ἀποστρεφό-

266 1340 430 1393 μενοι.
471 1326 626 1394 Ἔχει
657 1327 713 1379 δὲ
742 1329 775 1397 ἡ
824 1327 969 1393 λέξις
999 1329 1099 1399 τῆς
1147 1330 1383 1399 ἱστορίας
1425 1328 1631 1392 οὕτως’
1677 1348 1696 1381 ι
1718 1332 1830 1383 Οὐκ

262 1416 371 1468 ίδοὺ
420 1417 593 1471 Δαόὶδ
628 1419 934 1487 κέκρυπται
966 1420 1025 1472 ὲν
1054 1422 1281 1490 Μασερά
1317 1423 1445 1491 παρ’
1475 1422 1603 1491 ἡμῖν
1629 1422 1686 1474 ὲν
1716 1424 1830 1484 τοῖς

262 1509 465 1566 στενοῖς
494 1508 554 1559 ἐν
582 1506 659 1577 τῷ
686 1508 887 1578 βουνῷ;
916 1528 933 1560 ι
983 1510 1196 1579 ἀληθῶς
1238 1509 1345 1580 γὰρ
1381 1511 1447 1580 τῇ
1474 1513 1632 1581 στενῇ
1656 1508 1825 1579 ταύτῃ

258 1598 303 1649 oi
332 1596 481 1649 κατά
532 1597 665 1650 Θεὸν
705 1598 905 1663 ζῶντες
937 1601 1455 1671 ὲναποκρύπτονται.
1483 1601 1733 1654 Δείκνυσι
1770 1601 1827 1653 δὲ

258 1689 461 1758 ταύτην
509 1691 639 1760 ἡμῖν
666 1689 763 1761 τὴν
810 1690 980 1763 ὁδὸνὴ
1015 1692 1186 1763 Καινὴ
1215 1692 1453 1763 Διαθήκη
1477 1733 1491 1756 ,
1518 1692 1584 1746 δι’
1614 1688 1683 1763 ἧς
1711 1693 1824 1749 ἐστι

258 1780 390 1849 πρὸς
409 1781 515 1851 τὴν
541 1782 851 1853 ἀκροτάτην
876 1782 971 1836 τοῦ
1001 1783 1160 1853 ὅρους
1188 1784 1429 1855 κορυφὴν
1457 1783 1698 1838 ἀνελθεῖν
1721 1827 1734 1847 ,
1757 1787 1824 1857 ῆν

1945 684 2115 741 David
2152 687 2511 743 absconditus
2542 698 2624 744 est
2660 690 2801 757 apud
2851 706 2951 746 nos
2977 692 3044 744 ".
3078 710 3096 743 ι
3130 690 3367 747 Omnino
3414 709 3513 748 au-

1944 784 2051 833 tem
2093 780 2141 834 is
2169 780 2262 848 qui
2292 779 2536 834 historia:
2574 781 2800 850 ignarus
2835 797 2942 835 non
2989 789 3093 845 est,
3142 784 3310 851 probe
3341 784 3506 846 videt,

1942 886 2039 940 per
2092 879 2380 941 angustum
2436 879 2491 925 et
2538 881 2779 927 arentem
2834 874 3034 936 locum,
3096 875 3255 943 cujus
3310 876 3400 929 hic
3447 876 3506 929 ﬁt

1942 963 2171 1025 mentio,
2224 971 2278 1016 et
2323 978 2416 1032 per
2468 964 2759 1017 transitum
2816 963 2951 1019 adeo
3008 965 3075 1019 ad
3110 969 3502 1035 penetrandum

1938 1051 2231 1115 diiIicilem,
2281 1052 2646 1121 evangelicam
2686 1052 2831 1105 illam
2863 1054 3015 1123 regni
3064 1057 3303 1110 celestis
3337 1056 3502 1111 semi-

1939 1150 2047 1196 tam
2092 1142 2498 1210 intelligendant
2545 1157 2700 1205 esse.
2755 1160 2860 1213 qua
2892 1160 2991 1200 nos
3027 1147 3246 1215 quidem
3296 1147 3498 1216 Ziphtei

1937 1235 2250 1305 prohibent,
2298 1235 2403 1289 hoc
2458 1242 2563 1297 cst,
2612 1237 2915 1306 alienigena
2966 1238 3271 1292 daemonum
3324 1242 3494 1304 natio,
3592 1252 3593 1259 ‘

1936 1327 2174 1383 ministri
2205 1326 2533 1382 adversariae
2558 1329 2861 1397 potestatis.
2901 1326 3189 1384 lnveniunt
3216 1347 3344 1386 vero
3375 1348 3495 1386 eam

1935 1419 2094 1488 pauci
2139 1419 2237 1482 illi,
2278 1421 2371 1489 qui
2415 1420 2578 1473 latam
2613 1421 2753 1472 viam
2797 1427 3135 1475 aversantur.
3181 1420 3273 1476 Sic
3317 1432 3495 1478 autem

1934 1508 2179 1563 historia:
2220 1523 2342 1565 sese
2401 1510 2546 1563 illius
2601 1513 2841 1566 narratio
2889 1512 2957 1566 ad
3005 1514 3228 1567 verbum
3278 1514 3491 1569 habet:

1937 1614 1957 1649 ι
1984 1596 2176 1653 Nonne
2195 1614 2323 1655 ecce
2345 1598 2512 1654 David
2539 1601 2892 1658 absconditus
2924 1611 3008 1659 est
3036 1605 3090 1658 in
3116 1604 3326 1660 Masera
3349 1605 3493 1675 apud

1930 1703 2033 1744 nos
2063 1692 2118 1743 in
2156 1692 2444 1759 angustiis,
2475 1691 2529 1745 in
2564 1693 2739 1748 colle?
2768 1714 2787 1746 ι
2822 1710 2949 1749 vere
2987 1696 3132 1751 enim
3175 1696 3228 1749 in
3260 1707 3492 1766 angusta

1930 1778 2033 1834 hac
2071 1781 2157 1834 via
2206 1782 2638 1847 absconduntur,
2688 1786 2778 1854 qni
2829 1787 2991 1839 vitam
3038 1786 3148 1843 Deo
3196 1798 3491 1842 consenta-

257 1872 443 1941 βουνὸν
473 1874 728 1942 ὀνομάζει
752 1877 780 1926 6
802 1874 959 1942 λόγος
980 1875 1077 1943 τῆς
1117 1875 1372 1944 ἱστορίας.
1406 1875 1575 1929 Ὅταν
1603 1871 1695 1928 οὖν
1723 1875 1812 1947 τὴι

1928 1886 2086 1925 neant
2133 1873 2361 1929 ducunt.
2412 1873 2565 1930 Hanc
2609 1877 2750 1929 viam
2796 1879 3034 1933 ostendit
3080 1879 3239 1933 nobis
3279 1878 3488 1933 Novum

255 1962 449 2032 στενὴν
470 1963 686 2033 εκείνην
716 1964 833 2017 ὁδὸν
862 1965 1269 2034 ἀνεμποδίστως
1305 1965 1680 2036 παρέλθωμεν,
1716 1968 1812 2038 Ζη-

1923 1961 2354 2028 Testamentum,
2385 1968 2543 2035 cujus
2567 1968 2830 2023 beneﬁcio
2852 1968 2917 2022 ad
2947 1986 3260 2039 supremum
3286 1971 3489 2025 montis

251 2057 400 2123 φαῖοι
436 2055 519 2125 τῷ
546 2055 794 2126 τυράννῳ
828 2054 926 2126 τὴν
956 2056 1228 2126 σωτηρίαν
1256 2055 1411 2126 ήμῶν
1443 2056 1812 2127 καταμηνύου-

1925 2053 2185 2108 verticem
2224 2057 2509 2124 pervenire
2572 2073 2901 2127 possumus,
2944 2075 3105 2128 quem
3158 2060 3351 2113 collem
3400 2060 3486 2113 hi-

251 2164 355 2200 σιν.
400 2148 596 2217 Ἡμεῖς
643 2147 700 2200 δὲ
746 2147 825 2216 τῷ
854 2148 1079 2218 ὀνόματι
1113 2148 1207 2201 τοῦ
1241 2148 1537 2211 σεσωκότος
1559 2186 1574 2211 ,
1603 2148 1700 2217 τὴν
1728 2148 1817 2200 δυ-

250 2240 506 2293 ναστείαν
528 2239 631 2309 τῆς
657 2240 735 2301 είς
758 2239 821 2292 τὸ
858 2238 1020 2292 καλὸν
1047 2240 1278 2308 κρίσεως
1311 2239 1465 2310 ἡμῶν
1502 2240 1821 2306 ἀνατίθεμεν

248 2332 525 2400 λέγοντες·
556 2350 573 2382 ι
596 2332 657 2385 ὐ
682 2331 834 2395 Θεὸς,
856 2333 915 2384 ἐν
941 2319 1017 2401 τῷ
1049 2331 1269 2399 ὀνόματί
1292 2347 1384 2383 σου
1411 2331 1582 2384 σῶσόν
1606 2349 1693 2402 με,
1725 2332 1819 2385 καί¹

246 2424 305 2475 ἐν
329 2426 396 2494 τῇ
428 2423 659 2492 δυνάμει
687 2439 779 2475 σου
813 2424 1015 2493 κρινεῖς
1045 2439 1165 2493 με.»
1198 2422 1271 2475 Τὸ
1292 2422 1401 2494 γάρ
1424 2422 1820 2493 βνόμενονμῦς

249 2515 719 2585 προσδοκώμενον,
748 2515 853 2567 ὑπὸ
880 2514 973 2567 τοῦ
998 2515 1155 2584 λόγου
1175 2516 1649 2585 διεσχημάτισται,
1680 2517 1818 2571 οὕτω

243 2606 345 2675 τῆς
373 2609 599 2679 Γραφῆς
619 2607 718 2676 τῆς
748 2607 887 2660 κατά
916 2607 1005 2660 τὸν
1032 2608 1220 2679 χρόνον
1240 2608 1523 2679 ἀκριϐείας
1551 2609 1820 2680 ὑπερορώ-

249 2715 367 2767 σης.
401 2699 511 2750 Καὶ
540 2697 649 2768 γὰρ
684 2698 744 2751 τὸ
772 2699 1027 2768 ἐσόμενον
1053 2701 1085 2769 ἡ
1118 2701 1422 2770 προφητεία
1457 2700 1714 2763 πολλάκις
1741 2701 1815 2763 ὡς

247 2791 580 2861 παρῳχηκὸς
610 2789 906 2861 διηγήσατο
933 2830 947 2853 ,
978 2792 1071 2843 καὶ
1102 2791 1162 2844 τὸ
1200 2793 1448 2859 γεγονὸς,
1478 2792 1553 2855 ὡς
1591 2792 1817 2862 προσδο-

245 2883 617 2953 κώμενον.Ὥς
649 2884 742 2936 καὶ
771 2886 829 2936 ὲν
859 2883 1029 2955 ταύτῃ
1056 2887 1122 2954 τῇ
1142 2884 1425 2955 ψαλμῳδίᾳ
1459 2886 1600 2938 κατὰ
1627 2885 1685 2937 τὸ
1714 2883 1815 2937 πέ-

244 2993 349 3048 ρας
381 2975 536 3031 ίδεῖν.
576 2976 651 3028 Οὐ
678 2975 787 3046 γὰρ
827 2971 1012 3039 εἶπεν,
1056 2977 1135 3029 ὅτι
1179 2997 1197 3027 ι
1221 2979 1278 3029 ὲν
1315 2979 1427 3039 τοῖς
1458 2977 1667 3047 ἐχθροῖς
1711 2995 1812 3046 μου

241 3066 508 3135 ἐπόψεται
531 3084 545 3097 ’
572 3086 590 3117 ι
621 3066 735 3120 ἀλλ’
773 3086 791 3118 ι
817 3068 1025 3120 ἐπεῖδεν
1054 3070 1081 3120 6
1106 3068 1379 3137 ὀφθαλμός
1410 3086 1530 3139 μου,
1558 3087 1576 3120 ι
1620 3069 1690 3121 δι’
1737 3063 1811 3123 ὧν

240 3156 417 3210 ταῦτα
448 3158 789 3227 μανθάνομεν
808 3198 821 3218 ,
852 3160 931 3212 ὅτι
957 3158 1035 3228 τῷ
1070 3159 1189 3228 Θεῷ
1227 3157 1352 3211 οὔτε
1382 3176 1433 3211 τι
1464 3158 1807 3230 παρῴχηκεν,

240 3249 357 3303 ἀλλ’
392 3251 453 3302 ὲν
476 3250 554 3320 τῷ
590 3250 843 3303 ἐνεστῶτι
870 3251 938 3303 τά
966 3251 1149 3304 πάντα
1180 3251 1345 3305 ἐστίν.
1382 3252 1542 3304 Ὥστε
1586 3250 1687 3304 κᾶν
1714 3251 1807 3303 τοῦ

240 3340 635 3410 παρῳχηκότος
657 3381 671 3401 ,
702 3340 796 3392 καὶ
828 3340 921 3392 τοῦ
948 3340 1227 3410 μέλλοντος
1260 3342 1386 3409 περὶ
1418 3341 1514 3411 τῆς
1544 3340 1692 3403 θείας
1716 3340 1807 3392 δυ-

236 3432 459 3499 νάμεως
486 3430 721 3500 ιμφασίν
746 3447 864 3483 τινα
886 3429 983 3501 ἔχῃ
1004 3430 1072 3482 τὰ
1098 3432 1316 3500 ῥήματα
1335 3473 1349 3491 ,
1390 3429 1485 3482 τοῦ
1516 3429 1809 3491 ἐνεστῶτος

235 3525 339 3576 οὐκ
366 3522 590 3590 ἐξῆλθεν
638 3523 673 3592 ἡ
706 3520 904 3574 ἔννοια.
931 3522 1091 3588 Λέγει
1113 3522 1288 3574 τοίνυν
1315 3522 1448 3591 πρὸς
1492 3520 1581 3574 τὸν
1618 3521 1748 3573 Θεὸν
1781 3523 1809 3573 6

236 3617 336 3684 τῆς
373 3613 694 3682 αὐχμώδους
724 3629 785 3665 τε
817 3613 912 3666 καὶ
945 3613 1133 3682 στενῆς
1161 3613 1386 3676 ἐπιϐὰς,
1418 3614 1511 3666 καὶ
1545 3613 1809 3681 φυγαδεύ-

237 3724 338 3769 σας
378 3708 443 3758 τὸ
471 3706 580 3758 τῶν
621 3706 874 3777 Ζηφαίων
913 3705 1297 3776 συγκρότημα,
1330 3707 1412 3759 ὅτι
1466 3706 1555 3759 Ἐν
1606 3706 1684 3776 τῷ
1730 3705 1808 3776 σῷ

234 3798 462 3867 ὀνόματι
485 3796 706 3864 γέγονεν
732 3798 860 3866 ἡμῖν
890 3798 922 3867 ή
946 3797 1208 3867 σωτηρία,
1241 3799 1333 3849 καὶ
1352 3796 1408 3848 ὲν
1428 3801 1493 3868 τῇ
1522 3797 1807 3868 δυναστείᾳ

236 3907 333 3941 σου
394 3891 428 3959 ἠ
457 3892 516 3941 ὲν
535 3887 613 3958 τῷ
643 3888 793 3957 καλῷ
820 3888 996 3958 κρίσις
1026 3888 1123 3956 τὴν
1152 3889 1303 3956 ἰσχὺν
1328 3887 1460 3957 ἔχει,
1490 3890 1580 3941 καὶ
1608 3891 1686 3951 είς
1717 3890 1805 3941 ἀεὶ

230 3982 415 4035 ταῦτα
436 3984 742 4051 γενήσεται.
771 3981 878 4033 Καὶ
910 3979 1297 4051 προσκαλεῖται
1324 3978 1463 4048 ὑπὲρ
1484 3978 1684 4030 τούτων
1706 3978 1803 4049 τὴν

234 4073 387 4126 θείαν
416 4074 583 4138 ἀκοὴν
599 4071 841 4143 πρὸςτὴν
857 4071 955 4139 τῆς
973 4070 1313 4138 εὐχαριστίας
1335 4071 1610 4139 ἀκρόασιν,
1630 4071 1802 4138 λέγων

232 4167 344 4219 τῶν
367 4164 665 4235 ἀλλοτρίων
712 4164 809 4233 τὴν
842 4164 1207 4216 ἐπανάστασιν
1229 4203 1242 4224 ,
1270 4164 1361 4215 καὶ
1393 4162 1501 4215 τῶν
1543 4163 1601 4215 ὲν
1636 4164 1802 4234 κακίᾳ

232 4258 516 4328 κραταιῶν
595 4256 694 4327 τὴν
746 4259 846 4325 τῆς
897 4256 1073 4326 ψυχῆς
1119 4253 1279 4307 αὑτοῦ
1326 4254 1584 4325 ζήτησιν.
1627 4248 1701 4307 ὧν
1738 4256 1799 4307 οὑ

234 4348 562 4416 προηγεῖται
591 4344 752 4407 Θεὸς,
788 4345 901 4397 ἀλλ’
929 4346 954 4396 6
987 4348 1049 4396 ἐκ
1089 4344 1179 4396 τοῦ
1223 4342 1463 4395 ἐναντίου
1492 4340 1796 4411 νοούμενος.

232 4438 340 4491 Διά
369 4436 527 4489 τοῦτο
580 4432 689 4501 γάρ
721 4444 918 4499 φησιν’
959 4428 1187 4482 Ἐκεῖνοι
1231 4430 1330 4502 μὲν
1367 4452 1385 4483 ι
1424 4432 1483 4485 οὐ
1511 4432 1799 4502 προέθεντο

230 4529 329 4583 τὸν
351 4529 481 4580 Θεὸν
512 4524 738 4578 ἐνώπιον
765 4522 943 4575 αὐτῶν
962 4538 976 4553 ο
999 4542 1016 4573 ι
1050 4524 1171 4591 ἐμοὶ
1195 4522 1251 4575 δὲ
1291 4525 1318 4576 6
1357 4523 1487 4585 Θεὸς
1512 4522 1725 4594 βοηθεῖ,
1769 4527 1798 4578 6

230 4618 662 4688 ὶπαναστρέφων
696 4614 767 4667 τά
817 4613 963 4667 κακά
1002 4616 1113 4676 τοῖς
1158 4615 1256 4683 τῆς
1306 4614 1500 4678 κακίας
1524 4616 1795 4687 εὑρεταῖς,
1828 4641 1872 4699 D

230 4722 253 4753 ι
286 4705 377 4756 καὶ
402 4705 491 4759 διὰ
520 4707 620 4776 τῆς
631 4703 887 4773 ἀληθείας
901 4705 1237 4775 ἐξαφανίζων
1261 4727 1280 4759 ι
1301 4707 1467 4769 ἆπαν,
1486 4707 1610 4761 ὅσον
1648 4709 1794 4761 ἐστὶν

222 4798 327 4867 τῆς
363 4797 620 4869 ἀληθείας
650 4797 860 4868 ἐχθρὸν,
886 4798 980 4849 καὶ
1008 4797 1319 4865 ἀλλόφυλον.
1346 4798 1484 4865 Ἐγὼ
1504 4798 1581 4860 δὲ,
1609 4798 1792 4868 φησὶν,

222 4885 273 4957 ᾧ
299 4890 509 4959 ἐσώθην
534 4889 758 4958 ὀνόματι
782 4928 797 4950 ,
822 4889 993 4959 τούτῳ
1019 4890 1396 4960 εὐχαριστήσω
1425 4930 1440 4954 ,
1472 4892 1553 4944 ὅτι
1595 4892 1795 4959 ἀγαθὸν

222 4984 258 5048 ἡ
288 4980 626 5051 εὐχαριστία.
655 4981 769 5048 Ἐφ’
790 4976 872 5043 οἷς
903 4979 1006 5043 ἔξω
1038 4998 1097 5033 τε
1115 4980 1225 5033 τῶν
1251 4980 1479 5049 θλίψεων
1507 4982 1791 5052 ἐγενόμην,

222 5074 315 5126 καὶ
348 5073 438 5125 τὸν
459 5071 770 5141 ἀφανισμὸν
819 5071 928 5123 τῶν
948 5071 1156 5142 ἐχθρῶν
1194 5074 1304 5134 τοῖς
1334 5071 1627 5141 ὀφθαλμοῖς
1658 5089 1791 5125 κατ-

220 5163 443 5232 ενόησα.
485 5164 607 5215 Ἐπὶ
650 5161 805 5215 τοῦτο
830 5161 938 5231 γάρ
964 5164 993 5214 6
1039 5162 1369 5231 προφητικὸς
1401 5161 1672 5231 ὀρθαλμὸς
1704 5162 1794 5214 εὐ-

219 5253 543 5322 φραίνεται,
581 5251 705 5303 ὅταν
760 5252 956 5320 μηκέτι
1006 5250 1169 5321 μηδὲν
1216 5253 1279 5303 ἐκ
1315 5250 1406 5301 τοῦ
1437 5251 1679 5304 ἐναντίου
1730 5253 1794 5322 τῇ

217 5346 388 5412 ἀρετῇ
415 5345 702 5412 θεωρεῖται
725 5358 738 5371 ο
762 5343 861 5411 τῆς
884 5340 993 5409 γάρ
1031 5342 1224 5402 κακίας
1254 5341 1643 5412 ἐξαιρεθείσης,
1677 5344 1796 5411 ἥτις

218 5434 356 5500 πρὸς
400 5433 499 5501 τὴν
533 5434 733 5502 ἀρετὴν
766 5435 843 5495 είς
891 5432 1086 5503 ἐχθροῦ
1132 5433 1282 5497 τάξιν
1330 5432 1792 5497 άντικαθίσταται,

216 5524 399 5575 οὐκέτι
430 5524 492 5575 τὸ
545 5522 652 5575 τῶν
694 5522 902 5593 ἐχθρῶν
936 5523 1386 5593 ὑπολειφθήσεται
1434 5525 1602 5592 ὄνομα
1625 5540 1637 5554 ·
1672 5524 1787 5586 πῶς

217 5617 324 5687 γάρ
345 5633 428 5679 τις
456 5615 648 5685 ἐχθρὸς
671 5614 749 5668 ἔτι
765 5614 1112 5685 κληθήσεται,
1130 5617 1323 5685 μηκέτι
1348 5617 1446 5687 τῆς
1468 5616 1663 5687 ἔχθρας
1683 5615 1785 5681 ζώ-

287 5920 335 5953 ²³
364 5918 507 5974 Psal.
541 5936 658 5989 Lm,
687 5922 751 5989 l;
802 5922 818 5976 l
854 5921 980 5993 Reg.
1018 5940 1169 5987 χλιιι,
1205 5927 1272 5982 l9.

1923 2144 2105 2198 storite
2149 2154 2435 2201 contextus
2488 2149 2755 2202 nominat.
2794 2151 3023 2214 Quando
3073 2151 3236 2222 igitur
3280 2150 3487 2219 absque

1921 2230 2309 2301 impedimento
2365 2247 2650 2306 angustam
2711 2238 2856 2291 illam
2907 2242 3048 2292 viam
3104 2241 3487 2309 pertransieri-

1921 2342 2065 2387 tuus,
2102 2326 2303 2396 Ziphaei
2343 2328 2571 2383 Salutem
2603 2339 2846 2383 nostram
2881 2338 2935 2384 ct
2967 2332 3382 2400 prosperitatem
3416 2332 3484 2386 ad

1920 2425 2209 2488 tyrannum
2256 2418 2545 2485 deferunt;
2579 2435 2680 2477 nos
2723 2433 2902 2476 autem
2948 2422 3157 2476 nomini
3201 2423 3343 2492 ejus,
3387 2426 3481 2492 qui

1920 2523 2021 2561 nos
2050 2510 2298 2574 salvavit,
2337 2519 2656 2579 potestatem
2704 2519 2851 2567 recte
2902 2511 2968 2567 de
3013 2514 3171 2568 nobis
3197 2515 3478 2583 judicandi

1918 2599 2235 2665 deferimus,
2283 2600 2566 2657 dicentes:
2606 2621 2623 2653 ι
2666 2602 2827 2664 Deus,
2882 2603 2938 2657 in
2988 2607 3208 2659 nomine
3247 2614 3340 2659 tuo
3370 2606 3479 2659 sal-

1917 2705 2043 2744 vum
2093 2707 2179 2747 tne
2221 2692 2326 2757 fac,
2378 2702 2433 2748 et
2481 2695 2535 2747 in
2583 2696 2783 2750 virtute
2826 2707 2917 2750 tua
2940 2697 3148 2767 judica.
3188 2718 3208 2750 ι
3261 2696 3394 2752 Nam
3425 2699 3477 2752 id

1916 2783 2060 2851 quod
2097 2784 2297 2838 factum
2341 2785 2453 2854 jam
2494 2796 2632 2851 erat,
2689 2791 2937 2845 oratione
2986 2792 3057 2844 ita
3106 2800 3475 2860 reprtesentat,

1914 2876 2067 2943 quasi
2122 2877 2297 2929 adhuc
2343 2879 2583 2933 futurum
2631 2893 2796 2936 esset.
2826 2882 2916 2936 Sic
2960 2885 3103 2938 enini
3146 2886 3284 2939 solet
3331 2884 3478 2939 Scri-

1914 2974 2077 3034 ptura
2124 2980 2435 3024 accuratam
2482 2980 2742 3041 temporis
2788 2977 3054 3030 rationem
3105 2979 3263 3045 quasi
3313 2978 3481 3047 negli-

1914 3071 2059 3124 gere.
2104 3055 2237 3110 Natn
2281 3060 2459 3112 divina
2506 3064 2728 3116 oracula
2782 3064 2835 3117 id
2874 3067 3018 3134 quod
3074 3065 3319 3119 futurum
3365 3075 3475 3129 est,

1913 3161 2053 3216 εευνο
2084 3160 2134 3201 ut
2168 3151 2503 3218 praeteritum
2537 3152 2801 3217 referunt,
2832 3162 2887 3209 et
2920 3156 2972 3209 id
3019 3157 3163 3225 qttod
3190 3157 3301 3224 jam
3335 3172 3473 3225 pra:-

1914 3242 2081 3302 teriit,
2112 3251 2169 3294 ut
2203 3241 2444 3296 futurum
2480 3262 2493 3297 :
2522 3246 2973 3312 quemadmodum
3005 3254 3059 3301 et
3093 3248 3145 3300 in
3178 3247 3282 3301 ﬁne
3309 3247 3472 3315 hujus

1911 3333 2102 3400 psalmi
2138 3333 2319 3388 videre
2365 3335 2529 3388 licet:
2562 3351 2669 3389 non
2699 3336 2842 3390 enim
2887 3337 3062 3391 dixit:
3102 3355 3119 3388 ι
3153 3335 3326 3405 Super
3365 3338 3470 3389 ini-

1910 3425 2082 3478 micos
2127 3440 2277 3478 meos
2326 3425 2624 3496 despiciet;
2656 3445 2673 3476 ι
2735 3427 2850 3489 sed,
2910 3444 2943 3478 ι·
2974 3428 3225 3497 Despexit
3279 3428 3470 3482 oculus

1910 3532 2083 3571 mens.
2122 3537 2139 3569 ι
2185 3518 2391 3583 Quibus
2440 3520 2721 3578 docemur.
2771 3519 2878 3575 Deo
2916 3521 3050 3574 nihil
3096 3521 3333 3575 futurum
3378 3530 3470 3574 aut

1910 3612 2237 3678 praeteritum
2264 3626 2407 3672 esse.
2445 3612 2538 3667 sed
2568 3613 2747 3666 omnia
2790 3614 3074 3682 praesentia
3113 3611 3323 3667 adesse.
3361 3611 3468 3665 lta-

1906 3719 2013 3773 que
2050 3701 2165 3755 sive
2205 3699 2486 3770 praeteriti,
2523 3700 2639 3755 sive
2679 3700 2846 3755 futuri
2879 3702 2986 3755 vini
3027 3710 3079 3756 et
3110 3702 3469 3771 signiﬁcatio-

1907 3811 2030 3849 nem
2081 3793 2320 3848 habeant
2371 3793 2533 3847 verba
2577 3793 2646 3847 de
2690 3793 2875 3847 divina
2927 3802 3192 3862 potestate
3232 3796 3467 3859 prolata.

1905 3888 2119 3940 animus
2150 3896 2330 3939 tamen
2376 3884 2519 3938 haud
2552 3884 2828 3953 egreditur
2855 3892 3007 3939 extra
3050 3885 3331 3953 praesentis
3362 3893 3475 3937 ter-

1904 3978 2101 4031 minos.
2146 3978 2236 4029 Ait
2266 3978 2428 4046 igitur
2466 3976 2532 4029 ad
2577 3975 2744 4029 Deum
2795 3975 2904 4036 ille,
2958 3975 3048 4043 qui
3083 3989 3178 4043 per
3222 3983 3468 4029 arentem

1902 4078 1956 4123 et
1995 4079 2280 4137 angustam
2323 4068 2571 4122 semitam
2625 4066 2819 4131 evasit,
2856 4065 3307 4135 Ziphaaorumque
3343 4077 3469 4119 tur-

1900 4160 2023 4213 bam
2063 4168 2117 4213 et
2148 4159 2437 4213 coitionem
2490 4157 2700 4228 fugavit
2742 4175 2755 4211 :
2801 4158 2857 4211 In
2903 4158 3123 4211 nomine
3168 4168 3260 4211 tuo
3313 4158 3471 4212 salus

1901 4250 2061 4304 nobis
2090 4252 2261 4314 venit,
2292 4259 2347 4304 et
2382 4251 2436 4304 in
2476 4251 2678 4305 virtute
2716 4259 2807 4303 tua
2833 4248 3101 4318 judicium
3136 4249 3204 4305 de
3237 4250 3379 4304 bono
3408 4258 3463 4303 et

1901 4352 2049 4395 recto
2079 4342 2245 4395 robur
2285 4342 2464 4406 habet,
2502 4341 2552 4396 id
2585 4341 2731 4411 quod
2761 4356 2974 4410 semper
3008 4342 3217 4395 eveniet
3246 4358 3258 4393 :
3289 4349 3339 4395 et
3368 4356 3463 4409 per

1900 4433 2003 4485 hoc
2038 4433 2264 4485 advocat
2294 4432 2385 4487 Dei
2414 4433 2562 4486 velut
2586 4447 2770 4495 aures,
2800 4441 2859 4485 ut
2882 4434 3183 4503 gratiarum
3217 4433 3460 4486 actiones

1897 4523 2139 4582 audiant.
2165 4538 2493 4578 enumerans
2512 4525 2788 4593 quomodo
2808 4524 2970 4578 alieni
2999 4524 3263 4579 adversus
3282 4524 3458 4591 ipsum

1899 4613 2319 4675 insurrexerint,
2367 4622 2420 4667 et
2471 4614 2745 4683 quomodo
2801 4614 2972 4669 fortes
3023 4621 3076 4668 et
3117 4622 3363 4683 potentes
3406 4613 3469 4672 ἰιι

1898 4706 2103 4760 malitia
2130 4705 2365 4759 animam
2399 4704 2518 4775 ejus
2548 4706 2919 4776 quaesiverint,
2950 4706 3147 4776 quibus
3183 4704 3324 4760 Deus
3354 4721 3471 4760 non.

1897 4798 2047 4866 praeit
2095 4797 2229 4859 dux,
2281 4798 2377 4851 sed
2428 4799 2475 4852 is
2526 4799 2616 4867 qui
2658 4797 2765 4852 Deo
2804 4799 3116 4853 contrarius
3161 4807 3263 4852 est.
3296 4796 3378 4853 Ob
3409 4796 3469 4853 id

1897 4887 2030 4943 dicit
2064 4904 2077 4940 :
2110 4885 2189 4939 Illi
2228 4906 2245 4937 ι
2279 4904 2386 4940 non
2430 4897 2833 4957 proposuerunt
2876 4888 3044 4942 Deum
3076 4897 3203 4944 ante
3231 4905 3463 4959 conspe-

1896 4989 2043 5033 ctum
2085 4995 2269 5041 suum,
2301 4998 2319 5029 ι
2357 4996 2441 5033 me
2480 4996 2609 5035 vero
2658 4980 2803 5035 Deus
2849 4982 3090 5050 adjuvat,
3138 4990 3472 5036 convertens.

1897 5070 2036 5122 mala
2080 5069 2146 5122 ad
2182 5071 2331 5138 ipsos
2377 5071 2599 5127 malitiae
2638 5080 2894 5128 auctores
2929 5080 3045 5136 :ct,
3082 5092 3099 5125 ι
3136 5073 3194 5127 ln
3232 5074 3471 5127 veritate-

1894 5174 1991 5212 sua
2020 5160 2293 5229 disperdct
2328 5182 2345 5211 ι
2378 5178 2539 5218 omne
2587 5164 2719 5218 illud
2748 5165 2895 5234 quod
2922 5165 3133 5219 veritati
3176 5166 3466 5218 inimicum.

1893 5260 1977 5307 cst
2013 5262 2066 5306 et
2108 5262 2450 5307 extraneum.
2513 5252 2622 5323 Ego
2669 5262 2852 5309 autem
2896 5254 3124 5318 nomini,
3155 5253 3349 5323 inquit,
3403 5254 3463 5307 in

1891 5359 2000 5411 quo
2030 5345 2273 5400 salvatus
2296 5363 2440 5411 sum,
2464 5350 2668 5417 gratias
2696 5363 2872 5417 agant,
2899 5348 3155 5416 quoniam
3194 5348 3335 5401 bona
3371 5355 3457 5401 est

1893 5438 2190 5506 gratiarum
2244 5441 2407 5503 actin,
2472 5441 2597 5509 quia
2655 5456 2930 5494 aerumnas
2973 5448 3027 5495 et
3077 5439 3463 5493 tribulationes

1892 5529 2062 5590 evasi,
2096 5531 2383 5599 oculisque
2427 5532 2561 5585 meis
2590 5532 2930 5585 inimicormn
2975 5545 3215 5583 meorum
3252 5530 3459 5597 disper-

1890 5618 2151 5674 dilionem
2189 5620 2317 5672 vidi.
2351 5619 2470 5673 Ideo
2493 5621 2636 5675 cuitu
2663 5619 2943 5690 Propheta:
2979 5620 3457 5681 oculusexsultat,
