4044 6522
586 460 692 518 ,571
1791 468 1846 520 S.
1870 466 2193 520 GREGORII
2235 465 2527 522 NYSSENI
3701 474 3794 530 572

593 575 739 645 quod
800 577 939 630 nihil
1002 579 1236 648 amplius
1298 582 1482 636 virtuti
1545 583 1856 651 oppositum
1917 592 2191 648 cernam,

2293 599 2385 653 ης,
2427 584 2493 651 ἢν
2527 581 2898 654 ἀπέκτεινενή
2931 582 3156 653 εἰρήνη,
3191 581 3369 644 καθώς
3403 598 3564 652 φησιν
3594 585 3621 636 ὁ
3651 585 3794 640 una.

593 667 805 721 sublata
850 668 994 721 enim
1032 670 1258 736 malitia,
1292 687 1414 742 quae
1448 672 1652 726 inimici
1693 672 1813 725 loco
1845 678 1900 724 et
1935 671 2152 726 nomine
2261 673 2469 736 στολος;

595 760 781 812 virtuti
816 761 1154 822 adversatur.
1191 779 1300 818 non
1367 767 1604 836 amplius
1673 767 2014 836 relinquetur
2070 766 2418 822 inimicorum
2472 783 2672 822 nomen
2742 776 2797 823 et
2845 769 3128 824 memoria.
3180 765 3464 833 Quomodo
3511 769 3647 852 enim
3689 773 3798 838 quis

596 854 849 908 inimicus
894 858 1274 925 appellaretur,
1327 875 1435 914 non
1512 863 1743 931 amplius
1821 861 2178 932 gliscentibus
2235 873 2289 917 et
2356 863 2662 919 virentibus
2706 862 3044 928 inimicitiis,
3095 877 3232 932 quas
3272 861 3546 916 interemit
3581 879 3704 932 pax,
3749 877 3797 921 ut

596 946 671 998 ait
711 947 1037 1016 Apostolus?

666 1042 928 1099 Caeterum
961 1054 1019 1100 ut
1051 1060 1171 1118 apte
1217 1059 1270 1105 et
1319 1052 1500 1107 debito
1532 1055 1722 1110 ordine
1773 1071 1986 1119 sensus,
2021 1070 2158 1126 quos

598 1135 862 1192 hactenus
895 1142 1269 1209 exposuimus,
1301 1147 1481 1200 verbis
1519 1149 1710 1215 psalmi
1741 1151 2158 1204 accommoden-

601 1236 710 1292 tur,
743 1231 913 1297 ipsam
945 1232 1011 1286 ad
1047 1236 1268 1288 verbum
1305 1237 1437 1306 lege,
1473 1253 1593 1308 quae
1640 1241 1831 1294 ordine
1859 1249 1941 1295 est
1998 1243 2159 1310 quin-

602 1321 916 1387 quagesima
967 1325 1147 1389 tertia,
1222 1329 1599 1396 psalmodiam,
1659 1332 1878 1399 quando
1929 1331 2162 1401 Ziphazi‘s

605 1413 855 1480 superior
889 1413 1133 1476 eﬂ‘ectus.
1165 1420 1672 1489 contemplatusque
1720 1422 1936 1476 malitia:
1984 1423 2164 1477 omni-

605 1502 824 1557 modum
866 1505 1162 1568 interitum.
1201 1524 1393 1566 rursus
1421 1512 1472 1566 in
1513 1512 1785 1567 intellectu
1815 1515 2034 1584 superni
2069 1530 2166 1568 au-

609 1594 724 1646 xilii
757 1597 1110 1659 constitutus,
1142 1598 1248 1653 Deo
1284 1600 1540 1672 hymnum
1595 1604 1910 1673 epinicium.
1958 1613 2010 1659 et
2041 1620 2166 1659 car-

609 1701 731 1739 men
757 1687 1038 1744 victoriale
1075 1690 1326 1746 decantat
1355 1713 1368 1748 :
1417 1696 1497 1749 sic
1558 1701 1700 1751 enim
1734 1697 1937 1752 habent
1971 1699 2169 1753 inscri-

607 1778 810 1846 ptionis
845 1782 1046 1837 verba:
1094 1802 1111 1834 ι
1150 1784 1206 1841 In
1241 1785 1398 1842 linem
1424 1790 1475 1842 in
1503 1792 1836 1848 carminibus
1862 1793 2168 1848 intellectus

614 1867 799 1923 David.
846 1891 865 1923 ι
901 1871 1072 1928 Porro
1106 1877 1248 1932 sicut
1277 1878 1331 1932 in
1363 1883 1768 1946 certaminibus,
1791 1901 1911 1955 quae
1941 1900 2169 1954 corpore

2342 1053 2430 1115 Ὠς
2453 1053 2497 1105 δ’
2523 1051 2587 1105 ἂν
2620 1049 2921 1113 ἀκολούθως
2948 1050 3316 1120 ὲφαρμοσθείη
3348 1049 3418 1102 τὰ
3451 1049 3673 1121 ῥηθέντα
3702 1055 3801 1125 νοή-

2265 1150 2405 1215 ματα
2434 1145 2544 1206 τοῖς
2573 1143 2776 1213 ῥήμασι
2817 1142 2916 1211 τῆς
2941 1140 3279 1212 ψαλμῳδίας,
3311 1141 3481 1212 αὐτὴν
3515 1143 3603 1195 ἐπὶ
3629 1143 3804 1208 λέξεως

2262 1233 2532 1301 ἀνάγνωθι
2585 1233 2683 1303 τὴν
2726 1231 3064 1302 ψαλμῳδίαν,
3111 1234 3208 1303 τὴν
3245 1235 3302 1285 ὲν
3353 1231 3431 1302 τῷ
3486 1237 3803 1307 πεντηκοστῷ

2263 1325 2428 1396 τρίτῳ
2444 1325 2584 1377 κατά
2601 1323 2660 1377 τὸ
2681 1323 2968 1377 ἀκόλουθον
2986 1325 3340 1394 τεταγμένην,
3358 1325 3446 1377 ὅτε
3457 1325 3562 1376 τῶν
3578 1329 3804 1397 Ζηφαίων

2269 1413 2368 1482 ἤδη
2400 1413 2663 1483 κρείττων
2688 1412 2996 1482 γενόμενος,
3023 1409 3218 1465 ἐπιδὼν
3237 1412 3334 1483 τὴν
3358 1417 3458 1484 τῆς
3485 1415 3668 1477 κακίας
3691 1435 3807 1468 παν.

2269 1502 2550 1573 ωλεθρίαν,
2600 1503 2760 1556 πάλιν
2808 1505 2866 1555 ὲν
2902 1503 3111 1556 συνέσει
3154 1503 3256 1573 τῆς
3304 1504 3506 1558 ἀνωθεν
3565 1509 3806 1570 καταστὰς

2273 1593 2605 1662 συμμαχίας,
2642 1591 2808 1662 ὕμνον
2832 1593 3095 1664 προσάγει
3129 1593 3205 1663 τῷ
3225 1593 3346 1664 Θεῷ
3375 1595 3645 1649 ἐπινίκιον.
3675 1598 3808 1651 Οὕτω

2273 1684 2380 1754 γὰρ
2408 1686 2435 1737 ό
2465 1684 2562 1755 τῆς
2595 1685 2907 1755 ἐπιγραφῆς
2944 1685 3182 1756 περιέχει
3221 1686 3377 1754 λόγος
3395 1703 3409 1717 ·
3435 1705 3452 1738 ι
3485 1689 3576 1751 Εἰς
3596 1689 3650 1741 τὸ
3677 1691 3808 1753 τέλος

2273 1775 2331 1828 ὲν
2361 1774 2548 1845 ὕμνοις
2587 1777 2851 1840 συνέσεως
2874 1776 2952 1847 τῷ
2983 1777 3160 1831 Δαὸίδ.
3199 1797 3216 1830 ι
3245 1779 3457 1850 Ὥσπερ
3478 1780 3534 1831 δὲ
3554 1781 3685 1833 κατὰ
3704 1783 3810 1846 τοὺς

2277 1867 2615 1936 σωματικοῦς
2661 1867 2896 1934 ἀγῶνας,
2943 1869 3002 1921 οὺ
3055 1872 3166 1932 τοῖς
3215 1869 3400 1932 αὐτοῖς
3437 1872 3727 1937 ἀντιπάλοις
3767 1877 3808 1928 οἱ

611 1960 989 2035 perﬁciuntur,
1011 1981 1116 2019 non
1147 1970 1570 2038 congrediuntur
1597 1953 1951 2044 pugilesvcum
1977 1977 2167 2032 iisdem

2293 1957 2497 2028 ιθληταλ⁸
2542 1958 2966 2030 παραμένουσιν,
3001 1953 3078 2013 ὧν
3105 1961 3171 2014 ἂν
3215 1963 3275 2014 ἐν
3322 1962 3530 2032 νεότητι
3569 1963 3698 2017 κατὰ
3725 1965 3808 2034 τὴν

613 2050 962 2120 adversariis,
993 2072 1132 2125 quos
1185 2057 1484 2127 iuventutis
1549 2071 1791 2133 tempore
1838 2067 2170 2129 devicerant,

612 2142 707 2196 sed
737 2151 896 2197 aucto
926 2146 1137 2214 robore,
1175 2149 1489 2221 viribusque
1537 2156 1889 2222 confirmatis,
1939 2158 2175 2227 majores

613 2239 667 2284 et
705 2233 992 2290 validiores
1023 2239 1400 2305 antagonistas
1431 2242 1532 2296 sibi
1563 2244 1902 2313 deposcunt;
1941 2247 2048 2302 illis
2082 2245 2179 2303 de—

615 2323 795 2388 victis,
865 2341 988 2380 cum
1051 2330 1524 2387 excellentioribus
1577 2335 1756 2390 adhuc
1811 2337 1865 2390 in
1901 2338 2178 2407 pulverem

615 2413 976 2481 descendunt,
1002 2435 1216 2490 semper
1247 2423 1441 2476 virium
1483 2425 1817 2480 incremento
1850 2429 2180 2484 convenien-

617 2513 700 2560 ter
732 2523 856 2561 cuin
891 2501 1300 2569 robustioribus
1360 2516 1688 2572 adversariis
1720 2532 1938 2572 manum
1987 2535 2180 2576 conse-

619 2606 803 2654 rentes
831 2618 843 2653 :
878 2604 993 2669 pari
1030 2605 1210 2671 modo,
1241 2606 1332 2675 qui
1367 2616 1495 2661 tota
1526 2611 1690 2664 tantis
1721 2610 1971 2666 hostibus
2010 2613 2182 2667 victo-

622 2693 731 2747 rias
758 2696 1072 2763 reportavit,
1105 2698 1428 2754 illustriores
1457 2700 1634 2755 adhuc
1670 2705 1928 2760 victorias
1972 2706 2040 2760 ab
2076 2705 2182 2762 illis

620 2783 807 2848 refert,
840 2800 1165 2856 congressus
1201 2805 1324 2843 cum
1377 2792 1789 2856 eelebrioribus.
1852 2797 2182 2868 majorisque

622 2875 862 2930 nominis
886 2883 940 2931 et
975 2877 1132 2932 fama:
1179 2884 1557 2950 antagonistis,
1594 2892 1648 2939 et
1692 2887 1763 2941 ob
1799 2888 1850 2942 id
1887 2891 2184 2958 agonothe-

622 2973 733 3017 tam
765 2965 832 3019 ad
899 2967 1226 3022 audiendum
1287 2971 1537 3035 advocat,
1566 2990 1689 3027 cum
1740 2977 1851 3031 ait:
1888 2997 1904 3029 ι
1955 2980 2181 3043 Exaudi,

626 3051 788 3118 Deus,
821 3055 1121 3110 orationem
1153 3073 1351 3124 meam,
1382 3069 1436 3115 et
1475 3077 1543 3116 ne
1576 3063 1893 3133 despexeris
1923 3067 2184 3138 depreca-

627 3147 828 3201 tionem
859 3162 1034 3204 meam
1073 3150 1160 3205 "z
1203 3171 1222 3204 ι
1252 3164 1544 3225 rogatque,
1587 3165 1646 3210 ut
1682 3157 1746 3211 ad
1786 3175 2019 3230 pugnam
2064 3163 2186 3216 ani-

629 3253 775 3291 mum
809 3238 1090 3294 advertat:
1125 3261 1143 3294 ι
1189 3242 1432 3310 intende,
1471 3266 1490 3299 ι
1551 3248 1747 3319 inquit,
1789 3271 1807 3303 ι
1845 3253 1974 3306 mihi
2007 3261 2061 3310 et
2094 3271 2188 3309 ex—

629 3331 752 3384 audi
790 3346 894 3396 me,
941 3351 959 3384 ι
989 3343 1364 3406 monstratque
1393 3341 1752 3395 certaminum
1790 3359 2011 3398 suorum
2043 3347 2191 3400 labo-

633 3435 742 3484 res,
782 3437 1050 3478 cnarrans
1085 3427 1361 3480 tristitiam
1392 3438 1444 3483 et
1483 3434 1953 3489 conturbationem
1977 3475 1990 3499 ,
2023 3444 2075 3492 et
2108 3453 2196 3490 vo-

633 3526 750 3564 cem
806 3513 1046 3577 inimici,
1109 3524 1163 3570 et
1221 3518 1625 3576 tribulationem
1685 3528 2006 3593 peccatoris.
2065 3528 2196 3595 Qua:

633 3603 817 3656 omnia
848 3605 1086 3659 ostendit
1109 3610 1422 3665 certaminis
1453 3613 1666 3680 praesidi
1697 3617 1840 3671 velut
1863 3619 2197 3687 palazstricas

635 3694 898 3763 quasdam
924 3697 1183 3753 victorias
1208 3700 1274 3753 ab
1311 3700 1642 3759 adversariis
1672 3706 1891 3771 relatas,
1914 3717 1968 3763 et
1990 3710 2055 3764 ad
2086 3711 2199 3766 haec

636 3786 799 3839 etiam
828 3789 1299 3845 conturbationem
1326 3793 1528 3854 cordis,
1549 3803 1602 3848 et
1618 3795 1961 3853 formidinem
1985 3803 2199 3871 mortis,

638 3891 690 3933 et
715 3881 989 3944 timorem,
1015 3891 1068 3936 et
1095 3893 1408 3948 tremorem,
1437 3895 1490 3939 et
1529 3889 1780 3944 tenebras
1811 3891 1975 3944 vitam
2028 3893 2200 3962 ipsius

638 3969 878 4041 undique
905 3973 1258 4042 complexas;
1289 3975 1490 4045 quibus
1517 3979 1772 4036 omnibus
1824 3998 1993 4037 unum
2032 3985 2086 4040 id
2117 4003 2204 4042 re-

639 4061 802 4116 medii
831 4062 1058 4127 invenit,
1083 4080 1191 4134 quo
1221 4081 1286 4120 ex
1311 4067 1476 4123 rebus
1503 4075 1612 4122 tam
1639 4072 1854 4127 alllictis
1881 4086 2201 4147 emergeret,

639 4165 698 4205 nt
726 4154 975 4222 pernices
1008 4155 1274 4211 columbae
1301 4159 1417 4214 alas
1447 4171 1771 4227 assumeret,
1807 4174 1862 4219 et
1921 4167 1975 4220 in
2035 4169 2203 4223 altum

641 4258 762 4298 sese
794 4245 1027 4308 tolleret.
1074 4254 1128 4300 et
1174 4248 1227 4300 in
1286 4263 1352 4302 eo
1409 4249 1528 4304 loco
1585 4255 1824 4308 volatum
1888 4257 2110 4313 sisteret
2143 4276 2207 4316 ac

640 4334 1075 4401 conquiesceret,
1102 4336 1253 4405 quia
1294 4340 1453 4394 malis
1497 4343 1749 4398 omnibus
1794 4360 2043 4412 securus,
2081 4364 2207 4418 per-

643 4431 806 4492 petuo
835 4424 1195 4480 divinioribus
1229 4427 1391 4482 rebus
1415 4430 1765 4487 circumﬂuit.
1798 4432 1980 4505 lnquit
2009 4440 2154 4494 enim
2189 4457 2204 4495 :

646 4533 668 4564 ‹
712 4513 884 4568 Mansi
916 4515 1329 4580 in'solitudine,
1388 4537 1408 4570 ι
1463 4527 1521 4573 ιιι
1570 4522 1640 4576 ibi
1675 4538 1704 4576 a
1764 4527 2210 4596 pusillanimitate

2276 2047 2609 2118 παλαίστραν
2641 2049 3004 2118 κρατήσωσιν,
3047 2049 3160 2103 ἀλλ’
3186 2051 3512 2122 αὐξηθείσης
3539 2053 3706 2116 αὐτοῖς
3726 2055 3810 2124 τῆς

2274 2141 2572 2211 δυνάμεως,
2613 2141 2748 2212 πρὸς
2778 2141 3025 2211 μείζονάς
3054 2160 3114 2194 τε
3148 2144 3241 2196 καὶ
3300 2144 3667 2214 ἰσχυροτέρους
3703 2146 3810 2198 ἀντ-

2276 2232 2580 2301 αγωνιστὰς
2597 2231 2935 2296 ἀποδύονται,
2958 2233 3058 2287 κᾶν
3074 2233 3298 2301 ἐκείνων
3319 2235 3671 2305 κρατήσωσιν,
3694 2235 3812 2288 κατὰ

2276 2325 2385 2378 τῶν
2422 2325 2792 2395 ὑπερεχόντων
2827 2325 3145 2393 κονίζονται,
3185 2327 3418 2381 πάντοτε
3454 2331 3515 2398 τῇ
3562 2328 3810 2399 προσθήκῃ

2276 2421 2376 2488 τῆς
2413 2418 2691 2487 δυνάμεως
2737 2417 3082 2489 καταλλήλως
3116 2418 3248 2489 πρὸς
3287 2420 3414 2482 τοὺς
3452 2419 3812 2490 δυνατωτέρους

2278 2511 2386 2565 τῶν
2416 2511 2720 2564 ἀντιπάλων
2759 2511 3179 2581 ἀγωνιζόμενοι·
3222 2511 3376 2566 κατά
3415 2511 3502 2564 τὸν
3542 2511 3690 2564 αὐτὸν
3715 2511 3816 2582 τρό-

2280 2620 2400 2667 πον,
2433 2603 2526 2656 καὶ
2546 2604 2574 2654 ό
2597 2602 2684 2655 διὰ
2711 2601 2977 2655 τοσούτων
3000 2605 3116 2666 ταῖς
3139 2603 3277 2656 κατά
3303 2603 3420 2656 τῶν
3453 2602 3650 2674 ὲχθρῶν
3668 2601 3819 2665 νίκαις

2282 2695 2694 2767 ὲγγυμνασθεὶς.
2729 2694 3129 2766 ἐπισημοτέρας
3158 2693 3256 2757 τὰς
3275 2693 3442 2758 νίκας
3464 2693 3658 2748 ἑαυτῶν
3677 2695 3815 2755 ποιεῖ,

2284 2787 2419 2858 πρὸς
2447 2788 2572 2848 τοὺς
2602 2785 3028 2856 ἐπισημοτέρους
3058 2801 3117 2836 τε
3165 2785 3259 2837 καὶ
3295 2785 3551 2854 μείζονας
3589 2785 3688 2837 τῶν
3715 2784 3822 2837 ἀντ-

2283 2877 2595 2945 αγωνιστῶν
2618 2877 3077 2947 συμπλεκόμενος.
3108 2876 3216 2928 Καὶ
3246 2874 3332 2928 διὰ
3359 2875 3510 2929 τοῦτο
3534 2874 3820 2946 προσκαλεί-

2283 2986 2372 3022 ται
2400 2969 2498 3040 τὴν
2524 2969 2692 3039 ἀκοὴν
2719 2967 2811 3021 τοῦ
2837 2967 3192 3036 ἀγωνοθέτου,
3220 2966 3430 3035 λέγων·
3456 2987 3472 3016 ι
3495 2966 3769 3030 Ἐνώτισον,
3788 2957 3824 3015 ὦ

2285 3045 2436 3128 Θεὸς,
2456 3062 2553 3131 τὴν
2580 3061 2888 3134 προσευχήν
2913 3077 3036 3131 μου,
3058 3060 3152 3113 καὶ
3178 3059 3251 3130 μὴ
3277 3058 3541 3130 ύτεερίδῃς
3559 3059 3647 3129 τὴν
3671 3055 3824 3126 δέησίν

2291 3172 2412 3225 μου.
2445 3173 2463 3205 ι
2502 3153 2613 3206 Καὶ
2653 3154 2936 3223 προσέχειν
2965 3151 3126 3205 αὑτοῦ
3161 3154 3225 3222 τῇ
3269 3149 3501 3220 ἀθλήσει
3537 3145 3822 3219 παρακαλεῖ,

2295 3270 2312 3296 ι
2346 3245 2582 3317 Πρόσχες
2625 3261 2734 3314 μοι,
2793 3263 2811 3296 ι
2861 3243 3056 3313 λέγων,
3099 3262 3118 3295 ι
3167 3245 3259 3297 καὶ¹
3309 3242 3623 3296 εἰσάκουσόν
3667 3256 3821 3310 μου.»

2293 3336 2760 3412 Καὶκύποδείκνυσι
2788 3335 2876 3388 διὰ
2909 3335 3192 3411 τοῇμλόγου
3229 3334 3594 3403 τῷνῂάγώνων
3618 3333 3728 3392 τοὺς

2293 3412 2797 3498 νουςίλύπτῖνψῖαὶ
2825 3427 3156 3497 ἀδολεσχίαν,
3207 3427 3300 3480 καὶ
3340 3417 3828 3497 ταραχὴνὶᾶρδίαξ,

2295 3518 2599 3592 καϊιρωνὴν
2634 3520 2848 3592 ἐχθροῦ,
2885 3521 2979 3575 καὶ
3011 3520 3187 3590 θλίψιν
3221 3518 3551 3590 ἁμαρτωλοῦ
3581 3515 3832 3587 διηγούμε·

2296 3629 2404 3675 νος,
2427 3607 2536 3666 οἷόν
2563 3630 2682 3664 τινα
2713 3613 3038 3684 κρατήματα
3070 3612 3446 3683 παλαιστρεκά
3479 3607 3834 3678 καταγινόμενα

2299 3703 2448 3774 παρὰ
2475 3703 2580 3755 τῶν
2610 3702 3121 3772 ἀνταγωνιζομένων
3149 3701 3297 3772 αὐτῷ
3322 3703 3406 3773 τῷ
3431 3699 3716 3770 ἁγωνοθέτῃ
3739 3700 3834 3750 ἐπι-

2298 3791 2660 3860 δεικνύμενος.
2689 3792 2797 3844 Καὶ
2835 3791 2912 3844 ἔτι
2949 3791 3084 3862 πρὸς
3112 3790 3324 3854 τούτοις
3352 3790 3576 3862 καρδίας
3600 3786 3830 3858 ταραχὴν.

2301 3883 2393 3933 καὶ
2419 3881 2616 3934 δειλίαν
2649 3879 2899 3943 θανάτου,
2930 3882 3025 3933 καὶ
3058 3881 3237 3950 φόϐον,
3271 3882 3369 3934 καὶ
3406 3881 3619 3952 τρόμον,
3657 3878 3738 3931 καὶ
3759 3875 3832 3938 ζό-

2304 3989 2401 4042 φον
2441 3971 2537 4042 τὴν
2567 3970 2710 4043 ζωὴν
2757 3971 2920 4025 αὐτοῦ
2953 3973 3132 4024 πᾶσαν
3174 3971 3513 4037 διαλαϐόντα,
3541 3963 3610 4024 ὧν
3647 3969 3836 4022 πάντων

2307 4061 2434 4130 μίαν
2465 4059 2705 4112 ἐπίνοιαν
2751 4059 2947 4131 εὕρατο
2978 4059 3114 4130 πρὸς
3155 4059 3216 4112 τὸ
3243 4061 3490 4130 κρεῖττόν
3526 4077 3583 4113 τε
3611 4060 3696 4113 καὶ
3720 4054 3836 4111 ἀνώ-

2303 4169 2459 4224 τερον
2489 4153 2584 4221 τῆς
2609 4149 2873 4220 τοσαύτης
2895 4149 3123 4219 συνοχῆς
3149 4149 3505 4218 γενέσθαι,τὸ
3531 4147 3836 4222 πτερωθῆναι

2306 4243 2467 4297 αὑτὸν
2505 4245 2618 4305 τοῖς
2652 4241 2753 4311 τῆς
2788 4240 3114 4311 περιστερᾶς
3157 4240 3513 4312 ὠκυπτέροις,
3543 4241 3630 4294 καὶ
3668 4237 3839 4308 patag-

2308 4351 2420 4388 σιον
2447 4335 2732 4404 γενόμενον
2758 4335 2871 4387 ἐκεῖ
2901 4335 3106 4388 παῦσαι
3144 4335 3244 4406 τὴν
3273 4338 3472 4406 πτῆσιν
3494 4337 3550 4386 ὲν
3582 4334 3754 4402 ἐκείνῳ
3775 4328 3841 4400 τῷ

2307 4425 2474 4494 τόπῳ,
2503 4423 2561 4485 ὃς
2592 4422 2699 4474 τῶν
2727 4423 2912 4476 κακῶν
2937 4424 3152 4476 πάντων
3179 4421 3382 4492 ἔρημος
3411 4420 3505 4486 ὢν,
3539 4420 3697 4489 θαλής
3718 4419 3842 4470 ἐστιν

2307 4518 2420 4579 τοῖς
2464 4516 2772 4587 θειοτέροις.
2807 4534 2828 4564 ‹
2857 4512 3137 4576 Δύλισθεὶς
3178 4531 3197 4564 ι
3246 4512 3378 4583 γὰρ,
3427 4513 3606 4581 φησὶν,
3639 4529 3658 4562 ι
3692 4511 3743 4561 ἐν
3786 4506 3843 4575 τῇ

643 4606 873 4676 spiritus
905 4623 1025 4676 qua:
1056 4608 1108 4661 in
1141 4618 1308 4676 terra,
1343 4618 1396 4664 et
1441 4626 1470 4664 a
1506 4615 1760 4682 procellis
1819 4624 2191 4677 tentationum.

2313 4609 2501 4679 ἐρήμῳ
2537 4627 2554 4658 ι
2584 4609 2691 4661 ἀπὸ
2715 4608 2813 4678 τῆς
2841 4610 2989 4660 κάτω
3015 4604 3379 4674 ὀλιγοψυχίας,
3403 4605 3495 4657 καὶ
3517 4604 3619 4656 ἀπὸ
3640 4603 3730 4670 τῆς
3753 4598 3846 4689 τῶν

647 4698 743 4752 Dei
767 4713 888 4768 ope,
918 4717 1185 4768 servarer,
1211 4704 1300 4756 ubi
1328 4708 1605 4761 evanescit
1626 4710 1803 4764 omnis
1826 4713 2049 4766 malitia.
2076 4714 2210 4769 Nam

648 4793 1008 4862 praecipitatio
1065 4795 1117 4848 in
1160 4811 1328 4861 mare,
1363 4799 1708 4854 abolitionem
1760 4812 1812 4857 et
1847 4805 2212 4863 interitionem

649 4881 936 4949 signiﬁcat.
973 4881 1110 4947 Quia
1162 4900 1324 4939 omne
1371 4886 1522 4948 illud,
1582 4889 1725 4958 quod
1791 4891 1844 4944 in
1884 4893 2212 4962 profundum

646 4971 1000 5041 demergitur,
1064 4979 1361 5038 evanescit.
1402 4987 1455 5032 et
1482 4994 1547 5032 ex
1582 4991 1875 5050 conspectu
1931 4983 2212 5039 hominum

648 5063 888 5132 eripitur
913 5081 927 5129 ;
960 5065 1274 5120 submersio
1309 5068 1473 5136 igitur
1500 5079 1551 5124 et
1578 5074 1845 5140 pernicies
1873 5079 2100 5144 peccati,
2132 5084 2216 5132 est

649 5156 938 5209 dissolutio
980 5159 1353 5213 concretiouis
1385 5163 1615 5228 peccati.
1653 5163 1944 5234 Propterea
1977 5168 2130 5232 dicit,
2183 5184 2213 5223 a

649 5248 760 5302 Deo
794 5248 1120 5317 prmcipitari
1152 5250 1411 5304 malitiam
1441 5252 1494 5306 in
1534 5269 1702 5316 mare,
1734 5272 1855 5309 cum
1891 5257 2086 5312 dividit
2117 5261 2216 5314 lin-

649 5357 786 5409 guas
837 5354 1024 5392 eorum
1073 5339 1164 5408 qui
1227 5340 1278 5392 in
1338 5342 1484 5395 malo
1536 5346 1873 5414 conspirant.
1911 5349 2027 5401 Alia
2083 5351 2211 5405 item

652 5432 837 5484 omnia
864 5446 985 5500 quae
1014 5431 1069 5484 in
1098 5431 1288 5486 ordine
1321 5434 1564 5502 psalmus
1603 5436 1867 5501 continet,
1907 5449 1964 5492 ut
1997 5451 2078 5493 est
2117 5442 2214 5495 de-

653 5523 877 5591 scriptio
910 5522 1148 5576 civitatis
1182 5524 1437 5579 habitatae
1467 5539 1497 5578 a
1531 5528 1687 5581 malis
1719 5536 1772 5582 et
1804 5531 1987 5598 pravis
2015 5533 2213 5587 studiis

653 5620 708 5666 et
736 5613 1021 5680 institutis,
1053 5613 1244 5670 eodem
1275 5618 1569 5686 pertinent.
1614 5602 1822 5674 Refert.
1855 5621 1999 5675 enim
2041 5625 2214 5680 malos

659 5701 823 5770 hujus
843 5701 1083 5762 civitatis
1113 5705 1341 5774 incolas,
1371 5707 1714 5780 iniquitatem
1749 5711 1980 5780 scilicet,
2010 5723 2064 5770 et
2082 5728 2212 5770 con-

734 5861 783 5894 ὀ
831 5863 972 5919 Psal.
1016 5882 1123 5932 Liv,
1154 5867 1206 5920 2.

2314 4697 2636 4768 πειρασμῶν
2673 4695 3003 4762 καταιγίδος,
3035 4695 3149 4746 ἐκεῖ
3199 4693 3586 4762 προσδέξασθαι
3623 4690 3708 4744 τοῦ
3732 4685 3847 4741 Θεοῦ

2313 4788 2409 4861 τὴν
2441 4789 2731 4860 σωτηρίαν,
2763 4789 2893 4842 ὅπου
2924 4786 3298 4858 ἀφανίζεταιὴ
3330 4787 3517 4840 κακία.
3557 4787 3612 4839 '0
3638 4783 3738 4854 γὰρ
3765 4799 3850 4870 κα-

2312 4882 2674 4952 ταποντισμδς
2719 4882 2809 4934 τὸν
2838 4879 3139 4948 ἀφανισμὸν
3163 4880 3453 4949 ὲρμηνεύει
3476 4895 3491 4909 ·
3521 4879 3647 4930 διότι
3683 4879 3780 4929 πᾶν
3801 4874 3851 4925 τὸ

2315 4977 2373 5028 ὲν
2396 4974 2540 5045 βυθῷ
2571 4973 2810 5043 γεγονὸς,
2833 4970 3167 5042 ἀφανίζεται.
3194 4971 3466 5043 Βυθισμὸς
3493 4966 3584 5024 οὗν
3610 4967 3851 5039 ἁμαρτίας

2315 5068 2431 5120 ἐστὶ
2468 5067 2562 5120 καὶ
2589 5064 2852 5130 ἀπώλεια,
2886 5067 2919 5136 ἡ
2941 5063 3036 5117 τοῦ
3066 5064 3396 5126 συνεστῶτος
3419 5064 3516 5134 τῆς
3543 5062 3728 5123 κακίας
3751 5059 3852 5112 διὰ-

2315 5158 2488 5221 λυσις.
2519 5157 2617 5211 Διὰ
2666 5157 2822 5211 τοῦτό
2869 5174 3000 5228 φησι
3047 5155 3533 5220 καταποντίζεσθαι
3589 5154 3728 5224 παρὰ
3772 5150 3851 5204 τοῦ

2317 5252 2451 5304 Θεοῦ
2479 5251 2538 5305 τὸ
2582 5252 2750 5304 κακὸν
2795 5254 2852 5304 ὲν
2884 5250 2961 5322 τῷ
3002 5249 3460 5320 καταδιαιρεῖσθαι
3507 5249 3604 5311 τὰς
3636 5247 3853 5314 γλώσσας

2319 5343 2427 5396 τῶν
2455 5343 2548 5394 ἐπὶ
2581 5342 2734 5412 κακῷ
2781 5341 3245 5413 συμφρονούντων.
3280 5339 3382 5391 Καὶ
3421 5339 3521 5392 ὃσα
3562 5338 3744 5407 ἐφεξῆς
3774 5352 3852 5388 πει

2327 5435 2492 5506 ριέχει
2507 5437 2539 5504 ἠ
2556 5435 2651 5503 τῆς
2663 5434 2978 5505 ψαλμῳδίας
2995 5433 3194 5503 ταύτης
3211 5432 3437 5495 διάνοια,
3458 5431 3554 5501 τὴν
3566 5431 3661 5497 τῆς
3676 5430 3853 5486 πόλεως

2325 5526 2664 5597 ὑπογραφὴν,
2683 5527 2780 5596 τὴν
2799 5525 2903 5578 ὑπὸ
2913 5525 3020 5578 τῶν
3043 5541 3174 5594 πονη
3185 5522 3290 5592 ρῶν
3306 5522 3731 5618 ἐπιτηδευμάτων
3746 5533 3852 5618 συνῖ

2325 5618 2656 5690 ῳκισμένην,
2681 5617 2855 5670 πάντα
2876 5615 3012 5686 πρὸς
3035 5615 3094 5666 τὸ
3109 5613 3239 5668 αὐτὸ
3263 5613 3465 5680 βλέπει.
3480 5612 3634 5677 Λέγει
3655 5609 3752 5676 γὰρ
3773 5609 3853 5656 καὶ

2320 5709 2710 5782 ἁπαριθμεῐται
2746 5709 2870 5773 τοὺς
2893 5707 3096 5770 κακοὺς
3131 5706 3229 5776 τῆς
3257 5702 3460 5767 πόλεως
3489 5701 3681 5771 ταύτης
3721 5697 3849 5762 olli;-
