4044 6524
299 476 401 534 6‘75

1702 478 1767 534 IN
1807 480 2139 538 PSALMOS.

3430 474 3534 528 576

296 613 480 668 τορας,
517 595 747 666 ἀνομίαν
789 594 960 664 λέγων
997 595 1091 648 καὶ
1134 595 1436 665 ἀντιλογίαν
1476 597 1537 650 ὲν
1578 599 1644 670 τῇ
1712 597 1864 653 πόλει

1971 598 2373 661 tradictionem,
2407 610 2529 667 quae
2562 603 2727 651 noctu
2752 593 2991 649 civitatis
3043 606 3232 647 muros
3288 592 3532 647 circum-

296 688 381 740 διὰ
418 686 610 749 νυκτὸς
666 685 1065 755 περιπολούσας
1108 686 1169 738 τὸ
1199 689 1395 757 τεῖχος,
1428 686 1523 741 καὶ
1562 686 1721 740 πάλιν
1747 688 1868 740 ἀνο-

302 781 447 851 μίαν,
482 779 577 831 καὶ
604 778 793 839 κόπον,
831 779 926 831 καὶ
970 778 1181 831 ἀδικίαν
1216 780 1656 849 ἀνατρεφομένας
1694 780 1753 831 ὲν
1788 779 1866 851 τῷ

302 872 447 942 μέσῳ
472 870 569 923 τοῦ
600 871 804 941 ἄστεος.
846 868 1090 922 Δείκνυσι
1127 870 1184 923 δὲ
1222 871 1315 924 καὶ
1347 870 1438 924 τὸν
1470 870 1635 924 κακὸν
1674 871 1863 941 δῆμον,

298 957 385 1011 τὸν
408 958 509 1019 τὰς
532 957 793 1020 πλατείας
828 956 999 1025 αὑτῆς
1035 957 1343 1027 πληροῦντα
1364 976 1378 990 ο
1405 960 1684 1029 ὀνομάζων
1711 962 1866 1015 τόκον

299 1048 387 1103 καὶ
431 1048 621 1101 δόλον⁶
654 1048 746 1101 καὶ
791 1047 994 1102 τούτων
1029 1049 1138 1101 τῶν
1186 1049 1489 1120 εἰρημένων
1541 1052 1754 1106 πάντων
1806 1053 1866 1106 τὸ

300 1138 620 1211 βαρύτατον,
655 1140 754 1209 τὴν
778 1140 1062 1210 ὑπόκρισιν
1091 1136 1229 1194 εἶναι
1266 1141 1434 1211 λέγει,
1460 1143 1493 1213 ἢ
1524 1141 1585 1195 τὸ
1617 1143 1866 1213 ίσόψυχόν

296 1247 352 1281 τε
387 1229 483 1282 καὶ
512 1229 852 1299 ἀγαπητικὸν
895 1230 1230 1301 ὑποδυομένη
1274 1233 1480 1302 σχῆμα,
1512 1233 1740 1303 κρύπτει
1773 1235 1865 1287 τὸν

296 1322 442 1375 δόλον
484 1322 563 1393 τῷ
603 1321 822 1393 χρηστῷ
855 1323 1297 1394 προκαλύμματι.
1335 1325 1433 1378 Διὰ
1484 1325 1641 1379 τοῦτο
1685 1327 1864 1392 ἀξίους

295 1415 399 1467 τῶν
426 1414 685 1467 τοιούτων
713 1414 935 1467 ἐνοίκιον
967 1416 996 1468 ό
1027 1415 1231 1480 δίκαιος
1256 1418 1447 1488 κριτὴς
1468 1420 1593 1482 τοὺς
1617 1418 1866 1482 ἐποίκους

295 1506 595 1575 ὲκπέμπει.
628 1505 813 1558 Βούλει
835 1504 1034 1581 μαθεῖν
1067 1508 1136 1559 τὰ
1163 1508 1273 1561 τῶν
1308 1509 1562 1562 ὲποικίων
1594 1510 1860 1580 ὀνόματα;

300 1614 319 1649 ι
354 1596 616 1661 Ἐλθέτιο›,
651 1614 669 1647 ι
694 1598 878 1666 φησὶν,
916 1614 934 1647 ι
970 1596 1195 1661 θάνατος
1221 1600 1307 1651 ἐπ’
1327 1600 1544 1663 αὑτοὺς,
1565 1601 1659 1653 καὶ
1693 1618 1863 1654 κατα-

296 1688 548 1757 σήτωσαν
570 1688 647 1750 είς
676 1687 802 1758 ᾂδου
834 1687 1050 1751 ζῶντες.
1084 1708 1103 1741 ι
1128 1691 1237 1742 Καὶ
1258 1691 1431 1744 πάντα
1456 1693 1581 1761 περὶ
1601 1692 1777 1744 αὑτῶν
1798 1693 1864 1746 τὰ

294 1778 598 1847 σκυθρωπά
616 1777 702 1831 διὰ
718 1776 809 1830 τοῦ
842 1779 999 1847 λόγου
1026 1779 1371 1848 παραδείξας,
1395 1782 1588 1849 ἐπάγει
1612 1783 1710 1853 τὴν
1731 1782 1861 1851 γλυ-

292 1871 445 1921 κείαν
461 1869 678 1937 ἐκείνην
696 1867 897 1938 φωνὴν,
923 1870 980 1921 ὲν
1062 1871 1153 1921 καὶ
1173 1868 1419 1939 νενίκηκε
1435 1872 1532 1940 τὴν
1549 1871 1699 1925 πόλιν
1714 1871 1861 1942 αὑτῷ

1973 697 2143 755 eunt;
2185 703 2377 742 rursus
2404 686 2767 756 iniquitatem,
2812 693 2865 740 et
2899 686 3162 748 laborem,
3210 690 3266 743 et
3318 684 3533 751 injusti-

1973 781 2101 834 tiam
2134 781 2427 834 enutritam
2462 779 2517 831 in
2544 777 2723 831 medio
2751 777 3025 831 civitatis:
3065 776 3303 830 ostendit
3333 782 3387 828 et
3433 774 3535 828 im-

1972 867 2203 938 probum
2244 865 2502 936 populum
2546 867 2637 934 qui
2671 865 2879 934 plateas
2916 865 3035 932 ejus
3086 866 3341 934 complet,
3371 878 3532 932 quem

1972 960 2222 1015 nominat
2248 972 2469 1013 usuram
2534 965 2589 1011 et
2645 956 2851 1023 dolum,
2883 974 2979 1013 seu
3007 956 3273 1018 fraudem,
3306 965 3362 1011 et
3413 969 3534 1025 qua:

1972 1052 2216 1105 omnium
2261 1049 2585 1121 gravissima
2623 1051 2793 1120 pestis
2845 1059 2949 1115 est,
3012 1049 3367 1120 liypocrisim,
3414 1061 3534 1118 quae

1973 1142 2141 1196 animi
2172 1141 2589 1195 consensionem
2645 1148 2698 1194 et
2728 1138 3074 1193 dilectionem
3132 1138 3318 1193 habitu
3355 1137 3532 1191 simu—

1975 1236 2114 1296 lans,
2152 1232 2394 1287 fraudem
2423 1232 2652 1301 pulchro
2684 1239 2994 1301 legumento
3035 1230 3213 1285 velat:
3245 1236 3530 1299 pr0pterea

1973 1327 2170 1397 dignos
2192 1324 2502 1395 hujusmodi
2536 1324 2730 1379 incolis
2762 1324 2931 1377 mittit
2957 1323 3141 1392 justus
3177 1321 3341 1390 judex
3379 1319 3536 1373 adve-

1970 1433 2090 1473 nas.
2124 1416 2219 1473 Vis
2251 1416 2392 1471 scire
2419 1431 2667 1486 quaenam
2705 1415 2817 1469 sint
2859 1416 3051 1469 horum
3081 1421 3411 1469 advenarum
3439 1427 3535 1466 no-

1971 1510 2160 1566 mina?
2186 1528 2204 1561 ι
2251 1507 2441 1563 Veniat
2474 1524 2621 1562 mors
2654 1523 2819 1576 super
2849 1506 2991 1566 illos.
3033 1514 3088 1560 et
3119 1503 3451 1559 descendant
3478 1503 3533 1556 in

1972 1601 2244 1656 infernum
2267 1600 2571 1655 viventes.»
2588 1601 2836 1669 Cumque
2856 1599 3037 1653 omnia
3066 1598 3242 1652 tristia
3268 1604 3322 1651 et
3342 1610 3537 1665 aspera

1970 1692 2106 1762 ipsis
2131 1699 2389 1747 eventura
2420 1689 2873 1752 demonstrasset,
2923 1689 3107 1744 emisit
3139 1688 3353 1742 dulcem
3386 1686 3532 1740 illam

1968 1799 2153 1837 vocem
2175 1823 2189 1847 ,
2225 1798 2331 1851 qua
2366 1789 2420 1836 et
2456 1782 2728 1835 civitatem
2759 1781 2912 1849 illam.
2941 1794 3062 1834 cum
3104 1786 3218 1833 tota
3259 1792 3358 1835 sua
3396 1777 3536 1831 mul-

1970 1874 2200 1928 titudine
2226 1873 2397 1928 vicit:
2433 1891 2451 1924 ‹
2489 1872 2600 1942 Ego
2629 1879 2808 1927 autem
2852 1873 2906 1925 in
2946 1880 2998 1927 te
3031 1871 3284 1942 sperabo.
3321 1889 3340 1923 ι
3395 1869 3536 1924 Tur-

292 1959 647 2031 πληρώματι,
674 1960 919 2028 λέγων’(
967 1959 1107 2029 Ἐγὼ
1142 1960 1198 2013 δὲ
1232 1962 1401 2013 ὲλπιῶ
1440 1963 1532 2014 ἐπὶ
1565 1962 1645 2015 σέ.
1677 1983 1694 2015 ι
1724 1965 1864 2034 Πλή-

1966 1965 2088 2019 bam
2141 1980 2271 2018 vero
2325 1964 2560 2017 civitatis
2623 1965 2872 2017 nominat
2912 1964 3060 2016 viros
3114 1961 3438 2033 sanguinum
3478 1973 3533 2016 et

292 2070 453 2125 ρωμα
490 2052 549 2105 δὲ
580 2052 728 2121 λέγει
755 2053 852 2124 τῆς
878 2053 1082 2116 πόλεως
1118 2054 1340 2123 ταύτης,
1368 2054 1563 2123 ἄνδρας
1592 2055 1861 2125 αἱμάτων,

288 2144 385 2196 καὶ
410 2142 737 2213 δολιότητος,
764 2144 889 2205 τοὺς
913 2142 1061 2196 οὐδὲν
1085 2139 1219 2208 εἶδος
1249 2146 1487 2214 πονηρᾶς
1513 2145 1723 2216 ἡμέρας
1745 2149 1866 2216 ἡμι-

291 2234 571 2299 σεύοντας,
601 2235 723 2289 οὑδὲ
746 2236 911 2306 ἀτελῆ
943 2236 1042 2306 τὴν
1074 2238 1337 2307 πονηρίαν
1368 2237 1867 2309 ἐπιδεικνυμένους,

290 2326 405 2378 ἀλλ’
476 2328 537 2379 ὲν
572 2326 652 2395 τῷ
684 2325 838 2396 κακῷ
865 2327 926 2380 τὸ
947 2327 1148 2379 τέλειον
1178 2328 1415 2397 ἔχοντας,
1442 2322 1515 2381 ὧν
1539 2328 1752 2382 πάντων
1790 2348 1865 2382 νι-

291 2417 464 2487 κητὴς
496 2416 707 2485 γίνεται
744 2419 810 2488 τῇ
850 2418 948 2488 μιᾷ
970 2416 1141 2490 ταύτῃ
1166 2419 1338 2487 φωνῇ,
1373 2410 1432 2468 οὗ
1474 2418 1573 2487 τὴν
1608 2417 1743 2486 πρὸς
1773 2418 1864 2469 τὸν

288 2508 422 2561 Θεὸν
456 2508 795 2580 καταμηνύει
828 2509 1087 2575 διάθεσιν,
1132 2509 1302 2577 λέγων
1327 2525 1340 2538 ’
1373 2527 1391 2561 ι
1443 2508 1582 2577 Ἐγὼ
1609 2509 1665 2561 δὲ
1696 2509 1864 2562 ἐλπιῶ

289 2599 382 2653 ἐπὶ
415 2602 495 2654 σέ.
542 2620 562 2652 ι

810 2691 1206 2745 ΚΕΦΑΛΑΙΟΝ
1246 2693 1341 2745 ΙΔν.

361 2778 583 2843 Τούτοις
611 2779 853 2833 ἐπελθὼν
890 2784 1002 2844 τοῖς
1025 2782 1288 2853 νοήμασιν
1324 2783 1352 2835 6
1376 2780 1678 2851 φιλόπονος,
1706 2779 1865 2844 αὐτὸς

290 2872 587 2941 ἀναγνώτω
626 2873 695 2927 τά
740 2872 1070 2927 θεόπνευστα
1109 2875 1208 2944 τῆς
1254 2873 1571 2944 ψαλμῳδίας
1622 2873 1861 2943 ῥήματα,

287 2966 363 3029 ὡς
390 2969 454 3020 ἀν
481 2967 557 3038 μὴ
585 2968 650 3020 δι’
679 2968 834 3038 ἡμῶν
858 2968 1011 3038 ὄχλος
1033 2970 1403 3039 ὲπεισαχθείη,
1430 2968 1506 3039 τῷ
1528 2970 1703 3022 πάντα
1724 2967 1864 3021 κατά

289 3056 431 3120 λέξιν
488 3057 824 3127 ὲκτιθεμένῳ
874 3059 966 3110 καὶ⁵
1020 3059 1310 3128 μηκύνοντι
1358 3060 1457 3129 τὴν
1512 3061 1597 3130 ἐφ’
1649 3059 1863 3129 ἑκάστῳ

288 3152 528 3219 νοήματι
573 3149 822 3220 θεωρίαν,
860 3152 1068 3222 ’Ὠσπερ
1102 3152 1159 3204 δὲ
1205 3155 1253 3205 οί
1303 3152 1400 3224 τὴν
1443 3154 1694 3224 ἀνωφερῆ
1770 3152 1865 3206 καὶ

285 3240 654 3311 δυσπόρευτον
705 3241 821 3294 ὁδὸν
871 3243 1132 3307 ἀνιόντες,
1177 3241 1304 3296 ὅταν
1356 3245 1557 3315 μεταξὺ
1596 3244 1861 3315 καθέδρας

286 3331 431 3393 τινὸς
463 3332 817 3401 ἐπιτυχόντες
851 3332 913 3384 τὸ
937 3331 1069 3386 πολύ
1100 3350 1156 3384 τε
1181 3334 1274 3386 καὶ
1304 3332 1548 3385 σύντονον
1568 3332 1660 3386 τοῦ
1693 3333 1861 3386 κόπου

288 3424 696 3491 ἀναπαύσωσιν,
738 3423 897 3477 πάλιν
928 3424 1029 3494 τῆς
1074 3424 1353 3494 δυνάμεως
1387 3426 1567 3488 αὐτοῖς
1613 3426 1863 3496 ἀναρρω-

288 3515 533 3584 σθείσης,
570 3516 706 3586 πρὸς
734 3517 829 3587 τὴν
855 3516 1035 3568 ἄνοδον
1061 3516 1168 3568 τῶν
1199 3516 1606 3586 ὑπερκειμένων
1643 3516 1863 3579 ἑαυτοὺς

286 3608 701 3677 ἑπεγείρουσίν·
756 3607 927 3670 οὓτως
973 3608 1065 3660 καὶ
1097 3610 1124 3661 6
1174 3608 1271 3678 τῆς
1309 3610 1507 3678 ἀρετῆς
1563 3608 1859 3678 όδοιπόρος,

285 3692 349 3751 οὗ
372 3699 443 3751 τά
464 3698 779 3769 διαδήματα
808 3702 949 3751 νῖκαι
975 3699 1112 3751 κατὰ
1136 3698 1243 3751 τῶν
1269 3700 1575 3753 ἀντιπάλων
1606 3700 1761 3763 εἰσὶν,
1788 3700 1861 3765 ὡς

286 3791 325 3859 ἡ
355 3791 637 3861 ἐπιγραφὴ
663 3788 757 3841 τοῦ
790 3788 1150 3860 παρελθόντος
1191 3789 1541 3860 μαρτύρεται,
1571 3794 1636 3861 τῇ
1668 3808 1864 3861 κατορ-

287 3882 455 3935 θώσει
488 3884 557 3951 τῇ
584 3883 708 3953 νίκῃ
734 3883 921 3935 ἑαυτὸν
946 3881 1200 3944 τονώσας,
1227 3881 1387 3935 πάλιν
1412 3882 1547 3954 πρὸς
1572 3884 1669 3954 τὴν
1703 3884 1865 3955 ὑπερ⁴

287 3976 558 4046 κειμένην
592 3975 940 4028 συντείνεται.
984 3976 1240 4048 Μεγάλης
1268 3976 1376 4047 γὰρ
1405 3975 1572 4047 οὔσης
1617 3977 1709 4028 καὶ
1731 3976 1865 4029 ταύ-

284 4083 385 4136 της
412 4066 515 4136 τῆς
542 4061 882 4137 ἀγωνίας,ῆς
902 4066 960 4118 ἐν
985 4065 1062 4136 τῷ
1079 4066 1498 4137 μνημονευθέντι
1524 4066 1719 4137 ψαλμῷ
1742 4083 1865 4119 κατ-

286 4161 616 4233 εκράτησεν,
659 4158 855 4228 λύπης,
912 4159 1005 4211 καὶ
1059 4159 1405 4229 ἀδολεσχίας,
1456 4159 1549 4212 καὶ
1595 4159 1860 4230 ταραχῆς,

285 4252 492 4322 ἔχθρας
517 4267 577 4303 τε
606 4250 699 4303 καὶ
730 4249 900 4319 ἀκοῆς
924 4265 937 4277 ·
970 4248 1126 4301 τοῦτο
1164 4250 1270 4319 γάρ
1304 4252 1449 4303 ἐστιν
1478 4251 1510 4321 ἡ
1535 4250 1683 4322 φωνὴ
1709 4253 1740 4321 ὴ
1769 4250 1860 4302 τοῦ

285 4343 488 4413 ἐχθροῦ
508 4359 522 4373 ο
545 4342 758 4413 καὶτῆς
781 4344 843 4395 ὲκ
873 4341 979 4394 τῶν
1007 4342 1344 4412 ἁμαρτωλῶν
1374 4342 1625 4412 θλίψεως,
1653 4342 1863 4411 καὶτῆς

283 4437 398 4489 τῶν
448 4432 814 4504 ὲγκοτούντων
860 4433 1047 4504 ὀργῆς,
1089 4435 1155 4487 δι’
1189 4428 1260 4486 ὧν
1290 4434 1495 4502 γίνεται
1545 4435 1755 4504 ταραχή
1802 4450 1862 4484 τε

284 4527 549 4592 διανοίας,
568 4528 661 4579 καὶ
675 4525 843 4579 δειλία
859 4526 1106 4589 θανάτου,
1123 4526 1215 4578 καὶ
1229 4526 1409 4594 φόϐος,
1424 4526 1514 4578 κα)⁸
1532 4525 1749 4595 τρόμος,
1771 4524 1863 4577 καὶ

288 4622 518 4684 σκότος,
556 4621 650 4674 καὶ
686 4619 756 4673 τά
794 4618 1031 4672 τοιαῦτα.
1069 4620 1128 4671 '0
1162 4619 1339 4672 τοίνυν
1375 4618 1630 4670 τοιούτων
1673 4635 1731 4670 τε
1771 4620 1864 4671 καί⁷

285 4712 559 4765 τοσούτων
594 4710 877 4782 ὑπερσχὼν
902 4710 1225 4773 ἀντιπάλων,
1259 4712 1316 4762 ὲν
1354 4708 1431 4780 τῷ
1456 4709 1637 4780 πτερῷ
1663 4711 1760 4779 τῆς
1789 4710 1863 4773 ὼς

286 4802 623 4872 περιστερᾶς
651 4800 999 4869 ἐπιφανείσης
1022 4797 1097 4869 τῷ
1126 4800 1243 4869 βίῳ,
1270 4799 1362 4851 καὶ
1388 4799 1726 4868 μεταναστὰς
1756 4798 1864 4851 ἀπὸ

286 4894 398 4945 τῶν
429 4895 487 4945 ὲν
514 4895 581 4963 τῇ
618 4891 785 4961 κακίᾳ
819 4889 1243 4959 ὑλομανούντων,
1283 4891 1374 4943 ἐπὶ
1399 4891 1496 4960 τὴν
1530 4890 1734 4960 ἔρημον
1766 4890 1865 4961 τῆς

289 4984 558 5054 πονηρίας
587 4984 695 5035 τῶν
722 4983 973 5047 ζιζανίων
1010 4981 1262 5052 βλάστης,
1298 4982 1355 5034 ἐν
1390 4976 1433 5049 ᾧ
1470 4981 1677 5049 γίνεται
1706 4984 1738 5052 ή
1769 4999 1866 5034 κα-

287 5076 582 5139 τάπαυσις,
636 5073 713 5143 τῷ
762 5074 916 5127 πόλιν
962 5074 1088 5143 ὅλην
1142 5072 1248 5125 τῶν
1290 5073 1675 5142 ἀντικειμένων
1720 5071 1865 5143 αὑτῷ

288 5167 621 5238 πληρώματι
661 5164 772 5217 τῶν
802 5165 1160 5219 ἐποικούντων
1198 5165 1433 5235 νικῆσαι,
1463 5160 1531 5235 ἧς
1565 5165 1864 5234 οἰκήτορες,

290 5261 512 5331 ἀνομία,
539 5258 636 5311 καὶ
658 5258 843 5320 κόπος,
865 5260 955 5310 καὶ
984 5256 1279 5326 ἀντιλογία,
1311 5257 1467 5319 τόκος
1496 5273 1576 5319 τε,
1600 5256 1691 5309 καὶ
1721 5255 1867 5318 δόλος

292 5356 385 5406 καὶ
421 5352 671 5416 θάνατος,
715 5350 808 5404 καὶ
841 5350 985 5419 ζωῆς
1028 5351 1107 5412 είς
1142 5349 1270 5419 ᾅδου
1302 5348 1600 5411 κατάϐασις
1624 5364 1637 5377 ’
1687 5348 1869 5400 καὶτὸ

293 5445 512 5497 πάντων
565 5445 824 5496 κάκιστον
876 5441 1050 5509 γένος,
1107 5441 1214 5493 τῶν
1265 5442 1350 5493 ἀεὶ
1404 5440 1796 5493 κατοικούντων
1834 5441 1867 5510 ἡ

293 5537 605 5607 ὑπόκρισις,
640 5537 674 5606 ἡ
704 5538 769 5606 τῇ
800 5533 1017 5599 ἐνδείξει
1054 5535 1152 5605 τῆς
1179 5533 1480 5604 ὀμοψυχίας
1520 5534 1618 5604 τὴν
1657 5532 1873 5587 ἐπιϐου-

293 5627 391 5699 λὴν
417 5626 735 5705 ἐνεργοῦσα.
762 5627 871 5690 *Ης
901 5628 1161 5697 κρείττων
1187 5628 1391 5695 γίνεται
1421 5629 1449 5679 ὁ
1485 5626 1647 5678 παντὶ
1671 5625 1748 5695 τῷ
1774 5624 1873 5693 τῆς

298 5719 431 5783 ιδίας
464 5720 611 5790 ζωῆς
635 5721 813 5791 χρόνῳ
840 5720 1289 5791 συμπαρατείνων
1317 5719 1413 5790 τὴν
1437 5721 1514 5781 εἰς
1530 5718 1588 5771 τὸ
1605 5717 1756 5770 Θεῖον
1782 5733 1871 5768 πε-

260 5837 267 5855 ι
296 5811 572 5880 ποίθησιν.
606 5810 875 5882 Ἑσπέραν
895 5813 1002 5882 γὰρ
1025 5812 1117 5864 καὶ
1143 5813 1377 5882 πρωῖαν,
1404 5811 1497 5863 καὶ
1528 5808 1870 5880 μεσημϐρίαν

297 5902 489 5968 εἰπὼν,
521 5903 645 5956 ὅλον
693 5903 1088 5975 περιλαμϐάνει
1126 5903 1185 5957 τὸ
1216 5903 1515 5975 ἡμερήσιον
1571 5900 1787 5973 μέτρον,
1813 5902 1871 5953 ἐν

1963 2053 2292 2118 dolositatis,
2314 2053 2406 2123 qui
2440 2054 2642 2106 nullam
2672 2053 2905 2122 speciem
2934 2053 3063 2106 mali
3086 2052 3194 2107 diei
3224 2052 3531 2117 dimidiant,

1965 2162 2141 2216 neque
2193 2145 2560 2216 imperfectam
2610 2146 2871 2199 malitiam
2919 2160 3041 2200 esse
3085 2145 3308 2207 sinunt,
3340 2144 3435 2199 sed
3478 2144 3529 2196 in

1965 2237 2171 2290 malitia
2204 2252 2393 2290 omnes
2424 2251 2684 2290 numeros
2713 2236 2915 2289 habent
2951 2254 2963 2289 :
3008 2250 3238 2304 quorum
3286 2236 3529 2287 omnium

1964 2328 2136 2380 victor
2172 2328 2229 2379 lit
2255 2342 2362 2379 una
2394 2325 2483 2379 illa
2515 2341 2668 2390 voce,
2702 2340 2807 2395 qua
2841 2340 2995 2380 suam
3035 2341 3160 2394 erga
3195 2323 3363 2379 Deum
3397 2322 3531 2377 alie-

1963 2418 2195 2470 ctionem
2232 2416 2433 2487 prodit,
2473 2431 2596 2470 cum
2636 2414 2715 2468 ait
2747 2433 2759 2469 :
2807 2433 2827 2468 ι
2866 2414 2977 2486 Ego
3012 2424 3192 2469 autem
3235 2418 3291 2468 in
3327 2425 3377 2469 te
3411 2430 3531 2483 spe-

1964 2508 2116 2562 rabo.
2159 2528 2177 2561 ι

2554 2691 2783 2748 CAPUT
2810 2690 2952 2745 XIV.

2033 2783 2316 2839 Pracdictis
2345 2784 2601 2839 sensibus
2641 2785 2926 2845 insistens.
2960 2783 3273 2853 quicunque
3340 2780 3532 2834 harum

1965 2891 2145 2931 rerum
2168 2877 2453 2932 studiosus
2486 2885 2589 2938 est,
2638 2877 2755 2946 ipse
2794 2892 2894 2930 suo
2919 2875 3101 2931 studio
3150 2874 3414 2929 divinitus
3450 2873 3535 2926 in-

1965 2970 2167 3040 spirata
2205 2969 2519 3037 psalmodiae
2555 2968 2719 3037 hujus
2777 2968 2940 3021 verba
3000 2976 3322 3036 percurrat:
3383 2980 3454 3019 ne
3502 2980 3533 3017 a

1964 3061 2124 3115 nobis
2179 3059 2431 3114 conlusio
2472 3062 2656 3129 potius
2700 3058 3106 3123 introducatur,
3144 3058 3187 3113 si
3248 3058 3429 3111 nmnia
3465 3057 3529 3110 ad

1962 3153 2188 3207 verbum
2244 3166 2546 3221 exponam,
2610 3150 3148 3220 disputationemque
3210 3148 3265 3201 in
3341 3149 3533 3217 quovis

1965 3256 2130 3295 sensu
2167 3241 2382 3310 longius
2439 3240 2773 3309 protraham.
2830 3238 3298 3304 Quemadmodum
3352 3247 3530 3292 autem

1967 3334 2066 3393 illi,
2094 3332 2187 3402 qui
2220 3332 2489 3387 dilIicilem
2522 3344 2575 3388 et
2618 3333 2949 3402 praecipitem
3016 3332 3158 3385 viam
3205 3331 3525 3394 ascendunt,

1962 3428 2005 3481 si
2040 3428 2244 3481 interea
2282 3427 2464 3481 sedem
2493 3427 2729 3494 aliquam
2781 3426 3073 3494 reperiant,
3129 3424 3530 3478 contentionem

1964 3518 2110 3572 illam
2155 3518 2357 3573 laboris
2386 3518 2690 3582 remittunt,
2729 3526 2788 3570 ut
2814 3517 3112 3586 resumptis
3170 3524 3224 3571 et
3259 3517 3532 3583 reparatis

1961 3610 2171 3667 viribus
2200 3612 2410 3681 seipsos
2444 3610 2510 3662 ad
2546 3609 2853 3680 superanda
2891 3610 3123 3664 celsiora
3169 3623 3290 3677 quae
3326 3615 3535 3662 restant

1963 3702 2177 3773 fastigia
2210 3702 2449 3758 excitent
2492 3719 2506 3756 ε
2543 3702 2622 3756 sic
2670 3709 2723 3756 et
2775 3702 2989 3755 virtutis
3049 3709 3310 3766 sectator,
3373 3701 3534 3769 cujus

1962 3795 2315 3851 ascensiones
2355 3801 2485 3847 sunt
2516 3794 2756 3849 victoriae
2789 3793 2857 3846 ab
2917 3792 3248 3846 adversariis
3312 3792 3530 3854 relatae,

1963 3884 2419 3957 quemadmodum
2451 3884 2734 3953 inscriptio
2758 3883 3114 3953 praecedentis
3138 3883 3328 3951 psalmi
3367 3890 3535 3937 testa-

1962 3987 2071 4043 tur,
2103 3978 2393 4047 adeptione
2433 3977 2680 4030 victoria:
2735 3976 2975 4046 seipsum
3016 3976 3376 4037 conﬁrmans,
3411 3990 3533 4028 rur-

1964 4086 2084 4125 sum
2118 4070 2185 4123 ad
2214 4069 2458 4123 altiorem
2490 4076 2543 4122 et
2576 4068 2976 4138 praeolat-iorem
2999 4065 3322 4134 accingitur.
3342 4064 3532 4135 Magna

1962 4160 2183 4231 quidem
2212 4160 2359 4212 lucta
2387 4158 2441 4212 in
2471 4158 2797 4227 praecedenti
2834 4157 3046 4226 psalmo
3086 4154 3360 4225 descripta
3407 4164 3491 4209 est
3516 4194 3531 4216 ,

1962 4268 2028 4307 ex
2062 4265 2171 4321 qua
2195 4249 2372 4304 victor
2406 4250 2538 4303 abiit
2568 4267 2581 4303 :
2615 4250 2782 4313 lucta,
2815 4250 3059 4318 inquam,
3093 4246 3352 4309 tristitia,
3383 4260 3532 4301 exer-

1965 4342 2264 4407 citationis,
2300 4342 2759 4405 conturbationis,
2821 4340 3230 4395 inimicitiarum
3292 4348 3348 4393 et
3378 4338 3533 4391 audi-

1963 4435 2128 4490 tionis
2155 4454 2169 4489 :
2199 4434 2279 4490 sic
2300 4434 2445 4488 enim
2496 4449 2684 4487 vocem
2720 4432 2928 4486 inimici
2962 4433 3332 4501 interpretor:
3357 4437 3412 4484 et
3436 4429 3535 4483 tri-

1963 4528 2263 4583 bulationis
2298 4543 2328 4580 a
2360 4527 2741 4597 peccatoribus
2763 4524 3038 4595 profectae,
3060 4534 3112 4577 et
3135 4524 3229 4577 ira:
3256 4522 3535 4591 indignan-

1896 4644 1939 4699 ι)
1969 4621 2125 4684 tium,
2162 4620 2364 4690 quibus
2416 4620 2765 4673 concitantur
2799 4616 3033 4671 turbatio
3066 4615 3271 4677 cordis,
3318 4621 3375 4667 et
3427 4612 3536 4666 for-

1968 4712 2115 4765 mido
2154 4711 2367 4773 mortis,
2404 4720 2458 4765 et
2506 4713 2689 4773 timor,
2745 4718 2796 4762 et
2827 4716 3053 4772 tremor,
3090 4716 3139 4761 el
3180 4706 3439 4767 tenebrae,
3482 4715 3534 4758 et

1965 4803 2188 4857 similia.
2218 4802 2320 4868 Qui
2350 4804 2518 4871 igitur
2548 4800 2625 4853 t‘ot
2660 4816 2723 4854 ac
2772 4809 2953 4854 tantos
3003 4798 3279 4867 superavit
3327 4797 3535 4855 hostes,

1968 4895 2163 4963 pennis
2201 4895 2322 4961 ejus
2354 4894 2672 4960 assumptis,
2704 4892 2796 4961 qui
2826 4892 2878 4945 in
2904 4893 3085 4961 specie
3118 4891 3386 4945 columbae
3414 4892 3536 4943 vitat

1968 4995 2167 5038 nostra:
2200 4985 2469 5052 apparuit,
2508 4984 2552 5036 is
2585 4983 2841 5037 transfert
2874 4999 2996 5037 sese
3017 4982 3086 5036 ab
3116 4981 3183 5035 iis
3233 4981 3327 5050 qui
3379 4980 3536 5035 mali-

1967 5077 2057 5129 tiae
2086 5074 2269 5128 studio
2302 5074 2639 5135 inserviunt,
2673 5076 2726 5127 in
2770 5072 3121 5128 solitudinem
3179 5087 3405 5126 vacuam
3469 5072 3538 5124 ali

1969 5166 2115 5220 omni
2173 5166 2400 5231 malitia,
2436 5173 2489 5217 et
2530 5165 2837 5235 pernicioso
2896 5165 3235 5219 zizaniorum
3275 5163 3535 5233 germine.

1977 5259 2070 5313 ubi
2116 5259 2331 5329 requies
2367 5259 2692 5326 acquiritur,
2729 5258 2939 5312 devicta
2976 5259 3086 5326 jam
3123 5264 3235 5309 tota
3280 5255 3537 5309 adversa-

1970 5355 2176 5406 riorum
2211 5352 2432 5405 civitate
2472 5367 2597 5404 cum
2629 5351 2776 5404 omni
2813 5351 3111 5403 incolarum
3145 5349 3327 5412 turba,
3379 5349 3538 5412 cujus

1972 5444 2164 5499 incolae
2228 5451 2359 5498 sunt
2412 5444 2673 5511 iniquitas
2717 5450 2771 5496 et
2830 5443 3003 5503 labor,
3049 5450 3104 5495 et
3147 5437 3536 5496 contradictio.

1973 5551 2161 5600 usura,
2185 5544 2239 5590 et
2267 5535 2445 5597 dolus,
2482 5545 2536 5589 et
2565 5550 2734 5595 mors.
2774 5541 2828 5587 et
2861 5532 3162 5586 viventium
3224 5529 3291 5582 ad
3332 5527 3541 5583 inferos

1971 5629 2292 5694 descensus,
2340 5635 2395 5682 et
2426 5625 2570 5697 quod
2612 5626 2854 5679 omnium
2890 5625 3155 5678 malorum
3195 5620 3541 5676 teterrimum

1969 5734 2141 5789 genus
2199 5726 2315 5783 est,
2373 5717 2675 5771 incolarum
2734 5725 2990 5785 perpetua
3024 5712 3363 5786 hypocrisis,
3417 5727 3541 5783 quae

1970 5811 2147 5881 specie
2182 5809 2491 5865 concordia
2517 5817 2572 5862 et
2600 5806 2999 5867 unanimitatis,
3028 5805 3262 5861 insidias
3290 5803 3539 5869 molitur,

1978 5918 2085 5975 qua
2118 5902 2371 5973 superior
2399 5899 2579 5957 evadit
2613 5900 2723 5963 illc,
2760 5900 2851 5970 qui
2885 5899 3052 5955 totius
3110 5898 3233 5953 vitae
3280 5914 3393 5953 sua:
3443 5907 3542 5952 tte-
