4044 6474
605 430 711 486 575

1839 444 1895 497 S.
1922 443 2246 499 GREGORII
2286 441 2579 497 NYSSENI
3694 455 3781 511 576

602 568 764 607 cursu
796 568 946 621 spem
979 561 1033 606 et
1065 553 1319 608 ﬁduciam
1353 570 1421 609 ex
1452 556 1562 610 Deo
1605 572 1930 626 suspensam
1980 560 2161 615 habet.

2264 555 2309 630 ᾧ
2330 560 2503 615 ταῦτα
2524 561 2691 629 λέγει,
2711 552 2786 614 ὧν
2800 561 2829 614 ὀ
2849 560 2981 624 Θεὸς
3009 561 3299 615 ἐπακούειν
3314 563 3547 633 ἀνέχεται
3565 581 3577 594 ·
3594 566 3785 639 λυτρού-

603 644 894 714 Vesperam
931 648 1073 699 enim
1104 654 1158 699 et
1198 662 1377 711 mane,
1421 656 1477 701 et
1507 650 1788 704 meridiem
1840 652 2162 716 nominans,

602 744 773 790 totum
803 737 1057 789 diurnum
1115 752 1338 792 cursum
1401 740 1833 809 comprehendit,
1899 758 2007 813 quo
2035 744 2164 797 talia

607 835 813 889 narrat,
845 842 965 895 qua:
997 826 1141 880 Dens
1164 828 1423 881 exaudire
1473 831 1730 895 sustinet,
1786 832 2061 889 redimens
2110 836 2164 887 in

608 933 736 986 pace
768 917 933 969 vitam
968 918 1033 970 ab
1062 919 1147 982 iis,
1185 921 1278 985 qui
1319 919 1420 987 ipsi
1454 935 1650 989 magno
1696 936 1926 976 numero
1971 938 2167 992 appro-

606 1008 890 1075 pinquant,
922 1023 1061 1077 quos
1103 1031 1119 1058 ι
1167 1012 1313 1065 viros
1372 1012 1695 1080 sanguinum
1728 1029 1751 1063 η)
1814 1012 2077 1075 nominat,
2113 1022 2165 1067 et

608 1117 626 1149 ι
665 1097 885 1153 dolosos
916 1110 969 1153 et
1000 1100 1052 1153 in
1085 1102 1289 1155 malitia
1320 1109 1753 1155 consummatos.
1791 1120 1810 1153 ι
1836 1102 1971 1155 Cum
2002 1104 2167 1173 igitur

605 1188 799 1242 liducia
842 1190 895 1243 in
936 1189 1100 1243 Deum
1133 1199 1212 1243 tot
1247 1207 1309 1245 ac
1354 1200 1537 1245 tantos
1563 1191 1752 1245 hostes
1804 1193 2163 1259 debellasset,

607 1295 797 1334 rursus
826 1282 981 1349 quasi
1006 1282 1267 1334 oblivioni
1305 1283 1581 1358 prioribus
1615 1283 1892 1337 laboribus
1928 1284 2163 1348 traditis,

606 1372 659 1423 in
685 1371 975 1426 validiores
1009 1372 1459 1439 robustioresque
1488 1372 1863 1440 antagouistas
1907 1373 2163 1444 insurgit.

606 1462 743 1517 Vide
771 1464 937 1527 enim,
966 1479 1103 1531 quos
1135 1464 1238 1516 sibi
1277 1464 1493 1517 labores
1522 1479 1618 1532 per
1646 1468 1942 1517 certamina
1972 1481 2167 1535 propo-

605 1563 734 1609 nat:
773 1574 791 1605 ι
822 1555 927 1607 Pro
955 1555 1174 1623 populo,
1211 1574 1228 1603 ι
1253 1555 1514 1622 inquit",
1550 1573 1567 1605 ι
1603 1555 1695 1623 qui
1722 1570 1750 1607 a
1780 1558 1987 1611 sanctis
2013 1558 2168 1625 longe

605 1646 783 1699 factus
821 1654 925 1699 est.
961 1666 977 1696 ι
1026 1646 1267 1714 Papulus
1308 1648 1411 1699 iste
1438 1654 1523 1701 est
1576 1655 1687 1699 tota
1720 1647 1996 1700 hominum
2026 1648 2168 1701 mul-

600 1739 803 1798 titudo,
829 1753 992 1805 quam
1036 1737 1307 1806 separatio
1355 1752 1383 1788 a
1424 1736 1628 1791 sanctis
1665 1735 1933 1791 mandatis
1962 1736 2167 1805 ingenti

602 1828 834 1897 quodam
866 1836 919 1883 et
956 1830 1169 1881 inﬁnito
1210 1829 1499 1881 intervallo
1524 1842 1553 1879 a
1590 1826 1701 1882 Deo
1729 1829 1983 1897 seiunxit.
2011 1827 2166 1883 Hunc

596 1934 730 1989 ergo
758 1920 1015 1989 populum
1050 1929 1269 1973 revocat
1296 1934 1391 1988 per
1422 1920 1705 1972 victoriam
1738 1919 1805 1972 ab
1850 1919 2165 1973 adversario

600 2012 845 2076 relatam,
879 2014 1159 2081 proposita
1198 2012 1250 2065 in
1296 2013 1575 2081 praemium
1626 2013 1987 2067 certaminum
2048 2013 2164 2082 ipsa

600 2103 937 2172 perditorum
970 2104 1165 2169 salute,
1194 2102 1352 2170 cuius
1380 2104 1553 2171 gratia
1581 2105 1633 2155 in
1666 2102 1920 2157 columna
1949 2118 2165 2172 quoque

599 2195 849 2250 inscribit
874 2196 1194 2263 praeclarum
1246 2195 1349 2248 hoc
1383 2193 1615 2253 facinus,
1654 2194 1927 2263 scriptura
1961 2193 2165 2247 indele-

599 2286 715 2350 bili,
754 2286 986 2340 durante
1015 2286 1068 2339 in
1109 2300 1272 2340 omne
1318 2300 1489 2338 aevum
1527 2300 1707 2338 rerum
1739 2294 2013 2353 gestarum
2054 2301 2163 2339 me-

599 2380 791 2432 moria.
824 2376 1032 2447 Obtigit
1063 2378 1228 2448 igitur
1261 2375 1449 2430 Davidi
1499 2377 1730 2430 victoria
1766 2378 1820 2429 in
1861 2377 2023 2441 tituli,
2064 2392 2161 2431 seu

597 2469 863 2523 colnmnte
916 2469 1291 2537 inscriptione,
1335 2486 1354 2519 ι
1412 2466 1661 2533 Quando,
1704 2486 1723 2518 ι
1771 2467 1971 2537 inquit,
2027 2486 2045 2519 ι
2084 2476 2163 2523 te-

598 2570 835 2615 nuerunt
872 2576 997 2616 eum
1056 2559 1328 2628 Allopliyli
1368 2560 1422 2612 in
1474 2557 1631 2612 Geth.
1680 2577 1698 2609 ι
1760 2558 1837 2613 Ne
1884 2574 2012 2613 vero
2060 2574 2161 2614 nos

598 2658 895 2721 praetereat
918 2666 1116 2704 sensus
1140 2650 1430 2719 subjectus
1451 2690 1465 2713 ,
1498 2658 1552 2701 et
1590 2650 1748 2718 quasi
1799 2649 2040 2706 intextus
2079 2651 2162 2705 lii-

597 2745 782 2799 storiae
810 2743 1129 2802 involucris,
1168 2741 1314 2795 facto
1347 2741 1529 2796 verbis
1585 2743 1931 2812 compendio,
1972 2746 2160 2812 paucis

596 2834 1033 2891 commemorabo
1064 2834 1346 2888 historiam
1371 2833 1437 2885 ".
1472 2832 1675 2886 Invidia
1702 2833 1967 2889 adversus
2002 2834 2160 2888 Davi-

595 2928 719 2982 dem
757 2926 1030 2979 invaserat
1058 2926 1402 2996 tyranuicum
1437 2923 1653 2980 Saulem
1679 2927 1750 2980 ob
1782 2927 2058 2981 victoriam
2092 2926 2160 2981 de

597 3024 871 3089 prostrato
890 3016 1103 3071 Goliath
1142 3024 1496 3086 reportatam,
1530 3018 1789 3087 quodque
1815 3018 2044 3073 victoria
2068 3019 2157 3073 illa

597 3127 693 3179 per
730 3110 947 3175 choros,
972 3109 1213 3161 omnium
1248 3109 1536 3178 applausu,
1567 3110 1954 3164 celebraretur.
1980 3110 2159 3175 Quare

599 3201 729 3255 Saul
766 3202 915 3256 omni
948 3200 1151 3261 studio,
1200 3200 1337 3255 clam
1368 3208 1422 3255 et
1450 3201 1648 3269 palam,
1686 3201 1963 3255 interitum
1997 3203 2048 3256 ei
2078 3200 2160 3255 αι’·
2188 3224 2233 3287 C

598 3293 740 3347 ferre
764 3294 1203 3355 inacliinabatur,
1232 3308 1377 3347 nunc
1408 3292 1624 3362 quidem
1666 3295 1879 3349 occulte
1935 3294 2161 3349 structis

598 3382 833 3443 insidiis,
868 3398 1062 3436 rursus
1107 3390 1292 3451 aperte
1326 3383 1492 3437 armis
1553 3383 1606 3435 in
1666 3382 1817 3436 illum
1868 3384 2158 3453 correptis,

597 3472 935 3539 subditisque
968 3481 1157 3525 contra
1200 3473 1347 3525 illum
1380 3473 1693 3528 concitatis.
1722 3475 1794 3527 At
1824 3490 1949 3528 cum
1989 3478 2161 3532 variis

598 3562 890 3629 multisque
922 3560 1097 3615 modis
1132 3561 1300 3616 David
1332 3577 1361 3615 a
1405 3562 1569 3616 Saule
1596 3565 1905 3633 exagitatus
1942 3576 1996 3621 et
2039 3575 2160 3622 ten-

598 3663 742 3707 tatus
768 3662 933 3716 esset,
975 3652 1195 3707 tandem
1247 3654 1314 3707 ad
1353 3652 1604 3710 Gethaeos
1643 3657 1941 3724 profectus,
1992 3676 2157 3714 unam

595 3759 661 3797 ex
690 3743 1001 3798 civitatibus
1043 3744 1473 3812 alienigenarum
1522 3746 1813 3811 incolebat,
1872 3758 2066 3818 sponte
2109 3752 2160 3805 ei

597 3833 649 3885 id
674 3833 781 3887 illis
809 3832 1258 3900 concedentibus,
1290 3835 1343 3888 in
1370 3850 1477 3903 qua
1509 3851 1616 3888 una
1644 3852 1767 3889 cum
1802 3839 1967 3893 sociis
1995 3839 2159 3910 dege-

596 3924 708 3987 bat,
748 3925 960 3980 duabus
1003 3925 1233 3995 junctus
1285 3926 1540 3997 legitimis
1593 3929 1878 3994 uxoribus,
1924 3948 2158 4000 quarum

594 4013 812 4083 quidem
850 4016 939 4069 illa
971 4014 1234 4071 lsraelitis
1261 4026 1401 4079 erat,
1434 4018 1522 4070 illa
1552 4034 1681 4073 vero
1704 4022 1940 4089 potentis
1970 4024 2156 4092 cujus-

588 4107 717 4159 dam
748 4109 799 4160 iu
834 4108 1083 4162 Carmelo
1112 4110 1313 4178 conqu
1382 4110 1580 4176 fuerat,
1620 4128 1731 4181 quo
1758 4124 1996 4180 mortuo,
2056 4116 2161 4171 Dav

592 4200 705 4252 vidi
737 4210 1018 4268 nupserat.
1058 4200 1182 4256 Haec
1214 4203 1456 4256 historia:
1484 4204 1657 4258 series
1682 4205 1946 4260 continet.

664 4292 817 4355 Quod
850 4293 1010 4358 igitur
1065 4294 1319 4348 detentus
1372 4304 1457 4347 est
1485 4296 1626 4363 apud
1686 4296 2039 4366 alienigenas,
2098 4298 2158 4353 id

593 4396 699 4434 nou
729 4391 811 4434 est
846 4391 1187 4449 argumento,
1217 4383 1392 4452 ipsum
1442 4385 1510 4438 ab
1546 4385 1889 4452 improbitate
1919 4404 2155 4458 occupa-

594 4483 706 4524 tum
743 4483 797 4526 et
820 4473 1096 4526 detentum
1126 4474 1333 4538 fuisse;
1368 4490 1474 4528 non
1506 4476 1647 4529 enim
1691 4480 1797 4531 tale
1834 4481 1963 4547 quid
2010 4483 2156 4535 acci-

2269 672 2428 725 μενος
2450 654 2537 708 διὰ
2562 655 2789 724 εἰρήνης
2812 652 2910 724 τὴν
2932 653 3075 725 ζωὴν
3106 654 3212 707 ἀπὸ
3237 655 3343 708 τῶν
3367 654 3502 708 οὔτω
3528 672 3788 728 προσεγγι.

2266 746 2467 812 ζόντων
2495 746 2647 816 αὐτῷ
2682 747 2741 798 ὲν
2772 745 2952 816 πολλῷ
2992 745 3071 817 τῷ
3106 748 3424 817 συστήματι,
3455 747 3543 811 οὓς
3572 768 3588 801 ι
3621 749 3789 822 ἄνδρας

2266 840 2514 911 αἱμάτων
2552 858 2573 893 ι
2606 838 2883 910 ὀνομάζει,
2912 840 3006 892 καὶ
3044 857 3062 889 ι
3102 838 3424 909 δολιότητος,
3455 840 3542 894 καὶ
3574 842 3627 893 ἐν
3652 844 3794 916 κακία

2264 932 2527 995 τελείους.
2550 950 2571 983 ι
2596 931 2878 985 Τοσούτων
2897 929 3183 984 τοίνυνκαὶ
3197 929 3444 983 τοιούτων
3458 932 3541 985 διά
3562 933 3646 985 τοῦ
3665 934 3788 987 ἑλπί-

2266 1016 2377 1080 ζειν
2411 1016 2504 1070 ἐπὶ
2531 1016 2620 1069 τὸν
2651 1016 2782 1070 Θεὸν
2810 1015 3246 1085 κατακρατήσας,
3280 1013 3456 1079 πάλιν,
3477 1013 3649 1085 ῶσπερ
3682 1018 3786 1070 τινὰ

2265 1107 2432 1178 λήθην
2481 1106 2590 1159 τῶν
2638 1106 3001 1174 δεικνυμένων
3052 1103 3412 1176 ποιησάμενος
3466 1104 3649 1166 πόνων,
3694 1110 3789 1171 τοῖς

2269 1198 2631 1269 ἰσχυροτέροις
2666 1214 2726 1249 τε
2757 1198 2849 1249 κα)⁸
2873 1196 3112 1267 μείζοσιν
3138 1195 3245 1246 τῶν
3285 1193 3675 1259 ἀνταγωνιστῶν
3716 1197 3793 1248 ὲκ-

2263 1288 2553 1359 εγείρεται.
2599 1288 2728 1341 Ἰδοὺ
2760 1287 2867 1357 γὰρ
2901 1282 3011 1339 οἷον
3038 1287 3195 1339 πόνον
3220 1282 3395 1354 ἑαυτῷ
3420 1283 3505 1337 διὰ
3546 1284 3646 1335 τῶν
3673 1284 3795 1351 ἀγώ-

2264 1395 2368 1431 νων
2400 1378 2781 1448 προστίθησινο
2820 1396 2839 1428 ι
2871 1373 3048 1443 ’Υπὲρ
3063 1375 3154 1427 τοῦ
3195 1374 3352 1434 λαοῦ,
3396 1392 3412 1424 ι
3462 1374 3636 1443 φησὶν,
3666 1393 3682 1426 ι
3714 1374 3794 1427 τοῦ

2264 1468 2371 1522 ἀπὸ
2398 1469 2505 1522 τῶν
2535 1469 2702 1537 ἁγίων
2742 1467 3231 1538 μεμακρυμμένου.
3277 1483 3297 1516 ι
3346 1464 3401 1517 '0
3426 1464 3479 1517 δὲ
3505 1464 3624 1527 λαδς
3644 1456 3796 1529 οὗτος,

2265 1557 2409 1610 ἅπαν
2450 1558 2595 1609 ἐστὶν
2637 1556 2696 1609 τὸ
2724 1555 3063 1626 ἀνθρώπινον
3109 1538 3404 1624 πλήρωμα,
3431 1555 3612 1625 ὅπερό
3659 1572 3800 1625 χωρι-

2265 1646 2400 1714 σμὸς
2428 1644 2534 1699 τῶν
2571 1646 2738 1713 ἁγίων
2782 1644 3007 1698 ἐντολῶν
3039 1643 3216 1713 πολλῷ
3238 1660 3348 1695 τινι
3386 1644 3479 1696 καὶ
3514 1645 3711 1715 ἀπείρῳ
3735 1644 3802 1715 τῷ

2268 1738 2469 1807 μεταξὺ
2496 1738 2818 1808 διαστήματι
2842 1737 2935 1790 τοῦ
2956 1735 3091 1789 Θεοῦ
3116 1724 3451 1806 διετείχισεν.
3483 1735 3671 1788 Τοῦτον
3692 1739 3802 1791 ἁνα-

2265 1829 2507 1882 καλεῖται
2533 1829 2621 1882 διὰ
2655 1829 2755 1897 τῆς
2780 1828 2916 1899 πρὸς
2946 1828 3038 1881 τὸν
3074 1828 3365 1881 ἀντίπαλον
3404 1825 3577 1896 νίκης,
3601 1826 3803 1880 ἔπαθλον

2198 1899 2238 1952 Β
2264 1920 2373 1973 τῶν
2410 1918 2633 1988 ἀγώνων
2670 1919 2767 1990 τὴν
2802 1919 2909 1972 τῶν
2939 1919 3290 1973 ἀπολωλότων
3338 1919 3603 1988 σωτηρίαν
3649 1918 3805 1971 ποιού-

2270 2028 2446 2079 μενος,
2473 2004 2535 2063 οὗ
2573 2011 2728 2081 χάριν
2751 2010 2842 2063 καὶ
2869 2010 3301 2080 ὲνστηλιτεύεται
3336 2010 3396 2062 τὸ
3428 2010 3734 2081 κατόρθωμα
3757 2013 3805 2064 ὲν

2264 2099 2630 2168 ἀνεξαλείπτῳ
2676 2101 2858 2169 γραφῇ
2908 2099 3321 2170 διαιωνιζούσης
3374 2100 3482 2153 τῶν
3539 2103 3811 2169 γεγονότων

2263 2191 2362 2261 τῆς
2394 2192 2632 2260 μνήμης.
2664 2190 2875 2244 Γίνεται
2902 2187 2993 2245 οὖν
3022 2192 3055 2262 ἡ
3087 2190 3205 2261 νίκη
3234 2191 3318 2261 τῷ
3346 2191 3510 2244 Δαὸὶδ
3540 2195 3615 2254 είς
3643 2193 3809 2260 στηλοο

2264 2282 2523 2351 γραφίαν,
2560 2299 2579 2332 ι
2612 2280 2868 2349 Ὀττότε,›
2912 2284 3097 2354 φησὶν,
3135 2302 3156 2334 ι
3207 2284 3525 2354 ἐκράτησαν
3573 2284 3724 2336 αὑτὸν
3768 2287 3811 2337 οί

2276 2374 2581 2442 Ἀλλόφυλοι
2608 2375 2666 2426 ὲν
2695 2374 2815 2428 Γέθ.
2856 2394 2876 2428 ›
2922 2376 3009 2438 Ὠς
3038 2375 3083 2429 δ’
3116 2375 3181 2429 ἂν
3208 2376 3287 2445 μὴ
3330 2375 3658 2448 παραδράμῃ
3685 2378 3811 2447 ἡμᾶς

2262 2465 2295 2535 ὴ
2325 2464 2412 2517 διὰ
2438 2466 2546 2517 τῶν
2582 2466 2917 2536 αἰνιγμάτων
2944 2466 3044 2536 τῆς
3082 2452 3326 2538 ἱστορίας
3364 2467 3692 2538 ὑφαινομένη
3716 2468 3816 2520 διὰ-

2263 2576 2380 2613 νοια
2424 2560 2500 2629 τῷ
2544 2559 2703 2629 λόγῳ,
2747 2558 3054 2629 συντέμνων
3093 2558 3159 2611 δι’
3206 2558 3394 2627 ὀλίγου
3435 2558 3818 2629 ἐπιδραμοῦμαι

2263 2650 2361 2719 τὴν
2391 2651 2648 2720 ἱστορίαν.
2687 2649 2880 2713 Φθόνος
2914 2648 3125 2717 ὲνεφύει
3154 2650 3299 2703 κατά
3322 2649 3420 2703 τοῦ
3449 2650 3611 2703 Δαεὶδ
3638 2649 3711 2719 τῷ
3736 2666 3821 2701 τυ-

2264 2740 2497 2810 ραννικῷ
2528 2740 2700 2793 Σαοὺλ
2738 2741 2831 2794 ἐπὶ
2861 2743 2926 2812 τῇ
2961 2742 3086 2813 νίκῃ
3117 2741 3209 2794 τοῦ
3236 2740 3460 2807 Γολιὰθ,
3495 2740 3552 2793 ὲν
3584 2743 3647 2809 τῇ
3672 2741 3820 2809 εὐφη-

2267 2833 2365 2903 μίᾳ
2396 2832 2503 2887 τῶν
2548 2833 2634 2886 διὰ
2683 2833 2897 2903 χορείας
2946 2835 3391 2906 φαιδρυνομένων
3442 2836 3508 2905 τῇ
3558 2833 3708 2903 νίκη·
3742 2832 3826 2883 xui.

2264 2925 2468 2989 πάσαις
2508 2926 2770 2989 ἐπινοίαις
2798 2927 2970 2997 λάθρα
3000 2943 3059 2980 τε
3096 2927 3187 2979 καὶ
3215 2927 3282 2979 ὲκ
3319 2925 3416 2979 τοῦ
3446 2924 3707 2995 προδήλου
3744 2922 3823 2974 τὸν

2263 3020 2381 3069 κατ’
2414 3018 2575 3070 αὑτοῦ
2604 3018 2761 3085 φόνον
2805 3019 2834 3071 ὀ
2870 3017 3041 3071 Σαοὺλ
3086 3017 3405 3088 ἐξηρτύετο.
3439 3016 3555 3069 Νῦν
3587 3015 3680 3086 μὲν
3707 3013 3827 3085 κρύ-

2264 3106 2395 3177 ϐδην
2422 3107 2520 3170 τὰς
2564 3107 2850 3171 ἐπιϐουλὰς
2898 3108 3243 3172 συσκευάζων
3266 3123 3281 3137 ’
3326 3103 3488 3168 αὖθις
3522 3106 3577 3158 δὲ
3628 3104 3710 3157 διά
3739 3102 3825 3155 τοῦ

2264 3198 2529 3269 προδήλου
2559 3198 2665 3251 τῶν
2705 3198 2882 3252 ὃπλων
2915 3199 3234 3267 ἁπτόμενος,
3278 3198 3375 3251 καὶ
3421 3194 3696 3265 συγκικῶν
3719 3194 3825 3247 κατ’

2269 3286 2432 3341 αὑτοῦ
2463 3288 2525 3341 τὸ
2550 3288 2803 3358 ὑπήκοον.
2833 3288 3039 3357 Πολλῆς
3065 3288 3122 3340 δὲ
3148 3287 3414 3349 πολλάκις
3446 3284 3830 3356 προσαχθείσης

2266 3380 2462 3451 πείρας
2502 3380 2653 3451 παρά
2687 3380 2781 3432 τοῦ
2820 3380 2989 3433 Σαοὺλ
3018 3378 3095 3449 τῷ
3137 3378 3325 3443 Δαὸὶδ,
3360 3379 3516 3441 τέλος
3557 3374 3705 3447 παρὰ
3730 3374 3831 3435 τοῖς

2266 3472 2510 3533 Γεθαίοις
2559 3472 2864 3542 γενόμενος,
2898 3472 3050 3525 πόλιν
3103 3471 3319 3541 ᾤκησεν
3370 3472 3485 3523 τῶν
3537 3466 3833 3535 ἀλλοφύλων

2270 3559 2419 3629 μίαν,
2459 3559 2717 3622 ἑκουσίως
2763 3560 3279 3631 παραχωρησάντων
3326 3560 3511 3631 αύτῷ,
3551 3561 3610 3612 ὲν
3710 3553 3836 3627 μετὰ

2265 3652 2373 3705 τῶν
2398 3652 2779 3706 συνασπιστῶν
2800 3649 2888 3724 ἦν,
2915 3652 3006 3705 δύο
3034 3652 3283 3723 νομίμοις
3311 3654 3536 3721 γυναιξὶ
3562 3650 3835 3711 συνοικῶν,

2266 3735 2341 3795 ὧν
2374 3745 2406 3812 ή
2440 3743 2536 3813 μὲν
2562 3739 2629 3815 ἦν
2670 3743 3008 3813 Ἰσραηλῖτις,
3040 3746 3074 3813 ἡ
3104 3744 3159 3796 δὲ
3188 3743 3297 3795 τῶν
3323 3744 3473 3797 κατά
3503 3744 3597 3796 τὸν
3629 3742 3838 3813 Κάρμι-

2265 3834 2355 3887 λόν
2382 3851 2525 3898 τινος
2568 3835 2991 3889 δυναστευόντων
3015 3835 3276 3906 γενομένη
3309 3835 3478 3906 γυνὴ,
3519 3835 3661 3906 μετὰ
3690 3834 3841 3887 θάνα-

2265 3942 2355 3979 τον
2385 3927 2590 3979 ἐκείνου
2634 3926 2713 3998 τῷ
2748 3926 2907 3980 Δαϐἱδ
2941 3930 3324 3998 συνοικήσασα.
3371 3925 3566 3981 Ταῦτα
3611 3925 3841 3996 περιέχει

2267 4018 2301 4087 ὴ
2328 4018 2553 4089 ἱστορία.

2334 4288 2407 4341 Τὸ
2436 4288 2614 4341 τοίνυν
2655 4287 3023 4358 κεκρατῆσθαι
3056 4289 3217 4342 αὐτὸν
3250 4289 3310 4341 ὲν
3345 4292 3468 4354 τοῖς
3510 4287 3847 4358 ἀλλοφύλοις,

2263 4380 2322 4433 οὐ
2356 4382 2453 4452 τὴν
2484 4382 2575 4433 ἐπὶ
2600 4380 2753 4451 κακῷ
2774 4381 3069 4450 γενομένην
3096 4380 3359 4450 σύλληψιν
3394 4382 3533 4452 περὶ
3563 4379 3731 4435 αὐτοῦ
3750 4380 3855 4433 δια-

2265 4472 2545 4543 σημαίνει·
2579 4474 2638 4525 ού
2686 4474 2792 4543 γὰρ
2826 4472 2997 4535 οὕτως
3025 4473 3273 4539 ἐγένετο·
3310 4472 3459 4527 ἀλλά
3496 4474 3599 4544 τὴν
3639 4475 3853 4540 ἀγαπη-

588 4562 810 4625 dit;sed
853 4562 1058 4617 indicat
1105 4565 1315 4633 plenam
1347 4566 1636 4635 quamdam
1689 4583 1873 4623 amore
1912 4571 2160 4625 humani-

2263 4566 2418 4636 τικὴν
2444 4565 2833 4636 φιλοφροσύνην
2856 4582 2913 4618 τε
2942 4565 3036 4618 καὶ
3060 4564 3316 4621 διάθεσιν.
3355 4567 3470 4618 Τὸν
3500 4565 3616 4639 γὰρ
3657 4567 3724 4618 ὲκ
3763 4563 3856 4632 τῆς

591 4663 755 4709 tatem
789 4664 843 4709 et
871 4655 1231 4720 all‘ectionem,
1265 4672 1371 4726 qua
1410 4658 1722 4727 alienigena:
1760 4675 1885 4714 eum
1916 4664 2154 4731 comple-

590 4747 903 4800 ctebantur.
940 4746 1073 4801 Nam
1121 4765 1281 4817 quem
1329 4766 1392 4804 ex
1426 4751 1667 4818 paternis
1709 4752 1931 4807 sedibus
1984 4753 2158 4820 ejeoe-

593 4847 743 4900 rant,
776 4840 916 4893 hunc
947 4839 1150 4893 Getliaai
1182 4842 1296 4895 suis
1326 4840 1380 4893 in
1417 4839 1638 4894 sedibus
1678 4843 1967 4898 collocant.
2016 4843 2155 4910 Quid

591 4932 752 5001 igitur
785 4930 888 4985 iste
919 4930 1110 4991 David,
1146 4930 1287 4984 ﬁlius
1309 4928 1484 4998 Jesse,
1515 4933 1674 4985 homo
1703 4949 1766 4986 ex
1800 4934 2115 4991 hominibus
2138 4975 2155 5000 ,

588 5020 725 5073 adeo
761 5021 993 5089 propriis
1017 5021 1408 5075 certaminibus
1449 5020 1646 5084 ell‘ecit,
1683 5030 1742 5075 ut
1770 5032 1938 5078 totam
1991 5038 2156 5081 natu-

587 5127 704 5167 ram
735 5112 1044 5170 humanam,
1098 5113 1529 5179 transgressione
1582 5114 1890 5169 divinorum
1928 5118 2154 5172 manda-

586 5214 791 5265 torum,
822 5218 850 5254 a
887 5202 995 5256 Deo
1035 5203 1251 5271 longius
1303 5203 1576 5264 abactam,
1628 5220 1936 5271 revocasse,
1991 5210 2153 5279 eique

588 5294 729 5347 tituli
762 5310 856 5347 seu
891 5298 1155 5347 columnae
1186 5295 1465 5362 inscripta:
1492 5296 1775 5365 aenigmata
1833 5300 2151 5369 nuntiasse,

590 5385 871 5454 praedicari
906 5386 1121 5454 possit?
1154 5383 1567 5455 lnscriptionem
1606 5401 1735 5439 vero
1771 5389 2057 5456 columnas,
2102 5394 2150 5448 si

586 5477 713 5546 quis
738 5476 1004 5531 divinitus
1036 5477 1356 5546 inspiratam
1407 5476 1746 5547 Scripturam
1776 5483 2039 5549 nominet,
2100 5487 2148 5542 is

588 5567 811 5622 minime
836 5568 1188 5623 aberraverit.
1223 5570 1307 5623 An
1349 5568 1489 5623 forte
1513 5585 1578 5623 ex
1614 5570 1727 5638 ipsa
1764 5572 2005 5631 historia:
2029 5593 2150 5631 nar-

587 5659 801 5713 ratione
849 5660 1041 5730 liquet,
1073 5662 1236 5717 talem
1277 5670 1599 5731 tantumque
1629 5664 1815 5726 fuisse,
1861 5668 1953 5737 qui
1997 5679 2150 5725 extra

691 5836 734 5871 ⁸⁷
768 5833 916 5891 Psal.
948 5852 1033 5902 ιι,
1082 5837 1125 5893 l.
1202 5836 1292 5890 ’⁸1
1334 5836 1463 5908 Reg.
1500 5854 1611 5902 ut,
1664 5841 1745 5894 1:2.

2262 4656 2519 4726 πατρῴας
2564 4657 2668 4725 γῆς
2705 4656 3058 4726 ἐλαυνόμενον
3098 4657 3147 4708 οί
3194 4656 3416 4709 Γεθαῖοι
3476 4658 3619 4729 παρ’
3650 4658 3859 4716 ἑαυτοῖς

2262 4748 2681 4812 κατοικίζουσιν.
2709 4750 2774 4802 Τί
2817 4747 2907 4802 οὖν
2931 4748 3039 4820 ἀρα
3065 4744 3216 4812 οὗτος
3252 4750 3280 4802 ὀ
3306 4750 3408 4801 τοῦ
3454 4749 3637 4804 ’Ῑεσσὲ
3679 4749 3861 4808 Δαϐὶδ,

2262 4845 2291 4896 6
2323 4843 2381 4907 ἐξ
2412 4842 2710 4914 ἀνθρώπων
2736 4841 3036 4913 ἄνθρωπος,
3060 4841 3310 4894 τοσοῦτον
3339 4844 3466 4905 τοῖς
3498 4842 3657 4905 ίδίοις
3686 4842 3863 4902 ἄθλοις

2265 4934 2647 5005 κατώρθωσεν,
2692 4934 2767 4997 ὡς
2799 4934 2977 4986 πᾶσαν
3018 4933 3116 5004 τὴν
3156 4932 3525 5004 ἀνθρωπίνην
3583 4934 3749 5002 φύσιν
3782 4933 3866 4986 διὰ

2260 5029 2359 5098 τῆς
2404 5027 2510 5080 τῶν
2544 5026 2713 5095 ἁγίων
2750 5024 2974 5079 ἐντολῶν
3024 5024 3393 5095 παραϐάσεως
3444 5026 3867 5096 μακρυνθεῖσαν

2262 5120 2368 5173 ἀπὸ
2397 5119 2491 5172 τοῦ
2513 5118 2667 5183 θεοῦ,
2701 5119 2862 5171 πάλιν
2897 5117 3353 5182 ἀνακαλέσασθαι,
3398 5119 3667 5189 κάκείνῳ
3702 5116 3869 5188 μηνύ-

2265 5212 2449 5265 σαιτὰ
2481 5210 2580 5280 τῆς
2622 5209 3018 5279 στηλογραφίας
3053 5209 3383 5278 αίνίγματα;
3438 5208 3870 5279 στηλογραφίαν

2262 5304 2319 5356 δέ
2346 5320 2431 5365 τις
2455 5304 2553 5371 τὴν
2586 5301 2936 5354 θεόπνευστον
2958 5297 3178 5370 Γραφὴν
3203 5298 3499 5366 ὀνομάζων
3531 5298 3642 5368 οὐχ
3685 5298 3871 5367 ἁμαρ-

2256 5397 2497 5466 τήσεται.
2532 5395 2601 5447 Ἣ
2648 5392 2803 5462 δῆλόν
2841 5394 2955 5443 ἐστι
3006 5390 3093 5442 διὰ
3128 5388 3231 5457 τῆς
3286 5391 3439 5441 κατὰ
3476 5389 3585 5459 τὴν
3622 5388 3871 5458 ἱστορίαν

2258 5485 2640 5555 συμφράσεως,
2681 5484 2762 5536 ὅτι
2786 5480 3033 5543 τοσοῦτός
3061 5482 3206 5532 ὲστιν
3236 5480 3265 5531 ὀ
3289 5477 3399 5541 ἔξω
3428 5480 3551 5532 τῶν
3586 5480 3692 5550 τῆς
3732 5480 3864 5531 Ἰου-

2256 5578 2409 5639 δαίας
2445 5577 2583 5645 ὅρων
2614 5575 2916 5644 γενόμενος,
2948 5573 3041 5624 καὶ
3078 5570 3228 5623 πόλιν
3266 5570 3322 5621 ἐν
3364 5568 3720 5638 ἀλλοφύλοις
3742 5570 3866 5622 tau-

2256 5670 2333 5739 τῷ
2373 5668 2699 5731 συνοικίσας,
2741 5668 2837 5720 καὶ
2871 5662 3039 5734 διπλῷ
3083 5662 3625 5731 συναναπαυόμενος
3675 5662 3871 5734 γάμῳ,
