3986 6526
288 439 389 493 577

1675 435 1739 490 IN
1774 436 2105 491 PSALMOS.

3427 433 3533 489 578

285 560 383 631 τὴν
419 557 519 630 μὲν
539 556 636 613 τοῦ
676 555 1070 629 Ἰσραηλιτικοῦ
1095 555 1305 625 γένους,
1333 554 1432 626 τὴν
1466 554 1523 609 δὲ
1554 554 1618 607 ἐκ
1642 553 1751 607 τῶν
1782 554 1845 608 ἀλ

1968 555 2169 609 Judaeze
2193 553 2327 609 ﬁnes
2379 555 2569 625 pulsus
2596 564 2738 620 erat,
2774 556 2975 626 quique
3004 555 3145 612 inter
3192 555 3526 626 alienigenas

284 650 529 715 λοφύλων
575 648 655 719 τῷ
692 649 923 719 θαλάμῳ
958 646 1417 719 παραδεξάμενος.
1452 645 1621 698 Ὥστε
1656 645 1705 697 εί
1753 645 1856 717 χρὴ

283 739 377 793 τὸν
428 740 556 811 περὶ
608 739 800 793 τούτου
848 740 1002 807 λόγον
1053 737 1391 809 τρανὼτερον
1446 735 1854 807 ἀπογυμνῶσαι,

287 824 441 894 οὗτος
470 831 675 893 ἐκεῖνός
703 832 849 883 ἐστιν
896 832 924 883 6
950 830 1176 900 νικητής
1209 846 1269 881 τε
1308 826 1440 898 ὁμοῦ
1476 828 1571 880 καὶ
1605 827 1853 898 νυμφίος.

287 922 365 974 Δι’
391 916 466 975 ὧν
496 924 594 992 μὲν
637 922 743 992 γὰρ
774 922 1182 991 κατηγωνίσατο
1217 920 1307 972 τὸν
1350 919 1411 972 τὸ
1448 920 1645 990 κράτος
1671 918 1856 987 ἔχοντα

287 1015 382 1069 τοῦ
410 1016 660 1080 θανάτου,
694 1016 725 1066 6
744 1014 965 1075 δυνατὸς
994 1016 1050 1066 ἐν
1080 1011 1322 1082 πολέμῳ,
1354 1009 1447 1062 τὸν
1480 1010 1704 1080 ἄπειρον
1736 1007 1856 1061 τοῦ-

286 1123 378 1158 τον
402 1106 548 1165 λαὸν,
586 1105 676 1157 τὸν
704 1106 763 1157 ἐν
789 1104 866 1173 τῷ
886 1103 987 1175 ᾄδῃ
1015 1101 1407 1173 κρατούμενον,
1437 1101 1514 1162 εἰς
1546 1098 1855 1168 ἐλευθερίαν

286 1196 541 1263 ἐξείλετο.
572 1194 679 1248 Τοῦ
721 1195 777 1248 δὲ
825 1194 1155 1266 Ἰσραηλίτου
1196 1192 1323 1246 λαοῦ
1357 1191 1535 1261 φθόνῳ
1568 1192 1659 1244 καὶ⁸
1696 1190 1853 1261 ζηλο-

284 1290 453 1363 τυπίᾳ
481 1289 619 1360 πρὸς
650 1286 740 1340 τὸν
780 1288 897 1340 κατ’
932 1286 1096 1341 αὐτοῦ
1137 1286 1293 1355 φόνον
1328 1286 1689 1356 ὁρμήσαντος,
1720 1301 1853 1355 κρα-

282 1383 456 1432 τεῖται
484 1378 550 1431 δι’
571 1378 782 1440 εὐνοίας
807 1377 957 1449 παρὰ
984 1377 1092 1431 τῶν
1120 1376 1451 1446 ἀλλοφύλων,
1478 1376 1571 1429 καὶ
1602 1376 1755 1429 πόλιν
1793 1376 1852 1428 ἐν

283 1472 467 1533 αὐτοῖς
505 1470 841 1540 συνίστησιν,
874 1468 972 1540 τὴν
1010 1468 1334 1539 Ἐκκλησίαν
1381 1467 1544 1535 λέγω,
1572 1467 1629 1518 ἐν
1719 1483 1852 1537 κρα-

279 1564 429 1617 τύνει
478 1563 575 1634 τὴν
620 1562 813 1617 ἑαυτοῦ
864 1563 1157 1633 βασιλείαν,
1181 1564 1210 1614 6
1252 1559 1427 1615 εἰπὼν·
1455 1562 1568 1624 τοῖς
1615 1561 1719 1613 ὐπὸ
1757 1560 1850 1613 τοῦ

281 1658 454 1712 Σαοὺλ
479 1657 851 1727 τεταγμένοις,
879 1657 982 1715 ὅτι.
1010 1674 1027 1706 ι
1052 1653 1375 1726 Ἀρθήσεται
1400 1652 1492 1721 ἀφ’
1517 1652 1667 1721 ὐμῶν
1694 1654 1725 1721 ἡ
1757 1653 1851 1720 βα-

280 1749 477 1815 σιλεία,
512 1751 606 1802 καὶ
644 1748 925 1818 δοθήσεται
959 1746 1101 1799 ἔθνει
1149 1745 1383 1797 ποιοῦντι
1437 1745 1560 1806 τοὺς
1612 1743 1853 1813 καρποὺς

278 1840 468 1908 αὐτῆς.
497 1859 515 1890 ι
540 1840 629 1891 Ἐν
648 1837 819 1908 ταύτῃ
845 1835 1013 1899 πόλει,
1043 1836 1157 1887 ἐστὶ
1185 1834 1282 1907 μέν
1298 1851 1347 1886 τι
1373 1833 1465 1885 καὶ
1480 1832 1582 1902 ,τῆς
1600 1830 1853 1901 Ἰσραηλι-

1964 647 2164 700 iterum
2191 645 2373 700 sedem
2407 645 2544 708 ﬁxit,
2568 645 2771 715 duplici
2800 662 2895 715 per
2916 646 3319 705 matrimonium
3336 644 3523 714 juncta

1964 753 2153 801 uxore,
2188 738 2359 791 altera
2395 736 2611 805 quidem
2644 735 2929 792 Israelitici
2961 738 3195 807 generis,
3251 739 3431 792 altera.
3456 754 3521 791 ex

1962 828 2281 898 alienigenis
2313 829 2366 882 in
2399 828 2697 881 thalamum
2747 828 3055 882 advocata?
3091 827 3275 897 Itaque
3321 830 3368 885 si
3399 844 3526 883 ora-

1961 922 2165 975 tionem
2196 922 2262 976 de
2294 922 2379 975 his
2414 922 2630 990 planius
2655 931 2707 974 et
2732 917 3042 976 distinctius
3079 922 3361 976 instituere
3390 923 3523 975 veli-

1962 1028 2106 1075 mus,
2149 1013 2237 1066 hic
2266 1012 2517 1067 videlicet
2550 1013 2641 1066 ille
2673 1021 2756 1067 est
2787 1013 2959 1065 victor
2988 1014 3147 1069 simul
3182 1021 3235 1067 et
3264 1028 3519 1082 sponsus,

1960 1106 2053 1174 qui
2097 1114 2289 1175 potens
2321 1104 2375 1158 in
2405 1104 2569 1169 bello,
2606 1104 2930 1173 validasque
2984 1105 3193 1160 viribus
3253 1105 3523 1159 debellato

1959 1197 2074 1259 illo,
2107 1196 2198 1265 qui
2233 1196 2421 1251 mortis
2449 1198 2744 1266 potentiam
2794 1197 3123 1265 possidebat,
3174 1197 3519 1250 innumerum

1958 1286 2111 1341 illum
2152 1288 2405 1356 populum
2448 1304 2606 1358 quem
2646 1287 3112 1353 inferitenebant,
3138 1288 3190 1340 in
3216 1288 3517 1341 libertatem

1958 1378 2231 1431 asseruit:
2290 1392 2414 1430 cum
2472 1388 2649 1431 autem
2688 1378 2919 1446 pepulus
2960 1376 3285 1431 Israeliticus
3320 1376 3518 1429 invidia

1956 1478 2009 1522 et
2037 1469 2379 1523 aemulatione
2416 1468 2679 1522 incitatus
2715 1478 2880 1532 esset,
2920 1469 3179 1534 recipitur
3208 1482 3397 1536 magna
3428 1468 3520 1521 be-

1958 1559 2270 1611 nevolentia
2315 1559 2383 1612 ab
2419 1559 2757 1628 alienigenis,
2792 1568 2843 1612 et
2867 1558 3138 1611 civitatem
3201 1558 3343 1627 apud
3396 1557 3519 1611 illos

1958 1649 2163 1712 condit,
2199 1648 2519 1707 Ecclesium,
2549 1653 2800 1718 inquam,
2838 1650 2889 1701 in
2935 1663 3039 1717 qua
3098 1658 3242 1702 tenet
3292 1663 3515 1717 regnum

1956 1748 2011 1794 et
2050 1740 2335 1809 imperium
2369 1742 2660 1809 suuin.,ille
2733 1741 2826 1810 qui
2864 1740 3096 1795 subditis
3130 1739 3311 1793 Saulis
3337 1739 3469 1792 dixit
3498 1756 3513 1793 :

1963 1846 1982 1879 ε
2012 1827 2305 1884 Auferetur
2332 1844 2363 1883 a
2407 1830 2564 1885 vobis
2598 1844 2845 1899 regnum,
2900 1836 2957 1887 et
2985 1828 3203 1882 dabitur
3233 1828 3378 1896 genti
3437 1826 3516 1880 fe-

276 1932 439 2002 τικῆς
470 1930 762 1998 εὐγενείας,
798 1928 938 1981 κατά
975 1927 1077 1997 τὴν
1118 1926 1457 1997 προφητικὴν
1486 1923 1845 1994 ἀναφώνησιν,

1953 1921 2093 1975 renti
2119 1919 2328 1974 fructus
2356 1920 2473 1988 ejus
2495 1920 2561 1973 ".
2592 1938 2613 1972 ι
2642 1920 2701 1976 In
2731 1922 2834 1976 ista
2854 1922 3076 1976 civitate
3110 1918 3315 1989 aliquid
3348 1918 3511 1973 etiam

275 2018 310 2085 ἦ
343 2034 525 2087 φησιν,
557 2017 639 2069 ὅτι
671 2033 690 2064 ι
720 2016 812 2068 Ἐν
837 2014 1154 2084 ἐκκλησίαις
1180 2014 1448 2081 εὐλογεῖτε
1469 2014 1558 2065 τὸν
1583 2013 1713 2065 Θεὸν
1746 2012 1851 2064 Κύ-

277 2124 396 2176 ριον
445 2108 511 2159 ἐκ
547 2106 736 2177 πηγῶν
781 2106 1016 2176 Ἰσραήλ.
1056 2123 1077 2157 ι
1112 2107 1176 2159 Οί
1202 2104 1309 2176 γὰρ
1357 2104 1723 2175 κατάρξαντες
1754 2104 1847 2157 τοῦ

274 2194 440 2262 λόγου
468 2196 565 2266 τῆς
597 2195 848 2258 πίστεως,
881 2196 932 2247 οί
973 2196 1208 2265 κήρυκες
1252 2195 1349 2265 τῆς
1378 2194 1652 2264 ἀληθείας,
1693 2194 1741 2246 oi
1765 2192 1851 2245 θε-

278 2287 545 2356 μελιωταὶ
562 2290 660 2358 τῆς
688 2286 1039 2357 Ἐκκλησίας,
1060 2288 1107 2338 οί
1142 2286 1399 2356 μαθηταὶ,
1417 2286 1577 2354 λέγω,
1598 2286 1691 2338 καὶ
1720 2284 1851 2338 ἀπό-

275 2379 477 2443 στολοι,
516 2381 579 2432 ἐκ
607 2379 797 2449 πηγῶν
827 2375 966 2450 ἦσαν
1007 2378 1100 2431 τοῦ
1147 2379 1381 2450 Ἰσραήλ.
1414 2398 1433 2431 t
1473 2380 1785 2449 Ἄρχοντες,
1822 2397 1841 2430 ι

271 2471 465 2538 φησὶν,
485 2488 505 2521 ι
526 2468 713 2535 Ἰούδα,
740 2470 1004 2541 ἡγεμόνες
1028 2470 1524 2542 αὐτῶν.⁹Δρχοντες
1544 2469 1843 2535 Ζαϐουλὼν,

272 2554 537 2625 ἄρχοντες
565 2556 898 2627 Νεφθαλείμ.
935 2576 953 2609 ι
983 2557 1081 2611 Διά
1114 2558 1355 2628 σημείων
1395 2559 1555 2613 τινῶν
1585 2560 1677 2612 καὶ
1709 2576 1845 2628 συμ-

272 2645 455 2700 ϐόλων
498 2649 858 2718 προσημαίνει
888 2650 921 2719 ἡ
954 2650 1256 2720 προφητεία
1294 2650 1364 2703 τὰ
1389 2651 1481 2703 τοῦ
1514 2651 1703 2719 γένους
1736 2650 1846 2702 τῶν

277 2739 540 2811 μαθητῶν
572 2739 854 2811 ίδιώματα.
872 2742 958 2794 Ἐν
978 2736 1058 2805 οἷς
1080 2744 1194 2795 ἐστι
1224 2743 1318 2796 καὶ
1342 2744 1371 2795 6
1396 2742 1657 2814 νεώτερος
1681 2761 1696 2792 ι
1726 2743 1847 2796 Bev-

276 2831 435 2901 ιαμὶν
484 2831 570 2884 διὰ
604 2832 703 2901 τῆς
732 2832 1038 2895 ἐκστάσεως
1070 2851 1089 2886 r
1120 2834 1428 2897 παιδευθεὶς
1452 2834 1519 2887 τά
1549 2833 1842 2904 μυστήρια,

272 2925 375 2976 καὶ
423 2925 487 2977 ἐκ
521 2923 830 2995 σπέρματος
882 2924 1151 2995 ’Δϐραάμ,
1198 2925 1293 2978 καὶ
1347 2925 1518 2995 φυλῆς
1566 2925 1842 2996 Βενιαμὶν,

271 3015 488 3080 Παῦλος
511 3016 540 3068 6
570 3015 711 3080 θεῖος
739 3015 1053 3078 ἀπόστολος.

1956 2010 2266 2066 Israelitica:
2291 2012 2536 2067 civitatis
2569 2012 2809 2081 reperire
2853 2012 2997 2073 licet,
3030 2011 3187 2079 juxta
3237 2008 3513 2080 prOpheti-

1953 2117 2075 2156 cam
2116 2104 2262 2157 illam
2291 2119 2500 2168 vocem,
2531 2120 2653 2173 quae
2679 2104 2754 2157 ait
2795 2122 2808 2158 :
2849 2122 2869 2156 ‹
2908 2103 2962 2158 In
3000 2102 3245 2158 ecclesiis
3293 2100 3514 2167 benedi-

1954 2195 2059 2249 cite
2081 2193 2250 2250 Deum
2284 2194 2572 2250 Dominum
2601 2197 2668 2252 de
2699 2196 2939 2250 fontibus
2963 2195 3126 2251 Israel
3149 2196 3200 2258 ';
3225 2216 3243 2246 ι
3272 2210 3398 2249 nam
3419 2193 3511 2263 qui

1954 2287 2109 2341 initio
2148 2286 2269 2341 ﬁdei
2305 2287 2610 2342 doctrinam
2648 2288 3009 2352 tradiderunt,
3044 2302 3322 2357 praecones
3372 2286 3509 2340 veri-

1955 2379 2104 2441 tatis,
2164 2378 2418 2434 Ecclesiaa
2452 2379 2789 2440 fundatores.
2843 2380 3123 2449 discipuli,
3163 2379 3417 2448 inquam,
3452 2386 3507 2431 et

1954 2469 2207 2538 apostoli,
2237 2469 2635 2524 descenderunt
2664 2486 2729 2524 ex
2788 2469 3029 2524 fontibus
3072 2468 3259 2524 Israel.
3299 2486 3317 2518 ε
3356 2466 3512 2520 Prin-

1952 2560 2120 2627 cipes,
2153 2579 2173 2611 ι
2209 2560 2407 2630 inquit,
2450 2580 2468 2612 ι
2500 2560 2663 2623 Juda,
2700 2562 2974 2631 principes
2998 2576 3207 2620 eorum,
3238 2559 3513 2630 principes

1952 2652 2217 2719 Zabulon,
2243 2663 2298 2707 et
2336 2654 2610 2722 principes
2647 2652 3012 2723 Nepbthalim.
3050 2675 3069 2705 ι
3098 2652 3201 2708 Ubi
3235 2669 3330 2723 per
3356 2654 3509 2722 signa

1951 2743 2195 2814 quedam
2228 2754 2282 2798 et
2312 2745 2554 2815 symbola
2586 2745 2855 2815 Pmpbeta
2899 2747 3229 2806 vaticinans,
3270 2744 3508 2813 generis.

1952 2851 2018 2890 ex
2054 2851 2164 2905 quo
2194 2838 2297 2890 orti
2358 2846 2516 2890 erant
2577 2837 2855 2906 discipuli,
2895 2838 3257 2906 proprietates
3289 2834 3513 2890 demon-

1952 2934 2108 2982 strat.
2144 2927 2285 2981 Inter
2324 2943 2460 2997 quos
2508 2928 2779 2996 reperitur
2841 2927 3026 2981 itidem
3073 2924 3514 2983 adolescentulus

1950 3020 2044 3074 ille
2094 3039 2112 3070 ι
2180 3019 2482 3088 Benjamin,
2546 3019 2601 3072 in
2638 3019 2840 3073 mentis
2885 3032 3111 3073 excessu
3176 3034 3194 3067 ›
3256 3015 3513 3084 mysteria

1949 3112 2315 3175 edoctus;ex
2370 3111 2577 3163 semine
2632 3109 2929 3175 Abraham,
2992 3109 3135 3164 tribu
3191 3105 3510 3176 Benjamin,

1950 3201 2153 3256 Paulus
2181 3202 2396 3256 divinus
2420 3201 2508 3255 ille
2534 3201 2836 3274 apostolus.

347 3283 516 3354 Πλὴν,
546 3284 595 3335 εί
622 3282 716 3336 καὶ
737 3284 803 3352 τῇ
855 3281 1198 3352 Ἰσραηλίτιδι
1228 3286 1494 3337 συνοικεῖν
1524 3286 1551 3337 6
1592 3285 1845 3357 βασιλεὺς

2017 3293 2285 3345 Caeterum
2318 3290 2444 3343 licet
2480 3264 2602 3345 cum
2637 3287 2937 3343 Israelitica
2973 3300 3192 3357 quoque
3225 3301 3317 3341 rex
3353 3285 3511 3339 babi-

270 3378 592 3446 ἱστορεῖται,
619 3374 732 3428 ἀλλ’
757 3377 1036 3444 ἀγαπᾶται
1069 3375 1252 3429 πλεῖον
1284 3377 1317 3445 ἡ
1359 3375 1628 3444 Ἀϐιγαία,
1656 3373 1689 3450 ᾗ
1722 3396 1844 3431 συν·

267 3468 415 3539 ᾠκει
447 3468 508 3521 τὸ
551 3469 813 3539 πρότερον
864 3470 892 3520 6
929 3467 1245 3539 Καρμήλιος
1276 3468 1499 3531 Νάϐαλ,
1549 3471 1579 3523 6
1627 3470 1845 3534 κυνικὸς

268 3562 526 3632 ἐπίκλην,
560 3562 589 3613 6
620 3562 823 3631 τραχὺς
854 3561 1058 3623 ἐκεῖνος
1084 3560 1178 3613 καὶ
1206 3559 1403 3633 δρειος,
1435 3563 1464 3614 6
1496 3561 1564 3614 τὰ
1597 3562 1844 3632 πρόϐατα

268 3654 498 3724 κείρων.
522 3648 594 3707 Οῦ
613 3650 1014 3720 διαφθαρέντος,
1042 3650 1369 3721 συνοικεῖτῷ
1393 3650 1601 3721 βασιλεῖ
1628 3656 1660 3722 ἡ
1681 3655 1839 3724 γυνὴ,

1946 3392 2066 3438 tare
2118 3392 2600 3444 commemoretur,
2657 3389 2895 3435 attamen
2958 3379 3236 3433 ardentius
3297 3384 3512 3431 amatur

1944 3476 2183 3544 Abigail,
2237 3488 2402 3543 quam
2440 3473 2594 3541 prius
2628 3486 2850 3525 uxorem
2889 3470 3154 3525 habuerat
3204 3468 3512 3524 Carmelius

1946 3569 2035 3621 ille
2057 3566 2251 3630 Nabal,
2278 3565 2517 3636 Cynicus
2544 3564 2980 3633 cognominatus,
3018 3575 3177 3630 asper
3208 3560 3320 3621 ille,
3351 3574 3510 3613 mon-

1945 3660 2091 3713 tibus
2114 3666 2390 3719 assuetus,
2417 3657 2645 3711 tondere
2671 3657 2868 3711 solitus
2894 3670 3043 3710 oves.
3076 3655 3196 3719 Quo
3226 3653 3508 3714 defuncto,

269 3745 373 3798 zeal
416 3744 675 3812 βασιλέων
712 3742 917 3811 γίνεται
955 3742 1155 3812 μήτηρ.
1199 3742 1266 3795 ἸΙ
1306 3742 1401 3812 μὲν
1438 3739 1530 3799 οὖν
1566 3746 1842 3818 ἐπιγραφὴ

1950 3753 2189 3822 iungitur
2246 3753 2337 3806 illa
2402 3751 2602 3805 mulier
2659 3752 2863 3819 nuptiis
2916 3749 3081 3818 regis,
3137 3748 3304 3817 ﬁtque
3337 3756 3510 3801 mater

268 3838 378 3907 τῆς
415 3835 732 3907 ψαλμῳδίας
817 3834 1052 3889 τοσαῦτα
1108 3834 1350 3907 περιέχει
1399 3838 1706 3907 μυστήρια.
1745 3839 1844 3909 τὴν

269 3931 420 3999 ὑπὲρ
460 3928 554 3982 τοῦ
602 3927 731 3982 λαοῦ
777 3927 872 3981 τοῦ
922 3926 1321 3998 μακρυνθέντος
1368 3928 1475 3981 ἀπὸ
1535 3929 1635 3984 τῶν
1676 3932 1844 3997 ἁγίων

270 4021 637 4091 σημαίνουσα.
674 4021 767 4073 καὶ
807 4020 905 4090 τὴν
940 4019 1030 4071 ἐπὶ
1060 4021 1171 4080 τοῖς
1212 4019 1628 4089 κατορθώμασιν
1702 4022 1843 4091 ὑπὲρ

266 4113 387 4167 τῶν
416 4113 724 4181 ἀλλοφύλων
754 4113 975 4183 στήλην,
1001 4112 1122 4182 ἥτις
1150 4110 1236 4164 διὰ
1263 4111 1370 4163 τῶν
1397 4112 1453 4165 ἐν
1482 4112 1617 4182 αὐτῇ
1659 4129 1842 4183 γραμ-

272 4203 489 4275 μάτων,
534 4205 645 4265 τοῖς
686 4200 785 4272 μὲν
834 4201 943 4254 ἀπὸ
973 4201 1072 4270 τῆς
1117 4200 1371 4262 ἀπιστίας
1409 4199 1516 4252 τῶν
1558 4201 1840 4263 Ἰουδαίων,

267 4294 482 4357 τνειδος
526 4294 782 4363 ἕστηκεν,
830 4294 943 4355 τοῖς
983 4292 1039 4345 δὲ
1082 4291 1170 4345 διά
1218 4293 1451 4355 πίστεως
1497 4292 1840 4362 σωζομένοις,

266 4387 469 4455 ὁδηγία
496 4385 631 4454 πρὸς
670 4384 730 4437 τὸ
764 4383 965 4451 ἀγαθὸν
1000 4382 1093 4435 καὶ
1131 4382 1451 4451 ὑπόδειγμα
1487 4384 1632 4436 Ama
1663 4384 1719 4436 δὲ
1747 4385 1843 4454 τῆς

270 4474 593 4549 ψαλμῳδίας
617 4477 686 4529 τὰ
717 4477 933 4546 ῥήματα
965 4474 1163 4544 μᾶλλόν
1193 4489 1306 4537 πως
1328 4475 1473 4527 δοκεῖ
1498 4476 1558 4527 οὐ
1591 4476 1840 4529 τοσοῦτον

272 4570 418 4639 πρὸς
444 4568 534 4620 τὸν
562 4568 898 4634 ἀναφανέντα
924 4564 1147 4633 βασιλέα
1174 4564 1407 4633 βλέπειν,
1432 4565 1554 4618 ὅσον
1580 4565 1716 4634 πρὸς
1742 4565 1841 4617 αὐ-

266 4659 371 4712 τὸν
398 4658 485 4711 τὸν
515 4657 681 4710 Δαϐὶδ
711 4658 802 4709 τὸν
831 4655 971 4709 κατὰ
1010 4654 1109 4724 τῆς
1151 4655 1347 4717 κακίας
1378 4656 1701 4725 ἀγωνιστὴν,
1744 4655 1839 4708 καὶ

264 4748 376 4818 τῆς
404 4748 602 4818 ἀρετῆς
627 4747 883 4817 ἐργάτην.
920 4746 1033 4799 Οὐκ
1064 4744 1128 4797 ἂν
1158 4744 1215 4797 δέ
1242 4762 1323 4808 τις
1351 4745 1574 4816 ἀπᾴδειν
1605 4746 1747 4798 είποι
1772 4745 1842 4799 τὰ

264 4839 376 4909 τῆς
413 4837 728 4908 ψαλμῳδίας
757 4837 1004 4905 νοήματα
1027 4873 1041 4895 ,
1087 4834 1221 4905 πρὸς
1260 4833 1329 4887 τὰ
1361 4835 1460 4905 τῆς
1495 4834 1717 4905 Γραφῆς
1758 4837 1842 4888 αί-

263 4933 536 5002 νίγματα.
597 4932 653 4984 '0
699 4929 807 5001 γάρ
854 4928 990 4998 πρὸς
1028 4929 1126 4999 τὴν
1172 4928 1444 4995 θεολογίαν
1476 4927 1709 4997 ἀληθῶς,
1745 4929 1841 4981 καὶ

262 5025 398 5079 καθ’
427 5024 485 5077 ὃν
515 5023 593 5075 δεῖ
616 5023 811 5094 τρόπον
842 5020 1072 5089 βλέπων,
1104 5019 1390 5089 σύμφωνον
1412 5020 1681 5083 ἀποδείξει
1703 5020 1840 5073 πάν-

262 5134 384 5179 τως
415 5115 506 5168 τὸν
550 5115 661 5184 βίον
687 5117 751 5185 τῇ
782 5114 982 5166 πίστει.
1015 5112 1182 5165 Τοῦτο
1223 5112 1278 5165 δὲ
1306 5113 1406 5164 οὐκ
1436 5111 1636 5173 ἄλλως,
1680 5113 1729 5163 εί
1764 5111 1837 5181 μὴ

265 5207 375 5277 τῆς
426 5206 692 5277 σαρκικῆς
741 5203 1153 5264 ἐπαναστάσεως
1201 5201 1287 5253 διὰ
1338 5201 1446 5254 τῶν
1494 5200 1595 5269 τῆς
1639 5200 1839 5269 ἀρετῆς

265 5298 716 5368 ἐπιτηδευμάτων
738 5295 1167 5363 καταπεσούσης.
1203 5294 1425 5365 Ἀρετῆς
1445 5294 1500 5347 δὲ
1527 5294 1836 5362 κεφάλαιον,

266 5394 308 5461 ἡ
360 5390 450 5441 τοῦ
495 5388 629 5441 Θεοῦ
682 5387 996 5457 συμμαχία,
1025 5382 1092 5457 ἦς
1126 5384 1367 5450 ἀξιοῦται
1409 5386 1437 5437 6
1486 5385 1626 5437 θεῖον
1664 5384 1840 5438 ἔλαιον

266 5480 454 5550 ἑαυτῷ
481 5480 570 5533 διὰ
598 5480 694 5548 τῆς
737 5478 880 5548 ζωῆς
924 5477 1308 5547 οἰκειούμενος.
1345 5478 1552 5545 ’Ὠσπερ
1596 5475 1651 5528 δὲ
1683 5474 1840 5537 εἴτις

265 5571 473 5643 λῃστοῦ
538 5588 679 5633 τινος
730 5570 1045 5633 ἐπελθόντος
1090 5569 1122 5639 ἢ
1182 5569 1535 5637 ἀνδροφόνου,
1593 5565 1733 5619 κατά
1779 5567 1849 5619 τὸ

267 5664 490 5735 ἀθρόον,
515 5662 821 5716 ἐπικαλοῖτο
840 5660 947 5714 τῶν
972 5661 1141 5730 φίλων
1166 5660 1315 5722 τινὰς
1338 5662 1415 5722 εἰς
1443 5658 1716 5728 βοήθειαν,
1740 5659 1839 5712 οὐκ

346 5844 393 5877 ’θ
441 5841 625 5895 Μίιιιιι.
669 5856 777 5905 XXI,
818 5839 904 5894 45.
983 5840 998 5868 ¹
1038 5837 1180 5892 Psal.
1213 5852 1378 5901 vau,
1428 5835 1520 5889 ΞῚ.

1943 3858 2153 3912 regum.
2219 3842 2390 3911 Igitur
2455 3841 2746 3908 inscriptio
2804 3840 3000 3909 psalmi
3071 3838 3200 3890 talia
3262 3837 3509 3890 continet

1944 3935 2224 4005 mysteria,
2258 3934 2507 3987 indicans
2538 3932 2789 3986 videlicet
2822 3932 3038 3984 titulum
3063 3945 3160 3983 seu
3195 3930 3504 3982 columnam

1947 4042 2044 4094 pro
2072 4026 2277 4094 populo
2317 4041 2344 4078 a
2382 4025 2590 4079 sanctis
2623 4025 2896 4093 elongato.
2938 4031 2991 4075 et
3023 4021 3236 4090 egregia
3287 4021 3376 4074 illa
3408 4036 3507 4089 pro

1943 4116 2267 4185 alienigenis
2298 4115 2542 4168 facinora
2570 4133 2584 4180 ;
2622 4131 2743 4184 qua:
2775 4130 2869 4183 per
2899 4115 3106 4167 litteras
3155 4113 3258 4168 sibi
3311 4113 3508 4167 inseri-

1943 4213 2085 4275 ptas,
2115 4205 2316 4260 Iudaeis
2345 4206 2563 4275 quidem
2610 4206 2680 4259 ob
2708 4204 2982 4274 perﬁdiam
3044 4204 3096 4257 in
3153 4204 3502 4272 opprobrium

1943 4307 2126 4352 erecta
2161 4306 2284 4353 est:
2318 4299 2424 4353 illis
2456 4314 2604 4356 vero,
2638 4297 2729 4367 qui
2767 4312 2861 4366 per
2894 4296 3051 4350 ﬁdem
3111 4298 3412 4358 salvantur,
3450 4297 3504 4348 in

1942 4391 2136 4445 ducem
2183 4400 2239 4444 et
2286 4391 2590 4460 exemplum
2626 4389 2693 4444 ad
2724 4405 2940 4443 omnem
2988 4388 3506 4457 lionestatem.‘lpsa

1944 4493 2122 4537 autem
2171 4483 2368 4553 psalmi
2404 4482 2568 4536 verba
2628 4496 2736 4534 non
2783 4487 2892 4531 tam
2943 4480 3218 4547 respicere
3252 4478 3507 4533 videntur

1942 4588 2121 4643 regem
2170 4573 2346 4634 illum,
2381 4570 2475 4640 qui
2532 4586 2655 4625 sese
2703 4571 2860 4624 nobis
2891 4584 2923 4623 e
2971 4570 3110 4623 coelo
3165 4568 3505 4623 descendens

1942 4664 2225 4736 patefecit,
2258 4679 2423 4734 quam
2460 4664 2638 4733 ipsum
2693 4662 2973 4723 Davidem,
3007 4660 3187 4714 omnis
3243 4660 3509 4729 improbi-

1943 4754 2072 4809 tatis
2104 4753 2517 4816 debellatorem,
2555 4751 2879 4819 virtutisque
2932 4757 3280 4803 sectatorem.
3314 4747 3502 4817 Neque

1941 4857 2071 4897 vero
2113 4841 2311 4895 dixerit
2364 4840 2487 4909 quis
2517 4837 2840 4893 sententiam
2894 4835 3087 4905 psalmi
3120 4850 3149 4887 a
3208 4834 3503 4904 Scriptura:

1942 4934 2245 5004 aenigmatis
2279 4932 2641 4999 obscurisque
2686 4928 2940 4985 sensibus
2975 4928 3309 4994 discrepare.
3369 4923 3504 4978 Nam

1943 5024 2036 5094 qui
2071 5038 2195 5077 vere
2250 5030 2315 5075 et-
2355 5038 2422 5075 eo
2468 5036 2576 5089 quo
2635 5020 2791 5075 decet
2827 5019 3009 5079 modo,
3038 5018 3104 5071 ad
3155 5016 3502 5085 theologiam,

1943 5129 2239 5182 rerumque
2278 5115 2583 5167 caelestium
2608 5113 2973 5182 cognitionem
2996 5111 3187 5165 oculos
3208 5098 3520 5169 convertit,‘

1945 5205 2039 5261 ille
2059 5206 2225 5258 vitam
2252 5220 2374 5259 cum
2410 5205 2511 5259 ﬁde
2540 5204 2849 5258 conformat
2873 5222 2885 5257 :
2912 5201 3054 5271 quod
3088 5200 3245 5254 aliter
3280 5214 3386 5252 non
3424 5200 3499 5257 lit,

1947 5314 2110 5368 quam
2144 5299 2188 5352 si
2222 5298 2472 5351 carnales
2512 5297 2878 5367 appetitiones
2932 5294 3114 5348 studio
3160 5294 3419 5346 virtutum
3453 5302 3506 5345 et

1946 5388 2332 5445 exercitatione
2377 5388 2825 5456 comprimantur,
2862 5392 2916 5438 et
2945 5386 3287 5441 edomeutur.
3321 5380 3496 5448 Caput

1944 5492 2075 5533 vero
2098 5478 2318 5532 virtutis
2357 5486 2440 5532 est
2474 5476 2563 5530 Dei
2594 5475 2898 5530 subsidium
2943 5483 2998 5528 et
3043 5473 3326 5532 auxilium,
3357 5470 3500 5538 quod

1944 5569 1992 5624 ei
2031 5569 2280 5638 obtingit.
2312 5568 2403 5637 qui
2450 5567 2688 5621 divinam
2732 5564 3163 5621 misericordiam
3215 5578 3310 5631 per
3338 5563 3502 5615 vitam

1946 5660 2048 5715 sibi
2079 5661 2357 5714 conciliat.
2388 5657 2854 5724 Quemadmodum
2883 5666 3063 5710 autem
3093 5655 3302 5709 latrone
3324 5663 3376 5710 et
3408 5656 3504 5709 bo-
