4044 6536
490 422 594 478 579

1620 425 1626 430 ’
1715 421 1771 474 S.
1800 418 2122 475 GREGORII
2143 419 2436 477 NYSSENI

3655 418 3759 474 580

486 545 685 601 micida
707 543 960 614 quopiam
985 555 1050 595 ex
1082 537 1382 609 improviso
1402 539 1664 602 irruente,
1685 543 1902 593 invocat
1921 540 2043 608 quis

2155 539 2325 609 ipxﬁw
2352 538 2528 610 ἐαυτῷ
2561 539 2695 612 πρὸς
2720 541 2818 612 τὴν
2847 539 2954 594 τῶν
2983 541 3242 597 κινδύνων
3277 540 3630 611 ἀποφυγήν
3662 541 3754 593 οὔ·

487 636 716 698 amicos,
751 643 808 688 ut
835 631 1114 702 suppetias
1149 629 1352 695 ferant,
1384 645 1494 686 non
1532 639 1826 686 contentus
1867 631 2050 700 seipse

486 730 555 783 ad
604 726 832 799 periculi
887 725 1035 780 illius
1065 724 1246 794 fugam
1278 737 1290 772 :
1320 725 1395 776 ita
1429 731 1484 778 et
1536 723 1626 778 hic
1665 723 1718 777 in
1752 723 2052 777 certamine

487 821 865 882 constitutus,
930 824 1154 888 propter
1220 815 1635 884 impressionem
1700 815 1767 868 ab
1830 813 2051 867 homine

488 915 708 976 factam,
743 912 1039 981 (hominem
1088 909 1404 968 nominans.
1449 916 1659 962 natura
1695 913 1898 961 nostra:
1930 920 2050 975 per-

487 1004 826 1058 turbationes
874 1013 926 1057 et
955 1001 1271 1056 affectiones
1317 1001 1527 1055 indicat
1570 1014 1702 1054 voce
1741 996 2048 1065 collectiva)

485 1097 702 1150 invocat
754 1110 1053 1166 supernum
1093 1093 1382 1156 auxilium,
1437 1092 1751 1147 conculcari
1809 1106 1929 1147 sese
1982 1090 2050 1143 ab

485 1189 706 1243 inimico
737 1189 947 1248 dicens,
980 1186 1304 1257 fatigarique
1333 1194 1387 1239 et
1406 1185 1681 1248 tribulari,
1712 1197 1892 1254 pugna
1918 1196 2050 1236 con-

484 1281 666 1334 tinuos
697 1280 814 1333 dies
847 1279 1098 1331 durante.

554 1370 737 1438 Neque
766 1369 912 1422 enim
951 1383 1117 1421 unum
1147 1366 1414 1430 duntaxat
1445 1365 1822 1420 adversarium
1861 1381 2049 1421 secum

483 1460 806 1529 conﬂigendi
843 1473 1010 1513 causa
1043 1457 1323 1526 congredi,
1379 1457 1474 1512 sed
1512 1458 1733 1510 unicum
1771 1457 2047 1512 hominem

485 1554 656 1605 instar
682 1549 1047 1603 multitudinis
1075 1547 1314 1602 hostium
1344 1561 1488 1601 esse.
1511 1547 1601 1600 Ait
1621 1546 1804 1601 cnim:
1841 1564 1859 1597 ι
1899 1545 2048 1601 Con-

483 1643 836 1696 culcavcrunt
867 1654 953 1693 me
1007 1638 1216 1692 inimici
1269 1638 1374 1690 mei
1411 1644 1524 1690 tota
1557 1637 1666 1698 die,
1708 1654 1726 1688 ι
1763 1636 1952 1691 missis
1981 1637 2049 1691 ab

481 1736 590 1788 alto
609 1733 828 1804 jaculis,
851 1746 916 1787 eo
941 1731 1085 1800 quod
1111 1731 1418 1800 superiores
1441 1732 1551 1785 sint
1578 1744 1682 1795 me,
1702 1728 1795 1799 qui
1827 1728 2050 1782 concul-

481 1841 595 1880 cor.
619 1824 803 1893 Neque
825 1823 877 1877 id
903 1823 1046 1892 quod
1078 1821 1300 1884 accidit,
1323 1821 1389 1875 de
1412 1821 1500 1876 die
1525 1820 1581 1874 fit
1605 1830 1658 1876 et
1678 1821 1801 1874 luce
1823 1821 2001 1889 palam
2031 1837 2044 1873 :

482 1932 588 1970 non
620 1917 762 1970 enim
816 1914 1145 1977 timuissem,
1195 1913 1240 1967 si
1273 1913 1453 1982 palam
1490 1927 1704 1967 mecum
1761 1913 2045 1982 congressi

483 2021 687 2063 essent.
742 2006 823 2061 Ob
884 2007 934 2060 id
991 2006 1185 2060 addit:
1249 2024 1268 2055 ι
1311 2003 1384 2060 De
1423 2004 1510 2058 die
1565 2019 1676 2058 non
1735 2004 1980 2067 timebo;
2019 2021 2039 2056 ι

481 2097 647 2151 tacite
680 2097 967 2150 insinuans
1002 2096 1056 2148 in
1093 2093 1332 2149 tenebris
1379 2109 1438 2148 se
1477 2094 1544 2148 ab
1580 2093 1831 2148 hostibus
1865 2101 2047 2149 exter-

482 2189 682 2252 relieri,
721 2198 774 2242 et
807 2186 1097 2241 formidine
1150 2185 1390 2254 percelli.
1432 2183 1536 2239 Sed
1595 2185 1718 2239 talis
1751 2185 1893 2238 diem
1931 2186 2048 2255 ipse

481 2281 587 2337 sibi
636 2288 912 2352 procreat,
968 2278 1246 2346 Sperando
1297 2285 1351 2331 ln
1402 2277 1598 2340 lucem,
1651 2291 1758 2344 qua
1809 2278 2048 2330 tenebrae

482 2371 840 2441 dispellantur
868 2388 882 2422 :
923 2386 942 2419 ι
984 2367 1060 2422 De
1087 2367 1177 2422 die
1210 2383 1318 2420 non
1352 2367 1579 2433 timebo,
1613 2382 1714 2436 ego
1747 2381 1876 2421 vero
1907 2369 1961 2421 in
1994 2377 2048 2423 te

481 2465 734 2533 sperabo.
775 2481 794 2514 ι
829 2459 988 2515 Forte
1019 2470 1199 2514 autem
1242 2461 1568 2514 sententiam
1601 2473 1811 2522 eorum,
1843 2474 1964 2527 quae
1991 2459 2047 2513 in

487 2557 588 2608 hoc
625 2554 836 2623 psalmo
867 2552 1070 2622 scripta
1100 2559 1252 2615 sunt,
1283 2550 1458 2619 magis
1485 2557 1830 2618 asscquetur,
1855 2551 1945 2618 qui
1979 2549 2047 2602 ad

487 2644 864 2714 inscriptionis
893 2643 1121 2712 aenigma
1145 2657 1266 2696 sese
1291 2649 1571 2696 convertet
1595 2657 1610 2706 ;
1637 2641 1876 2710 quandiu
1901 2641 2046 2695 enim

483 2737 722 2788 humana
761 2735 910 2788 natio
941 2749 971 2786 a
999 2733 1207 2788 sanctis
1237 2732 1445 2802 angelis
1490 2734 1650 2802 longe
1681 2731 1874 2785 dissita
1907 2740 2044 2797 erat,

481 2824 912 2879 conculcabatur
984 2823 1053 2877 ab
1125 2821 1609 2876 immoderatarum
1700 2821 2046 2874 affectionum

483 2920 700 2975 natura,
729 2911 1139 2981 angebaturque
1177 2918 1231 2964 et
1264 2909 1666 2979 defatigabatur
1688 2902 1899 2981 pugnae
1929 2925 2048 2978 per-

479 3004 744 3074 petuitate
776 3018 840 3058 ex
871 3001 1034 3058 editis
1073 3011 1128 3057 et
1158 3002 1534 3071 superioribus
1570 3001 1706 3056 locis
1742 3001 1999 3070 impedita
2028 3019 2043 3054 :

481 3103 771 3166 propterea
824 3104 991 3149 noctu
1054 3095 1292 3149 maxime
1337 3094 1775 3164 pertimescebat.
1819 3094 2046 3159 Quando

481 3195 664 3241 autem
704 3187 943 3257 speravit
993 3185 1049 3239 in
1083 3185 1217 3249 Deo,
1277 3201 1375 3257 spe
1415 3187 1507 3240 illa
1559 3187 1614 3240 in
1669 3187 1826 3240 vanis
1884 3185 2047 3240 rebus

479 3279 681 3347 posita,
711 3278 859 3333 velut
896 3278 1135 3348 pondere
1181 3278 1443 3347 quodam,
1499 3278 1755 3347 abiecta;
1811 3285 1938 3331 tunc
1992 3276 2050 3330 in

484 3368 675 3424 laudes
709 3369 915 3440 preprii
949 3370 1219 3425 sermonis
1240 3372 1421 3439 erupit
1475 3371 1566 3440 qui
1603 3371 1736 3425 nihil
1767 3370 1910 3424 aliud
1943 3377 2047 3434 est,

481 3477 646 3531 quam
677 3460 953 3516 confessio
985 3461 1128 3516 fidei.
1162 3462 1253 3515 Ait
1281 3464 1427 3518 enim
1462 3481 1474 3516 :
1515 3482 1534 3515 ι
1578 3461 1636 3516 1η
1677 3461 1786 3516 Deo
1817 3461 2052 3515 laudabo

484 3568 769 3609 sermones
822 3569 994 3608 meos.
1033 3572 1052 3605 ι
1091 3552 1198 3607 Sed
1235 3554 1332 3609 hos
1387 3570 1542 3611 meos
1576 3569 1859 3610 sermones
1894 3553 2052 3608 laude

483 3646 680 3714 dignos
716 3654 1077 3699 exsecrantur
1108 3645 1314 3698 inimici
1349 3645 1477 3711 mei,
1515 3646 1606 3716 qui
1653 3660 1868 3699 omnem
1901 3645 2053 3714 cogi-

486 3737 750 3792 tationem
785 3751 940 3792 suam
991 3751 1056 3790 eo
1108 3744 1458 3800 convertunt,
1495 3745 1553 3790 ut
1607 3735 1738 3790 mihi
1799 3744 2052 3801 noceant,

484 3827 842 3898 occultasque
867 3834 922 3883 et
948 3827 1300 3883 absconditas
1335 3828 1588 3892 insidias,
1609 3828 1738 3883 dum
1767 3844 1889 3884 cum
1918 3829 2053 3900 ipsis

485 3917 694 3979 habito.
725 3925 980 3984 struant;
1015 3919 1109 3988 qui
1155 3933 1307 3972 suam
1345 3927 1514 3973 artem
1552 3917 1886 3984 factitantes,
1944 3935 2053 3974 non

485 4018 706 4064 cessant
755 4009 1050 4064 observare
1099 4009 1418 4064 calcaneum
1477 4026 1694 4064 memn:
1755 4010 1858 4063 hoc
1909 4010 2053 4064 enim

487 4114 628 4171 opus
665 4108 749 4155 est
773 4101 913 4169 ejus,
936 4099 1030 4171 qui
1063 4100 1132 4155 ab
1164 4100 1321 4155 initio
1354 4099 1628 4154 homicida
1658 4099 1763 4153 fuit
1789 4101 1839 4166 ’,
1865 4099 2057 4154 obser-

486 4207 612 4245 vare
664 4193 980 4246 calcaneuin
1039 4191 1350 4254 hominis':
1388 4198 1443 4243 at
1503 4191 1646 4244 enim
1698 4190 1826 4245 licet
1881 4189 2054 4244 hostis

491 4283 780 4350 impressio
832 4283 1015 4351 gravis
1072 4282 1163 4345 sit,
1203 4281 1497 4349 repelletur
1544 4291 1724 4336 tamen
1792 4280 2055 4336 beneficio

489 4373 677 4427 auxilii
713 4373 792 4425 tui
821 4391 833 4424 :
868 4385 992 4426 nam
1021 4372 1192 4440 gratis
1227 4372 1538 4426 hominibus
1571 4373 1721 4426 salus
1751 4381 1856 4428 ate
1885 4374 2052 4439 venit,

488 4477 600 4516 non
621 4477 691 4514 ex
717 4461 976 4530 operibus
1008 4460 1253 4529 iustitiae,
1305 4460 1400 4514 sed
1428 4477 1493 4515 ex
1544 4462 1660 4515 sola
1714 4471 1807 4516 tua
1836 4465 2007 4533 gratia
2037 4483 2049 4518 :

2149 647 2227 683 τω
2272 632 2364 684 καὶ
2406 631 2640 685 ἐνταῦθα
2688 630 2977 702 ἐναγώνιος
3029 632 3124 698 ὢν,
3165 635 3258 688 διὰ
3316 633 3431 703 τῆς
3481 632 3631 704 πρὸς
3661 633 3757 686 τὸν

2149 721 2433 790 ἄνθρωπον
2463 723 2784 793 συμπλοκῆς
2806 726 2826 794 (
2843 723 3127 796 ἄνθρωπον
3149 724 3205 778 δὲ
3233 723 3457 792 λέγων,
3491 726 3562 793 τῇ
3597 740 3756 792 περι-

2149 811 2385 882 ληπτικῇ
2426 816 2574 884 φωνῇ
2626 813 2695 867 τά
2741 816 2840 885 τῆς
2885 814 3098 884 φύσεως
3139 815 3500 868 ἐνδείκνυται
3548 813 3752 882 πάθη)

2151 905 2490 958 ἐπικαλεῖται
2523 906 2620 976 τὴν
2660 907 2863 960 ἄνωθεν
2895 905 3166 978 βοήθειαν,
3210 905 3532 960 πατεῖσθαι
3575 903 3753 972 λέγων

2151 1013 2225 1048 πα
2234 995 2301 1062 ρὰ
2319 995 2412 1048 τοῦ
2433 996 2814 1066 πολεμοῦντος,
2845 999 2940 1050 καὶ
2964 997 3042 1068 τῷ
3067 996 3413 1068 πανημερίῳ
3437 995 3545 1066 τῆς
3569 995 3755 1065 μάχης

2147 1089 2507 1160 ἀπαγορεύειν
2537 1108 2594 1145 τε
2627 1091 2719 1144 καὶ
2746 1091 3103 1146 ἐκθλίϐεσθαι.

2217 1363 2363 1435 Μηδέ
2406 1363 2515 1435 γὰρ
2567 1363 2725 1434 μόνον
2771 1363 3056 1433 τυγχάνειν
3087 1363 3178 1418 τὸν
3221 1363 3319 1417 διά
3347 1363 3471 1416 τῶν
3517 1363 3750 1431 ἀγώνων

2147 1458 2296 1527 αὐτῷ
2331 1457 2797 1527 συμπλεκόμενον,
2836 1457 2970 1510 ἀλλὰ
3005 1457 3172 1528 δῆμον
3218 1455 3449 1526 ἐχθρῶν
3480 1451 3624 1508 εἶναι
3656 1455 3746 1508 τὸν

2147 1547 2243 1602 ἕνα
2271 1547 2571 1619 ἄνθρωπον.
2600 1566 2617 1598 ι
2653 1547 3051 1617 Κατεπάτησαν
3074 1546 3182 1616 γάρ
3213 1563 3309 1616 με,
3352 1565 3372 1596 ι
3409 1545 3608 1615 φησὶν,
3647 1563 3665 1596 ι
3697 1547 3746 1597 oi

2148 1639 2332 1711 ἐχθροί
2365 1657 2464 1711 μου
2493 1639 2622 1710 δλην
2649 1638 2746 1710 τὴν
2777 1637 2988 1710 ἡμέραν
3023 1656 3043 1690 ι
3077 1639 3185 1692 ἀπὸ
3217 1636 3399 1708 ὕψους
3431 1637 3741 1706 βάλλοντες,

2147 1731 2234 1784 διὰ
2254 1729 2348 1784 τοῦ
2374 1730 2623 1799 γενέσθαι
2652 1728 2746 1784 τοῦ
2774 1728 3108 1799 πατουμένου
3139 1727 3468 1798 ὑπέρτεροι.
3502 1728 3618 1780 Καὶ
3647 1729 3744 1780 ούκ

2151 1825 2208 1877 ἐν
2243 1823 2424 1894 ἡμέρᾳ
2455 1823 2622 1885 ἐστὶν,
2655 1821 2774 1874 ούδέ
2809 1823 2866 1875 ἐν
2895 1821 3035 1890 φωτὶ
3077 1819 3504 1890 τδγινόμενον,
3535 1818 3598 1871 ού
3637 1819 3743 1888 γάρ

2152 1911 2218 1965 ἂν
2265 1910 2534 1982 ἐφοϐήθην
2577 1910 2685 1964 ἀπὸ
2723 1909 2816 1962 τοῦ
2869 1908 3043 1978 φωτὸς
3091 1906 3589 1978 συμμαχούμενος.
3645 1910 3741 1960 Διὰ

2153 2002 2309 2054 τοῦτό
2363 2019 2523 2072 φησιν
2547 2019 2562 2033 ·
2598 2020 2617 2053 ι
2664 2001 2904 2072 Ἡμέρας
2940 2000 3000 2052 οὑ
3037 1998 3448 2070 φοϐηθήσομαι.
3488 2016 3509 2049 ι
3557 1996 3740 2067 Δηλῶν

2154 2093 2295 2146 κατὰ
2324 2093 2383 2145 τὸ
2418 2092 2790 2162 σιωπώμενον,
2817 2092 2877 2144 τὸ
2903 2091 2990 2144 διὰ
3015 2091 3108 2144 τοῦ
3142 2091 3373 2153 σκότους
3405 2089 3562 2160 αὐτῷ
3587 2090 3737 2162 παρά

2151 2183 2260 2235 τῶν
2289 2180 2498 2251 ἐχθρῶν
2529 2181 2620 2234 τὸν
2651 2180 2812 2250 φόϐον
2843 2180 3161 2250 ἐπάγεσθαι.
3205 2179 3352 2234 Ἀλλ’
3380 2179 3568 2250 ἐαυτῷ
3606 2182 3739 2252 ἡμέ-

2157 2290 2254 2344 ραν
2291 2275 2320 2326 ὀ
2355 2271 2590 2334 τοιοῦτος
2627 2275 2786 2337 ποιεῖ,
2824 2270 2910 2324 διὰ
2944 2267 3039 2325 τοῦ
3077 2270 3319 2335 ἐλπίζειν
3365 2273 3461 2324 ἐπὶ
3499 2271 3562 2325 τὸ
3597 2273 3730 2340 φῶς,

2151 2365 2217 2418 δι’
2243 2359 2302 2418 οὗ
2333 2364 2394 2416 τὸ
2425 2364 2613 2427 σκότος
2642 2363 3036 2432 ἐξαφανίζεται.
3075 2383 3093 2414 ι
3130 2363 3380 2434 Ἡμέρας
3403 2365 3466 2416 ού
3499 2363 3735 2433 φοϐηθή-

2155 2473 2336 2527 σομαι·
2371 2455 2480 2524 ἐγὼ
2511 2456 2568 2508 δέ
2596 2456 2766 2508 ἐλπιῶ
2788 2456 2879 2508 ἐπὶ
2907 2455 2990 2508 σέ.
3019 2475 3038 2508 ι
3066 2455 3216 2526 Τάχα
3244 2455 3303 2509 δέ
3327 2455 3398 2509 ἄν
3427 2473 3515 2520 τις
3535 2455 3730 2525 μᾶλλον

2153 2547 2429 2601 καθίκοιτο
2475 2544 2576 2614 τῆς
2625 2544 2735 2597 τῶν
2783 2543 3179 2615 γεγραμμένων
3214 2544 3488 2609 διανοίας,
3527 2543 3588 2596 τὸ
3635 2543 3731 2612 τῆς

2153 2636 2461 2710 ἐπιγραφῆς
2489 2637 2716 2705 αἴνιγμα
2757 2634 2987 2705 βλέπων.
3019 2634 3162 2697 Ἕως
3191 2633 3303 2704 γὰρ
3335 2631 3408 2705 ἦν
3433 2636 3464 2687 ό
3492 2633 3602 2687 τῶν
3635 2634 3730 2686 άν⁹

2153 2729 2383 2801 θρὼπων
2417 2728 2543 2791 λαὸς
2585 2727 2692 2780 τῶν
2730 2726 2899 2794 ἁγίων
2935 2725 3179 2794 ἀγγέλων
3229 2724 3732 2797 μεμακρυμμένος,

2154 2822 2247 2876 καὶ
2276 2823 2530 2874 ἐπατεῖτο
2553 2819 2657 2872 ὑπὸ
2683 2818 2791 2871 τῶν
2816 2817 3152 2887 παθημάτων
3176 2817 3276 2888 τῆς
3302 2816 3556 2886 φύσεως,
3583 2818 3639 2871 ἐν
3657 2815 3731 2886 τῷ

2151 2915 2361 2985 διαρκεῖ
2384 2911 2478 2965 τοῦ
2505 2911 2739 2980 πολέμου
2767 2908 3124 2979 ἀπαγορεύων
3150 2909 3243 2962 καὶ
3271 2909 3696 2980 συνθλιϐόμενος
3713 2950 3728 2969 ,

2153 3007 2248 3060 καὶ
2278 3006 2343 3058 ἐκ
2370 3003 2476 3057 τῶν
2522 3001 2932 3072 ὑπερκειμένων
2964 3000 3306 3071 βαλλόμενος.
3362 3002 3459 3054 καὶ
3493 3002 3549 3054 ἐν
3580 3000 3728 3054 νυκτὶ

2153 3096 2243 3149 τὸν
2276 3094 2438 3165 φόϐον
2476 3093 2615 3163 ἔχων
2635 3109 2650 3124 ο
2680 3093 2769 3145 ὅτε
2798 3091 2856 3144 δέ
2893 3090 3118 3162 ἤλπισεν
3157 3091 3250 3144 ἐπὶ
3292 3091 3401 3145 τὸν
3441 3091 3606 3155 Θεὸν,
3635 3090 3728 3161 τὴν

2156 3189 2284 3260 περὶ
2308 3189 2374 3240 τὰ
2398 3187 2600 3256 μάταια
2627 3183 3051 3254 πεπλανημένην
3075 3182 3283 3246 ἐλπίδα,
3312 3179 3440 3236 οἷον
3463 3183 3524 3235 τὸ
3553 3183 3726 3253 ἄχθος,

2153 3279 2601 3349 ἀποσεισάμενος,
2623 3276 2743 3329 τότε
2763 3275 3022 3345 ἐπῄνεσεν
3045 3277 3170 3338 τοὺς
3189 3274 3397 3328 ἐαυτοῦ
3425 3275 3631 3344 λόγους,
3660 3275 3730 3327 οῖ-

2151 3372 2294 3435 τινές
2321 3373 2458 3424 εἰσιν
2486 3372 2518 3440 ἡ
2547 3368 2802 3440 ὁμολογία
2826 3367 2926 3437 τῆς
2955 3367 3205 3431 πίστεως.
3239 3386 3258 3420 ‹
3301 3367 3440 3420 Ἐπὶ
3458 3367 3535 3436 τῷ
3560 3367 3673 3436 Θεῷ
3702 3383 3721 3418 ι

2153 3463 2281 3534 γὰρ,
2309 3463 2491 3531 φησὶν,
2520 3479 2538 3510 ι
2563 3461 2837 3514 ἐπαινέσω
2855 3459 2977 3522 τοὺς
2999 3458 3188 3526 λόγους
3201 3476 3331 3530 μου.
3375 3477 3394 3510 ι
3433 3459 3590 3512 Ἀλλά
3610 3457 3726 3511 τού-

2152 3570 2298 3615 τους,
2341 3553 2533 3622 φησὶν,
2565 3552 2688 3615 τοὺς
2723 3551 3035 3613 ἐπαινετοὺς
3063 3549 3274 3618 λόγους,
3309 3552 3372 3603 οὶ
3403 3550 3584 3622 ἐχθροί
3628 3567 3722 3620 μου

2157 3645 2555 3716 βδελύσσονται,
2571 3647 2698 3708 τοὺς
2717 3647 2833 3698 κατ’
2855 3643 2988 3714 ἐμοῦ
3015 3644 3306 3716 λογισμοὺς
3334 3648 3425 3709 είς
3455 3645 3620 3700 κακὸν
3641 3645 3721 3697 εύ-

2156 3737 2450 3810 ρίσκοντες,
2484 3739 2580 3791 καὶ
2605 3735 2967 3791 λανθάνουσαν
3007 3737 3100 3789 καὶ
3137 3737 3533 3809 κεκρυμμένην
3560 3737 3617 3788 ἐν
3644 3733 3718 3805 τῷ

2156 3831 2438 3899 παροικεῖν
2467 3827 2566 3898 τὴν
2605 3827 2892 3900 ἐπιϐουλὴν
2919 3828 3384 3893 διασκευάζοντες.
3416 3828 3478 3882 Οἳ
3505 3827 3565 3880 τὸ
3592 3827 3716 3880 ῐδιον

2155 3919 2362 3974 ἑαυτῶν
2390 3920 2722 3990 ἐπιτήδευμα
2755 3918 3067 3984 ποιοῦντες,
3097 3921 3156 3973 ού
3202 3919 3467 3974 παύονται
3502 3919 3586 3972 ἀεί
3620 3934 3715 3988 μου

2155 4013 2254 4084 τὴν
2296 4013 2532 4084 πτέρναν
2579 4011 3053 4082 ἐπιφυλάσσοντες.
3091 4011 3258 4065 Τοῦτο
3301 4012 3412 4082 γάρ
3449 4012 3507 4078 ἐξ
3552 4010 3714 4080 ἀρχῆς

2155 4105 2599 4176 ἀνθρωποκτόνου
2627 4105 2688 4157 τὸ
2712 4103 2892 4174 ἔργον,
2923 4103 2984 4156 τὸ
3011 4105 3285 4174 ἐπιτηρεῖν
3312 4105 3408 4158 τοῦ
3436 4101 3712 4173 ἀνθρώπου

2156 4196 2254 4268 τὴν
2287 4197 2544 4266 πτέρναν.
2606 4195 2743 4248 Ἀλλ’
2787 4197 2836 4248 εί
2877 4195 2971 4249 καὶ
3005 4195 3194 4265 βαρεῖα
3227 4195 3336 4249 τῶν
3371 4195 3636 4266 πολεμίων
3680 4194 3711 4263 ἠ

2157 4288 2453 4360 προσϐολὴ,
2481 4288 2570 4342 διὰ
2595 4289 2695 4357 τῆς
2725 4286 3037 4358 συμμαχίας
3065 4287 3164 4354 τῆς
3194 4287 3292 4356 σῆς
3315 4286 3710 4356 ἀπωθήσονται’

2158 4381 2356 4449 προῖκα
2390 4380 2500 4440 τοῖς
2531 4377 2838 4448 ἀνθρώποις
2865 4377 3015 4448 παρὰ
3049 4376 3142 4431 σοῦ
3173 4379 3462 4450 γινομένης
3486 4381 3582 4449 τῆς
3611 4381 3709 4430 cui:

2155 4469 2368 4540 τηρίας.
2413 4469 2526 4522 Ούκ
2560 4467 2621 4531 ἐξ
2659 4467 2830 4539 ἔργων
2863 4467 2970 4519 τῶν
3005 4470 3068 4520 ἐκ
3113 4469 3478 4540 δικαιοσύνης,
3513 4468 3624 4522 ἀλλ’
3652 4468 3710 4518 ἐκ

493 4565 515 4600 ι
553 4545 660 4603 Pro
681 4547 852 4600 nihilo
879 4547 1022 4601 enim
1049 4548 1232 4602 salvos
1260 4547 1426 4604 facies
1449 4550 1593 4603 illos.
1628 4568 1645 4600 ι
1675 4548 1812 4604 Tota
1843 4561 2048 4616 autem,

2156 4561 2328 4630 μόνης
2358 4559 2453 4629 τῆς
2482 4558 2582 4628 σῆς
2604 4561 2842 4628 χάριτος.
2868 4575 2887 4608 ι
2913 4558 3080 4628 ’Υπὲρ
3106 4559 3213 4630 γὰρ
3238 4559 3328 4613 τοῦ
3361 4560 3582 4631 μηδενὸς
3609 4556 3707 4611 σώ-

488 4655 610 4712 qute
639 4638 910 4708 sequitur,
959 4639 1153 4708 psalmi
1197 4639 1387 4704 series,
1439 4641 1842 4696 revocationem
1867 4651 1921 4697 et
1970 4645 2055 4699 in-

491 4733 880 4789 staurationem
911 4731 1134 4784 humani
1162 4731 1377 4802 generis
1401 4733 1679 4802 explanat.
1703 4733 1862 4802 cujus
1890 4749 2056 4804 caput

493 4835 594 4886 cst,
621 4824 848 4878 victoria
878 4823 944 4877 ab
971 4823 1290 4879 adversario
1322 4825 1488 4878 relata
1510 4867 1524 4892 ,
1559 4825 1866 4892 indelebile,
1898 4829 2054 4897 quasi

492 4917 546 4971 in
579 4917 830 4970 columna
881 4917 1156 4986 quapiam,
1195 4916 1391 4970 divina:
1438 4933 1565 4985 erga
1621 4918 1870 4975 homines
1907 4921 2058 4974 beni-

491 5009 717 5080 gnitatis
773 5015 1207 5073 monumentum,
1260 5010 1404 5063 omni
1469 5019 1736 5065 creatura:
1793 5020 2052 5079 tanquam

496 5097 722 5151 materia
755 5097 1012 5150 laudandi
1046 5093 1160 5156 Dei.
1191 5107 1244 5152 et
1274 5101 1588 5155 celebrandi
1621 5103 1982 5171 propositum.

566 5189 776 5244 Idcirco
809 5188 1076 5244 extremis
1117 5189 1280 5259 hujus
1333 5191 1532 5260 psalmi
1565 5193 1746 5247 verbis
1779 5195 1858 5249 sic
1886 5196 2054 5260 canit,

494 5277 562 5331 ad
615 5279 758 5334 hanc
805 5279 950 5332 \elut
1011 5279 1321 5334 columnam
1381 5282 1719 5349 respiciens:
1762 5300 1780 5333 ι
1826 5285 1885 5336 In
1949 5283 2058 5339 Deo

496 5370 732 5424 laudabo
767 5372 1017 5436 verbum,
1049 5372 1104 5425 in
1155 5370 1383 5426 Domino
1440 5373 1675 5428 laudabo
1724 5391 2058 5439 sermonem,

2163 4665 2275 4712 σεις
2297 4647 2510 4710 αύτούς.
2550 4666 2568 4700 ι
2605 4648 2714 4701 Καὶ
2754 4649 2904 4702 πᾶσα
2945 4647 3173 4720 καθεξῆς
3211 4652 3244 4720 ή
3285 4651 3385 4722 τῆς
3409 4649 3709 4722 ψαλμῳδίας

2161 4738 2477 4805 ἀκολουθία,
2509 4738 2606 4809 τὴν
2644 4737 2940 4807 ἀνάκλησιν
2979 4740 3078 4808 τῆς
3117 4740 3461 4813 ἀνθρωπίνης
3507 4741 3708 4811 φύσεως

2161 4829 2471 4901 ἐρμηνεύει.
2505 4823 2612 4893 Ἧς
2647 4829 2959 4898 κεφάλαιον,
2988 4831 3090 4898 τῆς
3122 4833 3261 4886 κατὰ
3298 4835 3389 4886 τοῦ
3427 4831 3707 4887 ἀντιπάλου

2160 4922 2316 4994 νίκης
2361 4921 2508 4974 ἐστὶν
2556 4919 2970 4989 άνεξάλειπτον,
3016 4920 3200 4993 ὥσπερ
3239 4924 3437 4994 στήλης
3481 4924 3578 4992 τῆς
3619 4921 3705 4975 τοῦ

2159 5013 2293 5066 Θεοῦ
2321 5012 2725 5082 φιλανθρωπίας
2749 5013 3106 5084 μνημόσυνον,
3133 5017 3280 5087 πάσῃ
3299 5019 3365 5087 τῇ
3391 5017 3560 5070 κτίσει
3583 5014 3708 5085 πρὸς

2159 5103 2414 5158 ὑπόθεσιν
2450 5103 2750 5172 δοξολογίας
2782 5104 3158 5175 προκείμενον.

2227 5197 2318 5248 Διό
2363 5213 2495 5265 φησι
2540 5197 2653 5258 τοῖς
2683 5193 3008 5256 τελευταίοις
3049 5195 3148 5263 τῆς
3191 5196 3530 5268 ψαλμῳδίας,
3579 5193 3704 5265 πρὸς

2156 5285 2361 5356 ταύτην
2391 5285 2486 5356 τὴν
2521 5285 2720 5355 στήλην
2766 5284 2998 5355 βλέπων,
3047 5305 3066 5337 ι
3102 5287 3226 5340 Ἐπὶ
3265 5289 3343 5358 τῷ
3367 5289 3481 5356 Θεῷ
3521 5286 3704 5340 αἰνέσω

2164 5377 2332 5448 ῥῆμα,
2370 5377 2468 5430 ἐπὶ
2493 5374 2570 5445 τῷ
2604 5375 2791 5444 Κυρίῳ
2829 5375 3026 5428 αἰνέσω
3053 5374 3230 5444 λόγον,
3259 5379 3350 5430 ἐπὶ
3377 5379 3452 5448 τῷ
3475 5377 3585 5446 Θεῷ
3613 5374 3700 5445 qi.

498 5464 550 5516 in
577 5462 686 5517 Deo
708 5463 956 5538 speravi:
980 5483 997 5514 ι
1021 5470 1242 5534 prepter
1267 5479 1430 5533 quem
1454 5479 1562 5518 non
1585 5466 1819 5535 amplius
1841 5467 2050 5521 incessit

2163 5484 2316 5521 πισα.
2353 5485 2373 5519 ι
2407 5466 2484 5519 Δι’
2514 5467 2573 5519 ὃν
2601 5465 2694 5519 τὸν
2724 5465 2824 5534 τ’ής
2853 5465 3054 5535 σαρκὸς
3078 5467 3240 5534 φόϐον
3273 5470 3450 5523 οὐκέτι
3486 5469 3698 5522 δέδοικα.

491 5567 580 5606 me
610 5552 841 5606 formido
868 5552 1073 5608 carnis.
1101 5570 1119 5602 ι
1145 5549 1280 5604 Etin
1311 5567 1420 5615 me,
1452 5571 1470 5604 ι
1498 5551 1696 5621 inquit,
1728 5572 1746 5604 ‹
1770 5562 1917 5620 vota,
1948 5573 2050 5627 qua

2167 5578 2185 5610 ι
2225 5559 2333 5612 Καὶ
2367 5559 2423 5610 ἐν
2468 5557 2610 5626 ἐμοὶ,
2653 5575 2671 5607 ι
2727 5556 2909 5626 φησὶν,
2961 5576 2978 5607 ι
3026 5557 3203 5628 εὐχαὶ,
3252 5560 3319 5625 ἃς
3365 5558 3612 5615 ἀποδώσω
3640 5555 3700 5609 δι’

494 5643 716 5698 reddam
742 5659 836 5715 per
861 5645 1226 5706 laudationes,
1258 5645 1517 5714 quoniam
1553 5645 1797 5702 liberasti
1828 5648 2050 5704 animan

2169 5650 2443 5715 αἰνέσεως.
2479 5650 2596 5704 ’Ὁτι
2627 5645 2840 5718 ἐρρύσῳ
2875 5643 2972 5716 τὴν
3018 5644 3193 5721 ψυχήν
3225 5670 3324 5722 μου
3369 5656 3433 5708 ὲκ
3471 5649 3698 5709 Θανάτου,

564 5825 586 5856 ’
626 5822 782 5876 Juan.
825 5839 938 5889 vin,
971 5823 1055 5876 Η.
1136 5823 1154 5856 ³
1185 5821 1317 5877 Gen.
1354 5839 1434 5890 Ill,
1481 5823 1542 5878 l5
