  <div class='ocr_page' id='page_1' title='image "/cluster/home/n/w/nwhite01/storage/ocr_20150623/44/hvd.32044012542270/300.png"; bbox 0 0 3986 6478; ppageno 0'>
   <div class='ocr_carea' id='block_1_1' title="bbox 204 341 297 396">
    <p class='ocr_par' dir='ltr' id='par_1_1' title="bbox 204 341 297 396">
     <span class='ocr_line' id='line_1_1' title="bbox 204 341 297 396; baseline -0.011 0"><span class='ocrx_word' id='word_1_1' title='bbox 204 341 297 396; x_wconf 80' lang='grc'><strong>581</strong></span> 
     </span>
    </p>
   </div>
   <div class='ocr_carea' id='block_1_2' title="bbox 1596 340 2025 396">
    <p class='ocr_par' dir='ltr' id='par_1_2' title="bbox 1596 340 2025 396">
     <span class='ocr_line' id='line_1_2' title="bbox 1596 340 2025 396; baseline 0 -1"><span class='ocrx_word' id='word_1_2' title='bbox 1596 340 1662 395; x_wconf 87' lang='lat' dir='ltr'><strong>IN</strong></span> <span class='ocrx_word' id='word_1_3' title='bbox 1694 340 2025 396; x_wconf 74' lang='lat' dir='ltr'><strong>PSALMOS.</strong></span> 
     </span>
    </p>
   </div>
   <div class='ocr_carea' id='block_1_3' title="bbox 3322 340 3427 395">
    <p class='ocr_par' dir='ltr' id='par_1_3' title="bbox 3322 340 3427 395">
     <span class='ocr_line' id='line_1_3' title="bbox 3322 340 3427 395; baseline 0.019 -2"><span class='ocrx_word' id='word_1_4' title='bbox 3322 340 3427 395; x_wconf 71' lang='lat'><strong>58?.</strong></span> 
     </span>
    </p>
   </div>
   <div class='ocr_carea' id='block_1_4' title="bbox 203 452 1770 529">
    <p class='ocr_par' dir='ltr' id='par_1_4' title="bbox 203 456 1767 529">
     <span class='ocr_line' id='line_1_4' title="bbox 203 456 1767 529; baseline -0.001 -18"><span class='ocrx_word' id='word_1_5' title='bbox 203 456 294 511; x_wconf 73' lang='grc' dir='ltr'>καὶ</span> <span class='ocrx_word' id='word_1_6' title='bbox 330 456 455 520; x_wconf 75' lang='grc' dir='ltr'>τοὺς</span> <span class='ocrx_word' id='word_1_7' title='bbox 497 457 661 521; x_wconf 82' lang='grc' dir='ltr'>πόδας</span> <span class='ocrx_word' id='word_1_8' title='bbox 710 475 810 529; x_wconf 78' lang='grc' dir='ltr'><strong>μου</strong></span> <span class='ocrx_word' id='word_1_9' title='bbox 848 458 955 512; x_wconf 80' lang='grc' dir='ltr'>ἀπὸ</span> <span class='ocrx_word' id='word_1_10' title='bbox 985 457 1362 529; x_wconf 69' lang='grc' dir='ltr'>ὀλισθήματος.</span> <span class='ocrx_word' id='word_1_11' title='bbox 1403 476 1421 509; x_wconf 72' lang='grc' dir='ltr'><strong>ι</strong></span> <span class='ocrx_word' id='word_1_12' title='bbox 1470 457 1767 526; x_wconf 79' lang='grc' dir='ltr'>Ὀλίσθημα</span> 
     </span>
    </p>
   </div>
   <div class='ocr_carea' id='block_1_5' title="bbox 1869 452 3421 529">
    <p class='ocr_par' dir='ltr' id='par_1_5' title="bbox 1869 452 3421 523">
     <span class='ocr_line' id='line_1_5' title="bbox 1869 452 3421 523; baseline -0.001 -15"><span class='ocrx_word' id='word_1_13' title='bbox 1869 470 2042 509; x_wconf 84' lang='lat' dir='ltr'><strong>meam</strong></span> <span class='ocrx_word' id='word_1_14' title='bbox 2070 470 2135 509; x_wconf 77' lang='lat' dir='ltr'><strong>ex</strong></span> <span class='ocrx_word' id='word_1_15' title='bbox 2164 454 2403 520; x_wconf 76' lang='lat' dir='ltr'><strong>inferno,</strong></span> <span class='ocrx_word' id='word_1_16' title='bbox 2425 462 2480 510; x_wconf 90' lang='lat' dir='ltr'><strong>et</strong></span> <span class='ocrx_word' id='word_1_17' title='bbox 2501 453 2665 523; x_wconf 82' lang='lat' dir='ltr'><strong>pedes</strong></span> <span class='ocrx_word' id='word_1_18' title='bbox 2688 468 2835 508; x_wconf 86' lang='lat' dir='ltr'><strong>meos</strong></span> <span class='ocrx_word' id='word_1_19' title='bbox 2860 452 2926 507; x_wconf 93' lang='lat' dir='ltr'><strong>de</strong></span> <span class='ocrx_word' id='word_1_20' title='bbox 2955 452 3130 522; x_wconf 85' lang='lat' dir='ltr'><strong>lapsu:</strong></span> <span class='ocrx_word' id='word_1_21' title='bbox 3162 470 3181 503; x_wconf 71' lang='grc' dir='ltr'><strong>ι</strong></span> <span class='ocrx_word' id='word_1_22' title='bbox 3208 452 3421 522; x_wconf 84' lang='lat' dir='ltr'><strong>lapsum</strong></span> 
     </span>
    </p>
   </div>
   <div class='ocr_carea' id='block_1_6' title="bbox 203 548 1760 619">
    <p class='ocr_par' dir='ltr' id='par_1_6' title="bbox 203 548 1760 619">
     <span class='ocr_line' id='line_1_6' title="bbox 203 548 1760 619; baseline -0.001 -18"><span class='ocrx_word' id='word_1_23' title='bbox 203 548 256 601; x_wconf 72' lang='grc' dir='ltr'><strong>δέ</strong></span> <span class='ocrx_word' id='word_1_24' title='bbox 286 548 452 616; x_wconf 84' lang='grc' dir='ltr'>λέγει,</span> <span class='ocrx_word' id='word_1_25' title='bbox 484 548 581 619; x_wconf 83' lang='grc' dir='ltr'>τὴν</span> <span class='ocrx_word' id='word_1_26' title='bbox 626 549 978 619; x_wconf 79' lang='grc' dir='ltr'>παρα-τροπὴν</span> <span class='ocrx_word' id='word_1_27' title='bbox 1009 549 1108 619; x_wconf 84' lang='grc' dir='ltr'><strong>τῆς</strong></span> <span class='ocrx_word' id='word_1_28' title='bbox 1136 549 1223 602; x_wconf 88' lang='grc' dir='ltr'><strong>διά</strong></span> <span class='ocrx_word' id='word_1_29' title='bbox 1249 548 1356 601; x_wconf 89' lang='grc' dir='ltr'><strong>τῶν</strong></span> <span class='ocrx_word' id='word_1_30' title='bbox 1389 548 1613 601; x_wconf 88' lang='grc' dir='ltr'>ἐντολῶν</span> <span class='ocrx_word' id='word_1_31' title='bbox 1660 565 1760 600; x_wconf 87' lang='grc' dir='ltr'>πο-</span> 
     </span>
    </p>
   </div>
   <div class='ocr_carea' id='block_1_7' title="bbox 206 636 1762 713">
    <p class='ocr_par' dir='ltr' id='par_1_7' title="bbox 206 636 1762 713">
     <span class='ocr_line' id='line_1_7' title="bbox 206 636 1762 713; baseline 0 -21"><span class='ocrx_word' id='word_1_32' title='bbox 206 641 372 710; x_wconf 83' lang='grc' dir='ltr'>ρείας,</span> <span class='ocrx_word' id='word_1_33' title='bbox 410 641 501 708; x_wconf 77' lang='grc' dir='ltr'>ἀφ’</span> <span class='ocrx_word' id='word_1_34' title='bbox 536 636 603 713; x_wconf 86' lang='grc' dir='ltr'>ἦς</span> <span class='ocrx_word' id='word_1_35' title='bbox 627 642 688 694; x_wconf 87' lang='grc' dir='ltr'><strong>τὸ</strong></span> <span class='ocrx_word' id='word_1_36' title='bbox 724 641 922 711; x_wconf 81' lang='grc' dir='ltr'><strong>πτῶμα</strong></span> <span class='ocrx_word' id='word_1_37' title='bbox 960 642 1191 709; x_wconf 79' lang='grc' dir='ltr'>ἐγένετο.</span> <span class='ocrx_word' id='word_1_38' title='bbox 1232 639 1640 709; x_wconf 76' lang='grc' dir='ltr'>Ἐλευθερωθεὶς</span> <span class='ocrx_word' id='word_1_39' title='bbox 1669 637 1762 692; x_wconf 82' lang='grc' dir='ltr'><strong>οὐν</strong></span> 
     </span>
    </p>
   </div>
   <div class='ocr_carea' id='block_1_8' title="bbox 202 731 1763 805">
    <p class='ocr_par' dir='ltr' id='par_1_8' title="bbox 202 731 1763 805">
     <span class='ocr_line' id='line_1_8' title="bbox 202 731 1763 805; baseline -0.001 -20"><span class='ocrx_word' id='word_1_40' title='bbox 202 731 293 785; x_wconf 83' lang='grc' dir='ltr'>τοῦ</span> <span class='ocrx_word' id='word_1_41' title='bbox 344 732 571 786; x_wconf 81' lang='grc' dir='ltr'><strong>Θανάτου</strong></span> <span class='ocrx_word' id='word_1_42' title='bbox 592 772 605 794; x_wconf 86' lang='grc'><strong>,</strong></span> <span class='ocrx_word' id='word_1_43' title='bbox 648 734 739 786; x_wconf 79' lang='grc' dir='ltr'>καὶ</span> <span class='ocrx_word' id='word_1_44' title='bbox 768 733 1091 805; x_wconf 75' lang='grc' dir='ltr'>άνορθωθεὶς</span> <span class='ocrx_word' id='word_1_45' title='bbox 1123 736 1185 785; x_wconf 83' lang='grc' dir='ltr'><strong>ἐκ</strong></span> <span class='ocrx_word' id='word_1_46' title='bbox 1226 732 1319 785; x_wconf 83' lang='grc' dir='ltr'>τοῦ</span> <span class='ocrx_word' id='word_1_47' title='bbox 1352 731 1669 803; x_wconf 85' lang='grc' dir='ltr'>πτώματος.</span> <span class='ocrx_word' id='word_1_48' title='bbox 1700 734 1763 784; x_wconf 81' lang='grc' dir='ltr'><strong>ἐκ</strong></span> 
     </span>
    </p>
   </div>
   <div class='ocr_carea' id='block_1_9' title="bbox 205 819 1764 895">
    <p class='ocr_par' dir='ltr' id='par_1_9' title="bbox 205 819 1764 895">
     <span class='ocr_line' id='line_1_9' title="bbox 205 819 1764 895; baseline 0 -20"><span class='ocrx_word' id='word_1_49' title='bbox 205 824 496 895; x_wconf 84' lang='grc' dir='ltr'><strong>προσώπου</strong></span> <span class='ocrx_word' id='word_1_50' title='bbox 524 826 727 891; x_wconf 88' lang='grc' dir='ltr'>γίνεται</span> <span class='ocrx_word' id='word_1_51' title='bbox 766 826 859 878; x_wconf 81' lang='grc' dir='ltr'><strong>τοῦ</strong></span> <span class='ocrx_word' id='word_1_52' title='bbox 897 825 1053 888; x_wconf 84' lang='grc' dir='ltr'>Θεοῦ,</span> <span class='ocrx_word' id='word_1_53' title='bbox 1081 819 1140 878; x_wconf 76' lang='grc' dir='ltr'><strong>οὗ</strong></span> <span class='ocrx_word' id='word_1_54' title='bbox 1171 825 1231 878; x_wconf 79' lang='grc' dir='ltr'><strong>τὸ</strong></span> <span class='ocrx_word' id='word_1_55' title='bbox 1274 824 1486 895; x_wconf 87' lang='grc' dir='ltr'>πρῶτον</span> <span class='ocrx_word' id='word_1_56' title='bbox 1511 823 1619 875; x_wconf 89' lang='grc' dir='ltr'><strong>τῶν</strong></span> <span class='ocrx_word' id='word_1_57' title='bbox 1661 823 1764 875; x_wconf 77' lang='grc' dir='ltr'><strong>ὐπὸ</strong></span> 
     </span>
    </p>
   </div>
   <div class='ocr_carea' id='block_1_10' title="bbox 203 916 1760 987">
    <p class='ocr_par' dir='ltr' id='par_1_10' title="bbox 203 916 1760 987">
     <span class='ocr_line' id='line_1_10' title="bbox 203 916 1760 987; baseline -0.003 -18"><span class='ocrx_word' id='word_1_58' title='bbox 203 916 301 984; x_wconf 77' lang='grc' dir='ltr'>τῆς</span> <span class='ocrx_word' id='word_1_59' title='bbox 326 917 541 983; x_wconf 79' lang='grc' dir='ltr'><strong>ἐντολῆς</strong></span> <span class='ocrx_word' id='word_1_60' title='bbox 566 918 1053 987; x_wconf 85' lang='grc' dir='ltr'>ἀπηγορευομένων</span> <span class='ocrx_word' id='word_1_61' title='bbox 1079 917 1361 987; x_wconf 77' lang='grc' dir='ltr'><strong>ἐμφαγὼν,</strong></span> <span class='ocrx_word' id='word_1_62' title='bbox 1394 916 1760 984; x_wconf 85' lang='grc' dir='ltr'>ἀπεφύτησεν,</span> 
     </span>
    </p>
   </div>
   <div class='ocr_carea' id='block_1_11' title="bbox 204 1008 1757 1079">
    <p class='ocr_par' dir='ltr' id='par_1_11' title="bbox 204 1008 1757 1079">
     <span class='ocr_line' id='line_1_11' title="bbox 204 1008 1757 1079; baseline -0.003 -18"><span class='ocrx_word' id='word_1_63' title='bbox 204 1012 269 1079; x_wconf 80' lang='grc' dir='ltr'>τῇ</span> <span class='ocrx_word' id='word_1_64' title='bbox 301 1011 429 1079; x_wconf 79' lang='grc' dir='ltr'>σκιᾷ</span> <span class='ocrx_word' id='word_1_65' title='bbox 468 1010 565 1079; x_wconf 85' lang='grc' dir='ltr'>τῆς</span> <span class='ocrx_word' id='word_1_66' title='bbox 594 1012 761 1078; x_wconf 81' lang='grc' dir='ltr'>συκῆς</span> <span class='ocrx_word' id='word_1_67' title='bbox 807 1010 995 1062; x_wconf 79' lang='grc' dir='ltr'>ἑαυτὸν</span> <span class='ocrx_word' id='word_1_68' title='bbox 1035 1011 1123 1061; x_wconf 80' lang='grc' dir='ltr'>ὐπ’</span> <span class='ocrx_word' id='word_1_69' title='bbox 1168 1010 1424 1079; x_wconf 80' lang='grc' dir='ltr'>αἰσχύνης</span> <span class='ocrx_word' id='word_1_70' title='bbox 1462 1008 1757 1079; x_wconf 67' lang='grc' dir='ltr'>ἐγκρύψας.</span> 
     </span>
    </p>
   </div>
   <div class='ocr_carea' id='block_1_12' title="bbox 217 1096 1763 1172">
    <p class='ocr_par' dir='ltr' id='par_1_12' title="bbox 217 1096 1763 1172">
     <span class='ocr_line' id='line_1_12' title="bbox 217 1096 1763 1172; baseline -0.001 -20"><span class='ocrx_word' id='word_1_71' title='bbox 217 1100 524 1153; x_wconf 78' lang='grc' dir='ltr'>Ἀπολαὸὼν</span> <span class='ocrx_word' id='word_1_72' title='bbox 554 1096 645 1153; x_wconf 79' lang='grc' dir='ltr'><strong>οὖν</strong></span> <span class='ocrx_word' id='word_1_73' title='bbox 674 1101 832 1155; x_wconf 87' lang='grc' dir='ltr'>πάλιν</span> <span class='ocrx_word' id='word_1_74' title='bbox 857 1104 953 1170; x_wconf 83' lang='grc' dir='ltr'>τὴν</span> <span class='ocrx_word' id='word_1_75' title='bbox 981 1103 1311 1172; x_wconf 69' lang='grc' dir='ltr'>παρρησίαν,</span> <span class='ocrx_word' id='word_1_76' title='bbox 1337 1101 1763 1153; x_wconf 81' lang='grc' dir='ltr'>ἀποκαθίσταται</span> 
     </span>
    </p>
   </div>
   <div class='ocr_carea' id='block_1_13' title="bbox 203 1190 1768 1263">
    <p class='ocr_par' dir='ltr' id='par_1_13' title="bbox 203 1190 1768 1263">
     <span class='ocr_line' id='line_1_13' title="bbox 203 1190 1768 1263; baseline -0.001 -20"><span class='ocrx_word' id='word_1_77' title='bbox 203 1190 282 1259; x_wconf 83' lang='grc' dir='ltr'>τῷ</span> <span class='ocrx_word' id='word_1_78' title='bbox 305 1191 442 1258; x_wconf 71' lang='grc' dir='ltr'>φωτὶ</span> <span class='ocrx_word' id='word_1_79' title='bbox 462 1191 539 1261; x_wconf 85' lang='grc' dir='ltr'><strong>τῷ</strong></span> <span class='ocrx_word' id='word_1_80' title='bbox 565 1191 745 1253; x_wconf 82' lang='grc' dir='ltr'>ζῶντι.</span> <span class='ocrx_word' id='word_1_81' title='bbox 777 1210 795 1243; x_wconf 72' lang='grc' dir='ltr'><strong>ι</strong></span> <span class='ocrx_word' id='word_1_82' title='bbox 833 1192 1196 1263; x_wconf 82' lang='grc' dir='ltr'>Εὐαρεστήσω</span> <span class='ocrx_word' id='word_1_83' title='bbox 1224 1212 1241 1244; x_wconf 74' lang='grc' dir='ltr'><strong>ι</strong></span> <span class='ocrx_word' id='word_1_84' title='bbox 1272 1192 1401 1260; x_wconf 80' lang='grc' dir='ltr'>γὰρ,</span> <span class='ocrx_word' id='word_1_85' title='bbox 1427 1192 1579 1260; x_wconf 77' lang='grc' dir='ltr'>φησὶ,</span> <span class='ocrx_word' id='word_1_86' title='bbox 1608 1210 1625 1242; x_wconf 71' lang='grc' dir='ltr'><strong>ι</strong></span> <span class='ocrx_word' id='word_1_87' title='bbox 1664 1193 1768 1242; x_wconf 82' lang='grc' dir='ltr'><strong>Κυ-</strong></span> 
     </span>
    </p>
   </div>
   <div class='ocr_carea' id='block_1_14' title="bbox 209 1280 1766 1353">
    <p class='ocr_par' dir='ltr' id='par_1_14' title="bbox 209 1280 1766 1353">
     <span class='ocr_line' id='line_1_14' title="bbox 209 1280 1766 1353; baseline 0.001 -20"><span class='ocrx_word' id='word_1_88' title='bbox 209 1281 307 1351; x_wconf 85' lang='grc' dir='ltr'><strong>ρίῳ</strong></span> <span class='ocrx_word' id='word_1_89' title='bbox 335 1282 393 1333; x_wconf 81' lang='grc' dir='ltr'><strong>ἐν</strong></span> <span class='ocrx_word' id='word_1_90' title='bbox 420 1283 557 1349; x_wconf 75' lang='grc' dir='ltr'>φωτὶ</span> <span class='ocrx_word' id='word_1_91' title='bbox 577 1280 811 1345; x_wconf 80' lang='grc' dir='ltr'><strong>ζώντων,</strong></span> <span class='ocrx_word' id='word_1_92' title='bbox 844 1301 862 1333; x_wconf 76' lang='grc' dir='ltr'><strong>ι</strong></span> <span class='ocrx_word' id='word_1_93' title='bbox 899 1282 1019 1337; x_wconf 82' lang='grc' dir='ltr'>ὅθεν</span> <span class='ocrx_word' id='word_1_94' title='bbox 1048 1285 1323 1352; x_wconf 78' lang='grc' dir='ltr'><strong>καταρχὰς</strong></span> <span class='ocrx_word' id='word_1_95' title='bbox 1350 1282 1437 1335; x_wconf 75' lang='grc' dir='ltr'>διὰ</span> <span class='ocrx_word' id='word_1_96' title='bbox 1463 1282 1561 1350; x_wconf 81' lang='grc' dir='ltr'><strong>τῆς</strong></span> <span class='ocrx_word' id='word_1_97' title='bbox 1585 1283 1766 1353; x_wconf 86' lang='grc' dir='ltr'>ἀμαρ-</span> 
     </span>
    </p>
   </div>
   <div class='ocr_carea' id='block_1_15' title="bbox 204 1371 1764 1446">
    <p class='ocr_par' dir='ltr' id='par_1_15' title="bbox 204 1371 1764 1446">
     <span class='ocr_line' id='line_1_15' title="bbox 204 1371 1764 1446; baseline 0.002 -22"><span class='ocrx_word' id='word_1_98' title='bbox 204 1371 324 1434; x_wconf 87' lang='grc' dir='ltr'>τίας</span> <span class='ocrx_word' id='word_1_99' title='bbox 354 1372 685 1442; x_wconf 78' lang='grc' dir='ltr'>ἀπεξενώθη.</span> <span class='ocrx_word' id='word_1_100' title='bbox 732 1376 839 1428; x_wconf 76' lang='grc' dir='ltr'>Καὶ</span> <span class='ocrx_word' id='word_1_101' title='bbox 876 1375 1004 1446; x_wconf 61' lang='grc' dir='ltr'><strong>περὶ⁵</strong></span> <span class='ocrx_word' id='word_1_102' title='bbox 1036 1376 1133 1444; x_wconf 82' lang='grc' dir='ltr'><strong>μὲν</strong></span> <span class='ocrx_word' id='word_1_103' title='bbox 1172 1374 1376 1428; x_wconf 85' lang='grc' dir='ltr'>τούτων</span> <span class='ocrx_word' id='word_1_104' title='bbox 1406 1375 1660 1428; x_wconf 81' lang='grc' dir='ltr'>τοσαῦτα.</span> <span class='ocrx_word' id='word_1_105' title='bbox 1692 1376 1764 1427; x_wconf 89' lang='grc' dir='ltr'>Οὐ</span> 
     </span>
    </p>
   </div>
   <div class='ocr_carea' id='block_1_16' title="bbox 205 1458 1765 1535">
    <p class='ocr_par' dir='ltr' id='par_1_16' title="bbox 205 1458 1765 1535">
     <span class='ocr_line' id='line_1_16' title="bbox 205 1458 1765 1535; baseline 0.001 -20"><span class='ocrx_word' id='word_1_106' title='bbox 205 1461 313 1531; x_wconf 80' lang='grc' dir='ltr'>γὰρ</span> <span class='ocrx_word' id='word_1_107' title='bbox 350 1458 499 1532; x_wconf 81' lang='grc' dir='ltr'>οἶμαι</span> <span class='ocrx_word' id='word_1_108' title='bbox 530 1463 637 1517; x_wconf 83' lang='grc' dir='ltr'>δεῖν</span> <span class='ocrx_word' id='word_1_109' title='bbox 662 1464 730 1518; x_wconf 77' lang='grc' dir='ltr'>τὰ</span> <span class='ocrx_word' id='word_1_110' title='bbox 777 1465 896 1518; x_wconf 91' lang='grc' dir='ltr'>καθ’</span> <span class='ocrx_word' id='word_1_111' title='bbox 938 1466 1165 1518; x_wconf 73' lang='grc' dir='ltr'>ἕκαστον</span> <span class='ocrx_word' id='word_1_112' title='bbox 1212 1464 1635 1535; x_wconf 81' lang='grc' dir='ltr'>φιλοπονώτερον</span> <span class='ocrx_word' id='word_1_113' title='bbox 1676 1465 1765 1528; x_wconf 77' lang='grc' dir='ltr'><strong>ἐξ-</strong></span> 
     </span>
    </p>
   </div>
   <div class='ocr_carea' id='block_1_17' title="bbox 204 1554 1768 1626">
    <p class='ocr_par' dir='ltr' id='par_1_17' title="bbox 204 1554 1768 1626">
     <span class='ocr_line' id='line_1_17' title="bbox 204 1554 1768 1626; baseline 0.001 -21"><span class='ocrx_word' id='word_1_114' title='bbox 204 1554 464 1617; x_wconf 75' lang='grc' dir='ltr'>ετάζοντα</span> <span class='ocrx_word' id='word_1_115' title='bbox 487 1596 501 1616; x_wconf 95' lang='grc'><strong>,</strong></span> <span class='ocrx_word' id='word_1_116' title='bbox 529 1556 606 1618; x_wconf 84' lang='grc' dir='ltr'><strong>είς</strong></span> <span class='ocrx_word' id='word_1_117' title='bbox 634 1556 897 1625; x_wconf 84' lang='grc' dir='ltr'>ἀμετρίαν</span> <span class='ocrx_word' id='word_1_118' title='bbox 938 1556 1282 1626; x_wconf 80' lang='grc' dir='ltr'>παρατείνειν</span> <span class='ocrx_word' id='word_1_119' title='bbox 1314 1556 1404 1609; x_wconf 81' lang='grc' dir='ltr'><strong>τὸν</strong></span> <span class='ocrx_word' id='word_1_120' title='bbox 1428 1555 1604 1624; x_wconf 84' lang='grc' dir='ltr'>λόγον.</span> <span class='ocrx_word' id='word_1_121' title='bbox 1636 1555 1768 1609; x_wconf 87' lang='grc' dir='ltr'>Πολ-</span> 
     </span>
    </p>
   </div>
   <div class='ocr_carea' id='block_1_18' title="bbox 204 1644 1767 1716">
    <p class='ocr_par' dir='ltr' id='par_1_18' title="bbox 204 1644 1767 1716">
     <span class='ocr_line' id='line_1_18' title="bbox 204 1644 1767 1716; baseline 0.001 -20"><span class='ocrx_word' id='word_1_122' title='bbox 204 1644 311 1696; x_wconf 90' lang='grc' dir='ltr'><strong>λῶν</strong></span> <span class='ocrx_word' id='word_1_123' title='bbox 341 1646 395 1698; x_wconf 86' lang='grc' dir='ltr'>δὲ</span> <span class='ocrx_word' id='word_1_124' title='bbox 426 1646 592 1698; x_wconf 75' lang='grc' dir='ltr'>ὄντων</span> <span class='ocrx_word' id='word_1_125' title='bbox 621 1648 677 1697; x_wconf 85' lang='grc' dir='ltr'><strong>ἐν</strong></span> <span class='ocrx_word' id='word_1_126' title='bbox 699 1649 816 1709; x_wconf 87' lang='grc' dir='ltr'>ταῖς</span> <span class='ocrx_word' id='word_1_127' title='bbox 844 1647 1015 1716; x_wconf 88' lang='grc' dir='ltr'>ίεραίς</span> <span class='ocrx_word' id='word_1_128' title='bbox 1041 1647 1333 1716; x_wconf 78' lang='grc' dir='ltr'>ὑμνῳδίαις</span> <span class='ocrx_word' id='word_1_129' title='bbox 1357 1647 1462 1699; x_wconf 85' lang='grc' dir='ltr'><strong>τῶν</strong></span> <span class='ocrx_word' id='word_1_130' title='bbox 1489 1648 1767 1700; x_wconf 76' lang='grc' dir='ltr'>ἐπινικίων</span> 
     </span>
    </p>
   </div>
   <div class='ocr_carea' id='block_1_19' title="bbox 200 1735 1770 1811">
    <p class='ocr_par' dir='ltr' id='par_1_19' title="bbox 200 1735 1770 1811">
     <span class='ocr_line' id='line_1_19' title="bbox 200 1735 1770 1811; baseline -0.002 -20"><span class='ocrx_word' id='word_1_131' title='bbox 200 1738 453 1807; x_wconf 70' lang='grc' dir='ltr'>ψαλμῶν,</span> <span class='ocrx_word' id='word_1_132' title='bbox 482 1737 576 1800; x_wconf 81' lang='grc' dir='ltr'><strong>οὓς</strong></span> <span class='ocrx_word' id='word_1_133' title='bbox 600 1739 633 1808; x_wconf 80' lang='grc' dir='ltr'><strong>ἡ</strong></span> <span class='ocrx_word' id='word_1_134' title='bbox 664 1737 941 1811; x_wconf 80' lang='grc' dir='ltr'>ἐπιγραφὴ</span> <span class='ocrx_word' id='word_1_135' title='bbox 975 1757 993 1790; x_wconf 81' lang='lat' dir='ltr'><strong>t</strong></span> <span class='ocrx_word' id='word_1_136' title='bbox 1020 1735 1115 1790; x_wconf 78' lang='grc' dir='ltr'>τοῦ</span> <span class='ocrx_word' id='word_1_137' title='bbox 1146 1736 1334 1801; x_wconf 78' lang='grc' dir='ltr'>τέλους</span> <span class='ocrx_word' id='word_1_138' title='bbox 1369 1757 1387 1789; x_wconf 70' lang='grc' dir='ltr'><strong>ι</strong></span> <span class='ocrx_word' id='word_1_139' title='bbox 1415 1737 1770 1801; x_wconf 87' lang='grc' dir='ltr'>ἐνδείκνυται,</span> 
     </span>
    </p>
   </div>
   <div class='ocr_carea' id='block_1_20' title="bbox 1862 548 3420 615">
    <p class='ocr_par' dir='ltr' id='par_1_20' title="bbox 1862 548 3420 615">
     <span class='ocr_line' id='line_1_20' title="bbox 1862 548 3420 615; baseline -0.001 -16"><span class='ocrx_word' id='word_1_140' title='bbox 1862 554 2023 601; x_wconf 85' lang='lat' dir='ltr'><strong>vocat</strong></span> <span class='ocrx_word' id='word_1_141' title='bbox 2041 548 2443 601; x_wconf 89' lang='lat' dir='ltr'><strong>aberrationem</strong></span> <span class='ocrx_word' id='word_1_142' title='bbox 2469 563 2499 601; x_wconf 77' lang='grc' dir='ltr'><strong>ο</strong></span> <span class='ocrx_word' id='word_1_143' title='bbox 2522 550 2610 601; x_wconf 88' lang='lat' dir='ltr'><strong>via</strong></span> <span class='ocrx_word' id='word_1_144' title='bbox 2635 548 3037 611; x_wconf 75' lang='lat' dir='ltr'><strong>mandatorum,</strong></span> <span class='ocrx_word' id='word_1_145' title='bbox 3064 560 3185 615; x_wconf 64' lang='lat' dir='ltr'><strong>quae</strong></span> <span class='ocrx_word' id='word_1_146' title='bbox 3207 548 3420 599; x_wconf 88' lang='lat' dir='ltr'><strong>ruinam</strong></span> 
     </span>
    </p>
   </div>
   <div class='ocr_carea' id='block_1_21' title="bbox 1863 637 3423 708">
    <p class='ocr_par' dir='ltr' id='par_1_21' title="bbox 1863 637 3423 708">
     <span class='ocr_line' id='line_1_21' title="bbox 1863 637 3423 708; baseline 0 -17"><span class='ocrx_word' id='word_1_147' title='bbox 1863 640 2065 692; x_wconf 87' lang='lat' dir='ltr'><strong>attulit.</strong></span> <span class='ocrx_word' id='word_1_148' title='bbox 2120 637 2405 692; x_wconf 81' lang='lat' dir='ltr'><strong>Liberatus</strong></span> <span class='ocrx_word' id='word_1_149' title='bbox 2461 639 2628 708; x_wconf 83' lang='lat' dir='ltr'><strong>igitur</strong></span> <span class='ocrx_word' id='word_1_150' title='bbox 2680 654 2709 691; x_wconf 90' lang='lat' dir='ltr'><strong>a</strong></span> <span class='ocrx_word' id='word_1_151' title='bbox 2760 646 2955 700; x_wconf 88' lang='lat' dir='ltr'><strong>morte,</strong></span> <span class='ocrx_word' id='word_1_152' title='bbox 2990 646 3043 691; x_wconf 93' lang='lat' dir='ltr'><strong>et</strong></span> <span class='ocrx_word' id='word_1_153' title='bbox 3092 647 3309 692; x_wconf 88' lang='lat' dir='ltr'><strong>erectus</strong></span> <span class='ocrx_word' id='word_1_154' title='bbox 3354 653 3423 691; x_wconf 75' lang='lat' dir='ltr'><strong>ex</strong></span> 
     </span>
    </p>
   </div>
   <div class='ocr_carea' id='block_1_22' title="bbox 1862 726 3422 798">
    <p class='ocr_par' dir='ltr' id='par_1_22' title="bbox 1862 726 3422 798">
     <span class='ocr_line' id='line_1_22' title="bbox 1862 726 3422 798; baseline 0.001 -18"><span class='ocrx_word' id='word_1_155' title='bbox 1862 742 2016 791; x_wconf 89' lang='lat' dir='ltr'><strong>casu,</strong></span> <span class='ocrx_word' id='word_1_156' title='bbox 2038 741 2066 779; x_wconf 85' lang='lat' dir='ltr'><strong>a</strong></span> <span class='ocrx_word' id='word_1_157' title='bbox 2097 735 2248 796; x_wconf 78' lang='lat' dir='ltr'><strong>parte</strong></span> <span class='ocrx_word' id='word_1_158' title='bbox 2275 726 2366 781; x_wconf 86' lang='lat' dir='ltr'><strong>Dei</strong></span> <span class='ocrx_word' id='word_1_159' title='bbox 2389 735 2518 793; x_wconf 87' lang='lat' dir='ltr'><strong>stat,</strong></span> <span class='ocrx_word' id='word_1_160' title='bbox 2545 743 2572 781; x_wconf 95' lang='lat' dir='ltr'><strong>a</strong></span> <span class='ocrx_word' id='word_1_161' title='bbox 2599 744 2705 796; x_wconf 90' lang='lat' dir='ltr'><strong>quo</strong></span> <span class='ocrx_word' id='word_1_162' title='bbox 2734 728 2964 796; x_wconf 87' lang='lat' dir='ltr'><strong>primum</strong></span> <span class='ocrx_word' id='word_1_163' title='bbox 2988 729 3229 783; x_wconf 92' lang='lat' dir='ltr'><strong>omnium</strong></span> <span class='ocrx_word' id='word_1_164' title='bbox 3265 730 3422 798; x_wconf 90' lang='lat' dir='ltr'><strong>quasi</strong></span> 
     </span>
    </p>
   </div>
   <div class='ocr_carea' id='block_1_23' title="bbox 1864 818 3424 889">
    <p class='ocr_par' dir='ltr' id='par_1_23' title="bbox 1864 818 3424 889">
     <span class='ocr_line' id='line_1_23' title="bbox 1864 818 3424 889; baseline 0.004 -20"><span class='ocrx_word' id='word_1_165' title='bbox 1864 820 2297 886; x_wconf 83' lang='lat' dir='ltr'><strong>transplantatus</strong></span> <span class='ocrx_word' id='word_1_166' title='bbox 2324 818 2516 885; x_wconf 82' lang='lat' dir='ltr'><strong>fuerat,</strong></span> <span class='ocrx_word' id='word_1_167' title='bbox 2535 834 2657 871; x_wconf 91' lang='lat' dir='ltr'><strong>cum</strong></span> <span class='ocrx_word' id='word_1_168' title='bbox 2679 834 2799 871; x_wconf 87' lang='lat' dir='ltr'><strong>sese</strong></span> <span class='ocrx_word' id='word_1_169' title='bbox 2824 820 2888 872; x_wconf 90' lang='lat' dir='ltr'><strong>iis</strong></span> <span class='ocrx_word' id='word_1_170' title='bbox 2914 819 3281 889; x_wconf 83' lang='lat' dir='ltr'><strong>ingurgitavit,</strong></span> <span class='ocrx_word' id='word_1_171' title='bbox 3304 837 3424 889; x_wconf 63' lang='lat' dir='ltr'><strong>quae</strong></span> 
     </span>
    </p>
   </div>
   <div class='ocr_carea' id='block_1_24' title="bbox 1863 910 3423 981">
    <p class='ocr_par' dir='ltr' id='par_1_24' title="bbox 1863 910 3423 981">
     <span class='ocr_line' id='line_1_24' title="bbox 1863 910 3423 981; baseline 0.005 -20"><span class='ocrx_word' id='word_1_172' title='bbox 1863 910 2107 962; x_wconf 90' lang='lat' dir='ltr'><strong>divinum</strong></span> <span class='ocrx_word' id='word_1_173' title='bbox 2171 911 2487 963; x_wconf 89' lang='lat' dir='ltr'><strong>mandatum</strong></span> <span class='ocrx_word' id='word_1_174' title='bbox 2539 910 2915 981; x_wconf 73' lang='lat' dir='ltr'><strong>prohibuerat,</strong></span> <span class='ocrx_word' id='word_1_175' title='bbox 2984 915 3266 966; x_wconf 80' lang='lat' dir='ltr'><strong>occultans</strong></span> <span class='ocrx_word' id='word_1_176' title='bbox 3302 929 3423 969; x_wconf 79' lang='lat' dir='ltr'><strong>sese</strong></span> 
     </span>
    </p>
   </div>
   <div class='ocr_carea' id='block_1_25' title="bbox 1866 998 3423 1075">
    <p class='ocr_par' dir='ltr' id='par_1_25' title="bbox 1866 998 3423 1075">
     <span class='ocr_line' id='line_1_25' title="bbox 1866 998 3423 1075; baseline 0.006 -24"><span class='ocrx_word' id='word_1_177' title='bbox 1866 1016 1974 1075; x_wconf 64' lang='lat' dir='ltr'><strong>pne</strong></span> <span class='ocrx_word' id='word_1_178' title='bbox 2014 999 2221 1068; x_wconf 91' lang='lat' dir='ltr'><strong>pudore</strong></span> <span class='ocrx_word' id='word_1_179' title='bbox 2246 1002 2351 1055; x_wconf 90' lang='lat' dir='ltr'><strong>sub</strong></span> <span class='ocrx_word' id='word_1_180' title='bbox 2382 1002 2572 1055; x_wconf 92' lang='lat' dir='ltr'><strong>umbra</strong></span> <span class='ocrx_word' id='word_1_181' title='bbox 2608 1002 2761 1056; x_wconf 86' lang='lat' dir='ltr'><strong>licus.</strong></span> <span class='ocrx_word' id='word_1_182' title='bbox 2802 998 3035 1071; x_wconf 78' lang='lat' dir='ltr'><strong>Recepta</strong></span> <span class='ocrx_word' id='word_1_183' title='bbox 3066 1018 3192 1073; x_wconf 79' lang='lat' dir='ltr'><strong>ergo</strong></span> <span class='ocrx_word' id='word_1_184' title='bbox 3232 1021 3423 1061; x_wconf 87' lang='lat' dir='ltr'><strong>rursus</strong></span> 
     </span>
    </p>
   </div>
   <div class='ocr_carea' id='block_1_26' title="bbox 1866 1091 3419 1163">
    <p class='ocr_par' dir='ltr' id='par_1_26' title="bbox 1866 1091 3419 1163">
     <span class='ocr_line' id='line_1_26' title="bbox 1866 1091 3419 1163; baseline 0.005 -20"><span class='ocrx_word' id='word_1_185' title='bbox 1866 1092 2135 1154; x_wconf 80' lang='lat' dir='ltr'><strong>libertate,</strong></span> <span class='ocrx_word' id='word_1_186' title='bbox 2167 1091 2369 1145; x_wconf 79' lang='lat' dir='ltr'><strong>viventi</strong></span> <span class='ocrx_word' id='word_1_187' title='bbox 2423 1091 2616 1144; x_wconf 81' lang='lat' dir='ltr'><strong>lumini</strong></span> <span class='ocrx_word' id='word_1_188' title='bbox 2649 1092 2974 1145; x_wconf 88' lang='lat' dir='ltr'><strong>restituitur.</strong></span> <span class='ocrx_word' id='word_1_189' title='bbox 3036 1092 3214 1163; x_wconf 76' lang='lat' dir='ltr'><strong>lnquit</strong></span> <span class='ocrx_word' id='word_1_190' title='bbox 3238 1098 3419 1150; x_wconf 88' lang='lat' dir='ltr'><strong>enim:</strong></span> 
     </span>
    </p>
   </div>
   <div class='ocr_carea' id='block_1_27' title="bbox 1870 1181 3425 1246">
    <p class='ocr_par' dir='ltr' id='par_1_27' title="bbox 1870 1181 3425 1246">
     <span class='ocr_line' id='line_1_27' title="bbox 1870 1181 3425 1246; baseline 0.007 -14"><span class='ocrx_word' id='word_1_191' title='bbox 1870 1201 1888 1232; x_wconf 73' lang='grc' dir='ltr'>ί</span> <span class='ocrx_word' id='word_1_192' title='bbox 1926 1181 2157 1235; x_wconf 87' lang='lat' dir='ltr'><strong>Placebo</strong></span> <span class='ocrx_word' id='word_1_193' title='bbox 2189 1181 2419 1245; x_wconf 86' lang='lat' dir='ltr'><strong>Domino</strong></span> <span class='ocrx_word' id='word_1_194' title='bbox 2444 1184 2499 1235; x_wconf 92' lang='lat' dir='ltr'><strong>in</strong></span> <span class='ocrx_word' id='word_1_195' title='bbox 2532 1184 2735 1236; x_wconf 89' lang='lat' dir='ltr'><strong>lumine</strong></span> <span class='ocrx_word' id='word_1_196' title='bbox 2766 1185 3083 1246; x_wconf 85' lang='lat' dir='ltr'><strong>viventium,</strong></span> <span class='ocrx_word' id='word_1_197' title='bbox 3129 1205 3145 1235; x_wconf 73' lang='grc' dir='ltr'><strong>ι</strong></span> <span class='ocrx_word' id='word_1_198' title='bbox 3187 1188 3330 1241; x_wconf 87' lang='lat' dir='ltr'><strong>unde</strong></span> <span class='ocrx_word' id='word_1_199' title='bbox 3357 1193 3425 1243; x_wconf 81' lang='lat' dir='ltr'><strong>ab</strong></span> 
     </span>
    </p>
   </div>
   <div class='ocr_carea' id='block_1_28' title="bbox 1866 1271 3424 1345">
    <p class='ocr_par' dir='ltr' id='par_1_28' title="bbox 1866 1271 3424 1345">
     <span class='ocr_line' id='line_1_28' title="bbox 1866 1271 3424 1345; baseline 0.006 -22"><span class='ocrx_word' id='word_1_200' title='bbox 1866 1271 2023 1324; x_wconf 91' lang='lat' dir='ltr'><strong>initio</strong></span> <span class='ocrx_word' id='word_1_201' title='bbox 2061 1288 2156 1341; x_wconf 90' lang='lat' dir='ltr'><strong>per</strong></span> <span class='ocrx_word' id='word_1_202' title='bbox 2190 1280 2472 1342; x_wconf 83' lang='lat' dir='ltr'><strong>peccatum</strong></span> <span class='ocrx_word' id='word_1_203' title='bbox 2506 1282 2828 1327; x_wconf 83' lang='lat' dir='ltr'><strong>recesserat.</strong></span> <span class='ocrx_word' id='word_1_204' title='bbox 2864 1273 2930 1326; x_wconf 84' lang='lat' dir='ltr'><strong>Et</strong></span> <span class='ocrx_word' id='word_1_205' title='bbox 2978 1276 3044 1329; x_wconf 88' lang='lat' dir='ltr'><strong>de</strong></span> <span class='ocrx_word' id='word_1_206' title='bbox 3095 1276 3178 1331; x_wconf 92' lang='lat' dir='ltr'><strong>his</strong></span> <span class='ocrx_word' id='word_1_207' title='bbox 3206 1279 3424 1345; x_wconf 81' lang='lat' dir='ltr'><strong>quidem</strong></span> 
     </span>
    </p>
   </div>
   <div class='ocr_carea' id='block_1_29' title="bbox 1866 1364 3424 1435">
    <p class='ocr_par' dir='ltr' id='par_1_29' title="bbox 1866 1364 3424 1435">
     <span class='ocr_line' id='line_1_29' title="bbox 1866 1364 3424 1435; baseline 0.005 -20"><span class='ocrx_word' id='word_1_208' title='bbox 1866 1364 1966 1418; x_wconf 88' lang='lat' dir='ltr'><strong>ista</strong></span> <span class='ocrx_word' id='word_1_209' title='bbox 1997 1383 2009 1417; x_wconf 89' lang='lat'>:</span> <span class='ocrx_word' id='word_1_210' title='bbox 2047 1381 2157 1418; x_wconf 90' lang='lat' dir='ltr'><strong>non</strong></span> <span class='ocrx_word' id='word_1_211' title='bbox 2187 1366 2329 1418; x_wconf 89' lang='lat' dir='ltr'><strong>enim</strong></span> <span class='ocrx_word' id='word_1_212' title='bbox 2367 1366 2602 1420; x_wconf 87' lang='lat' dir='ltr'><strong>arbitror</strong></span> <span class='ocrx_word' id='word_1_213' title='bbox 2632 1381 2769 1433; x_wconf 85' lang='lat' dir='ltr'><strong>Opus</strong></span> <span class='ocrx_word' id='word_1_214' title='bbox 2805 1382 2928 1421; x_wconf 87' lang='lat' dir='ltr'><strong>esse</strong></span> <span class='ocrx_word' id='word_1_215' title='bbox 2963 1369 3176 1435; x_wconf 80' lang='lat' dir='ltr'><strong>singula</strong></span> <span class='ocrx_word' id='word_1_216' title='bbox 3214 1372 3424 1423; x_wconf 89' lang='lat' dir='ltr'><strong>studio-</strong></span> 
     </span>
    </p>
   </div>
   <div class='ocr_carea' id='block_1_30' title="bbox 1865 1456 3422 1525">
    <p class='ocr_par' dir='ltr' id='par_1_30' title="bbox 1865 1456 3422 1525">
     <span class='ocr_line' id='line_1_30' title="bbox 1865 1456 3422 1525; baseline 0.004 -17"><span class='ocrx_word' id='word_1_217' title='bbox 1865 1456 1980 1510; x_wconf 87' lang='lat' dir='ltr'><strong>sius</strong></span> <span class='ocrx_word' id='word_1_218' title='bbox 2038 1457 2313 1525; x_wconf 78' lang='lat' dir='ltr'><strong>persequi,</strong></span> <span class='ocrx_word' id='word_1_219' title='bbox 2368 1472 2436 1511; x_wconf 88' lang='lat' dir='ltr'><strong>ne</strong></span> <span class='ocrx_word' id='word_1_220' title='bbox 2492 1458 2720 1511; x_wconf 88' lang='lat' dir='ltr'><strong>nimium</strong></span> <span class='ocrx_word' id='word_1_221' title='bbox 2767 1468 2981 1512; x_wconf 84' lang='lat' dir='ltr'><strong>crescat</strong></span> <span class='ocrx_word' id='word_1_222' title='bbox 3039 1461 3233 1512; x_wconf 90' lang='lat' dir='ltr'><strong>oratio.</strong></span> <span class='ocrx_word' id='word_1_223' title='bbox 3287 1462 3422 1514; x_wconf 77' lang='lat' dir='ltr'><strong>Cum</strong></span> 
     </span>
    </p>
   </div>
   <div class='ocr_carea' id='block_1_31' title="bbox 1865 1549 3421 1620">
    <p class='ocr_par' dir='ltr' id='par_1_31' title="bbox 1865 1549 3421 1620">
     <span class='ocr_line' id='line_1_31' title="bbox 1865 1549 3421 1620; baseline 0.003 -20"><span class='ocrx_word' id='word_1_224' title='bbox 1865 1556 2045 1601; x_wconf 90' lang='lat' dir='ltr'><strong>autem</strong></span> <span class='ocrx_word' id='word_1_225' title='bbox 2078 1549 2133 1601; x_wconf 91' lang='lat' dir='ltr'><strong>in</strong></span> <span class='ocrx_word' id='word_1_226' title='bbox 2166 1549 2365 1602; x_wconf 79' lang='lat' dir='ltr'><strong>divinis</strong></span> <span class='ocrx_word' id='word_1_227' title='bbox 2398 1549 2518 1604; x_wconf 90' lang='lat' dir='ltr'><strong>istis</strong></span> <span class='ocrx_word' id='word_1_228' title='bbox 2557 1551 2772 1619; x_wconf 82' lang='lat' dir='ltr'><strong>hymnis</strong></span> <span class='ocrx_word' id='word_1_229' title='bbox 2807 1551 2957 1603; x_wconf 87' lang='lat' dir='ltr'><strong>tuulti</strong></span> <span class='ocrx_word' id='word_1_230' title='bbox 2992 1553 3097 1605; x_wconf 91' lang='lat' dir='ltr'><strong>siut</strong></span> <span class='ocrx_word' id='word_1_231' title='bbox 3147 1553 3336 1620; x_wconf 88' lang='lat' dir='ltr'><strong>psalmi</strong></span> <span class='ocrx_word' id='word_1_232' title='bbox 3368 1554 3421 1605; x_wconf 83' lang='lat' dir='ltr'><strong>in</strong></span> 
     </span>
    </p>
   </div>
   <div class='ocr_carea' id='block_1_32' title="bbox 1864 1639 3417 1714">
    <p class='ocr_par' dir='ltr' id='par_1_32' title="bbox 1864 1639 3417 1714">
     <span class='ocr_line' id='line_1_32' title="bbox 1864 1639 3417 1714; baseline 0.003 -22"><span class='ocrx_word' id='word_1_233' title='bbox 1864 1639 2171 1703; x_wconf 85' lang='lat' dir='ltr'><strong>victoriam,</strong></span> <span class='ocrx_word' id='word_1_234' title='bbox 2196 1657 2335 1711; x_wconf 91' lang='lat' dir='ltr'><strong>quos</strong></span> <span class='ocrx_word' id='word_1_235' title='bbox 2355 1641 2693 1696; x_wconf 85' lang='lat' dir='ltr'><strong>demonstrat</strong></span> <span class='ocrx_word' id='word_1_236' title='bbox 2715 1644 3027 1714; x_wconf 82' lang='lat' dir='ltr'><strong>inscriptio:</strong></span> <span class='ocrx_word' id='word_1_237' title='bbox 3057 1663 3076 1695; x_wconf 75' lang='grc' dir='ltr'><strong>ι</strong></span> <span class='ocrx_word' id='word_1_238' title='bbox 3106 1644 3161 1698; x_wconf 85' lang='grc' dir='ltr'>1η</span> <span class='ocrx_word' id='word_1_239' title='bbox 3189 1645 3370 1711; x_wconf 80' lang='lat' dir='ltr'><strong>tinem;</strong></span> <span class='ocrx_word' id='word_1_240' title='bbox 3401 1666 3417 1696; x_wconf 75' lang='grc' dir='ltr'><strong>ι</strong></span> 
     </span>
    </p>
   </div>
   <div class='ocr_carea' id='block_1_33' title="bbox 1868 1730 3426 1788">
    <p class='ocr_par' dir='ltr' id='par_1_33' title="bbox 1868 1730 3426 1788">
     <span class='ocr_line' id='line_1_33' title="bbox 1868 1730 3426 1788; baseline 0.004 -6"><span class='ocrx_word' id='word_1_241' title='bbox 1868 1737 2070 1782; x_wconf 89' lang='lat' dir='ltr'><strong>etcum</strong></span> <span class='ocrx_word' id='word_1_242' title='bbox 2125 1730 2179 1783; x_wconf 93' lang='lat' dir='ltr'><strong>in</strong></span> <span class='ocrx_word' id='word_1_243' title='bbox 2235 1730 2319 1785; x_wconf 87' lang='lat' dir='ltr'><strong>his</strong></span> <span class='ocrx_word' id='word_1_244' title='bbox 2369 1731 2535 1785; x_wconf 81' lang='lat' dir='ltr'><strong>variis</strong></span> <span class='ocrx_word' id='word_1_245' title='bbox 2586 1731 2759 1786; x_wconf 91' lang='lat' dir='ltr'><strong>modis</strong></span> <span class='ocrx_word' id='word_1_246' title='bbox 2803 1734 3028 1787; x_wconf 77' lang='lat' dir='ltr'><strong>Victoria</strong></span> <span class='ocrx_word' id='word_1_247' title='bbox 3060 1734 3129 1787; x_wconf 85' lang='lat' dir='ltr'><strong>ab</strong></span> <span class='ocrx_word' id='word_1_248' title='bbox 3181 1735 3426 1788; x_wconf 67' lang='lat' dir='ltr'><strong>bessibus</strong></span> 
     </span>
    </p>
   </div>
   <div class='ocr_carea' id='block_1_34' title="bbox 198 1812 1770 1902">
    <p class='ocr_par' dir='ltr' id='par_1_34' title="bbox 198 1828 1770 1902">
     <span class='ocr_line' id='line_1_34' title="bbox 198 1828 1770 1902; baseline 0.001 -21"><span class='ocrx_word' id='word_1_249' title='bbox 198 1830 295 1881; x_wconf 75' lang='grc' dir='ltr'>καὶ</span> <span class='ocrx_word' id='word_1_250' title='bbox 316 1829 671 1899; x_wconf 78' lang='grc' dir='ltr'>πολυτρόπως</span> <span class='ocrx_word' id='word_1_251' title='bbox 682 1828 782 1900; x_wconf 86' lang='grc' dir='ltr'>τῆς</span> <span class='ocrx_word' id='word_1_252' title='bbox 803 1831 943 1883; x_wconf 83' lang='grc' dir='ltr'>κατὰ</span> <span class='ocrx_word' id='word_1_253' title='bbox 959 1828 1067 1882; x_wconf 90' lang='grc' dir='ltr'><strong>τῶν</strong></span> <span class='ocrx_word' id='word_1_254' title='bbox 1088 1830 1396 1883; x_wconf 85' lang='grc' dir='ltr'>ἀντιπάλων</span> <span class='ocrx_word' id='word_1_255' title='bbox 1411 1830 1565 1902; x_wconf 86' lang='grc' dir='ltr'>νίκης</span> <span class='ocrx_word' id='word_1_256' title='bbox 1583 1832 1640 1882; x_wconf 81' lang='grc' dir='ltr'>ὲν</span> <span class='ocrx_word' id='word_1_257' title='bbox 1654 1828 1770 1882; x_wconf 86' lang='grc' dir='ltr'>τού-</span> 
     </span>
    </p>
   </div>
   <div class='ocr_carea' id='block_1_35' title="bbox 1869 1812 3423 1902">
    <p class='ocr_par' dir='ltr' id='par_1_35' title="bbox 1871 1818 3423 1895">
     <span class='ocr_line' id='line_1_35' title="bbox 1871 1818 3423 1895; baseline 0.005 -23"><span class='ocrx_word' id='word_1_258' title='bbox 1871 1827 2143 1888; x_wconf 87' lang='lat' dir='ltr'><strong>reportata</strong></span> <span class='ocrx_word' id='word_1_259' title='bbox 2166 1822 2397 1889; x_wconf 88' lang='lat' dir='ltr'><strong>spectari</strong></span> <span class='ocrx_word' id='word_1_260' title='bbox 2418 1823 2611 1892; x_wconf 83' lang='lat' dir='ltr'><strong>possit,</strong></span> <span class='ocrx_word' id='word_1_261' title='bbox 2638 1826 2911 1893; x_wconf 82' lang='lat' dir='ltr'><strong>prOpriam</strong></span> <span class='ocrx_word' id='word_1_262' title='bbox 2936 1837 3111 1878; x_wconf 88' lang='lat' dir='ltr'><strong>tamen</strong></span> <span class='ocrx_word' id='word_1_263' title='bbox 3135 1818 3423 1895; x_wconf 79' lang='lat' dir='ltr'><strong>quamdam</strong></span> 
     </span>
    </p>
   </div>
   <div class='ocr_carea' id='block_1_36' title="bbox 197 1920 1777 1992">
    <p class='ocr_par' dir='ltr' id='par_1_36' title="bbox 197 1920 1777 1992">
     <span class='ocr_line' id='line_1_36' title="bbox 197 1920 1777 1992; baseline 0.002 -21"><span class='ocrx_word' id='word_1_264' title='bbox 197 1937 312 1983; x_wconf 86' lang='grc' dir='ltr'>τοις</span> <span class='ocrx_word' id='word_1_265' title='bbox 336 1920 735 1989; x_wconf 84' lang='grc' dir='ltr'>θεωρουμένης,</span> <span class='ocrx_word' id='word_1_266' title='bbox 772 1921 899 1975; x_wconf 77' lang='grc' dir='ltr'>ἴδιόν</span> <span class='ocrx_word' id='word_1_267' title='bbox 926 1939 1046 1975; x_wconf 89' lang='grc' dir='ltr'>τινα</span> <span class='ocrx_word' id='word_1_268' title='bbox 1068 1920 1225 1990; x_wconf 88' lang='grc' dir='ltr'>λόγον</span> <span class='ocrx_word' id='word_1_269' title='bbox 1255 1921 1429 1976; x_wconf 77' lang='grc' dir='ltr'>ἔοικεν</span> <span class='ocrx_word' id='word_1_270' title='bbox 1458 1921 1603 1992; x_wconf 81' lang='grc' dir='ltr'>ἔχειν</span> <span class='ocrx_word' id='word_1_271' title='bbox 1631 1923 1664 1991; x_wconf 81' lang='grc' dir='ltr'>ἡ</span> <span class='ocrx_word' id='word_1_272' title='bbox 1689 1920 1777 1974; x_wconf 85' lang='grc' dir='ltr'>διὰ</span> 
     </span>
    </p>
   </div>
   <div class='ocr_carea' id='block_1_37' title="bbox 202 2004 1771 2083">
    <p class='ocr_par' dir='ltr' id='par_1_37' title="bbox 202 2004 1771 2083">
     <span class='ocr_line' id='line_1_37' title="bbox 202 2004 1771 2083; baseline 0.006 -28"><span class='ocrx_word' id='word_1_273' title='bbox 202 2004 313 2056; x_wconf 87' lang='grc' dir='ltr'><strong>τῶν</strong></span> <span class='ocrx_word' id='word_1_274' title='bbox 344 2006 440 2074; x_wconf 79' lang='grc' dir='ltr'><strong>τῆς</strong></span> <span class='ocrx_word' id='word_1_275' title='bbox 470 2007 702 2076; x_wconf 77' lang='grc' dir='ltr'>ἱστορίας</span> <span class='ocrx_word' id='word_1_276' title='bbox 728 2009 1061 2079; x_wconf 79' lang='grc' dir='ltr'>αἰνιγμάτων</span> <span class='ocrx_word' id='word_1_277' title='bbox 1087 2013 1455 2083; x_wconf 85' lang='grc' dir='ltr'>σημαινομένη</span> <span class='ocrx_word' id='word_1_278' title='bbox 1484 2014 1621 2067; x_wconf 73' lang='grc' dir='ltr'>κατὰ</span> <span class='ocrx_word' id='word_1_279' title='bbox 1646 2014 1771 2076; x_wconf 80' lang='grc' dir='ltr'>τοὺς</span> 
     </span>
    </p>
   </div>
   <div class='ocr_carea' id='block_1_38' title="bbox 203 2096 1768 2175">
    <p class='ocr_par' dir='ltr' id='par_1_38' title="bbox 203 2096 1768 2175">
     <span class='ocr_line' id='line_1_38' title="bbox 203 2096 1768 2175; baseline 0.012 -29"><span class='ocrx_word' id='word_1_280' title='bbox 203 2096 678 2165; x_wconf 80' lang='grc' dir='ltr'>προσπαλαίοντας</span> <span class='ocrx_word' id='word_1_281' title='bbox 709 2098 853 2169; x_wconf 83' lang='grc' dir='ltr'>νίκη.</span> <span class='ocrx_word' id='word_1_282' title='bbox 894 2100 1107 2169; x_wconf 78' lang='grc' dir='ltr'>Ταύτης</span> <span class='ocrx_word' id='word_1_283' title='bbox 1138 2101 1281 2169; x_wconf 78' lang='grc' dir='ltr'>λέγω</span> <span class='ocrx_word' id='word_1_284' title='bbox 1311 2103 1409 2171; x_wconf 84' lang='grc' dir='ltr'><strong>τῆς</strong></span> <span class='ocrx_word' id='word_1_285' title='bbox 1443 2102 1700 2173; x_wconf 74' lang='grc' dir='ltr'>ἱστορίας,</span> 
     </span>
    </p>
   </div>
   <div class='ocr_carea' id='block_1_39' title="bbox 202 2186 1771 2262">
    <p class='ocr_par' dir='ltr' id='par_1_39' title="bbox 202 2186 1771 2262">
     <span class='ocr_line' id='line_1_39' title="bbox 202 2186 1771 2262; baseline 0.006 -26"><span class='ocrx_word' id='word_1_286' title='bbox 202 2186 272 2237; x_wconf 73' lang='grc' dir='ltr'>τὰ</span> <span class='ocrx_word' id='word_1_287' title='bbox 302 2188 430 2256; x_wconf 68' lang='grc' dir='ltr'>περὶ</span> <span class='ocrx_word' id='word_1_288' title='bbox 460 2187 551 2239; x_wconf 75' lang='grc' dir='ltr'>τοῦ</span> <span class='ocrx_word' id='word_1_289' title='bbox 584 2188 753 2240; x_wconf 78' lang='grc' dir='ltr'>Σαοὺλ</span> <span class='ocrx_word' id='word_1_290' title='bbox 774 2189 1122 2261; x_wconf 70' lang='grc' dir='ltr'>διεξέρχεται*</span> <span class='ocrx_word' id='word_1_291' title='bbox 1155 2192 1213 2244; x_wconf 79' lang='grc' dir='ltr'><strong>ἐν</strong></span> <span class='ocrx_word' id='word_1_292' title='bbox 1243 2186 1321 2255; x_wconf 81' lang='grc' dir='ltr'>οἷς</span> <span class='ocrx_word' id='word_1_293' title='bbox 1347 2194 1379 2262; x_wconf 89' lang='grc' dir='ltr'>ή</span> <span class='ocrx_word' id='word_1_294' title='bbox 1410 2193 1518 2245; x_wconf 88' lang='grc' dir='ltr'><strong>τῶν</strong></span> <span class='ocrx_word' id='word_1_295' title='bbox 1542 2192 1771 2262; x_wconf 70' lang='grc' dir='ltr'>ψαλμῶν</span> 
     </span>
    </p>
   </div>
   <div class='ocr_carea' id='block_1_40' title="bbox 201 2278 1769 2355">
    <p class='ocr_par' dir='ltr' id='par_1_40' title="bbox 201 2278 1769 2355">
     <span class='ocr_line' id='line_1_40' title="bbox 201 2278 1769 2355; baseline 0.004 -26"><span class='ocrx_word' id='word_1_296' title='bbox 201 2278 356 2341; x_wconf 65' lang='grc' dir='ltr'>τάξις</span> <span class='ocrx_word' id='word_1_297' title='bbox 384 2279 484 2330; x_wconf 84' lang='grc' dir='ltr'><strong>οὐκ</strong></span> <span class='ocrx_word' id='word_1_298' title='bbox 510 2281 572 2331; x_wconf 85' lang='grc' dir='ltr'><strong>ἐκ</strong></span> <span class='ocrx_word' id='word_1_299' title='bbox 599 2283 696 2349; x_wconf 85' lang='grc' dir='ltr'>τῆς</span> <span class='ocrx_word' id='word_1_300' title='bbox 733 2281 1051 2345; x_wconf 84' lang='grc' dir='ltr'>ἀκολουθίας</span> <span class='ocrx_word' id='word_1_301' title='bbox 1087 2282 1195 2335; x_wconf 87' lang='grc' dir='ltr'><strong>τῶν</strong></span> <span class='ocrx_word' id='word_1_302' title='bbox 1232 2282 1513 2354; x_wconf 81' lang='grc' dir='ltr'>ἱστορικῶν</span> <span class='ocrx_word' id='word_1_303' title='bbox 1541 2284 1769 2355; x_wconf 81' lang='grc' dir='ltr'>συνέστη</span> 
     </span>
    </p>
   </div>
   <div class='ocr_carea' id='block_1_41' title="bbox 203 2371 1770 2445">
    <p class='ocr_par' dir='ltr' id='par_1_41' title="bbox 203 2371 1770 2445">
     <span class='ocr_line' id='line_1_41' title="bbox 203 2371 1770 2445; baseline 0.004 -24"><span class='ocrx_word' id='word_1_304' title='bbox 203 2372 575 2439; x_wconf 78' lang='grc' dir='ltr'>πραγμάτων,</span> <span class='ocrx_word' id='word_1_305' title='bbox 618 2371 751 2425; x_wconf 87' lang='grc' dir='ltr'><strong>ἀλλά</strong></span> <span class='ocrx_word' id='word_1_306' title='bbox 788 2375 898 2435; x_wconf 85' lang='grc' dir='ltr'>τοῖς</span> <span class='ocrx_word' id='word_1_307' title='bbox 945 2373 1084 2427; x_wconf 77' lang='grc' dir='ltr'><strong>κατά</strong></span> <span class='ocrx_word' id='word_1_308' title='bbox 1130 2375 1412 2445; x_wconf 81' lang='grc' dir='ltr'>προκοπὴν</span> <span class='ocrx_word' id='word_1_309' title='bbox 1462 2375 1529 2427; x_wconf 84' lang='grc' dir='ltr'>δι’</span> <span class='ocrx_word' id='word_1_310' title='bbox 1572 2375 1770 2445; x_wconf 79' lang='grc' dir='ltr'>ἀρετῆς</span> 
     </span>
    </p>
   </div>
   <div class='ocr_carea' id='block_1_42' title="bbox 200 2462 1772 2534">
    <p class='ocr_par' dir='ltr' id='par_1_42' title="bbox 200 2462 1772 2534">
     <span class='ocr_line' id='line_1_42' title="bbox 200 2462 1772 2534; baseline 0.001 -21"><span class='ocrx_word' id='word_1_311' title='bbox 200 2462 598 2532; x_wconf 84' lang='grc' dir='ltr'>τελειουμένοις</span> <span class='ocrx_word' id='word_1_312' title='bbox 642 2463 1073 2534; x_wconf 87' lang='grc' dir='ltr'>ἐπηκολούθησεν</span> <span class='ocrx_word' id='word_1_313' title='bbox 1098 2481 1110 2494; x_wconf 88' lang='grc'><strong>·</strong></span> <span class='ocrx_word' id='word_1_314' title='bbox 1150 2464 1378 2518; x_wconf 72' lang='grc' dir='ltr'>ἕκαστον</span> <span class='ocrx_word' id='word_1_315' title='bbox 1415 2464 1524 2518; x_wconf 87' lang='grc' dir='ltr'><strong>τῶν</strong></span> <span class='ocrx_word' id='word_1_316' title='bbox 1568 2465 1625 2517; x_wconf 85' lang='grc' dir='ltr'><strong>ἐν</strong></span> <span class='ocrx_word' id='word_1_317' title='bbox 1659 2467 1772 2527; x_wconf 83' lang='grc' dir='ltr'>τοῖς</span> 
     </span>
    </p>
   </div>
   <div class='ocr_carea' id='block_1_43' title="bbox 203 2550 1771 2621">
    <p class='ocr_par' dir='ltr' id='par_1_43' title="bbox 203 2550 1771 2621">
     <span class='ocr_line' id='line_1_43' title="bbox 203 2550 1771 2621; baseline 0.001 -21"><span class='ocrx_word' id='word_1_318' title='bbox 203 2551 495 2620; x_wconf 78' lang='grc' dir='ltr'>πράγμασι</span> <span class='ocrx_word' id='word_1_319' title='bbox 545 2550 913 2621; x_wconf 85' lang='grc' dir='ltr'>δηλουμένων,</span> <span class='ocrx_word' id='word_1_320' title='bbox 953 2554 1033 2615; x_wconf 90' lang='grc' dir='ltr'><strong>είς</strong></span> <span class='ocrx_word' id='word_1_321' title='bbox 1080 2552 1302 2617; x_wconf 77' lang='grc' dir='ltr'>ἔνδειξιν</span> <span class='ocrx_word' id='word_1_322' title='bbox 1336 2552 1435 2621; x_wconf 80' lang='grc' dir='ltr'>τῆς</span> <span class='ocrx_word' id='word_1_323' title='bbox 1483 2551 1623 2605; x_wconf 75' lang='grc' dir='ltr'>κατὰ</span> <span class='ocrx_word' id='word_1_324' title='bbox 1672 2551 1771 2621; x_wconf 81' lang='grc' dir='ltr'><strong>τὴν</strong></span> 
     </span>
    </p>
   </div>
   <div class='ocr_carea' id='block_1_44' title="bbox 203 2633 1771 2707">
    <p class='ocr_par' dir='ltr' id='par_1_44' title="bbox 203 2633 1771 2707">
     <span class='ocr_line' id='line_1_44' title="bbox 203 2633 1771 2707; baseline 0 -22"><span class='ocrx_word' id='word_1_325' title='bbox 203 2633 408 2702; x_wconf 81' lang='grc' dir='ltr'>ἀρετὴν</span> <span class='ocrx_word' id='word_1_326' title='bbox 442 2633 719 2703; x_wconf 75' lang='grc' dir='ltr'>αὐξήσεως</span> <span class='ocrx_word' id='word_1_327' title='bbox 744 2634 1085 2705; x_wconf 86' lang='grc' dir='ltr'>καταλλήλως</span> <span class='ocrx_word' id='word_1_328' title='bbox 1113 2637 1421 2707; x_wconf 89' lang='grc' dir='ltr'>ἀρμόσασα,</span> <span class='ocrx_word' id='word_1_329' title='bbox 1454 2637 1547 2689; x_wconf 75' lang='grc' dir='ltr'><strong>καὶ</strong></span> <span class='ocrx_word' id='word_1_330' title='bbox 1581 2635 1771 2706; x_wconf 88' lang='grc' dir='ltr'>πρῶτα</span> 
     </span>
    </p>
   </div>
   <div class='ocr_carea' id='block_1_45' title="bbox 202 2724 1771 2798">
    <p class='ocr_par' dir='ltr' id='par_1_45' title="bbox 202 2724 1771 2798">
     <span class='ocr_line' id='line_1_45' title="bbox 202 2724 1771 2798; baseline 0.002 -23"><span class='ocrx_word' id='word_1_331' title='bbox 202 2725 301 2776; x_wconf 75' lang='grc' dir='ltr'><strong>καὶ</strong></span> <span class='ocrx_word' id='word_1_332' title='bbox 337 2724 613 2777; x_wconf 80' lang='grc' dir='ltr'>τελευταῖα</span> <span class='ocrx_word' id='word_1_333' title='bbox 638 2725 777 2778; x_wconf 74' lang='grc' dir='ltr'>κατὰ</span> <span class='ocrx_word' id='word_1_334' title='bbox 802 2725 891 2778; x_wconf 87' lang='grc' dir='ltr'><strong>τὸν</strong></span> <span class='ocrx_word' id='word_1_335' title='bbox 919 2725 1073 2793; x_wconf 89' lang='grc' dir='ltr'>λόγον</span> <span class='ocrx_word' id='word_1_336' title='bbox 1098 2726 1195 2796; x_wconf 83' lang='grc' dir='ltr'>τῆς</span> <span class='ocrx_word' id='word_1_337' title='bbox 1225 2728 1422 2798; x_wconf 86' lang='grc' dir='ltr'>ἀρετῆς</span> <span class='ocrx_word' id='word_1_338' title='bbox 1444 2727 1509 2779; x_wconf 78' lang='grc' dir='ltr'><strong>δι’</strong></span> <span class='ocrx_word' id='word_1_339' title='bbox 1547 2726 1771 2781; x_wconf 88' lang='grc' dir='ltr'>ἀκολού-</span> 
     </span>
    </p>
   </div>
   <div class='ocr_carea' id='block_1_46' title="bbox 202 2815 1771 2890">
    <p class='ocr_par' dir='ltr' id='par_1_46' title="bbox 202 2815 1771 2890">
     <span class='ocr_line' id='line_1_46' title="bbox 202 2815 1771 2890; baseline 0.004 -23"><span class='ocrx_word' id='word_1_340' title='bbox 202 2815 299 2867; x_wconf 80' lang='grc' dir='ltr'><strong>θου</strong></span> <span class='ocrx_word' id='word_1_341' title='bbox 345 2816 625 2886; x_wconf 81' lang='grc' dir='ltr'>ταχθῆναι,</span> <span class='ocrx_word' id='word_1_342' title='bbox 662 2818 755 2870; x_wconf 79' lang='grc' dir='ltr'>καὶ</span> <span class='ocrx_word' id='word_1_343' title='bbox 802 2818 875 2889; x_wconf 85' lang='grc' dir='ltr'>μὴ</span> <span class='ocrx_word' id='word_1_344' title='bbox 908 2821 976 2887; x_wconf 83' lang='grc' dir='ltr'>τῇ</span> <span class='ocrx_word' id='word_1_345' title='bbox 1007 2818 1163 2890; x_wconf 81' lang='grc' dir='ltr'>ὐλικῇ</span> <span class='ocrx_word' id='word_1_346' title='bbox 1204 2820 1456 2890; x_wconf 82' lang='grc' dir='ltr'>συντυχίᾳ</span> <span class='ocrx_word' id='word_1_347' title='bbox 1483 2820 1588 2872; x_wconf 90' lang='grc' dir='ltr'><strong>τῶν</strong></span> <span class='ocrx_word' id='word_1_348' title='bbox 1628 2836 1771 2888; x_wconf 84' lang='grc' dir='ltr'>πρα·</span> 
     </span>
    </p>
   </div>
   <div class='ocr_carea' id='block_1_47' title="bbox 201 2910 1772 2983">
    <p class='ocr_par' dir='ltr' id='par_1_47' title="bbox 201 2910 1772 2983">
     <span class='ocr_line' id='line_1_47' title="bbox 201 2910 1772 2983; baseline 0.004 -22"><span class='ocrx_word' id='word_1_349' title='bbox 201 2910 433 2977; x_wconf 84' lang='grc' dir='ltr'>γμάτων</span> <span class='ocrx_word' id='word_1_350' title='bbox 463 2910 743 2964; x_wconf 78' lang='grc' dir='ltr'>δουλεῦσαι</span> <span class='ocrx_word' id='word_1_351' title='bbox 775 2913 871 2983; x_wconf 80' lang='grc' dir='ltr'>τὴν</span> <span class='ocrx_word' id='word_1_352' title='bbox 898 2913 1071 2980; x_wconf 81' lang='grc' dir='ltr'>τάξιν.</span> <span class='ocrx_word' id='word_1_353' title='bbox 1103 2914 1201 2967; x_wconf 86' lang='grc' dir='ltr'>Διά</span> <span class='ocrx_word' id='word_1_354' title='bbox 1241 2913 1397 2966; x_wconf 81' lang='grc' dir='ltr'>τοῦτο</span> <span class='ocrx_word' id='word_1_355' title='bbox 1428 2915 1563 2983; x_wconf 78' lang='grc' dir='ltr'>μετὰ</span> <span class='ocrx_word' id='word_1_356' title='bbox 1606 2914 1772 2967; x_wconf 87' lang='grc' dir='ltr'>πολλά</span> 
     </span>
    </p>
   </div>
   <div class='ocr_carea' id='block_1_48' title="bbox 200 3000 1772 3075">
    <p class='ocr_par' dir='ltr' id='par_1_48' title="bbox 200 3000 1772 3075">
     <span class='ocr_line' id='line_1_48' title="bbox 200 3000 1772 3075; baseline 0.004 -24"><span class='ocrx_word' id='word_1_357' title='bbox 200 3000 568 3071; x_wconf 75' lang='grc' dir='ltr'>ἑρμηνεύεται</span> <span class='ocrx_word' id='word_1_358' title='bbox 608 3003 640 3072; x_wconf 76' lang='grc' dir='ltr'>ἡ</span> <span class='ocrx_word' id='word_1_359' title='bbox 672 3004 777 3073; x_wconf 89' lang='grc' dir='ltr'><strong>πρὸ</strong></span> <span class='ocrx_word' id='word_1_360' title='bbox 810 3003 1017 3057; x_wconf 84' lang='grc' dir='ltr'>πολλῶν</span> <span class='ocrx_word' id='word_1_361' title='bbox 1046 3005 1383 3075; x_wconf 84' lang='grc' dir='ltr'>πραγμάτων</span> <span class='ocrx_word' id='word_1_362' title='bbox 1435 3006 1772 3075; x_wconf 82' lang='grc' dir='ltr'>γεγενημένη</span> 
     </span>
    </p>
   </div>
   <div class='ocr_carea' id='block_1_49' title="bbox 200 3090 1772 3167">
    <p class='ocr_par' dir='ltr' id='par_1_49' title="bbox 200 3090 1772 3167">
     <span class='ocr_line' id='line_1_49' title="bbox 200 3090 1772 3167; baseline 0.004 -25"><span class='ocrx_word' id='word_1_363' title='bbox 200 3091 349 3143; x_wconf 85' lang='grc' dir='ltr'><strong>κατά</strong></span> <span class='ocrx_word' id='word_1_364' title='bbox 377 3090 437 3143; x_wconf 85' lang='grc' dir='ltr'><strong>τὸ</strong></span> <span class='ocrx_word' id='word_1_365' title='bbox 468 3092 726 3162; x_wconf 82' lang='grc' dir='ltr'>σπήλαιον</span> <span class='ocrx_word' id='word_1_366' title='bbox 762 3095 1030 3167; x_wconf 80' lang='grc' dir='ltr'>συνδρομὴ</span> <span class='ocrx_word' id='word_1_367' title='bbox 1062 3094 1156 3147; x_wconf 78' lang='grc' dir='ltr'>τοῦ</span> <span class='ocrx_word' id='word_1_368' title='bbox 1185 3112 1243 3147; x_wconf 90' lang='grc' dir='ltr'><strong>τε</strong></span> <span class='ocrx_word' id='word_1_369' title='bbox 1280 3095 1469 3157; x_wconf 83' lang='grc' dir='ltr'>Σαοὺλ,</span> <span class='ocrx_word' id='word_1_370' title='bbox 1504 3096 1597 3148; x_wconf 80' lang='grc' dir='ltr'>τοῦ</span> <span class='ocrx_word' id='word_1_371' title='bbox 1636 3098 1772 3165; x_wconf 77' lang='grc' dir='ltr'>πρὸς</span> 
     </span>
    </p>
   </div>
   <div class='ocr_carea' id='block_1_50' title="bbox 198 3182 1771 3257">
    <p class='ocr_par' dir='ltr' id='par_1_50' title="bbox 198 3182 1771 3257">
     <span class='ocr_line' id='line_1_50' title="bbox 198 3182 1771 3257; baseline 0.005 -24"><span class='ocrx_word' id='word_1_372' title='bbox 198 3183 296 3235; x_wconf 67' lang='grc' dir='ltr'><strong>τὸν</strong></span> <span class='ocrx_word' id='word_1_373' title='bbox 336 3182 493 3251; x_wconf 81' lang='grc' dir='ltr'>φόνον</span> <span class='ocrx_word' id='word_1_374' title='bbox 530 3182 811 3248; x_wconf 89' lang='grc' dir='ltr'>διώκοντος</span> <span class='ocrx_word' id='word_1_375' title='bbox 834 3226 848 3251; x_wconf 87' lang='grc'><strong>,</strong></span> <span class='ocrx_word' id='word_1_376' title='bbox 886 3186 979 3238; x_wconf 73' lang='grc' dir='ltr'><strong>καὶ</strong></span> <span class='ocrx_word' id='word_1_377' title='bbox 1030 3185 1123 3238; x_wconf 83' lang='grc' dir='ltr'>τοῦ</span> <span class='ocrx_word' id='word_1_378' title='bbox 1159 3186 1321 3239; x_wconf 74' lang='grc' dir='ltr'><strong>Δαὸὶδ</strong></span> <span class='ocrx_word' id='word_1_379' title='bbox 1358 3185 1453 3239; x_wconf 79' lang='grc' dir='ltr'>τοῦ</span> <span class='ocrx_word' id='word_1_380' title='bbox 1482 3188 1570 3238; x_wconf 84' lang='grc' dir='ltr'><strong>τὸν</strong></span> <span class='ocrx_word' id='word_1_381' title='bbox 1613 3188 1771 3257; x_wconf 87' lang='grc' dir='ltr'>φόνον</span> 
     </span>
    </p>
   </div>
   <div class='ocr_carea' id='block_1_51' title="bbox 199 3268 1771 3349">
    <p class='ocr_par' dir='ltr' id='par_1_51' title="bbox 199 3268 1771 3349">
     <span class='ocr_line' id='line_1_51' title="bbox 199 3268 1771 3349; baseline 0.004 -24"><span class='ocrx_word' id='word_1_382' title='bbox 199 3271 571 3335; x_wconf 87' lang='grc' dir='ltr'>ἐκκλίναντος.</span> <span class='ocrx_word' id='word_1_383' title='bbox 625 3274 711 3326; x_wconf 85' lang='grc' dir='ltr'>Ἐν</span> <span class='ocrx_word' id='word_1_384' title='bbox 737 3268 781 3341; x_wconf 83' lang='grc' dir='ltr'>ᾧ</span> <span class='ocrx_word' id='word_1_385' title='bbox 808 3275 941 3345; x_wconf 85' lang='grc' dir='ltr'>πρὸς</span> <span class='ocrx_word' id='word_1_386' title='bbox 968 3275 1029 3328; x_wconf 82' lang='grc' dir='ltr'>τὸ</span> <span class='ocrx_word' id='word_1_387' title='bbox 1057 3275 1296 3329; x_wconf 84' lang='grc' dir='ltr'>ἐναντίον</span> <span class='ocrx_word' id='word_1_388' title='bbox 1334 3278 1642 3349; x_wconf 87' lang='grc' dir='ltr'>ἀνεστράφη</span> <span class='ocrx_word' id='word_1_389' title='bbox 1680 3278 1771 3332; x_wconf 84' lang='grc' dir='ltr'>τοῦ</span> 
     </span>
    </p>
   </div>
   <div class='ocr_carea' id='block_1_52' title="bbox 199 3363 1770 3441">
    <p class='ocr_par' dir='ltr' id='par_1_52' title="bbox 199 3363 1770 3441">
     <span class='ocr_line' id='line_1_52' title="bbox 199 3363 1770 3441; baseline 0.008 -30"><span class='ocrx_word' id='word_1_390' title='bbox 199 3363 373 3430; x_wconf 80' lang='grc' dir='ltr'>φόνου</span> <span class='ocrx_word' id='word_1_391' title='bbox 412 3364 445 3432; x_wconf 83' lang='grc' dir='ltr'><strong>ή</strong></span> <span class='ocrx_word' id='word_1_392' title='bbox 495 3363 728 3429; x_wconf 80' lang='grc' dir='ltr'>ἐξουσία,</span> <span class='ocrx_word' id='word_1_393' title='bbox 766 3366 840 3428; x_wconf 82' lang='grc' dir='ltr'><strong>ὡς</strong></span> <span class='ocrx_word' id='word_1_394' title='bbox 886 3369 975 3422; x_wconf 73' lang='grc' dir='ltr'><strong>τὸν</strong></span> <span class='ocrx_word' id='word_1_395' title='bbox 1025 3369 1117 3420; x_wconf 76' lang='grc' dir='ltr'><strong>ἐπὶ</strong></span> <span class='ocrx_word' id='word_1_396' title='bbox 1164 3367 1378 3439; x_wconf 86' lang='grc' dir='ltr'>θανάτῳ</span> <span class='ocrx_word' id='word_1_397' title='bbox 1425 3370 1770 3441; x_wconf 86' lang='grc' dir='ltr'>διωκόμενον,</span> 
     </span>
    </p>
   </div>
   <div class='ocr_carea' id='block_1_53' title="bbox 196 3454 1769 3533">
    <p class='ocr_par' dir='ltr' id='par_1_53' title="bbox 196 3454 1769 3533">
     <span class='ocr_line' id='line_1_53' title="bbox 196 3454 1769 3533; baseline 0.007 -28"><span class='ocrx_word' id='word_1_398' title='bbox 196 3454 396 3507; x_wconf 75' lang='grc' dir='ltr'>τοῦτον</span> <span class='ocrx_word' id='word_1_399' title='bbox 424 3455 711 3523; x_wconf 80' lang='grc' dir='ltr'>ἐφεστάναι</span> <span class='ocrx_word' id='word_1_400' title='bbox 741 3460 806 3528; x_wconf 81' lang='grc' dir='ltr'>τῇ</span> <span class='ocrx_word' id='word_1_401' title='bbox 840 3458 932 3511; x_wconf 78' lang='grc' dir='ltr'>τοῦ</span> <span class='ocrx_word' id='word_1_402' title='bbox 966 3460 1232 3527; x_wconf 86' lang='grc' dir='ltr'>φονῶντος</span> <span class='ocrx_word' id='word_1_403' title='bbox 1268 3466 1468 3533; x_wconf 79' lang='grc' dir='ltr'>σφαγῇ,</span> <span class='ocrx_word' id='word_1_404' title='bbox 1502 3464 1593 3516; x_wconf 76' lang='grc' dir='ltr'><strong>καὶ</strong></span> <span class='ocrx_word' id='word_1_405' title='bbox 1619 3463 1769 3528; x_wconf 79' lang='grc' dir='ltr'>ἐξου-</span> 
     </span>
    </p>
   </div>
   <div class='ocr_carea' id='block_1_54' title="bbox 198 3546 1771 3626">
    <p class='ocr_par' dir='ltr' id='par_1_54' title="bbox 198 3546 1771 3626">
     <span class='ocr_line' id='line_1_54' title="bbox 198 3546 1771 3626; baseline 0.008 -29"><span class='ocrx_word' id='word_1_406' title='bbox 198 3546 328 3598; x_wconf 87' lang='grc' dir='ltr'>σίαν</span> <span class='ocrx_word' id='word_1_407' title='bbox 373 3548 566 3618; x_wconf 84' lang='grc' dir='ltr'>σχόντα</span> <span class='ocrx_word' id='word_1_408' title='bbox 604 3549 701 3617; x_wconf 79' lang='grc' dir='ltr'><strong>τὴν</strong></span> <span class='ocrx_word' id='word_1_409' title='bbox 744 3551 884 3603; x_wconf 87' lang='grc' dir='ltr'><strong>κατά</strong></span> <span class='ocrx_word' id='word_1_410' title='bbox 917 3550 1009 3603; x_wconf 79' lang='grc' dir='ltr'>τοῦ</span> <span class='ocrx_word' id='word_1_411' title='bbox 1049 3551 1307 3622; x_wconf 84' lang='grc' dir='ltr'>πολεμίου</span> <span class='ocrx_word' id='word_1_412' title='bbox 1347 3556 1614 3626; x_wconf 89' lang='grc' dir='ltr'>τιμωρίαν</span> <span class='ocrx_word' id='word_1_413' title='bbox 1646 3557 1771 3625; x_wconf 81' lang='grc' dir='ltr'>στῆ-</span> 
     </span>
    </p>
   </div>
   <div class='ocr_carea' id='block_1_55' title="bbox 198 3639 1771 3715">
    <p class='ocr_par' dir='ltr' id='par_1_55' title="bbox 198 3639 1771 3715">
     <span class='ocr_line' id='line_1_55' title="bbox 198 3639 1771 3715; baseline 0.007 -26"><span class='ocrx_word' id='word_1_414' title='bbox 198 3653 320 3699; x_wconf 86' lang='grc' dir='ltr'>σαι,</span> <span class='ocrx_word' id='word_1_415' title='bbox 366 3639 460 3691; x_wconf 78' lang='grc' dir='ltr'><strong>καὶ</strong></span> <span class='ocrx_word' id='word_1_416' title='bbox 498 3640 637 3708; x_wconf 86' lang='grc' dir='ltr'><strong>μετά</strong></span> <span class='ocrx_word' id='word_1_417' title='bbox 680 3642 780 3708; x_wconf 77' lang='grc' dir='ltr'><strong>τῆς</strong></span> <span class='ocrx_word' id='word_1_418' title='bbox 818 3640 1059 3705; x_wconf 81' lang='grc' dir='ltr'>ἐξουσίας</span> <span class='ocrx_word' id='word_1_419' title='bbox 1094 3643 1194 3713; x_wconf 85' lang='grc' dir='ltr'><strong>τὴν</strong></span> <span class='ocrx_word' id='word_1_420' title='bbox 1222 3644 1469 3715; x_wconf 90' lang='grc' dir='ltr'>δύναμιν,</span> <span class='ocrx_word' id='word_1_421' title='bbox 1517 3646 1636 3699; x_wconf 75' lang='grc' dir='ltr'>ἀντὶ</span> <span class='ocrx_word' id='word_1_422' title='bbox 1679 3646 1771 3699; x_wconf 83' lang='grc' dir='ltr'><strong>τοῦ</strong></span> 
     </span>
    </p>
   </div>
   <div class='ocr_carea' id='block_1_56' title="bbox 194 3728 1769 3806">
    <p class='ocr_par' dir='ltr' id='par_1_56' title="bbox 194 3728 1769 3806">
     <span class='ocr_line' id='line_1_56' title="bbox 194 3728 1769 3806; baseline 0.007 -26"><span class='ocrx_word' id='word_1_423' title='bbox 194 3728 470 3799; x_wconf 88' lang='grc' dir='ltr'>πολεμίου</span> <span class='ocrx_word' id='word_1_424' title='bbox 501 3731 590 3785; x_wconf 85' lang='grc' dir='ltr'><strong>τὸν</strong></span> <span class='ocrx_word' id='word_1_425' title='bbox 628 3732 817 3785; x_wconf 76' lang='grc' dir='ltr'>ἑαυτοῦ</span> <span class='ocrx_word' id='word_1_426' title='bbox 848 3732 1017 3802; x_wconf 79' lang='grc' dir='ltr'>θυμὸν</span> <span class='ocrx_word' id='word_1_427' title='bbox 1049 3735 1106 3787; x_wconf 82' lang='grc' dir='ltr'><strong>ἐν</strong></span> <span class='ocrx_word' id='word_1_428' title='bbox 1138 3735 1315 3806; x_wconf 84' lang='grc' dir='ltr'>ἐαυτῷ</span> <span class='ocrx_word' id='word_1_429' title='bbox 1355 3737 1769 3793; x_wconf 86' lang='grc' dir='ltr'>ἀποκτείναντα.</span> 
     </span>
    </p>
   </div>
   <div class='ocr_carea' id='block_1_57' title="bbox 272 3910 1775 3989">
    <p class='ocr_par' dir='ltr' id='par_1_57' title="bbox 272 3910 1775 3989">
     <span class='ocr_line' id='line_1_57' title="bbox 272 3910 1775 3989; baseline 0.003 -21"><span class='ocrx_word' id='word_1_430' title='bbox 272 3915 362 3968; x_wconf 80' lang='grc' dir='ltr'><strong>Τά</strong></span> <span class='ocrx_word' id='word_1_431' title='bbox 397 3915 495 3985; x_wconf 85' lang='grc' dir='ltr'>μὲν</span> <span class='ocrx_word' id='word_1_432' title='bbox 522 3910 613 3968; x_wconf 71' lang='grc' dir='ltr'><strong>οὖν</strong></span> <span class='ocrx_word' id='word_1_433' title='bbox 654 3918 751 3984; x_wconf 79' lang='grc' dir='ltr'>τῆς</span> <span class='ocrx_word' id='word_1_434' title='bbox 800 3917 1038 3985; x_wconf 85' lang='grc' dir='ltr'>ἱστορίας</span> <span class='ocrx_word' id='word_1_435' title='bbox 1073 3919 1205 3971; x_wconf 84' lang='grc' dir='ltr'>πᾶσι</span> <span class='ocrx_word' id='word_1_436' title='bbox 1258 3918 1519 3989; x_wconf 82' lang='grc' dir='ltr'>πρόδηλον</span> <span class='ocrx_word' id='word_1_437' title='bbox 1558 3920 1775 3983; x_wconf 89' lang='grc' dir='ltr'>πάντως</span> 
     </span>
    </p>
   </div>
   <div class='ocr_carea' id='block_1_58' title="bbox 190 4001 1770 4079">
    <p class='ocr_par' dir='ltr' id='par_1_58' title="bbox 190 4001 1770 4079">
     <span class='ocr_line' id='line_1_58' title="bbox 190 4001 1770 4079; baseline 0.004 -21"><span class='ocrx_word' id='word_1_438' title='bbox 190 4008 380 4067; x_wconf 66' lang='grc' dir='ltr'>ἐστὶν,</span> <span class='ocrx_word' id='word_1_439' title='bbox 433 4001 513 4068; x_wconf 75' lang='grc' dir='ltr'>οἷς</span> <span class='ocrx_word' id='word_1_440' title='bbox 552 4007 651 4059; x_wconf 87' lang='grc' dir='ltr'><strong>οὐκ</strong></span> <span class='ocrx_word' id='word_1_441' title='bbox 704 4009 760 4061; x_wconf 82' lang='grc' dir='ltr'>ὲν</span> <span class='ocrx_word' id='word_1_442' title='bbox 806 4010 1067 4079; x_wconf 79' lang='grc' dir='ltr'>παρέργῳ</span> <span class='ocrx_word' id='word_1_443' title='bbox 1112 4009 1179 4062; x_wconf 82' lang='grc' dir='ltr'><strong>τὰ</strong></span> <span class='ocrx_word' id='word_1_444' title='bbox 1226 4009 1343 4062; x_wconf 85' lang='grc' dir='ltr'>θεῖα</span> <span class='ocrx_word' id='word_1_445' title='bbox 1398 4011 1770 4075; x_wconf 77' lang='grc' dir='ltr'>σπουδάζεται.</span> 
     </span>
    </p>
   </div>
   <div class='ocr_carea' id='block_1_59' title="bbox 202 4092 1774 4170">
    <p class='ocr_par' dir='ltr' id='par_1_59' title="bbox 202 4092 1774 4170">
     <span class='ocr_line' id='line_1_59' title="bbox 202 4092 1774 4170; baseline 0.001 -20"><span class='ocrx_word' id='word_1_446' title='bbox 202 4097 483 4167; x_wconf 76' lang='grc' dir='ltr'>Ἐρούμεν</span> <span class='ocrx_word' id='word_1_447' title='bbox 514 4096 570 4149; x_wconf 81' lang='grc' dir='ltr'>δὲ</span> <span class='ocrx_word' id='word_1_448' title='bbox 600 4096 687 4149; x_wconf 76' lang='grc' dir='ltr'>διὰ</span> <span class='ocrx_word' id='word_1_449' title='bbox 719 4097 979 4168; x_wconf 81' lang='grc' dir='ltr'>βραχέων,</span> <span class='ocrx_word' id='word_1_450' title='bbox 1010 4098 1083 4161; x_wconf 90' lang='grc' dir='ltr'><strong>ώς</strong></span> <span class='ocrx_word' id='word_1_451' title='bbox 1104 4099 1173 4151; x_wconf 80' lang='grc' dir='ltr'>ἂν</span> <span class='ocrx_word' id='word_1_452' title='bbox 1202 4092 1311 4151; x_wconf 74' lang='grc' dir='ltr'>οἷόν</span> <span class='ocrx_word' id='word_1_453' title='bbox 1338 4116 1395 4151; x_wconf 89' lang='grc' dir='ltr'><strong>τε</strong></span> <span class='ocrx_word' id='word_1_454' title='bbox 1487 4101 1774 4170; x_wconf 84' lang='grc' dir='ltr'>συντεμόν-</span> 
     </span>
    </p>
   </div>
   <div class='ocr_carea' id='block_1_60' title="bbox 184 4174 1774 4262">
    <p class='ocr_par' dir='ltr' id='par_1_60' title="bbox 184 4174 1774 4262">
     <span class='ocr_line' id='line_1_60' title="bbox 184 4174 1774 4262; baseline 0.003 -21"><span class='ocrx_word' id='word_1_455' title='bbox 184 4208 293 4253; x_wconf 82' lang='grc' dir='ltr'><strong>τες</strong></span> <span class='ocrx_word' id='word_1_456' title='bbox 328 4191 390 4241; x_wconf 81' lang='grc' dir='ltr'><strong>ἐν</strong></span> <span class='ocrx_word' id='word_1_457' title='bbox 427 4188 590 4257; x_wconf 85' lang='grc' dir='ltr'>ὀλίγῳ</span> <span class='ocrx_word' id='word_1_458' title='bbox 632 4190 694 4241; x_wconf 73' lang='grc' dir='ltr'>τὸ</span> <span class='ocrx_word' id='word_1_459' title='bbox 730 4174 858 4259; x_wconf 60' lang='grc' dir='ltr'>περὶ</span> <span class='ocrx_word' id='word_1_460' title='bbox 884 4189 1071 4243; x_wconf 86' lang='grc' dir='ltr'>τούτου</span> <span class='ocrx_word' id='word_1_461' title='bbox 1110 4191 1372 4261; x_wconf 81' lang='grc' dir='ltr'>διήγημα.</span> <span class='ocrx_word' id='word_1_462' title='bbox 1412 4192 1655 4262; x_wconf 82' lang='grc' dir='ltr'>Ἔρημός</span> <span class='ocrx_word' id='word_1_463' title='bbox 1691 4210 1774 4256; x_wconf 85' lang='grc' dir='ltr'><strong>τις</strong></span> 
     </span>
    </p>
   </div>
   <div class='ocr_carea' id='block_1_61' title="bbox 180 4272 1772 4350">
    <p class='ocr_par' dir='ltr' id='par_1_61' title="bbox 180 4272 1772 4350">
     <span class='ocr_line' id='line_1_61' title="bbox 180 4272 1772 4350; baseline 0.003 -20"><span class='ocrx_word' id='word_1_464' title='bbox 180 4277 260 4350; x_wconf 74' lang='grc' dir='ltr'><strong>ἦν</strong></span> <span class='ocrx_word' id='word_1_465' title='bbox 298 4281 469 4343; x_wconf 86' lang='grc' dir='ltr'>τόπος</span> <span class='ocrx_word' id='word_1_466' title='bbox 497 4280 637 4332; x_wconf 88' lang='grc' dir='ltr'><strong>κατὰ</strong></span> <span class='ocrx_word' id='word_1_467' title='bbox 663 4280 760 4350; x_wconf 80' lang='grc' dir='ltr'>τὴν</span> <span class='ocrx_word' id='word_1_468' title='bbox 796 4279 1070 4343; x_wconf 81' lang='grc' dir='ltr'>Ἰουδαίαν,</span> <span class='ocrx_word' id='word_1_469' title='bbox 1099 4282 1155 4332; x_wconf 91' lang='grc' dir='ltr'><strong>ἐν</strong></span> <span class='ocrx_word' id='word_1_470' title='bbox 1186 4272 1229 4347; x_wconf 83' lang='grc' dir='ltr'><strong>ᾧ</strong></span> <span class='ocrx_word' id='word_1_471' title='bbox 1254 4280 1578 4350; x_wconf 82' lang='grc' dir='ltr'>διωκόμενος</span> <span class='ocrx_word' id='word_1_472' title='bbox 1608 4282 1636 4333; x_wconf 87' lang='grc' dir='ltr'><strong>ὁ</strong></span> <span class='ocrx_word' id='word_1_473' title='bbox 1668 4285 1772 4334; x_wconf 91' lang='grc' dir='ltr'><strong>Δα-</strong></span> 
     </span>
    </p>
   </div>
   <div class='ocr_carea' id='block_1_62' title="bbox 181 4368 1772 4441">
    <p class='ocr_par' dir='ltr' id='par_1_62' title="bbox 181 4368 1772 4441">
     <span class='ocr_line' id='line_1_62' title="bbox 181 4368 1772 4441; baseline 0.002 -19"><span class='ocrx_word' id='word_1_474' title='bbox 181 4371 283 4423; x_wconf 83' lang='grc' dir='ltr'>6“ιδ</span> <span class='ocrx_word' id='word_1_475' title='bbox 313 4370 424 4427; x_wconf 73' lang='grc' dir='ltr'>ὑπὸ</span> <span class='ocrx_word' id='word_1_476' title='bbox 460 4370 767 4439; x_wconf 83' lang='grc' dir='ltr'>ἀμηχανίας</span> <span class='ocrx_word' id='word_1_477' title='bbox 800 4368 1066 4438; x_wconf 75' lang='grc' dir='ltr'>ηὐλίζετο.</span> <span class='ocrx_word' id='word_1_478' title='bbox 1116 4370 1202 4421; x_wconf 88' lang='grc' dir='ltr'>Ἐν</span> <span class='ocrx_word' id='word_1_479' title='bbox 1228 4369 1399 4439; x_wconf 91' lang='grc' dir='ltr'>τούτῳ</span> <span class='ocrx_word' id='word_1_480' title='bbox 1427 4370 1482 4422; x_wconf 79' lang='grc' dir='ltr'>τὶ</span> <span class='ocrx_word' id='word_1_481' title='bbox 1512 4370 1772 4441; x_wconf 82' lang='grc' dir='ltr'>σπήλαιον</span> 
     </span>
    </p>
   </div>
   <div class='ocr_carea' id='block_1_63' title="bbox 180 4456 1770 4532">
    <p class='ocr_par' dir='ltr' id='par_1_63' title="bbox 180 4456 1770 4532">
     <span class='ocr_line' id='line_1_63' title="bbox 180 4456 1770 4532; baseline 0.001 -19"><span class='ocrx_word' id='word_1_482' title='bbox 180 4461 522 4532; x_wconf 75' lang='grc' dir='ltr'>εὐρύχωρον</span> <span class='ocrx_word' id='word_1_483' title='bbox 548 4456 632 4531; x_wconf 76' lang='grc' dir='ltr'>ἦν,</span> <span class='ocrx_word' id='word_1_484' title='bbox 665 4460 732 4511; x_wconf 82' lang='grc' dir='ltr'>δι’</span> <span class='ocrx_word' id='word_1_485' title='bbox 766 4461 882 4523; x_wconf 70' lang='grc' dir='ltr'>ἐνὸς</span> <span class='ocrx_word' id='word_1_486' title='bbox 913 4460 1131 4530; x_wconf 85' lang='grc' dir='ltr'>στομίου</span> <span class='ocrx_word' id='word_1_487' title='bbox 1162 4461 1285 4521; x_wconf 81' lang='grc' dir='ltr'>τοὺς</span> <span class='ocrx_word' id='word_1_488' title='bbox 1316 4463 1373 4513; x_wconf 89' lang='grc' dir='ltr'><strong>ἐν</strong></span> <span class='ocrx_word' id='word_1_489' title='bbox 1410 4461 1557 4531; x_wconf 86' lang='grc' dir='ltr'><strong>αὐτῴ</strong></span> <span class='ocrx_word' id='word_1_490' title='bbox 1602 4480 1770 4516; x_wconf 86' lang='grc' dir='ltr'>κατα-</span> 
     </span>
    </p>
   </div>
   <div class='ocr_carea' id='block_1_64' title="bbox 176 4549 1774 4624">
    <p class='ocr_par' dir='ltr' id='par_1_64' title="bbox 176 4549 1774 4624">
     <span class='ocr_line' id='line_1_64' title="bbox 176 4549 1774 4624; baseline 0 -17"><span class='ocrx_word' id='word_1_491' title='bbox 176 4552 502 4624; x_wconf 79' lang='grc' dir='ltr'>δυομένους</span> <span class='ocrx_word' id='word_1_492' title='bbox 536 4550 990 4621; x_wconf 87' lang='grc' dir='ltr'>παραδεχόμενον.</span> <span class='ocrx_word' id='word_1_493' title='bbox 1034 4549 1139 4604; x_wconf 82' lang='grc' dir='ltr'>Τοῦ</span> <span class='ocrx_word' id='word_1_494' title='bbox 1166 4551 1222 4603; x_wconf 82' lang='grc' dir='ltr'><strong>δὲ</strong></span> <span class='ocrx_word' id='word_1_495' title='bbox 1249 4551 1417 4605; x_wconf 80' lang='grc' dir='ltr'>Σαοὺλ</span> <span class='ocrx_word' id='word_1_496' title='bbox 1450 4553 1774 4623; x_wconf 80' lang='grc' dir='ltr'>ἀναζητοῦν-</span> 
     </span>
    </p>
   </div>
   <div class='ocr_carea' id='block_1_65' title="bbox 174 4644 1776 4716">
    <p class='ocr_par' dir='ltr' id='par_1_65' title="bbox 174 4644 1776 4716">
     <span class='ocr_line' id='line_1_65' title="bbox 174 4644 1776 4716; baseline -0.001 -16"><span class='ocrx_word' id='word_1_497' title='bbox 174 4664 285 4709; x_wconf 84' lang='grc' dir='ltr'><strong>τος</strong></span> <span class='ocrx_word' id='word_1_498' title='bbox 344 4645 437 4697; x_wconf 79' lang='grc' dir='ltr'><strong>τὸν</strong></span> <span class='ocrx_word' id='word_1_499' title='bbox 473 4644 666 4706; x_wconf 73' lang='grc' dir='ltr'>Δαϐὶδ,</span> <span class='ocrx_word' id='word_1_500' title='bbox 706 4646 799 4697; x_wconf 72' lang='grc' dir='ltr'>καὶ</span> <span class='ocrx_word' id='word_1_501' title='bbox 834 4647 1174 4715; x_wconf 81' lang='grc' dir='ltr'>πανστρατιᾷ</span> <span class='ocrx_word' id='word_1_502' title='bbox 1215 4645 1633 4716; x_wconf 85' lang='grc' dir='ltr'>διερευνωμένου</span> <span class='ocrx_word' id='word_1_503' title='bbox 1679 4646 1776 4715; x_wconf 77' lang='grc' dir='ltr'><strong>τὴν</strong></span> 
     </span>
    </p>
   </div>
   <div class='ocr_carea' id='block_1_66' title="bbox 174 4733 1777 4805">
    <p class='ocr_par' dir='ltr' id='par_1_66' title="bbox 174 4733 1777 4805">
     <span class='ocr_line' id='line_1_66' title="bbox 174 4733 1777 4805; baseline -0.002 -18"><span class='ocrx_word' id='word_1_504' title='bbox 174 4736 295 4805; x_wconf 58' lang='lat' dir='ltr'><strong>{pr}</strong></span> <span class='ocrx_word' id='word_1_505' title='bbox 307 4750 435 4804; x_wconf 88' lang='grc' dir='ltr'>μον,</span> <span class='ocrx_word' id='word_1_506' title='bbox 466 4733 899 4800; x_wconf 83' lang='grc' dir='ltr'>καταφεύγουσιν</span> <span class='ocrx_word' id='word_1_507' title='bbox 933 4734 1024 4786; x_wconf 82' lang='grc' dir='ltr'>ὐπ’</span> <span class='ocrx_word' id='word_1_508' title='bbox 1054 4734 1297 4801; x_wconf 86' lang='grc' dir='ltr'>ἀνάγκης</span> <span class='ocrx_word' id='word_1_509' title='bbox 1337 4734 1497 4797; x_wconf 88' lang='grc' dir='ltr'>αὐτός</span> <span class='ocrx_word' id='word_1_510' title='bbox 1534 4752 1588 4787; x_wconf 85' lang='grc' dir='ltr'><strong>τε</strong></span> <span class='ocrx_word' id='word_1_511' title='bbox 1618 4737 1646 4787; x_wconf 90' lang='grc' dir='ltr'>ὁ</span> <span class='ocrx_word' id='word_1_512' title='bbox 1674 4737 1777 4785; x_wconf 83' lang='grc' dir='ltr'><strong>Δα-</strong></span> 
     </span>
    </p>
   </div>
   <div class='ocr_carea' id='block_1_67' title="bbox 171 4824 1775 4894">
    <p class='ocr_par' dir='ltr' id='par_1_67' title="bbox 171 4824 1775 4894">
     <span class='ocr_line' id='line_1_67' title="bbox 171 4824 1775 4894; baseline -0.002 -15"><span class='ocrx_word' id='word_1_513' title='bbox 171 4828 302 4891; x_wconf 79' lang='grc' dir='ltr'>ὄὶδ,</span> <span class='ocrx_word' id='word_1_514' title='bbox 343 4826 441 4877; x_wconf 77' lang='grc' dir='ltr'><strong>καὶ</strong></span> <span class='ocrx_word' id='word_1_515' title='bbox 468 4826 515 4877; x_wconf 83' lang='lat' dir='ltr'><strong>oi</strong></span> <span class='ocrx_word' id='word_1_516' title='bbox 548 4825 664 4893; x_wconf 79' lang='grc' dir='ltr'>μετ’</span> <span class='ocrx_word' id='word_1_517' title='bbox 687 4825 915 4886; x_wconf 88' lang='grc' dir='ltr'>ἐκείνου,</span> <span class='ocrx_word' id='word_1_518' title='bbox 952 4824 1054 4877; x_wconf 80' lang='grc' dir='ltr'>ὑπὸ</span> <span class='ocrx_word' id='word_1_519' title='bbox 1083 4824 1143 4876; x_wconf 86' lang='grc' dir='ltr'><strong>τὸ</strong></span> <span class='ocrx_word' id='word_1_520' title='bbox 1170 4824 1446 4894; x_wconf 87' lang='grc' dir='ltr'>σπήλαιον.</span> <span class='ocrx_word' id='word_1_521' title='bbox 1486 4826 1690 4877; x_wconf 89' lang='grc' dir='ltr'>Ὄντων</span> <span class='ocrx_word' id='word_1_522' title='bbox 1720 4825 1775 4876; x_wconf 82' lang='grc' dir='ltr'>δὲ</span> 
     </span>
    </p>
   </div>
   <div class='ocr_carea' id='block_1_68' title="bbox 169 4913 1777 4989">
    <p class='ocr_par' dir='ltr' id='par_1_68' title="bbox 169 4913 1777 4989">
     <span class='ocr_line' id='line_1_68' title="bbox 169 4913 1777 4989; baseline -0.002 -19"><span class='ocrx_word' id='word_1_523' title='bbox 169 4920 293 4989; x_wconf 64' lang='grc' dir='ltr'>ἤδη</span> <span class='ocrx_word' id='word_1_524' title='bbox 338 4916 547 4969; x_wconf 87' lang='grc' dir='ltr'>τούτων</span> <span class='ocrx_word' id='word_1_525' title='bbox 587 4917 643 4968; x_wconf 80' lang='grc' dir='ltr'><strong>ἐν</strong></span> <span class='ocrx_word' id='word_1_526' title='bbox 678 4915 757 4986; x_wconf 84' lang='grc' dir='ltr'>τῷ</span> <span class='ocrx_word' id='word_1_527' title='bbox 793 4916 1066 4986; x_wconf 89' lang='grc' dir='ltr'>σπηλαίῳ,</span> <span class='ocrx_word' id='word_1_528' title='bbox 1108 4917 1236 4968; x_wconf 83' lang='grc' dir='ltr'>είσω</span> <span class='ocrx_word' id='word_1_529' title='bbox 1275 4916 1479 4984; x_wconf 89' lang='grc' dir='ltr'>γίνεται</span> <span class='ocrx_word' id='word_1_530' title='bbox 1521 4913 1615 4968; x_wconf 81' lang='grc' dir='ltr'><strong>τοῦ</strong></span> <span class='ocrx_word' id='word_1_531' title='bbox 1660 4933 1777 4968; x_wconf 87' lang='grc' dir='ltr'>στο-</span> 
     </span>
    </p>
   </div>
   <div class='ocr_carea' id='block_1_69' title="bbox 170 4999 1776 5079">
    <p class='ocr_par' dir='ltr' id='par_1_69' title="bbox 170 4999 1776 5079">
     <span class='ocr_line' id='line_1_69' title="bbox 170 4999 1776 5079; baseline -0.003 -19"><span class='ocrx_word' id='word_1_532' title='bbox 170 5008 328 5079; x_wconf 84' lang='grc' dir='ltr'>μίου</span> <span class='ocrx_word' id='word_1_533' title='bbox 363 5006 459 5058; x_wconf 77' lang='grc' dir='ltr'><strong>καὶ</strong></span> <span class='ocrx_word' id='word_1_534' title='bbox 489 5007 517 5057; x_wconf 86' lang='grc' dir='ltr'>ὁ</span> <span class='ocrx_word' id='word_1_535' title='bbox 542 5006 711 5058; x_wconf 82' lang='grc' dir='ltr'>Σαοὺλ</span> <span class='ocrx_word' id='word_1_536' title='bbox 745 5006 859 5075; x_wconf 79' lang='grc' dir='ltr'>μετ’</span> <span class='ocrx_word' id='word_1_537' title='bbox 884 5006 1140 5068; x_wconf 85' lang='grc' dir='ltr'>ἐκείνους,</span> <span class='ocrx_word' id='word_1_538' title='bbox 1170 5006 1252 5073; x_wconf 80' lang='grc' dir='ltr'>ἐφ’</span> <span class='ocrx_word' id='word_1_539' title='bbox 1272 4999 1315 5072; x_wconf 82' lang='grc' dir='ltr'>ᾧ</span> <span class='ocrx_word' id='word_1_540' title='bbox 1339 5023 1406 5063; x_wconf 83' lang='grc' dir='ltr'><strong>τε,</strong></span> <span class='ocrx_word' id='word_1_541' title='bbox 1428 5005 1561 5075; x_wconf 89' lang='grc' dir='ltr'>πρός</span> <span class='ocrx_word' id='word_1_542' title='bbox 1587 5023 1638 5057; x_wconf 92' lang='grc' dir='ltr'><strong>τι</strong></span> <span class='ocrx_word' id='word_1_543' title='bbox 1666 5004 1776 5057; x_wconf 85' lang='grc' dir='ltr'><strong>τῶν</strong></span> 
     </span>
    </p>
   </div>
   <div class='ocr_carea' id='block_1_70' title="bbox 167 5094 1776 5167">
    <p class='ocr_par' dir='ltr' id='par_1_70' title="bbox 167 5094 1776 5167">
     <span class='ocr_line' id='line_1_70' title="bbox 167 5094 1776 5167; baseline -0.004 -15"><span class='ocrx_word' id='word_1_544' title='bbox 167 5097 524 5164; x_wconf 68' lang='grc' dir='ltr'>ἀναγκαίων</span> <span class='ocrx_word' id='word_1_545' title='bbox 548 5095 1085 5167; x_wconf 82' lang='grc' dir='ltr'>παρασκευάσασθαι.</span> <span class='ocrx_word' id='word_1_546' title='bbox 1110 5096 1316 5161; x_wconf 86' lang='grc' dir='ltr'>ἀγνοῶν</span> <span class='ocrx_word' id='word_1_547' title='bbox 1338 5096 1435 5164; x_wconf 83' lang='grc' dir='ltr'>τὴν</span> <span class='ocrx_word' id='word_1_548' title='bbox 1459 5094 1776 5163; x_wconf 85' lang='grc' dir='ltr'>αὐτομάτως</span> 
     </span>
    </p>
   </div>
   <div class='ocr_carea' id='block_1_71' title="bbox 168 5185 1771 5259">
    <p class='ocr_par' dir='ltr' id='par_1_71' title="bbox 168 5185 1771 5259">
     <span class='ocr_line' id='line_1_71' title="bbox 168 5185 1771 5259; baseline -0.003 -16"><span class='ocrx_word' id='word_1_549' title='bbox 168 5189 498 5259; x_wconf 55' lang='grc' dir='ltr'>συμβᾶσαν</span> <span class='ocrx_word' id='word_1_550' title='bbox 549 5186 689 5240; x_wconf 88' lang='grc' dir='ltr'><strong>κατά</strong></span> <span class='ocrx_word' id='word_1_551' title='bbox 734 5187 833 5254; x_wconf 80' lang='grc' dir='ltr'>τῆς</span> <span class='ocrx_word' id='word_1_552' title='bbox 888 5186 1156 5256; x_wconf 88' lang='grc' dir='ltr'>σωτηρίας</span> <span class='ocrx_word' id='word_1_553' title='bbox 1209 5185 1372 5237; x_wconf 84' lang='grc' dir='ltr'>αὐτοῦ</span> <span class='ocrx_word' id='word_1_554' title='bbox 1423 5186 1771 5255; x_wconf 86' lang='grc' dir='ltr'>στρατηγίαν.</span> 
     </span>
    </p>
   </div>
   <div class='ocr_carea' id='block_1_72' title="bbox 175 5273 1774 5347">
    <p class='ocr_par' dir='ltr' id='par_1_72' title="bbox 175 5273 1774 5347">
     <span class='ocr_line' id='line_1_72' title="bbox 175 5273 1774 5347; baseline -0.004 -15"><span class='ocrx_word' id='word_1_555' title='bbox 175 5282 287 5342; x_wconf 79' lang='grc' dir='ltr'>Ὠς</span> <span class='ocrx_word' id='word_1_556' title='bbox 326 5274 429 5329; x_wconf 74' lang='grc' dir='ltr'>οὖν</span> <span class='ocrx_word' id='word_1_557' title='bbox 454 5278 537 5344; x_wconf 81' lang='grc' dir='ltr'>ἐφ’</span> <span class='ocrx_word' id='word_1_558' title='bbox 566 5277 757 5329; x_wconf 78' lang='grc' dir='ltr'>ἑαυτοῦ</span> <span class='ocrx_word' id='word_1_559' title='bbox 781 5273 868 5347; x_wconf 79' lang='grc' dir='ltr'>ἦν,</span> <span class='ocrx_word' id='word_1_560' title='bbox 898 5278 993 5329; x_wconf 69' lang='grc' dir='ltr'><strong>καὶ</strong></span> <span class='ocrx_word' id='word_1_561' title='bbox 1013 5276 1109 5346; x_wconf 82' lang='grc' dir='ltr'>τὴν</span> <span class='ocrx_word' id='word_1_562' title='bbox 1129 5275 1371 5329; x_wconf 74' lang='grc' dir='ltr'>διπλοΐδα</span> <span class='ocrx_word' id='word_1_563' title='bbox 1398 5275 1774 5345; x_wconf 87' lang='grc' dir='ltr'>περιελόμενος</span> 
     </span>
    </p>
   </div>
   <div class='ocr_carea' id='block_1_73' title="bbox 162 5364 1777 5442">
    <p class='ocr_par' dir='ltr' id='par_1_73' title="bbox 162 5364 1777 5442">
     <span class='ocr_line' id='line_1_73' title="bbox 162 5364 1777 5442; baseline 0.009 -27"><span class='ocrx_word' id='word_1_564' title='bbox 162 5372 332 5442; x_wconf 80' lang='grc' dir='ltr'>παρ’</span> <span class='ocrx_word' id='word_1_565' title='bbox 366 5368 557 5420; x_wconf 80' lang='grc' dir='ltr'>ἐαυτὸν</span> <span class='ocrx_word' id='word_1_566' title='bbox 586 5384 685 5420; x_wconf 90' lang='grc' dir='ltr'><strong>που</strong></span> <span class='ocrx_word' id='word_1_567' title='bbox 720 5367 974 5419; x_wconf 80' lang='grc' dir='ltr'>κατέθετο</span> <span class='ocrx_word' id='word_1_568' title='bbox 994 5406 1008 5429; x_wconf 94' lang='grc'><strong>,</strong></span> <span class='ocrx_word' id='word_1_569' title='bbox 1034 5366 1348 5435; x_wconf 80' lang='grc' dir='ltr'>καταφανὴς</span> <span class='ocrx_word' id='word_1_570' title='bbox 1375 5364 1450 5418; x_wconf 77' lang='grc' dir='ltr'>ὢν</span> <span class='ocrx_word' id='word_1_571' title='bbox 1471 5365 1561 5417; x_wconf 75' lang='grc' dir='ltr'><strong>διὰ</strong></span> <span class='ocrx_word' id='word_1_572' title='bbox 1587 5365 1687 5435; x_wconf 83' lang='grc' dir='ltr'><strong>τῆς</strong></span> <span class='ocrx_word' id='word_1_573' title='bbox 1713 5367 1777 5417; x_wconf 75' lang='grc' dir='ltr'><strong>ὲκ</strong></span> 
     </span>
    </p>
   </div>
   <div class='ocr_carea' id='block_1_74' title="bbox 158 5456 1775 5529">
    <p class='ocr_par' dir='ltr' id='par_1_74' title="bbox 158 5456 1775 5529">
     <span class='ocr_line' id='line_1_74' title="bbox 158 5456 1775 5529; baseline -0.006 -13"><span class='ocrx_word' id='word_1_574' title='bbox 158 5463 278 5517; x_wconf 74' lang='grc' dir='ltr'><strong>τοῦ</strong></span> <span class='ocrx_word' id='word_1_575' title='bbox 339 5460 567 5529; x_wconf 83' lang='grc' dir='ltr'>στομίου</span> <span class='ocrx_word' id='word_1_576' title='bbox 602 5458 805 5527; x_wconf 79' lang='grc' dir='ltr'>αὐγῆς,</span> <span class='ocrx_word' id='word_1_577' title='bbox 836 5462 947 5521; x_wconf 81' lang='grc' dir='ltr'>τοῖς</span> <span class='ocrx_word' id='word_1_578' title='bbox 978 5458 1121 5511; x_wconf 78' lang='grc' dir='ltr'>ἔνδον</span> <span class='ocrx_word' id='word_1_579' title='bbox 1164 5456 1660 5528; x_wconf 73' lang='grc' dir='ltr'>ύποκρυπτομένοις</span> <span class='ocrx_word' id='word_1_580' title='bbox 1697 5456 1775 5526; x_wconf 80' lang='grc' dir='ltr'>τῷ</span> 
     </span>
    </p>
   </div>
   <div class='ocr_carea' id='block_1_75' title="bbox 160 5544 1774 5620">
    <p class='ocr_par' dir='ltr' id='par_1_75' title="bbox 160 5544 1774 5620">
     <span class='ocr_line' id='line_1_75' title="bbox 160 5544 1774 5620; baseline -0.004 -16"><span class='ocrx_word' id='word_1_581' title='bbox 160 5553 379 5620; x_wconf 75' lang='grc' dir='ltr'>ζόφῳ·</span> <span class='ocrx_word' id='word_1_582' title='bbox 403 5552 512 5612; x_wconf 80' lang='grc' dir='ltr'>τοῖς</span> <span class='ocrx_word' id='word_1_583' title='bbox 544 5549 641 5619; x_wconf 77' lang='grc' dir='ltr'><strong>μὲν</strong></span> <span class='ocrx_word' id='word_1_584' title='bbox 670 5547 845 5610; x_wconf 82' lang='grc' dir='ltr'>ἄλλοις</span> <span class='ocrx_word' id='word_1_585' title='bbox 872 5544 938 5618; x_wconf 83' lang='grc' dir='ltr'>ἦν</span> <span class='ocrx_word' id='word_1_586' title='bbox 963 5549 1153 5617; x_wconf 87' lang='grc' dir='ltr'>γνώμη</span> <span class='ocrx_word' id='word_1_587' title='bbox 1185 5549 1349 5599; x_wconf 77' lang='grc' dir='ltr'>πᾶσιν</span> <span class='ocrx_word' id='word_1_588' title='bbox 1380 5550 1488 5609; x_wconf 89' lang='grc' dir='ltr'>τοῖς</span> <span class='ocrx_word' id='word_1_589' title='bbox 1522 5546 1657 5616; x_wconf 85' lang='grc' dir='ltr'><strong>μετά</strong></span> <span class='ocrx_word' id='word_1_590' title='bbox 1681 5547 1774 5598; x_wconf 75' lang='grc' dir='ltr'>τοῦ</span> 
     </span>
    </p>
   </div>
   <div class='ocr_carea' id='block_1_76' title="bbox 152 5636 1776 5710">
    <p class='ocr_par' dir='ltr' id='par_1_76' title="bbox 152 5636 1776 5710">
     <span class='ocr_line' id='line_1_76' title="bbox 152 5636 1776 5710; baseline -0.007 -13"><span class='ocrx_word' id='word_1_591' title='bbox 152 5641 374 5697; x_wconf 68' lang='grc' dir='ltr'><strong>Δαὸὶδ</strong></span> <span class='ocrx_word' id='word_1_592' title='bbox 410 5639 726 5710; x_wconf 75' lang='grc' dir='ltr'>ἐπιδραμεῖν</span> <span class='ocrx_word' id='word_1_593' title='bbox 763 5638 840 5709; x_wconf 80' lang='grc' dir='ltr'><strong>τῷ</strong></span> <span class='ocrx_word' id='word_1_594' title='bbox 868 5637 1062 5709; x_wconf 78' lang='grc' dir='ltr'>ἐχθρῷ,</span> <span class='ocrx_word' id='word_1_595' title='bbox 1098 5640 1192 5691; x_wconf 79' lang='grc' dir='ltr'>καὶ</span> <span class='ocrx_word' id='word_1_596' title='bbox 1229 5636 1533 5706; x_wconf 86' lang='grc' dir='ltr'>ἀμύνασθαι</span> <span class='ocrx_word' id='word_1_597' title='bbox 1564 5636 1654 5687; x_wconf 82' lang='grc' dir='ltr'><strong>τὸν</strong></span> <span class='ocrx_word' id='word_1_598' title='bbox 1686 5636 1776 5687; x_wconf 76' lang='grc' dir='ltr'>ἐπὶ</span> 
     </span>
    </p>
   </div>
   <div class='ocr_carea' id='block_1_77' title="bbox 151 5726 1775 5802">
    <p class='ocr_par' dir='ltr' id='par_1_77' title="bbox 151 5726 1775 5802">
     <span class='ocr_line' id='line_1_77' title="bbox 151 5726 1775 5802; baseline -0.007 -13"><span class='ocrx_word' id='word_1_599' title='bbox 151 5734 228 5789; x_wconf 81' lang='grc' dir='ltr'><strong>τὸ</strong></span> <span class='ocrx_word' id='word_1_600' title='bbox 268 5730 556 5802; x_wconf 79' lang='grc' dir='ltr'>φονεῦσαι</span> <span class='ocrx_word' id='word_1_601' title='bbox 598 5730 1053 5801; x_wconf 81' lang='grc' dir='ltr'>παραγενόμενον,</span> <span class='ocrx_word' id='word_1_602' title='bbox 1091 5729 1164 5792; x_wconf 90' lang='grc' dir='ltr'><strong>ώς</strong></span> <span class='ocrx_word' id='word_1_603' title='bbox 1192 5727 1285 5781; x_wconf 82' lang='grc' dir='ltr'>τοῦ</span> <span class='ocrx_word' id='word_1_604' title='bbox 1317 5727 1451 5781; x_wconf 78' lang='grc' dir='ltr'>Θεοῦ</span> <span class='ocrx_word' id='word_1_605' title='bbox 1486 5726 1775 5788; x_wconf 82' lang='grc' dir='ltr'>δεδωκότος</span> 
     </span>
    </p>
   </div>
   <div class='ocr_carea' id='block_1_78' title="bbox 1873 1911 3428 1973">
    <p class='ocr_par' dir='ltr' id='par_1_78' title="bbox 1873 1911 3428 1973">
     <span class='ocr_line' id='line_1_78' title="bbox 1873 1911 3428 1973; baseline 0.007 -12"><span class='ocrx_word' id='word_1_606' title='bbox 1873 1911 2138 1964; x_wconf 76' lang='lat' dir='ltr'><strong>rationem</strong></span> <span class='ocrx_word' id='word_1_607' title='bbox 2169 1912 2369 1966; x_wconf 86' lang='lat' dir='ltr'><strong>habere</strong></span> <span class='ocrx_word' id='word_1_608' title='bbox 2400 1914 2616 1968; x_wconf 88' lang='lat' dir='ltr'><strong>videtur</strong></span> <span class='ocrx_word' id='word_1_609' title='bbox 2667 1916 2891 1969; x_wconf 85' lang='lat' dir='ltr'><strong>victoria</strong></span> <span class='ocrx_word' id='word_1_610' title='bbox 2938 1918 3027 1969; x_wconf 92' lang='lat' dir='ltr'><strong>illa</strong></span> <span class='ocrx_word' id='word_1_611' title='bbox 3056 1918 3123 1969; x_wconf 93' lang='lat' dir='ltr'><strong>ah</strong></span> <span class='ocrx_word' id='word_1_612' title='bbox 3179 1918 3428 1973; x_wconf 81' lang='lat' dir='ltr'><strong>hostibus</strong></span> 
     </span>
    </p>
   </div>
   <div class='ocr_carea' id='block_1_79' title="bbox 1871 2002 3423 2074">
    <p class='ocr_par' dir='ltr' id='par_1_79' title="bbox 1871 2002 3423 2074">
     <span class='ocr_line' id='line_1_79' title="bbox 1871 2002 3423 2074; baseline 0.006 -19"><span class='ocrx_word' id='word_1_613' title='bbox 1871 2002 2059 2066; x_wconf 86' lang='lat' dir='ltr'><strong>relata,</strong></span> <span class='ocrx_word' id='word_1_614' title='bbox 2076 2020 2197 2071; x_wconf 74' lang='lat' dir='ltr'><strong>quze</strong></span> <span class='ocrx_word' id='word_1_615' title='bbox 2219 2020 2312 2072; x_wconf 85' lang='lat' dir='ltr'><strong>per</strong></span> <span class='ocrx_word' id='word_1_616' title='bbox 2330 2006 2571 2061; x_wconf 65' lang='lat' dir='ltr'><strong>historiae</strong></span> <span class='ocrx_word' id='word_1_617' title='bbox 2589 2009 2853 2062; x_wconf 82' lang='lat' dir='ltr'><strong>velamina</strong></span> <span class='ocrx_word' id='word_1_618' title='bbox 2875 2010 3033 2063; x_wconf 86' lang='lat' dir='ltr'><strong>nobis</strong></span> <span class='ocrx_word' id='word_1_619' title='bbox 3054 2010 3423 2074; x_wconf 72' lang='lat' dir='ltr'><strong>signiﬁcatur:</strong></span> 
     </span>
    </p>
   </div>
   <div class='ocr_carea' id='block_1_80' title="bbox 1872 2092 3424 2171">
    <p class='ocr_par' dir='ltr' id='par_1_80' title="bbox 1872 2092 3424 2171">
     <span class='ocr_line' id='line_1_80' title="bbox 1872 2092 3424 2171; baseline 0.009 -28"><span class='ocrx_word' id='word_1_620' title='bbox 1872 2092 2017 2145; x_wconf 87' lang='lat' dir='ltr'><strong>illam</strong></span> <span class='ocrx_word' id='word_1_621' title='bbox 2049 2095 2171 2146; x_wconf 85' lang='lat' dir='ltr'><strong>dico</strong></span> <span class='ocrx_word' id='word_1_622' title='bbox 2205 2095 2512 2160; x_wconf 88' lang='lat' dir='ltr'><strong>historiam,</strong></span> <span class='ocrx_word' id='word_1_623' title='bbox 2541 2115 2646 2166; x_wconf 88' lang='lat' dir='ltr'><strong>qua</strong></span> <span class='ocrx_word' id='word_1_624' title='bbox 2677 2102 2995 2168; x_wconf 81' lang='lat' dir='ltr'><strong>exsequitur</strong></span> <span class='ocrx_word' id='word_1_625' title='bbox 3020 2117 3083 2154; x_wconf 88' lang='lat' dir='ltr'><strong>ea</strong></span> <span class='ocrx_word' id='word_1_626' title='bbox 3138 2118 3256 2171; x_wconf 66' lang='lat' dir='ltr'><strong>quae</strong></span> <span class='ocrx_word' id='word_1_627' title='bbox 3302 2119 3424 2157; x_wconf 87' lang='lat' dir='ltr'><strong>cum</strong></span> 
     </span>
    </p>
   </div>
   <div class='ocr_carea' id='block_1_81' title="bbox 1874 2180 3427 2259">
    <p class='ocr_par' dir='ltr' id='par_1_81' title="bbox 1874 2180 3427 2259">
     <span class='ocr_line' id='line_1_81' title="bbox 1874 2180 3427 2259; baseline 0.008 -25"><span class='ocrx_word' id='word_1_628' title='bbox 1874 2180 2037 2237; x_wconf 90' lang='lat' dir='ltr'><strong>Saule</strong></span> <span class='ocrx_word' id='word_1_629' title='bbox 2070 2186 2409 2254; x_wconf 84' lang='lat' dir='ltr'><strong>occiderunt,</strong></span> <span class='ocrx_word' id='word_1_630' title='bbox 2442 2188 2496 2241; x_wconf 92' lang='lat' dir='ltr'><strong>in</strong></span> <span class='ocrx_word' id='word_1_631' title='bbox 2526 2190 2725 2257; x_wconf 83' lang='lat' dir='ltr'><strong>quibus</strong></span> <span class='ocrx_word' id='word_1_632' title='bbox 2774 2192 3103 2259; x_wconf 89' lang='lat' dir='ltr'><strong>psalmorum</strong></span> <span class='ocrx_word' id='word_1_633' title='bbox 3154 2194 3286 2246; x_wconf 86' lang='lat' dir='ltr'><strong>ordo</strong></span> <span class='ocrx_word' id='word_1_634' title='bbox 3320 2210 3427 2247; x_wconf 91' lang='lat' dir='ltr'><strong>non</strong></span> 
     </span>
    </p>
   </div>
   <div class='ocr_carea' id='block_1_82' title="bbox 1871 2282 3427 2346">
    <p class='ocr_par' dir='ltr' id='par_1_82' title="bbox 1871 2282 3427 2346">
     <span class='ocr_line' id='line_1_82' title="bbox 1871 2282 3427 2346; baseline 0.006 -22"><span class='ocrx_word' id='word_1_635' title='bbox 1871 2285 2087 2327; x_wconf 87' lang='lat' dir='ltr'><strong>constat</strong></span> <span class='ocrx_word' id='word_1_636' title='bbox 2116 2291 2181 2328; x_wconf 70' lang='lat' dir='ltr'><strong>ex</strong></span> <span class='ocrx_word' id='word_1_637' title='bbox 2225 2291 2407 2329; x_wconf 87' lang='lat' dir='ltr'><strong>rerqu</strong></span> <span class='ocrx_word' id='word_1_638' title='bbox 2464 2287 2735 2346; x_wconf 85' lang='lat' dir='ltr'><strong>gestarum</strong></span> <span class='ocrx_word' id='word_1_639' title='bbox 2785 2282 2926 2334; x_wconf 87' lang='lat' dir='ltr'><strong>serie</strong></span> <span class='ocrx_word' id='word_1_640' title='bbox 2964 2290 3016 2334; x_wconf 92' lang='lat' dir='ltr'><strong>ct</strong></span> <span class='ocrx_word' id='word_1_641' title='bbox 3070 2283 3282 2344; x_wconf 84' lang='lat' dir='ltr'><strong>ordine,</strong></span> <span class='ocrx_word' id='word_1_642' title='bbox 3335 2284 3427 2337; x_wconf 87' lang='lat' dir='ltr'><strong>sed</strong></span> 
     </span>
    </p>
   </div>
   <div class='ocr_carea' id='block_1_83' title="bbox 1872 2363 3429 2441">
    <p class='ocr_par' dir='ltr' id='par_1_83' title="bbox 1872 2363 3429 2441">
     <span class='ocr_line' id='line_1_83' title="bbox 1872 2363 3429 2441; baseline 0.007 -25"><span class='ocrx_word' id='word_1_643' title='bbox 1872 2363 2138 2433; x_wconf 82' lang='lat' dir='ltr'><strong>profectui</strong></span> <span class='ocrx_word' id='word_1_644' title='bbox 2170 2382 2384 2429; x_wconf 90' lang='lat' dir='ltr'><strong>eorum,</strong></span> <span class='ocrx_word' id='word_1_645' title='bbox 2421 2370 2512 2437; x_wconf 91' lang='lat' dir='ltr'><strong>qui</strong></span> <span class='ocrx_word' id='word_1_646' title='bbox 2542 2373 2745 2423; x_wconf 88' lang='lat' dir='ltr'><strong>virtute</strong></span> <span class='ocrx_word' id='word_1_647' title='bbox 2792 2371 3165 2441; x_wconf 79' lang='lat' dir='ltr'><strong>perﬁciuntur,</strong></span> <span class='ocrx_word' id='word_1_648' title='bbox 3212 2388 3429 2427; x_wconf 91' lang='lat' dir='ltr'><strong>accom-</strong></span> 
     </span>
    </p>
   </div>
   <div class='ocr_carea' id='block_1_84' title="bbox 1871 2455 3427 2535">
    <p class='ocr_par' dir='ltr' id='par_1_84' title="bbox 1871 2455 3427 2535">
     <span class='ocr_line' id='line_1_84' title="bbox 1871 2455 3427 2535; baseline 0.008 -28"><span class='ocrx_word' id='word_1_649' title='bbox 1871 2455 2145 2511; x_wconf 86' lang='lat' dir='ltr'><strong>modatur.</strong></span> <span class='ocrx_word' id='word_1_650' title='bbox 2170 2456 2463 2522; x_wconf 85' lang='lat' dir='ltr'><strong>Quodlibet</strong></span> <span class='ocrx_word' id='word_1_651' title='bbox 2483 2459 2626 2512; x_wconf 90' lang='lat' dir='ltr'><strong>enim</strong></span> <span class='ocrx_word' id='word_1_652' title='bbox 2654 2477 2841 2515; x_wconf 88' lang='lat' dir='ltr'><strong>eorum</strong></span> <span class='ocrx_word' id='word_1_653' title='bbox 2875 2479 2993 2531; x_wconf 65' lang='lat' dir='ltr'><strong>quae</strong></span> <span class='ocrx_word' id='word_1_654' title='bbox 3022 2479 3117 2532; x_wconf 90' lang='lat' dir='ltr'><strong>per</strong></span> <span class='ocrx_word' id='word_1_655' title='bbox 3138 2480 3223 2519; x_wconf 90' lang='lat' dir='ltr'><strong>res</strong></span> <span class='ocrx_word' id='word_1_656' title='bbox 3247 2474 3427 2535; x_wconf 90' lang='lat' dir='ltr'><strong>gestas</strong></span> 
     </span>
    </p>
   </div>
   <div class='ocr_carea' id='block_1_85' title="bbox 1872 2546 3431 2626">
    <p class='ocr_par' dir='ltr' id='par_1_85' title="bbox 1872 2546 3431 2626">
     <span class='ocr_line' id='line_1_85' title="bbox 1872 2546 3431 2626; baseline 0.005 -26"><span class='ocrx_word' id='word_1_657' title='bbox 1872 2546 2248 2614; x_wconf 89' lang='lat' dir='ltr'><strong>insinuantur,</strong></span> <span class='ocrx_word' id='word_1_658' title='bbox 2276 2552 2341 2603; x_wconf 90' lang='lat' dir='ltr'><strong>ad</strong></span> <span class='ocrx_word' id='word_1_659' title='bbox 2368 2552 2854 2607; x_wconf 85' lang='lat' dir='ltr'><strong>demonstrandum</strong></span> <span class='ocrx_word' id='word_1_660' title='bbox 2887 2557 2939 2608; x_wconf 92' lang='lat' dir='ltr'><strong>in</strong></span> <span class='ocrx_word' id='word_1_661' title='bbox 2972 2556 3267 2612; x_wconf 88' lang='lat' dir='ltr'><strong>virtutibus</strong></span> <span class='ocrx_word' id='word_1_662' title='bbox 3302 2574 3431 2626; x_wconf 82' lang='lat' dir='ltr'><strong>prn-</strong></span> 
     </span>
    </p>
   </div>
   <div class='ocr_carea' id='block_1_86' title="bbox 1874 2638 3433 2717">
    <p class='ocr_par' dir='ltr' id='par_1_86' title="bbox 1874 2638 3433 2717">
     <span class='ocr_line' id='line_1_86' title="bbox 1874 2638 3433 2717; baseline 0.008 -26"><span class='ocrx_word' id='word_1_663' title='bbox 1874 2638 2078 2692; x_wconf 77' lang='lat' dir='ltr'><strong>l&#39;ectum</strong></span> <span class='ocrx_word' id='word_1_664' title='bbox 2126 2644 2514 2697; x_wconf 89' lang='lat' dir='ltr'><strong>convenienter</strong></span> <span class='ocrx_word' id='word_1_665' title='bbox 2567 2652 2737 2711; x_wconf 85' lang='lat' dir='ltr'><strong>aptat,</strong></span> <span class='ocrx_word' id='word_1_666' title='bbox 2774 2654 2830 2697; x_wconf 90' lang='lat' dir='ltr'><strong>ut</strong></span> <span class='ocrx_word' id='word_1_667' title='bbox 2884 2647 3108 2714; x_wconf 77' lang='lat' dir='ltr'><strong>proinde</strong></span> <span class='ocrx_word' id='word_1_668' title='bbox 3155 2649 3327 2717; x_wconf 88' lang='lat' dir='ltr'><strong>prima</strong></span> <span class='ocrx_word' id='word_1_669' title='bbox 3380 2660 3433 2703; x_wconf 85' lang='lat' dir='ltr'><strong>et</strong></span> 
     </span>
    </p>
   </div>
   <div class='ocr_carea' id='block_1_87' title="bbox 1873 2730 3430 2805">
    <p class='ocr_par' dir='ltr' id='par_1_87' title="bbox 1873 2730 3430 2805">
     <span class='ocr_line' id='line_1_87' title="bbox 1873 2730 3430 2805; baseline 0.005 -25"><span class='ocrx_word' id='word_1_670' title='bbox 1873 2736 2146 2797; x_wconf 88' lang='lat' dir='ltr'><strong>postrema</strong></span> <span class='ocrx_word' id='word_1_671' title='bbox 2179 2730 2478 2784; x_wconf 86' lang='lat' dir='ltr'><strong>secundum</strong></span> <span class='ocrx_word' id='word_1_672' title='bbox 2506 2732 2724 2785; x_wconf 90' lang='lat' dir='ltr'><strong>virtutis</strong></span> <span class='ocrx_word' id='word_1_673' title='bbox 2763 2733 3027 2787; x_wconf 87' lang='lat' dir='ltr'><strong>rationem</strong></span> <span class='ocrx_word' id='word_1_674' title='bbox 3070 2746 3126 2790; x_wconf 88' lang='lat' dir='ltr'><strong>et.</strong></span> <span class='ocrx_word' id='word_1_675' title='bbox 3174 2738 3430 2805; x_wconf 63' lang='lat' dir='ltr'><strong>prazscri-</strong></span> 
     </span>
    </p>
   </div>
   <div class='ocr_carea' id='block_1_88' title="bbox 1873 2820 3433 2894">
    <p class='ocr_par' dir='ltr' id='par_1_88' title="bbox 1873 2820 3433 2894">
     <span class='ocr_line' id='line_1_88' title="bbox 1873 2820 3433 2894; baseline 0.008 -24"><span class='ocrx_word' id='word_1_676' title='bbox 1873 2820 2110 2887; x_wconf 82' lang='lat' dir='ltr'><strong>ptiouem</strong></span> <span class='ocrx_word' id='word_1_677' title='bbox 2154 2820 2257 2873; x_wconf 88' lang='lat' dir='ltr'><strong>sibi</strong></span> <span class='ocrx_word' id='word_1_678' title='bbox 2292 2828 2479 2873; x_wconf 91' lang='lat' dir='ltr'><strong>mutuo</strong></span> <span class='ocrx_word' id='word_1_679' title='bbox 2504 2836 2749 2876; x_wconf 77' lang='lat' dir='ltr'><strong>connexa</strong></span> <span class='ocrx_word' id='word_1_680' title='bbox 2783 2824 2931 2888; x_wconf 91' lang='lat' dir='ltr'><strong>sint;</strong></span> <span class='ocrx_word' id='word_1_681' title='bbox 2990 2841 3162 2894; x_wconf 88' lang='lat' dir='ltr'><strong>neque</strong></span> <span class='ocrx_word' id='word_1_682' title='bbox 3196 2826 3433 2882; x_wconf 80' lang='lat' dir='ltr'><strong>’necesse</strong></span> 
     </span>
    </p>
   </div>
   <div class='ocr_carea' id='block_1_89' title="bbox 1874 2910 3431 2983">
    <p class='ocr_par' dir='ltr' id='par_1_89' title="bbox 1874 2910 3431 2983">
     <span class='ocr_line' id='line_1_89' title="bbox 1874 2910 3431 2983; baseline 0.006 -19"><span class='ocrx_word' id='word_1_683' title='bbox 1874 2910 2041 2965; x_wconf 80' lang='lat' dir='ltr'><strong>fuerit.</strong></span> <span class='ocrx_word' id='word_1_684' title='bbox 2094 2913 2339 2967; x_wconf 87' lang='lat' dir='ltr'><strong>ordinem</strong></span> <span class='ocrx_word' id='word_1_685' title='bbox 2407 2914 2672 2966; x_wconf 87' lang='lat' dir='ltr'><strong>materiali</strong></span> <span class='ocrx_word' id='word_1_686' title='bbox 2745 2916 2901 2983; x_wconf 83' lang='lat' dir='ltr'><strong>quasi</strong></span> <span class='ocrx_word' id='word_1_687' title='bbox 2972 2932 3151 2971; x_wconf 88' lang='lat' dir='ltr'><strong>rerum</strong></span> <span class='ocrx_word' id='word_1_688' title='bbox 3215 2921 3431 2975; x_wconf 88' lang='lat' dir='ltr'><strong>eventui</strong></span> 
     </span>
    </p>
   </div>
   <div class='ocr_carea' id='block_1_90' title="bbox 1874 3002 3431 3072">
    <p class='ocr_par' dir='ltr' id='par_1_90' title="bbox 1874 3002 3431 3072">
     <span class='ocr_line' id='line_1_90' title="bbox 1874 3002 3431 3072; baseline 0.003 -16"><span class='ocrx_word' id='word_1_689' title='bbox 1874 3002 2093 3056; x_wconf 80' lang='lat' dir='ltr'><strong>servire.</strong></span> <span class='ocrx_word' id='word_1_690' title='bbox 2128 3004 2257 3067; x_wconf 66' lang='lat' dir='ltr'><strong>Quae</strong></span> <span class='ocrx_word' id='word_1_691' title='bbox 2286 3018 2451 3057; x_wconf 86' lang='lat' dir='ltr'><strong>causa</strong></span> <span class='ocrx_word' id='word_1_692' title='bbox 2488 3011 2590 3067; x_wconf 88' lang='lat' dir='ltr'><strong>est,</strong></span> <span class='ocrx_word' id='word_1_693' title='bbox 2626 3017 2724 3056; x_wconf 88' lang='lat' dir='ltr'><strong>cur</strong></span> <span class='ocrx_word' id='word_1_694' title='bbox 2752 3013 2874 3072; x_wconf 88' lang='lat' dir='ltr'><strong>post</strong></span> <span class='ocrx_word' id='word_1_695' title='bbox 2908 3008 3074 3058; x_wconf 84' lang='lat' dir='ltr'><strong>multa</strong></span> <span class='ocrx_word' id='word_1_696' title='bbox 3110 3007 3213 3060; x_wconf 90' lang='lat' dir='ltr'><strong>alia</strong></span> <span class='ocrx_word' id='word_1_697' title='bbox 3237 3023 3431 3063; x_wconf 87' lang='lat' dir='ltr'><strong>recen-</strong></span> 
     </span>
    </p>
   </div>
   <div class='ocr_carea' id='block_1_91' title="bbox 1876 3092 3433 3165">
    <p class='ocr_par' dir='ltr' id='par_1_91' title="bbox 1876 3092 3433 3165">
     <span class='ocr_line' id='line_1_91' title="bbox 1876 3092 3433 3165; baseline 0.003 -18"><span class='ocrx_word' id='word_1_698' title='bbox 1876 3104 2058 3147; x_wconf 88' lang='lat' dir='ltr'><strong>seatur</strong></span> <span class='ocrx_word' id='word_1_699' title='bbox 2100 3093 2152 3145; x_wconf 92' lang='lat' dir='ltr'><strong>id</strong></span> <span class='ocrx_word' id='word_1_700' title='bbox 2198 3092 2343 3161; x_wconf 92' lang='lat' dir='ltr'><strong>quod</strong></span> <span class='ocrx_word' id='word_1_701' title='bbox 2402 3094 2575 3146; x_wconf 91' lang='lat' dir='ltr'><strong>multo</strong></span> <span class='ocrx_word' id='word_1_702' title='bbox 2631 3103 2756 3147; x_wconf 89' lang='lat' dir='ltr'><strong>ante</strong></span> <span class='ocrx_word' id='word_1_703' title='bbox 2808 3105 3102 3162; x_wconf 77' lang='lat' dir='ltr'><strong>evenerat,</strong></span> <span class='ocrx_word' id='word_1_704' title='bbox 3160 3099 3433 3165; x_wconf 89' lang='lat' dir='ltr'><strong>quomodo</strong></span> 
     </span>
    </p>
   </div>
   <div class='ocr_carea' id='block_1_92' title="bbox 1876 3181 3431 3253">
    <p class='ocr_par' dir='ltr' id='par_1_92' title="bbox 1876 3181 3431 3253">
     <span class='ocr_line' id='line_1_92' title="bbox 1876 3181 3431 3253; baseline 0.001 -15"><span class='ocrx_word' id='word_1_705' title='bbox 1876 3182 2082 3238; x_wconf 86' lang='lat' dir='ltr'><strong>scilicet</strong></span> <span class='ocrx_word' id='word_1_706' title='bbox 2112 3181 2240 3236; x_wconf 86' lang='lat' dir='ltr'><strong>Saul</strong></span> <span class='ocrx_word' id='word_1_707' title='bbox 2263 3190 2315 3236; x_wconf 91' lang='lat' dir='ltr'><strong>et</strong></span> <span class='ocrx_word' id='word_1_708' title='bbox 2348 3182 2515 3238; x_wconf 88' lang='lat' dir='ltr'><strong>David</strong></span> <span class='ocrx_word' id='word_1_709' title='bbox 2541 3185 2593 3236; x_wconf 90' lang='lat' dir='ltr'><strong>in</strong></span> <span class='ocrx_word' id='word_1_710' title='bbox 2621 3185 2881 3253; x_wconf 78' lang='lat' dir='ltr'><strong>spelunca</strong></span> <span class='ocrx_word' id='word_1_711' title='bbox 2907 3188 3283 3251; x_wconf 81' lang='lat' dir='ltr'><strong>convenerint,</strong></span> <span class='ocrx_word' id='word_1_712' title='bbox 3309 3204 3431 3241; x_wconf 92' lang='lat' dir='ltr'><strong>cum</strong></span> 
     </span>
    </p>
   </div>
   <div class='ocr_carea' id='block_1_93' title="bbox 1876 3274 3433 3345">
    <p class='ocr_par' dir='ltr' id='par_1_93' title="bbox 1876 3274 3433 3345">
     <span class='ocr_line' id='line_1_93' title="bbox 1876 3274 3433 3345; baseline 0.002 -16"><span class='ocrx_word' id='word_1_713' title='bbox 1876 3274 2005 3329; x_wconf 92' lang='lat' dir='ltr'><strong>Saul</strong></span> <span class='ocrx_word' id='word_1_714' title='bbox 2040 3274 2293 3329; x_wconf 89' lang='lat' dir='ltr'><strong>Davidem</strong></span> <span class='ocrx_word' id='word_1_715' title='bbox 2323 3276 2387 3328; x_wconf 91' lang='lat' dir='ltr'><strong>ad</strong></span> <span class='ocrx_word' id='word_1_716' title='bbox 2422 3284 2648 3331; x_wconf 88' lang='lat' dir='ltr'><strong>mortem</strong></span> <span class='ocrx_word' id='word_1_717' title='bbox 2688 3285 2973 3345; x_wconf 68' lang='lat' dir='ltr'><strong>quzercret.</strong></span> <span class='ocrx_word' id='word_1_718' title='bbox 3020 3286 3073 3331; x_wconf 94' lang='lat' dir='ltr'><strong>et</strong></span> <span class='ocrx_word' id='word_1_719' title='bbox 3120 3276 3282 3332; x_wconf 90' lang='lat' dir='ltr'><strong>David</strong></span> <span class='ocrx_word' id='word_1_720' title='bbox 3316 3280 3433 3334; x_wconf 80' lang='lat' dir='ltr'><strong>exi-</strong></span> 
     </span>
    </p>
   </div>
   <div class='ocr_carea' id='block_1_94' title="bbox 1874 3366 3431 3435">
    <p class='ocr_par' dir='ltr' id='par_1_94' title="bbox 1874 3366 3431 3435">
     <span class='ocr_line' id='line_1_94' title="bbox 1874 3366 3431 3435; baseline 0.004 -18"><span class='ocrx_word' id='word_1_721' title='bbox 1874 3366 2007 3418; x_wconf 90' lang='lat' dir='ltr'><strong>tium</strong></span> <span class='ocrx_word' id='word_1_722' title='bbox 2036 3366 2264 3435; x_wconf 77' lang='lat' dir='ltr'><strong>fugeret.</strong></span> <span class='ocrx_word' id='word_1_723' title='bbox 2294 3366 2414 3432; x_wconf 88' lang='lat' dir='ltr'><strong>Quo</strong></span> <span class='ocrx_word' id='word_1_724' title='bbox 2445 3383 2575 3421; x_wconf 85' lang='lat' dir='ltr'><strong>easu</strong></span> <span class='ocrx_word' id='word_1_725' title='bbox 2603 3367 2656 3420; x_wconf 91' lang='lat' dir='ltr'><strong>in</strong></span> <span class='ocrx_word' id='word_1_726' title='bbox 2708 3368 3045 3421; x_wconf 86' lang='lat' dir='ltr'><strong>contrarium</strong></span> <span class='ocrx_word' id='word_1_727' title='bbox 3071 3372 3243 3423; x_wconf 88' lang='lat' dir='ltr'><strong>evasit</strong></span> <span class='ocrx_word' id='word_1_728' title='bbox 3266 3372 3431 3425; x_wconf 73' lang='lat' dir='ltr'><strong>caedis</strong></span> 
     </span>
    </p>
   </div>
   <div class='ocr_carea' id='block_1_95' title="bbox 1873 3460 3429 3530">
    <p class='ocr_par' dir='ltr' id='par_1_95' title="bbox 1873 3460 3429 3530">
     <span class='ocr_line' id='line_1_95' title="bbox 1873 3460 3429 3530; baseline 0.002 -17"><span class='ocrx_word' id='word_1_729' title='bbox 1873 3460 2147 3522; x_wconf 88' lang='lat' dir='ltr'><strong>violentia,</strong></span> <span class='ocrx_word' id='word_1_730' title='bbox 2179 3461 2402 3523; x_wconf 90' lang='lat' dir='ltr'><strong>cumis,</strong></span> <span class='ocrx_word' id='word_1_731' title='bbox 2463 3461 2554 3529; x_wconf 87' lang='lat' dir='ltr'><strong>qui</strong></span> <span class='ocrx_word' id='word_1_732' title='bbox 2615 3460 2680 3513; x_wconf 87' lang='lat' dir='ltr'><strong>ad</strong></span> <span class='ocrx_word' id='word_1_733' title='bbox 2713 3461 2913 3514; x_wconf 68' lang='lat' dir='ltr'><strong>caedem</strong></span> <span class='ocrx_word' id='word_1_734' title='bbox 2960 3463 3320 3530; x_wconf 65' lang='lat' dir='ltr'><strong>quierebatur,</strong></span> <span class='ocrx_word' id='word_1_735' title='bbox 3377 3466 3429 3516; x_wconf 93' lang='lat' dir='ltr'><strong>in</strong></span> 
     </span>
    </p>
   </div>
   <div class='ocr_carea' id='block_1_96' title="bbox 1874 3549 3430 3620">
    <p class='ocr_par' dir='ltr' id='par_1_96' title="bbox 1874 3549 3430 3620">
     <span class='ocr_line' id='line_1_96' title="bbox 1874 3549 3430 3620; baseline 0.006 -24"><span class='ocrx_word' id='word_1_736' title='bbox 1874 3558 2142 3616; x_wconf 75' lang='lat' dir='ltr'><strong>potestate</strong></span> <span class='ocrx_word' id='word_1_737' title='bbox 2162 3564 2261 3603; x_wconf 90' lang='lat' dir='ltr'><strong>sua</strong></span> <span class='ocrx_word' id='word_1_738' title='bbox 2287 3565 2408 3602; x_wconf 89' lang='lat' dir='ltr'><strong>cum</strong></span> <span class='ocrx_word' id='word_1_739' title='bbox 2436 3549 2677 3610; x_wconf 88' lang='lat' dir='ltr'><strong>haberet,</strong></span> <span class='ocrx_word' id='word_1_740' title='bbox 2709 3551 2801 3619; x_wconf 92' lang='lat' dir='ltr'><strong>qui</strong></span> <span class='ocrx_word' id='word_1_741' title='bbox 2826 3553 3142 3619; x_wconf 75' lang='lat' dir='ltr'><strong>sanguinem</strong></span> <span class='ocrx_word' id='word_1_742' title='bbox 3170 3553 3430 3620; x_wconf 84' lang='lat' dir='ltr'><strong>spirabat,</strong></span> 
     </span>
    </p>
   </div>
   <div class='ocr_carea' id='block_1_97' title="bbox 1873 3640 3431 3709">
    <p class='ocr_par' dir='ltr' id='par_1_97' title="bbox 1873 3640 3431 3709">
     <span class='ocr_line' id='line_1_97' title="bbox 1873 3640 3431 3709; baseline 0.001 -17"><span class='ocrx_word' id='word_1_743' title='bbox 1873 3641 2051 3692; x_wconf 88' lang='lat' dir='ltr'><strong>oblata</strong></span> <span class='ocrx_word' id='word_1_744' title='bbox 2083 3640 2131 3694; x_wconf 90' lang='lat' dir='ltr'><strong>ei</strong></span> <span class='ocrx_word' id='word_1_745' title='bbox 2163 3640 2421 3693; x_wconf 79' lang='lat' dir='ltr'><strong>facultate</strong></span> <span class='ocrx_word' id='word_1_746' title='bbox 2478 3641 2810 3709; x_wconf 91' lang='lat' dir='ltr'><strong>supplicium</strong></span> <span class='ocrx_word' id='word_1_747' title='bbox 2847 3642 2898 3694; x_wconf 92' lang='lat' dir='ltr'><strong>in</strong></span> <span class='ocrx_word' id='word_1_748' title='bbox 2933 3642 3137 3696; x_wconf 87' lang='lat' dir='ltr'><strong>hostem</strong></span> <span class='ocrx_word' id='word_1_749' title='bbox 3165 3645 3431 3707; x_wconf 83' lang='lat' dir='ltr'><strong>vertendi,</strong></span> 
     </span>
    </p>
   </div>
   <div class='ocr_carea' id='block_1_98' title="bbox 1872 3731 3433 3801">
    <p class='ocr_par' dir='ltr' id='par_1_98' title="bbox 1872 3731 3433 3801">
     <span class='ocr_line' id='line_1_98' title="bbox 1872 3731 3433 3801; baseline 0.003 -17"><span class='ocrx_word' id='word_1_750' title='bbox 1872 3731 2227 3799; x_wconf 86' lang='lat' dir='ltr'><strong>ejusdemque</strong></span> <span class='ocrx_word' id='word_1_751' title='bbox 2274 3733 2569 3800; x_wconf 84' lang='lat' dir='ltr'><strong>potentiam</strong></span> <span class='ocrx_word' id='word_1_752' title='bbox 2619 3732 3051 3801; x_wconf 88' lang='lat' dir='ltr'><strong>comprimendi:</strong></span> <span class='ocrx_word' id='word_1_753' title='bbox 3102 3733 3196 3787; x_wconf 89' lang='lat' dir='ltr'><strong>scd</strong></span> <span class='ocrx_word' id='word_1_754' title='bbox 3256 3745 3433 3789; x_wconf 87' lang='lat' dir='ltr'><strong>tamen</strong></span> 
     </span>
    </p>
   </div>
   <div class='ocr_carea' id='block_1_99' title="bbox 1876 3820 3190 3890">
    <p class='ocr_par' dir='ltr' id='par_1_99' title="bbox 1876 3820 3190 3890">
     <span class='ocr_line' id='line_1_99' title="bbox 1876 3820 3190 3890; baseline 0.002 -18"><span class='ocrx_word' id='word_1_755' title='bbox 1876 3820 1995 3874; x_wconf 92' lang='lat' dir='ltr'><strong>loco</strong></span> <span class='ocrx_word' id='word_1_756' title='bbox 2028 3820 2203 3874; x_wconf 91' lang='lat' dir='ltr'><strong>hostis</strong></span> <span class='ocrx_word' id='word_1_757' title='bbox 2239 3821 2513 3875; x_wconf 90' lang='lat' dir='ltr'><strong>interemit</strong></span> <span class='ocrx_word' id='word_1_758' title='bbox 2548 3822 2599 3874; x_wconf 92' lang='lat' dir='ltr'><strong>in</strong></span> <span class='ocrx_word' id='word_1_759' title='bbox 2633 3822 2814 3890; x_wconf 88' lang='lat' dir='ltr'><strong>seipso</strong></span> <span class='ocrx_word' id='word_1_760' title='bbox 2849 3836 3001 3875; x_wconf 86' lang='lat' dir='ltr'><strong>suam</strong></span> <span class='ocrx_word' id='word_1_761' title='bbox 3034 3822 3190 3875; x_wconf 88' lang='lat' dir='ltr'><strong>iram.</strong></span> 
     </span>
    </p>
   </div>
   <div class='ocr_carea' id='block_1_100' title="bbox 1944 3910 3433 3980">
    <p class='ocr_par' dir='ltr' id='par_1_100' title="bbox 1944 3910 3433 3980">
     <span class='ocr_line' id='line_1_100' title="bbox 1944 3910 3433 3980; baseline 0.004 -17"><span class='ocrx_word' id='word_1_762' title='bbox 1944 3910 2073 3976; x_wconf 71' lang='lat' dir='ltr'><strong>Qua:</strong></span> <span class='ocrx_word' id='word_1_763' title='bbox 2126 3911 2292 3979; x_wconf 77' lang='lat' dir='ltr'><strong>igitur</strong></span> <span class='ocrx_word' id='word_1_764' title='bbox 2349 3912 2414 3964; x_wconf 89' lang='lat' dir='ltr'><strong>ad</strong></span> <span class='ocrx_word' id='word_1_765' title='bbox 2466 3912 2754 3965; x_wconf 90' lang='lat' dir='ltr'><strong>historiam</strong></span> <span class='ocrx_word' id='word_1_766' title='bbox 2819 3916 3125 3980; x_wconf 90' lang='lat' dir='ltr'><strong>pertinent,</strong></span> <span class='ocrx_word' id='word_1_767' title='bbox 3180 3914 3433 3969; x_wconf 84' lang='lat' dir='ltr'><strong>omnibus</strong></span> 
     </span>
    </p>
   </div>
   <div class='ocr_carea' id='block_1_101' title="bbox 1874 4003 3430 4070">
    <p class='ocr_par' dir='ltr' id='par_1_101' title="bbox 1874 4003 3430 4070">
     <span class='ocr_line' id='line_1_101' title="bbox 1874 4003 3430 4070; baseline 0.003 -15"><span class='ocrx_word' id='word_1_768' title='bbox 1874 4014 1999 4055; x_wconf 89' lang='lat' dir='ltr'><strong>nota</strong></span> <span class='ocrx_word' id='word_1_769' title='bbox 2035 4013 2179 4065; x_wconf 89' lang='lat' dir='ltr'><strong>sunt,</strong></span> <span class='ocrx_word' id='word_1_770' title='bbox 2219 4003 2310 4070; x_wconf 93' lang='lat' dir='ltr'><strong>qui</strong></span> <span class='ocrx_word' id='word_1_771' title='bbox 2341 4018 2447 4056; x_wconf 92' lang='lat' dir='ltr'><strong>non</strong></span> <span class='ocrx_word' id='word_1_772' title='bbox 2476 4003 2651 4056; x_wconf 90' lang='lat' dir='ltr'><strong>obiter</strong></span> <span class='ocrx_word' id='word_1_773' title='bbox 2681 4011 2889 4056; x_wconf 89' lang='lat' dir='ltr'><strong>tantum</strong></span> <span class='ocrx_word' id='word_1_774' title='bbox 2918 4020 3094 4058; x_wconf 89' lang='lat' dir='ltr'><strong>rerum</strong></span> <span class='ocrx_word' id='word_1_775' title='bbox 3124 4004 3430 4059; x_wconf 89' lang='lat' dir='ltr'><strong>divinarum</strong></span> 
     </span>
    </p>
   </div>
   <div class='ocr_carea' id='block_1_102' title="bbox 1874 4091 3433 4159">
    <p class='ocr_par' dir='ltr' id='par_1_102' title="bbox 1874 4091 3433 4159">
     <span class='ocr_line' id='line_1_102' title="bbox 1874 4091 3433 4159; baseline 0.001 -13"><span class='ocrx_word' id='word_1_776' title='bbox 1874 4091 2054 4147; x_wconf 91' lang='lat' dir='ltr'><strong>studio</strong></span> <span class='ocrx_word' id='word_1_777' title='bbox 2083 4101 2299 4147; x_wconf 85' lang='lat' dir='ltr'><strong>vacant.</strong></span> <span class='ocrx_word' id='word_1_778' title='bbox 2330 4091 2791 4148; x_wconf 85' lang='lat' dir='ltr'><strong>Percensebimus</strong></span> <span class='ocrx_word' id='word_1_779' title='bbox 2815 4094 3172 4148; x_wconf 90' lang='lat' dir='ltr'><strong>nihilominus</strong></span> <span class='ocrx_word' id='word_1_780' title='bbox 3200 4111 3285 4159; x_wconf 88' lang='lat' dir='ltr'><strong>ea,</strong></span> <span class='ocrx_word' id='word_1_781' title='bbox 3321 4103 3433 4148; x_wconf 87' lang='lat' dir='ltr'><strong>tota</strong></span> 
     </span>
    </p>
   </div>
   <div class='ocr_carea' id='block_1_103' title="bbox 1874 4184 3434 4255">
    <p class='ocr_par' dir='ltr' id='par_1_103' title="bbox 1874 4184 3434 4255">
     <span class='ocr_line' id='line_1_103' title="bbox 1874 4184 3434 4255; baseline 0.003 -20"><span class='ocrx_word' id='word_1_782' title='bbox 1874 4186 2185 4236; x_wconf 84' lang='lat' dir='ltr'><strong>narratione</strong></span> <span class='ocrx_word' id='word_1_783' title='bbox 2216 4199 2377 4253; x_wconf 89' lang='lat' dir='ltr'><strong>quam</strong></span> <span class='ocrx_word' id='word_1_784' title='bbox 2416 4184 2531 4237; x_wconf 89' lang='lat' dir='ltr'><strong>lieri</strong></span> <span class='ocrx_word' id='word_1_785' title='bbox 2557 4192 2737 4252; x_wconf 84' lang='lat' dir='ltr'><strong>potest</strong></span> <span class='ocrx_word' id='word_1_786' title='bbox 2793 4185 3140 4252; x_wconf 86' lang='lat' dir='ltr'><strong>paucissimis</strong></span> <span class='ocrx_word' id='word_1_787' title='bbox 3182 4202 3434 4255; x_wconf 81' lang='lat' dir='ltr'><strong>compre-</strong></span> 
     </span>
    </p>
   </div>
   <div class='ocr_carea' id='block_1_104' title="bbox 1876 4274 3433 4345">
    <p class='ocr_par' dir='ltr' id='par_1_104' title="bbox 1876 4274 3433 4345">
     <span class='ocr_line' id='line_1_104' title="bbox 1876 4274 3433 4345; baseline 0.001 -18"><span class='ocrx_word' id='word_1_788' title='bbox 1876 4274 2067 4329; x_wconf 92' lang='lat' dir='ltr'><strong>hensa.</strong></span> <span class='ocrx_word' id='word_1_789' title='bbox 2102 4274 2359 4329; x_wconf 88' lang='lat' dir='ltr'><strong>Desertus</strong></span> <span class='ocrx_word' id='word_1_790' title='bbox 2382 4284 2493 4329; x_wconf 90' lang='lat' dir='ltr'><strong>erat</strong></span> <span class='ocrx_word' id='word_1_791' title='bbox 2522 4276 2677 4329; x_wconf 87' lang='lat' dir='ltr'><strong>locus</strong></span> <span class='ocrx_word' id='word_1_792' title='bbox 2706 4276 2756 4327; x_wconf 92' lang='lat' dir='ltr'><strong>in</strong></span> <span class='ocrx_word' id='word_1_793' title='bbox 2786 4274 2993 4339; x_wconf 71' lang='lat' dir='ltr'><strong>Iudaea,</strong></span> <span class='ocrx_word' id='word_1_794' title='bbox 3026 4276 3079 4328; x_wconf 92' lang='lat' dir='ltr'><strong>in</strong></span> <span class='ocrx_word' id='word_1_795' title='bbox 3105 4291 3213 4345; x_wconf 90' lang='lat' dir='ltr'><strong>quo</strong></span> <span class='ocrx_word' id='word_1_796' title='bbox 3244 4276 3433 4341; x_wconf 75' lang='lat' dir='ltr'><strong>David,</strong></span> 
     </span>
    </p>
   </div>
   <div class='ocr_carea' id='block_1_105' title="bbox 1875 4366 3436 4437">
    <p class='ocr_par' dir='ltr' id='par_1_105' title="bbox 1875 4366 3436 4437">
     <span class='ocr_line' id='line_1_105' title="bbox 1875 4366 3436 4437; baseline 0.001 -18"><span class='ocrx_word' id='word_1_797' title='bbox 1875 4382 1997 4420; x_wconf 92' lang='lat' dir='ltr'><strong>cum</strong></span> <span class='ocrx_word' id='word_1_798' title='bbox 2027 4367 2095 4420; x_wconf 89' lang='lat' dir='ltr'><strong>ab</strong></span> <span class='ocrx_word' id='word_1_799' title='bbox 2131 4366 2381 4421; x_wconf 87' lang='lat' dir='ltr'><strong>hostibus</strong></span> <span class='ocrx_word' id='word_1_800' title='bbox 2405 4367 2520 4421; x_wconf 91' lang='lat' dir='ltr'><strong>suis</strong></span> <span class='ocrx_word' id='word_1_801' title='bbox 2549 4367 2941 4435; x_wconf 74' lang='lat' dir='ltr'><strong>exagitaretur,</strong></span> <span class='ocrx_word' id='word_1_802' title='bbox 2967 4384 3074 4435; x_wconf 71' lang='lat' dir='ltr'><strong>pra:</strong></span> <span class='ocrx_word' id='word_1_803' title='bbox 3095 4369 3273 4437; x_wconf 78' lang='lat' dir='ltr'><strong>in0pia</strong></span> <span class='ocrx_word' id='word_1_804' title='bbox 3305 4385 3436 4422; x_wconf 87' lang='lat' dir='ltr'><strong>cou-</strong></span> 
     </span>
    </p>
   </div>
   <div class='ocr_carea' id='block_1_106' title="bbox 1804 4459 3437 4532">
    <p class='ocr_par' dir='ltr' id='par_1_106' title="bbox 1804 4459 3437 4532">
     <span class='ocr_line' id='line_1_106' title="bbox 1804 4459 3437 4532; baseline 0.001 -20"><span class='ocrx_word' id='word_1_805' title='bbox 1804 4479 1847 4532; x_wconf 71' lang='grc' dir='ltr'>ῃ</span> <span class='ocrx_word' id='word_1_806' title='bbox 1877 4459 1981 4512; x_wconf 90' lang='lat' dir='ltr'><strong>silii</strong></span> <span class='ocrx_word' id='word_1_807' title='bbox 2007 4459 2316 4513; x_wconf 89' lang='lat' dir='ltr'><strong>oberrabat.</strong></span> <span class='ocrx_word' id='word_1_808' title='bbox 2347 4460 2405 4513; x_wconf 86' lang='lat' dir='ltr'><strong>In</strong></span> <span class='ocrx_word' id='word_1_809' title='bbox 2434 4460 2536 4512; x_wconf 92' lang='lat' dir='ltr'><strong>hoc</strong></span> <span class='ocrx_word' id='word_1_810' title='bbox 2567 4460 2674 4512; x_wconf 88' lang='lat' dir='ltr'><strong>late</strong></span> <span class='ocrx_word' id='word_1_811' title='bbox 2704 4468 2898 4528; x_wconf 85' lang='lat' dir='ltr'><strong>patens</strong></span> <span class='ocrx_word' id='word_1_812' title='bbox 2940 4461 3197 4529; x_wconf 82' lang='lat' dir='ltr'><strong>spelunca</strong></span> <span class='ocrx_word' id='word_1_813' title='bbox 3228 4461 3437 4516; x_wconf 66' lang='lat' dir='ltr'><strong>viseba-</strong></span> 
     </span>
    </p>
   </div>
   <div class='ocr_carea' id='block_1_107' title="bbox 1877 4550 3434 4620">
    <p class='ocr_par' dir='ltr' id='par_1_107' title="bbox 1877 4550 3434 4620">
     <span class='ocr_line' id='line_1_107' title="bbox 1877 4550 3434 4620; baseline 0.001 -17"><span class='ocrx_word' id='word_1_814' title='bbox 1877 4557 1985 4616; x_wconf 92' lang='lat' dir='ltr'><strong>tur,</strong></span> <span class='ocrx_word' id='word_1_815' title='bbox 2016 4566 2125 4603; x_wconf 93' lang='lat' dir='ltr'><strong>uno</strong></span> <span class='ocrx_word' id='word_1_816' title='bbox 2156 4550 2305 4603; x_wconf 88' lang='lat' dir='ltr'><strong>aditu</strong></span> <span class='ocrx_word' id='word_1_817' title='bbox 2338 4550 2771 4620; x_wconf 81' lang='lat' dir='ltr'><strong>ingredientibus</strong></span> <span class='ocrx_word' id='word_1_818' title='bbox 2825 4558 3028 4620; x_wconf 92' lang='lat' dir='ltr'><strong>aperta.</strong></span> <span class='ocrx_word' id='word_1_819' title='bbox 3065 4551 3225 4605; x_wconf 87' lang='lat' dir='ltr'><strong>Saule</strong></span> <span class='ocrx_word' id='word_1_820' title='bbox 3255 4561 3434 4605; x_wconf 91' lang='lat' dir='ltr'><strong>autem</strong></span> 
     </span>
    </p>
   </div>
   <div class='ocr_carea' id='block_1_108' title="bbox 1868 4638 3442 4709">
    <p class='ocr_par' dir='ltr' id='par_1_108' title="bbox 1868 4638 3442 4709">
     <span class='ocr_line' id='line_1_108' title="bbox 1868 4638 3442 4709; baseline 0.003 -19"><span class='ocrx_word' id='word_1_821' title='bbox 1868 4638 2122 4691; x_wconf 84' lang='lat' dir='ltr'><strong>Davidem</strong></span> <span class='ocrx_word' id='word_1_822' title='bbox 2151 4652 2446 4707; x_wconf 61' lang='lat' dir='ltr'><strong>quaerente,</strong></span> <span class='ocrx_word' id='word_1_823' title='bbox 2472 4649 2695 4709; x_wconf 87' lang='lat' dir='ltr'><strong>totoque</strong></span> <span class='ocrx_word' id='word_1_824' title='bbox 2727 4656 2831 4695; x_wconf 85' lang='lat' dir='ltr'><strong>suo</strong></span> <span class='ocrx_word' id='word_1_825' title='bbox 2868 4656 2992 4694; x_wconf 89' lang='lat' dir='ltr'><strong>cum</strong></span> <span class='ocrx_word' id='word_1_826' title='bbox 3028 4648 3271 4695; x_wconf 72' lang='lat' dir='ltr'><strong>exercitu</strong></span> <span class='ocrx_word' id='word_1_827' title='bbox 3309 4643 3442 4697; x_wconf 89' lang='lat' dir='ltr'><strong>soli-</strong></span> 
     </span>
    </p>
   </div>
   <div class='ocr_carea' id='block_1_109' title="bbox 1867 4729 3439 4802">
    <p class='ocr_par' dir='ltr' id='par_1_109' title="bbox 1867 4729 3439 4802">
     <span class='ocr_line' id='line_1_109' title="bbox 1867 4729 3439 4802; baseline 0.003 -20"><span class='ocrx_word' id='word_1_828' title='bbox 1867 4729 2108 4783; x_wconf 88' lang='lat' dir='ltr'><strong>tudinem</strong></span> <span class='ocrx_word' id='word_1_829' title='bbox 2146 4732 2540 4799; x_wconf 88' lang='lat' dir='ltr'><strong>perlustrante,</strong></span> <span class='ocrx_word' id='word_1_830' title='bbox 2570 4732 2900 4802; x_wconf 79' lang='lat' dir='ltr'><strong>confugiunt</strong></span> <span class='ocrx_word' id='word_1_831' title='bbox 2932 4734 3261 4788; x_wconf 82' lang='lat' dir='ltr'><strong>necessitate</strong></span> <span class='ocrx_word' id='word_1_832' title='bbox 3286 4749 3439 4787; x_wconf 88' lang='lat' dir='ltr'><strong>com-</strong></span> 
     </span>
    </p>
   </div>
   <div class='ocr_carea' id='block_1_110' title="bbox 1866 4821 3439 4895">
    <p class='ocr_par' dir='ltr' id='par_1_110' title="bbox 1866 4821 3439 4895">
     <span class='ocr_line' id='line_1_110' title="bbox 1866 4821 3439 4895; baseline 0.003 -20"><span class='ocrx_word' id='word_1_833' title='bbox 1866 4822 2010 4892; x_wconf 88' lang='lat' dir='ltr'><strong>pulsi</strong></span> <span class='ocrx_word' id='word_1_834' title='bbox 2044 4821 2238 4887; x_wconf 90' lang='lat' dir='ltr'><strong>David,</strong></span> <span class='ocrx_word' id='word_1_835' title='bbox 2262 4834 2315 4878; x_wconf 87' lang='lat' dir='ltr'><strong>et</strong></span> <span class='ocrx_word' id='word_1_836' title='bbox 2342 4825 2437 4893; x_wconf 86' lang='lat' dir='ltr'><strong>qui</strong></span> <span class='ocrx_word' id='word_1_837' title='bbox 2457 4841 2580 4879; x_wconf 91' lang='lat' dir='ltr'><strong>cum</strong></span> <span class='ocrx_word' id='word_1_838' title='bbox 2604 4840 2691 4890; x_wconf 92' lang='lat' dir='ltr'><strong>eo,</strong></span> <span class='ocrx_word' id='word_1_839' title='bbox 2719 4824 2772 4878; x_wconf 77' lang='lat' dir='ltr'><strong>in</strong></span> <span class='ocrx_word' id='word_1_840' title='bbox 2805 4825 3143 4895; x_wconf 89' lang='lat' dir='ltr'><strong>speluncam.</strong></span> <span class='ocrx_word' id='word_1_841' title='bbox 3168 4826 3305 4881; x_wconf 82' lang='lat' dir='ltr'><strong>Cum</strong></span> <span class='ocrx_word' id='word_1_842' title='bbox 3325 4826 3439 4895; x_wconf 86' lang='lat' dir='ltr'><strong>jam</strong></span> 
     </span>
    </p>
   </div>
   <div class='ocr_carea' id='block_1_111' title="bbox 1864 4913 3432 4989">
    <p class='ocr_par' dir='ltr' id='par_1_111' title="bbox 1864 4913 3432 4989">
     <span class='ocr_line' id='line_1_111' title="bbox 1864 4913 3432 4989; baseline 0.004 -21"><span class='ocrx_word' id='word_1_843' title='bbox 1864 4913 2421 4983; x_wconf 88' lang='lat' dir='ltr'><strong>essentinspclunca,</strong></span> <span class='ocrx_word' id='word_1_844' title='bbox 2451 4915 2755 4986; x_wconf 86' lang='lat' dir='ltr'><strong>ingreditur</strong></span> <span class='ocrx_word' id='word_1_845' title='bbox 2776 4925 2899 4986; x_wconf 93' lang='lat' dir='ltr'><strong>post</strong></span> <span class='ocrx_word' id='word_1_846' title='bbox 2918 4917 3041 4971; x_wconf 88' lang='lat' dir='ltr'><strong>illos</strong></span> <span class='ocrx_word' id='word_1_847' title='bbox 3065 4929 3118 4971; x_wconf 90' lang='lat' dir='ltr'><strong>et</strong></span> <span class='ocrx_word' id='word_1_848' title='bbox 3144 4918 3262 4989; x_wconf 90' lang='lat' dir='ltr'><strong>ipse</strong></span> <span class='ocrx_word' id='word_1_849' title='bbox 3280 4920 3432 4975; x_wconf 81' lang='lat' dir='ltr'><strong>Saul.</strong></span> 
     </span>
    </p>
   </div>
   <div class='ocr_carea' id='block_1_112' title="bbox 1868 5006 3442 5079">
    <p class='ocr_par' dir='ltr' id='par_1_112' title="bbox 1868 5006 3442 5079">
     <span class='ocr_line' id='line_1_112' title="bbox 1868 5006 3442 5079; baseline 0.004 -22"><span class='ocrx_word' id='word_1_850' title='bbox 1868 5006 2075 5071; x_wconf 88' lang='lat' dir='ltr'><strong>utquid</strong></span> <span class='ocrx_word' id='word_1_851' title='bbox 2097 5022 2278 5060; x_wconf 88' lang='lat' dir='ltr'><strong>rerum</strong></span> <span class='ocrx_word' id='word_1_852' title='bbox 2311 5009 2747 5063; x_wconf 85' lang='lat' dir='ltr'><strong>necessariarum</strong></span> <span class='ocrx_word' id='word_1_853' title='bbox 2777 5019 2981 5079; x_wconf 83' lang='lat' dir='ltr'><strong>ageret,</strong></span> <span class='ocrx_word' id='word_1_854' title='bbox 3011 5008 3275 5079; x_wconf 85' lang='lat' dir='ltr'><strong>ignorans</strong></span> <span class='ocrx_word' id='word_1_855' title='bbox 3296 5010 3442 5064; x_wconf 85' lang='lat' dir='ltr'><strong>illam</strong></span> 
     </span>
    </p>
   </div>
   <div class='ocr_carea' id='block_1_113' title="bbox 1876 5088 3434 5156">
    <p class='ocr_par' dir='ltr' id='par_1_113' title="bbox 1876 5088 3434 5156">
     <span class='ocr_line' id='line_1_113' title="bbox 1876 5088 3434 5156; baseline 0.004 -18"><span class='ocrx_word' id='word_1_856' title='bbox 1876 5102 1995 5155; x_wconf 70' lang='lat' dir='ltr'><strong>quae</strong></span> <span class='ocrx_word' id='word_1_857' title='bbox 2024 5088 2248 5140; x_wconf 79' lang='lat' dir='ltr'><strong>fortuito</strong></span> <span class='ocrx_word' id='word_1_858' title='bbox 2279 5099 2466 5141; x_wconf 88' lang='lat' dir='ltr'><strong>contra</strong></span> <span class='ocrx_word' id='word_1_859' title='bbox 2495 5105 2646 5143; x_wconf 87' lang='lat' dir='ltr'><strong>suam</strong></span> <span class='ocrx_word' id='word_1_860' title='bbox 2680 5091 2904 5145; x_wconf 89' lang='lat' dir='ltr'><strong>salutem</strong></span> <span class='ocrx_word' id='word_1_861' title='bbox 2937 5104 3290 5156; x_wconf 83' lang='lat' dir='ltr'><strong>convenerat,</strong></span> <span class='ocrx_word' id='word_1_862' title='bbox 3321 5110 3434 5145; x_wconf 86' lang='lat' dir='ltr'><strong>ma-</strong></span> 
     </span>
    </p>
   </div>
   <div class='ocr_carea' id='block_1_114' title="bbox 1876 5176 3433 5250">
    <p class='ocr_par' dir='ltr' id='par_1_114' title="bbox 1876 5176 3433 5250">
     <span class='ocr_line' id='line_1_114' title="bbox 1876 5176 3433 5250; baseline 0.003 -21"><span class='ocrx_word' id='word_1_863' title='bbox 1876 5192 2025 5229; x_wconf 91' lang='lat' dir='ltr'><strong>num.</strong></span> <span class='ocrx_word' id='word_1_864' title='bbox 2063 5176 2202 5246; x_wconf 76' lang='lat' dir='ltr'><strong>Ergo</strong></span> <span class='ocrx_word' id='word_1_865' title='bbox 2239 5192 2360 5229; x_wconf 90' lang='lat' dir='ltr'><strong>cum</strong></span> <span class='ocrx_word' id='word_1_866' title='bbox 2398 5179 2547 5231; x_wconf 91' lang='lat' dir='ltr'><strong>solus</strong></span> <span class='ocrx_word' id='word_1_867' title='bbox 2573 5187 2737 5245; x_wconf 85' lang='lat' dir='ltr'><strong>esset,</strong></span> <span class='ocrx_word' id='word_1_868' title='bbox 2763 5182 3247 5250; x_wconf 88' lang='lat' dir='ltr'><strong>complicatamque</strong></span> <span class='ocrx_word' id='word_1_869' title='bbox 3273 5183 3433 5235; x_wconf 86' lang='lat' dir='ltr'><strong>tuni—</strong></span> 
     </span>
    </p>
   </div>
   <div class='ocr_carea' id='block_1_115' title="bbox 1875 5266 3432 5336">
    <p class='ocr_par' dir='ltr' id='par_1_115' title="bbox 1875 5266 3432 5336">
     <span class='ocr_line' id='line_1_115' title="bbox 1875 5266 3432 5336; baseline 0.004 -17"><span class='ocrx_word' id='word_1_870' title='bbox 1875 5282 1994 5320; x_wconf 88' lang='lat' dir='ltr'><strong>cam</strong></span> <span class='ocrx_word' id='word_1_871' title='bbox 2016 5266 2170 5336; x_wconf 84' lang='lat' dir='ltr'><strong>juxta</strong></span> <span class='ocrx_word' id='word_1_872' title='bbox 2195 5282 2252 5321; x_wconf 90' lang='lat' dir='ltr'><strong>se</strong></span> <span class='ocrx_word' id='word_1_873' title='bbox 2275 5269 2471 5321; x_wconf 91' lang='lat' dir='ltr'><strong>alicubi</strong></span> <span class='ocrx_word' id='word_1_874' title='bbox 2494 5269 2852 5336; x_wconf 84' lang='lat' dir='ltr'><strong>deposuisset,</strong></span> <span class='ocrx_word' id='word_1_875' title='bbox 2884 5273 3201 5327; x_wconf 83' lang='lat' dir='ltr'><strong>manifestus</strong></span> <span class='ocrx_word' id='word_1_876' title='bbox 3227 5283 3277 5327; x_wconf 89' lang='lat' dir='ltr'><strong>et</strong></span> <span class='ocrx_word' id='word_1_877' title='bbox 3302 5288 3432 5326; x_wconf 88' lang='lat' dir='ltr'><strong>cou-</strong></span> 
     </span>
    </p>
   </div>
   <div class='ocr_carea' id='block_1_116' title="bbox 1876 5359 3433 5433">
    <p class='ocr_par' dir='ltr' id='par_1_116' title="bbox 1876 5359 3433 5433">
     <span class='ocr_line' id='line_1_116' title="bbox 1876 5359 3433 5433; baseline 0.002 -20"><span class='ocrx_word' id='word_1_878' title='bbox 1876 5360 2118 5428; x_wconf 91' lang='lat' dir='ltr'><strong>spicuus,</strong></span> <span class='ocrx_word' id='word_1_879' title='bbox 2150 5359 2220 5412; x_wconf 92' lang='lat' dir='ltr'><strong>ob</strong></span> <span class='ocrx_word' id='word_1_880' title='bbox 2246 5360 2584 5428; x_wconf 86' lang='lat' dir='ltr'><strong>splendorem</strong></span> <span class='ocrx_word' id='word_1_881' title='bbox 2624 5377 2721 5430; x_wconf 86' lang='lat' dir='ltr'><strong>per</strong></span> <span class='ocrx_word' id='word_1_882' title='bbox 2756 5364 2955 5417; x_wconf 91' lang='lat' dir='ltr'><strong>ostium</strong></span> <span class='ocrx_word' id='word_1_883' title='bbox 3001 5365 3271 5433; x_wconf 59' lang='lat' dir='ltr'><strong>speluncae</strong></span> <span class='ocrx_word' id='word_1_884' title='bbox 3304 5365 3433 5418; x_wconf 86' lang='lat' dir='ltr'><strong>sub-</strong></span> 
     </span>
    </p>
   </div>
   <div class='ocr_carea' id='block_1_117' title="bbox 1875 5448 3432 5518">
    <p class='ocr_par' dir='ltr' id='par_1_117' title="bbox 1875 5448 3432 5518">
     <span class='ocr_line' id='line_1_117' title="bbox 1875 5448 3432 5518; baseline 0.004 -15"><span class='ocrx_word' id='word_1_885' title='bbox 1875 5458 2089 5503; x_wconf 91' lang='lat' dir='ltr'><strong>euntem</strong></span> <span class='ocrx_word' id='word_1_886' title='bbox 2126 5448 2250 5513; x_wconf 85' lang='lat' dir='ltr'><strong>illis,</strong></span> <span class='ocrx_word' id='word_1_887' title='bbox 2280 5466 2416 5518; x_wconf 88' lang='lat' dir='ltr'><strong>quos</strong></span> <span class='ocrx_word' id='word_1_888' title='bbox 2452 5451 2595 5505; x_wconf 92' lang='lat' dir='ltr'><strong>intus</strong></span> <span class='ocrx_word' id='word_1_889' title='bbox 2623 5453 2857 5508; x_wconf 55' lang='lat' dir='ltr'><strong>tenebrae</strong></span> <span class='ocrx_word' id='word_1_890' title='bbox 2901 5455 3240 5517; x_wconf 88' lang='lat' dir='ltr'><strong>occulebant,</strong></span> <span class='ocrx_word' id='word_1_891' title='bbox 3267 5456 3432 5509; x_wconf 82' lang='lat' dir='ltr'><strong>sociis</strong></span> 
     </span>
    </p>
   </div>
   <div class='ocr_carea' id='block_1_118' title="bbox 1877 5538 3434 5609">
    <p class='ocr_par' dir='ltr' id='par_1_118' title="bbox 1877 5538 3434 5609">
     <span class='ocr_line' id='line_1_118' title="bbox 1877 5538 3434 5609; baseline 0.003 -16"><span class='ocrx_word' id='word_1_892' title='bbox 1877 5540 2089 5608; x_wconf 86' lang='lat' dir='ltr'><strong>quidem</strong></span> <span class='ocrx_word' id='word_1_893' title='bbox 2122 5538 2338 5595; x_wconf 88' lang='lat' dir='ltr'><strong>Davidis</strong></span> <span class='ocrx_word' id='word_1_894' title='bbox 2377 5541 2589 5597; x_wconf 88' lang='lat' dir='ltr'><strong>animus</strong></span> <span class='ocrx_word' id='word_1_895' title='bbox 2618 5554 2728 5596; x_wconf 90' lang='lat' dir='ltr'><strong>erat</strong></span> <span class='ocrx_word' id='word_1_896' title='bbox 2761 5546 2968 5598; x_wconf 89' lang='lat' dir='ltr'><strong>irruere</strong></span> <span class='ocrx_word' id='word_1_897' title='bbox 3006 5545 3059 5597; x_wconf 89' lang='lat' dir='ltr'><strong>in</strong></span> <span class='ocrx_word' id='word_1_898' title='bbox 3097 5544 3326 5609; x_wconf 87' lang='lat' dir='ltr'><strong>hostem,</strong></span> <span class='ocrx_word' id='word_1_899' title='bbox 3353 5544 3434 5597; x_wconf 90' lang='lat' dir='ltr'><strong>ul-</strong></span> 
     </span>
    </p>
   </div>
   <div class='ocr_carea' id='block_1_119' title="bbox 1876 5632 3434 5701">
    <p class='ocr_par' dir='ltr' id='par_1_119' title="bbox 1876 5632 3434 5701">
     <span class='ocr_line' id='line_1_119' title="bbox 1876 5632 3434 5701; baseline 0 -16"><span class='ocrx_word' id='word_1_900' title='bbox 1876 5632 2115 5700; x_wconf 90' lang='lat' dir='ltr'><strong>ciscique</strong></span> <span class='ocrx_word' id='word_1_901' title='bbox 2143 5645 2287 5694; x_wconf 91' lang='lat' dir='ltr'><strong>eum,</strong></span> <span class='ocrx_word' id='word_1_902' title='bbox 2319 5634 2409 5700; x_wconf 91' lang='lat' dir='ltr'><strong>qui</strong></span> <span class='ocrx_word' id='word_1_903' title='bbox 2443 5633 2604 5688; x_wconf 68' lang='lat' dir='ltr'><strong>caedis</strong></span> <span class='ocrx_word' id='word_1_904' title='bbox 2628 5634 2916 5689; x_wconf 75' lang='lat' dir='ltr'><strong>inferendae</strong></span> <span class='ocrx_word' id='word_1_905' title='bbox 2937 5648 3099 5687; x_wconf 88' lang='lat' dir='ltr'><strong>causa</strong></span> <span class='ocrx_word' id='word_1_906' title='bbox 3122 5633 3434 5701; x_wconf 75' lang='lat' dir='ltr'><strong>advenerat,</strong></span> 
     </span>
    </p>
   </div>
   <div class='ocr_carea' id='block_1_120' title="bbox 1876 5725 3434 5796">
    <p class='ocr_par' dir='ltr' id='par_1_120' title="bbox 1876 5725 3434 5796">
     <span class='ocr_line' id='line_1_120' title="bbox 1876 5725 3434 5796; baseline 0.003 -17"><span class='ocrx_word' id='word_1_907' title='bbox 1876 5726 2031 5796; x_wconf 86' lang='lat' dir='ltr'><strong>quasi</strong></span> <span class='ocrx_word' id='word_1_908' title='bbox 2064 5725 2316 5779; x_wconf 86' lang='lat' dir='ltr'><strong>nimirum</strong></span> <span class='ocrx_word' id='word_1_909' title='bbox 2346 5726 2458 5794; x_wconf 76' lang='lat' dir='ltr'><strong>ipse</strong></span> <span class='ocrx_word' id='word_1_910' title='bbox 2490 5725 2631 5782; x_wconf 90' lang='lat' dir='ltr'><strong>Deus</strong></span> <span class='ocrx_word' id='word_1_911' title='bbox 2668 5727 2721 5780; x_wconf 91' lang='lat' dir='ltr'><strong>in</strong></span> <span class='ocrx_word' id='word_1_912' title='bbox 2756 5744 2948 5782; x_wconf 86' lang='lat' dir='ltr'><strong>manus</strong></span> <span class='ocrx_word' id='word_1_913' title='bbox 2987 5728 3298 5786; x_wconf 82' lang='lat' dir='ltr'><strong>tradidisset</strong></span> <span class='ocrx_word' id='word_1_914' title='bbox 3339 5729 3434 5783; x_wconf 88' lang='lat' dir='ltr'><strong>ho-</strong></span> 
     </span>
    </p>
   </div>
  </div>
