4044 6520
498 365 600 419 583

1723 361 1778 417 S.
1811 358 2139 415 GRECORII
2173 359 2462 417 NYSSENI

3641 361 3749 417 584

497 488 636 533 atem
668 477 736 534 iis
761 477 850 545 qui
882 477 946 531 ad
990 477 1191 532 caedem
1228 478 1633 548 querebantur.
1667 481 1733 534 At
1762 480 1928 535 David
1959 481 2069 534 lio-

2171 485 2284 546 τοῖς
2308 482 2400 536 ἐπὶ
2424 481 2640 552 Θανάτῳ
2678 482 3023 554 διωκομένοις
3051 481 3144 537 τὸν
3180 480 3373 554 ἐχθρὸν
3414 481 3746 554 ὑποχείριον.

503 585 623 624 rum
657 571 914 639 impetum
950 570 1298 636 compressit,
1330 571 1589 640 injustam
1622 587 1746 627 esse
1770 583 1923 627 ratus
1951 573 2068 626 illo-

501 676 622 715 rum
655 661 709 714 in
749 674 930 728 regem
975 661 1454 714 machinationem.
1498 661 1703 716 Stricto
1742 663 1926 732 itaque
1955 663 2070 732 gla-

503 751 600 807 dio
631 751 936 805 clanculum
971 767 1002 802 a
1054 757 1204 819 tergo
1257 748 1406 806 Sauli
1451 753 1654 813 astitit,
1700 767 1820 806 cum
1857 752 2069 807 nemine

498 844 722 898 conscio
752 857 875 894 eum
925 841 1179 896 invadere
1215 851 1431 911 posset,
1471 844 1707 897 tenebrae
1739 844 1881 896 enim
1925 843 2065 896 antri

497 934 673 986 oculis
714 931 900 985 oil‘usa:
963 931 1220 985 arcebant
1259 947 1447 986 eorum
1476 971 1490 994 ,
1526 947 1645 1002 quae
1681 933 1898 996 fiebant,
1934 948 2067 986 con-

497 1037 740 1093 specmm
799 1030 853 1075 et
909 1015 1438 1076 manifestationem.
1491 1023 1624 1076 Cum
1673 1024 1840 1092 igitur
1878 1023 2062 1077 liceret

494 1127 605 1164 uno
641 1111 775 1175 ictu,
809 1110 989 1165 medio
1019 1109 1203 1174 dorso,
1237 1127 1332 1178 per
1374 1111 1552 1181 ipsum
1588 1127 1684 1165 cor
1713 1113 1946 1180 gladium
1985 1122 2067 1165 to-

493 1209 610 1254 tum
645 1201 884 1270 adigere,
924 1214 1122 1268 corpus
1157 1200 1374 1270 quidem
1417 1199 1596 1256 Saulis
1648 1217 1822 1272 neque
1859 1203 2063 1273 tetigit,

495 1305 673 1357 neque
712 1297 937 1359 tangere
975 1290 1198 1342 omnino
1237 1290 1424 1343 voluit.

567 1379 822 1435 Praecidit
861 1389 1039 1434 autem
1076 1380 1299 1435 silenter
1331 1380 1510 1450 gladio
1537 1396 1689 1436 oram
1725 1383 2064 1452 chlamydis,

499 1483 558 1526 nt
589 1475 641 1526 in
673 1483 946 1542 posterum
977 1472 1057 1526 vel
1085 1472 1329 1542 chlamys
1357 1473 1512 1527 testis
1539 1484 1686 1528 esset
1715 1489 1828 1527 sua:
1856 1477 1907 1526 in
1937 1473 2069 1527 Sau-

499 1565 600 1618 lem
639 1562 1030 1627 humanitatis,
1081 1562 1376 1615 05tendens
1424 1561 1544 1630 ipsa
1588 1561 1816 1618 fimbriae
1857 1563 2065 1616 abscis-

500 1658 653 1711 sione
686 1662 1045 1725 potestatem,
1081 1668 1243 1722 quam
1286 1652 1556 1706 habuerat
1599 1653 1653 1706 in
1695 1667 1899 1722 corpus
1925 1653 2064 1721 ejus.

500 1749 710 1814 Quibus
740 1746 1092 1801 manifestum
1136 1744 1348 1806 evasit,
1391 1759 1554 1813 quam
1599 1743 1844 1813 insignes
1889 1744 2068 1812 profe-

496 1852 620 1895 eius
653 1838 820 1892 David
869 1837 922 1890 in
960 1835 1373 1906 longanimitate
1421 1843 1475 1888 et
1523 1835 1946 1888 mansuetudine
1991 1835 2070 1888 fe-
2101 1824 2141 1877 Β

495 1934 666 1996 t-erit,
694 1931 787 2000 qui
823 1944 985 1982 manu
1018 1928 1224 1982 nudum
1254 1926 1492 1995 gladium
1523 1934 1716 1980 tenens
1739 1965 1753 1986 ,
1782 1927 2066 1995 supposito

495 2023 678 2076 manui
711 2021 776 2074 ad
813 2021 978 2074 ictmn
1008 2020 1128 2089 ipso
1158 2017 1336 2072 hostis
1363 2031 1595 2086 corpore
1615 2057 1630 2081 ,
1668 2031 1793 2070 cum
1825 2027 2067 2087 potestas

496 2111 801 2167 trucidandi
836 2125 959 2164 cum
996 2117 1345 2179 suppeteret,
1385 2118 1642 2176 superato
1672 2123 1768 2176 per
1799 2108 2067 2162 rationem

496 2204 697 2273 impetu
733 2202 826 2256 irae
850 2241 865 2264 ,
895 2210 950 2256 et
983 2201 1171 2256 divino
1204 2200 1399 2253 timore
1434 2198 1780 2252 interimendi
1813 2198 2071 2252 facultate

495 2308 838 2364 compressa,
870 2308 978 2347 non
1007 2292 1184 2347 solum
1217 2291 1296 2345 ira
1335 2305 1434 2344 sua
1473 2291 1670 2344 fortior
1703 2292 1946 2353 exstitit,
1973 2290 2068 2345 sed

495 2396 550 2442 et
586 2387 917 2456 armigerum
947 2400 1107 2440 suum
1136 2399 1248 2452 jam
1282 2391 1529 2436 ruentem
1574 2383 1627 2435 in
1662 2381 1844 2436 Saulis
1888 2381 2070 2451 perni-

495 2476 632 2529 ciem
687 2475 967 2536 cohibuit,
1023 2472 1362 2527 memorabili
1414 2471 1505 2527 illa
1551 2486 1686 2526 voce
1719 2472 1905 2527 edita:
1939 2491 1959 2521 ι
1993 2471 2070 2526 Ne

495 2582 820 2634 corrumpas
850 2566 1116 2618 cliristum
1152 2562 1385 2616 Domini.
1425 2581 1443 2613 ι
1486 2560 1610 2616 Exit
1651 2577 1782 2633 ergo
1825 2561 1957 2616 Saul
2000 2580 2067 2616 ex

494 2659 752 2728 spelunca
786 2659 1007 2726 ignarus
1039 2654 1280 2708 omnium
1313 2667 1433 2722 quae
1465 2651 1815 2716 acciderant,
1847 2653 2070 2706 indutus

492 2751 690 2806 accisa:
706 2765 813 2804 erm
839 2747 1144 2819 chlamyde.
1166 2745 1422 2799 At'David
1450 2761 1588 2815 pone
1603 2746 1851 2800 eumdem
1879 2746 2071 2800 subse-

493 2859 669 2914 quens
691 2884 704 2907 ,
739 2857 862 2896 cum
893 2856 955 2894 ea
985 2855 1093 2910 qua
1120 2847 1336 2907 poterat
1367 2839 1694 2902 securitate,
1726 2847 1780 2894 et
1805 2849 2070 2909 occupato

493 2937 667 2997 colle.
702 2935 794 3005 qui
838 2932 1158 2988 imminebat
1206 2932 1518 3002 speluncae,
1565 2947 1720 2985 oram
1754 2932 2066 2986 vestimenti

490 3034 722 3080 extensa
752 3039 916 3078 manu
956 3024 1299 3075 monstravit.
1337 3020 1461 3075 llaec
1495 3030 1676 3076 autem
1731 3022 1866 3075 nihil
1920 3024 2068 3077 aliud

491 3128 642 3182 erat,
672 3132 832 3188 quam
867 3115 1168 3186 trophaeuni
1206 3113 1549 3166 incruentum
1586 3125 1778 3167 contra
1810 3114 2069 3168 adversa-

492 3210 607 3262 rios
648 3214 937 3270 erectnm;
982 3217 1035 3258 et
1089 3203 1404 3256 acclamans
1453 3201 1606 3256 Sauli
1660 3218 1851 3270 magna
1903 3218 2068 3265 voce.

496 3316 692 3355 novam
727 3299 868 3352 hanc
901 3306 954 3351 et
988 3294 1404 3358 admirabilem,
1439 3294 1532 3350 sed
1567 3296 1820 3349 eximiam
1854 3295 2070 3348 fortitu-

493 3394 642 3448 dinis
673 3401 728 3446 et
756 3389 1103 3445 strenuitatis
1134 3386 1372 3454 explicat
1406 3387 1643 3455 speciem
1669 3425 1682 3447 ,
1709 3401 1871 3455 quam
1906 3401 2070 3440 cruor

495 3500 605 3540 non
638 3483 972 3544 fmdaverat,
1002 3495 1111 3551 qua
1146 3487 1200 3533 et
1237 3478 1572 3532 fortissimus
1605 3479 1753 3548 pugil
1788 3477 1956 3540 vicit,
1989 3477 2071 3530 vi-

495 3586 729 3644 ctusque
756 3580 1006 3630 servatus
1037 3580 1122 3626 est
1162 3571 1473 3624 incolumis.
1508 3568 1627 3623 Non
1657 3569 1804 3624 enim
1842 3569 1896 3622 in
1937 3583 2068 3623 casu

494 3677 548 3724 ct
579 3669 802 3722 interitu
844 3666 1019 3720 hostis
1053 3673 1162 3719 tam
1213 3665 1535 3734 praeclarum
1590 3663 1809 3718 Davidis
1859 3661 2070 3717 facinus

495 3761 777 3824 consistit,
812 3759 906 3814 sed
936 3759 990 3812 in
1027 3758 1130 3812 hoc
1162 3757 1508 3826 potissimum
1547 3755 1674 3809 facti
1707 3756 1856 3811 illius
1886 3756 2068 3810 excel-

494 3853 659 3909 lentia
697 3861 750 3905 et
780 3849 1094 3919 magnitudo
1128 3848 1308 3918 posita
1338 3854 1456 3913 est,
1496 3847 1643 3916 quod
1690 3846 2068 3900 adversarium

496 3960 564 4001 ex
591 3943 833 4014 periculo
869 3941 1111 4012 eripuit;
1143 3939 1232 3994 cui
1268 3949 1480 3993 tantum
1516 3939 1727 3992 tiduciae
1761 3938 1975 4000 inerat,
2013 3945 2072 3990 ut

497 4050 650 4090 suam
677 4033 906 4088 salutem
933 4030 1033 4084 niti
1063 4031 1232 4084 nollet
1261 4043 1462 4084 occasu
1490 4038 1544 4083 et
1574 4029 1795 4082 interitu
1823 4027 2073 4081 adversa-

494 4125 733 4186 riorum,
767 4120 863 4178 sed
895 4120 1062 4175 salvis
1086 4121 1336 4190 vivisque
1369 4120 1782 4174 insidiatoribus
1813 4118 2070 4187 sperabat

495 4231 556 4270 se
591 4217 704 4268 fore
737 4227 991 4267 securum
1018 4252 1030 4273 ,
1061 4213 1219 4280 quasi
1252 4227 1410 4266 nemo
1440 4221 1620 4273 esset,
1649 4212 1740 4280 qui
1773 4210 2068 4279 quidquam

495 4305 758 4358 molestiae
796 4302 1045 4358 inferret.
1084 4300 1346 4366 Quamvis
1380 4303 1480 4355 hac
1513 4302 1740 4356 historia
1774 4303 1958 4371 potius
1987 4301 2070 4354 di~

497 4397 658 4449 vinus
688 4411 869 4448 sermo
895 4395 1096 4448 docere
1125 4395 1252 4449 velit
1316 4410 1440 4448 eum
1471 4393 1563 4462 qui
1590 4395 1791 4448 virtute
1815 4394 2066 4459 excellit,

2185 570 2245 628 Ὀ
2273 573 2329 626 δὲ
2355 574 2519 628 Δαϐὶδ
2542 575 2751 637 τούτοις
2785 574 2883 643 μὲν
2910 573 3108 627 ἀπεῖπε
3135 573 3236 644 τὴν
3261 571 3454 644 ὁρμὴν,
3490 572 3752 642 ἀθέμιτον

2171 664 2362 734 κρίνας
2401 664 2498 735 τὴν
2537 664 2678 718 κατά
2719 665 2814 718 τοῦ
2855 664 3124 735 ’βασιλέως
3162 663 3338 717 αὑτῶν
3387 663 3746 733 ἐπιχείρησιν.

2170 753 2467 824 Γυμνώσας
2506 755 2565 807 δὲ
2609 756 2712 825 τῆς
2762 756 2934 825 θήκης
2975 755 3036 807 τὸ
3080 753 3250 823 ξίφος,
3304 755 3398 807 καὶ
3447 753 3750 824 λεληθότως

2169 845 2453 914 παραστὰς
2495 845 2574 915 τῷ
2609 845 2781 898 Σαοὺλ
2813 845 3070 908 κατόπιν,
3095 845 3408 915 ἀμάρτυρον
3438 843 3578 914 ἔχων
3625 851 3748 896 κατ’

2167 935 2332 988 αὐτοῦ
2371 937 2469 1007 τὴν
2508 937 2848 1006 ἐγχείρησιν·
2882 935 2911 986 ό
2946 935 3054 1006 γὰρ
3087 935 3147 987 ἐν
3189 933 3267 1004 τῷ
3303 933 3553 1002 σπηλαίῳ
3585 931 3750 998 ζόφος

2169 1025 2526 1095 ἐπικρύπτων
2558 1026 2658 1097 τὴν
2701 1025 2822 1094 όψιν
2867 1029 3147 1096 περιεῖργε
3178 1025 3288 1077 τῶν
3318 1023 3614 1092 γινομένων
3655 1021 3750 1074 τὸν

2168 1116 2406 1187 ἔλεγχον.
2461 1119 2765 1187 Δυνάμενος
2811 1117 2990 1170 τοίνυν
3048 1117 3146 1187 μιᾷ
3203 1117 3384 1185 πληγῇ
3439 1114 3582 1166 κατά
3637 1113 3749 1165 τῶν

2170 1207 2520 1279 μεταφρένων
2547 1207 2634 1260 διὰ
2663 1208 2762 1277 τῆς
2789 1207 3014 1278 καρδίας
3042 1207 3160 1260 ὅλον
3187 1205 3432 1259 διελάσαι
3462 1206 3529 1257 τὺ.
3557 1205 3744 1273 ξίφος,

2164 1298 2258 1352 τοῦ
2289 1299 2387 1368 μὲν
2419 1298 2666 1369 σώματος
2695 1301 2867 1356 Σαοὺλ
2893 1299 3017 1353 οὗτε
3038 1299 3235 1370 ἥψατο,
3267 1295 3390 1349 οὔτε
3416 1296 3740 1366 ἐμέλλησεν.

2249 1391 2565 1460 Ἀποτέμνει
2596 1391 2655 1444 δὲ
2703 1391 2781 1460 τῷ
2807 1391 2949 1460 ξίφει
2989 1391 3166 1445 λαθὼν
3192 1390 3397 1442 ἐκεῖνον
3432 1387 3492 1440 τὸ
3520 1387 3618 1457 τῆς
3665 1387 3748 1439 δι-

2166 1481 2376 1546 πλοϊδος
2404 1482 2715 1554 πτερύγιον,
2750 1483 2825 1546 ὡς
2865 1484 2931 1537 ἂν
2976 1483 3342 1554 μαρτυρήσειε
3392 1478 3529 1550 μετά
3569 1477 3746 1532 ταῦτα

2165 1573 2266 1642 τῆς
2294 1576 2373 1636 εἰς
2414 1574 2503 1627 τὸν
2545 1573 2714 1627 Σαοὺλ
2761 1572 3171 1645 φιλανθρωπίας
3211 1573 3244 1642 ὴ
3291 1569 3495 1642 χλανὶς,
3518 1569 3620 1639 τῆς
3647 1569 3744 1622 τοῦ

2167 1666 2462 1736 πτερυγίου
2484 1666 2653 1735 τομῆς
2685 1665 2785 1734 τῆς
2827 1665 2968 1718 κατὰ
3001 1663 3094 1717 τοῦ
3133 1663 3384 1732 σώματος
3412 1660 3576 1715 αὐτοῦ
3605 1660 3746 1731 πλη-

2167 1759 2269 1826 γῆς
2294 1757 2390 1826 τὴν
2417 1755 2660 1821 ἐξουσίαν
2682 1756 3019 1810 δεικνύουσα.
3046 1757 3123 1812 Δι’
3141 1751 3210 1825 ἦς
3236 1752 3453 1822 ἐγένετο
3482 1749 3740 1822 φανερὸν,

2173 1849 2318 1909 ὅπως
2337 1849 2366 1899 ὁ
2387 1847 2550 1901 Δαϐὶδ
2571 1847 2669 1916 τὴν
2693 1847 3072 1917 μακροθυμίαν
3100 1845 3472 1908 ἐπεπαίδευτο,
3502 1844 3564 1906 ὃς
3590 1843 3744 1910 ξίφος

2174 1939 2312 2009 ἔχων
2341 1941 2397 1991 ἐν
2428 1940 2494 2008 τῇ
2542 1937 2770 2010 παλάμῃ
2811 1937 3044 2008 γυμνὸν,
3100 1935 3462 2006 ὑποκειμένου
3489 1937 3554 2004 τῇ
3598 1933 3745 2003 χειρὶ

2173 2031 2267 2084 τοῦ
2307 2031 2561 2099 πολεμίου
2595 2029 2874 2099 σώματος,
2917 2031 2976 2082 ἐν
3008 2028 3226 2100 ἐξουσίᾳ
3262 2025 3356 2080 τοῦ
3389 2025 3597 2080 ἀνελεῖν
3636 2027 3743 2078 ὑπ-

2175 2120 2377 2189 άρχων,
2413 2119 2639 2188 νικήσας
2681 2118 2776 2172 καὶ
2808 2117 2885 2188 τῷ
2905 2117 3150 2187 λογισμῷ
3183 2117 3274 2170 τὸν
3304 2115 3491 2186 θυμὸν,
3527 2115 3620 2168 καὶ
3662 2114 3745 2184 τῷ

2175 2211 2303 2282 θείῳ
2337 2211 2482 2281 φόϐῳ
2518 2210 2614 2282 τὴν
2639 2212 2736 2280 τῆς
2773 2209 2986 2280 πληγῆς
3015 2207 3258 2273 ἐξουσίαν
3277 2247 3292 2271 ,
3331 2208 3391 2261 ού
3420 2207 3579 2277 μόνον
3611 2207 3741 2260 ίδίου

2176 2300 2347 2371 θυμοῦ
2385 2301 2646 2373 κρείττων
2676 2301 2926 2369 ἐγένετο,
2963 2299 3097 2354 ἀλλὰ
3147 2300 3240 2353 καὶ
3283 2299 3374 2354 τὸν
3398 2298 3742 2367 ὑπασπιστὴν

2175 2391 2312 2460 πρὸς
2355 2390 2445 2443 τὸν
2487 2389 2580 2442 τοῦ
2606 2389 2778 2442 Σαοὺλ
2817 2391 2975 2458 φόνον
3023 2389 3346 2459 ὁρμήσαντα
3397 2387 3744 2441 κατέστειλεν

2174 2481 2354 2551 ἐκείνῃ
2393 2480 2618 2550 ἀοιδίμῳ
2663 2483 2834 2552 φωνῇ,
2864 2479 3030 2533 εἰπὼν
3067 2479 3204 2552 πρὸς
3237 2480 3396 2533 αὐτόν
3417 2495 3430 2511 ·
3470 2499 3488 2530 ι
3508 2478 3600 2550 Μὴ
3629 2480 3744 2532 δια-ο

2175 2569 2402 2640 φθείρῃς
2445 2569 2538 2622 τὸν
2587 2571 2806 2639 χριστὸν
2847 2571 3072 2641 Κυρίου.
3117 2589 3136 2622 ι
3214 2571 3540 2640 Προέρχεται
3579 2566 3674 2623 οὗν
3710 2573 3743 2623 ὁ

2175 2661 2348 2714 Σαοὺλ
2375 2662 2440 2712 ἐκ
2467 2659 2562 2713 τοῦ
2593 2661 2858 2731 σπηλαίου
2893 2659 3174 2729 γινώσκων
3201 2660 3310 2713 τῶν
3341 2661 3640 2728 γεγονότων
3659 2661 3742 2714 ού-

2173 2753 2260 2806 δὲν
2289 2753 2382 2804 καὶ
2415 2751 2884 2822 περικεκομμένον
2917 2750 3224 2821 περιϐαλὼν
3265 2751 3442 2822 ἐαυτῷ
3477 2751 3534 2803 τὸ
3563 2751 3743 2822 χλανί-

2173 2845 2301 2898 διον.
2355 2844 2415 2895 ’0
2465 2843 2522 2894 δέ
2563 2843 2742 2907 Δαϐὶδ,
2793 2842 3121 2907 συνεξελθὼν
3153 2843 3299 2912 αὐτῷ
3344 2844 3568 2897 κατόπιν
3602 2843 3742 2912 μετά

2173 2937 2272 3005 τῆς
2305 2935 2424 2987 καθ’
2464 2935 2654 2987 ἐαυτὸν
2699 2934 3016 3003 ἀσφαλείας,
3048 2935 3143 2987 καὶ
3184 2935 3610 3004 προκαταλαϐὼν
3648 2935 3744 2988 τὸν

2175 3028 2565 3098 ὑπερκείμενον
2602 3026 2694 3080 τοῦ
2745 3027 3005 3097 σπηλαίου
3042 3027 3336 3096 γεώλοφον,
3363 3027 3631 3097 προτείνει
3670 3029 3738 3098 τῇ

2174 3119 2316 3188 χειρὶ
2331 3118 2637 3188 πτερύγιον.
2668 3117 2838 3170 Τοῦτο
2853 3118 2906 3169 δὲ
2935 3118 3085 3172 οὐδὲν
3109 3119 3196 3170 Ere
3206 3135 3294 3189 ρον
3312 3114 3400 3189 ἦν,
3427 3119 3459 3189 ἢ
3483 3119 3739 3190 τρόπαιον

2173 3208 2315 3262 κατὰ
2339 3209 2446 3262 τῶν
2478 3207 2784 3262 ἀντιπάλων
2821 3210 3175 3278 ἀναίμακτον.
3216 3208 3327 3262 Καὶ
3359 3209 3632 3279 ἐμϐοήσας
3660 3208 3741 3278 τῷ

2171 3299 2342 3353 Σαοὺλ
2375 3299 2582 3370 μεγάλῃ
2610 3301 2784 3369 φωνῇ,
2812 3299 2910 3369 τὴν
2939 3299 3129 3369 καινὴν
3161 3299 3362 3370 ταύτην
3401 3301 3492 3352 καὶ
3529 3292 3741 3370 θαυμα-

2173 3390 2303 3460 στὴν
2347 3389 2624 3461 ἀριστείαν
2665 3389 3016 3459 ἐκδιηγεῖται,
3061 3389 3129 3459 ἢν
3159 3389 3352 3461 λύθρος
3385 3390 3615 3460 αἳματος
3639 3391 3741 3443 ούκ

2171 3477 2412 3549 ἐμίανεν,
2520 3481 2613 3533 καὶ
2638 3480 2667 3532 ό
2712 3480 2967 3549 ἀριστεὺς
3009 3480 3278 3550 ἐνίκησεν,
3313 3481 3406 3533 καὶ
3432 3483 3460 3533 ὁ
3489 3480 3744 3551 ἡττηθεὶς

2173 3569 2551 3640 περισώζεται.
2585 3571 2658 3623 Ub
2688 3570 2794 3642 γὰρ
2814 3569 2892 3640 τῷ
2919 3569 3170 3640 πτώματι
3192 3571 3284 3624 τοῦ
3311 3571 3568 3641 πολεμίου
3603 3589 3744 3644 pap-

2169 3677 2234 3713 τυ
2244 3661 2416 3731 ρεῖται
2444 3659 2537 3712 τοῦ
2558 3659 2770 3732 Δαϐὶδή
2803 3661 3052 3730 ἀριστεία
3071 3676 3085 3692 ο
3116 3660 3229 3714 ἀλλ’
3254 3661 3312 3713 ἐν
3333 3661 3411 3731 τῷ
3431 3664 3741 3732 περισώσα-

2173 3748 2297 3803 σθαι
2328 3749 2422 3802 τοῦ
2456 3749 2702 3803 κινδύνου
2735 3751 2834 3804 τὸν
2857 3750 3244 3821 ἀντικείμενον,
3269 3754 3621 3825 φανερωτέρα
3652 3753 3740 3822 γί-

2171 3860 2317 3896 νεται
2343 3843 2435 3896 καὶ
2459 3843 2699 3915 ὑπεροχὴ
2725 3845 2825 3914 τῆς
2857 3844 3158 3915 δυνάμεως,
3183 3838 3228 3912 ᾧ
3265 3845 3513 3898 τοσοῦτον
3547 3847 3741 3917 περιῆν

2169 3933 2268 4003 τῆς
2298 3934 2696 4004 πεποιθήσεως,
2738 3936 2818 4006 μὴ
2851 3940 2918 4008 τῇ
2949 3936 3193 4008 ἀπωλείᾳ
3221 3936 3328 3990 τῶν
3353 3938 3742 4010 ἀντιτεταγμέ-
3835 3986 3840 3990 .

2169 4041 2276 4079 νων
2306 4025 2583 4078 πιστεύειν
2603 4027 2700 4097 τὴν
2724 4028 2915 4082 ἐαυτοῦ
2943 4029 3234 4100 σωτηρίαν,
3253 4029 3387 4083 ἀλλά
3403 4030 3498 4083 καὶ
3526 4031 3742 4100 περιόν⁶

2168 4133 2276 4168 των
2312 4115 2420 4169 τῶν
2469 4117 2944 4186 ἐπιϐουλευόντων,
2973 4119 3052 4183 ὼς
3083 4119 3295 4184 οὐδενός
3321 4119 3635 4185 λυποῦντος,
3678 4121 3741 4175 τὸ

2169 4208 2410 4277 ἀσφαλὲς
2440 4207 2604 4279 ἔχειν.
2631 4209 2850 4264 Μᾶλλον
2871 4209 2928 4263 δέ
2956 4210 3112 4264 τοῦτο
3135 4210 3222 4265 διὰ
3242 4212 3340 4282 τῆς
3362 4213 3596 4284 ἱστορίας
3622 4231 3746 4267 παι-

2168 4299 2312 4353 δεύει
2347 4303 2376 4353 ὁ
2413 4301 2591 4367 λόγος,
2621 4301 2704 4354 ὅτι
2744 4301 2774 4354 ἁ
2806 4303 2926 4354 κατ’
2962 4302 3163 4374 ἀρετὴν
3191 4305 3459 4373 προέχων,
3506 4304 3567 4357 οὐ
3598 4306 3740 4358 κατά

2167 4392 2275 4445 τῶν
2315 4392 2634 4463 ὁμοφύλων,
2681 4392 2817 4446 ἀλλά
2858 4395 3000 4448 κατὰ
3045 4394 3156 4448 τῶν
3184 4394 3372 4448 παθῶν
3409 4395 3735 4467 ἀνδρίζεται.

496 4500 604 4540 non
636 4494 826 4537 contra
863 4485 986 4538 illos
1017 4488 1108 4553 qui
1145 4484 1390 4553 ejusdem
1427 4500 1611 4538 secum
1647 4493 1775 4538 sunt
1809 4488 1985 4554 gentis
2014 4492 2067 4537 et

2183 4483 2509 4554 Ἀναιρεῖται
2533 4479 2626 4538 οὖν
2645 4484 2732 4537 διὰ
2750 4485 2852 4554 τῆς
2868 4485 3122 4557 τοιαύτης
3147 4487 3242 4541 τοῦ
3263 4487 3425 4541 Δαϐὶδ
3464 4487 3742 4557 ἀριστείας

495 4576 685 4643 stirpis
706 4615 719 4632 .
755 4575 848 4628 sed
877 4583 1070 4628 contra
1101 4575 1492 4628 immoderatus
1520 4574 1838 4629 affectiones
1870 4576 2065 4628 fortem

494 4675 551 4721 et
582 4675 864 4720 strenuum
899 4682 1043 4720 esse.
1089 4664 1426 4720 interimitur
1457 4681 1588 4735 ergo
1637 4682 1730 4736 per
1759 4667 1861 4719 hoc
1902 4681 2068 4732 gene-

496 4756 844 4811 rosissimum
877 4755 1096 4810 Davidis
1128 4756 1342 4810 facinus
1372 4757 1424 4810 in
1460 4758 1709 4826 utrisque
1746 4757 2028 4810 iracundia
2051 4795 2066 4817 ,

495 4851 626 4905 dum
667 4850 757 4903 ille
793 4849 1012 4918 quidem
1053 4850 1264 4902 ratione
1301 4849 1581 4919 proprium
1617 4850 1879 4918 impetum
1913 4849 2070 4902 cohi-

497 4942 616 4997 buit
639 4983 654 5005 ,
689 4941 935 5009 iramque
967 4941 1034 4992 ad
1065 4941 1360 4995 vindictam
1394 4949 1675 5002 ruentem,
1708 4940 2067 5009 compressit;

498 5034 627 5088 Saul
658 5048 784 5086 vero
816 5032 888 5085 ob
919 5033 1310 5085 humanitatem
1333 5073 1345 5092 .
1375 5048 1536 5101 quam
1565 5042 1821 5101 expertus
1855 5031 2029 5084 fuerat
2053 5070 2068 5094 ,

496 5125 758 5180 malitiam
787 5133 838 5178 et
866 5124 1265 5191 improbitatem
1299 5124 1561 5178 adversus
1591 5121 1844 5176 Davidem
1877 5123 2072 5176 exstir-

496 5220 663 5288 pavit.
717 5216 910 5282 Qualia
954 5215 1096 5268 enim
1143 5213 1381 5282 posthaec
1428 5214 1494 5267 ad
1547 5214 1808 5268 victorem
1856 5213 2071 5268 locutus

497 5312 603 5372 sit,
634 5310 808 5362 oculis
842 5322 950 5377 prae
979 5305 1185 5376 pudore
1213 5319 1402 5358 eorum
1428 5347 1442 5369 ,
1475 5321 1594 5374 quae
1626 5312 1892 5367 tentarat,
1923 5304 2070 5356 humi

497 5401 728 5463 deﬁxis,
766 5410 816 5455 et
851 5398 1128 5468 quomodo
1182 5397 1434 5450 lamentis
1482 5404 1534 5450 et
1583 5395 1839 5464 laerymis
1894 5404 2074 5449 mento

499 5503 816 5562 conceptam
855 5507 883 5544 a
919 5491 1123 5544 malitia
1143 5490 1480 5544 aversionem
1505 5495 1738 5542 testatus
1774 5486 1971 5548 fuerit,
2007 5502 2071 5540 ex

502 5585 731 5638 historia
762 5585 878 5653 ipsa
913 5583 1125 5636 discere
1161 5581 1304 5633 licet.
1342 5580 1736 5649 Argumentum
1773 5592 1902 5646 ergo
1933 5577 2071 5631 sexti

501 5683 558 5729 et
584 5674 1020 5744 quinquagesimi
1076 5671 1269 5742 psalmi
1324 5669 1469 5724 istud
1521 5677 1635 5734 est,
1692 5678 1952 5739 quantum
2007 5684 2072 5722 ex

507 5766 621 5836 ipsa
646 5781 823 5820 rerum
849 5774 1124 5836 gestarum
1151 5763 1463 5817 narratione
1491 5769 1725 5818 constat.
1757 5761 2072 5831 Inscriptio-

2170 4574 2200 4625 ό
2231 4575 2288 4626 ἐν
2319 4573 2648 4645 ἀμφοτέροις
2691 4573 2861 4646 θυμός
2884 4590 2898 4605 ⁸
2939 4573 3033 4628 τοῦ
3085 4576 3184 4647 μὲν
3228 4577 3317 4630 διὰ
3351 4575 3446 4630 τοῦ
3477 4577 3737 4648 λογισμοῦ

2169 4665 2266 4735 τὴν
2299 4665 2432 4718 ἰδίαν
2475 4665 2688 4726 ἐλόντος
2732 4665 2924 4736 ὀργὴν,
2962 4667 3057 4718 καὶ
3104 4668 3200 4738 τὴν
3246 4667 3544 4739 ἀμυντικὴν
3568 4667 3741 4739 ὀργὴν

2171 4754 2678 4818 κατασκευάσαντος
2699 4771 2712 4786 ·
2757 4754 2851 4808 τοῦ
2878 4755 2935 4806 δέ
2963 4756 3136 4810 Σαοὺλ
3179 4756 3268 4810 διά
3312 4758 3408 4828 τῆς
3441 4759 3741 4829 γενομένης

2171 4845 2318 4915 αύτῷ
2347 4845 2752 4917 φιλανθρωπίας
2777 4849 2877 4918 τὴν
2897 4848 3036 4902 κατὰ
3063 4847 3156 4901 τοῦ
3185 4849 3346 4902 Δαϐὶδ
3383 4851 3576 4904 κακίαν
3598 4853 3738 4905 ἀπο-

2171 4936 2558 5008 νεκρώσαντος.
2595 4933 2696 4991 Οἷα
2729 4939 2837 5010 γὰρ
2870 4940 3005 5009 μετά
3026 4940 3197 4994 ταῦτα
3225 4941 3361 5009 πρὸς
3398 4941 3486 4995 τὸν
3517 4943 3742 5014 νικητὴν

2172 5028 2598 5096 ἀποφθέγγεται,
2623 5030 2714 5082 ὑπ’
2734 5031 2994 5101 αἰσχύνης
3012 5031 3122 5084 τῶν
3144 5031 3562 5102 τετολμημένων
3582 5050 3744 5086 καταο

2171 5119 2443 5188 δυόμενος,
2495 5121 2590 5173 καὶ
2637 5120 2836 5192 θρήνῳ,
2889 5123 2982 5175 καὶ
3020 5123 3247 5193 δάκρυσι
3295 5123 3394 5193 τὴν
3443 5123 3744 5176 ἐνδιάθετον

2172 5210 2337 5264 αὐτοῦ
2359 5212 2455 5281 τῆς
2488 5212 2686 5273 κακίας
2703 5214 3053 5284 ἀποστροφὴν
3082 5213 3505 5284 ἐνδεικνύμενος,
3536 5214 3745 5280 ἔξεστιν

2173 5301 2231 5367 ἐξ
2261 5302 2428 5372 αὐτῆς
2472 5304 2712 5374 ἱστορίας
2758 5305 2964 5374 μαθεῖν.
3029 5305 3094 5358 Ἥ
3125 5305 3224 5373 μὲν
3252 5301 3344 5358 οὖν
3367 5306 3618 5368 ὑπόθεσις
3645 5307 3743 5375 τῆς

2173 5393 2337 5462 ἕκτης
2365 5394 2457 5446 καὶ
2492 5396 2862 5465 πεντηκοστῆς
2892 5395 3230 5467 ψαλμῳδίας,
3258 5397 3379 5450 ὅσον
3407 5398 3470 5448 ἐκ
3497 5395 3605 5448 τῶν
3639 5397 3744 5447 ὑπὸ

2173 5486 2273 5555 τῆς
2316 5485 2557 5556 ἱστορίας
2607 5484 2978 5556 δηλουμένων,
3020 5487 3245 5558 τοιαύτη
3289 5487 3455 5540 ἐστίν.
3507 5487 3653 5538 Αὑτά
3683 5485 3743 5538 δέ

2173 5577 2272 5645 τῆς
2300 5577 2609 5648 ἐπιγραφῆς
2633 5577 2700 5630 τά
2722 5580 2960 5650 ῥήματα,
2979 5578 3047 5632 δι’
3073 5572 3149 5634 ὧν
3177 5582 3210 5649 ἡ
3237 5579 3377 5633 κατὰ
3397 5578 3457 5631 τὸ
3481 5577 3744 5647 σπήλαιον

2177 5669 2433 5737 συντυχία
2461 5667 2732 5738 δηλοῦται,
2777 5669 2965 5722 τοῦτον
3009 5670 3120 5740 ἔχει
3149 5672 3240 5723 τὸν
3271 5671 3518 5742 τρόπονί
3559 5671 3650 5732 El;
3679 5669 3744 5723 τὸ

2174 5759 2324 5823 τέλος
2378 5759 2451 5831 μὴ
2497 5759 2831 5833 διαφθείρῃς,
2883 5760 2960 5831 τῷ
3003 5761 3166 5814 Δαϐὶδ
3197 5765 3275 5825 εἰς
3321 5761 3738 5832 στηλογραφίαν,
