4044 6452
233 337 334 393 585
1637 344 1704 399 ΙΝ
1736 342 2071 407 PSALMOS.
3360 345 3462 401 588

235 451 289 503 tv
315 450 394 519 τῷ
421 451 586 504 αὐτὸν
614 452 1029 527 ἀποδιδράσκειν
1065 459 1174 537 {me
1202 461 1489 531 προσώπου
1516 462 1685 517 Σαοὺλ
1718 466 1791 528 είς

1899 466 1983 520 nis
2012 474 2189 521 autem
2219 467 2413 530 verba,
2448 467 2645 537 quibus
2676 478 2975 522 concursus
3012 466 3098 521 ille
3126 466 3179 520 in
3204 465 3459 536 spelunca

231 542 291 594 τὸ
327 543 614 602 σπήλαιον.
649 563 669 597 ι
735 547 823 609 Ὦς
854 549 902 601 δ’
952 550 1017 603 ἂν
1058 552 1420 624 ὲφαρμοσθείη
1465 556 1573 617 τοῖς
1614 556 1791 625 irreve-

1904 556 2227 621 declaratur,
2271 558 2351 614 sic
2380 572 2441 614 se
2466 558 2668 613 habent
2696 577 2709 613 :
2742 577 2761 611 ι
2793 558 2849 613 In
2896 559 3056 614 ﬁnem
3080 603 3094 625 ,
3138 573 3209 613 ne
3252 557 3458 626 disper-

232 633 575 701 γραμμένοις
616 635 683 688 τὰ
718 637 819 707 τῆς
864 638 1181 710 ψαλμῳδίας
1224 644 1486 713 νοήματα,
1519 645 1706 715 καιρὸς
1738 645 1791 699 ἂι

1902 646 2033 712 das,
2064 647 2251 703 Davidi
2286 650 2341 704 in
2375 648 2517 703 tituli
2551 649 2961 720 inscriptionem
2985 691 3001 717 ,
3034 665 3157 705 cum
3191 650 3398 720 fugeret
3430 664 3461 703 a

234 720 318 791 εἴη
351 721 420 775 δι’
449 722 644 793 ὀλίγων
674 728 768 779 καὶ
806 728 905 797 τὴν
952 732 1009 783 ὲν
1051 730 1258 793 τούτοις
1287 732 1513 802 θεωρίαν
1545 736 1791 805 κατανοῆ

1903 738 2041 795 facie
2069 741 2195 795 Saul
2228 741 2281 794 in
2317 741 2651 810 speluncam.
2682 760 2701 793 ι
2727 740 2797 796 Ut
2839 758 2969 799 vero
3011 742 3297 812 inscriptio
3336 758 3459 797 cum

232 829 348 877 σαι,
367 816 845 885 προδιεξελθόντας
858 819 929 873 τὰ
955 820 1285 876 θεόπνευστα
1318 826 1553 894 ῥήματα.
1581 845 1599 876 ι
1623 827 1791 898 Ἐλέη‹

1903 832 2167 885 sententia
2218 830 2409 900 psalmi
2452 833 2721 889 cohaereat
2761 842 2816 888 et
2859 836 3195 899 consentiat,
3248 844 3461 903 tempus

231 907 320 959 σόν
355 922 449 975 με,
483 910 513 961 ὁ
558 906 711 974 Θεὸς,
739 906 957 982 ἐλέησόν
1000 929 1085 983 με,
1129 914 1211 967 δτι
1253 916 1344 968 ἐπὶ
1383 918 1463 969 σοὶ
1488 918 1791 988 πέποιθενῆ

1902 924 2177 994 postulare
2202 922 2436 990 videtur,
2483 931 2539 978 ut
2586 924 2776 995 paucis
2808 940 3054 994 quanam
3085 927 3266 981 verbis
3296 926 3459 995 hujus

226 1001 369 1069 ψυχή
410 1019 536 1071 μου,
572 1002 667 1056 καὶ
696 1004 756 1055 ἐν
777 1006 844 1074 τῇ
878 1007 1004 1075 σκιᾷ
1040 1006 1151 1059 τῶν
1174 1007 1461 1078 πτερύγων
1489 1027 1584 1062 σου
1611 1010 1791 1077 ἑλπιῶ,

1901 1016 2095 1085 psalmi
2132 1016 2399 1071 sententia
2433 1016 2780 1085 subjiciatur,
2811 1017 3215 1073 consideremus
3238 1058 3252 1079 ,
3283 1020 3459 1088 ipsas-

225 1093 328 1153 ἕως
349 1087 413 1146 οὖ
450 1088 698 1165 παρέλθῃ
723 1096 756 1164 ἡ
790 1096 1007 1167 ἀνομία.
1038 1116 1057 1150 ι
1097 1099 1208 1167 Τῆς
1240 1100 1319 1161 είς
1344 1098 1433 1151 τὸν
1459 1098 1593 1152 Θεὸν
1621 1119 1791 1155 πεποι·

1902 1120 2009 1177 que
2039 1104 2302 1161 divinitus
2334 1107 2630 1175 inspiratas
2671 1122 2836 1161 voces
2868 1107 3220 1178 explicemus.
3250 1128 3269 1160 ι
3300 1106 3462 1163 Mise-

223 1192 438 1262 θὴσεως
456 1190 485 1242 ὁ
500 1190 798 1260 Ψαλμῳὸὸς
818 1196 911 1245 καὶ
942 1190 1041 1260 τῆς
1073 1190 1291 1259 βεϐαίας
1312 1193 1391 1255 είς
1415 1193 1574 1244 αὑτὸν
1594 1194 1791 1258 ἐλπίδος

1901 1212 2021 1253 rere
2052 1198 2193 1263 mei,
2230 1194 2401 1262 Deus,
2443 1200 2702 1255 miserere
2733 1200 2869 1266 mei,
2903 1200 3029 1272 quia
3064 1199 3118 1253 in
3153 1208 3206 1255 te
3237 1200 3459 1254 conﬁdit

224 1274 313 1327 τὸν
334 1276 485 1328 θεῖον
514 1275 663 1329 ἔλεον
700 1276 1037 1347 ἅντιδοθῆναι
1071 1278 1408 1350 παρακαλεῖ,
1452 1300 1472 1331 ι
1494 1282 1636 1345 Ἕως
1664 1278 1744 1345 οὗ,
1776 1301 1791 1335 ι

1902 1288 2082 1345 anima
2113 1305 2233 1345 mea
2262 1308 2277 1357 ;
2309 1299 2362 1347 et
2392 1294 2447 1345 in
2478 1292 2670 1346 umbra
2705 1291 2911 1346 alarum
2945 1299 3161 1345 tuarum
3194 1292 3456 1361 sperabo,

223 1367 411 1436 φησιν,
450 1387 469 1418 ι
492 1369 527 1438 ἡ
559 1368 755 1439 ἀνομία
785 1364 1047 1442 παρέλθῃ.
1078 1389 1097 1422 ι
1142 1372 1230 1435 Ὠς
1254 1371 1301 1424 δ’
1335 1370 1401 1425 ἂν
1426 1371 1791 1444 φανερώτερον

1901 1379 2074 1435 donec
2094 1386 2337 1437 transeat
2352 1380 2631 1451 iniquitas.
2646 1382 2899 1453 iPropter
2912 1382 3161 1437 ﬁduciam
3180 1383 3233 1436 in
3260 1381 3455 1445 Deum,

220 1460 353 1527 ἡμῖν
386 1459 452 1511 τὸ
477 1459 656 1529 νόημα
694 1460 934 1529 γένοιτο,
983 1462 1180 1515 οὑτωσὶ
1212 1462 1303 1516 τὸν
1346 1463 1502 1531 λόγον
1538 1464 1791 1535 διαληψιὶν

1900 1478 1953 1525 et
1984 1470 2057 1525 ob
2090 1471 2296 1524 ﬁrmam
2327 1472 2381 1526 in
2411 1472 2587 1541 ipsum
2622 1487 2772 1542 spem
2794 1514 2809 1538 ,
2857 1473 3006 1541 cupit
3040 1472 3141 1527 sibi
3170 1466 3459 1525 Psalmista

222 1551 390 1621 μεθα·
436 1552 702 1617 Ἀστατός
741 1555 859 1607 ἔστι
900 1555 994 1607 καὶ
1028 1555 1293 1626 παροδικὴ
1333 1557 1431 1627 τῆς
1465 1557 1791 1629 ἁμαρτίαςὴ

1900 1560 2137 1615 divinam
2179 1561 2611 1617 misericordiam
2647 1562 2844 1630 tribui,
2874 1582 2894 1615 ι
2928 1563 3099 1617 donec
3124 1568 3366 1616 transeat
3390 1600 3404 1622 ,
3435 1580 3453 1611 ι

223 1642 388 1711 φύσις
413 1684 428 1706 ,
461 1642 585 1696 οὔτε
618 1644 756 1697 κατὰ
781 1645 845 1697 τὸ
875 1644 1089 1715 πρῶτον
1122 1649 1500 1702 συνυποπᾶσα
1522 1651 1589 1719 τῇ
1628 1647 1791 1700 κτίσει

1898 1652 2077 1723 inquit
2096 1694 2110 1717 ,
2132 1671 2151 1703 ι
2173 1654 2457 1722 iniquitas.
2484 1673 2505 1706 ι
2526 1652 2595 1709 Ut
2625 1665 2801 1710 autem
2832 1655 3040 1723 planior
3069 1654 3229 1709 nobis
3262 1668 3457 1709 sensus

220 1736 373 1805 παρὰ
414 1735 511 1789 τοῦ
564 1736 626 1789 τὸ
658 1738 767 1789 πᾶν
809 1738 1255 1809 ὑποστησαμένου
1292 1740 1387 1793 καὶ
1420 1738 1791 1803 οὐσιῶσαντος,

1902 1742 2028 1806 ﬁat,
2070 1742 2196 1798 inde
2228 1744 2495 1801 orationis
2535 1744 2817 1799 exordium
2847 1759 3146 1800 sumemus:
3183 1742 3456 1799 Instabilis

218 1801 344 1879 θοαὲε
380 1827 523 1895 πρὸς
552 1827 614 1879 «ce
644 1828 886 1894 διήνεκὲς
921 1801 1033 1893 τοτὲ
1068 1801 1186 1883 ούσι
1222 1830 1665 1900 συνδιαμένουσα.
1717 1801 1791 1885 ra

1898 1837 1983 1886 est
2010 1839 2063 1885 et
2097 1833 2407 1888 transitoria
2441 1835 2649 1903 peccati
2689 1842 2917 1897 natura,
2952 1849 3127 1904 neque
3159 1834 3214 1887 in
3248 1832 3457 1903 princi-

222 1918 325 1987 μὸν
351 1919 463 1988 γὰρ
502 1920 565 1971 ὲκ
587 1918 680 1971 τοῦ
710 1920 859 1982 δντος
876 1919 1024 1985 ὄντα,
1056 1922 1149 1975 καὶ
1178 1923 1236 1975 ὲν
1265 1922 1341 1993 τῷ
1374 1910 1512 1976 εῖναι
1533 1923 1620 1977 διὰ
1658 1942 1791 1977 παν-

1898 1922 1987 1991 pio
2034 1937 2159 1976 cum
2189 1930 2437 1978 creatura
2470 1934 2653 1980 creata
2691 1933 2745 1979 et
2785 1924 3004 1979 fundata
3041 1925 3109 1978 ab
3141 1938 3206 1978 eo
3235 1924 3327 1993 qui
3366 1939 3456 1977 res

219 2010 313 2073 τὸς
339 2011 619 2081 διαμένει·
654 2013 704 2065 εί
744 2010 801 2064 δέ
833 2022 888 2064 τι
920 2011 1024 2077 ἔξω
1051 2013 1146 2067 τοῦ
1174 2014 1323 2077 ὖντος
1348 2016 1516 2077 ἐστὶν,
1538 2008 1615 2068 ὀὗ
1640 2016 1791 2068 οὐσία

1898 2026 2087 2069 omnes
2113 2015 2451 2083 procreavit,
2474 2021 2530 2071 et
2550 2016 2803 2071 essentiis
2827 2016 2942 2071 suis
2964 2016 3249 2080 inszruxit;
3283 2029 3457 2084 neque

218 2100 321 2153 οὐκ
344 2102 403 2153 ἐν
430 2100 512 2170 τῷ
539 2097 695 2164 εἶναι,
718 2101 831 2155 ἀλλ’
862 2103 919 2156 ἑν
949 2102 1028 2173 τῷ
1053 2103 1254 2171 ἀγαθὸν
1291 2102 1364 2174 μὴ
1391 2100 1527 2156 εἶναι
1554 2103 1652 2175 τὴν
1672 2106 1791 2158 ὑπό-

1898 2104 1954 2159 in
1983 2106 2337 2175 longinquum
2372 2113 2585 2175 tempus
2617 2122 2743 2161 eum
2775 2107 2938 2162 rebus
2970 2112 3270 2177 permanet.
3318 2104 3454 2160 Nam

220 2206 415 2245 στασιν
446 2192 583 2262 ἔχει,
608 2191 766 2246 τοῦτο
785 2194 931 2247 ἐστιν
953 2194 982 2246 ὁ
1006 2194 1368 2263 ὲπιδωμάτιος
1393 2194 1607 2264 χόρτος,
1642 2195 1791 2265 app:-

1895 2202 2015 2260 quat
2061 2199 2188 2246 sunt
2231 2193 2288 2248 in
2323 2208 2388 2247 eo
2434 2194 2576 2263 quod
2621 2203 2742 2261 est,
2786 2210 3001 2265 semper
3041 2197 3203 2251 etiam
3251 2196 3306 2250 in
3353 2211 3457 2249 suo

216 2284 314 2349 ζός
336 2298 446 2351 τις,
466 2285 564 2338 καὶ
593 2287 870 2357 ἄσπαρτος
897 2286 995 2340 καὶ
1016 2286 1295 2358 ἀνήροτος,
1327 2285 1428 2339 κᾶν
1450 2286 1590 2357 πρὸς
1608 2286 1670 2339 τὸ
1689 2302 1791 2339 πα-

1892 2296 2015 2338 esse
2044 2292 2409 2352 perseverant.
2459 2283 2612 2351 Quod
2657 2287 2702 2339 si
2740 2287 2869 2356 quid
2912 2297 2996 2341 est
3041 2294 3197 2342 extra
3227 2286 3282 2342 id
3310 2289 3454 2358 quod

219 2378 318 2449 ρὸν
351 2374 613 2451 διοχλήσῃ
660 2382 727 2450 τῇ
764 2379 1119 2450 ἅνυκοστάτῳ
1174 2380 1408 2453 βλάστῃ,
1458 2381 1570 2442 τοῖς
1616 2379 1791 2449 μέντοι

1894 2380 2008 2435 est,
2040 2368 2201 2442 cujus
2230 2374 2372 2428 ratio
2399 2388 2505 2428 non
2558 2375 2611 2429 in
2654 2391 2806 2441 esse,
2857 2377 2951 2432 sed
2995 2377 3048 2430 in
3098 2393 3205 2431 non
3254 2377 3453 2432 bonum

217 2472 523 2540 καθήκουσι
552 2471 783 2542 χρόνοις,
820 2473 880 2525 ἐν
906 2474 973 2543 τῇ
1004 2471 1098 2525 τοῦ
1130 2472 1328 2534 παντὸς
1356 2471 1490 2540 πρὸς
1514 2471 1574 2524 τὸ
1598 2471 1791 2539 ἀγαθὸν

1894 2468 2017 2522 esse
2044 2465 2339 2522 consistit:
2373 2467 2476 2521 hoc
2513 2482 2572 2522 se
2602 2467 2764 2523 habet
2832 2476 2892 2523 ut
2935 2483 3155 2539 gramen
3204 2470 3259 2523 in
3295 2470 3456 2524 tectis

214 2562 692 2629 ἀποκαταστάσει,
748 2563 1079 2634 παρέρχεταί
1105 2576 1166 2617 τε
1210 2563 1303 2616 καὶ
1328 2556 1679 2631 ἀφανίζεται,
1724 2562 1791 2626 ὡς

1895 2557 2181 2613 domorum
2207 2558 2357 2614 nasci
2380 2568 2698 2614 consuetum
2716 2601 2730 2624 ,
2756 2560 2875 2616 sine
2899 2561 3079 2616 radice
3098 2602 3114 2626 ,
3143 2577 3252 2615 non
3279 2570 3453 2617 satum

220 2653 393 2723 μηδὲν
419 2655 565 2723 ίχνος
590 2654 683 2708 τοῦ
703 2654 798 2708 νῦν
837 2654 1253 2718 ἐπιπολάζοντος
1279 2650 1411 2724 ἡμῖν
1436 2652 1607 2707 κακοῦ
1651 2655 1709 2706 ὲν
1731 2656 1791 2725 τῇ

1894 2660 1947 2707 et
1977 2652 2243 2706 inaratum
2262 2690 2277 2716 ,
2308 2652 2521 2709 etiamsi
2557 2652 2625 2705 ad
2658 2653 2819 2708 breve
2849 2661 3060 2724 tempus
3092 2655 3334 2724 germine
3363 2654 3456 2710 illo

219 2743 341 2795 καῖ
372 2742 565 2797 ἐλπίδα
593 2744 925 2815 προκειμένῃ
964 2742 1075 2814 ζωῇ
1126 2738 1534 2797 ἀπολείπεσθαι.
1578 2758 1601 2790 ι
1629 2743 1747 2795 Ἔτι
1773 2762 1791 2795 ι

1895 2742 2062 2797 nuliis
2093 2741 2460 2799 fundamentis
2503 2743 2738 2799 subnixo
2778 2744 3053 2811 exsultet;
3097 2753 3334 2800 attamen
3372 2745 3455 2798 fu-

216 2834 327 2904 γὰρ
363 2852 381 2883 ι
424 2832 633 2901 ὀλίγον,
663 2853 680 2884 ι
720 2834 884 2906 φησὶν
904 2874 917 2897 ,
968 2854 986 2885 ι
1010 2834 1104 2887 καὶ
1128 2836 1188 2888 οὐ
1221 2834 1294 2905 μὴ
1322 2832 1538 2907 ὑπάρξῃ
1569 2835 1597 2887 ὁ
1618 2835 1791 2907 ἁμαρ-

1895 2835 2036 2891 turis
2067 2833 2436 2904 temporibus,
2490 2833 2545 2887 ia
2592 2834 2937 2890 restitutione
2985 2850 3167 2890 rerum
3212 2834 3452 2889 omnium

217 2926 389 2989 τωλὸς
408 2963 422 2988 ,
465 2928 561 2979 καὶ
608 2926 865 2997 ζητήσεις
914 2926 1005 2980 τὸν
1033 2926 1195 2981 τόπον
1234 2925 1420 2989 αὑτοῦ,
1469 2925 1565 2979 καὶ
1611 2927 1671 2979 οὐ
1720 2926 1791 2996 μὴ

1896 2928 1951 2983 in
1986 2928 2255 2998 integrum
2279 2966 2294 2990 ,
2330 2927 2524 2981 transit
2548 2934 2602 2982 et
2630 2928 2905 2983 evanescit
2930 2946 2944 2995 ;
2974 2935 3034 2982 ut
3065 2942 3134 2982 ne
3165 2927 3451 2997 vestigium

218 3018 438 3089 εὑρεθῇ.
474 3037 495 3071 ι
1678 3058 1683 3065 .
1817 2999 1863 3060 C
1892 3019 2112 3089 quidem
2162 3019 2327 3083 mali,
2368 3016 2514 3088 quod
2562 3034 2708 3074 nunc
2741 3020 2797 3073 in
2841 3020 3003 3074 nobis
3054 3018 3349 3084 redundat,
3400 3021 3451 3071 in

216 3114 329 3166 vita
382 3112 478 3166 illa
530 3112 651 3181 spei
703 3118 905 3168 nostra:
954 3110 1230 3181 proposita
1279 3120 1660 3164 remansurum
1709 3110 1800 3164 sit.
1848 3128 1867 3162 ι
1896 3109 2087 3164 Adhuc
2113 3111 2701 3183 pusillum,sinquit,r
2735 3121 2787 3167 et
2820 3126 2927 3166 non
2962 3112 3063 3166 erit
3101 3118 3370 3174 neccator,
3399 3122 3451 3162 et

216 3216 433 3274 quaeres
467 3203 649 3258 locum
689 3204 836 3273 ejus.
872 3210 927 3259 et
958 3214 1069 3257 non
1097 3202 1343 3258 invenies
1376 3202 1418 3256 ⁸.
1452 3222 1473 3254 ι

284 3294 575 3369 Φιλοσοφεῑ
618 3296 801 3350 τοίνυν
840 3296 898 3348 ὲν
936 3294 1238 3365 προοιμίοις
1284 3294 1385 3363 τῆς
1419 3292 1735 3364 ψαλμῳδίας
1763 3296 1792 3348 ὁ

213 3366 736 3457 λόγοξμύψηλοῖς
769 3386 999 3457 δόγμασι
1044 3374 1375 3455 φυσιολογῶν
1422 3386 1521 3454 τὴν
1572 3386 1787 3439 κακίαν.

217 3480 472 3535 Διδάσκει
492 3479 621 3550 γὰρ,
649 3479 733 3531 ὅτι
764 3478 952 3549 μέχρις
979 3478 1184 3531 ἐκείνου
1210 3478 1308 3551 τῆς
1330 3478 1423 3530 τοῦ
1451 3477 1633 3540 ἐλέους
1663 3496 1793 3548 συμ-

220 3572 423 3643 μαχίας
462 3560 875 3641 assuetae»;
898 3561 977 3623 ’ἂν
1018 3569 1261 3641 παρέλθῃ
1294 3570 1384 3622 τὸν
1432 3569 1541 3639 βίον
1569 3569 1725 3639 ἡμῶν
1755 3572 1788 3640 ἡ

216 3650 402 3728 Ξῖιῖς
435 3656 514 3733 τῷ
540 3661 639 3731 βίῳ
669 3661 1049 3731 ὲπιδημήσασα
1073 3661 1288 3728 ἀνομία.
1317 3650 1504 3739 Τὴνδᾷὲ
1526 3660 1789 3733 τοιαύτην

212 3759 349 3827 ἡμῖν
380 3753 697 3835 (ξυμμαχίαν
731 3752 1012 3824 χαρίζεται
1038 3753 1100 3806 τὸ
1133 3753 1445 3806 πεποιθέναι
1473 3755 1538 3824 τῇ
1566 3753 1789 3822 δυνάμει

213 3847 311 3901 τοῦ
347 3846 783 3917 συμμαχοῦντος,
825 3844 919 3897 καὶ
959 3846 1025 3914 τῇ
1071 3846 1197 3914 σκιᾷ
1240 3840 1349 3897 τῶν
1384 3843 1664 3913 πτερύγων
1695 3843 1788 3896 τοῦ

210 3938 353 3991 Θεοῦ
381 3939 818 4003 καθοπλίζεσθαι.
865 3939 1031 3993 Σκιὰν
1064 3938 1121 3993 δὲ
1161 3938 1317 3992 θείων
1357 3938 1641 4009 πτερύγων
1672 3939 1791 3992 ἀντὶ

216 4029 515 4101 περιδολῆς
539 4033 675 4102 ἡμῖν
699 4032 1009 4101 γινομένην,
1043 4030 1143 4094 τὰς
1171 4030 1369 4101 ἀρετάς
1393 4048 1476 4094 τις
1502 4030 1657 4095 νοῶν,
1690 4029 1787 4099 οὐχ

216 4122 618 4191 ἁμαρτήσεται.
652 4122 791 4174 Δύτὸ
845 4123 943 4192 μὲν
993 4120 1100 4192 γὰρ
1129 4121 1189 4175 τὸ
1215 4121 1369 4174 Θεῐον
1403 4122 1432 4174 ὃ
1474 4120 1527 4174 τί
1561 4138 1686 4173 ποτε
1718 4122 1784 4192 τῇ

215 4210 375 4278 φύσει
424 4212 602 4275 ἐστὶν,
654 4211 942 4280 ἀνέφικτον
993 4211 1141 4282 μένει
1174 4213 1238 4283 τῇ
1285 4211 1597 4284 ἀνθρωπίνῃ
1628 4211 1786 4277 φύσει

215 4305 312 4358 καὶ
342 4288 603 4374 ἄληπτον,
653 4304 764 4358 ἄνω
815 4321 915 4356 που
948 4304 1087 4357 κατὰ
1110 4304 1169 4357 τὸ
1212 4305 1486 4374 ἄφραστον
1522 4302 1612 4356 τοῦ
1642 4302 1788 4371 λογι-

218 4394 355 4465 σμοῦ
400 4394 509 4448 τῶν
552 4393 853 4465 ἀνθρώπων
894 4395 1347 4466 ὑπερπετόμενον,
1389 4393 1682 4469 Χαρακτὴρ
1731 4393 1787 4469 δέ

214 4504 299 4549 τις
300 4486 737 4569 Ξῇῆςῄά-φρᾴστου
766 4485 978 4565 φύσεως
1010 4486 1099 4539 διὰ
1126 4486 1226 4561 τῆς
1256 4487 1360 4539 τῶν
1392 4485 1600 4557 ἀρετῶν
1636 4503 1786 4538 σκια-
1820 4523 1864 4578 D

214 4564 458 4657 γραῖρζαξ
487 4564 599 4640 τοῖς
631 4576 766 4649 πρὸς
784 4564 962 4649 αὐτὴν
983 4577 1180 4649 ὁρῶσιν
1201 4577 1492 4651 ἐγγίνεται,
1514 4577 1590 4641 ὡς
1612 4578 1787 4630 πᾶσαν

220 4656 447 4741 «Em;
490 4674 586 4726 καὶ
636 4673 919 4743 φρόνησιν,
980 4671 1073 4724 καὶ
1121 4671 1450 4740 ἐπιστήμην,
1485 4670 1579 4721 καὶ
1611 4670 1789 4721 πᾶσαν

216 4763 404 4833 ἔφοδον
433 4762 533 4833 τῆς
578 4761 991 4832 καταληπικῆς
1030 4760 1290 4823 ἐπινοίας,
1321 4759 1419 4811 οὐκ
1453 4758 1621 4821 αὐτὰς
1651 4753 1787 4810 εἶναι

216 4854 313 4917 τὰς
339 4852 493 4915 θείας
520 4853 826 4924 πτέρυγας,
863 4852 999 4905 ἀλλὰ
1042 4850 1142 4921 τὴν
1168 4850 1277 4903 τῶν
1321 4849 1479 4902 θείων
1505 4848 1787 4919 πτερύγων

216 4946 395 5000 σκιάν.
424 4941 653 5013 Μεγάλη
682 4944 737 4998 δὲ
787 4944 918 5015 ἡμῖν
964 4942 1101 5012 αὕτη
1131 4942 1276 4995 ἐστὶν
1319 4943 1353 5012 ἠ
1384 4939 1666 5011 εὐεργεσία
1696 4939 1790 4993 καὶ

218 5037 367 5090 σκιὰ.
420 5054 441 5087 ι
468 5032 824 5107 Κεκράξομαι
845 5054 863 5085 ι
908 5033 1038 5106 γὰρ,
1078 5034 1261 5103 φησὶν,
1314 5052 1332 5083 ι
1358 5032 1494 5103 πρὸς
1518 5031 1609 5083 τὸν
1632 5030 1785 5093 Θεὸν,

213 5129 307 5180 τὸν
337 5124 585 5197 ὖψιστον.
625 5127 716 5180 τὸν
741 5126 873 5180 Θεὸν
917 5124 1350 5197 εὐεργετήσαντα
1386 5141 1472 5194 με,
1506 5141 1524 5175 ι
1567 5121 1654 5175 διὰ
1688 5121 1788 5189 τῆς

217 5220 377 5283 σκιᾶς
408 5218 633 5287 ταύτης,
663 5217 729 5289 ἢν
760 5216 819 5282 ἐξ
849 5216 1015 5287 ὕψους
1047 5216 1358 5269 ἀπέστειλεν
1378 5214 1456 5285 τῷ
1484 5214 1633 5267 κάτω
1668 5211 1784 5282 βίῳ.

216 5312 465 5365 Ἐσωσέν
498 5328 565 5380 με
591 5311 677 5364 διὰ
706 5310 800 5363 τοῦ
820 5309 1233 5371 ὲπισκιάσαντος
1255 5309 1313 5361 ἐν
1337 5311 1403 5379 τῇ
1419 5306 1615 5377 νεφέλῃ
1637 5304 1791 5357 πνεύ-

218 5419 407 5471 ματος,
437 5403 678 5466 καὶτοὺς
711 5404 770 5455 ὲν
794 5402 913 5464 ταῖς
946 5400 1240 5471 προτέραις
1261 5399 1595 5469 ψαλμῳδίαις
1621 5412 1789 5451 κατα-

214 5492 587 5562 πατήσαντας,
605 5492 700 5546 νῦν
721 5495 801 5555 είς
825 5492 923 5563 τὴν
952 5492 1061 5545 τῶν
1082 5490 1486 5559 ὀνειδιζομένων
1514 5490 1789 5558 ἀντιπερι-

210 5584 421 5655 ήγαγεν
461 5584 633 5651 τάξιν.
677 5584 1120 5649 «Ἔξαπέστειλεν
1163 5583 1269 5654 γὰρ
1309 5584 1337 5636 ὁ
1369 5582 1499 5646 Θεὸς
1533 5581 1595 5635 τὸ
1642 5580 1788 5643 ἕλεος

292 5766 320 5794 ⁵
352 5762 500 5819 Psal.
532 5779 719 5825 xxxvr,
759 5764 845 5817 i0.

533 5857 800 5917 Panos.
841 5855 955 5913 (in.
1005 5850 1221 5912 XLIV.

1966 3294 2024 3349 in
2059 3294 2246 3349 arduis
2276 3295 2443 3366 igitur
2470 3294 2846 3365 dogmatibus,
2882 3296 3039 3365 quasi
3063 3294 3450 3366 philosOphan-

1892 3387 1993 3451 do,
2037 3387 2193 3441 initio
2224 3385 2419 3456 psalmi
2450 3393 2698 3442 versatur
2733 3387 2943 3451 oratio,
2989 3387 3313 3458 malitiaeque
3359 3403 3452 3440 na-

1890 3485 2069 3532 turam
2117 3478 2397 3533 describit.
2449 3475 2614 3533 Docet
2650 3478 2794 3533 enim
2841 3492 2941 3533 nos
2977 3491 3217 3547 eousque
3257 3477 3453 3532 divina:

1893 3570 2283 3626 misericordiae.
2337 3570 2542 3625 auxilio
2590 3570 2871 3640 indigere,
2914 3570 3095 3640 quoad
3135 3570 3301 3624 vitam
3348 3586 3450 3624 no-

1894 3664 2062 3715 stram
2102 3670 2440 3730 pertranseat
2470 3660 2769 3730 iniquitas,
2798 3674 2919 3730 qua
2957 3675 3053 3730 per
3096 3660 3237 3715 hanc
3282 3661 3449 3715 vitam

1889 3760 2118 3822 vagatur
2168 3760 2221 3808 et
2267 3754 2503 3809 oberrat.
2556 3752 2669 3807 Hoc
2713 3769 2841 3807 vero
2888 3753 3150 3807 auxilium
3195 3754 3446 3807 conciliat

1891 3846 2047 3900 nobis
2083 3844 2278 3899 ﬁducia
2304 3860 2432 3917 erga
2461 3846 2569 3900 vim
2598 3853 2652 3900 et
2675 3846 2972 3916 potentiam
2998 3845 3138 3915 ejus,
3167 3845 3256 3914 qui
3287 3846 3445 3900 nobis

1890 3949 2047 4004 opem
2094 3934 2235 3989 ferre
2275 3935 2452 4003 solet;
2491 3942 2547 3990 et
2592 3934 2638 3989 si
2668 3934 2861 3988 umbra
2905 3935 3113 3988 alarum
3146 3933 3244 3989 Dei
3274 3948 3449 3988 arme-

1890 4040 2034 4080 mur.
2061 4023 2166 4079 Per
2194 4026 2442 4079 umbram
2475 4024 2682 4078 alarum
2709 4022 2801 4079 Dei
2824 4065 2837 4086 ,
2865 4041 2985 4094 qua!
3011 4026 3296 4081 velamenti
3329 4025 3448 4079 loco

1892 4115 2051 4170 nobis
2082 4123 2165 4170 est
2185 4156 2199 4179 ,
2231 4116 2277 4171 si
2306 4116 2431 4185 quis
2456 4115 2683 4171 virtutes
2711 4115 3008 4185 intelligat;
3041 4117 3263 4172 minime
3289 4116 3447 4170 aber-

1892 4207 2115 4262 raverit.
2152 4206 2323 4273 Quale
2352 4208 2495 4261 enim
2527 4206 2826 4262 secundum
2869 4223 3023 4263 suam
3078 4221 3325 4261 naturam
3377 4208 3449 4259 sit

1893 4300 2069 4369 ipsum
2122 4296 2363 4352 divinum
2415 4312 2647 4361 numen,
2701 4297 2934 4351 humana
2983 4306 3176 4351 natura
3229 4296 3447 4367 assequi

1892 4399 1946 4446 et
1994 4388 2447 4459 comprehendere
2486 4390 2706 4458 nequit,
2751 4404 2872 4443 cum
2920 4389 3175 4444 ineﬁ'abili
3213 4389 3446 4458 quodam

1893 4480 2055 4535 modo
2083 4494 2297 4536 omnem
2326 4481 2616 4534 humanam
2651 4481 3030 4552 cogitationem
3063 4481 3407 4540 transcendat
3430 4520 3444 4543 ,

1891 4580 1945 4628 et
1975 4573 2130 4643 quasi
2160 4573 2492 4642 supervolet.
2546 4574 2615 4626 At
2655 4573 2824 4642 ﬁgura
2869 4574 3115 4642 quaedam
3167 4576 3448 4633 inenarra-

1890 4667 2016 4722 bilis
2057 4667 2204 4720 illius
2249 4672 2488 4728 natum,
2539 4679 2635 4733 per
2676 4665 3017 4719 umbratilem
3062 4665 3322 4721 virtutum
3354 4668 3449 4724 de-

1890 4760 2241 4829 scriptionem
2300 4757 2514 4812 exsistit
2580 4758 2635 4810 in
2680 4756 2750 4811 iis
2797 4757 2890 4825 qui
2943 4758 3131 4814 oculos
3182 4760 3247 4814 ad
3300 4761 3444 4817 illam

1891 4859 2251 4913 convertunt,
2284 4857 2343 4903 ut
2395 4848 2620 4918 proinde
2666 4850 2846 4903 omnis
2900 4850 2991 4902 illa
3042 4851 3344 4921 sapientia,
3396 4865 3448 4908 et

1891 4945 2154 5003 scientia.
2202 4950 2256 4997 et
2293 4942 2471 4996 omnis
2511 4953 2801 5011 apparatus
2846 4945 3016 5014 partis
3056 4945 3207 5013 ejus,
3245 4963 3364 5017 qua:
3394 4950 3445 5002 in

1889 5034 2322 5105 apprehensione
2355 5033 2636 5099 consistit,
2683 5034 2908 5088 minime
2950 5036 3060 5090 sint
3092 5037 3220 5107 ipsae
3254 5039 3448 5093 divinae

1888 5124 2022 5188 alae,
2053 5122 2146 5177 sed
2184 5121 2489 5177 divinarum
2523 5122 2731 5177 alarum
2779 5124 3024 5193 quzedam
3074 5127 3284 5183 umbra.
3336 5128 3450 5182 Ma-

1887 5230 2051 5286 gnum
2081 5228 2212 5269 vero
2237 5214 2351 5268 haec
2380 5214 2496 5283 ipsa
2528 5215 2720 5269 umbra
2751 5215 3072 5270 beneﬁcium
3103 5227 3224 5282 est,
3259 5218 3445 5273 nobis-

1886 5319 1992 5374 que
2022 5318 2049 5355 a
2085 5303 2194 5358 Deo
2218 5303 2475 5358 collatum
2504 5323 2517 5357 :
2542 5303 2857 5371 «Clamabo,
2889 5324 2907 5358 ι
2934 5306 3125 5374 inquit,
3152 5307 3248 5360 «ad
3277 5305 3442 5361 Deum

1888 5394 2245 5461 altissimum,
2295 5394 2461 5449 Deum
2507 5396 2599 5466 qui
2641 5395 2905 5451 benefecit
2934 5398 3107 5459 mihi;
3140 5415 3159 5448 ι
3193 5412 3289 5465 per
3326 5414 3447 5451 um-

1886 5487 2035 5541 bram
2070 5487 2242 5552 hanc,
2273 5502 2434 5557 quam
2470 5504 2533 5541 ex
2571 5488 2681 5542 alto
2710 5488 2836 5543 huic
2868 5489 2989 5543 vitae
3019 5487 3240 5543 caducae
3272 5488 3445 5543 demi—

1888 5575 1979 5639 sit,
2024 5576 2257 5633 servavit
2289 5583 2342 5630 et
2376 5576 2626 5633 liberavit
2660 5591 2748 5632 me
2775 5591 2939 5646 opera
2972 5577 3230 5646 spiritus,
3265 5577 3358 5645 qui
3391 5575 3441 5631 in

3138 5846 3209 5906 19
