4044 6486
610 354 711 412 587
1865 341 1922 398 S.
1963 340 2291 400 GREGORII
2323 341 2611 398 NYSSENI

3735 331 3841 386 583

614 471 757 527 nullt'
785 461 1162 518 umbraculum
1190 456 1455 528 praebuit,
1480 461 1535 510 et
1565 469 1661 510 eos
1689 451 1784 524 qui
1813 468 1900 508 me
1927 453 2174 522 superio-

2288 455 2438 510 ιύτοῦ
2487 455 2582 510 καὶ
2627 452 2722 522 τὴν
2769 450 3026 520 ἀλήθειαν
3059 449 3258 516 αὐτοῦ,
3304 451 3398 504 καὶ
3443 451 3712 522 ἐρρύσατο
3744 453 3842 522 τὴν

612 573 636 610 ι·
660 559 763 614 bus
804 552 1031 623 psalmis
1069 549 1454 604 conculcarant
1475 587 1491 612 ,
1522 546 1670 602 dedit
1705 546 1760 600 in
1788 544 2140 616 opprobrium
2160 583 2176 609 ,

610 655 664 700 ct
697 644 904 714 pudore
932 639 1130 695 affecit.
1160 657 1178 690 ι
1208 637 1355 694 Misit
1389 638 1533 694 enim
1578 635 1720 692 Deus
1750 634 2178 692 misericordiam

611 750 799 799 suam,
849 740 904 788 et
955 731 1239 787 veritatem
1295 744 1482 792 suam,
1530 734 1584 783 et
1642 725 1896 782 liberavit
1945 726 2182 780 animam

609 839 787 880 meam
837 823 904 877 de
952 821 1133 876 medio
1187 821 1510 873 catulorum.
1541 837 1561 870 ι
1591 815 1732 872 Vere
1761 817 1924 871 catuli
1961 815 2183 870 fuerunt

616 915 751 968 mihi
810 915 961 982 prius
1012 917 1264 980 peccata,
1315 909 1400 962 vel
1447 907 1612 961 catuli
1663 907 1916 973 leonum,
1949 907 2045 977 qui
2094 920 2184 960 me

613 1001 850 1057 terriﬁco
885 1001 979 1055 illo
1016 999 1167 1053 hiatu
1201 1005 1256 1052 et
1284 996 1546 1068 unguium
1591 996 1937 1050 acuminibus
1978 994 2182 1050 dilace-

612 1097 808 1151 rabant
831 1135 846 1149 .
875 1092 969 1148 sed
1016 1098 1286 1146 venerunt
1328 1087 1684 1143 auxiliatores
1729 1086 2100 1146 misericordia
2128 1094 2183 1141 et

610 1187 838 1242 veritas.
880 1183 1118 1238 Pulchra
1163 1181 1519 1252 conjunctio;
1555 1195 1730 1256 neque
1759 1179 1905 1235 enim
1947 1180 2065 1236 sine
2098 1179 2185 1249 ju-

612 1279 756 1334 dicio
781 1275 1160 1332 misericordia
1189 1281 1307 1338 est,
1352 1287 1530 1342 neque
1569 1272 1772 1326 veritas
1817 1271 1937 1328 sine
1971 1272 2185 1326 miseri-

615 1370 800 1425 cordia
826 1386 839 1422 :
877 1369 1181 1436 harumque
1210 1364 1453 1420 subsidio
1483 1362 1758 1418 liberabor
1787 1377 1819 1417 a
1851 1362 2103 1418 convictu
2130 1370 2183 1417 et

588 1462 1016 1520 consuetudine
1045 1459 1375 1514 catulorum.
1409 1456 1530 1511 Istae
1562 1455 1749 1510 bestiae
1778 1462 1938 1520 sunt,
1970 1454 2180 1524 inquit,

618 1574 637 1607 ‹
663 1554 759 1608 lilii
788 1553 1066 1608 hominum
1091 1590 1106 1616 ,
1135 1569 1152 1602 ι
1179 1563 1412 1620 quorum
1433 1568 1451 1600 ι
1475 1547 1666 1602 dentes
1693 1560 1843 1602 arma
1870 1553 1924 1600 et
1951 1545 2180 1617 sagittae,

612 1655 667 1701 et
697 1647 877 1716 lingua
905 1660 1090 1700 eorum
1116 1643 1330 1712 gladius
1353 1648 1566 1697 acutus.
1595 1660 1613 1692 ι
1633 1639 1752 1695 Non
1782 1639 1949 1695 habet
1976 1627 2185 1694 naturae

609 1742 816 1793 nostra:
859 1737 1064 1792 fabrica
1110 1735 1235 1788 talia
1280 1734 1556 1796 membra,
1610 1731 1892 1786 hominum
1935 1731 2017 1784 ori
2065 1730 2184 1784 loco

2277 547 2454 617 ψυχήν
2485 562 2584 616 μου
2627 545 2690 598 ὲκ
2741 545 2906 614 μέσου
2951 542 3224 612 σκύμνων.
3257 561 3276 594 ι
3325 541 3559 612 Σκύμνοι
3589 541 3644 595 δὲ
3677 542 3843 605 ὅντως

2281 655 2369 708 μοι
2401 633 2538 708 ἦσαν
2565 636 2622 689 αἱ
2678 633 2942 704 ἁμαρτίαι
2987 633 3048 686 τὸ
3099 633 3394 706 πρότερον,
3452 633 3570 704 ἦτοι
3616 633 3844 704 σκύμνοι

2279 729 2525 792 λεόντων,
2570 725 2620 779 οἳ
2669 725 2745 796 τῷ
2776 725 2992 796 φοϐερῷ
3023 726 3283 795 χάσματι,
3325 725 3422 778 καὶ
3448 727 3568 788 ταῖς
3599 727 3708 779 τῶν
3731 725 3846 779 ὸνύ·

2277 838 2388 892 χων
2409 820 2612 890 ἀκμαῖς
2636 819 3102 887 κατεσπάρασσον.
3135 818 3271 890 ’Δλλέ
3293 813 3454 890 ἦλθον
3473 819 3522 872 οί
3547 817 3843 888 σύμμαχοι,

2278 912 2307 986 ό
2333 910 2478 984 ἔλεός
2503 910 2682 982 τεκαὶ
2703 912 2737 982 ὴ
2763 909 3008 986 ἀλήθεια,
3042 910 3076 979 ἡ
3108 908 3246 979 καλὴ
3276 897 3534 977 συζυγία(
3565 897 3716 962 Οῦτε
3739 907 3848 980 γάρ

2279 983 2499 1073 ἆῖρῖτος
2542 1004 2570 1054 ὁ
2602 1001 2785 1066 έλεος,
2836 983 3216 1069 οὐτε-ἀνελεὴς
3253 1001 3287 1070 ἡ
3327 999 3572 1070 ἀλήθεια.
3624 1001 3736 1055 Kal
3759 1000 3850 1054 διὰ

2279 1092 2480 1147 τούτων
2515 1090 2902 1163 ὲλευθεροῦμαι
2930 1091 3033 1161 τῆς
3061 1091 3198 1161 μετά
3227 1089 3333 1144 τῶν
3365 1091 3616 1161 σκύμνων
3644 1091 3851 1146 τούτων

2279 1184 2572 1254 διαγωγῆς.
2610 1182 2689 1236 Τὰ
2712 1182 2768 1236 δὲ
2802 1181 2965 1252 θηρία
2989 1180 3180 1244 ταῦτα,
3207 1180 3391 1252 φησὶν,
3433 1201 3450 1233 ι
3499 1183 3605 1236 υίοὶ
3634 1182 3851 1254 ἀνθρώ-

2280 1293 2397 1330 πων
2424 1295 2442 1327 ι
2474 1275 2630 1338 εἰσὶν,
2683 1261 2804 1332 ὧνρσ
2837 1274 2888 1326 οἱ
2929 1273 3135 1335 ὀδόντες
3183 1271 3321 1326 ὅπλα
3357 1273 3449 1327 καὶ
3481 1272 3635 1344 βέλη,
3683 1274 3778 1328 καὶ
3813 1275 3850 1346 ἠ

2280 1366 2498 1434 γλῶσσα
2526 1365 2704 1420 αὐτῶν
2737 1365 2979 1436 μάχαιρα
3009 1364 3176 1430 ὀξεῖα.
3204 1383 3222 1414 ι
3263 1364 3375 1417 Οὐκ
3395 1358 3589 1434 οἶδενὴ
3618 1367 3716 1435 τῆς
3744 1364 3850 1434 φύ-

2283 1470 2416 1518 σεως
2442 1452 2599 1524 ήμῶν
2631 1452 2942 1524 κατασκευὴ
2989 1451 3056 1504 τά
3089 1450 3320 1522 αἰσθητά
3369 1451 3502 1523 μέλη
3541 1452 3713 1506 ταῦτα
3736 1455 3851 1515 τοῖς

2282 1545 2636 1616 ἀνθρωπίνοις
2672 1544 2929 1615 στόμασιν
2967 1545 3088 1598 ἀντὶ⁵
3130 1543 3358 1598 ὀδόντων
3387 1543 3702 1613 ὲγκείμενα,
3731 1544 3850 1597 ἀλλ’

2281 1637 2357 1690 ὅτ’
2379 1637 2444 1692 ἀν
2473 1655 2556 1702 τις
2586 1638 2824 1710 ὁμοιωθῇ
2852 1639 2986 1710 πρὸς
3023 1637 3085 1691 τὸ
3115 1636 3305 1701 πάθος,
3327 1636 3420 1690 xal
3447 1637 3849 1708 μεταμορφωθῇ

2284 1728 2420 1800 πρὸς
2453 1731 2552 1802 τὴν
2594 1730 2987 1801 ἐπικρατοῦσαν
3017 1729 3238 1794 κακίαν,
3277 1729 3545 1792 ἀπολέσας
3572 1731 3671 1800 τὴν
3708 1729 3852 1783 κατά

614 1829 858 1884 dentium
911 1826 1114 1891 indita,
1167 1824 1260 1881 sed
1314 1839 1437 1878 cum
1483 1821 1607 1894 quis
1649 1822 1847 1877 similis
1878 1822 1967 1887 ﬁt,
2002 1821 2181 1890 quoad

2288 1821 2447 1892 φύσιν
2498 1823 2745 1894 μορφὴν,
2797 1823 2983 1894 θηρίον
3028 1823 3256 1890 γίνεται.
3298 1821 3395 1875 Διά
3435 1821 3593 1876 τοῦτο
3621 1821 3854 1875 λεόντων

615 1918 962 1980 aﬂectiones,
1007 1925 1058 1971 et
1102 1913 1522 1969 transformatus
1565 1911 1733 1967 fuerit
1774 1911 1828 1966 in
1877 1911 2175 1976 malitiam,

614 2011 892 2082 deperdita
932 2007 1164 2062 naturali
1212 2005 1422 2068 forma,
1479 2004 1651 2060 bestia
1688 2002 1918 2059 elﬁcitur
1957 2017 1972 2054 :
2014 2002 2084 2056 ob
2125 2001 2181 2056 id

2288 1913 2540 1982 μνησθεὶς
2553 1914 2679 1976 τοὺς
2699 1915 2847 1977 υἱοὺς
2871 1914 2979 1968 τῶν
3000 1915 3300 1985 ἀνθρώπων
3316 1915 3616 1986 ὠνόμασεν,
3636 1906 3682 1983 ᾧ
3709 1914 3854 1968 ὀδόν-

2287 2020 2375 2068 τες
2403 2005 2495 2057 καὶ
2524 2003 2764 2072 γλῶσσα,
2791 2005 2861 2059 τὰ
2883 2006 2977 2058 τοῦ
3007 2007 3242 2078 πολέμου
3264 2008 3490 2079 ὄργανα.

613 2105 885 2161 mentione
913 2102 1128 2156 leonum
1157 2098 1321 2164 facta,
1349 2097 1488 2151 ﬁlios
1515 2095 1795 2150 hominum
1833 2095 2110 2161 nominat,
2154 2095 2350 2165 quibus
2379 2095 2569 2152 dentes
2597 2105 2653 2152 et
2679 2097 2860 2168 lingua
2890 2106 3022 2154 sunt
3055 2099 3181 2154 belli
3213 2101 3599 2156 instrumenta.

682 2194 787 2260 Qui
822 2193 988 2263 igitur
1014 2191 1340 2261 cogitatione
1370 2195 1580 2243 tantum
1617 2187 1940 2244 sublevatus
1967 2195 2072 2253 est,
2111 2196 2173 2243 ut

614 2286 718 2343 sub
767 2285 956 2340 umbra
1013 2283 1222 2335 alarum
1271 2281 1579 2336 divinarum
1627 2279 1872 2346 habitet,
1924 2289 2090 2350 utque
2130 2287 2174 2334 a

616 2386 762 2432 terra
795 2375 851 2428 in
891 2372 1169 2429 cmlestem
1205 2379 1406 2426 sortem
1438 2380 1752 2426 assumatur
1797 2370 1952 2440 (dicit
1991 2371 2171 2426 enim:

619 2488 641 2522 ι
686 2467 833 2522 Misit
860 2466 928 2520 de
958 2464 1119 2526 caelo,
1154 2469 1209 2518 et
1248 2461 1496 2517 liberavit
1527 2477 1613 2518 me
1648 2461 1782 2533 »),ἱε
1803 2476 1911 2516 uon
1956 2461 2179 2530 respicit

616 2559 850 2628 amplius
885 2556 952 2610 ad
999 2564 1243 2618 terrena,
1287 2553 1384 2608 sed
1422 2553 1472 2609 ei
1501 2569 1621 2624 quae
1660 2563 1744 2609 est
1781 2556 1838 2609 in
1866 2554 2181 2610 caelestibus

617 2652 800 2721 gloria:
821 2649 1004 2705 studet
1031 2689 1044 2702 .
1082 2667 1100 2699 ι
1127 2647 1430 2710 Exaltare,»
1459 2645 1731 2716 inquiens,
1759 2666 1776 2700 ι
1809 2662 1972 2716 super
1991 2645 2178 2706 caelos.

618 2743 782 2808 Deus,
817 2751 871 2797 et
905 2755 1068 2811 super
1111 2755 1326 2794 omnem
1357 2750 1554 2794 terram
1587 2739 1759 2810 gloria
1803 2746 1919 2804 tua;
1963 2757 1982 2791 ι
2026 2753 2186 2794 enar-

618 2847 856 2903 ransque
908 2831 1152 2886 hostium
1217 2830 1623 2900 impressiones,
1685 2829 1816 2900 ipsis
1866 2831 1980 2886 suis
2027 2831 2186 2885 malis

617 2939 714 2981 eos
743 2922 1044 2993 circumagi
1084 2921 1236 2988 dicit,
1283 2931 1340 2978 et
1364 2921 1510 2976 velut
1556 2921 1612 2975 in
1647 2919 1855 2976 foveam
1889 2921 2183 2987 decidere;

620 3017 695 3070 ait
723 3029 995 3086 namque:
1035 3033 1052 3066 ι
1085 3013 1362 3084 Laqueum
1403 3020 1731 3084 paraverunt
1761 3013 1988 3084 pedibus
2026 3019 2185 3082 meis,

2364 2188 2420 2242 Ὀ
2451 2185 2544 2243 οῦν
2576 2189 2827 2246 τοσοῦτον
2861 2192 3184 2265 ὑπεραρθεὶς
3215 2193 3314 2264 τὴν
3353 2194 3607 2257 διάνοιαν,
3639 2191 3716 2255 ώς
3747 2190 3857 2246 ὑπὸ

2281 2281 2379 2351 τὴν
2411 2280 2566 2335 σκιάν
2599 2281 2707 2336 τῶν
2736 2282 2894 2337 θείων
2929 2283 3212 2355 πτερύγων
3237 2285 3574 2350 αὐλίζεσθαι,
3617 2287 3714 2340 καὶ
3747 2286 3857 2340 ἀπὸ

2282 2374 2380 2443 τῆς
2406 2372 2510 2442 γῆς
2525 2374 2605 2438 εἰς
2630 2373 2726 2446 τὴν
2753 2375 3001 2447 οὐράνιον
3019 2373 3168 2447 λῆξιν
3189 2377 3557 2449 ἀναληφθῆναι
3579 2379 3627 2446 (ι
3657 2377 3860 2443 Ἐξαπ-

2287 2465 2524 2520 έστειλεν
2559 2485 2578 2518 ι
2637 2467 2779 2539 γὰρ,
2815 2468 3006 2538 φησὶν,
3063 2487 3083 2521 ι
3110 2469 3170 2533 ἐξ
3211 2468 3468 2539 οὐρανοῦ,
3513 2471 3608 2524 καὶ
3651 2470 3860 2523 έσωσέν

2289 2576 2356 2629 με
2395 2552 2656 2623 »),οὐκέτι
2693 2560 2827 2631 πρὸς
2866 2561 2934 2614 τὰ
2961 2564 3210 2634 περίγεια
3246 2563 3451 2628 Βλέπει,
3484 2561 3620 2616 ἀλλά
3655 2562 3754 2638 τὴν
3801 2563 3860 2615 ὲν

2287 2653 2397 2715 τοῖς
2418 2652 2756 2724 ἐπουρανίοις
2785 2654 2938 2721 δόξαν
2974 2657 3412 2727 περιεργάζεται,
3455 2674 3473 2707 ι
3505 2655 3803 2726 ’Υψώθητι,
3835 2675 3857 2708 ι

2285 2739 2507 2808 λέγων,ι
2527 2743 2620 2796 ἐπὶ
2642 2744 2768 2806 τοὺς
2797 2742 3078 2814 οὐρανοὺς,
3100 2747 3128 2799 ὁ
3145 2745 3296 2808 Θεὸς,
3314 2746 3405 2798 καὶ
3437 2745 3528 2798 ἐπὶ
3554 2747 3736 2800 πᾶσαν
3758 2746 3862 2816 τὴν

2284 2835 2386 2906 γῆν
2424 2837 2457 2905 ή
2483 2834 2609 2900 δόξα
2655 2852 2770 2889 σου.
2801 2854 2820 2886 ι
2869 2836 2980 2889 Kal
3007 2836 3360 2907 διηγούμενος
3387 2835 3486 2900 τὰς
3513 2837 3621 2890 τῶν
3647 2836 3863 2908 ἐχθρῶν

2285 2923 2609 2993 προσϐολὰς,
2637 2925 2864 2995 ἐκείνοις
2892 2926 3054 2994 φησὶν
3083 2926 3262 2990 αὐτοῖς
3289 2929 3402 2990 τοῖς
3428 2925 3634 2980 ἑαυτῶν
3665 2927 3865 2990 κακοῖς

2286 3015 2738 3088 περιστρέφεσθαι
2791 3019 2903 3080 τοῖς
2954 3016 3166 3088 βάθροις
3212 3019 3663 3082 καταπίπτοντας.
3719 3019 3864 3088 Φησὶ

619 3122 675 3167 et
705 3112 1141 3166 incurvaverunt
1175 3108 1411 3163 animam
1442 3123 1640 3174 meam,
1672 3106 1926 3164 foderunt
1955 3114 2078 3161 ante
2113 3107 2183 3160 fa-

2288 3105 2411 3177 γάρ,
2433 3107 2514 3160 ὅτι
2537 3125 2556 3158 ι
2589 3107 2799 3176 Παγίδα
2825 3108 3123 3178 ἡτοίμασαν
3151 3110 3264 3172 τοῖς
3297 3110 3420 3163 ποσί
3449 3127 3568 3180 μου,
3604 3111 3699 3164 καὶ
3727 3127 3864 3164 κατ-

620 3202 760 3257 ciem
811 3216 984 3256 meam
1020 3200 1251 3267 foveam,
1297 3206 1351 3255 et
1386 3197 1697 3254 inciderunt
1741 3197 1796 3251 in
1837 3212 1980 3252 eam.
2015 3215 2032 3248 ι
2070 3195 2186 3266 Ipse

618 3309 750 3348 vero
795 3307 855 3348 se
886 3299 1132 3362 paratum
1173 3292 1250 3346 ait
1298 3289 1555 3346 laudibus
1602 3289 1914 3345 celebrandi
1946 3289 2184 3343 divinam

621 3385 870 3455 gloriam.
907 3382 1080 3448 Quam
1116 3382 1310 3438 beatus
1343 3383 1452 3446 ille,
1507 3381 1577 3436 ob
1624 3388 1828 3435 tantam
1859 3388 2068 3434 natura;
2105 3379 2188 3432 in-

621 3472 862 3542 genitam
899 3471 1236 3536 felicitatem,
1266 3471 1355 3525 cui
1390 3485 1489 3524 cor
1517 3469 1586 3524 ad
1615 3468 2010 3524 decantandam
2049 3468 2188 3524 divi-

624 3577 749 3616 nam
781 3561 1012 3632 gloriam
1045 3569 1408 3631 praeparatum
1441 3569 1544 3625 est,
1578 3561 1850 3632 recipiens
1880 3561 2021 3614 intra
2049 3576 2108 3615 se
2133 3560 2187 3615 id

624 3655 770 3725 quod
815 3655 936 3724 capi
987 3653 1194 3724 nequit.
1243 3652 1562 3723 Expeditum
1615 3662 1792 3709 autem
1843 3660 1896 3708 et
1941 3659 2187 3722 paratum

625 3762 746 3801 sese
776 3745 1075 3808 afﬁrmans,
1109 3760 1217 3800 non
1252 3744 1432 3800 differt
1457 3744 1617 3806 odam
1642 3761 1736 3801 seu
1771 3745 2062 3808 canticum,
2093 3744 2186 3800 sed

627 3838 864 3892 animata
904 3837 994 3890 illa
1039 3851 1159 3906 quae
1189 3835 1422 3890 habebat
1459 3837 1818 3892 instrumenta
1853 3837 1919 3891 ad
1950 3837 2188 3892 celebra-

627 3929 790 3984 tionis
817 3928 1178 3984 ministerium
1215 3926 1468 3990 advocat,
1500 3945 1519 3980 ι
1549 3927 1813 3998 Exsurge,
1849 3947 1868 3978 ι
1913 3929 2187 3998 inquiens,

633 4041 650 4070 ι
682 4019 996 4090 psalterium
1021 4030 1076 4076 et
1105 4020 1336 4087 cithara,
1367 4039 1387 4072 ι
1417 4019 1471 4075 id
1499 4020 1643 4090 quod
1667 4020 1899 4090 duplicis
1927 4019 2185 4084 hominis,

626 4113 746 4180 ejus
775 4113 867 4181 qui
904 4111 1140 4174 videtur,
1167 4119 1221 4167 et
1244 4112 1337 4182 qui
1369 4113 1558 4168 oculos
1589 4112 1744 4183 fugit,
1778 4112 2114 4168 harmoniam
2137 4121 2190 4168 et

625 4211 953 4257 concentum
995 4203 1210 4259 divinas
1257 4203 1512 4260 efferendi
1555 4206 1764 4271 laudes,
1813 4205 2037 4270 indicat,
2071 4207 2192 4261 obe-

628 4295 894 4364 diuntque
920 4295 1136 4348 vocanti
1182 4309 1404 4366 organa.
1436 4294 1672 4366 Tempus
1703 4312 1832 4352 vero
1878 4297 2188 4367 hujusmodi

629 4383 868 4438 musices
906 4383 1202 4438 diluculum
1245 4391 1365 4448 est;
1397 4399 1572 4454 neque
1597 4386 1739 4441 enim
1775 4387 1862 4443 his
1907 4388 1997 4456 qui
2025 4403 2187 4457 opera

2287 3198 2537 3270 έκαμψαν
2567 3199 2665 3269 τὴν
2683 3199 2859 3270 ψυχήν
2893 3217 3015 3270 μου.
3042 3199 3277 3272 Ὠρυξαν
3296 3201 3403 3271 πρὸ
3428 3201 3722 3272 προσώπου
3753 3218 3862 3272 μου

2288 3288 2497 3360 βόθρον,
2522 3289 2615 3343 καὶ
2639 3288 2893 3343 ἐνέπεσον
2920 3292 3000 3354 εἰς
3030 3291 3209 3345 αὐτόν.
3237 3310 3255 3342 ι
3283 3292 3453 3356 Αὐτὸς
3479 3292 3536 3345 δὲ
3563 3294 3620 3345 ἐν
3653 3293 3864 3364 ἑτοίμῳ

2286 3375 2424 3434 εἷναί
2452 3397 2613 3452 φησιν
2644 3379 2737 3434 τοῦ
2768 3381 2868 3454 τὴν
2901 3381 3048 3436 θείαν
3075 3382 3229 3448 δόξαν
3252 3383 3316 3436 δι’
3345 3383 3622 3455 εὐφημίας
3645 3385 3861 3455 ὑμνεῖν.

2298 3470 2384 3533 Ὠς
2407 3471 2671 3541 μακάριος
2701 3472 2800 3541 τῆς
2826 3472 3091 3544 τοσαύτης
3123 3477 3486 3544 μεγαλοφυῇις
3525 3478 3755 3540 ἐκεῖνος,
3798 3471 3864 3531 οὗ

2285 3563 2319 3632 ή
2354 3563 2548 3631 καρδία
2580 3563 2715 3634 πρὸς
2739 3562 3013 3633 εὐφημίαν
3034 3565 3130 3635 τῆς
3157 3565 3306 3629 θείας
3329 3565 3487 3636 δόξης
3511 3567 3862 3637 ἡτοίμασται,

2287 3653 2540 3724 χωροῦσα
2569 3655 2627 3706 έν
2669 3654 2831 3725 ἑαυτῇ
2860 3655 2919 3707 τὸ
2957 3655 3240 3726 ἀχώρητον
3264 3670 3280 3686 ⁶
3315 3657 3585 3728 εὐτρεπής
3622 3674 3682 3710 τε
3719 3655 3863 3711 εἶναι

2287 3745 2458 3814 λέγων
2503 3748 2595 3800 καὶ
2645 3747 2880 3816 ἕτοιμος,
2925 3747 3018 3800 καὶ
3047 3749 3145 3800 οὐκ
3176 3747 3535 3802 ἀναϐάλλεται
3563 3747 3660 3818 τὴν
3689 3748 3860 3818 ᾠδὴν,

2288 3838 2422 3892 ἀλλά
2455 3839 2840 3910 προσκαλεῖται
2877 3838 2946 3892 τὰ
2977 3838 3159 3902 ζῶντα
3187 3839 3348 3893 αὐτοῦ
3374 3841 3578 3909 ὄργανα
3599 3840 3864 3910 ὀνομαστὶ

2289 3928 2421 4000 πρὸς
2442 3929 2538 3999 τὴν
2573 3930 2672 3999 τῆς
2701 3927 2972 3998 ύμνῳδίας
2997 3927 3296 3998 ὑπηρεσίαν
3330 3927 3528 3994 καλῶν,
3553 3947 3574 3982 ι
3605 3927 3864 4000 Ἐξεγέρ-

2289 4019 2430 4090 θητι,
2471 4039 2489 4072 ι
2519 4019 2709 4087 λέγων,
2743 4039 2762 4070 ι
2793 4017 3085 4089 ψαλτήριον
3126 4019 3219 4072 καὶ
3244 4019 3461 4092 κιθάρα.
3491 4039 3510 4073 ι
3554 4019 3736 4090 Ὅπερ
3761 4019 3864 4074 τοῦ

2291 4109 2474 4164 διπλοῦ
2498 4109 2783 4180 ἀνθρώπου
2807 4109 2898 4162 τοῦ
2920 4107 3240 4177 φαινομένου
3261 4126 3319 4162 τε
3341 4109 3434 4162 καὶ
3453 4108 3862 4180 κεκρυμμένου,

2287 4201 2386 4271 τὴν
2416 4200 2730 4272 ἐναρμόνιον
2771 4199 3033 4269 συνῳδίαν
3067 4199 3201 4270 πρὸς
3245 4200 3344 4269 τὴν
3375 4200 3522 4253 θείαν
3549 4199 3866 4267 δοξολογίαν

2291 4291 2640 4355 ἐνδείκνυται,
2692 4291 2786 4344 καὶ
2827 4292 3088 4346 ὑπακούει
3132 4293 3210 4363 τῷ
3238 4291 3487 4346 καλοῦντι
3533 4291 3602 4344 τά
3629 4292 3859 4362 ὄργανα.

2305 4383 2364 4437 '0
2399 4383 2456 4436 δὲ
2501 4382 2688 4454 καιρὸς
2721 4383 2820 4452 τῆς
2851 4382 3103 4455 τοιαύτης
3152 4384 3411 4454 μουσικῆς
3447 4383 3638 4454 ὄρθρος
3687 4384 3868 4437 ἐστίν.

629 4476 978 4530 tenebrarum
1026 4490 1134 4530 non
1163 4476 1450 4544 abjiciuut,
1479 4477 1649 4548 gloria
1677 4478 1768 4534 Dei
1797 4455 2185 4536 exsuscitatur.

2293 4473 2427 4525 Οὐδὲ
2455 4471 2563 4544 γάρ
2592 4471 2699 4525 τῶν
2751 4473 2826 4543 μὴ
2854 4473 3200 4544 ἀποθεμένων
3245 4475 3313 4528 τὰ
3345 4475 3479 4545 ἔργα
3517 4473 3608 4526 τοῦ
3638 4474 3866 4536 σκότους

638 4584 656 4616 ι
701 4565 1000 4636 Exsurgam
1041 4583 1060 4618 ι
1117 4566 1282 4636 igitur
1333 4584 1352 4618 ι
1387 4567 1648 4634 diluculo,
1699 4589 1717 4622 ι
1747 4571 1943 4623 clamat
1991 4570 2190 4639 psalte-

631 4658 773 4711 rium
805 4664 859 4710 et
888 4656 1099 4711 cithara
1139 4657 1206 4712 ad
1236 4667 1547 4719 vocantem,
1594 4661 1782 4728 sicque
1821 4661 2106 4730 pollicetur
2131 4677 2190 4717 se

632 4745 745 4799 Deo
779 4744 1073 4814 gratiarum
1108 4745 1372 4801 actionem
1402 4747 1825 4818 persoluturum,
1867 4763 2030 4817 quam
2058 4763 2190 4803 cou-

633 4837 924 4890 fessionem
965 4837 1209 4891 nominat
1235 4839 1560 4907 completam
1602 4839 1655 4891 in
1691 4838 1903 4908 populis
1935 4847 1990 4894 et
2019 4842 2192 4909 genti-

633 4926 758 4981 bus.
786 4925 1051 4982 Dividitur
1076 4930 1218 4984 enim
1242 4929 1395 4998 juxta
1424 4931 1532 4985 duo
1566 4931 1680 4986 haec
1718 4931 1938 4984 nomina
1970 4933 2192 5001 aequali-

635 5024 718 5070 ter
747 5016 919 5086 gratia
973 5017 1096 5072 ﬁdei
1134 5018 1200 5074 ad
1249 5020 1475 5090 populos
1525 5028 1578 5075 et
1617 5029 1828 5091 gentes.
1877 5020 1997 5076 Non
2047 5022 2191 5076 enim

634 5105 944 5163 Judaeorum
977 5109 1152 5163 solum
1187 5109 1350 5174 Deus,
1388 5110 1481 5166 sed
1511 5118 1566 5164 et
1603 5113 1866 5180 gentium,
1890 5127 2014 5168 cum
2051 5127 2193 5166 unus

637 5197 708 5251 sit
746 5216 765 5249 ι
813 5196 976 5258 Deus.
1020 5200 1112 5269 qui
1135 5199 1405 5268 justiﬂcat
1443 5201 1914 5258 circumcisionem
1959 5219 2023 5257 ex
2064 5201 2192 5264 ﬁde,

637 5291 959 5360 praeputium
991 5306 1088 5360 per
1125 5290 1283 5346 ﬁdem
1313 5294 1355 5346 ⁸.
1399 5313 1416 5344 ι
1468 5292 1760 5364 Propterea
1801 5295 1954 5364 quasi
1988 5294 2193 5365 duplici

637 5384 787 5436 fonte
827 5381 1023 5437 divinae
1065 5381 1462 5440 benedictionis
1494 5399 1658 5455 super
1697 5391 1958 5454 utrosque
1998 5385 2192 5449 eﬂ‘uso,

637 5483 693 5529 et
716 5482 868 5544 parte
915 5474 1136 5544 quidem
1175 5475 1231 5530 in
1280 5476 1501 5544 populo,
1545 5486 1696 5546 parte
1743 5491 1874 5531 vero
1915 5477 1970 5531 in
2005 5484 2195 5547 gentes

638 5562 856 5627 dill'usa,
891 5579 988 5635 pro
1014 5572 1244 5635 utraque
1271 5566 1618 5636 propheticus
1645 5581 1828 5624 sermo
1849 5569 2055 5640 gratias
2086 5569 2196 5641 agit

715 5741 739 5773 ⁵
774 5737 928 5794 Rom.
965 5757 1046 5803 ut.
1090 5743 1176 5797 30.

2293 4566 2328 4634 ὴ
2356 4563 2481 4629 δόξα
2508 4561 2600 4616 τοῦ
2628 4562 2760 4616 Θεοῦ
2790 4565 3132 4636 διεγείρεται.
3157 4585 3175 4615 ι
3220 4564 3673 4634 Ἐξεγερθήσομαι
3713 4583 3730 4615 ι
3766 4561 3867 4618 οὖν

2301 4657 2388 4708 «ὲν
2417 4654 2494 4725 τῷ
2513 4654 2716 4726 ὄρθρῳ,
2739 4673 2757 4706 ι
2785 4655 2916 4726 φησὶ
2952 4656 3088 4728 πρὸς
3107 4655 3196 4708 τὸν
3211 4655 3480 4709 καλοῦντα
3493 4655 3552 4708 τὸ
3563 4654 3866 4726 ψαλτήριόν

2293 4764 2356 4798 τε
2373 4747 2467 4800 καὶ
2493 4748 2526 4816 ἡ
2563 4746 2786 4822 κιθάρα.
2813 4748 2923 4801 Kal
2945 4746 3115 4811 οὕτως
3145 4747 3532 4817 ἐπαγγέλλεται
3555 4747 3866 4819 πληρώσειν

2295 4835 2372 4906 τῷ
2401 4836 2518 4905 Θεῷ
2545 4835 2644 4907 τὴν
2666 4837 3034 4908 εὐχαριστίαν,
3082 4838 3148 4908 ῆν
3182 4837 3565 4909 ἐξομολόγησιν
3605 4837 3774 4906 λέγει,
3804 4841 3866 4891 ὲν

2296 4926 2440 4990 λαοῖς
2475 4926 2854 4998 πληρουμένην
2889 4929 2984 4981 καὶ
3019 4927 3214 4984 ἔθνεσι.
3256 4929 3550 5001 Μερίζεται
3589 4928 3698 4999 γάρ
3727 4927 3867 5000 πρὸς

2295 5018 2363 5072 τὰ
2390 5017 2482 5071 δύο
2505 5017 2676 5072 ταῦτα
2716 5019 2952 5090 ὀνόματα
2981 5021 3124 5075 κατά
3160 5020 3218 5073 τὸ
3252 5021 3364 5074 ἴσον
3394 5021 3428 5091 η
3457 5019 3615 5090 χάρις
3632 5018 3732 5088 τῆς
3770 5020 3866 5071 πί-

2299 5126 2485 5173 στεως,
2511 5110 2647 5180 πρός
2676 5125 2734 5162 τε
2768 5110 2891 5175 τοὺς
2917 5110 3078 5174 λαοὺς
3102 5110 3195 5164 καὶ
3219 5112 3286 5165 τὰ
3321 5110 3467 5179 ἔθνη.
3491 5109 3567 5163 Οὐ
3586 5107 3696 5180 γάρ
3729 5109 3867 5161 Ἰου-

2298 5199 2458 5252 δαίων
2481 5201 2509 5252 ὁ
2534 5197 2664 5261 Θεὸς
2693 5198 2869 5268 μόνον,
2905 5199 3038 5253 ἀλλὰ
3071 5199 3166 5252 καὶ
3195 5198 3381 5252 ἐθνῶν.
3425 5192 3684 5261 Ἐπείπερ
3699 5183 3808 5254 εἷς(
3831 5191 3862 5242 ό

2299 5289 2427 5353 Θεὸς
2447 5330 2462 5355 ,
2506 5289 2564 5354 ὃς
2601 5289 2876 5344 δικαιώσει
2919 5293 3218 5363 περιτομὴν
3249 5292 3314 5344 ὲκ
3343 5291 3597 5352 πίστεως,
3628 5289 3867 5360 ἀκροϐυ-

2303 5383 2454 5436 στίαν
2480 5379 2568 5434 διά
2605 5381 2704 5452 τῆς
2754 5383 3157 5446 πίστεως.›Διά
3198 5383 3354 5436 τοῦτο
3395 5383 3646 5451 καθάπερ
3672 5378 3866 5434 διπλοῦ

2299 5494 2440 5540 τινος
2466 5475 2731 5548 ῥεύματος
2752 5478 2849 5548 τῆς
2875 5477 3023 5540 θείας
3043 5476 3286 5545 εὐλογίας
3305 5475 3391 5528 ἐπ’
3405 5476 3571 5545 ἄμφω
3585 5473 3866 5542 χυθείσηςν

2303 5567 2379 5636 πῆ
2417 5567 2515 5636 μὲν
2565 5567 2656 5621 ἐπὶ
2686 5567 2811 5631 τοὺς
2837 5567 3016 5631 λαοὺς,
3051 5568 3125 5638 πῆ
3164 5567 3219 5620 δὲ
3254 5567 3390 5638 πρὸς
3418 5565 3486 5621 τά
3513 5565 3639 5636 ἔθνη
3660 5563 3861 5639 διαιρεο
