3986 6470
293 312 393 367 5.99

1699 314 1762 370 IN
1799 312 2135 374 PSALMOS.

3433 324 3540 381 $390

292 430 493 500 θείσης.
529 431 668 502 ύτὲρ
700 433 1025 505 ἀμφοτέρων
1051 436 1083 506 ἡ
1123 437 1426 507 προφητεία
1454 435 1530 506 τῷ
1563 435 1682 507 Θεῳ
1703 454 1844 509 προσ

1967 437 2097 502 Deo,
2146 435 2273 507 quia
2320 445 2545 507 peccato
2576 437 2628 491 in
2682 437 2953 491 inﬁnitum
3007 437 3261 503 adaucto,
3314 452 3512 512 supera

288 519 409 587 άγει
439 521 537 591 τὴν
581 519 952 593 εὐχαριστίαν,
974 524 1053 578 ὅτι
1084 525 1182 595 τῆς
1222 524 1491 597 ἁμαρτίας
1534 526 1613 589 εἰς
1635 527 1860 597 ἄπειρον

286 612 634 685 αὐξηθείσης,
669 616 922 686 ὑπερέχει
945 618 1003 669 ὲν
1038 616 1116 688 τῷ
1160 617 1272 687 ἰδίῳ
1303 617 1519 688 μεγέθει
1549 620 1579 672 6
1606 617 1699 671 τοῦ
1722 618 1857 672 Θεοῦ

284 707 452 770 ἔλεος,
487 706 580 760 καὶ
616 707 781 761 αὐτοῦ
820 708 912 762 τοῦ
947 710 1192 781 οὐρανίου
1226 709 1393 779 ὕψους
1422 710 1678 782 ὑπεράνω
1709 709 1860 780 γενό-

286 814 464 869 μενος.
523 817 541 850 ι
563 799 721 868 Μέγα
744 820 762 853 ›
798 800 927 873 γὰρ,
963 803 1145 872 φησὶν,
1194 822 1213 855 ι
1254 803 1438 863 ὲπάνω
1474 804 1579 856 τῶν
1615 803 1858 874 οὐρανῶν

280 893 342 945 τὸ
368 892 515 956 ἔλεός
545 910 656 946 σου.
682 912 700 945 ι
744 893 824 946 Τά
848 896 1066 966 ῥήματα
1102 896 1201 966 τῆς
1244 896 1384 967 ὑπὲρ
1411 896 1615 949 τούτων
1652 894 1859 962 δοξολο-

278 983 405 1054 γίας
424 980 577 1056 οἶμαι
599 986 697 1050 τὰς
717 987 1029 1052 τελευταίας
1045 984 1181 1041 εἶναι
1203 990 1300 1060 τῆς
1318 988 1635 1059 ψαλμῳδίας
1653 988 1857 1053 φωνὰς,

278 1077 339 1128 ὲν
371 1071 453 1140 οἷς
486 1091 648 1146 φησιν
667 1095 681 1109 ο
734 1098 752 1130 ι
788 1079 1063 1150 ’Υψώθητι
1094 1081 1186 1132 ἐπὶ
1210 1081 1334 1143 τοὺς
1362 1079 1686 1151 οὐρανοὺς,ὁ
1704 1075 1856 1145 Θεὸς,

278 1168 373 1221 καὶ
402 1169 494 1221 ἐπὶ
532 1171 711 1225 πᾶσαν
729 1171 827 1243 τὴν
854 1172 1009 1243 γῆνή
1038 1173 1163 1238 δόξα
1195 1190 1307 1227 σου.
1337 1191 1355 1225 ι
1386 1174 1549 1226 Ὅσον
1574 1171 1682 1243 γὰρ
1708 1172 1859 1224 πλεο-

276 1261 429 1325 νάζει
459 1264 599 1317 κατά
624 1265 728 1335 γῆν
755 1267 787 1336 ἡ
818 1264 911 1318 τοῦ
936 1265 1072 1318 Θεοῦ
1093 1265 1365 1334 δοξολογία
1393 1266 1425 1334 ἡ
1454 1262 1541 1317 διά
1560 1263 1669 1316 τῶν
1697 1261 1857 1325 σωζο-

280 1352 458 1423 μένων
478 1356 540 1407 ἐκ
558 1356 793 1419 πίστεως
811 1356 1178 1428 ὲπαυξομένη,
1193 1354 1442 1410 τοσοῦτον
1460 1356 1517 1409 αἱ
1534 1355 1855 1425 ὐποκόσμιοι

275 1443 535 1516 δυνάμεις
588 1448 680 1501 ἐπὶ
716 1452 781 1520 τῇ
828 1449 1074 1522 σωτηρίᾳ
1110 1449 1271 1520 ἡμῶν
1304 1447 1729 1518 ἀγαλλιώμεναι,
1764 1445 1857 1498 τὸν

1965 537 2142 582 tamen
2185 530 2403 599 propria
2450 544 2549 582 sua
2594 529 2965 598 magnitudine
3007 530 3193 585 divina
3228 532 3547 589 misericor-

1963 618 2072 684 dia,
2090 620 2207 691 ipsa
2230 621 2394 675 etiam
2414 620 2622 675 caelesti
2650 620 2938 675 altitudine
2958 622 3120 676 altior
3133 619 3350 690 effecta;
3371 628 3504 682 verh
3520 648 3546 677 ει

1963 718 2145 763 autem
2197 709 2529 764 laudationis
2560 725 2659 779 pro
2692 709 2779 765 his
2822 710 3104 773 institutae,
3140 711 3378 767 arbitror
3404 714 3542 767 ulti-

1962 816 2082 857 mas
2107 816 2231 856 esse
2258 816 2422 857 voces
2450 802 2669 871 psalmi,
2714 816 2841 855 cum
2870 803 2946 855 ait
2982 819 2996 855 :
3032 822 3051 853 ι
3089 801 3345 858 Exaltare
3370 819 3535 874 super

1962 893 2150 958 cmlos,
2184 891 2349 959 Deus,
2378 900 2432 948 et
2461 907 2625 963 super
2660 907 2876 948 omnem
2910 900 3111 948 terram
3152 894 3324 964 gloria
3356 905 3469 951 tua.
3510 915 3530 948 ι

1959 984 2233 1050 Quantum
2276 987 2422 1041 enim
2454 986 2510 1039 in
2556 985 2719 1041 terris
2766 984 3009 1040 abundat
3055 985 3151 1040 Dei
3186 988 3531 1058 gloriﬁcatio,

1957 1084 2168 1131 tantum
2203 1078 2433 1133 virtutes
2468 1078 2574 1132 illa:
2619 1092 2784 1147 supra
2825 1077 3089 1132 mundum
3133 1090 3343 1134 evectre
3371 1096 3537 1150 super

1958 1170 2134 1225 salute
2191 1177 2381 1226 nostra
2429 1172 2788 1233 exsultantes,
2822 1168 2991 1225 Deum
3018 1171 3428 1239 concelebrant,
3478 1184 3535 1229 et

1961 1260 2291 1332 gloriﬁcant,
2322 1270 2485 1332 prout
2518 1263 2583 1317 ad
2612 1274 2863 1332 pastores
2898 1263 3032 1317 dicit
3055 1263 3295 1319 ctelestis
3325 1269 3533 1322 exerci-

1962 1360 2071 1415 tus,
2102 1353 2323 1422 quando
2376 1353 2554 1424 angeli
2586 1354 2840 1409 viderunt
2872 1370 3083 1425 pacem,
3121 1372 3243 1426 quae
3280 1359 3406 1413 vitae
3435 1376 3535 1412 nu-

1963 1453 2089 1498 stra:
2120 1444 2175 1498 in
2205 1444 2520 1501 hominibus
2564 1447 2719 1501 bona:
2752 1446 3054 1503 voluntatis
3088 1448 3286 1512 illuxit,
3334 1451 3536 1506 decan-

275 1537 412 1590 Θεὺν
439 1539 737 1609 ἀνυμνοῦσί
764 1558 822 1593 τε
844 1542 935 1594 καὶ
959 1539 1352 1609 δοξολογοῦσιν,
1372 1538 1550 1603 καθώς
1578 1544 1739 1609 φησιν
1764 1536 1844 1589 ἐπί

1964 1544 2263 1608 taruntque
2290 1555 2302 1590 ε
2340 1555 2358 1587 ι
2398 1537 2581 1593 Gloria
2610 1538 2666 1591 in
2691 1540 2927 1594 excelsis
2950 1539 3059 1596 Deo
3082 1542 3123 1595 ⁸.
3164 1561 3185 1595 ›

274 1630 387 1685 τῶν
428 1632 698 1702 ποιμένων
739 1634 771 1703 ἠ
806 1634 1123 1704 ἐπουράνιος
1159 1633 1404 1703 στρατιὰ,
1435 1630 1524 1685 ὅτε
1558 1633 1663 1686 ἴδον
1694 1630 1744 1683 οἱ
1783 1627 2003 1697 ἄγγελοι
2046 1628 2140 1681 ἐπὶ
2176 1629 2278 1699 γῆς
2310 1628 2407 1699 τὴν
2447 1632 2673 1701 εἰρήνην
2702 1632 2802 1701 τὴν
2833 1631 2973 1704 ὑπὲρ
3011 1632 3113 1704 τῆς
3143 1633 3201 1686 ὲν
3227 1632 3535 1705 ἀνθρώποις

276 1723 520 1789 εὐδοκίας
546 1724 623 1795 τῷ
654 1725 753 1796 βίῳ
776 1725 931 1797 ἡμῶν
964 1728 1338 1796 ἐπιφανεῖσαν,
1367 1728 1448 1780 ὅτι
1483 1747 1501 1780 ι
1526 1727 1665 1792 Δόξα
1696 1727 1753 1777 ὲν
1770 1721 2014 1792 ὑψίστοις
2039 1720 2178 1792 Θεῷ.
2211 1738 2234 1774 ι

788 1819 1187 1875 ΚΕΦΑΛΑΙΟΝ
1232 1822 1333 1876 IE'.

346 1908 549 1964 Τούτου
571 1910 626 1964 δὲ
650 1910 744 1965 τοῦ
771 1910 938 1982 ὕψους
959 1916 1058 1985 τῆς
1078 1913 1396 1985 ψαλμῳδίας
1423 1915 1457 1985 ἠ
1486 1911 1853 1985 ὑπερκειμένη

271 2004 491 2076 διαδοχὴ
522 2003 771 2058 τοσοῦτον
804 2005 898 2058 ἐπὶ
918 2006 976 2059 τὸ
999 2006 1409 2077 μεγαλειότερον
1434 2005 1700 2076 διαφέρει,
1730 2005 1852 2058 ὅσον

271 2094 337 2159 ἐξ
358 2095 539 2148 αὐτῶν
574 2094 690 2147 ἔστι
721 2094 827 2147 τῶν
856 2096 1255 2167 γεγραμμένων
1287 2098 1497 2167 μαθεῖν.
1528 2096 1638 2149 Καὶ
1664 2096 1852 2168 ῶσπερ

270 2188 335 2239 ὲν
366 2188 481 2249 τοῖς
512 2182 799 2256 δρομεῦσιν
820 2187 847 2239 6
868 2187 959 2239 τὸν
990 2186 1215 2258 νικητὴν
1238 2188 1345 2241 τῶν
1372 2186 1544 2241 ἀλλων
1573 2188 1851 2260 παραδρα-

272 2276 414 2347 μὼν,
450 2279 671 2348 μείζονα
700 2278 795 2332 τοῦ
832 2279 1095 2352 προτέρου
1126 2280 1225 2352 τὴν
1253 2279 1408 2344 δόξαν
1430 2281 1599 2351 ἦρατυ
1618 2320 1631 2344 ,
1665 2281 1849 2351 κρείτ-

265 2386 380 2424 των
440 2371 764 2441 ἐπιδειχθεὶς
788 2373 881 2426 τοῦ
926 2373 1350 2444 προτρέχοντοςο
1403 2373 1576 2437 οὕτως
1614 2374 1845 2445 ἕοικευή

268 2461 473 2534 ἑϐδόμη
502 2482 562 2517 τε
604 2466 697 2517 καὶ
730 2467 1068 2537 πεντηκοστὴ
1097 2465 1385 2537 ψαλμῳδία
1406 2506 1421 2529 ,
1455 2465 1696 2537 μεγάλης
1726 2467 1846 2519 ἐπι-

264 2550 575 2625 δειχθείσης
615 2556 732 2608 κατ’
766 2555 970 2608 ἔννοιαν
1020 2555 1119 2625 τῆς
1150 2555 1617 2627 προδιηνυσμένης
1645 2598 1658 2622 ,
1693 2557 1848 2625 νικᾷν

265 2648 439 2717 αὐτὴν
464 2650 530 2718 τῇ
562 2648 902 2719 μεγαλοφυῒᾳ
948 2651 1057 2712 τοῖς
1102 2648 1251 2712 ἰδίοις
1299 2649 1598 2718 νοήμασιν·
1633 2646 1709 2713 ὡς
1738 2648 1848 2721 γὰρ

266 2741 454 2812 εκείνη
482 2743 623 2796 κατά
656 2742 765 2794 τῶν
812 2742 988 2797 ἀλλων
1037 2737 1149 2813 εἶχε
1197 2742 1266 2795 τὰ
1316 2746 1606 2814 νικητήρια
1632 2785 1646 2808 ,
1675 2740 1849 2807 οὕτως

264 2832 409 2902 αῦτη
431 2833 529 2902 τῆς
561 2834 934 2905 ὑπερεχούσης
956 2834 1064 2887 τῶν
1092 2833 1266 2888 ἄλλων
1296 2834 1356 2886 τὸ
1386 2834 1544 2888 πλέον
1575 2834 1686 2905 ἔχει
1709 2851 1724 2868 ο
1752 2836 1846 2887 καὶ

262 2922 443 2993 ταύτῃ
464 2922 569 2992 γὰρ
595 2926 861 2994 μαρτυρεῖ
888 2923 984 2994 τὴν
1006 2924 1161 2994 νίκην
1195 2926 1227 2996 ἡ
1252 2943 1267 2974 ι
1290 2925 1382 2986 Εἰς
1406 2924 1467 2976 τὸ
1497 2923 1647 2987 τέλος
1668 2943 1685 2974 ι
1724 2924 1845 2977 ὲπι-

264 3016 479 3085 γραφή.
525 3014 661 3067 Ἀλλ’
692 3014 835 3069 ἔοικε
873 3016 947 3087 μὴ
977 3014 1226 3070 τοσοῦτον
1261 3016 1359 3087 τὴν
1391 3015 1499 3068 τῶν
1538 3016 1844 3070 ἀντιπάλων

262 3098 458 3176 ἧτταν,
494 3105 629 3160 ἀλλά
662 3107 752 3159 τὸν
773 3110 829 3160 ἐν
857 3110 967 3171 τοῖς
995 3109 1219 3176 ἀγαθοῖς
1240 3108 1576 3179 πλεονασμὸν
1604 3110 1695 3162 ἐπὶ
1722 3107 1846 3163 ταύ-

260 3215 366 3269 της
392 3199 490 3268 τῆς
525 3199 681 3269 νίκης
710 3199 738 3251 6
764 3199 919 3268 λόγος
960 3198 1443 3271 διαμαρτύρεσθαι.
1483 3199 1633 3269 Ἔχει
1664 3199 1720 3253 δὲ
1744 3200 1843 3269 τῆς

261 3286 577 3357 ἐπιγραφῆς
608 3286 779 3351 οὕτως
801 3290 833 3359 ἡ
858 3288 1003 3355 λέξις
1023 3303 1036 3318 ’
1068 3307 1086 3340 ι
1116 3290 1210 3353 Είς
1233 3291 1293 3343 τὸ
1313 3290 1490 3355 τέλος,
1523 3290 1596 3361 μὴ
1611 3288 1844 3360 διαφθεί-

265 3394 387 3451 ρῃς,
406 3378 482 3448 τῷ
509 3379 671 3432 Δαϐὶδ
699 3381 777 3441 εἰς
798 3379 1222 3451 στηλογραφίαν.
1256 3399 1273 3432 ι
1308 3381 1545 3444 Ποσάκις
1566 3382 1593 3432 6
1610 3381 1707 3451 τῆς
1738 3398 1843 3450 μα-

260 3471 569 3542 κροθυμίας
589 3472 897 3543 ἀγωνιστὴς
924 3473 1015 3526 ἐπὶ
1040 3472 1117 3543 τῷ
1141 3473 1387 3543 στεφάνῳ
1413 3473 1511 3543 τῆς
1538 3473 1693 3543 νίκης
1720 3471 1844 3525 ταύ-

258 3581 365 3635 της
393 3565 484 3617 ὑπ’
526 3565 690 3618 αὐτοῦ
736 3564 829 3618 τοῦ
863 3566 1198 3633 ἀγωνοθέτου
1237 3565 1711 3638 ἀνακηρύσσεται;
1749 3566 1843 3619 καὶ

258 3654 430 3709 αὐτοῦ
460 3655 598 3726 τάχα
637 3654 729 3709 τοῦ
755 3654 1067 3728 Πνεύματος
1100 3656 1190 3712 τοῦ
1243 3659 1396 3728 ἁγίου
1441 3658 1829 3729 θαυμαστικῶς

258 3747 364 3816 τὴν
417 3747 602 3819 φωνὴν
646 3745 849 3820 ταύτην
897 3748 1158 3813 πολλάκις
1205 3750 1714 3821 ἀναλαμϐάνοντος,
1765 3750 1843 3813 ὡς

259 3837 549 3908 κρείττονα
598 3833 760 3892 οὖσαν
793 3839 893 3911 τῆς
936 3839 1045 3893 τῶν
1072 3839 1371 3913 ἀνθρώπων
1407 3841 1715 3912 δυνάμεως,
1747 3842 1842 3893 καὶ

257 3930 371 3982 τῶν
407 3930 505 4000 τῆς
535 3929 748 4000 φύσεως
776 3932 916 4003 ὅρων
947 3932 1479 4004 ὐπερεκπίπτουσαν.
1515 3935 1699 4005 Μόνης
1731 3933 1839 4004 γὰρ

256 4023 359 4093 τῆς
387 4024 679 4093 ἀσωμάτου
713 4041 770 4077 τε
804 4026 899 4078 καὶ
941 4025 1106 4078 ἀΰλου
1141 4026 1354 4094 φύσεως
1393 4024 1453 4078 τὸ
1498 4025 1737 4078 τοιοῦτον
1770 4019 1839 4096 ῆν

256 4117 434 4169 εἰπεῖν
455 4159 469 4182 ,
505 4112 573 4189 ἦς
605 4117 755 4171 οὐδὲν
796 4116 968 4182 πάθος
1013 4118 1123 4172 τῶν
1155 4119 1504 4189 ἀνθρωπίνων
1531 4118 1840 4189 προσάπτε-

253 4225 372 4263 ται.
404 4208 723 4280 ΙἈνθρωπος
748 4209 807 4262 δέ
840 4228 922 4275 τις
949 4208 1023 4263 ὢν
1058 4211 1150 4263 καὶ
1198 4209 1367 4280 θυμὸν
1413 4208 1840 4279 συνουσιωμένον

248 4298 399 4369 ἔχων
426 4301 491 4369 τῇ
516 4296 709 4368 φύσει,
729 4300 953 4371 πάσχων
974 4318 1033 4353 τε
1062 4300 1245 4362 κακῶς
1274 4300 1424 4370 παρὰ
1448 4299 1540 4352 τοῦ
1572 4291 1839 4369 μηδεμίαν

257 4389 363 4459 μὲν
392 4389 672 4460 εἰληφότος
718 4393 797 4455 εἰς
833 4393 895 4445 τὸ
946 4392 1114 4445 κακὸν
1169 4388 1456 4463 ἀφορμὴν,
1499 4391 1709 4445 πολλῶν
1749 4396 1839 4447 καὶ

2551 1814 2781 1870 CAPUT
2820 1815 2935 1871 XV.

2027 1898 2203 1983 Hujus
2236 1918 2366 1958 vero
2404 1904 2619 1973 psalmi,
2656 1907 2749 1975 qui
2798 1906 3070 1977 sequitur,
3109 1910 3378 1966 celsitudo
3412 1920 3533 1966 tan-

1954 2002 2071 2049 tum
2114 1996 2522 2067 magniﬁcentia
2570 1997 2809 2067 priorem
2860 2009 3101 2069 superat,
3158 2011 3424 2072 quantum
3466 2020 3531 2057 ex

1954 2086 2091 2157 ipsis
2116 2104 2237 2157 quae
2256 2089 2577 2143 scribuntur
2604 2089 2787 2144 verbis
2808 2092 3066 2162 colligere
3097 2094 3244 2158 licet,
3267 2103 3321 2150 et
3350 2112 3534 2166 quem-

1952 2180 2245 2236 admodum
2300 2182 2445 2237 inter
2493 2198 2773 2249 cursores,
2831 2184 2923 2254 qui
2968 2186 3229 2241 victorem
3296 2189 3528 2243 aliorqu

1951 2274 2225 2328 currendo
2264 2275 2417 2338 vicit,
2450 2277 2743 2332 clariorem
2791 2295 2955 2349 quam
2985 2282 3137 2351 prior
3169 2284 3398 2352 gloriam
3438 2300 3529 2338 re-

1950 2367 2097 2431 tulit,
2145 2368 2340 2422 melior
2375 2369 2601 2423 ell‘ectus
2649 2384 2714 2424 eo
2754 2371 2846 2440 qui
2900 2382 3332 2439 przrcucurrerat
3375 2393 3388 2429 :
3451 2377 3531 2430 sic

1948 2461 2165 2514 videtur
2195 2462 2457 2529 septimus
2491 2469 2543 2516 et
2564 2462 3053 2532 quinquagesimus
3081 2466 3327 2534 psalmus
3356 2468 3529 2522 multo

1949 2552 2144 2622 majori
2179 2552 2540 2615 incremento,
2575 2554 2754 2622 quoad
2792 2556 3143 2619 sententiam,
3171 2556 3527 2626 magnificen-

1948 2645 2022 2698 tia
2054 2646 2261 2715 proprii
2298 2662 2496 2701 sensus
2526 2646 2924 2716 praecedentem
2951 2662 3211 2716 superare
3237 2666 3249 2700 :
3292 2658 3353 2702 ut
3378 2650 3525 2703 enim

1948 2733 2040 2789 ille
2071 2734 2193 2789 aliis
2229 2735 2465 2804 palmam
2502 2736 2805 2804 praeripuit,
2848 2736 2927 2790 sic
2958 2737 3061 2791 iste
3100 2737 3223 2806 plus
3258 2737 3423 2792 habet
3458 2739 3527 2794 de

1946 2844 2032 2889 eo.
2083 2844 2193 2899 quo
2226 2830 2442 2884 caeteris
2478 2830 2774 2895 antecellit,
2813 2830 2975 2901 eique
3028 2832 3398 2886 testimonium
3440 2833 3527 2886 vi-

1946 2922 2132 2976 ctoriw
2162 2922 2362 2991 praebet
2388 2922 2505 2991 ipsa
2540 2922 2867 2992 inscriptio:
2898 2943 2915 2974 ι
2947 2922 3001 2976 1η
3036 2922 3218 2977 ﬁnem.
3258 2944 3278 2976 ι
3315 2924 3421 2981 Sed
3449 2926 3527 2981 via

1945 3014 2106 3068 detur
2146 3014 2325 3068 oratio
2357 3029 2466 3067 non
2510 3024 2617 3068 tam
2649 3014 3090 3069 adversariorum
3132 3015 3523 3082 devictionem,

1946 3120 2110 3175 quam
2142 3106 2533 3159 abundantiam
2564 3106 2853 3169 bonorum,
2901 3122 3021 3174 quae
3057 3120 3123 3159 ex
3158 3106 3261 3161 hac
3292 3108 3520 3163 victoria

1946 3198 2324 3269 consequitur,
2365 3200 2662 3253 contestari
2710 3216 2723 3253 :
2776 3198 2859 3253 sic
2908 3212 3038 3250 vero
3089 3198 3155 3251 ad
3196 3199 3421 3253 verbum
3462 3215 3523 3256 se

1947 3291 2148 3345 habent
2191 3290 2571 3360 inscriptionis
2605 3290 2809 3345 verba:
2855 3309 2872 3341 ‹
2926 3290 2984 3343 1η
3035 3288 3241 3343 ﬁnem:
3290 3290 3371 3345 Ne
3403 3290 3521 3345 dis—

1946 3381 2163 3451 perdas,
2215 3382 2385 3435 David
2422 3382 2480 3435 in
2533 3382 2674 3436 tituli
2724 3382 3158 3451 inscriptionem.
3218 3400 3237 3433 ι
3290 3381 3521 3449 Quoties

1945 3475 2378 3543 longanimitatis
2410 3475 2511 3530 iste
2546 3475 2715 3545 pugil,
2754 3476 2824 3529 ob
2859 3488 3121 3530 coronam
3157 3474 3321 3545 hujus
3348 3476 3524 3532 victo-

1945 3567 2072 3629 riae,
2133 3582 2162 3621 a
2224 3568 2407 3638 seipsa
2457 3576 2715 3637 tanquam
2769 3569 3099 3639 agonotheta
3156 3570 3523 3639 praedicatur?

1944 3660 2063 3730 ipso
2116 3657 2368 3714 fortassis
2417 3657 2624 3728 Spiritu
2686 3666 2880 3713 sancto
2929 3659 3254 3713 mirabiliter
3319 3663 3521 3733 saepius

1942 3765 2130 3804 vocem
2165 3749 2305 3803 hanc
2336 3749 2588 3812 iterante,
2625 3749 2781 3820 quasi
2820 3752 3169 3819 prmstantior
3214 3752 3283 3806 sit
3322 3754 3525 3811 virtute

1944 3842 2182 3895 humana
2210 3849 2264 3897 et
2303 3856 2468 3911 supra
2502 3850 2710 3895 natura:
2742 3840 2877 3896 ﬁnes
2910 3849 3097 3896 evecta
3127 3864 3137 3897 :
3173 3844 3345 3899 solius
3372 3846 3522 3901 enim

1943 3932 2282 4003 incorporea:
2327 3939 2380 3987 et
2428 3932 2805 3986 immaterialis
2854 3939 3064 3986 natura:
3115 3931 3218 3988 hoc
3275 3942 3394 3989 erat
3437 3936 3523 3989 dl-‘

1942 4040 2092 4088 cere,
2126 4039 2288 4094 quam
2332 4024 2480 4077 nulla
2514 4024 2877 4077 humanarum
2922 4022 3271 4077 aﬁ‘ectionum
3320 4027 3516 4096 tangit.

1940 4115 2177 4171 Protulit
2207 4126 2388 4171 tamen
2427 4116 2569 4171 hanc
2612 4129 2802 4169 vocem
2836 4116 3021 4182 homo,
3052 4116 3145 4187 qui
3188 4118 3323 4171 iram
3358 4133 3391 4173 a
3421 4133 3522 4173 na-

1942 4224 2064 4268 tura
2088 4224 2200 4266 suae.
2222 4208 2544 4265 substantiae
2575 4208 2819 4262 innatam
2854 4208 3035 4273 habet,
3066 4209 3160 4280 qui
3185 4210 3356 4263 multa
3376 4212 3521 4265 mala

1941 4304 2346 4377 perpetiebatur
2380 4301 2448 4355 ab
2475 4314 2539 4355 eo
2568 4299 2658 4354 eui
2690 4299 2896 4354 nullam
2927 4299 3059 4353 mali
3092 4300 3401 4370 cujuspiam
3433 4301 3522 4355 in-

1942 4394 2148 4452 ferendi
2200 4394 2547 4449 occasionem
2595 4390 2821 4445 dederat
2847 4408 2859 4445 :
2886 4390 2996 4445 imo
3039 4390 3109 4446 ab
3150 4407 3214 4446 eo
3260 4392 3315 4445 in
3354 4408 3519 4461 quem

253 4480 515 4553 μεγάλων
543 4482 761 4551 ἀγαθῶν
792 4483 1097 4555 ἠξιωμένου
1118 4525 1132 4547 ,
1164 4486 1304 4557 ὑπέρ
1336 4504 1393 4539 τε
1422 4488 1520 4557 τῆς
1547 4489 1709 4559 κενῆς
1739 4491 1835 4559 ἀρ-

1948 4488 2113 4542 multa
2143 4493 2196 4541 et
2228 4484 2463 4554 insignia
2496 4481 2757 4538 beneﬁcia
2795 4482 3136 4549 contulerat;
3169 4485 3258 4552 qui
3297 4492 3520 4553 propter

246 4572 361 4643 χῆς
389 4573 481 4625 καί⁵
506 4574 644 4645 ὑπὲρ
670 4574 778 4627 τῶν
803 4576 882 4638 είς
906 4574 1067 4629 αὐτὸν
1090 4578 1293 4629 ἐκεῖνον
1318 4579 1715 4649 γεγενημένων,
1747 4575 1837 4633 οὗ·

230 4673 349 4725 τος
382 4664 720 4736 μετανάστης
754 4664 845 4719 ὐπ’
878 4666 1041 4719 αὐτοῦ
1078 4666 1173 4720 τοῦ
1206 4670 1303 4739 τῆς
1336 4669 1579 4733 εὐποιίας
1609 4688 1836 4743 τετυχη-

241 4752 415 4816 κότος
467 4753 561 4806 καὶ
590 4754 766 4823 φυγάς
796 4755 1003 4823 γίνεται
1032 4754 1131 4824 τῆς
1159 4756 1363 4818 οἰκείας
1401 4754 1584 4819 ἑστίας
1613 4758 1706 4811 ἐπὶ
1742 4757 1837 4810 θα-

236 4845 404 4916 νάτῳ
438 4845 591 4917 παρά
618 4846 710 4899 τοῦ
739 4842 797 4900 εὖ
832 4846 1163 4911 πεπονθότος
1192 4847 1663 4919 συνελαυνόμενος.
1706 4848 1835 4901 Ἀλ-

230 4938 375 4993 Ἆοτε
403 4938 561 4992 ἀλλον
586 4940 690 4992 ὑπὸ
718 4938 1025 5010 ἀμηχανίας
1053 4938 1224 4993 ἐπιὼν
1248 4939 1410 4994 τόπον
1434 4942 1660 5012 ἐρήμοις
1682 4942 1836 4993 ἐναυ-

236 5031 536 5101 λιζόμενος
557 5072 571 5094 ,
600 5029 930 5102 ἀκρωρείαις
968 5031 1324 5103 προσφεύγων
1343 5071 1358 5097 ,
1389 5031 1698 5101 ἀλλοφύλων
1734 5032 1837 5087 ίκέο

235 5138 354 5195 ’της
412 5124 734 5193 γενόμενος,
781 5125 839 5176 ὲν
874 5123 1050 5195 ἐνδείᾳ
1086 5124 1196 5176 τῶν
1223 5124 1535 5192 ἀναγκαίων
1586 5141 1833 5178 κακοπα-

238 5216 384 5281 Θῶν,
419 5215 584 5269 ῦπαιθ
593 5230 683 5289 ρος
713 5215 783 5269 τὰ
811 5215 980 5269 πολλὰ
1005 5216 1400 5288 διακαρτερῶν,
1419 5216 1676 5281 πολλάκις
1702 5218 1831 5289 παρ’

234 5307 421 5362 αὐτοῦ
445 5307 537 5360 τὸν
580 5308 740 5378 μέχρι
770 5307 1002 5361 θανάτου
1030 5308 1272 5362 κίνδυνον
1303 5308 1542 5371 ὑποστὰς
1565 5349 1580 5372 ,
1606 5308 1703 5361 νῦν
1736 5308 1835 5378 μὲν

232 5398 511 5471 αὐτόχειρ
540 5400 627 5454 διὰ
657 5402 752 5472 τῆς
784 5401 980 5473 λόγχης
1012 5388 1146 5472 πρὸς
1184 5403 1274 5455 τὸν
1300 5404 1419 5455 κατ’
1462 5399 1627 5455 αὐτοῦ
1677 5402 1833 5471 φόνον

226 5495 627 5565 ὁρμήσαντοςο
645 5494 807 5549 πάλιν
834 5494 891 5547 δὲ
921 5496 1011 5549 τὸν
1041 5491 1208 5562 οἷκον,
1236 5496 1295 5549 ὲν
1323 5491 1365 5563 ᾦ
1386 5496 1590 5567 διῆγεν,
1615 5496 1700 5549 διά
1726 5496 1833 5550 τῶν

226 5584 568 5657 δορυφόρων
598 5585 967 5652 διαλαϐόντος,
992 5588 1066 5653 ὼς
1094 5587 1160 5643 ἂν
1185 5587 1260 5660 μὴ
1282 5587 1440 5657 φύγοι
1471 5589 1554 5642 τὸν
1580 5588 1825 5644 θάνατον.

285 5762 309 5792 ⁸
353 5759 489 5815 Luc.
527 5776 585 5816 ll.
620 5761 705 5817 14.

1934 4585 2099 4638 inane
2128 4578 2410 4642 imperium
2432 4616 2447 4640 ,
2470 4582 2523 4628 et
2548 4576 2619 4629 ob
2643 4574 2734 4628 illa
2761 4574 2899 4644 ipsa,
2924 4589 3045 4644 quas
3072 4574 3219 4629 illius
3244 4576 3415 4643 gratia
3441 4576 3520 4631 fe-

1935 4681 2108 4735 cerat,
2140 4664 2297 4725 exsul
2322 4666 2554 4723 efﬁcitur
2586 4668 2655 4721 ab
2692 4666 2784 4721 illo
2815 4667 2933 4735 ipso
2957 4667 3048 4733 qui
3078 4666 3356 4722 beneﬁciis
3388 4667 3520 4722 atie-

1935 4774 2058 4820 ctus
2102 4763 2314 4823 fuerat;
2358 4758 2732 4827 profugusque
2764 4758 2841 4821 ﬁt,
2880 4757 3101 4827 propria
3135 4757 3323 4822 domo,
3354 4758 3424 4811 ab
3451 4774 3517 4814 eo

1937 4856 2003 4910 de
2056 4866 2166 4923 quo
2214 4851 2354 4904 bene
2407 4850 2634 4901 meritus
2684 4856 2826 4911 erat,
2879 4846 3111 4916 ejectus,
3160 4847 3297 4902 alias
3348 4848 3515 4902 alium

1942 4958 2055 5016 prae
2097 4941 2484 5011 desperatione
2518 4939 2697 4991 locum
2745 4946 2956 5008 petens,
3001 4939 3054 4992 in
3086 4939 3382 4994 solitudine
3421 4939 3518 4994 de-

1934 5053 2089 5109 gens,
2145 5035 2200 5088 in
2248 5032 2516 5087 montium
2565 5030 2798 5085 vertices
2843 5046 2903 5086 se
2945 5032 3237 5101 recipiens,
3284 5033 3515 5101 supplex

1934 5125 2257 5197 alienigenis
2324 5124 2534 5186 factus,
2568 5123 2750 5193 inopia
2814 5138 3000 5178 rerum
3074 5123 3513 5179 necessariarum

1933 5220 2187 5286 amictus,
2223 5218 2326 5274 sub
2352 5217 2443 5271 dio
2470 5216 2791 5287 plerumque
2824 5231 3010 5287 agens,
3038 5232 3180 5286 saepe
3210 5216 3510 5286 periculum

1932 5314 2127 5369 mortis
2156 5313 2223 5368 ab
2249 5312 2465 5381 ingrato
2485 5317 2730 5364 creatum
2756 5308 2969 5375 adiens,
2998 5310 3089 5379 qui
3119 5323 3266 5363 nunc
3291 5306 3509 5377 quidem

1941 5420 2041 5462 sua
2072 5419 2259 5469 manu,
2292 5403 2447 5459 hasta
2479 5410 2715 5473 arrepta,
2753 5403 2953 5457 caedem
2988 5402 3065 5455 illi
3096 5401 3345 5467 intentat,
3384 5415 3510 5454 rur-

1941 5510 2145 5569 susque
2176 5497 2398 5550 domum
2434 5494 2487 5548 in
2518 5509 2625 5565 qua
2660 5493 2909 5563 degebat,
2954 5491 3286 5547 satellitibus
3318 5490 3507 5559 stipat,

1940 5600 2010 5643 ne
2041 5595 2268 5643 mortem
2304 5585 2602 5656 effugeret:
2636 5585 2729 5654 qui
2776 5582 2971 5639 deinde
3011 5575 3501 5646 SOlliCileinqnirit.
