3986 6470
524 391 620 447 591

1785 383 1845 438 S.
1883 375 2215 437 GREGORII
2243 374 2536 431 NYSSENI

3665 375 3765 430 592

521 515 615 575 ubi
654 517 896 570 locorum
929 519 1260 573 versaretur,
1303 508 1395 563 ubi
1437 507 1617 564 cibum
1654 505 2000 577 sumpsisset,
2042 510 2094 556 et

2205 495 2328 554 Εἶτα
2354 499 2628 572 πανταχοῦ
2663 498 3239 572 πολυπραγμονοῦντος
3259 539 3273 561 .
3307 501 3366 553 ἐν
3397 495 3478 563 οἷς
3523 498 3766 571 ηὐλίζετο

523 609 665 681 apud
697 623 836 680 quos
870 611 1073 675 ageret,
1111 610 1166 658 et
1193 601 1261 658 ad
1291 615 1430 672 quos
1464 597 1819 669 confugisset,
1845 604 1898 652 et
1945 604 2096 664 post-

521 715 686 772 quam
719 698 800 753 bis
847 696 949 766 ipsi
992 694 1175 749 oblata
1221 699 1307 749 est
1353 691 1474 761 ejus
1511 685 1798 745 occidendi
1833 691 2097 756 opportu-

520 794 704 856 nitas,
730 797 860 843 tunc
887 785 1109 856 quidem
1148 799 1273 839 cum
1315 783 1369 836 in
1399 782 1658 852 spelunca
1703 794 1771 834 ex
1802 775 2098 847 improviso

523 884 654 939 Saul
689 884 744 936 in
776 894 972 934 manus
1004 877 1225 931 Davidis
1261 873 1566 936 incidisset,
1597 884 1793 926 rursus
1829 869 1886 922 in
1916 866 2099 922 taber-

523 977 755 1039 naculo,
807 973 1026 1045 quando
1081 983 1276 1026 somno
1327 967 1574 1036 sepultus
1619 961 1866 1034 jacebat;
1930 957 2098 1012 David

523 1083 654 1124 vero
681 1066 973 1123 dormienti
1001 1063 1196 1124 astitit.
1238 1059 1458 1131 quando
1485 1070 1702 1112 omnem
1736 1053 1934 1110 licebat
1961 1052 2096 1106 iram

524 1164 582 1219 in
619 1160 766 1217 caede
814 1159 899 1216 sui
937 1155 1306 1230 persecutoris
1358 1159 1716 1216 exsaturare;
1762 1161 1940 1217 neque
1983 1145 2098 1215 ipse

523 1271 720 1310 manus
756 1255 807 1308 ei
840 1251 1042 1314 attulit,
1083 1257 1137 1305 et
1161 1249 1237 1304 illi
1267 1246 1359 1318 qui
1417 1245 1486 1300 ad
1532 1243 1733 1298 caedem
1783 1239 2095 1300 featinabat,

525 1347 680 1412 illud,
719 1364 737 1398 ι
778 1344 857 1398 Ne
901 1341 1207 1412 disperdas,
1239 1357 1258 1391 ι
1296 1336 1466 1404 dixit;
1507 1334 1621 1390 Deo
1649 1333 1810 1403 digna
1847 1337 1932 1386 est
1967 1344 2094 1391 vox,

526 1455 648 1513 quae
673 1436 913 1493 hominis
937 1433 1216 1489 interitum
1245 1436 1412 1504 vetat.

595 1620 866 1689 Quocirca
895 1613 1358 1689 quemadmodum
1387 1612 1490 1677 illi,
1518 1610 1612 1681 qui
1647 1607 1976 1664 illustriores
1999 1620 2099 1660 no-

527 1721 611 1768 tas
648 1713 705 1766 in
755 1708 1027 1780 lapidibus
1069 1705 1432 1774 exsculpunt,
1469 1703 1525 1755 in
1561 1698 1889 1771 profundum
1937 1696 2098 1751 caela-

525 1819 647 1862 tura
682 1802 929 1858 incidunt
972 1799 1366 1854 elementorum
1408 1794 1774 1849 characteres.
1819 1788 1961 1859 stylo
2001 1801 2096 1841 sa:-

2197 595 2292 648 xat
2313 590 2394 656 οἷς
2421 593 2746 663 κατέφαγεν,
2775 591 2926 663 παρὰ
2942 591 3094 656 τίνας
3117 591 3226 662 εἴη,
3246 588 3336 644 καί
3361 591 3495 663 πρὸς
3519 591 3614 655 οὓς
3643 610 3767 659 μετ-

2198 685 2468 739 ανίστατο.
2534 684 2645 737 Καὶ
2696 682 2883 754 ἐπειδὴ
2929 681 3010 745 δὶς
3054 680 3203 752 αὑτῷ
3249 681 3579 751 συνέδραμεν
3609 678 3643 751 ἡ
3679 680 3767 734 τοῦ

2198 776 2516 828 ἀποκτεῖναι
2543 773 2634 827 τὸν
2659 772 2850 843 ἐχθρὸν
2883 771 3155 843 εὐκαιρία,
3189 772 3282 826 νῦν
3307 771 3406 842 μὲν
3434 775 3491 825 ἐν
3521 770 3604 842 τῷ
3636 787 3770 842 σπη-

2197 865 2334 934 λαίῳ
2360 864 2682 934 ἀπροόπτως
2713 858 2807 918 τοῦ
2836 864 3010 918 Σαοὺλ
3049 866 3171 927 ταῖς
3197 862 3290 916 τοῦ
3317 863 3479 918 Δαὸὶδ
3509 865 3771 934 ἐμπεσόν-

2197 974 2286 1020 τος
2309 955 2520 1028 χερσίν·
2553 955 2714 1010 πάλιν
2743 955 2801 1008 δέ
2829 955 2970 1010 κατὰ
2993 954 3090 1025 τὴν
3130 955 3353 1027 σκηνὴν,
3390 956 3477 1009 ὅτε
3505 957 3534 1008 ὁ
3568 955 3670 1026 μὲν
3699 955 3772 1026 τῷ

2199 1048 2352 1120 ὕπνῳ
2384 1049 2618 1120 πάρετος
2644 1043 2732 1120 ἦν,
2763 1049 2792 1101 ὁ
2829 1048 2885 1102 δέ
2911 1047 3075 1101 Δαϐὶδ
3100 1049 3410 1120 ἐφειστήκει
3437 1030 3772 1111 καθεῦδον-ει,

2197 1141 2284 1195 ὅτε
2315 1141 2493 1195 πᾶσαν
2523 1138 2822 1211 ἐξῆνςαὺτῷ
2845 1138 2942 1211 τὴν
2973 1139 3142 1210 ὀργὴν
3167 1140 3224 1192 ἐν
3248 1137 3325 1209 τῷ
3358 1139 3502 1209 φόνῳ
3532 1126 3627 1192 τόῦ
3654 1139 3775 1192 διώ-

2198 1251 2385 1298 κοντος
2435 1233 2595 1287 αὐτὸν
2641 1231 3070 1304 ἀποπληρῶσαιο
3112 1230 3237 1286 οὗτε
3285 1231 3445 1294 αὐτὸς
3485 1231 3583 1302 τὴν
3615 1233 3774 1302 χεῖρα

2199 1328 2497 1397 ἐπήγαγεν,
2552 1326 2644 1380 καὶ
2699 1324 2776 1396 τῷ
2824 1323 2960 1394 πρὸς
3005 1323 3104 1394 τὴν
3150 1323 3425 1395 ἀναίρεσιν
3467 1323 3771 1387 σπεύδοντι,

2204 1435 2223 1468 ι
2258 1417 2350 1487 Μὴ
2386 1416 2729 1490 διαφθείρῃς,
2753 1434 2771 1465 ι
2801 1414 2965 1484 λέγει.
3006 1414 3140 1468 Θεοῦ
3168 1432 3251 1479 τις
3281 1413 3539 1485 ἄντικρύς
3572 1415 3717 1466 ἐστιν
3738 1413 3773 1484 ἠ

2199 1503 2368 1575 φωνὴ,
2393 1503 2490 1576 τὴν
2525 1503 2728 1576 φθορὰν
2761 1505 2852 1559 ἐπὶ
2875 1503 2967 1558 τοῦ
2998 1504 3284 1575 ἀνθρώπου
3310 1502 3613 1558 κωλύουσα.

2266 1596 2365 1649 Διὰ
2392 1595 2548 1649 τοῦτο
2572 1596 2821 1668 καθάπερ
2843 1597 2892 1651 οί
2920 1597 3295 1668 ἐπισημότερα
3323 1596 3601 1661 ποιοῦντες
3619 1595 3691 1649 τά
3717 1597 3776 1649 ἐν

2195 1690 2308 1752 τοῖς
2361 1686 2528 1751 λίθοις
2582 1689 2945 1760 χαράγματα,
2993 1689 3072 1752 είς
3127 1686 3289 1758 βάθος
3340 1688 3659 1757 ἐντέμνουσι
3705 1690 3774 1759 τῇ

2196 1781 2372 1853 γλυφῇ
2420 1782 2528 1836 τῶν
2579 1781 2855 1853 στοιχείων
2902 1782 3028 1844 τοὺς
3078 1781 3466 1854 χαρακτῆρας,
3515 1781 3778 1845 πολλάκις

525 1899 650 1968 pius
688 1894 877 1950 formis
917 1891 1178 1957 inducto;
1222 1889 1302 1944 sic
1337 1892 1595 1958 perpetua
1629 1881 1950 1952 repetitione
1981 1878 2098 1949 Spi-

2205 1847 2492 1942 ἐπάγοντες
2529 1874 2628 1946 τὴν
2669 1847 2908 1945 γραφίδα
2939 1874 3052 1939 τοῖς
3079 1847 3517 1945 τύποιςίίοῦτως
3556 1874 3646 1928 διὰ
3674 1874 3784 1944 τῆς

523 1990 666 2044 ritus
706 1993 952 2049 sanctus,
1004 1982 1305 2054 planiorem
1343 1987 1396 2034 et
1435 1974 1895 2036 manifestiorem,
1939 1972 2095 2042 quasi

526 2081 580 2136 in
608 2080 860 2134 columna
884 2075 1160 2131 memoriae
1184 2079 1406 2137 nostrae,
1442 2066 1784 2139 magniﬁcam
1813 2065 1976 2119 istam
2001 2078 2098 2118 vo-

525 2188 642 2227 cem
686 2171 896 2226 efﬁcere
937 2175 1190 2232 conatur,
1233 2174 1292 2220 ut
1336 2163 1484 2218 clare
1528 2167 1582 2215 et
1615 2160 1734 2216 sine
1778 2156 2101 2213 confusione

527 2264 857 2332 scripturam
905 2259 1049 2313 hanc
1083 2255 1240 2312 nobis
1278 2253 1632 2322 insculptam,
1672 2245 2097 2318 tempore‘cala-

529 2353 778 2406 ntitatum
826 2356 881 2404 et
925 2346 1396 2417 perturbationum
1443 2343 1688 2413 legamus
1734 2358 1750 2395 :
1795 2339 1898 2392 hoc
1953 2338 2099 2392 enim

530 2453 780 2500 sanctum
817 2439 1083 2511 Spiritum
1117 2437 1410 2494 consilium
1455 2441 1706 2504 spectare
1732 2430 1995 2494 arbitror,
2041 2435 2101 2482 ut

531 2535 788 2607 praeclare
820 2532 963 2587 facta
1009 2539 1327 2584 sanctorum
1376 2527 1620 2581 virorum
1661 2525 1772 2580 sint
1815 2524 1870 2578 in
1918 2536 2101 2579 exem-

533 2629 702 2696 plum,
727 2633 783 2681 et
813 2624 970 2695 quasi
997 2622 1255 2678 ducatum
1281 2617 1576 2691 posteriori
1596 2617 1742 2678 vitae,
1773 2614 1841 2670 ad
1871 2613 2098 2669 similem

527 2717 900 2788 prastantiam
929 2713 1234 2768 imitatione
1261 2726 1362 2766 nos
1387 2708 1674 2764 invitante.
1704 2705 1933 2774 Quando
1954 2703 2098 2760 enim

529 2811 600 2866 ad
627 2811 771 2879 ejus,
803 2808 896 2878 qui
933 2822 1034 2862 nos
1069 2806 1152 2860 ira
1201 2802 1644 2864 inllammaverit,
1687 2800 1950 2855 ultionem
1990 2798 2104 2857 ani-

531 2916 655 2956 mus
679 2905 963 2962 exaestuat,
991 2905 1046 2952 et
1066 2895 1419 2952 excandescit
1443 2894 1620 2948 iratus
1642 2892 1866 2962 sanguis
1893 2891 2101 2946 circum

529 2991 852 3064 praecordia,
901 2990 958 3044 in
998 2989 1153 3043 illum
1179 2987 1272 3058 qui
1316 3000 1418 3042 nos
1452 2984 1702 3040 molestia
1731 2981 1931 3048 affecit,
1971 2991 2105 3037 tunc

531 3087 599 3141 ad
643 3085 783 3138 hanc
808 3082 1144 3144 columnam,
1172 3093 1336 3148 quam
1384 3075 1627 3148 Spiritus
1657 3083 1887 3132 sanctus
1914 3073 2103 3128 Davidi

2201 1965 2455 2037 συνεχοῦς
2485 1966 2909 2039 ἐπαναλήψεως,
2941 1966 3003 2020 τὸ
3027 1965 3253 2039 Πνεῦμα
3290 1967 3350 2020 τὸ
3379 1967 3534 2035 ἅγιον
3563 1964 3776 2035 τρανῶ-

2198 2078 2352 2132 τερον
2379 2061 2473 2116 καὶ
2498 2060 2718 2132 εὔδηλον
2745 2062 2803 2114 ἐν
2821 2064 2887 2133 τῇ
2914 2060 3086 2134 στήλῃ
3116 2063 3214 2134 τῆς
3243 2062 3464 2132 μνήμης
3491 2063 3522 2132 ἡ
3533 2060 3652 2130 μῶν
3675 2058 3775 2131 τὴν

2202 2153 2444 2224 μεγάλην
2471 2152 2675 2221 ταύτην
2722 2153 2881 2227 ρἧιν
2926 2152 3179 2222 γενέσθαι
3224 2151 3631 2224 παρασκευάζει
3655 2168 3670 2182 ο
3699 2153 3777 2216 ὡς

2201 2244 2266 2298 ἂν
2285 2243 2480 2316 τρανόν
2497 2261 2556 2298 τε
2577 2246 2672 2299 καὶ
2689 2244 2992 2316 άσύγχυτον
3010 2245 3443 2317 ἐντετυπωμένον
3464 2247 3593 2315 ἡμῖν
3615 2244 3778 2298 τοῦτο

2198 2337 2259 2390 τὸ
2285 2337 2518 2408 γράμμα
2541 2378 2556 2402 ,
2587 2338 2645 2390 ἐν
2682 2337 2761 2410 τῷ
2793 2336 2971 2410 καιρῷ
3000 2337 3109 2392 τῶν
3136 2337 3472 2409 παθημάτων
3501 2339 3777 2408 ἀναγινώο

2203 2445 2403 2482 σκοιτο.
2430 2429 2571 2499 Πρὸς
2597 2429 2756 2483 τοῦτο
2777 2430 2885 2502 γὰρ
2912 2425 3066 2501 οἶμαι
3094 2430 3193 2502 τὴν
3223 2431 3316 2484 τοῦ
3345 2431 3495 2500 ἁγίου
3522 2431 3780 2502 Πνεύμαο

2200 2540 2291 2586 τος
2315 2524 2624 2594 οἰκονομίαν
2652 2526 2806 2596 ὁρᾷν.
2831 2523 2972 2578 ὥστε
2996 2523 3064 2578 τὰ
3095 2523 3431 2597 προλαϐόντα
3459 2525 3567 2577 τῶν
3603 2525 3780 2593 ἁγίων

2202 2616 2410 2685 ἀνδρῶν
2444 2615 2843 2690 κατορθώματα
2868 2657 2883 2682 ,
2920 2619 3000 2682 εἰς
3056 2618 3278 2690 ὁδηγίαν
3320 2619 3642 2690 προκεῖσθαι
3705 2619 3778 2690 τῷ

2207 2707 2344 2777 μετὰ
2378 2689 2886 2781 tamtam
2917 2709 2977 2763 τὸ
3012 2689 3333 2763 foci-vitam
3357 2689 3537 2781 δμοιον
3567 2689 3778 2779 ἀγαθὸν

2205 2799 2551 2872 προαγούσης
2569 2802 2602 2872 ἡ
2611 2801 2718 2872 μᾶς
2742 2804 2847 2873 τῆς
2873 2802 3177 2871 μιμήσεως.
3199 2801 3315 2856 Ὅτ’
3330 2803 3394 2856 ἂν
3410 2801 3515 2874 γὰρ
3527 2801 3776 2874 διοιδήσῃ

2203 2889 2342 2961 πρὸς
2372 2889 2474 2962 τὴν
2523 2889 2618 2944 τοῦ
2672 2875 3386 2964 παροξύὴτνῑόῖῗᾶμυνανή
3443 2892 3583 2962 ψυχὴ
3610 2933 3628 2958 ,
3684 2892 3781 2945 καὶ

2205 2979 2338 3053 ζ’έσῃ
2364 2981 2441 3053 τῷ
2476 2981 2629 3054 θυμῷ
2672 2981 2733 3035 τὸ
2762 2982 3106 3056 περικάρδιον
3138 2975 3276 3054 αἷμα
3321 2984 3459 3037 κατὰ
3481 2983 3573 3037 τοῦ
3623 2983 3780 3036 λελυ-

2205 3074 2441 3145 πηκότος
2467 3114 2482 3138 ,
2508 3075 2629 3128 τότε
2666 3075 2804 3146 πρὸς
2832 3075 3038 3147 ταύτην
3064 3093 3147 3140 τις
3192 3075 3495 3146 ἀναϐλέψας
3513 3074 3613 3146 τὴν
3653 3078 3779 3147 611';-

530 3179 723 3240 erexit,
776 3170 1096 3243 respiciens,
1147 3177 1204 3224 et
1251 3167 1418 3224 verba
1463 3166 1518 3221 in
1573 3166 1663 3220 illa
1710 3165 1936 3237 scripta,
1984 3179 2102 3236 quae

2210 3167 2330 3237 λην,
2360 3168 2428 3239 ἢν
2462 3168 2525 3222 τὸ
2560 3167 2714 3237 ἅγιον
2743 3168 2968 3248 Πνεῦμα
2990 3167 3067 3239 τῷ
3092 3168 3256 3222 Δαὸὶδ
3279 3169 3616 3239 ἀνεστήσατο
3636 3208 3653 3231 ,
3686 3168 3781 3220 καὶ

532 3265 705 3321 David
747 3280 846 3336 pro
888 3265 974 3320 sui
1020 3259 1390 3317 interfectoris
1434 3258 1812 3314 incolumitate
1854 3257 2101 3329 protulit,

534 3361 816 3431 relegens,
871 3353 1254 3426 tranquillabit
1311 3352 1538 3408 omnino
1594 3350 1891 3405 tumultum
1951 3349 2105 3404 illum

533 3453 949 3525 cogitationum,
994 3463 1115 3519 quae
1165 3449 1220 3501 in
1270 3446 1456 3500 animo
1498 3445 1868 3510 exstiterunt;
1913 3451 2106 3514 pacata

533 3545 682 3602 omni
707 3540 1136 3613 perturbatione,
1169 3537 1442 3593 desiderio
1479 3536 1806 3592 imitationis
1843 3544 1951 3589 tam
1979 3533 2108 3591 insi-

535 3636 722 3706 gnium
772 3631 1098 3687 facinorum.
1136 3629 1307 3683 Porro
1352 3628 1784 3700 magnitudinem
1827 3625 2107 3698 profectus

533 3727 656 3796 ejus
689 3723 784 3795 qui
822 3737 986 3792 super
1022 3721 1186 3791 hujus
1223 3720 1416 3790 psalmi
1459 3717 1688 3791 gradum
1737 3717 2006 3780 ascendit,
2039 3733 2103 3774 ex

534 3816 670 3887 ipsis
697 3812 884 3868 itidem
927 3811 1125 3882 psalmi
1163 3810 1344 3865 verbis
1394 3809 1705 3879 perspicere
1751 3808 1898 3872 licet,
1934 3822 2108 3877 quan-

532 3915 648 3960 tum
691 3903 944 3961 videlicet
983 3901 1357 3973 magnitudine
1411 3910 1466 3955 et
1493 3900 1807 3956 excelsitate
1859 3898 2109 3970 superio-

530 4016 644 4058 rem
690 4005 984 4068 exsuperet
1023 4016 1037 4051 :
1072 4011 1180 4050 non
1208 3994 1353 4049 enim
1400 3993 1637 4064 amplius
1668 4008 1727 4048 se
1756 3992 1824 4046 ab
1868 3991 2108 4047 inimicis

535 4090 857 4147 conculcari
906 4088 1285 4160 conqueritur,
1337 4103 1512 4158 neque
1569 4086 2002 4142 misericordiam
2051 4084 2107 4138 in

534 4182 842 4239 subsidium
875 4179 1128 4244 advocat,
1165 4180 1262 4235 sed
1304 4180 1362 4235 in
1405 4181 1574 4234 altum
1621 4188 1863 4243 evectus,
1899 4178 2049 4232 velut
2076 4191 2107 4230 e

535 4274 760 4344 specula
809 4272 1047 4342 quadam
1091 4273 1333 4335 excelsa,
1381 4272 1468 4326 his
1519 4271 1613 4340 qui
1662 4270 1805 4325 infra
1855 4273 1909 4324 in
1942 4269 2108 4338 hujus

537 4367 791 4421 humana:
824 4365 947 4419 vita:
977 4363 1212 4418 vallibus
1241 4363 1468 4433 degunt,
1503 4361 1952 4431 reprehensionis
1990 4375 2108 4414 mo-

533 4459 604 4512 do
647 4458 752 4512 ista
791 4457 1005 4510 intonat
1035 4475 1047 4510 :
1080 4454 1267 4510 Heus!
1303 4455 1582 4517 mortales,
1616 4454 1747 4523 quid
1784 4451 2110 4523 loquimini?

2205 3261 2303 3333 τὴν
2331 3262 2389 3314 ἐν
2417 3259 2566 3331 αὑτῷ
2611 3261 2793 3333 φωνὴν
2833 3261 3098 3330 ἀναγνοὺς
3123 3299 3138 3324 ,
3159 3260 3224 3332 ῆν
3264 3263 3293 3315 ὁ
3325 3260 3484 3314 Δαϐιδ
3508 3261 3658 3331 ὑπὲρ
3686 3259 3779 3313 τοῦ

2205 3353 2474 3422 φονῶντος
2523 3352 2822 3423 ἐφθέγξατο
2854 3370 2868 3383 ·
2904 3352 3288 3426 καταστορέσει
3333 3353 3548 3417 πάντως
3581 3353 3685 3424 τὴν
3726 3356 3783 3406 ἐν

2204 3448 2270 3517 τῇ
2291 3445 2435 3517 ψυχῇ
2454 3447 2562 3500 τῶν
2582 3446 2858 3518 λογισμῶν
2879 3448 3140 3520 ταραχὴν,
3166 3446 3310 3518 πόθῳ
3331 3450 3428 3520 τῆς
3445 3447 3552 3500 τῶν
3574 3447 3780 3518 ὁμοίων

2159 3597 2166 3622 1
2209 3539 2492 3610 μιμήσεως
2524 3538 2926 3608 καταπραΰνων
2977 3538 3037 3590 τὸ
3083 3537 3272 3601 πάθος.
3316 3540 3550 3610 Πάρεστι
3608 3538 3668 3591 δὲ
3724 3539 3784 3591 τὸ

2163 3631 2178 3709 ζ
2208 3628 2434 3699 μέγεθος
2462 3625 2557 3680 τοῦ
2585 3625 2973 3706 Sami;
2999 3627 3090 3680 ἐπὶ
3114 3627 3203 3681 τὸν
3199 3626 3440 3713 ἑαθμὸν
3467 3630 3566 3697 τῆς
3597 3627 3782 3696 cum

2209 3718 2371 3790 ῳδίας
2419 3716 2621 3788 ταύτης
2669 3704 3100 3787 ἀναϐεϐηκότος,
3134 3704 3366 3772 miro-‘2?
3413 3717 3595 3772 αὐτῶν
3643 3736 3781 3772 κατ-

2209 3810 2335 3863 ιδεῖν
2363 3808 2470 3863 τῶν
2498 3808 2924 3880 τῆςψαλμῳδίας
2955 3811 3232 3881 ῥημάτων.
3260 3811 3384 3864 ὅσον
3408 3811 3503 3863 τοῦ
3530 3829 3785 3882 παρῳχη-

2206 3902 2362 3965 κότος
2389 3902 2653 3973 μεγέθους
2683 3904 3136 3974 ὑπερανέστησεν.
3175 3902 3370 3956 Οὐκέτι
3407 3903 3518 3975 γάρ
3549 3904 3677 3957 οὔτε
3723 3905 3785 3955 τὸ

2205 3992 2494 4046 πατεῖσθαι
2524 3991 2675 4065 παρά
2703 3993 2810 4046 τῶν
2837 3993 3045 4066 ἐχθρῶν
3074 3993 3331 4058 αἰτιᾶται,
3360 3992 3483 4046 οὔτε
3512 3994 3604 4047 τὸν
3630 3994 3786 4046 ἔλεον

2205 4087 2286 4149 εἰς
2315 4086 2626 4156 συμμαχίαν
2649 4084 2955 4154 ἐφέλκεται,
2984 4085 3097 4138 ἀλλ’
3121 4087 3231 4140 ἄνω
3251 4086 3567 4156 γενόμενος,
3590 4086 3787 4157 ὥσπερ

2206 4177 2270 4230 ἐκ
2302 4195 2446 4241 τινος
2474 4177 2684 4248 ὑψηλῆς
2716 4178 2947 4241 σκοπιᾶς
2969 4218 2984 4242 ,
3015 4180 3128 4240 τοῖς
3162 4178 3312 4231 κάτω
3337 4179 3478 4232 κατὰ
3516 4177 3585 4232 τὰ
3625 4180 3788 4232 κοῖλα

2204 4271 2304 4340 τῆς
2347 4268 2442 4321 τοῦ
2493 4267 2608 4338 βίου
2664 4268 2770 4322 τῶν
2825 4267 3126 4342 ἀνθρώπων
3181 4269 3458 4341 ὑπωρείας
3504 4271 3792 4340 διάγουσιν

2205 4360 2533 4429 ἐλεγκτικῶς
2558 4360 2730 4433 ἐμϐοᾷ
2757 4361 2928 4414 ταῦτα
2955 4360 3147 4430 λέγων’
3171 4356 3243 4414 Ὦ
3281 4361 3578 4434 ἄνθρωποι,
3602 4381 3653 4416 τι
3684 4363 3789 4416 λα-

2208 4451 2349 4504 λεῖτε
2378 4453 2470 4504 καὶ
2508 4452 2774 4522 πράττετε
2801 4469 2815 4518 ;
2855 4447 2963 4523 ἆρα
2997 4452 3306 4524 δικαιοσύνη
3340 4454 3459 4507 ἐστὶ
3491 4454 3552 4507 τὸ
3591 4452 3793 4506 λαλοῦ-

532 4548 668 4619 quid
699 4547 926 4602 facitis?
963 4561 1092 4600 num
1117 4545 1348 4614 justitize
1380 4552 1646 4598 consonat
1682 4545 1732 4598 id
1756 4545 1902 4615 quod
1932 4544 2102 4614 loqui-

2220 4562 2411 4616 μενον;
2453 4544 2560 4616 ἄρα
2603 4545 2669 4598 δι’
2719 4544 3011 4616 εὐθύτητος
3059 4546 3158 4618 τὴν
3207 4547 3389 4618 κρίσιν
3441 4547 3788 4615 προσάγετες

535 4641 708 4698 mini?
735 4655 864 4694 num
888 4647 1098 4694 rectum
1120 4637 1386 4707 judicium
1421 4638 1740 4693 instituitis?
1760 4639 1923 4706 Atqui
1949 4637 2107 4693 video

535 4740 720 4786 vestra
751 4729 916 4784 corda
958 4729 1013 4783 in
1067 4737 1213 4782 terra
1247 4742 1391 4784 esse.
1437 4727 1728 4797 omnisque
1779 4728 2006 4798 agitatio
2054 4738 2108 4783 et

537 4823 705 4876 motio
736 4821 920 4878 cordis
959 4835 1100 4890 opus
1129 4828 1234 4882 est,
1267 4835 1374 4874 non
1411 4821 1700 4890 cogitatio;
1738 4821 1903 4876 simul
1944 4832 2107 4896 atque

537 4914 738 4968 malum
782 4921 979 4968 vestra:
1030 4912 1198 4965 menti
1250 4913 1514 4976 occurrit,
1568 4913 1922 4984 conjungitur
1967 4930 2106 4984 opus

535 5023 658 5060 rum
711 5003 1172 5076 cogitationibus,
1221 5019 1434 5058 summa
1489 5005 1769 5059 celeritate
1819 5021 2102 5062 manuum.

535 5103 660 5158 llaec
695 5114 763 5154 ex
792 5098 1006 5168 psalmo
1038 5095 1307 5151 claritatis
1338 5111 1504 5151 causa
1536 5097 1697 5154 latius
1726 5097 1973 5153 nonnihil
2007 5113 2104 5152 ex-

537 5196 759 5263 planare
786 5191 957 5246 volui.
994 5188 1176 5245 Verba
1208 5189 1289 5244 sic
1322 5205 1380 5243 se
1422 5189 1661 5246 habent:
1705 5209 1724 5242 ι
1760 5189 1816 5244 Si
1848 5205 1975 5246 vere
1999 5189 2107 5244 uti-

533 5298 641 5354 que
663 5282 937 5354 justitiam
967 5281 1287 5352 loquimini,
1313 5287 1463 5334 rccte
1492 5279 1755 5348 iudicate,
1799 5280 1892 5334 ﬁlii
1936 5281 2105 5336 homi-

533 5385 687 5430 num.
724 5372 940 5428 Etenim
985 5373 1042 5428 in
1087 5371 1253 5426 corde
1305 5369 1621 5439 iniquitates
1663 5372 2002 5441 operamini;
2047 5371 2103 5425 in

533 5476 681 5522 terra
716 5467 964 5537 justitias
993 5479 1191 5518 manus
1217 5471 1414 5516 vestra:
1453 5463 1803 5517 concinnant.
1843 5483 1862 5515 ι
1903 5463 2105 5518 Deinde

533 5559 828 5628 deplorans
865 5572 960 5612 eos
985 5556 1078 5625 qui
1102 5570 1132 5607 a
1162 5553 1340 5608 salute
1383 5553 1719 5620 exciderant,
1744 5553 1858 5609 hazc
1885 5556 2107 5625 subjun-

540 5643 653 5714 git:
691 5667 710 5701 ι
759 5650 991 5706 Alienati
1019 5655 1147 5703 sunt
1176 5655 1493 5716 peccatores
1521 5661 1549 5698 a
1581 5647 1759 5701 vulva.
1800 5668 1816 5698 ι

611 5833 736 5887 llaec
797 5834 1149 5896 intellexeris,
1217 5833 1261 5887 si
1314 5831 1582 5900 inquiras,
1633 5847 1880 5900 quisnam
1927 5833 2098 5902 prima

2209 4637 2317 4689 Kal.
2350 4636 2456 4706 μὴν
2497 4633 2606 4704 ὁρῶ
2632 4636 2713 4688 ὅτι
2765 4638 2823 4689 ἐν
2872 4639 2942 4708 γῇ
2978 4636 3078 4707 μέν
3105 4637 3257 4706 ὑμῶν
3285 4639 3422 4690 εἰσιν
3453 4640 3510 4691 αἱ
3538 4636 3788 4706 καρδίαι,

2208 4729 2304 4780 καὶ
2355 4729 2464 4781 πᾶν
2519 4727 2804 4802 ἐγκάρδιον
2855 4727 3094 4798 κίνημα,
3155 4728 3314 4799 ἔργον
3366 4727 3486 4782 ἐστὶ
3540 4729 3631 4782 καὶ
3661 4730 3795 4797 οὐχὶ

2207 4822 2405 4892 νόημα.
2437 4821 2612 4885 Εὐθὺς
2634 4822 2742 4892 γὰρ
2770 4821 2905 4891 ὁμοῦ
2932 4821 3010 4892 τῷ
3044 4821 3302 4891 συστῆναι
3333 4821 3393 4875 τὸ
3421 4823 3588 4877 κακὸν
3628 4826 3695 4875 ἐν
3721 4824 3793 4892 τῇ

2207 4911 2446 4983 διανοίᾳ,
2478 4911 2850 4982 συμπλέκεται
2877 4913 2937 4964 τὺ
2981 4912 3140 4983 ἔργον
3176 4910 3263 4964 διὰ
3296 4911 3406 4964 τῶν
3436 4911 3630 4982 χειρῶν
3674 4915 3796 4974 τοῖς

2208 5005 2301 5076 νοή
2313 5004 2712 5075 μασιν.’Ταῦτα
2739 5003 3036 5076 σαφηνείας
3066 5005 3226 5077 χάριν
3248 5045 3262 5069 ,
3308 5005 3502 5076 μικρόν
3527 5022 3576 5056 τι
3601 5021 3798 5071 παρα-

2211 5097 2424 5168 φράσας
2479 5099 2578 5168 τῆς
2627 5097 2905 5168 ψαλμικῆς
2956 5097 3194 5164 λέξεως,
3252 5097 3516 5170 ἐξεθέμην
3560 5097 3800 5166 ῥήματα

2211 5191 2401 5260 ἔχοντα
2435 5189 2630 5252 οὕτως’
2660 5209 2678 5241 ι
2700 5191 2762 5243 Et
2792 5189 3006 5260 ἀληθῶς
3036 5191 3144 5262 ἄρα
3170 5190 3514 5261 δικαιοσύνην
3545 5187 3798 5249 λαλεῖτε,

2211 5281 2424 5345 εὐθείας
2454 5281 2810 5353 κρίνετε,υἰοὶ
2822 5282 2927 5336 τῶν
2952 5281 3272 5353 ἀνθρώπων.
3297 5283 3404 5334 Καὶ
3437 5280 3619 5350 γὰρέν
3649 5297 3804 5349 καρο

2210 5375 2298 5446 δίᾳ
2337 5375 2565 5445 ἀνομίαν
2615 5375 2912 5444 ἐργάζεσθε
2950 5377 3008 5428 ἐν
3033 5378 3098 5446 τῇ
3128 5378 3197 5446 γῇ
3219 5415 3234 5438 ,
3263 5375 3474 5428 ἀδικίαν
3518 5374 3570 5426 αί
3597 5375 3803 5443 χεῖρες

2213 5464 2365 5535 ὑμῶν
2393 5466 2813 5536 συμπλέκουσιν.
2842 5486 2860 5518 ι
2895 5461 3026 5520 Εἶτα
3053 5466 3246 5534 ἐπάγει
3283 5466 3601 5536 σχετλιάζων
3645 5464 3806 5530 ὑπὲρ

2211 5557 2318 5610 τῶν
2366 5558 2466 5628 τῆς
2514 5559 2788 5630 σωτηρίας
2827 5559 3259 5612 ἐκπεπτωκότων
3310 5558 3408 5621 τὰς
3443 5556 3569 5626 μετὰ
3603 5554 3805 5606 ταῦτα

2214 5649 2416 5719 φωνὰς,
2436 5670 2454 5702 ι
2493 5650 3057 5722 Ἀπηλλοτριώθησαν,
3078 5669 3095 5702 ι
3129 5650 3320 5717 λέγων,
3359 5669 3376 5701 ι
3401 5651 3446 5701 oi
3469 5647 3808 5717 ἁμαρτωλοὶ

2211 5740 2319 5795 ἀπὸ
2342 5741 2585 5811 μήτρας,
2614 5741 2706 5794 καὶ
2740 5741 2848 5794 ἀπὸ
2875 5743 2972 5812 τῆς
3004 5740 3239 5812 γαστρὸς
3261 5737 3664 5808 ἐπλανήθησαν.
3700 5756 3724 5786 ι

2305 5835 2492 5905 Γνοίης
2519 5835 2565 5887 δ’
2595 5833 2659 5888 ἂν
2687 5834 2748 5888 τὸ
2774 5834 3065 5905 λεγόμενον
3103 5835 3364 5902 ἐξετάσας
3388 5834 3466 5896 τίς
3501 5834 3527 5901 ἡ
3578 5832 3805 5901 πρώτη
