  <div class='ocr_page' id='page_1' title='image "/cluster/home/n/w/nwhite01/storage/ocr_20150623/44/hvd.32044012542270/306.png"; bbox 0 0 4044 6456; ppageno 0'>
   <div class='ocr_carea' id='block_1_1' title="bbox 300 462 410 520">
    <p class='ocr_par' dir='ltr' id='par_1_1' title="bbox 300 462 410 520">
     <span class='ocr_line' id='line_1_1' title="bbox 300 462 410 520; baseline -0.036 1"><span class='ocrx_word' id='word_1_1' title='bbox 300 462 410 520; x_wconf 80' lang='lat'><strong>593</strong></span> 
     </span>
    </p>
   </div>
   <div class='ocr_carea' id='block_1_2' title="bbox 1698 460 2140 519">
    <p class='ocr_par' dir='ltr' id='par_1_2' title="bbox 1698 460 2140 519">
     <span class='ocr_line' id='line_1_2' title="bbox 1698 460 2140 519; baseline 0.002 -2"><span class='ocrx_word' id='word_1_2' title='bbox 1698 460 1767 517; x_wconf 77' lang='grc' dir='ltr'><strong>[Ν</strong></span> <span class='ocrx_word' id='word_1_3' title='bbox 1801 460 2140 519; x_wconf 80' lang='lat' dir='ltr'><strong>PSALMOS.</strong></span> 
     </span>
    </p>
   </div>
   <div class='ocr_carea' id='block_1_3' title="bbox 3416 466 3549 522">
    <p class='ocr_par' dir='ltr' id='par_1_3' title="bbox 3416 466 3549 522">
     <span class='ocr_line' id='line_1_3' title="bbox 3416 466 3549 522; baseline 0 0"><span class='ocrx_word' id='word_1_4' title='bbox 3416 470 3419 471; x_wconf 61' lang='grc'><strong><em>⁷</em></strong></span> <span class='ocrx_word' id='word_1_5' title='bbox 3442 466 3549 522; x_wconf 69' lang='grc'><strong>594</strong></span> 
     </span>
    </p>
   </div>
   <div class='ocr_carea' id='block_1_4' title="bbox 296 576 1920 655">
    <p class='ocr_par' dir='ltr' id='par_1_4' title="bbox 296 576 1920 653">
     <span class='ocr_line' id='line_1_4' title="bbox 296 576 1920 653; baseline 0.006 -21"><span class='ocrx_word' id='word_1_6' title='bbox 296 584 407 653; x_wconf 72' lang='grc' dir='ltr'>τῆς</span> <span class='ocrx_word' id='word_1_7' title='bbox 432 577 781 651; x_wconf 78' lang='grc' dir='ltr'><strong>ἀνθρωπίνης</strong></span> <span class='ocrx_word' id='word_1_8' title='bbox 802 576 1114 644; x_wconf 82' lang='grc' dir='ltr'><strong>συστάσεως</strong></span> <span class='ocrx_word' id='word_1_9' title='bbox 1139 579 1340 653; x_wconf 87' lang='grc' dir='ltr'>μήτρα.</span> <span class='ocrx_word' id='word_1_10' title='bbox 1366 580 1461 636; x_wconf 61' lang='grc' dir='ltr'><strong>καλ⁸</strong></span> <span class='ocrx_word' id='word_1_11' title='bbox 1484 579 1571 645; x_wconf 89' lang='grc' dir='ltr'><strong>τίς</strong></span> <span class='ocrx_word' id='word_1_12' title='bbox 1609 579 1821 650; x_wconf 86' lang='grc' dir='ltr'>γαστὴρ</span> <span class='ocrx_word' id='word_1_13' title='bbox 1846 581 1879 650; x_wconf 83' lang='grc' dir='ltr'>ἡ</span> <span class='ocrx_word' id='word_1_14' title='bbox 1909 611 1920 641; x_wconf 67' lang='grc' dir='ltr'><strong>ι</strong></span> 
     </span>
    </p>
   </div>
   <div class='ocr_carea' id='block_1_5' title="bbox 2020 576 3549 655">
    <p class='ocr_par' dir='ltr' id='par_1_5' title="bbox 2024 578 3549 655">
     <span class='ocr_line' id='line_1_5' title="bbox 2024 578 3549 655; baseline 0.003 -21"><span class='ocrx_word' id='word_1_15' title='bbox 2024 593 2235 634; x_wconf 73' lang='lat' dir='ltr'><strong>umana:</strong></span> <span class='ocrx_word' id='word_1_16' title='bbox 2260 578 2675 649; x_wconf 78' lang='lat' dir='ltr'><strong>compositionis</strong></span> <span class='ocrx_word' id='word_1_17' title='bbox 2702 580 2860 650; x_wconf 85' lang='lat' dir='ltr'><strong>quasi</strong></span> <span class='ocrx_word' id='word_1_18' title='bbox 2892 580 3089 634; x_wconf 80' lang='lat' dir='ltr'><strong>matrix</strong></span> <span class='ocrx_word' id='word_1_19' title='bbox 3123 579 3307 647; x_wconf 78' lang='lat' dir='ltr'><strong>l‘iterit,</strong></span> <span class='ocrx_word' id='word_1_20' title='bbox 3342 590 3397 638; x_wconf 92' lang='lat' dir='ltr'><strong>et</strong></span> <span class='ocrx_word' id='word_1_21' title='bbox 3425 585 3549 655; x_wconf 79' lang='lat' dir='ltr'><strong>quis</strong></span> 
     </span>
    </p>
   </div>
   <div class='ocr_carea' id='block_1_6' title="bbox 302 668 1884 745">
    <p class='ocr_par' dir='ltr' id='par_1_6' title="bbox 302 668 1884 745">
     <span class='ocr_line' id='line_1_6' title="bbox 302 668 1884 745; baseline -0.001 -18"><span class='ocrx_word' id='word_1_22' title='bbox 302 672 692 743; x_wconf 73' lang='grc' dir='ltr'>κυοφορήσασα</span> <span class='ocrx_word' id='word_1_23' title='bbox 718 671 779 724; x_wconf 87' lang='grc' dir='ltr'><strong>τὸ</strong></span> <span class='ocrx_word' id='word_1_24' title='bbox 822 670 1147 743; x_wconf 85' lang='grc' dir='ltr'>ἀθρώπινον.</span> <span class='ocrx_word' id='word_1_25' title='bbox 1178 668 1344 744; x_wconf 82' lang='grc' dir='ltr'>Οἶμαι</span> <span class='ocrx_word' id='word_1_26' title='bbox 1368 673 1477 745; x_wconf 85' lang='grc' dir='ltr'>γὰρ</span> <span class='ocrx_word' id='word_1_27' title='bbox 1512 674 1586 744; x_wconf 84' lang='grc' dir='ltr'>μὴ</span> <span class='ocrx_word' id='word_1_28' title='bbox 1613 673 1779 745; x_wconf 79' lang='grc' dir='ltr'>ἀλλην</span> <span class='ocrx_word' id='word_1_29' title='bbox 1809 669 1884 726; x_wconf 80' lang='grc' dir='ltr'><strong>εἶ-</strong></span> 
     </span>
    </p>
   </div>
   <div class='ocr_carea' id='block_1_7' title="bbox 304 760 1883 836">
    <p class='ocr_par' dir='ltr' id='par_1_7' title="bbox 304 760 1883 836">
     <span class='ocr_line' id='line_1_7' title="bbox 304 760 1883 836; baseline 0.001 -19"><span class='ocrx_word' id='word_1_30' title='bbox 304 782 390 817; x_wconf 89' lang='grc' dir='ltr'><strong>ναι</strong></span> <span class='ocrx_word' id='word_1_31' title='bbox 419 762 571 832; x_wconf 72' lang='grc' dir='ltr'>παρὰ</span> <span class='ocrx_word' id='word_1_32' title='bbox 593 762 694 833; x_wconf 80' lang='grc' dir='ltr'>τὴν</span> <span class='ocrx_word' id='word_1_33' title='bbox 721 760 813 814; x_wconf 78' lang='grc' dir='ltr'>τοῦ</span> <span class='ocrx_word' id='word_1_34' title='bbox 844 761 979 815; x_wconf 81' lang='grc' dir='ltr'><strong>Θεοῦ</strong></span> <span class='ocrx_word' id='word_1_35' title='bbox 1002 762 1409 836; x_wconf 82' lang='grc' dir='ltr'><strong>φιλανθρωπίαν</strong></span> <span class='ocrx_word' id='word_1_36' title='bbox 1435 764 1528 817; x_wconf 78' lang='grc' dir='ltr'>καὶ</span> <span class='ocrx_word' id='word_1_37' title='bbox 1553 764 1883 836; x_wconf 86' lang='grc' dir='ltr'>ἀγαθότητα,</span> 
     </span>
    </p>
   </div>
   <div class='ocr_carea' id='block_1_8' title="bbox 302 847 1885 925">
    <p class='ocr_par' dir='ltr' id='par_1_8' title="bbox 302 847 1885 925">
     <span class='ocr_line' id='line_1_8' title="bbox 302 847 1885 925; baseline 0.001 -20"><span class='ocrx_word' id='word_1_38' title='bbox 302 851 400 921; x_wconf 70' lang='grc' dir='ltr'><strong>ἀφ’</strong></span> <span class='ocrx_word' id='word_1_39' title='bbox 421 847 488 923; x_wconf 82' lang='grc' dir='ltr'>ής</span> <span class='ocrx_word' id='word_1_40' title='bbox 519 849 870 921; x_wconf 83' lang='grc' dir='ltr'>ὲπλάσθημέν</span> <span class='ocrx_word' id='word_1_41' title='bbox 899 868 959 903; x_wconf 90' lang='grc' dir='ltr'><strong>τε</strong></span> <span class='ocrx_word' id='word_1_42' title='bbox 1007 853 1101 904; x_wconf 72' lang='grc' dir='ltr'>καὶ</span> <span class='ocrx_word' id='word_1_43' title='bbox 1143 852 1531 924; x_wconf 77' lang='grc' dir='ltr'>ἐγεννήθημεν.</span> <span class='ocrx_word' id='word_1_44' title='bbox 1567 850 1732 907; x_wconf 86' lang='grc' dir='ltr'>Εἶπεν</span> <span class='ocrx_word' id='word_1_45' title='bbox 1756 854 1885 925; x_wconf 86' lang='grc' dir='ltr'>γάρ·</span> 
     </span>
    </p>
   </div>
   <div class='ocr_carea' id='block_1_9' title="bbox 314 936 1888 1015">
    <p class='ocr_par' dir='ltr' id='par_1_9' title="bbox 314 936 1888 1015">
     <span class='ocr_line' id='line_1_9' title="bbox 314 936 1888 1015; baseline 0.001 -20"><span class='ocrx_word' id='word_1_46' title='bbox 314 944 674 1012; x_wconf 75' lang='grc' dir='ltr'><strong>«Ποιήσωμεν</strong></span> <span class='ocrx_word' id='word_1_47' title='bbox 699 941 984 1013; x_wconf 80' lang='grc' dir='ltr'>ἄνθρωπον</span> <span class='ocrx_word' id='word_1_48' title='bbox 1010 944 1130 996; x_wconf 79' lang='grc' dir='ltr'>κατ’</span> <span class='ocrx_word' id='word_1_49' title='bbox 1151 944 1333 997; x_wconf 79' lang='grc' dir='ltr'><strong>εἰκόνα</strong></span> <span class='ocrx_word' id='word_1_50' title='bbox 1356 936 1741 1015; x_wconf 80' lang='grc' dir='ltr'>ήμετέραν,κάὶ</span> <span class='ocrx_word' id='word_1_51' title='bbox 1766 944 1888 999; x_wconf 73' lang='grc' dir='ltr'>καθ’</span> 
     </span>
    </p>
   </div>
   <div class='ocr_carea' id='block_1_10' title="bbox 307 1031 1877 1107">
    <p class='ocr_par' dir='ltr' id='par_1_10' title="bbox 307 1031 1877 1107">
     <span class='ocr_line' id='line_1_10' title="bbox 307 1031 1877 1107; baseline 0.002 -19"><span class='ocrx_word' id='word_1_52' title='bbox 307 1034 589 1104; x_wconf 79' lang='grc' dir='ltr'>ὁμοίωσιν,</span> <span class='ocrx_word' id='word_1_53' title='bbox 611 1048 631 1083; x_wconf 78' lang='grc' dir='ltr'><strong>ι</strong></span> <span class='ocrx_word' id='word_1_54' title='bbox 651 1031 899 1096; x_wconf 80' lang='grc' dir='ltr'>όπλάσας</span> <span class='ocrx_word' id='word_1_55' title='bbox 914 1034 1224 1105; x_wconf 82' lang='grc' dir='ltr'><strong>καταμόνας</strong></span> <span class='ocrx_word' id='word_1_56' title='bbox 1256 1034 1353 1099; x_wconf 83' lang='grc' dir='ltr'>τὰς</span> <span class='ocrx_word' id='word_1_57' title='bbox 1386 1034 1609 1107; x_wconf 81' lang='grc' dir='ltr'>καρδίας</span> <span class='ocrx_word' id='word_1_58' title='bbox 1678 1038 1877 1093; x_wconf 81' lang='grc' dir='ltr'>αὐτῶν.</span> 
     </span>
    </p>
   </div>
   <div class='ocr_carea' id='block_1_11' title="bbox 311 1125 1893 1199">
    <p class='ocr_par' dir='ltr' id='par_1_11' title="bbox 311 1125 1893 1199">
     <span class='ocr_line' id='line_1_11' title="bbox 311 1125 1893 1199; baseline 0.006 -24"><span class='ocrx_word' id='word_1_59' title='bbox 311 1126 423 1179; x_wconf 72' lang='grc' dir='ltr'>Καὶ</span> <span class='ocrx_word' id='word_1_60' title='bbox 447 1125 609 1179; x_wconf 79' lang='grc' dir='ltr'>πάλιν</span> <span class='ocrx_word' id='word_1_61' title='bbox 643 1125 840 1196; x_wconf 86' lang='grc' dir='ltr'>φησίν·</span> <span class='ocrx_word' id='word_1_62' title='bbox 876 1145 896 1178; x_wconf 71' lang='grc' dir='ltr'><strong>ι</strong></span> <span class='ocrx_word' id='word_1_63' title='bbox 914 1125 1068 1190; x_wconf 79' lang='grc' dir='ltr'>Υίοὺς</span> <span class='ocrx_word' id='word_1_64' title='bbox 1098 1127 1359 1198; x_wconf 77' lang='grc' dir='ltr'><strong>ἐγέννησα</strong></span> <span class='ocrx_word' id='word_1_65' title='bbox 1388 1129 1480 1183; x_wconf 78' lang='grc' dir='ltr'><strong>καὶ</strong></span> <span class='ocrx_word' id='word_1_66' title='bbox 1510 1129 1719 1199; x_wconf 81' lang='grc' dir='ltr'>ὖψωσα,</span> <span class='ocrx_word' id='word_1_67' title='bbox 1738 1131 1893 1186; x_wconf 75' lang='grc' dir='ltr'>αὐτοὶ</span> 
     </span>
    </p>
   </div>
   <div class='ocr_carea' id='block_1_12' title="bbox 312 1214 1893 1292">
    <p class='ocr_par' dir='ltr' id='par_1_12' title="bbox 312 1214 1893 1292">
     <span class='ocr_line' id='line_1_12' title="bbox 312 1214 1893 1292; baseline 0.007 -25"><span class='ocrx_word' id='word_1_68' title='bbox 312 1216 369 1267; x_wconf 84' lang='grc' dir='ltr'><strong>δέ</strong></span> <span class='ocrx_word' id='word_1_69' title='bbox 410 1232 476 1286; x_wconf 87' lang='grc' dir='ltr'><strong>με</strong></span> <span class='ocrx_word' id='word_1_70' title='bbox 529 1214 823 1285; x_wconf 76' lang='grc' dir='ltr'><strong>ἠθέτησαν.</strong></span> <span class='ocrx_word' id='word_1_71' title='bbox 855 1235 873 1268; x_wconf 73' lang='grc' dir='ltr'><strong>ι</strong></span> <span class='ocrx_word' id='word_1_72' title='bbox 910 1218 1018 1272; x_wconf 80' lang='grc' dir='ltr'>Καὶ</span> <span class='ocrx_word' id='word_1_73' title='bbox 1060 1219 1258 1290; x_wconf 82' lang='grc' dir='ltr'>μυρίας</span> <span class='ocrx_word' id='word_1_74' title='bbox 1286 1219 1403 1272; x_wconf 77' lang='grc' dir='ltr'>ἐστὶ</span> <span class='ocrx_word' id='word_1_75' title='bbox 1428 1221 1679 1286; x_wconf 79' lang='grc' dir='ltr'><strong>τοιαύτας</strong></span> <span class='ocrx_word' id='word_1_76' title='bbox 1712 1223 1893 1292; x_wconf 83' lang='grc' dir='ltr'>φωνὰς</span> 
     </span>
    </p>
   </div>
   <div class='ocr_carea' id='block_1_13' title="bbox 313 1306 1895 1382">
    <p class='ocr_par' dir='ltr' id='par_1_13' title="bbox 313 1306 1895 1382">
     <span class='ocr_line' id='line_1_13' title="bbox 313 1306 1895 1382; baseline 0.003 -21"><span class='ocrx_word' id='word_1_77' title='bbox 313 1309 379 1361; x_wconf 80' lang='grc' dir='ltr'>ὲκ</span> <span class='ocrx_word' id='word_1_78' title='bbox 421 1310 521 1377; x_wconf 79' lang='grc' dir='ltr'><strong>τῆς</strong></span> <span class='ocrx_word' id='word_1_79' title='bbox 568 1307 728 1376; x_wconf 82' lang='grc' dir='ltr'><strong>ἁγίας</strong></span> <span class='ocrx_word' id='word_1_80' title='bbox 762 1307 983 1380; x_wconf 76' lang='grc' dir='ltr'>Γραφῆς</span> <span class='ocrx_word' id='word_1_81' title='bbox 1010 1308 1400 1375; x_wconf 83' lang='grc' dir='ltr'>ἀναλέξασθαι,</span> <span class='ocrx_word' id='word_1_82' title='bbox 1433 1312 1500 1364; x_wconf 89' lang='grc' dir='ltr'>δι’</span> <span class='ocrx_word' id='word_1_83' title='bbox 1533 1306 1607 1367; x_wconf 85' lang='grc' dir='ltr'><strong>ὧν</strong></span> <span class='ocrx_word' id='word_1_84' title='bbox 1638 1313 1895 1382; x_wconf 80' lang='grc' dir='ltr'>ἐπιγινώ-</span> 
     </span>
    </p>
   </div>
   <div class='ocr_carea' id='block_1_14' title="bbox 317 1399 1899 1481">
    <p class='ocr_par' dir='ltr' id='par_1_14' title="bbox 317 1399 1899 1481">
     <span class='ocr_line' id='line_1_14' title="bbox 317 1399 1899 1481; baseline 0.003 -29"><span class='ocrx_word' id='word_1_85' title='bbox 317 1415 528 1465; x_wconf 84' lang='grc' dir='ltr'>σκεται,</span> <span class='ocrx_word' id='word_1_86' title='bbox 563 1399 647 1462; x_wconf 91' lang='grc' dir='ltr'><strong>τίς</strong></span> <span class='ocrx_word' id='word_1_87' title='bbox 673 1400 705 1468; x_wconf 92' lang='grc' dir='ltr'><strong>ή</strong></span> <span class='ocrx_word' id='word_1_88' title='bbox 733 1399 989 1456; x_wconf 82' lang='grc' dir='ltr'>πλάσασα</span> <span class='ocrx_word' id='word_1_89' title='bbox 1016 1402 1164 1471; x_wconf 82' lang='grc' dir='ltr'>ἡμᾶς</span> <span class='ocrx_word' id='word_1_90' title='bbox 1186 1404 1398 1473; x_wconf 87' lang='grc' dir='ltr'>γαστὴρ</span> <span class='ocrx_word' id='word_1_91' title='bbox 1418 1403 1554 1466; x_wconf 66' lang='grc' dir='ltr'>,καὶ</span> <span class='ocrx_word' id='word_1_92' title='bbox 1586 1403 1667 1467; x_wconf 90' lang='grc' dir='ltr'><strong>τίς</strong></span> <span class='ocrx_word' id='word_1_93' title='bbox 1696 1406 1729 1475; x_wconf 87' lang='grc' dir='ltr'><strong>ή</strong></span> <span class='ocrx_word' id='word_1_94' title='bbox 1768 1406 1899 1481; x_wconf 79' lang='grc' dir='ltr'>ιμή-</span> 
     </span>
    </p>
   </div>
   <div class='ocr_carea' id='block_1_15' title="bbox 315 1490 1899 1566">
    <p class='ocr_par' dir='ltr' id='par_1_15' title="bbox 315 1490 1899 1566">
     <span class='ocr_line' id='line_1_15' title="bbox 315 1490 1899 1566; baseline 0.004 -23"><span class='ocrx_word' id='word_1_95' title='bbox 315 1508 423 1561; x_wconf 88' lang='grc' dir='ltr'><strong>τηρ</strong></span> <span class='ocrx_word' id='word_1_96' title='bbox 455 1492 489 1560; x_wconf 87' lang='grc' dir='ltr'><strong>ή</strong></span> <span class='ocrx_word' id='word_1_97' title='bbox 538 1491 618 1554; x_wconf 89' lang='grc' dir='ltr'><strong>είς</strong></span> <span class='ocrx_word' id='word_1_98' title='bbox 647 1490 761 1560; x_wconf 79' lang='grc' dir='ltr'><strong>φῶς</strong></span> <span class='ocrx_word' id='word_1_99' title='bbox 788 1493 1176 1563; x_wconf 81' lang='grc' dir='ltr'>προαγαγοῦσα</span> <span class='ocrx_word' id='word_1_100' title='bbox 1208 1494 1296 1547; x_wconf 77' lang='grc' dir='ltr'><strong>διά</strong></span> <span class='ocrx_word' id='word_1_101' title='bbox 1338 1496 1659 1566; x_wconf 80' lang='grc' dir='ltr'><strong>γεννήσεως.</strong></span> <span class='ocrx_word' id='word_1_102' title='bbox 1694 1513 1713 1547; x_wconf 70' lang='grc' dir='ltr'><strong>ι</strong></span> <span class='ocrx_word' id='word_1_103' title='bbox 1754 1495 1899 1566; x_wconf 79' lang='grc' dir='ltr'>Πρὸς</span> 
     </span>
    </p>
   </div>
   <div class='ocr_carea' id='block_1_16' title="bbox 315 1577 1900 1659">
    <p class='ocr_par' dir='ltr' id='par_1_16' title="bbox 315 1577 1900 1659">
     <span class='ocr_line' id='line_1_16' title="bbox 315 1577 1900 1659; baseline 0.003 -26"><span class='ocrx_word' id='word_1_104' title='bbox 315 1580 492 1634; x_wconf 83' lang='grc' dir='ltr'>ταῦτα</span> <span class='ocrx_word' id='word_1_105' title='bbox 519 1577 612 1634; x_wconf 80' lang='grc' dir='ltr'><strong>οὖν</strong></span> <span class='ocrx_word' id='word_1_106' title='bbox 645 1581 859 1653; x_wconf 83' lang='grc' dir='ltr'><strong>βλέπων</strong></span> <span class='ocrx_word' id='word_1_107' title='bbox 883 1586 911 1638; x_wconf 90' lang='grc' dir='ltr'><strong>ὀ</strong></span> <span class='ocrx_word' id='word_1_108' title='bbox 939 1583 1265 1655; x_wconf 74' lang='grc' dir='ltr'><strong>σχετλιάζων</strong></span> <span class='ocrx_word' id='word_1_109' title='bbox 1294 1586 1385 1639; x_wconf 76' lang='grc' dir='ltr'>ἐπὶ</span> <span class='ocrx_word' id='word_1_110' title='bbox 1415 1588 1483 1659; x_wconf 78' lang='grc' dir='ltr'>τῇ</span> <span class='ocrx_word' id='word_1_111' title='bbox 1522 1585 1767 1657; x_wconf 80' lang='grc' dir='ltr'><strong>ἀπωλείᾳ</strong></span> <span class='ocrx_word' id='word_1_112' title='bbox 1791 1586 1900 1639; x_wconf 85' lang='grc' dir='ltr'>τῶν</span> 
     </span>
    </p>
   </div>
   <div class='ocr_carea' id='block_1_17' title="bbox 318 1672 1900 1750">
    <p class='ocr_par' dir='ltr' id='par_1_17' title="bbox 318 1672 1900 1750">
     <span class='ocr_line' id='line_1_17' title="bbox 318 1672 1900 1750; baseline 0.004 -26"><span class='ocrx_word' id='word_1_113' title='bbox 318 1672 737 1743; x_wconf 74' lang='grc' dir='ltr'>ἀφεστηκότων,</span> <span class='ocrx_word' id='word_1_114' title='bbox 772 1674 1054 1745; x_wconf 83' lang='grc' dir='ltr'>ὀδύρεται·</span> <span class='ocrx_word' id='word_1_115' title='bbox 1083 1675 1277 1747; x_wconf 85' lang='grc' dir='ltr'>θρῆνος</span> <span class='ocrx_word' id='word_1_116' title='bbox 1314 1676 1421 1748; x_wconf 81' lang='grc' dir='ltr'>γὰρ</span> <span class='ocrx_word' id='word_1_117' title='bbox 1468 1674 1724 1750; x_wconf 80' lang='grc' dir='ltr'>ἄντικρύς</span> <span class='ocrx_word' id='word_1_118' title='bbox 1754 1678 1900 1731; x_wconf 76' lang='grc' dir='ltr'>ἐστιν</span> 
     </span>
    </p>
   </div>
   <div class='ocr_carea' id='block_1_18' title="bbox 320 1762 1903 1841">
    <p class='ocr_par' dir='ltr' id='par_1_18' title="bbox 320 1762 1903 1841">
     <span class='ocr_line' id='line_1_18' title="bbox 320 1762 1903 1841; baseline -0.01 -6"><span class='ocrx_word' id='word_1_119' title='bbox 320 1766 355 1835; x_wconf 71' lang='grc' dir='ltr'>ἢ</span> <span class='ocrx_word' id='word_1_120' title='bbox 389 1766 565 1835; x_wconf 69' lang='grc' dir='ltr'>φωνὴν</span> <span class='ocrx_word' id='word_1_121' title='bbox 597 1766 664 1819; x_wconf 82' lang='grc' dir='ltr'><strong>δι’</strong></span> <span class='ocrx_word' id='word_1_122' title='bbox 696 1762 763 1839; x_wconf 81' lang='grc' dir='ltr'>ἦς</span> <span class='ocrx_word' id='word_1_123' title='bbox 799 1769 926 1830; x_wconf 84' lang='grc' dir='ltr'>τοὺς</span> <span class='ocrx_word' id='word_1_124' title='bbox 955 1768 1314 1839; x_wconf 83' lang='grc' dir='ltr'>ἁμαρτωλοὺς</span> <span class='ocrx_word' id='word_1_125' title='bbox 1350 1769 1690 1841; x_wconf 81' lang='grc' dir='ltr'>ὀλοφύρεται.</span> <span class='ocrx_word' id='word_1_126' title='bbox 1726 1787 1744 1821; x_wconf 79' lang='grc' dir='ltr'><strong>ι</strong></span> <span class='ocrx_word' id='word_1_127' title='bbox 1777 1769 1903 1831; x_wconf 82' lang='grc' dir='ltr'><strong>Πῶς</strong></span> 
     </span>
    </p>
   </div>
   <div class='ocr_carea' id='block_1_19' title="bbox 321 1855 1902 1931">
    <p class='ocr_par' dir='ltr' id='par_1_19' title="bbox 321 1855 1902 1931">
     <span class='ocr_line' id='line_1_19' title="bbox 321 1855 1902 1931; baseline 0.003 -24"><span class='ocrx_word' id='word_1_128' title='bbox 321 1855 764 1928; x_wconf 75' lang='grc' dir='ltr'>ήλλοτριώθησαν</span> <span class='ocrx_word' id='word_1_129' title='bbox 789 1859 837 1910; x_wconf 88' lang='grc' dir='ltr'><strong>οί</strong></span> <span class='ocrx_word' id='word_1_130' title='bbox 868 1859 1181 1931; x_wconf 80' lang='grc' dir='ltr'>ἁμαρτω).οὶ</span> <span class='ocrx_word' id='word_1_131' title='bbox 1204 1860 1311 1913; x_wconf 84' lang='grc' dir='ltr'><strong>ἀπὸ</strong></span> <span class='ocrx_word' id='word_1_132' title='bbox 1334 1865 1575 1931; x_wconf 87' lang='grc' dir='ltr'>μήτρας;</span> <span class='ocrx_word' id='word_1_133' title='bbox 1613 1880 1631 1912; x_wconf 85' lang='grc'><strong>›</strong></span> <span class='ocrx_word' id='word_1_134' title='bbox 1658 1860 1773 1923; x_wconf 82' lang='grc' dir='ltr'>πῶς</span> <span class='ocrx_word' id='word_1_135' title='bbox 1794 1859 1902 1913; x_wconf 87' lang='grc' dir='ltr'><strong>ἀπὸ</strong></span> 
     </span>
    </p>
   </div>
   <div class='ocr_carea' id='block_1_20' title="bbox 1986 670 3548 744">
    <p class='ocr_par' dir='ltr' id='par_1_20' title="bbox 1986 670 3548 744">
     <span class='ocr_line' id='line_1_20' title="bbox 1986 670 3548 744; baseline 0.001 -19"><span class='ocrx_word' id='word_1_136' title='bbox 1986 678 2199 735; x_wconf 86' lang='lat' dir='ltr'><strong>venter,</strong></span> <span class='ocrx_word' id='word_1_137' title='bbox 2223 670 2317 740; x_wconf 91' lang='lat' dir='ltr'><strong>qui</strong></span> <span class='ocrx_word' id='word_1_138' title='bbox 2362 670 2661 726; x_wconf 87' lang='lat' dir='ltr'><strong>humanum</strong></span> <span class='ocrx_word' id='word_1_139' title='bbox 2710 688 2886 743; x_wconf 84' lang='lat' dir='ltr'><strong>genus</strong></span> <span class='ocrx_word' id='word_1_140' title='bbox 2921 672 3141 739; x_wconf 89' lang='lat' dir='ltr'><strong>tulerit;</strong></span> <span class='ocrx_word' id='word_1_141' title='bbox 3179 687 3357 744; x_wconf 89' lang='lat' dir='ltr'><strong>neque</strong></span> <span class='ocrx_word' id='word_1_142' title='bbox 3404 676 3548 730; x_wconf 88' lang='lat' dir='ltr'><strong>enim</strong></span> 
     </span>
    </p>
   </div>
   <div class='ocr_carea' id='block_1_21' title="bbox 1986 763 3554 836">
    <p class='ocr_par' dir='ltr' id='par_1_21' title="bbox 1986 763 3554 836">
     <span class='ocr_line' id='line_1_21' title="bbox 1986 763 3554 836; baseline 0.003 -19"><span class='ocrx_word' id='word_1_143' title='bbox 1986 763 2152 818; x_wconf 89' lang='lat' dir='ltr'><strong>alium</strong></span> <span class='ocrx_word' id='word_1_144' title='bbox 2185 778 2310 819; x_wconf 91' lang='lat' dir='ltr'><strong>esse</strong></span> <span class='ocrx_word' id='word_1_145' title='bbox 2357 763 2598 820; x_wconf 82' lang='lat' dir='ltr'><strong>arbitror</strong></span> <span class='ocrx_word' id='word_1_146' title='bbox 2651 772 2847 835; x_wconf 70' lang='lat' dir='ltr'><strong>praeter</strong></span> <span class='ocrx_word' id='word_1_147' title='bbox 2881 766 3265 836; x_wconf 76' lang='lat' dir='ltr'><strong>benignitatem</strong></span> <span class='ocrx_word' id='word_1_148' title='bbox 3310 777 3363 822; x_wconf 91' lang='lat' dir='ltr'><strong>et</strong></span> <span class='ocrx_word' id='word_1_149' title='bbox 3397 768 3554 822; x_wconf 89' lang='lat' dir='ltr'><strong>honi-</strong></span> 
     </span>
    </p>
   </div>
   <div class='ocr_carea' id='block_1_22' title="bbox 1985 854 3555 927">
    <p class='ocr_par' dir='ltr' id='par_1_22' title="bbox 1985 854 3555 927">
     <span class='ocr_line' id='line_1_22' title="bbox 1985 854 3555 927; baseline 0.002 -18"><span class='ocrx_word' id='word_1_150' title='bbox 1985 862 2153 911; x_wconf 88' lang='lat' dir='ltr'><strong>tatem</strong></span> <span class='ocrx_word' id='word_1_151' title='bbox 2179 854 2301 919; x_wconf 90' lang='lat' dir='ltr'><strong>Dei,</strong></span> <span class='ocrx_word' id='word_1_152' title='bbox 2350 871 2381 909; x_wconf 91' lang='lat' dir='ltr'><strong>a</strong></span> <span class='ocrx_word' id='word_1_153' title='bbox 2412 871 2522 925; x_wconf 92' lang='lat' dir='ltr'><strong>qua</strong></span> <span class='ocrx_word' id='word_1_154' title='bbox 2566 856 2679 910; x_wconf 91' lang='lat' dir='ltr'><strong>ﬁcti</strong></span> <span class='ocrx_word' id='word_1_155' title='bbox 2730 864 2783 909; x_wconf 92' lang='lat' dir='ltr'><strong>et</strong></span> <span class='ocrx_word' id='word_1_156' title='bbox 2844 857 3096 927; x_wconf 80' lang='lat' dir='ltr'><strong>prognati</strong></span> <span class='ocrx_word' id='word_1_157' title='bbox 3138 873 3331 913; x_wconf 90' lang='lat' dir='ltr'><strong>sumus</strong></span> <span class='ocrx_word' id='word_1_158' title='bbox 3411 857 3555 912; x_wconf 88' lang='lat' dir='ltr'><strong>Dixit</strong></span> 
     </span>
    </p>
   </div>
   <div class='ocr_carea' id='block_1_23' title="bbox 1987 944 3553 1020">
    <p class='ocr_par' dir='ltr' id='par_1_23' title="bbox 1987 944 3553 1020">
     <span class='ocr_line' id='line_1_23' title="bbox 1987 944 3553 1020; baseline 0.002 -18"><span class='ocrx_word' id='word_1_159' title='bbox 1987 947 2171 1016; x_wconf 91' lang='lat' dir='ltr'><strong>enim;</strong></span> <span class='ocrx_word' id='word_1_160' title='bbox 2225 944 2561 1004; x_wconf 66' lang='lat' dir='ltr'><strong>«Faciamus</strong></span> <span class='ocrx_word' id='word_1_161' title='bbox 2589 947 2868 1003; x_wconf 87' lang='lat' dir='ltr'><strong>hominem</strong></span> <span class='ocrx_word' id='word_1_162' title='bbox 2909 949 3213 1004; x_wconf 89' lang='lat' dir='ltr'><strong>secundum</strong></span> <span class='ocrx_word' id='word_1_163' title='bbox 3260 950 3553 1020; x_wconf 76' lang='lat' dir='ltr'><strong>imaginem</strong></span> 
     </span>
    </p>
   </div>
   <div class='ocr_carea' id='block_1_24' title="bbox 1987 1038 3554 1113">
    <p class='ocr_par' dir='ltr' id='par_1_24' title="bbox 1987 1038 3554 1113">
     <span class='ocr_line' id='line_1_24' title="bbox 1987 1038 3554 1113; baseline 0.001 -19"><span class='ocrx_word' id='word_1_164' title='bbox 1987 1047 2043 1094; x_wconf 91' lang='lat' dir='ltr'><strong>et</strong></span> <span class='ocrx_word' id='word_1_165' title='bbox 2095 1038 2512 1095; x_wconf 86' lang='lat' dir='ltr'><strong>similitudinem</strong></span> <span class='ocrx_word' id='word_1_166' title='bbox 2570 1042 2907 1104; x_wconf 67' lang='lat' dir='ltr'><strong>nostram&#39;,»</strong></span> <span class='ocrx_word' id='word_1_167' title='bbox 2948 1043 3040 1111; x_wconf 89' lang='lat' dir='ltr'><strong>qui</strong></span> <span class='ocrx_word' id='word_1_168' title='bbox 3088 1042 3243 1096; x_wconf 85' lang='lat' dir='ltr'><strong>ﬁnxit</strong></span> <span class='ocrx_word' id='word_1_169' title='bbox 3276 1044 3554 1113; x_wconf 84' lang='lat' dir='ltr'><strong>sigillatim</strong></span> 
     </span>
    </p>
   </div>
   <div class='ocr_carea' id='block_1_25' title="bbox 1987 1131 3559 1205">
    <p class='ocr_par' dir='ltr' id='par_1_25' title="bbox 1987 1131 3559 1205">
     <span class='ocr_line' id='line_1_25' title="bbox 1987 1131 3559 1205; baseline 0 -20"><span class='ocrx_word' id='word_1_170' title='bbox 1987 1132 2154 1187; x_wconf 91' lang='lat' dir='ltr'><strong>corda</strong></span> <span class='ocrx_word' id='word_1_171' title='bbox 2186 1146 2401 1188; x_wconf 91' lang='lat' dir='ltr'><strong>eorum.</strong></span> <span class='ocrx_word' id='word_1_172' title='bbox 2487 1131 2703 1189; x_wconf 80' lang='lat' dir='ltr'><strong>Rursus</strong></span> <span class='ocrx_word' id='word_1_173' title='bbox 2730 1135 2806 1188; x_wconf 93' lang='lat' dir='ltr'><strong>ait</strong></span> <span class='ocrx_word' id='word_1_174' title='bbox 2837 1155 2852 1188; x_wconf 83' lang='lat'><em>:</em></span> <span class='ocrx_word' id='word_1_175' title='bbox 2891 1152 2909 1185; x_wconf 76' lang='grc' dir='ltr'><strong>ι</strong></span> <span class='ocrx_word' id='word_1_176' title='bbox 2930 1132 3098 1190; x_wconf 88' lang='lat' dir='ltr'><strong>Filios</strong></span> <span class='ocrx_word' id='word_1_177' title='bbox 3131 1136 3297 1205; x_wconf 89' lang='lat' dir='ltr'><strong>genui</strong></span> <span class='ocrx_word' id='word_1_178' title='bbox 3326 1144 3383 1190; x_wconf 87' lang='lat' dir='ltr'><strong>et</strong></span> <span class='ocrx_word' id='word_1_179' title='bbox 3409 1133 3559 1189; x_wconf 86' lang='lat' dir='ltr'><strong>exal-</strong></span> 
     </span>
    </p>
   </div>
   <div class='ocr_carea' id='block_1_26' title="bbox 1991 1215 3559 1292">
    <p class='ocr_par' dir='ltr' id='par_1_26' title="bbox 1991 1215 3559 1292">
     <span class='ocr_line' id='line_1_26' title="bbox 1991 1215 3559 1292; baseline 0.001 -17"><span class='ocrx_word' id='word_1_180' title='bbox 1991 1222 2124 1282; x_wconf 86' lang='lat' dir='ltr'><strong>tavi,</strong></span> <span class='ocrx_word' id='word_1_181' title='bbox 2174 1220 2283 1291; x_wconf 88' lang='lat' dir='ltr'><strong>ipsi</strong></span> <span class='ocrx_word' id='word_1_182' title='bbox 2323 1236 2453 1277; x_wconf 90' lang='lat' dir='ltr'><strong>vero</strong></span> <span class='ocrx_word' id='word_1_183' title='bbox 2503 1236 2590 1276; x_wconf 91' lang='lat' dir='ltr'><strong>me</strong></span> <span class='ocrx_word' id='word_1_184' title='bbox 2638 1215 3052 1292; x_wconf 48' lang='lat' dir='ltr'><strong>spreverunt“?</strong></span> <span class='ocrx_word' id='word_1_185' title='bbox 3075 1232 3128 1278; x_wconf 91' lang='lat' dir='ltr'><strong>et</strong></span> <span class='ocrx_word' id='word_1_186' title='bbox 3158 1223 3369 1277; x_wconf 88' lang='lat' dir='ltr'><strong>inﬁnita</strong></span> <span class='ocrx_word' id='word_1_187' title='bbox 3393 1223 3559 1292; x_wconf 87' lang='lat' dir='ltr'><strong>hujus</strong></span> 
     </span>
    </p>
   </div>
   <div class='ocr_carea' id='block_1_27' title="bbox 1992 1311 3561 1385">
    <p class='ocr_par' dir='ltr' id='par_1_27' title="bbox 1992 1311 3561 1385">
     <span class='ocr_line' id='line_1_27' title="bbox 1992 1311 3561 1385; baseline -0.001 -17"><span class='ocrx_word' id='word_1_188' title='bbox 1992 1313 2208 1384; x_wconf 75' lang='lat' dir='ltr'><strong>generis</strong></span> <span class='ocrx_word' id='word_1_189' title='bbox 2233 1328 2300 1369; x_wconf 87' lang='lat' dir='ltr'><strong>ex</strong></span> <span class='ocrx_word' id='word_1_190' title='bbox 2322 1313 2497 1369; x_wconf 88' lang='lat' dir='ltr'><strong>sacris</strong></span> <span class='ocrx_word' id='word_1_191' title='bbox 2521 1311 2740 1370; x_wconf 85' lang='lat' dir='ltr'><strong>Litteris</strong></span> <span class='ocrx_word' id='word_1_192' title='bbox 2768 1314 3023 1385; x_wconf 79' lang='lat' dir='ltr'><strong>colligere</strong></span> <span class='ocrx_word' id='word_1_193' title='bbox 3039 1315 3182 1380; x_wconf 89' lang='lat' dir='ltr'><strong>licet,</strong></span> <span class='ocrx_word' id='word_1_194' title='bbox 3210 1314 3413 1384; x_wconf 88' lang='lat' dir='ltr'><strong>quibus</strong></span> <span class='ocrx_word' id='word_1_195' title='bbox 3446 1326 3561 1368; x_wconf 86' lang='lat' dir='ltr'><strong>ma-</strong></span> 
     </span>
    </p>
   </div>
   <div class='ocr_carea' id='block_1_28' title="bbox 1995 1403 3565 1474">
    <p class='ocr_par' dir='ltr' id='par_1_28' title="bbox 1995 1403 3565 1474">
     <span class='ocr_line' id='line_1_28' title="bbox 1995 1403 3565 1474; baseline -0.002 -15"><span class='ocrx_word' id='word_1_196' title='bbox 1995 1403 2255 1459; x_wconf 83' lang='lat' dir='ltr'><strong>nifestum</strong></span> <span class='ocrx_word' id='word_1_197' title='bbox 2288 1403 2571 1466; x_wconf 85' lang='lat' dir='ltr'><strong>reddatur,</strong></span> <span class='ocrx_word' id='word_1_198' title='bbox 2597 1403 2851 1474; x_wconf 82' lang='lat' dir='ltr'><strong>quisnam</strong></span> <span class='ocrx_word' id='word_1_199' title='bbox 2883 1405 2956 1459; x_wconf 93' lang='lat' dir='ltr'><strong>sit</strong></span> <span class='ocrx_word' id='word_1_200' title='bbox 2981 1412 3169 1459; x_wconf 83' lang='lat' dir='ltr'><strong>venter</strong></span> <span class='ocrx_word' id='word_1_201' title='bbox 3199 1406 3290 1474; x_wconf 86' lang='lat' dir='ltr'><strong>qui</strong></span> <span class='ocrx_word' id='word_1_202' title='bbox 3333 1420 3435 1460; x_wconf 88' lang='lat' dir='ltr'><strong>nos</strong></span> <span class='ocrx_word' id='word_1_203' title='bbox 3463 1404 3565 1457; x_wconf 83' lang='lat' dir='ltr'><strong>ﬁn-</strong></span> 
     </span>
    </p>
   </div>
   <div class='ocr_carea' id='block_1_29' title="bbox 1998 1494 3565 1566">
    <p class='ocr_par' dir='ltr' id='par_1_29' title="bbox 1998 1494 3565 1566">
     <span class='ocr_line' id='line_1_29' title="bbox 1998 1494 3565 1566; baseline 0.001 -19"><span class='ocrx_word' id='word_1_204' title='bbox 1998 1494 2296 1565; x_wconf 70' lang='lat' dir='ltr'><strong>xit.etqute</strong></span> <span class='ocrx_word' id='word_1_205' title='bbox 2320 1495 2579 1557; x_wconf 68' lang='lat' dir='ltr'><strong>«matrix,</strong></span> <span class='ocrx_word' id='word_1_206' title='bbox 2617 1509 2737 1563; x_wconf 60' lang='lat' dir='ltr'><strong>quae</strong></span> <span class='ocrx_word' id='word_1_207' title='bbox 2770 1495 2827 1548; x_wconf 88' lang='lat' dir='ltr'><strong>in</strong></span> <span class='ocrx_word' id='word_1_208' title='bbox 2872 1495 3052 1550; x_wconf 90' lang='lat' dir='ltr'><strong>lucem</strong></span> <span class='ocrx_word' id='word_1_209' title='bbox 3105 1509 3204 1549; x_wconf 90' lang='lat' dir='ltr'><strong>nos</strong></span> <span class='ocrx_word' id='word_1_210' title='bbox 3251 1494 3565 1566; x_wconf 85' lang='lat' dir='ltr'><strong>generando</strong></span> 
     </span>
    </p>
   </div>
   <div class='ocr_carea' id='block_1_30' title="bbox 1999 1582 3569 1656">
    <p class='ocr_par' dir='ltr' id='par_1_30' title="bbox 1999 1582 3569 1656">
     <span class='ocr_line' id='line_1_30' title="bbox 1999 1582 3569 1656; baseline -0.001 -16"><span class='ocrx_word' id='word_1_211' title='bbox 1999 1582 2225 1644; x_wconf 67' lang='lat' dir='ltr'><strong>edidit.)</strong></span> <span class='ocrx_word' id='word_1_212' title='bbox 2244 1584 2545 1655; x_wconf 68' lang='lat' dir='ltr'><strong>Hmcigitur</strong></span> <span class='ocrx_word' id='word_1_213' title='bbox 2574 1585 2931 1640; x_wconf 81' lang='lat' dir='ltr'><strong>considerans</strong></span> <span class='ocrx_word' id='word_1_214' title='bbox 2955 1585 3066 1650; x_wconf 89' lang='lat' dir='ltr'><strong>ille,</strong></span> <span class='ocrx_word' id='word_1_215' title='bbox 3096 1586 3189 1656; x_wconf 90' lang='lat' dir='ltr'><strong>qui</strong></span> <span class='ocrx_word' id='word_1_216' title='bbox 3210 1585 3282 1639; x_wconf 90' lang='lat' dir='ltr'><strong>ob</strong></span> <span class='ocrx_word' id='word_1_217' title='bbox 3312 1585 3569 1656; x_wconf 87' lang='lat' dir='ltr'><strong>perditio-</strong></span> 
     </span>
    </p>
   </div>
   <div class='ocr_carea' id='block_1_31' title="bbox 1958 1673 3571 1747">
    <p class='ocr_par' dir='ltr' id='par_1_31' title="bbox 1958 1673 3571 1747">
     <span class='ocr_line' id='line_1_31' title="bbox 1958 1673 3571 1747; baseline -0.001 -18"><span class='ocrx_word' id='word_1_218' title='bbox 1958 1740 1964 1747; x_wconf 33' lang='lat'>.</span> <span class='ocrx_word' id='word_1_219' title='bbox 2001 1688 2124 1729; x_wconf 90' lang='lat' dir='ltr'><strong>nem</strong></span> <span class='ocrx_word' id='word_1_220' title='bbox 2154 1673 2440 1730; x_wconf 87' lang='lat' dir='ltr'><strong>hominum</strong></span> <span class='ocrx_word' id='word_1_221' title='bbox 2484 1692 2513 1730; x_wconf 90' lang='lat' dir='ltr'><strong>a</strong></span> <span class='ocrx_word' id='word_1_222' title='bbox 2542 1674 2652 1731; x_wconf 92' lang='lat' dir='ltr'><strong>Deo</strong></span> <span class='ocrx_word' id='word_1_223' title='bbox 2707 1675 3128 1731; x_wconf 87' lang='lat' dir='ltr'><strong>desciscentium</strong></span> <span class='ocrx_word' id='word_1_224' title='bbox 3184 1675 3350 1746; x_wconf 88' lang='lat' dir='ltr'><strong>luget,</strong></span> <span class='ocrx_word' id='word_1_225' title='bbox 3394 1676 3448 1730; x_wconf 92' lang='lat' dir='ltr'><strong>in</strong></span> <span class='ocrx_word' id='word_1_226' title='bbox 3499 1676 3571 1728; x_wconf 59' lang='lat' dir='ltr'><strong>la.</strong></span> 
     </span>
    </p>
   </div>
   <div class='ocr_carea' id='block_1_32' title="bbox 2011 1766 3569 1836">
    <p class='ocr_par' dir='ltr' id='par_1_32' title="bbox 2011 1766 3569 1836">
     <span class='ocr_line' id='line_1_32' title="bbox 2011 1766 3569 1836; baseline 0.002 -18"><span class='ocrx_word' id='word_1_227' title='bbox 2011 1774 2195 1825; x_wconf 84' lang='lat' dir='ltr'><strong>menta</strong></span> <span class='ocrx_word' id='word_1_228' title='bbox 2224 1766 2467 1836; x_wconf 86' lang='lat' dir='ltr'><strong>erumpit</strong></span> <span class='ocrx_word' id='word_1_229' title='bbox 2492 1784 2506 1834; x_wconf 91' lang='lat'><strong>;</strong></span> <span class='ocrx_word' id='word_1_230' title='bbox 2537 1782 2662 1821; x_wconf 88' lang='lat' dir='ltr'><strong>nam</strong></span> <span class='ocrx_word' id='word_1_231' title='bbox 2696 1768 3105 1822; x_wconf 86' lang='lat' dir='ltr'><strong>lamentationis</strong></span> <span class='ocrx_word' id='word_1_232' title='bbox 3134 1769 3310 1822; x_wconf 90' lang='lat' dir='ltr'><strong>instar</strong></span> <span class='ocrx_word' id='word_1_233' title='bbox 3355 1775 3437 1823; x_wconf 91' lang='lat' dir='ltr'><strong>est</strong></span> <span class='ocrx_word' id='word_1_234' title='bbox 3465 1783 3569 1821; x_wconf 85' lang='lat' dir='ltr'><strong>vox</strong></span> 
     </span>
    </p>
   </div>
   <div class='ocr_carea' id='block_1_33' title="bbox 2005 1856 3569 1929">
    <p class='ocr_par' dir='ltr' id='par_1_33' title="bbox 2005 1856 3569 1929">
     <span class='ocr_line' id='line_1_33' title="bbox 2005 1856 3569 1929; baseline 0.001 -20"><span class='ocrx_word' id='word_1_235' title='bbox 2005 1856 2119 1922; x_wconf 90' lang='lat' dir='ltr'><strong>illa,</strong></span> <span class='ocrx_word' id='word_1_236' title='bbox 2153 1872 2263 1928; x_wconf 86' lang='lat' dir='ltr'><strong>qua</strong></span> <span class='ocrx_word' id='word_1_237' title='bbox 2288 1865 2603 1927; x_wconf 85' lang='lat' dir='ltr'><strong>peccatores</strong></span> <span class='ocrx_word' id='word_1_238' title='bbox 2644 1858 2892 1929; x_wconf 84' lang='lat' dir='ltr'><strong>deplorat</strong></span> <span class='ocrx_word' id='word_1_239' title='bbox 2930 1875 2944 1912; x_wconf 88' lang='lat'><strong>:</strong></span> <span class='ocrx_word' id='word_1_240' title='bbox 2975 1877 2994 1910; x_wconf 76' lang='grc' dir='ltr'><strong>ι</strong></span> <span class='ocrx_word' id='word_1_241' title='bbox 3020 1860 3306 1925; x_wconf 78' lang='lat' dir='ltr'><strong>Quomodo</strong></span> <span class='ocrx_word' id='word_1_242' title='bbox 3349 1859 3569 1913; x_wconf 87' lang='lat' dir='ltr'><strong>alienati</strong></span> 
     </span>
    </p>
   </div>
   <div class='ocr_carea' id='block_1_34' title="bbox 321 1939 1920 2023">
    <p class='ocr_par' dir='ltr' id='par_1_34' title="bbox 321 1948 1901 2023">
     <span class='ocr_line' id='line_1_34' title="bbox 321 1948 1901 2023; baseline 0.002 -22"><span class='ocrx_word' id='word_1_243' title='bbox 321 1950 422 2019; x_wconf 83' lang='grc' dir='ltr'><strong>τῆς</strong></span> <span class='ocrx_word' id='word_1_244' title='bbox 444 1948 679 2019; x_wconf 83' lang='grc' dir='ltr'>γαστρὸς</span> <span class='ocrx_word' id='word_1_245' title='bbox 707 1948 1109 2021; x_wconf 80' lang='grc' dir='ltr'>ἐπλανήθησαν,</span> <span class='ocrx_word' id='word_1_246' title='bbox 1128 1950 1186 2003; x_wconf 87' lang='grc' dir='ltr'><strong>τὸ</strong></span> <span class='ocrx_word' id='word_1_247' title='bbox 1215 1948 1271 2007; x_wconf 80' lang='grc' dir='ltr'>δὲ</span> <span class='ocrx_word' id='word_1_248' title='bbox 1292 1950 1486 2023; x_wconf 70' lang='grc' dir='ltr'>ψεῦδος</span> <span class='ocrx_word' id='word_1_249' title='bbox 1517 1951 1622 2023; x_wconf 85' lang='grc' dir='ltr'><strong>πρὸ</strong></span> <span class='ocrx_word' id='word_1_250' title='bbox 1650 1953 1750 2022; x_wconf 76' lang='grc' dir='ltr'>τῆς</span> <span class='ocrx_word' id='word_1_251' title='bbox 1769 1951 1901 2021; x_wconf 88' lang='grc' dir='ltr'>ἀλη-</span> 
     </span>
    </p>
   </div>
   <div class='ocr_carea' id='block_1_35' title="bbox 2020 1939 3573 2023">
    <p class='ocr_par' dir='ltr' id='par_1_35' title="bbox 2020 1939 3573 2017">
     <span class='ocr_line' id='line_1_35' title="bbox 2020 1939 3573 2017; baseline -0.001 -14"><span class='ocrx_word' id='word_1_252' title='bbox 2020 1956 2469 2017; x_wconf 76' lang='lat' dir='ltr'><strong>suntpeccatores</strong></span> <span class='ocrx_word' id='word_1_253' title='bbox 2495 1963 2524 2002; x_wconf 91' lang='lat' dir='ltr'><strong>a</strong></span> <span class='ocrx_word' id='word_1_254' title='bbox 2558 1939 2783 2001; x_wconf 65' lang='lat' dir='ltr'><strong>vulva”?</strong></span> <span class='ocrx_word' id='word_1_255' title='bbox 2806 1948 3115 2017; x_wconf 62' lang='lat' dir='ltr'><strong>aquomodo</strong></span> <span class='ocrx_word' id='word_1_256' title='bbox 3145 1950 3213 2003; x_wconf 90' lang='lat' dir='ltr'><strong>ab</strong></span> <span class='ocrx_word' id='word_1_257' title='bbox 3249 1957 3405 2003; x_wconf 89' lang='lat' dir='ltr'><strong>utero</strong></span> <span class='ocrx_word' id='word_1_258' title='bbox 3420 1963 3573 2003; x_wconf 85' lang='lat' dir='ltr'><strong>erra-</strong></span> 
     </span>
    </p>
   </div>
   <div class='ocr_carea' id='block_1_36' title="bbox 325 2036 1902 2116">
    <p class='ocr_par' dir='ltr' id='par_1_36' title="bbox 325 2036 1902 2116">
     <span class='ocr_line' id='line_1_36' title="bbox 325 2036 1902 2116; baseline 0 -21"><span class='ocrx_word' id='word_1_259' title='bbox 325 2039 476 2103; x_wconf 87' lang='grc' dir='ltr'>θείας</span> <span class='ocrx_word' id='word_1_260' title='bbox 507 2043 871 2111; x_wconf 85' lang='grc' dir='ltr'>τιμήσαντες,</span> <span class='ocrx_word' id='word_1_261' title='bbox 899 2036 973 2095; x_wconf 79' lang='grc' dir='ltr'><strong>ὧν</strong></span> <span class='ocrx_word' id='word_1_262' title='bbox 1001 2044 1030 2096; x_wconf 85' lang='grc' dir='ltr'><strong>ό</strong></span> <span class='ocrx_word' id='word_1_263' title='bbox 1067 2043 1237 2114; x_wconf 85' lang='grc' dir='ltr'>θυμὸς</span> <span class='ocrx_word' id='word_1_264' title='bbox 1282 2043 1418 2116; x_wconf 88' lang='grc' dir='ltr'>πρὸς</span> <span class='ocrx_word' id='word_1_265' title='bbox 1452 2044 1541 2097; x_wconf 85' lang='grc' dir='ltr'><strong>τὸν</strong></span> <span class='ocrx_word' id='word_1_266' title='bbox 1565 2044 1773 2116; x_wconf 79' lang='grc' dir='ltr'>πατέρα</span> <span class='ocrx_word' id='word_1_267' title='bbox 1810 2043 1902 2096; x_wconf 78' lang='grc' dir='ltr'><strong>τοῦ</strong></span> 
     </span>
    </p>
   </div>
   <div class='ocr_carea' id='block_1_37' title="bbox 323 2131 1908 2209">
    <p class='ocr_par' dir='ltr' id='par_1_37' title="bbox 323 2131 1908 2209">
     <span class='ocr_line' id='line_1_37' title="bbox 323 2131 1908 2209; baseline 0.003 -25"><span class='ocrx_word' id='word_1_268' title='bbox 323 2131 552 2201; x_wconf 78' lang='grc' dir='ltr'>ψεύδους</span> <span class='ocrx_word' id='word_1_269' title='bbox 603 2134 695 2187; x_wconf 78' lang='grc' dir='ltr'>τὸν</span> <span class='ocrx_word' id='word_1_270' title='bbox 749 2133 964 2204; x_wconf 86' lang='grc' dir='ltr'>πρῶτον</span> <span class='ocrx_word' id='word_1_271' title='bbox 1010 2134 1121 2209; x_wconf 81' lang='grc' dir='ltr'>ἔχει</span> <span class='ocrx_word' id='word_1_272' title='bbox 1168 2135 1265 2208; x_wconf 83' lang='grc' dir='ltr'>τὴν</span> <span class='ocrx_word' id='word_1_273' title='bbox 1316 2135 1631 2207; x_wconf 71' lang='grc' dir='ltr'>ὁμοιότητας</span> <span class='ocrx_word' id='word_1_274' title='bbox 1688 2155 1707 2187; x_wconf 80' lang='grc' dir='ltr'><strong>ι</strong></span> <span class='ocrx_word' id='word_1_275' title='bbox 1761 2135 1908 2191; x_wconf 78' lang='grc' dir='ltr'>Ὠσεὶ</span> 
     </span>
    </p>
   </div>
   <div class='ocr_carea' id='block_1_38' title="bbox 326 2222 1905 2301">
    <p class='ocr_par' dir='ltr' id='par_1_38' title="bbox 326 2222 1905 2301">
     <span class='ocr_line' id='line_1_38' title="bbox 326 2222 1905 2301; baseline 0.002 -23"><span class='ocrx_word' id='word_1_276' title='bbox 326 2226 607 2289; x_wconf 80' lang='grc' dir='ltr'>ἀσπίδος,›</span> <span class='ocrx_word' id='word_1_277' title='bbox 643 2228 824 2297; x_wconf 75' lang='grc' dir='ltr'>φησὶν,</span> <span class='ocrx_word' id='word_1_278' title='bbox 864 2245 881 2278; x_wconf 84' lang='grc' dir='ltr'><strong>ι</strong></span> <span class='ocrx_word' id='word_1_279' title='bbox 902 2229 1089 2301; x_wconf 77' lang='grc' dir='ltr'>κωφῆς</span> <span class='ocrx_word' id='word_1_280' title='bbox 1114 2229 1207 2283; x_wconf 73' lang='grc' dir='ltr'><strong>καὶ</strong></span> <span class='ocrx_word' id='word_1_281' title='bbox 1234 2228 1466 2299; x_wconf 87' lang='grc' dir='ltr'>βυούσης</span> <span class='ocrx_word' id='word_1_282' title='bbox 1491 2228 1558 2287; x_wconf 84' lang='grc' dir='ltr'>τὰ</span> <span class='ocrx_word' id='word_1_283' title='bbox 1577 2222 1690 2296; x_wconf 74' lang='grc' dir='ltr'>ὦτα</span> <span class='ocrx_word' id='word_1_284' title='bbox 1714 2229 1905 2297; x_wconf 84' lang='grc' dir='ltr'>αὐτῆς,</span> 
     </span>
    </p>
   </div>
   <div class='ocr_carea' id='block_1_39' title="bbox 284 2318 1907 2393">
    <p class='ocr_par' dir='ltr' id='par_1_39' title="bbox 284 2318 1907 2393">
     <span class='ocr_line' id='line_1_39' title="bbox 284 2318 1907 2393; baseline 0.003 -23"><span class='ocrx_word' id='word_1_285' title='bbox 284 2342 289 2345; x_wconf 49' lang='grc'>&lt;</span> <span class='ocrx_word' id='word_1_286' title='bbox 325 2319 450 2390; x_wconf 73' lang='grc' dir='ltr'>ἥτις</span> <span class='ocrx_word' id='word_1_287' title='bbox 514 2318 614 2371; x_wconf 83' lang='grc' dir='ltr'><strong>οὐκ</strong></span> <span class='ocrx_word' id='word_1_288' title='bbox 656 2318 1033 2373; x_wconf 85' lang='grc' dir='ltr'>εἰσακούσεται</span> <span class='ocrx_word' id='word_1_289' title='bbox 1079 2320 1260 2390; x_wconf 81' lang='grc' dir='ltr'><strong>φωνήν</strong></span> <span class='ocrx_word' id='word_1_290' title='bbox 1303 2320 1640 2393; x_wconf 72' lang='grc' dir='ltr'><strong>ἐπᾳδόντων,</strong></span> <span class='ocrx_word' id='word_1_291' title='bbox 1686 2338 1907 2393; x_wconf 80' lang='grc' dir='ltr'>φαρμα-</span> 
     </span>
    </p>
   </div>
   <div class='ocr_carea' id='block_1_40' title="bbox 328 2408 1910 2483">
    <p class='ocr_par' dir='ltr' id='par_1_40' title="bbox 328 2408 1910 2483">
     <span class='ocr_line' id='line_1_40' title="bbox 328 2408 1910 2483; baseline 0.003 -24"><span class='ocrx_word' id='word_1_292' title='bbox 328 2408 425 2462; x_wconf 79' lang='grc' dir='ltr'>κοῦ</span> <span class='ocrx_word' id='word_1_293' title='bbox 477 2425 537 2460; x_wconf 91' lang='grc' dir='ltr'><strong>τε</strong></span> <span class='ocrx_word' id='word_1_294' title='bbox 590 2409 1054 2479; x_wconf 76' lang='grc' dir='ltr'>φαρμακευομένη</span> <span class='ocrx_word' id='word_1_295' title='bbox 1084 2408 1235 2479; x_wconf 85' lang='grc' dir='ltr'>παρὰ</span> <span class='ocrx_word' id='word_1_296' title='bbox 1284 2409 1470 2481; x_wconf 78' lang='grc' dir='ltr'>σοφοῦ.</span> <span class='ocrx_word' id='word_1_297' title='bbox 1502 2428 1520 2462; x_wconf 84' lang='grc'>›</span> <span class='ocrx_word' id='word_1_298' title='bbox 1561 2410 1775 2481; x_wconf 80' lang='grc' dir='ltr'>Ταύτην</span> <span class='ocrx_word' id='word_1_299' title='bbox 1803 2410 1910 2483; x_wconf 84' lang='grc' dir='ltr'>γὰρ</span> 
     </span>
    </p>
   </div>
   <div class='ocr_carea' id='block_1_41' title="bbox 329 2498 1907 2576">
    <p class='ocr_par' dir='ltr' id='par_1_41' title="bbox 329 2498 1907 2576">
     <span class='ocr_line' id='line_1_41' title="bbox 329 2498 1907 2576; baseline 0 -22"><span class='ocrx_word' id='word_1_300' title='bbox 329 2500 505 2554; x_wconf 80' lang='grc' dir='ltr'>ὲνίδον</span> <span class='ocrx_word' id='word_1_301' title='bbox 535 2498 626 2552; x_wconf 82' lang='grc' dir='ltr'>τοῦ</span> <span class='ocrx_word' id='word_1_302' title='bbox 670 2499 859 2572; x_wconf 86' lang='grc' dir='ltr'>θηρίου</span> <span class='ocrx_word' id='word_1_303' title='bbox 897 2500 994 2572; x_wconf 81' lang='grc' dir='ltr'><strong>τὴν</strong></span> <span class='ocrx_word' id='word_1_304' title='bbox 1042 2500 1202 2570; x_wconf 77' lang='grc' dir='ltr'>φύσιν</span> <span class='ocrx_word' id='word_1_305' title='bbox 1231 2503 1279 2556; x_wconf 75' lang='lat' dir='ltr'><strong>oi</strong></span> <span class='ocrx_word' id='word_1_306' title='bbox 1322 2503 1450 2576; x_wconf 81' lang='grc' dir='ltr'>περὶ</span> <span class='ocrx_word' id='word_1_307' title='bbox 1495 2502 1669 2556; x_wconf 83' lang='grc' dir='ltr'>ταῦτα</span> <span class='ocrx_word' id='word_1_308' title='bbox 1722 2503 1907 2573; x_wconf 84' lang='grc' dir='ltr'>σοφοί·</span> 
     </span>
    </p>
   </div>
   <div class='ocr_carea' id='block_1_42' title="bbox 329 2590 1913 2667">
    <p class='ocr_par' dir='ltr' id='par_1_42' title="bbox 329 2590 1913 2667">
     <span class='ocr_line' id='line_1_42' title="bbox 329 2590 1913 2667; baseline 0.003 -23"><span class='ocrx_word' id='word_1_309' title='bbox 329 2593 415 2645; x_wconf 77' lang='grc' dir='ltr'>ὅτι</span> <span class='ocrx_word' id='word_1_310' title='bbox 469 2591 641 2661; x_wconf 80' lang='grc' dir='ltr'>θυμὸν</span> <span class='ocrx_word' id='word_1_311' title='bbox 693 2590 1185 2664; x_wconf 83' lang='grc' dir='ltr'>διαπιμπραμένη,</span> <span class='ocrx_word' id='word_1_312' title='bbox 1247 2594 1551 2667; x_wconf 84' lang='grc' dir='ltr'>ἀποκρατεῖ</span> <span class='ocrx_word' id='word_1_313' title='bbox 1600 2595 1661 2648; x_wconf 84' lang='grc' dir='ltr'><strong>τὸ</strong></span> <span class='ocrx_word' id='word_1_314' title='bbox 1697 2594 1913 2666; x_wconf 82' lang='grc' dir='ltr'>πνεῦμα</span> 
     </span>
    </p>
   </div>
   <div class='ocr_carea' id='block_1_43' title="bbox 330 2684 1911 2761">
    <p class='ocr_par' dir='ltr' id='par_1_43' title="bbox 330 2684 1911 2761">
     <span class='ocr_line' id='line_1_43' title="bbox 330 2684 1911 2761; baseline 0.003 -25"><span class='ocrx_word' id='word_1_315' title='bbox 330 2688 400 2756; x_wconf 71' lang='grc' dir='ltr'>τῇ</span> <span class='ocrx_word' id='word_1_316' title='bbox 433 2684 709 2756; x_wconf 72' lang='grc' dir='ltr'>φάρυγγι,</span> <span class='ocrx_word' id='word_1_317' title='bbox 755 2685 848 2741; x_wconf 76' lang='grc' dir='ltr'>καὶ</span> <span class='ocrx_word' id='word_1_318' title='bbox 890 2685 951 2738; x_wconf 82' lang='grc' dir='ltr'><strong>ού</strong></span> <span class='ocrx_word' id='word_1_319' title='bbox 999 2686 1282 2757; x_wconf 81' lang='grc' dir='ltr'>προΐεται,</span> <span class='ocrx_word' id='word_1_320' title='bbox 1338 2687 1507 2741; x_wconf 82' lang='grc' dir='ltr'>ἀσκοῦ</span> <span class='ocrx_word' id='word_1_321' title='bbox 1543 2688 1697 2761; x_wconf 89' lang='grc' dir='ltr'>δίκην</span> <span class='ocrx_word' id='word_1_322' title='bbox 1729 2690 1795 2760; x_wconf 76' lang='grc' dir='ltr'>τῇ</span> <span class='ocrx_word' id='word_1_323' title='bbox 1820 2687 1911 2743; x_wconf 80' lang='grc' dir='ltr'>τοῦ</span> 
     </span>
    </p>
   </div>
   <div class='ocr_carea' id='block_1_44' title="bbox 335 2775 1914 2849">
    <p class='ocr_par' dir='ltr' id='par_1_44' title="bbox 335 2775 1914 2849">
     <span class='ocr_line' id='line_1_44' title="bbox 335 2775 1914 2849; baseline 0.001 -19"><span class='ocrx_word' id='word_1_324' title='bbox 335 2776 648 2848; x_wconf 77' lang='grc' dir='ltr'>πνεύματος</span> <span class='ocrx_word' id='word_1_325' title='bbox 696 2777 754 2829; x_wconf 83' lang='grc' dir='ltr'><strong>ὲν</strong></span> <span class='ocrx_word' id='word_1_326' title='bbox 785 2775 1051 2847; x_wconf 79' lang='grc' dir='ltr'><strong>ἀπολήψει</strong></span> <span class='ocrx_word' id='word_1_327' title='bbox 1091 2777 1557 2849; x_wconf 87' lang='grc' dir='ltr'>περιοιδαίνουσα,</span> <span class='ocrx_word' id='word_1_328' title='bbox 1614 2778 1691 2845; x_wconf 83' lang='grc' dir='ltr'>ὡς</span> <span class='ocrx_word' id='word_1_329' title='bbox 1738 2778 1914 2832; x_wconf 89' lang='grc' dir='ltr'>πάντα</span> 
     </span>
    </p>
   </div>
   <div class='ocr_carea' id='block_1_45' title="bbox 334 2867 1915 2944">
    <p class='ocr_par' dir='ltr' id='par_1_45' title="bbox 334 2867 1915 2944">
     <span class='ocr_line' id='line_1_45' title="bbox 334 2867 1915 2944; baseline 0.004 -25"><span class='ocrx_word' id='word_1_330' title='bbox 334 2869 421 2920; x_wconf 75' lang='grc' dir='ltr'><strong>ἐπ’</strong></span> <span class='ocrx_word' id='word_1_331' title='bbox 470 2867 641 2938; x_wconf 76' lang='grc' dir='ltr'>αὐτῆς</span> <span class='ocrx_word' id='word_1_332' title='bbox 690 2867 839 2940; x_wconf 83' lang='grc' dir='ltr'>ἀργὰ</span> <span class='ocrx_word' id='word_1_333' title='bbox 892 2869 1073 2940; x_wconf 84' lang='grc' dir='ltr'>μένειν</span> <span class='ocrx_word' id='word_1_334' title='bbox 1123 2870 1219 2924; x_wconf 73' lang='grc' dir='ltr'>καὶ</span> <span class='ocrx_word' id='word_1_335' title='bbox 1249 2871 1538 2940; x_wconf 76' lang='grc' dir='ltr'>ἄπρακτα,</span> <span class='ocrx_word' id='word_1_336' title='bbox 1582 2870 1682 2924; x_wconf 81' lang='grc' dir='ltr'>ὅσα</span> <span class='ocrx_word' id='word_1_337' title='bbox 1714 2870 1915 2944; x_wconf 83' lang='grc' dir='ltr'>θηρίων</span> 
     </span>
    </p>
   </div>
   <div class='ocr_carea' id='block_1_46' title="bbox 336 2959 1917 3036">
    <p class='ocr_par' dir='ltr' id='par_1_46' title="bbox 336 2959 1917 3036">
     <span class='ocr_line' id='line_1_46' title="bbox 336 2959 1917 3036; baseline 0.003 -23"><span class='ocrx_word' id='word_1_338' title='bbox 336 2960 611 3034; x_wconf 81' lang='grc' dir='ltr'>θέλγητρα</span> <span class='ocrx_word' id='word_1_339' title='bbox 639 2959 728 3014; x_wconf 90' lang='grc' dir='ltr'><strong>διά</strong></span> <span class='ocrx_word' id='word_1_340' title='bbox 778 2977 921 3024; x_wconf 89' lang='grc' dir='ltr'>τινος</span> <span class='ocrx_word' id='word_1_341' title='bbox 959 2964 1191 3033; x_wconf 81' lang='grc' dir='ltr'><strong>φυσικῆς</strong></span> <span class='ocrx_word' id='word_1_342' title='bbox 1238 2962 1587 3035; x_wconf 67' lang='grc' dir='ltr'>ἀντιπαθείας</span> <span class='ocrx_word' id='word_1_343' title='bbox 1629 2962 1780 3036; x_wconf 81' lang='grc' dir='ltr'>παρὰ</span> <span class='ocrx_word' id='word_1_344' title='bbox 1809 2964 1917 3017; x_wconf 83' lang='grc' dir='ltr'>τῶν</span> 
     </span>
    </p>
   </div>
   <div class='ocr_carea' id='block_1_47' title="bbox 335 3049 1919 3124">
    <p class='ocr_par' dir='ltr' id='par_1_47' title="bbox 335 3049 1919 3124">
     <span class='ocr_line' id='line_1_47' title="bbox 335 3049 1919 3124; baseline 0.002 -20"><span class='ocrx_word' id='word_1_345' title='bbox 335 3051 407 3105; x_wconf 75' lang='grc' dir='ltr'>τὰ</span> <span class='ocrx_word' id='word_1_346' title='bbox 439 3050 666 3105; x_wconf 80' lang='grc' dir='ltr'>τοιαῦτα</span> <span class='ocrx_word' id='word_1_347' title='bbox 694 3049 873 3120; x_wconf 83' lang='grc' dir='ltr'>σοφῶν</span> <span class='ocrx_word' id='word_1_348' title='bbox 899 3050 1186 3124; x_wconf 72' lang='grc' dir='ltr'>ἐξηυρέθη.</span> <span class='ocrx_word' id='word_1_349' title='bbox 1212 3052 1371 3106; x_wconf 86' lang='grc' dir='ltr'><strong>Νοείν</strong></span> <span class='ocrx_word' id='word_1_350' title='bbox 1395 3052 1452 3108; x_wconf 83' lang='grc' dir='ltr'>δὲ</span> <span class='ocrx_word' id='word_1_351' title='bbox 1481 3053 1662 3107; x_wconf 83' lang='grc' dir='ltr'>δίδωσι</span> <span class='ocrx_word' id='word_1_352' title='bbox 1686 3054 1774 3109; x_wconf 83' lang='grc' dir='ltr'>διὰ</span> <span class='ocrx_word' id='word_1_353' title='bbox 1798 3054 1919 3107; x_wconf 86' lang='grc' dir='ltr'>τού-</span> 
     </span>
    </p>
   </div>
   <div class='ocr_carea' id='block_1_48' title="bbox 337 3143 1919 3219">
    <p class='ocr_par' dir='ltr' id='par_1_48' title="bbox 337 3143 1919 3219">
     <span class='ocr_line' id='line_1_48' title="bbox 337 3143 1919 3219; baseline 0.001 -22"><span class='ocrx_word' id='word_1_354' title='bbox 337 3161 471 3209; x_wconf 89' lang='grc' dir='ltr'>των,</span> <span class='ocrx_word' id='word_1_355' title='bbox 501 3144 583 3197; x_wconf 85' lang='grc' dir='ltr'>ὅτι</span> <span class='ocrx_word' id='word_1_356' title='bbox 615 3144 844 3214; x_wconf 86' lang='grc' dir='ltr'>ἀνήκοος</span> <span class='ocrx_word' id='word_1_357' title='bbox 882 3143 1031 3215; x_wconf 87' lang='grc' dir='ltr'>μένει</span> <span class='ocrx_word' id='word_1_358' title='bbox 1060 3143 1166 3198; x_wconf 85' lang='grc' dir='ltr'><strong>τῶν</strong></span> <span class='ocrx_word' id='word_1_359' title='bbox 1208 3144 1268 3198; x_wconf 84' lang='grc' dir='ltr'><strong>ὲν</strong></span> <span class='ocrx_word' id='word_1_360' title='bbox 1292 3144 1462 3217; x_wconf 76' lang='grc' dir='ltr'>κακία</span> <span class='ocrx_word' id='word_1_361' title='bbox 1495 3147 1919 3219; x_wconf 81' lang='grc' dir='ltr'>κεκρατημένων</span> 
     </span>
    </p>
   </div>
   <div class='ocr_carea' id='block_1_49' title="bbox 338 3237 1920 3313">
    <p class='ocr_par' dir='ltr' id='par_1_49' title="bbox 338 3237 1920 3313">
     <span class='ocr_line' id='line_1_49' title="bbox 338 3237 1920 3313; baseline 0.003 -22"><span class='ocrx_word' id='word_1_362' title='bbox 338 3239 377 3308; x_wconf 81' lang='grc' dir='ltr'>ὴ</span> <span class='ocrx_word' id='word_1_363' title='bbox 400 3237 617 3308; x_wconf 83' lang='grc' dir='ltr'>καρδία,</span> <span class='ocrx_word' id='word_1_364' title='bbox 645 3240 744 3309; x_wconf 81' lang='grc' dir='ltr'>τῆς</span> <span class='ocrx_word' id='word_1_365' title='bbox 766 3237 914 3311; x_wconf 89' lang='grc' dir='ltr'><strong>παρά</strong></span> <span class='ocrx_word' id='word_1_366' title='bbox 945 3237 1052 3293; x_wconf 83' lang='grc' dir='ltr'><strong>τῶν</strong></span> <span class='ocrx_word' id='word_1_367' title='bbox 1086 3237 1418 3293; x_wconf 83' lang='grc' dir='ltr'>διδασκάλων</span> <span class='ocrx_word' id='word_1_368' title='bbox 1444 3240 1791 3313; x_wconf 84' lang='grc' dir='ltr'>ὲπαγομένης</span> <span class='ocrx_word' id='word_1_369' title='bbox 1822 3242 1920 3295; x_wconf 88' lang='grc' dir='ltr'>αύ-</span> 
     </span>
    </p>
   </div>
   <div class='ocr_carea' id='block_1_50' title="bbox 339 3296 1989 3402">
    <p class='ocr_par' dir='ltr' id='par_1_50' title="bbox 339 3296 1989 3402">
     <span class='ocr_line' id='line_1_50' title="bbox 339 3296 1989 3402; baseline 0.004 -22"><span class='ocrx_word' id='word_1_370' title='bbox 339 3296 453 3390; x_wconf 70' lang='grc' dir='ltr'>τοίς</span> <span class='ocrx_word' id='word_1_371' title='bbox 477 3296 818 3395; x_wconf 51' lang='grc' dir='ltr'>’θεραπείας</span> <span class='ocrx_word' id='word_1_372' title='bbox 841 3296 961 3380; x_wconf 51' lang='grc' dir='ltr'><strong>’Καὶ</strong></span> <span class='ocrx_word' id='word_1_373' title='bbox 996 3329 1146 3381; x_wconf 84' lang='grc' dir='ltr'>πᾶσα</span> <span class='ocrx_word' id='word_1_374' title='bbox 1177 3328 1233 3382; x_wconf 84' lang='grc' dir='ltr'>δὲ</span> <span class='ocrx_word' id='word_1_375' title='bbox 1260 3331 1293 3401; x_wconf 93' lang='grc' dir='ltr'><strong>ή</strong></span> <span class='ocrx_word' id='word_1_376' title='bbox 1326 3330 1425 3401; x_wconf 84' lang='grc' dir='ltr'>τῆς</span> <span class='ocrx_word' id='word_1_377' title='bbox 1448 3296 1920 3402; x_wconf 58' lang='grc' dir='ltr'>ψαλμιρδίαςάκο-</span> <span class='ocrx_word' id='word_1_378' title='bbox 1946 3296 1989 3354; x_wconf 75' lang='lat' dir='ltr'><strong>C</strong></span> 
     </span>
    </p>
   </div>
   <div class='ocr_carea' id='block_1_51' title="bbox 342 3417 1923 3493">
    <p class='ocr_par' dir='ltr' id='par_1_51' title="bbox 342 3417 1923 3493">
     <span class='ocr_line' id='line_1_51' title="bbox 342 3417 1923 3493; baseline 0.003 -22"><span class='ocrx_word' id='word_1_379' title='bbox 342 3418 533 3472; x_wconf 82' lang='grc' dir='ltr'>λουθία</span> <span class='ocrx_word' id='word_1_380' title='bbox 554 3417 643 3470; x_wconf 83' lang='grc' dir='ltr'>διὰ</span> <span class='ocrx_word' id='word_1_381' title='bbox 673 3417 871 3490; x_wconf 90' lang='grc' dir='ltr'>θρήνου</span> <span class='ocrx_word' id='word_1_382' title='bbox 900 3421 1168 3490; x_wconf 79' lang='grc' dir='ltr'>προῆκται</span> <span class='ocrx_word' id='word_1_383' title='bbox 1196 3419 1274 3490; x_wconf 82' lang='grc' dir='ltr'>τῷ</span> <span class='ocrx_word' id='word_1_384' title='bbox 1305 3423 1372 3491; x_wconf 85' lang='grc' dir='ltr'>τῇ</span> <span class='ocrx_word' id='word_1_385' title='bbox 1404 3422 1648 3493; x_wconf 72' lang='grc' dir='ltr'>ἀπωλείᾳ</span> <span class='ocrx_word' id='word_1_386' title='bbox 1680 3422 1787 3476; x_wconf 82' lang='grc' dir='ltr'>τῶν</span> <span class='ocrx_word' id='word_1_387' title='bbox 1817 3422 1923 3476; x_wconf 85' lang='grc' dir='ltr'>δει-</span> 
     </span>
    </p>
   </div>
   <div class='ocr_carea' id='block_1_52' title="bbox 342 3505 1925 3582">
    <p class='ocr_par' dir='ltr' id='par_1_52' title="bbox 342 3505 1925 3582">
     <span class='ocr_line' id='line_1_52' title="bbox 342 3505 1925 3582; baseline 0.003 -21"><span class='ocrx_word' id='word_1_388' title='bbox 342 3505 514 3561; x_wconf 83' lang='grc' dir='ltr'>λαίων</span> <span class='ocrx_word' id='word_1_389' title='bbox 563 3507 989 3573; x_wconf 79' lang='grc' dir='ltr'>ἐπιστενάζοντι.</span> <span class='ocrx_word' id='word_1_390' title='bbox 1020 3510 1413 3580; x_wconf 80' lang='grc' dir='ltr'>Προαναφωνεῖ</span> <span class='ocrx_word' id='word_1_391' title='bbox 1447 3510 1554 3582; x_wconf 83' lang='grc' dir='ltr'><strong>γάρ</strong></span> <span class='ocrx_word' id='word_1_392' title='bbox 1597 3513 1716 3565; x_wconf 83' lang='grc' dir='ltr'>κατ’</span> <span class='ocrx_word' id='word_1_393' title='bbox 1747 3512 1925 3566; x_wconf 83' lang='grc' dir='ltr'>αὐτῶν</span> 
     </span>
    </p>
   </div>
   <div class='ocr_carea' id='block_1_53' title="bbox 344 3598 1928 3673">
    <p class='ocr_par' dir='ltr' id='par_1_53' title="bbox 344 3598 1928 3673">
     <span class='ocr_line' id='line_1_53' title="bbox 344 3598 1928 3673; baseline 0.002 -20"><span class='ocrx_word' id='word_1_394' title='bbox 344 3599 409 3653; x_wconf 83' lang='grc' dir='ltr'><strong>τὸ</strong></span> <span class='ocrx_word' id='word_1_395' title='bbox 445 3600 725 3670; x_wconf 75' lang='grc' dir='ltr'>ἐσόμενον,</span> <span class='ocrx_word' id='word_1_396' title='bbox 760 3598 932 3667; x_wconf 88' lang='grc' dir='ltr'>λέγων</span> <span class='ocrx_word' id='word_1_397' title='bbox 957 3616 971 3630; x_wconf 71' lang='grc' dir='ltr'><strong>ο</strong></span> <span class='ocrx_word' id='word_1_398' title='bbox 1019 3618 1038 3651; x_wconf 78' lang='grc' dir='ltr'><strong>ι</strong></span> <span class='ocrx_word' id='word_1_399' title='bbox 1062 3600 1118 3653; x_wconf 87' lang='grc' dir='ltr'><strong>Ὀ</strong></span> <span class='ocrx_word' id='word_1_400' title='bbox 1154 3600 1286 3665; x_wconf 82' lang='grc' dir='ltr'>Θεὸς</span> <span class='ocrx_word' id='word_1_401' title='bbox 1326 3602 1603 3673; x_wconf 75' lang='grc' dir='ltr'>συντρίψει</span> <span class='ocrx_word' id='word_1_402' title='bbox 1631 3604 1756 3666; x_wconf 78' lang='grc' dir='ltr'>τοὺς</span> <span class='ocrx_word' id='word_1_403' title='bbox 1771 3603 1928 3657; x_wconf 50' lang='grc' dir='ltr'>’ὀδόν-</span> 
     </span>
    </p>
   </div>
   <div class='ocr_carea' id='block_1_54' title="bbox 346 3689 1926 3763">
    <p class='ocr_par' dir='ltr' id='par_1_54' title="bbox 346 3689 1926 3763">
     <span class='ocr_line' id='line_1_54' title="bbox 346 3689 1926 3763; baseline 0.003 -19"><span class='ocrx_word' id='word_1_404' title='bbox 346 3707 447 3753; x_wconf 86' lang='grc' dir='ltr'><strong>τας</strong></span> <span class='ocrx_word' id='word_1_405' title='bbox 476 3690 655 3744; x_wconf 79' lang='grc' dir='ltr'>αὐτῶν</span> <span class='ocrx_word' id='word_1_406' title='bbox 682 3692 739 3744; x_wconf 83' lang='grc' dir='ltr'>ἐν</span> <span class='ocrx_word' id='word_1_407' title='bbox 779 3689 856 3762; x_wconf 85' lang='grc' dir='ltr'><strong>τῷ</strong></span> <span class='ocrx_word' id='word_1_408' title='bbox 890 3691 1116 3761; x_wconf 87' lang='grc' dir='ltr'>στόματι</span> <span class='ocrx_word' id='word_1_409' title='bbox 1144 3691 1344 3747; x_wconf 78' lang='grc' dir='ltr'>αὐτῶν.</span> <span class='ocrx_word' id='word_1_410' title='bbox 1369 3712 1387 3745; x_wconf 76' lang='grc' dir='ltr'><strong>ι</strong></span> <span class='ocrx_word' id='word_1_411' title='bbox 1433 3694 1626 3758; x_wconf 87' lang='grc' dir='ltr'>Ποίους</span> <span class='ocrx_word' id='word_1_412' title='bbox 1663 3695 1880 3758; x_wconf 77' lang='grc' dir='ltr'>ὀδόντας</span> <span class='ocrx_word' id='word_1_413' title='bbox 1909 3737 1926 3763; x_wconf 92' lang='grc'><strong>,</strong></span> 
     </span>
    </p>
   </div>
   <div class='ocr_carea' id='block_1_55' title="bbox 346 3781 1928 3857">
    <p class='ocr_par' dir='ltr' id='par_1_55' title="bbox 346 3781 1928 3857">
     <span class='ocr_line' id='line_1_55' title="bbox 346 3781 1928 3857; baseline 0.003 -22"><span class='ocrx_word' id='word_1_414' title='bbox 346 3782 382 3848; x_wconf 80' lang='grc' dir='ltr'>ἢ</span> <span class='ocrx_word' id='word_1_415' title='bbox 421 3781 623 3853; x_wconf 84' lang='grc' dir='ltr'>δηλαδή</span> <span class='ocrx_word' id='word_1_416' title='bbox 660 3781 786 3847; x_wconf 80' lang='grc' dir='ltr'>τοὺς</span> <span class='ocrx_word' id='word_1_417' title='bbox 837 3783 935 3853; x_wconf 84' lang='grc' dir='ltr'>τῆς</span> <span class='ocrx_word' id='word_1_418' title='bbox 970 3783 1253 3855; x_wconf 82' lang='grc' dir='ltr'>παρακοῆς</span> <span class='ocrx_word' id='word_1_419' title='bbox 1302 3785 1591 3857; x_wconf 81' lang='grc' dir='ltr'>βρωτῆρας</span> <span class='ocrx_word' id='word_1_420' title='bbox 1613 3825 1628 3850; x_wconf 91' lang='grc'><strong>,</strong></span> <span class='ocrx_word' id='word_1_421' title='bbox 1668 3789 1793 3851; x_wconf 84' lang='grc' dir='ltr'>τοὺς</span> <span class='ocrx_word' id='word_1_422' title='bbox 1820 3787 1928 3840; x_wconf 84' lang='grc' dir='ltr'>τῶν</span> 
     </span>
    </p>
   </div>
   <div class='ocr_carea' id='block_1_56' title="bbox 350 3872 1926 3947">
    <p class='ocr_par' dir='ltr' id='par_1_56' title="bbox 350 3872 1926 3947">
     <span class='ocr_line' id='line_1_56' title="bbox 350 3872 1926 3947; baseline 0.003 -22"><span class='ocrx_word' id='word_1_423' title='bbox 350 3872 554 3944; x_wconf 82' lang='grc' dir='ltr'>ήδονῶν</span> <span class='ocrx_word' id='word_1_424' title='bbox 581 3875 678 3943; x_wconf 84' lang='grc' dir='ltr'><strong>τῆς</strong></span> <span class='ocrx_word' id='word_1_425' title='bbox 721 3872 958 3944; x_wconf 85' lang='grc' dir='ltr'>γαστρὸς</span> <span class='ocrx_word' id='word_1_426' title='bbox 997 3872 1275 3943; x_wconf 80' lang='grc' dir='ltr'>ὑπηρέτας</span> <span class='ocrx_word' id='word_1_427' title='bbox 1308 3873 1444 3945; x_wconf 81' lang='grc' dir='ltr'>(οὓς</span> <span class='ocrx_word' id='word_1_428' title='bbox 1490 3874 1629 3928; x_wconf 83' lang='grc' dir='ltr'>ὅπλα</span> <span class='ocrx_word' id='word_1_429' title='bbox 1657 3876 1751 3929; x_wconf 68' lang='grc' dir='ltr'><strong>καὶ</strong></span> <span class='ocrx_word' id='word_1_430' title='bbox 1799 3875 1926 3947; x_wconf 83' lang='grc' dir='ltr'>βέλη</span> 
     </span>
    </p>
   </div>
   <div class='ocr_carea' id='block_1_57' title="bbox 348 3959 1930 4036">
    <p class='ocr_par' dir='ltr' id='par_1_57' title="bbox 348 3959 1930 4036">
     <span class='ocr_line' id='line_1_57' title="bbox 348 3959 1930 4036; baseline 0.003 -21"><span class='ocrx_word' id='word_1_431' title='bbox 348 3964 438 4017; x_wconf 83' lang='grc' dir='ltr'><strong>διά</strong></span> <span class='ocrx_word' id='word_1_432' title='bbox 476 3964 575 4033; x_wconf 83' lang='grc' dir='ltr'>τῆς</span> <span class='ocrx_word' id='word_1_433' title='bbox 605 3962 979 4035; x_wconf 78' lang='grc' dir='ltr'>προλαὸούσης</span> <span class='ocrx_word' id='word_1_434' title='bbox 1029 3963 1341 4034; x_wconf 77' lang='grc' dir='ltr'>ψαλμῳδίας</span> <span class='ocrx_word' id='word_1_435' title='bbox 1375 3964 1724 4036; x_wconf 86' lang='grc' dir='ltr'>ὠνόμασεν),</span> <span class='ocrx_word' id='word_1_436' title='bbox 1752 3965 1817 4018; x_wconf 90' lang='grc' dir='ltr'>δι’</span> <span class='ocrx_word' id='word_1_437' title='bbox 1855 3959 1930 4020; x_wconf 83' lang='grc' dir='ltr'><strong>ὧν</strong></span> 
     </span>
    </p>
   </div>
   <div class='ocr_carea' id='block_1_58' title="bbox 352 4053 1932 4125">
    <p class='ocr_par' dir='ltr' id='par_1_58' title="bbox 352 4053 1932 4125">
     <span class='ocr_line' id='line_1_58' title="bbox 352 4053 1932 4125; baseline 0 -18"><span class='ocrx_word' id='word_1_438' title='bbox 352 4057 451 4125; x_wconf 82' lang='grc' dir='ltr'><strong>τῆς</strong></span> <span class='ocrx_word' id='word_1_439' title='bbox 485 4054 744 4124; x_wconf 80' lang='grc' dir='ltr'>ἀληθείας</span> <span class='ocrx_word' id='word_1_440' title='bbox 766 4053 920 4121; x_wconf 88' lang='grc' dir='ltr'>λόγος</span> <span class='ocrx_word' id='word_1_441' title='bbox 945 4054 1491 4125; x_wconf 84' lang='grc' dir='ltr'>κατασπαράττεται;</span> <span class='ocrx_word' id='word_1_442' title='bbox 1525 4072 1542 4106; x_wconf 78' lang='grc' dir='ltr'><strong>ι</strong></span> <span class='ocrx_word' id='word_1_443' title='bbox 1562 4054 1672 4109; x_wconf 73' lang='grc' dir='ltr'>Καὶ</span> <span class='ocrx_word' id='word_1_444' title='bbox 1703 4055 1801 4119; x_wconf 76' lang='grc' dir='ltr'>τὰς</span> <span class='ocrx_word' id='word_1_445' title='bbox 1833 4054 1932 4125; x_wconf 90' lang='grc' dir='ltr'>μύ-</span> 
     </span>
    </p>
   </div>
   <div class='ocr_carea' id='block_1_59' title="bbox 352 4145 1926 4218">
    <p class='ocr_par' dir='ltr' id='par_1_59' title="bbox 352 4145 1926 4218">
     <span class='ocr_line' id='line_1_59' title="bbox 352 4145 1926 4218; baseline -0.001 -18"><span class='ocrx_word' id='word_1_446' title='bbox 352 4148 451 4210; x_wconf 85' lang='grc' dir='ltr'><strong>λας</strong></span> <span class='ocrx_word' id='word_1_447' title='bbox 484 4146 595 4199; x_wconf 84' lang='grc' dir='ltr'>τῶν</span> <span class='ocrx_word' id='word_1_448' title='bbox 637 4147 936 4208; x_wconf 77' lang='grc' dir='ltr'>λεόντων,ι</span> <span class='ocrx_word' id='word_1_449' title='bbox 971 4145 1136 4216; x_wconf 75' lang='grc' dir='ltr'>φησὶ,</span> <span class='ocrx_word' id='word_1_450' title='bbox 1179 4163 1199 4196; x_wconf 75' lang='grc' dir='ltr'><strong>ι</strong></span> <span class='ocrx_word' id='word_1_451' title='bbox 1229 4145 1554 4200; x_wconf 87' lang='grc' dir='ltr'>συνέθλασεν</span> <span class='ocrx_word' id='word_1_452' title='bbox 1588 4148 1616 4201; x_wconf 90' lang='grc' dir='ltr'><strong>ὀ</strong></span> <span class='ocrx_word' id='word_1_453' title='bbox 1650 4147 1874 4218; x_wconf 84' lang='grc' dir='ltr'>Κύριος.</span> <span class='ocrx_word' id='word_1_454' title='bbox 1908 4168 1926 4199; x_wconf 74' lang='grc' dir='ltr'><strong>ι</strong></span> 
     </span>
    </p>
   </div>
   <div class='ocr_carea' id='block_1_60' title="bbox 354 4236 1935 4309">
    <p class='ocr_par' dir='ltr' id='par_1_60' title="bbox 354 4236 1935 4309">
     <span class='ocr_line' id='line_1_60' title="bbox 354 4236 1935 4309; baseline -0.001 -16"><span class='ocrx_word' id='word_1_455' title='bbox 354 4240 551 4309; x_wconf 84' lang='grc' dir='ltr'>Γνοίης</span> <span class='ocrx_word' id='word_1_456' title='bbox 592 4238 635 4291; x_wconf 89' lang='grc' dir='ltr'>δ’</span> <span class='ocrx_word' id='word_1_457' title='bbox 681 4237 747 4292; x_wconf 82' lang='grc' dir='ltr'>ἂν</span> <span class='ocrx_word' id='word_1_458' title='bbox 775 4239 923 4301; x_wconf 90' lang='grc' dir='ltr'>τίνας</span> <span class='ocrx_word' id='word_1_459' title='bbox 954 4237 1203 4308; x_wconf 83' lang='grc' dir='ltr'>ὠνόμασε</span> <span class='ocrx_word' id='word_1_460' title='bbox 1238 4236 1487 4302; x_wconf 81' lang='grc' dir='ltr'>λέοντας,</span> <span class='ocrx_word' id='word_1_461' title='bbox 1520 4240 1567 4290; x_wconf 84' lang='grc' dir='ltr'><strong>εί</strong></span> <span class='ocrx_word' id='word_1_462' title='bbox 1607 4237 1797 4308; x_wconf 88' lang='grc' dir='ltr'>μάθοις</span> <span class='ocrx_word' id='word_1_463' title='bbox 1829 4238 1935 4291; x_wconf 84' lang='grc' dir='ltr'><strong>τῶν</strong></span> 
     </span>
    </p>
   </div>
   <div class='ocr_carea' id='block_1_61' title="bbox 357 4325 1938 4404">
    <p class='ocr_par' dir='ltr' id='par_1_61' title="bbox 357 4325 1938 4404">
     <span class='ocr_line' id='line_1_61' title="bbox 357 4325 1938 4404; baseline -0.001 -19"><span class='ocrx_word' id='word_1_464' title='bbox 357 4331 564 4404; x_wconf 87' lang='grc' dir='ltr'>θηρίων</span> <span class='ocrx_word' id='word_1_465' title='bbox 594 4329 796 4385; x_wconf 88' lang='grc' dir='ltr'>τούτων</span> <span class='ocrx_word' id='word_1_466' title='bbox 830 4331 899 4385; x_wconf 77' lang='grc' dir='ltr'>τὰ</span> <span class='ocrx_word' id='word_1_467' title='bbox 944 4329 1226 4402; x_wconf 72' lang='grc' dir='ltr'>ἰδιώματα.</span> <span class='ocrx_word' id='word_1_468' title='bbox 1245 4330 1478 4397; x_wconf 81' lang='grc' dir='ltr'>Λέγουσι</span> <span class='ocrx_word' id='word_1_469' title='bbox 1509 4329 1614 4401; x_wconf 90' lang='grc' dir='ltr'><strong>γάρ</strong></span> <span class='ocrx_word' id='word_1_470' title='bbox 1638 4325 1775 4384; x_wconf 80' lang='grc' dir='ltr'>εἶναι</span> <span class='ocrx_word' id='word_1_471' title='bbox 1812 4332 1938 4395; x_wconf 78' lang='grc' dir='ltr'>τοὺς</span> 
     </span>
    </p>
   </div>
   <div class='ocr_carea' id='block_1_62' title="bbox 2005 2037 3575 2109">
    <p class='ocr_par' dir='ltr' id='par_1_62' title="bbox 2005 2037 3575 2109">
     <span class='ocr_line' id='line_1_62' title="bbox 2005 2037 3575 2109; baseline 0.002 -17"><span class='ocrx_word' id='word_1_472' title='bbox 2005 2048 2223 2102; x_wconf 85' lang='lat' dir='ltr'><strong>verunt,</strong></span> <span class='ocrx_word' id='word_1_473' title='bbox 2263 2037 2723 2107; x_wconf 88' lang='lat' dir='ltr'><strong>mendaciumque</strong></span> <span class='ocrx_word' id='word_1_474' title='bbox 2762 2038 2979 2093; x_wconf 85' lang='lat' dir='ltr'><strong>veritati</strong></span> <span class='ocrx_word' id='word_1_475' title='bbox 3007 2040 3363 2109; x_wconf 62' lang='lat' dir='ltr'><strong>praetulerunt</strong></span> <span class='ocrx_word' id='word_1_476' title='bbox 3386 2080 3401 2106; x_wconf 90' lang='lat'><strong>,</strong></span> <span class='ocrx_word' id='word_1_477' title='bbox 3436 2054 3575 2109; x_wconf 88' lang='lat' dir='ltr'><strong>quo-</strong></span> 
     </span>
    </p>
   </div>
   <div class='ocr_carea' id='block_1_63' title="bbox 2007 2128 3574 2201">
    <p class='ocr_par' dir='ltr' id='par_1_63' title="bbox 2007 2128 3574 2201">
     <span class='ocr_line' id='line_1_63' title="bbox 2007 2128 3574 2201; baseline 0.002 -20"><span class='ocrx_word' id='word_1_478' title='bbox 2007 2143 2126 2183; x_wconf 90' lang='lat' dir='ltr'><strong>rum</strong></span> <span class='ocrx_word' id='word_1_479' title='bbox 2157 2128 2311 2183; x_wconf 82' lang='lat' dir='ltr'><strong>furor</strong></span> <span class='ocrx_word' id='word_1_480' title='bbox 2332 2144 2454 2183; x_wconf 91' lang='lat' dir='ltr'><strong>cum</strong></span> <span class='ocrx_word' id='word_1_481' title='bbox 2488 2129 2666 2199; x_wconf 86' lang='lat' dir='ltr'><strong>primo</strong></span> <span class='ocrx_word' id='word_1_482' title='bbox 2684 2129 2955 2185; x_wconf 86' lang='lat' dir='ltr'><strong>mendacii</strong></span> <span class='ocrx_word' id='word_1_483' title='bbox 2978 2140 3132 2201; x_wconf 86' lang='lat' dir='ltr'><strong>patre</strong></span> <span class='ocrx_word' id='word_1_484' title='bbox 3153 2131 3574 2187; x_wconf 87' lang='lat' dir='ltr'><strong>similitudinem</strong></span> 
     </span>
    </p>
   </div>
   <div class='ocr_carea' id='block_1_64' title="bbox 2007 2217 3577 2293">
    <p class='ocr_par' dir='ltr' id='par_1_64' title="bbox 2007 2217 3577 2293">
     <span class='ocr_line' id='line_1_64' title="bbox 2007 2217 3577 2293; baseline 0.001 -18"><span class='ocrx_word' id='word_1_485' title='bbox 2007 2217 2204 2275; x_wconf 90' lang='lat' dir='ltr'><strong>habet?</strong></span> <span class='ocrx_word' id='word_1_486' title='bbox 2222 2237 2239 2270; x_wconf 78' lang='grc' dir='ltr'><strong>ι</strong></span> <span class='ocrx_word' id='word_1_487' title='bbox 2263 2219 2545 2291; x_wconf 83' lang='lat' dir='ltr'><strong>Tanquam</strong></span> <span class='ocrx_word' id='word_1_488' title='bbox 2567 2223 2796 2293; x_wconf 88' lang='lat' dir='ltr'><strong>aspidis,</strong></span> <span class='ocrx_word' id='word_1_489' title='bbox 2830 2242 2849 2275; x_wconf 73' lang='grc' dir='ltr'><strong>ι</strong></span> <span class='ocrx_word' id='word_1_490' title='bbox 2882 2223 3080 2293; x_wconf 90' lang='lat' dir='ltr'><strong>inquit,</strong></span> <span class='ocrx_word' id='word_1_491' title='bbox 3105 2243 3123 2275; x_wconf 78' lang='grc' dir='ltr'><strong>ι</strong></span> <span class='ocrx_word' id='word_1_492' title='bbox 3150 2224 3330 2280; x_wconf 84' lang='lat' dir='ltr'><strong>surdae</strong></span> <span class='ocrx_word' id='word_1_493' title='bbox 3351 2234 3404 2279; x_wconf 87' lang='lat' dir='ltr'><strong>et</strong></span> <span class='ocrx_word' id='word_1_494' title='bbox 3423 2224 3577 2279; x_wconf 81' lang='lat' dir='ltr'><strong>obtu-</strong></span> 
     </span>
    </p>
   </div>
   <div class='ocr_carea' id='block_1_65' title="bbox 2010 2313 3579 2385">
    <p class='ocr_par' dir='ltr' id='par_1_65' title="bbox 2010 2313 3579 2385">
     <span class='ocr_line' id='line_1_65' title="bbox 2010 2313 3579 2385; baseline 0.001 -19"><span class='ocrx_word' id='word_1_495' title='bbox 2010 2313 2187 2367; x_wconf 90' lang='lat' dir='ltr'><strong>rantis</strong></span> <span class='ocrx_word' id='word_1_496' title='bbox 2230 2328 2392 2369; x_wconf 86' lang='lat' dir='ltr'><strong>aures</strong></span> <span class='ocrx_word' id='word_1_497' title='bbox 2431 2328 2582 2375; x_wconf 90' lang='lat' dir='ltr'><strong>suas,</strong></span> <span class='ocrx_word' id='word_1_498' title='bbox 2615 2331 2735 2385; x_wconf 74' lang='lat' dir='ltr'><strong>qua:</strong></span> <span class='ocrx_word' id='word_1_499' title='bbox 2763 2331 2874 2370; x_wconf 90' lang='lat' dir='ltr'><strong>non</strong></span> <span class='ocrx_word' id='word_1_500' title='bbox 2904 2317 3158 2372; x_wconf 79' lang='lat' dir='ltr'><strong>exaudiet</strong></span> <span class='ocrx_word' id='word_1_501' title='bbox 3181 2330 3367 2371; x_wconf 89' lang='lat' dir='ltr'><strong>vocem</strong></span> <span class='ocrx_word' id='word_1_502' title='bbox 3396 2316 3579 2370; x_wconf 90' lang='lat' dir='ltr'><strong>incan-</strong></span> 
     </span>
    </p>
   </div>
   <div class='ocr_carea' id='block_1_66' title="bbox 2009 2406 3580 2478">
    <p class='ocr_par' dir='ltr' id='par_1_66' title="bbox 2009 2406 3580 2478">
     <span class='ocr_line' id='line_1_66' title="bbox 2009 2406 3580 2478; baseline 0.001 -19"><span class='ocrx_word' id='word_1_503' title='bbox 2009 2406 2243 2460; x_wconf 90' lang='lat' dir='ltr'><strong>tantium</strong></span> <span class='ocrx_word' id='word_1_504' title='bbox 2307 2414 2362 2462; x_wconf 91' lang='lat' dir='ltr'><strong>et</strong></span> <span class='ocrx_word' id='word_1_505' title='bbox 2426 2407 2655 2463; x_wconf 90' lang='lat' dir='ltr'><strong>veneﬁci</strong></span> <span class='ocrx_word' id='word_1_506' title='bbox 2708 2408 3044 2463; x_wconf 81' lang='lat' dir='ltr'><strong>incantantis</strong></span> <span class='ocrx_word' id='word_1_507' title='bbox 3084 2408 3435 2478; x_wconf 58' lang='lat' dir='ltr'><strong>sapientem»</strong></span> <span class='ocrx_word' id='word_1_508' title='bbox 3484 2406 3580 2461; x_wconf 89' lang='lat' dir='ltr'><strong>tali</strong></span> 
     </span>
    </p>
   </div>
   <div class='ocr_carea' id='block_1_67' title="bbox 2010 2497 3581 2568">
    <p class='ocr_par' dir='ltr' id='par_1_67' title="bbox 2010 2497 3581 2568">
     <span class='ocr_line' id='line_1_67' title="bbox 2010 2497 3581 2568; baseline -0.003 -14"><span class='ocrx_word' id='word_1_509' title='bbox 2010 2500 2157 2555; x_wconf 90' lang='lat' dir='ltr'><strong>enim</strong></span> <span class='ocrx_word' id='word_1_510' title='bbox 2180 2506 2385 2553; x_wconf 84' lang='lat' dir='ltr'><strong>natura</strong></span> <span class='ocrx_word' id='word_1_511' title='bbox 2420 2498 2707 2568; x_wconf 57' lang='lat' dir='ltr'><strong>praeditam</strong></span> <span class='ocrx_word' id='word_1_512' title='bbox 2745 2498 2902 2553; x_wconf 90' lang='lat' dir='ltr'><strong>aiunt</strong></span> <span class='ocrx_word' id='word_1_513' title='bbox 2929 2499 3072 2554; x_wconf 88' lang='lat' dir='ltr'><strong>hanc</strong></span> <span class='ocrx_word' id='word_1_514' title='bbox 3105 2499 3336 2554; x_wconf 90' lang='lat' dir='ltr'><strong>bestiam</strong></span> <span class='ocrx_word' id='word_1_515' title='bbox 3372 2497 3449 2551; x_wconf 87' lang='lat' dir='ltr'><strong>illi</strong></span> <span class='ocrx_word' id='word_1_516' title='bbox 3487 2497 3581 2566; x_wconf 89' lang='lat' dir='ltr'><strong>qui</strong></span> 
     </span>
    </p>
   </div>
   <div class='ocr_carea' id='block_1_68' title="bbox 2012 2585 3576 2661">
    <p class='ocr_par' dir='ltr' id='par_1_68' title="bbox 2012 2585 3576 2661">
     <span class='ocr_line' id='line_1_68' title="bbox 2012 2585 3576 2661; baseline -0.002 -18"><span class='ocrx_word' id='word_1_517' title='bbox 2012 2589 2100 2645; x_wconf 88' lang='lat' dir='ltr'><strong>bis</strong></span> <span class='ocrx_word' id='word_1_518' title='bbox 2129 2598 2356 2646; x_wconf 88' lang='lat' dir='ltr'><strong>vacant:</strong></span> <span class='ocrx_word' id='word_1_519' title='bbox 2408 2589 2493 2643; x_wconf 88' lang='lat' dir='ltr'><strong>ira</strong></span> <span class='ocrx_word' id='word_1_520' title='bbox 2546 2597 2770 2661; x_wconf 90' lang='lat' dir='ltr'><strong>turgens</strong></span> <span class='ocrx_word' id='word_1_521' title='bbox 2817 2595 2871 2643; x_wconf 91' lang='lat' dir='ltr'><strong>et</strong></span> <span class='ocrx_word' id='word_1_522' title='bbox 2913 2588 3268 2643; x_wconf 87' lang='lat' dir='ltr'><strong>inardescens</strong></span> <span class='ocrx_word' id='word_1_523' title='bbox 3323 2585 3576 2641; x_wconf 80' lang='lat' dir='ltr'><strong>faucibus</strong></span> 
     </span>
    </p>
   </div>
   <div class='ocr_carea' id='block_1_69' title="bbox 2014 2656 3680 2752">
    <p class='ocr_par' dir='ltr' id='par_1_69' title="bbox 2014 2656 3680 2752">
     <span class='ocr_line' id='line_1_69' title="bbox 2014 2656 3680 2752; baseline -0.004 -15"><span class='ocrx_word' id='word_1_524' title='bbox 2014 2680 2270 2751; x_wconf 90' lang='lat' dir='ltr'><strong>spiritum</strong></span> <span class='ocrx_word' id='word_1_525' title='bbox 2308 2656 2663 2752; x_wconf 44' lang='lat' dir='ltr'><strong>comprimit;</strong></span> <span class='ocrx_word' id='word_1_526' title='bbox 2692 2696 2869 2751; x_wconf 90' lang='lat' dir='ltr'><strong>neque</strong></span> <span class='ocrx_word' id='word_1_527' title='bbox 2918 2681 3156 2745; x_wconf 86' lang='lat' dir='ltr'><strong>emittit;</strong></span> <span class='ocrx_word' id='word_1_528' title='bbox 3198 2680 3337 2734; x_wconf 87' lang='lat' dir='ltr'><strong>utris</strong></span> <span class='ocrx_word' id='word_1_529' title='bbox 3385 2678 3581 2743; x_wconf 83' lang='lat' dir='ltr'><strong>instar,</strong></span> <span class='ocrx_word' id='word_1_530' title='bbox 3660 2656 3680 2679; x_wconf 84' lang='grc'><em>’</em></span> 
     </span>
    </p>
   </div>
   <div class='ocr_carea' id='block_1_70' title="bbox 2015 2771 3584 2847">
    <p class='ocr_par' dir='ltr' id='par_1_70' title="bbox 2015 2771 3584 2847">
     <span class='ocr_line' id='line_1_70' title="bbox 2015 2771 3584 2847; baseline -0.003 -18"><span class='ocrx_word' id='word_1_531' title='bbox 2015 2775 2086 2830; x_wconf 93' lang='lat' dir='ltr'><strong>ob</strong></span> <span class='ocrx_word' id='word_1_532' title='bbox 2127 2774 2355 2846; x_wconf 87' lang='lat' dir='ltr'><strong>spiritus</strong></span> <span class='ocrx_word' id='word_1_533' title='bbox 2391 2776 2777 2847; x_wconf 87' lang='lat' dir='ltr'><strong>receptionem,</strong></span> <span class='ocrx_word' id='word_1_534' title='bbox 2850 2774 3244 2839; x_wconf 88' lang='lat' dir='ltr'><strong>intumescens,</strong></span> <span class='ocrx_word' id='word_1_535' title='bbox 3272 2785 3382 2843; x_wconf 92' lang='lat' dir='ltr'><strong>quo</strong></span> <span class='ocrx_word' id='word_1_536' title='bbox 3410 2771 3486 2838; x_wconf 93' lang='lat' dir='ltr'><strong>ﬁt,</strong></span> <span class='ocrx_word' id='word_1_537' title='bbox 3525 2779 3584 2825; x_wconf 91' lang='lat' dir='ltr'><strong>ut</strong></span> 
     </span>
    </p>
   </div>
   <div class='ocr_carea' id='block_1_71' title="bbox 2015 2864 3587 2934">
    <p class='ocr_par' dir='ltr' id='par_1_71' title="bbox 2015 2864 3587 2934">
     <span class='ocr_line' id='line_1_71' title="bbox 2015 2864 3587 2934; baseline -0.003 -14"><span class='ocrx_word' id='word_1_538' title='bbox 2015 2865 2199 2920; x_wconf 88' lang='lat' dir='ltr'><strong>omnia</strong></span> <span class='ocrx_word' id='word_1_539' title='bbox 2221 2864 2518 2921; x_wconf 82' lang='lat' dir='ltr'><strong>ineﬁicacia</strong></span> <span class='ocrx_word' id='word_1_540' title='bbox 2548 2872 2603 2921; x_wconf 91' lang='lat' dir='ltr'><strong>et</strong></span> <span class='ocrx_word' id='word_1_541' title='bbox 2644 2864 2861 2933; x_wconf 89' lang='lat' dir='ltr'><strong>inutilia</strong></span> <span class='ocrx_word' id='word_1_542' title='bbox 2924 2868 3055 2929; x_wconf 89' lang='lat' dir='ltr'><strong>sint,</strong></span> <span class='ocrx_word' id='word_1_543' title='bbox 3108 2877 3454 2934; x_wconf 71' lang='lat' dir='ltr'><strong>quaecunque</strong></span> <span class='ocrx_word' id='word_1_544' title='bbox 3494 2875 3587 2916; x_wconf 90' lang='lat' dir='ltr'><strong>sa-</strong></span> 
     </span>
    </p>
   </div>
   <div class='ocr_carea' id='block_1_72' title="bbox 2018 2951 3588 3027">
    <p class='ocr_par' dir='ltr' id='par_1_72' title="bbox 2018 2951 3588 3027">
     <span class='ocr_line' id='line_1_72' title="bbox 2018 2951 3588 3027; baseline -0.003 -17"><span class='ocrx_word' id='word_1_545' title='bbox 2018 2956 2232 3027; x_wconf 85' lang='lat' dir='ltr'><strong>pientes</strong></span> <span class='ocrx_word' id='word_1_546' title='bbox 2282 2956 2351 3011; x_wconf 90' lang='lat' dir='ltr'><strong>ad</strong></span> <span class='ocrx_word' id='word_1_547' title='bbox 2408 2956 2773 3013; x_wconf 86' lang='lat' dir='ltr'><strong>demulcenda</strong></span> <span class='ocrx_word' id='word_1_548' title='bbox 2824 2965 2879 3012; x_wconf 92' lang='lat' dir='ltr'><strong>et</strong></span> <span class='ocrx_word' id='word_1_549' title='bbox 2922 2955 3235 3010; x_wconf 90' lang='lat' dir='ltr'><strong>delinienda</strong></span> <span class='ocrx_word' id='word_1_550' title='bbox 3266 2951 3588 3023; x_wconf 73' lang='lat' dir='ltr'><strong>huiusmodi</strong></span> 
     </span>
    </p>
   </div>
   <div class='ocr_carea' id='block_1_73' title="bbox 2020 3045 3586 3119">
    <p class='ocr_par' dir='ltr' id='par_1_73' title="bbox 2020 3045 3586 3119">
     <span class='ocr_line' id='line_1_73' title="bbox 2020 3045 3586 3119; baseline -0.004 -16"><span class='ocrx_word' id='word_1_551' title='bbox 2020 3047 2275 3103; x_wconf 84' lang='lat' dir='ltr'><strong>animalia</strong></span> <span class='ocrx_word' id='word_1_552' title='bbox 2323 3048 2661 3119; x_wconf 79' lang='lat' dir='ltr'><strong>excogitant.</strong></span> <span class='ocrx_word' id='word_1_553' title='bbox 2716 3047 3002 3119; x_wconf 88' lang='lat' dir='ltr'><strong>Signiﬁcat</strong></span> <span class='ocrx_word' id='word_1_554' title='bbox 3046 3046 3137 3103; x_wconf 90' lang='lat' dir='ltr'><strong>his</strong></span> <span class='ocrx_word' id='word_1_555' title='bbox 3198 3061 3295 3100; x_wconf 91' lang='lat' dir='ltr'><strong>cor</strong></span> <span class='ocrx_word' id='word_1_556' title='bbox 3344 3045 3586 3107; x_wconf 88' lang='lat' dir='ltr'><strong>illorum,</strong></span> 
     </span>
    </p>
   </div>
   <div class='ocr_carea' id='block_1_74' title="bbox 2020 3134 3592 3210">
    <p class='ocr_par' dir='ltr' id='par_1_74' title="bbox 2020 3134 3592 3210">
     <span class='ocr_line' id='line_1_74' title="bbox 2020 3134 3592 3210; baseline -0.003 -18"><span class='ocrx_word' id='word_1_557' title='bbox 2020 3139 2115 3209; x_wconf 93' lang='lat' dir='ltr'><strong>qui</strong></span> <span class='ocrx_word' id='word_1_558' title='bbox 2147 3153 2176 3192; x_wconf 88' lang='lat' dir='ltr'><strong>a</strong></span> <span class='ocrx_word' id='word_1_559' title='bbox 2197 3140 2439 3209; x_wconf 89' lang='lat' dir='ltr'><strong>peccatis</strong></span> <span class='ocrx_word' id='word_1_560' title='bbox 2484 3140 2741 3210; x_wconf 90' lang='lat' dir='ltr'><strong>occupati</strong></span> <span class='ocrx_word' id='word_1_561' title='bbox 2780 3146 2930 3204; x_wconf 88' lang='lat' dir='ltr'><strong>sunt,</strong></span> <span class='ocrx_word' id='word_1_562' title='bbox 2976 3153 3154 3208; x_wconf 91' lang='lat' dir='ltr'><strong>neque</strong></span> <span class='ocrx_word' id='word_1_563' title='bbox 3182 3137 3252 3192; x_wconf 90' lang='lat' dir='ltr'><strong>ad</strong></span> <span class='ocrx_word' id='word_1_564' title='bbox 3298 3151 3461 3191; x_wconf 87' lang='lat' dir='ltr'><strong>aures</strong></span> <span class='ocrx_word' id='word_1_565' title='bbox 3495 3134 3592 3188; x_wconf 90' lang='lat' dir='ltr'><strong>ad-</strong></span> 
     </span>
    </p>
   </div>
   <div class='ocr_carea' id='block_1_75' title="bbox 2023 3224 3592 3299">
    <p class='ocr_par' dir='ltr' id='par_1_75' title="bbox 2023 3224 3592 3299">
     <span class='ocr_line' id='line_1_75' title="bbox 2023 3224 3592 3299; baseline -0.004 -16"><span class='ocrx_word' id='word_1_566' title='bbox 2023 3229 2240 3285; x_wconf 89' lang='lat' dir='ltr'><strong>mittere</strong></span> <span class='ocrx_word' id='word_1_567' title='bbox 2268 3227 2595 3284; x_wconf 89' lang='lat' dir='ltr'><strong>medicinam</strong></span> <span class='ocrx_word' id='word_1_568' title='bbox 2643 3228 2815 3292; x_wconf 90' lang='lat' dir='ltr'><strong>illam,</strong></span> <span class='ocrx_word' id='word_1_569' title='bbox 2862 3242 2984 3299; x_wconf 71' lang='lat' dir='ltr'><strong>qnte</strong></span> <span class='ocrx_word' id='word_1_570' title='bbox 3028 3227 3220 3296; x_wconf 87' lang='lat' dir='ltr'><strong>ipsisa</strong></span> <span class='ocrx_word' id='word_1_571' title='bbox 3268 3224 3592 3280; x_wconf 88' lang='lat' dir='ltr'><strong>doctoribus</strong></span> 
     </span>
    </p>
   </div>
   <div class='ocr_carea' id='block_1_76' title="bbox 2024 3315 3589 3391">
    <p class='ocr_par' dir='ltr' id='par_1_76' title="bbox 2024 3315 3589 3391">
     <span class='ocr_line' id='line_1_76' title="bbox 2024 3315 3589 3391; baseline -0.005 -16"><span class='ocrx_word' id='word_1_572' title='bbox 2024 3327 2078 3375; x_wconf 93' lang='lat' dir='ltr'><strong>et</strong></span> <span class='ocrx_word' id='word_1_573' title='bbox 2130 3320 2409 3391; x_wconf 83' lang='lat' dir='ltr'><strong>magistris</strong></span> <span class='ocrx_word' id='word_1_574' title='bbox 2440 3319 2748 3374; x_wconf 87' lang='lat' dir='ltr'><strong>adhibetur.</strong></span> <span class='ocrx_word' id='word_1_575' title='bbox 2795 3319 2930 3375; x_wconf 89' lang='lat' dir='ltr'><strong>Tota</strong></span> <span class='ocrx_word' id='word_1_576' title='bbox 2984 3333 3114 3373; x_wconf 86' lang='lat' dir='ltr'><strong>vero</strong></span> <span class='ocrx_word' id='word_1_577' title='bbox 3171 3317 3365 3387; x_wconf 86' lang='lat' dir='ltr'><strong>psalmi</strong></span> <span class='ocrx_word' id='word_1_578' title='bbox 3417 3315 3589 3371; x_wconf 87' lang='lat' dir='ltr'><strong>series</strong></span> 
     </span>
    </p>
   </div>
   <div class='ocr_carea' id='block_1_77' title="bbox 2023 3405 3585 3471">
    <p class='ocr_par' dir='ltr' id='par_1_77' title="bbox 2023 3405 3585 3471">
     <span class='ocr_line' id='line_1_77' title="bbox 2023 3405 3585 3471; baseline -0.004 -6"><span class='ocrx_word' id='word_1_579' title='bbox 2023 3411 2409 3466; x_wconf 89' lang='lat' dir='ltr'><strong>lamentatione</strong></span> <span class='ocrx_word' id='word_1_580' title='bbox 2434 3410 2761 3471; x_wconf 79' lang='lat' dir='ltr'><strong>contexitur,</strong></span> <span class='ocrx_word' id='word_1_581' title='bbox 2791 3408 2921 3464; x_wconf 91' lang='lat' dir='ltr'><strong>dum</strong></span> <span class='ocrx_word' id='word_1_582' title='bbox 2953 3409 3276 3463; x_wconf 89' lang='lat' dir='ltr'><strong>miserorum</strong></span> <span class='ocrx_word' id='word_1_583' title='bbox 3301 3405 3585 3460; x_wconf 90' lang='lat' dir='ltr'><strong>interitum</strong></span> 
     </span>
    </p>
   </div>
   <div class='ocr_carea' id='block_1_78' title="bbox 2024 3498 3591 3575">
    <p class='ocr_par' dir='ltr' id='par_1_78' title="bbox 2024 3498 3591 3575">
     <span class='ocr_line' id='line_1_78' title="bbox 2024 3498 3591 3575; baseline -0.008 -14"><span class='ocrx_word' id='word_1_584' title='bbox 2024 3505 2291 3575; x_wconf 80' lang='lat' dir='ltr'><strong>deplorat,</strong></span> <span class='ocrx_word' id='word_1_585' title='bbox 2322 3512 2517 3560; x_wconf 88' lang='lat' dir='ltr'><strong>contra</strong></span> <span class='ocrx_word' id='word_1_586' title='bbox 2556 3517 2698 3574; x_wconf 88' lang='lat' dir='ltr'><strong>quos</strong></span> <span class='ocrx_word' id='word_1_587' title='bbox 2738 3502 2792 3556; x_wconf 90' lang='lat' dir='ltr'><strong>id</strong></span> <span class='ocrx_word' id='word_1_588' title='bbox 2837 3502 3001 3556; x_wconf 89' lang='lat' dir='ltr'><strong>etiam</strong></span> <span class='ocrx_word' id='word_1_589' title='bbox 3030 3499 3177 3570; x_wconf 91' lang='lat' dir='ltr'><strong>quod</strong></span> <span class='ocrx_word' id='word_1_590' title='bbox 3212 3498 3457 3552; x_wconf 82' lang='lat' dir='ltr'><strong>futurum</strong></span> <span class='ocrx_word' id='word_1_591' title='bbox 3485 3504 3591 3561; x_wconf 89' lang='lat' dir='ltr'><strong>est,</strong></span> 
     </span>
    </p>
   </div>
   <div class='ocr_carea' id='block_1_79' title="bbox 2026 3587 3600 3663">
    <p class='ocr_par' dir='ltr' id='par_1_79' title="bbox 2026 3587 3600 3663">
     <span class='ocr_line' id='line_1_79' title="bbox 2026 3587 3600 3663; baseline -0.006 -12"><span class='ocrx_word' id='word_1_592' title='bbox 2026 3595 2286 3651; x_wconf 89' lang='lat' dir='ltr'><strong>inclamat</strong></span> <span class='ocrx_word' id='word_1_593' title='bbox 2334 3613 2351 3651; x_wconf 90' lang='lat'><strong>:</strong></span> <span class='ocrx_word' id='word_1_594' title='bbox 2408 3596 2615 3659; x_wconf 66' lang='lat' dir='ltr'><strong>«Deus,</strong></span> <span class='ocrx_word' id='word_1_595' title='bbox 2648 3612 2668 3646; x_wconf 71' lang='grc' dir='ltr'><strong>ι</strong></span> <span class='ocrx_word' id='word_1_596' title='bbox 2715 3593 2990 3663; x_wconf 87' lang='lat' dir='ltr'><strong>inquiens,</strong></span> <span class='ocrx_word' id='word_1_597' title='bbox 3046 3596 3341 3645; x_wconf 71' lang='lat' dir='ltr'><strong>«conteret</strong></span> <span class='ocrx_word' id='word_1_598' title='bbox 3407 3587 3600 3642; x_wconf 88' lang='lat' dir='ltr'><strong>dentes</strong></span> 
     </span>
    </p>
   </div>
   <div class='ocr_carea' id='block_1_80' title="bbox 2027 3679 3598 3757">
    <p class='ocr_par' dir='ltr' id='par_1_80' title="bbox 2027 3679 3598 3757">
     <span class='ocr_line' id='line_1_80' title="bbox 2027 3679 3598 3757; baseline -0.006 -13"><span class='ocrx_word' id='word_1_599' title='bbox 2027 3703 2217 3745; x_wconf 89' lang='lat' dir='ltr'><strong>eorum</strong></span> <span class='ocrx_word' id='word_1_600' title='bbox 2258 3687 2315 3742; x_wconf 91' lang='lat' dir='ltr'><strong>in</strong></span> <span class='ocrx_word' id='word_1_601' title='bbox 2343 3702 2439 3743; x_wconf 90' lang='lat' dir='ltr'><strong>ore</strong></span> <span class='ocrx_word' id='word_1_602' title='bbox 2497 3687 2765 3757; x_wconf 88' lang='lat' dir='ltr'><strong>ipsorum.</strong></span> <span class='ocrx_word' id='word_1_603' title='bbox 2794 3703 2813 3736; x_wconf 76' lang='grc' dir='ltr'><strong>ι</strong></span> <span class='ocrx_word' id='word_1_604' title='bbox 2871 3682 3073 3749; x_wconf 85' lang='lat' dir='ltr'><strong>Quales</strong></span> <span class='ocrx_word' id='word_1_605' title='bbox 3119 3679 3351 3741; x_wconf 84' lang='lat' dir='ltr'><strong>dentes?</strong></span> <span class='ocrx_word' id='word_1_606' title='bbox 3375 3694 3445 3732; x_wconf 92' lang='lat' dir='ltr'><strong>an</strong></span> <span class='ocrx_word' id='word_1_607' title='bbox 3478 3693 3598 3741; x_wconf 84' lang='lat' dir='ltr'><strong>eos,</strong></span> 
     </span>
    </p>
   </div>
   <div class='ocr_carea' id='block_1_81' title="bbox 2035 3772 3601 3851">
    <p class='ocr_par' dir='ltr' id='par_1_81' title="bbox 2035 3772 3601 3851">
     <span class='ocr_line' id='line_1_81' title="bbox 2035 3772 3601 3851; baseline -0.008 -16"><span class='ocrx_word' id='word_1_608' title='bbox 2035 3781 2128 3851; x_wconf 90' lang='lat' dir='ltr'><strong>qui</strong></span> <span class='ocrx_word' id='word_1_609' title='bbox 2163 3779 2588 3835; x_wconf 90' lang='lat' dir='ltr'><strong>inobedientiam</strong></span> <span class='ocrx_word' id='word_1_610' title='bbox 2625 3777 2914 3838; x_wconf 91' lang='lat' dir='ltr'><strong>mandunt,</strong></span> <span class='ocrx_word' id='word_1_611' title='bbox 2946 3774 3232 3829; x_wconf 86' lang='lat' dir='ltr'><strong>ministros</strong></span> <span class='ocrx_word' id='word_1_612' title='bbox 3258 3772 3601 3842; x_wconf 90' lang='lat' dir='ltr'><strong>voluptatum</strong></span> 
     </span>
    </p>
   </div>
   <div class='ocr_carea' id='block_1_82' title="bbox 2029 3863 3603 3943">
    <p class='ocr_par' dir='ltr' id='par_1_82' title="bbox 2029 3863 3603 3943">
     <span class='ocr_line' id='line_1_82' title="bbox 2029 3863 3603 3943; baseline -0.01 -13"><span class='ocrx_word' id='word_1_613' title='bbox 2029 3873 2262 3937; x_wconf 87' lang='lat' dir='ltr'><strong>ventris,</strong></span> <span class='ocrx_word' id='word_1_614' title='bbox 2301 3886 2442 3943; x_wconf 90' lang='lat' dir='ltr'><strong>quos</strong></span> <span class='ocrx_word' id='word_1_615' title='bbox 2476 3885 2628 3924; x_wconf 88' lang='lat' dir='ltr'><strong>arma</strong></span> <span class='ocrx_word' id='word_1_616' title='bbox 2659 3879 2713 3924; x_wconf 92' lang='lat' dir='ltr'><strong>et</strong></span> <span class='ocrx_word' id='word_1_617' title='bbox 2743 3868 2971 3938; x_wconf 82' lang='lat' dir='ltr'><strong>sagittas</strong></span> <span class='ocrx_word' id='word_1_618' title='bbox 3006 3865 3344 3936; x_wconf 65' lang='lat' dir='ltr'><strong>praecedente</strong></span> <span class='ocrx_word' id='word_1_619' title='bbox 3389 3863 3603 3932; x_wconf 89' lang='lat' dir='ltr'><strong>psalmo</strong></span> 
     </span>
    </p>
   </div>
   <div class='ocr_carea' id='block_1_83' title="bbox 2030 3954 3606 4035">
    <p class='ocr_par' dir='ltr' id='par_1_83' title="bbox 2030 3954 3606 4035">
     <span class='ocr_line' id='line_1_83' title="bbox 2030 3954 3606 4035; baseline -0.011 -12"><span class='ocrx_word' id='word_1_620' title='bbox 2030 3967 2362 4030; x_wconf 87' lang='lat' dir='ltr'><strong>nominarat,</strong></span> <span class='ocrx_word' id='word_1_621' title='bbox 2418 3963 2623 4035; x_wconf 91' lang='lat' dir='ltr'><strong>quibus</strong></span> <span class='ocrx_word' id='word_1_622' title='bbox 2681 3960 2929 4016; x_wconf 89' lang='lat' dir='ltr'><strong>veritatis</strong></span> <span class='ocrx_word' id='word_1_623' title='bbox 2988 3974 3174 4015; x_wconf 89' lang='lat' dir='ltr'><strong>sermo</strong></span> <span class='ocrx_word' id='word_1_624' title='bbox 3234 3954 3606 4025; x_wconf 74' lang='lat' dir='ltr'><strong>discerpitur?</strong></span> 
     </span>
    </p>
   </div>
   <div class='ocr_carea' id='block_1_84' title="bbox 2038 4049 3603 4125">
    <p class='ocr_par' dir='ltr' id='par_1_84' title="bbox 2038 4049 3603 4125">
     <span class='ocr_line' id='line_1_84' title="bbox 2038 4049 3603 4125; baseline -0.008 -11"><span class='ocrx_word' id='word_1_625' title='bbox 2038 4080 2057 4113; x_wconf 77' lang='grc' dir='ltr'><strong>ι</strong></span> <span class='ocrx_word' id='word_1_626' title='bbox 2079 4059 2147 4114; x_wconf 86' lang='lat' dir='ltr'><strong>Et</strong></span> <span class='ocrx_word' id='word_1_627' title='bbox 2173 4059 2345 4114; x_wconf 88' lang='lat' dir='ltr'><strong>molas</strong></span> <span class='ocrx_word' id='word_1_628' title='bbox 2374 4059 2589 4113; x_wconf 89' lang='lat' dir='ltr'><strong>leonum</strong></span> <span class='ocrx_word' id='word_1_629' title='bbox 2620 4074 2666 4121; x_wconf 75' lang='grc' dir='ltr'><strong>ι,</strong></span> <span class='ocrx_word' id='word_1_630' title='bbox 2698 4054 2895 4125; x_wconf 90' lang='lat' dir='ltr'><strong>inquit,</strong></span> <span class='ocrx_word' id='word_1_631' title='bbox 2935 4072 2953 4103; x_wconf 77' lang='grc' dir='ltr'><strong>σ</strong></span> <span class='ocrx_word' id='word_1_632' title='bbox 2975 4051 3234 4108; x_wconf 91' lang='lat' dir='ltr'><strong>contrivit</strong></span> <span class='ocrx_word' id='word_1_633' title='bbox 3260 4049 3526 4104; x_wconf 91' lang='lat' dir='ltr'><strong>Dominus</strong></span> <span class='ocrx_word' id='word_1_634' title='bbox 3550 4067 3603 4103; x_wconf 78' lang='grc'>.›</span> 
     </span>
    </p>
   </div>
   <div class='ocr_carea' id='block_1_85' title="bbox 2033 4141 3607 4219">
    <p class='ocr_par' dir='ltr' id='par_1_85' title="bbox 2033 4141 3607 4219">
     <span class='ocr_line' id='line_1_85' title="bbox 2033 4141 3607 4219; baseline -0.008 -12"><span class='ocrx_word' id='word_1_635' title='bbox 2033 4152 2182 4219; x_wconf 86' lang='lat' dir='ltr'><strong>Quos</strong></span> <span class='ocrx_word' id='word_1_636' title='bbox 2214 4170 2233 4204; x_wconf 81' lang='grc' dir='ltr'><strong>ι</strong></span> <span class='ocrx_word' id='word_1_637' title='bbox 2262 4152 2447 4206; x_wconf 88' lang='lat' dir='ltr'><strong>leones</strong></span> <span class='ocrx_word' id='word_1_638' title='bbox 2467 4169 2485 4203; x_wconf 77' lang='grc' dir='ltr'><strong>ι</strong></span> <span class='ocrx_word' id='word_1_639' title='bbox 2523 4148 2904 4209; x_wconf 87' lang='lat' dir='ltr'><strong>nominaverit,</strong></span> <span class='ocrx_word' id='word_1_640' title='bbox 2930 4145 3227 4216; x_wconf 88' lang='lat' dir='ltr'><strong>intelliges,</strong></span> <span class='ocrx_word' id='word_1_641' title='bbox 3262 4144 3309 4198; x_wconf 89' lang='lat' dir='ltr'><strong>si</strong></span> <span class='ocrx_word' id='word_1_642' title='bbox 3338 4158 3461 4212; x_wconf 67' lang='lat' dir='ltr'><strong>quae</strong></span> <span class='ocrx_word' id='word_1_643' title='bbox 3494 4141 3607 4195; x_wconf 88' lang='lat' dir='ltr'><strong>leo-</strong></span> 
     </span>
    </p>
   </div>
   <div class='ocr_carea' id='block_1_86' title="bbox 2042 4232 3611 4314">
    <p class='ocr_par' dir='ltr' id='par_1_86' title="bbox 2042 4232 3611 4314">
     <span class='ocr_line' id='line_1_86' title="bbox 2042 4232 3611 4314; baseline -0.009 -15"><span class='ocrx_word' id='word_1_644' title='bbox 2042 4260 2173 4299; x_wconf 89' lang='lat' dir='ltr'><strong>num</strong></span> <span class='ocrx_word' id='word_1_645' title='bbox 2213 4243 2323 4299; x_wconf 92' lang='lat' dir='ltr'><strong>sint</strong></span> <span class='ocrx_word' id='word_1_646' title='bbox 2357 4242 2719 4314; x_wconf 89' lang='lat' dir='ltr'><strong>pr0prietates</strong></span> <span class='ocrx_word' id='word_1_647' title='bbox 2744 4240 2947 4295; x_wconf 89' lang='lat' dir='ltr'><strong>discas.</strong></span> <span class='ocrx_word' id='word_1_648' title='bbox 2996 4237 3165 4290; x_wconf 82' lang='lat' dir='ltr'><strong>Aiunt</strong></span> <span class='ocrx_word' id='word_1_649' title='bbox 3200 4236 3387 4289; x_wconf 89' lang='lat' dir='ltr'><strong>leones</strong></span> <span class='ocrx_word' id='word_1_650' title='bbox 3434 4232 3611 4286; x_wconf 88' lang='lat' dir='ltr'><strong>oculis</strong></span> 
     </span>
    </p>
   </div>
   <div class='ocr_carea' id='block_1_87' title="bbox 2044 4321 3608 4393">
    <p class='ocr_par' dir='ltr' id='par_1_87' title="bbox 2044 4321 3608 4393">
     <span class='ocr_line' id='line_1_87' title="bbox 2044 4321 3608 4393; baseline -0.01 -3"><span class='ocrx_word' id='word_1_651' title='bbox 2044 4349 2166 4390; x_wconf 87' lang='lat' dir='ltr'><strong>esse</strong></span> <span class='ocrx_word' id='word_1_652' title='bbox 2190 4333 2462 4393; x_wconf 87' lang='lat' dir='ltr'><strong>distortis.</strong></span> <span class='ocrx_word' id='word_1_653' title='bbox 2494 4331 2812 4385; x_wconf 86' lang='lat' dir='ltr'><strong>carnivoros</strong></span> <span class='ocrx_word' id='word_1_654' title='bbox 2830 4336 3026 4382; x_wconf 87' lang='lat' dir='ltr'><strong>natura</strong></span> <span class='ocrx_word' id='word_1_655' title='bbox 3044 4334 3097 4381; x_wconf 90' lang='lat' dir='ltr'><strong>et</strong></span> <span class='ocrx_word' id='word_1_656' title='bbox 3113 4325 3319 4381; x_wconf 88' lang='lat' dir='ltr'><strong>amicos</strong></span> <span class='ocrx_word' id='word_1_657' title='bbox 3336 4321 3608 4392; x_wconf 86' lang='lat' dir='ltr'><strong>sanguini.</strong></span> 
     </span>
    </p>
   </div>
   <div class='ocr_carea' id='block_1_88' title="bbox 358 4414 2813 4495">
    <p class='ocr_par' dir='ltr' id='par_1_88' title="bbox 358 4414 2813 4495">
     <span class='ocr_line' id='line_1_88' title="bbox 358 4414 2813 4495; baseline -0.002 -18"><span class='ocrx_word' id='word_1_658' title='bbox 358 4422 610 4488; x_wconf 76' lang='grc' dir='ltr'>λέοντας,</span> <span class='ocrx_word' id='word_1_659' title='bbox 646 4421 1057 4493; x_wconf 76' lang='grc' dir='ltr'>ἐνδιαστρόφους</span> <span class='ocrx_word' id='word_1_660' title='bbox 1103 4420 1165 4474; x_wconf 86' lang='grc' dir='ltr'>τὺ</span> <span class='ocrx_word' id='word_1_661' title='bbox 1205 4421 1359 4491; x_wconf 75' lang='grc' dir='ltr'>ὄμμα</span> <span class='ocrx_word' id='word_1_662' title='bbox 1380 4461 1395 4485; x_wconf 90' lang='grc'><strong>,</strong></span> <span class='ocrx_word' id='word_1_663' title='bbox 1439 4414 1515 4474; x_wconf 77' lang='grc' dir='ltr'><strong>ὧν</strong></span> <span class='ocrx_word' id='word_1_664' title='bbox 1544 4420 1934 4495; x_wconf 75' lang='grc' dir='ltr'>σαρκοϐόροςή</span> <span class='ocrx_word' id='word_1_665' title='bbox 1978 4424 2173 4495; x_wconf 80' lang='grc' dir='ltr'>φύσις,</span> <span class='ocrx_word' id='word_1_666' title='bbox 2208 4422 2403 4493; x_wconf 76' lang='grc' dir='ltr'>καὶτῷ</span> <span class='ocrx_word' id='word_1_667' title='bbox 2440 4423 2630 4493; x_wconf 78' lang='grc' dir='ltr'>αἵματι</span> <span class='ocrx_word' id='word_1_668' title='bbox 2664 4420 2813 4491; x_wconf 82' lang='grc' dir='ltr'>φίλη.</span> 
     </span>
    </p>
   </div>
   <div class='ocr_carea' id='block_1_89' title="bbox 432 4504 1920 4589">
    <p class='ocr_par' dir='ltr' id='par_1_89' title="bbox 432 4510 1920 4585">
     <span class='ocr_line' id='line_1_89' title="bbox 432 4510 1920 4585; baseline 0.001 -17"><span class='ocrx_word' id='word_1_669' title='bbox 432 4512 593 4578; x_wconf 74' lang='grc' dir='ltr'>Οἶδας</span> <span class='ocrx_word' id='word_1_670' title='bbox 620 4514 677 4567; x_wconf 84' lang='grc' dir='ltr'>δὲ</span> <span class='ocrx_word' id='word_1_671' title='bbox 698 4514 913 4576; x_wconf 85' lang='grc' dir='ltr'>πάντως</span> <span class='ocrx_word' id='word_1_672' title='bbox 937 4515 998 4567; x_wconf 83' lang='grc' dir='ltr'>τὸ</span> <span class='ocrx_word' id='word_1_673' title='bbox 1024 4513 1249 4584; x_wconf 82' lang='grc' dir='ltr'>αἴνιγμα</span> <span class='ocrx_word' id='word_1_674' title='bbox 1274 4510 1378 4584; x_wconf 73' lang='grc' dir='ltr'><strong>τῆξ</strong></span> <span class='ocrx_word' id='word_1_675' title='bbox 1400 4513 1508 4568; x_wconf 85' lang='grc' dir='ltr'><strong>τῶν</strong></span> <span class='ocrx_word' id='word_1_676' title='bbox 1533 4514 1796 4585; x_wconf 86' lang='grc' dir='ltr'>ὀμμάτων</span> <span class='ocrx_word' id='word_1_677' title='bbox 1819 4516 1920 4569; x_wconf 65' lang='grc' dir='ltr'>διας</span> 
     </span>
    </p>
   </div>
   <div class='ocr_carea' id='block_1_90' title="bbox 2020 4504 3615 4589">
    <p class='ocr_par' dir='ltr' id='par_1_90' title="bbox 2110 4504 3615 4585">
     <span class='ocr_line' id='line_1_90' title="bbox 2110 4504 3615 4585; baseline -0.009 -12"><span class='ocrx_word' id='word_1_678' title='bbox 2110 4518 2325 4583; x_wconf 88' lang='lat' dir='ltr'><strong>Cernis,</strong></span> <span class='ocrx_word' id='word_1_679' title='bbox 2358 4517 2573 4585; x_wconf 77' lang='lat' dir='ltr'><strong>Opinor,</strong></span> <span class='ocrx_word' id='word_1_680' title='bbox 2634 4514 2763 4585; x_wconf 86' lang='lat' dir='ltr'><strong>quid</strong></span> <span class='ocrx_word' id='word_1_681' title='bbox 2809 4513 2913 4569; x_wconf 90' lang='lat' dir='ltr'><strong>sibi</strong></span> <span class='ocrx_word' id='word_1_682' title='bbox 2968 4511 3100 4566; x_wconf 87' lang='lat' dir='ltr'><strong>velit</strong></span> <span class='ocrx_word' id='word_1_683' title='bbox 3139 4508 3368 4578; x_wconf 68' lang='lat' dir='ltr'><strong>aenigma</strong></span> <span class='ocrx_word' id='word_1_684' title='bbox 3398 4506 3465 4561; x_wconf 89' lang='lat' dir='ltr'><strong>de</strong></span> <span class='ocrx_word' id='word_1_685' title='bbox 3496 4504 3615 4560; x_wconf 88' lang='lat' dir='ltr'><strong>dis-</strong></span> 
     </span>
    </p>
   </div>
   <div class='ocr_carea' id='block_1_91' title="bbox 365 4606 1943 4681">
    <p class='ocr_par' dir='ltr' id='par_1_91' title="bbox 365 4606 1943 4681">
     <span class='ocr_line' id='line_1_91' title="bbox 365 4606 1943 4681; baseline 0.001 -20"><span class='ocrx_word' id='word_1_686' title='bbox 365 4611 633 4680; x_wconf 79' lang='grc' dir='ltr'>στροφῆς,</span> <span class='ocrx_word' id='word_1_687' title='bbox 665 4608 772 4661; x_wconf 83' lang='grc' dir='ltr'>τῶν</span> <span class='ocrx_word' id='word_1_688' title='bbox 804 4608 877 4679; x_wconf 82' lang='grc' dir='ltr'>μὴ</span> <span class='ocrx_word' id='word_1_689' title='bbox 910 4607 1045 4679; x_wconf 84' lang='grc' dir='ltr'>πρὸς</span> <span class='ocrx_word' id='word_1_690' title='bbox 1084 4606 1145 4659; x_wconf 79' lang='grc' dir='ltr'><strong>τὸ</strong></span> <span class='ocrx_word' id='word_1_691' title='bbox 1173 4606 1302 4661; x_wconf 81' lang='grc' dir='ltr'>εὐθὺ</span> <span class='ocrx_word' id='word_1_692' title='bbox 1338 4607 1641 4677; x_wconf 88' lang='grc' dir='ltr'>βλεπόντων</span> <span class='ocrx_word' id='word_1_693' title='bbox 1665 4648 1681 4673; x_wconf 93' lang='grc'><strong>,</strong></span> <span class='ocrx_word' id='word_1_694' title='bbox 1716 4609 1811 4663; x_wconf 76' lang='grc' dir='ltr'><strong>καὶ</strong></span> <span class='ocrx_word' id='word_1_695' title='bbox 1843 4612 1943 4681; x_wconf 87' lang='grc' dir='ltr'><strong>τῆς</strong></span> 
     </span>
    </p>
   </div>
   <div class='ocr_carea' id='block_1_92' title="bbox 362 4699 1944 4773">
    <p class='ocr_par' dir='ltr' id='par_1_92' title="bbox 362 4699 1944 4773">
     <span class='ocr_line' id='line_1_92' title="bbox 362 4699 1944 4773; baseline -0.002 -17"><span class='ocrx_word' id='word_1_696' title='bbox 362 4702 556 4771; x_wconf 86' lang='grc' dir='ltr'>ἀηδίας</span> <span class='ocrx_word' id='word_1_697' title='bbox 578 4701 671 4754; x_wconf 83' lang='grc' dir='ltr'>τοῦ</span> <span class='ocrx_word' id='word_1_698' title='bbox 704 4700 979 4771; x_wconf 78' lang='grc' dir='ltr'>ἄσθματος</span> <span class='ocrx_word' id='word_1_699' title='bbox 998 4741 1013 4763; x_wconf 93' lang='grc'><strong>,</strong></span> <span class='ocrx_word' id='word_1_700' title='bbox 1048 4700 1155 4752; x_wconf 83' lang='grc' dir='ltr'>τῶν</span> <span class='ocrx_word' id='word_1_701' title='bbox 1184 4700 1264 4763; x_wconf 88' lang='grc' dir='ltr'><strong>είς</strong></span> <span class='ocrx_word' id='word_1_702' title='bbox 1298 4699 1643 4770; x_wconf 72' lang='grc' dir='ltr'>βλασφημίαν</span> <span class='ocrx_word' id='word_1_703' title='bbox 1669 4701 1944 4773; x_wconf 86' lang='grc' dir='ltr'>κεχρημέ-</span> 
     </span>
    </p>
   </div>
   <div class='ocr_carea' id='block_1_93' title="bbox 361 4792 1945 4867">
    <p class='ocr_par' dir='ltr' id='par_1_93' title="bbox 361 4792 1945 4867">
     <span class='ocr_line' id='line_1_93' title="bbox 361 4792 1945 4867; baseline 0 -19"><span class='ocrx_word' id='word_1_704' title='bbox 361 4813 470 4848; x_wconf 90' lang='grc' dir='ltr'><strong>νων</strong></span> <span class='ocrx_word' id='word_1_705' title='bbox 497 4793 575 4865; x_wconf 81' lang='grc' dir='ltr'>τῴ</span> <span class='ocrx_word' id='word_1_706' title='bbox 598 4794 844 4863; x_wconf 83' lang='grc' dir='ltr'>στόματι,</span> <span class='ocrx_word' id='word_1_707' title='bbox 862 4792 956 4845; x_wconf 77' lang='grc' dir='ltr'><strong>καὶ</strong></span> <span class='ocrx_word' id='word_1_708' title='bbox 978 4792 1065 4845; x_wconf 82' lang='grc' dir='ltr'><strong>διὰ</strong></span> <span class='ocrx_word' id='word_1_709' title='bbox 1087 4792 1243 4845; x_wconf 81' lang='grc' dir='ltr'>τοῦτο</span> <span class='ocrx_word' id='word_1_710' title='bbox 1269 4792 1542 4862; x_wconf 83' lang='grc' dir='ltr'>συγγενῶς</span> <span class='ocrx_word' id='word_1_711' title='bbox 1557 4793 1789 4864; x_wconf 77' lang='grc' dir='ltr'>ἐχόντων</span> <span class='ocrx_word' id='word_1_712' title='bbox 1811 4795 1945 4867; x_wconf 83' lang='grc' dir='ltr'>πρὸς</span> 
     </span>
    </p>
   </div>
   <div class='ocr_carea' id='block_1_94' title="bbox 363 4886 1945 4960">
    <p class='ocr_par' dir='ltr' id='par_1_94' title="bbox 363 4886 1945 4960">
     <span class='ocr_line' id='line_1_94' title="bbox 363 4886 1945 4960; baseline -0.001 -18"><span class='ocrx_word' id='word_1_713' title='bbox 363 4890 464 4960; x_wconf 80' lang='grc' dir='ltr'><strong>τὴν</strong></span> <span class='ocrx_word' id='word_1_714' title='bbox 486 4890 585 4960; x_wconf 84' lang='grc' dir='ltr'>τῆς</span> <span class='ocrx_word' id='word_1_715' title='bbox 617 4887 890 4958; x_wconf 84' lang='grc' dir='ltr'>ἁμαρτίας</span> <span class='ocrx_word' id='word_1_716' title='bbox 927 4886 1208 4940; x_wconf 86' lang='grc' dir='ltr'>δυσωδίαν.</span> <span class='ocrx_word' id='word_1_717' title='bbox 1241 4887 1351 4939; x_wconf 79' lang='grc' dir='ltr'>Καὶ</span> <span class='ocrx_word' id='word_1_718' title='bbox 1372 4888 1475 4940; x_wconf 75' lang='grc' dir='ltr'>ὅσα</span> <span class='ocrx_word' id='word_1_719' title='bbox 1494 4889 1695 4940; x_wconf 84' lang='grc' dir='ltr'>νοεῖται</span> <span class='ocrx_word' id='word_1_720' title='bbox 1730 4887 1819 4941; x_wconf 87' lang='grc' dir='ltr'><strong>διά</strong></span> <span class='ocrx_word' id='word_1_721' title='bbox 1851 4887 1945 4940; x_wconf 80' lang='grc' dir='ltr'>τοῦ</span> 
     </span>
    </p>
   </div>
   <div class='ocr_carea' id='block_1_95' title="bbox 366 4972 1946 5051">
    <p class='ocr_par' dir='ltr' id='par_1_95' title="bbox 366 4972 1946 5051">
     <span class='ocr_line' id='line_1_95' title="bbox 366 4972 1946 5051; baseline -0.002 -16"><span class='ocrx_word' id='word_1_722' title='bbox 366 4982 671 5051; x_wconf 73' lang='grc' dir='ltr'>ἄσθματος,</span> <span class='ocrx_word' id='word_1_723' title='bbox 696 4980 776 5032; x_wconf 84' lang='grc' dir='ltr'>ὅτι</span> <span class='ocrx_word' id='word_1_724' title='bbox 820 4977 955 5051; x_wconf 76' lang='grc' dir='ltr'>σάρξ</span> <span class='ocrx_word' id='word_1_725' title='bbox 999 4979 1093 5031; x_wconf 69' lang='grc' dir='ltr'><strong>καὶ</strong></span> <span class='ocrx_word' id='word_1_726' title='bbox 1120 4972 1280 5049; x_wconf 78' lang='grc' dir='ltr'>αἷμα,</span> <span class='ocrx_word' id='word_1_727' title='bbox 1332 4978 1469 5049; x_wconf 83' lang='grc' dir='ltr'>ὅπερ</span> <span class='ocrx_word' id='word_1_728' title='bbox 1499 4978 1730 5047; x_wconf 84' lang='grc' dir='ltr'>μάλιστα</span> <span class='ocrx_word' id='word_1_729' title='bbox 1760 4979 1946 5050; x_wconf 84' lang='grc' dir='ltr'>τρέφει</span> 
     </span>
    </p>
   </div>
   <div class='ocr_carea' id='block_1_96' title="bbox 366 5069 1946 5144">
    <p class='ocr_par' dir='ltr' id='par_1_96' title="bbox 366 5069 1946 5144">
     <span class='ocr_line' id='line_1_96' title="bbox 366 5069 1946 5144; baseline -0.001 -19"><span class='ocrx_word' id='word_1_730' title='bbox 366 5074 474 5126; x_wconf 79' lang='grc' dir='ltr'>τῶν</span> <span class='ocrx_word' id='word_1_731' title='bbox 501 5074 731 5127; x_wconf 88' lang='grc' dir='ltr'>λεόντων</span> <span class='ocrx_word' id='word_1_732' title='bbox 754 5072 854 5144; x_wconf 84' lang='grc' dir='ltr'>τὴν</span> <span class='ocrx_word' id='word_1_733' title='bbox 876 5070 1058 5140; x_wconf 78' lang='grc' dir='ltr'>φύσιν,</span> <span class='ocrx_word' id='word_1_734' title='bbox 1092 5071 1262 5124; x_wconf 78' lang='grc' dir='ltr'>ταῦτα</span> <span class='ocrx_word' id='word_1_735' title='bbox 1284 5072 1362 5134; x_wconf 87' lang='grc' dir='ltr'><strong>εἰς</strong></span> <span class='ocrx_word' id='word_1_736' title='bbox 1381 5070 1477 5123; x_wconf 78' lang='grc' dir='ltr'>τοῦ</span> <span class='ocrx_word' id='word_1_737' title='bbox 1500 5069 1633 5123; x_wconf 80' lang='grc' dir='ltr'><strong>Θεοῦ</strong></span> <span class='ocrx_word' id='word_1_738' title='bbox 1671 5070 1946 5140; x_wconf 89' lang='grc' dir='ltr'>βασιλείαν</span> 
     </span>
    </p>
   </div>
   <div class='ocr_carea' id='block_1_97' title="bbox 369 5162 1943 5237">
    <p class='ocr_par' dir='ltr' id='par_1_97' title="bbox 369 5162 1943 5237">
     <span class='ocr_line' id='line_1_97' title="bbox 369 5162 1943 5237; baseline -0.002 -18"><span class='ocrx_word' id='word_1_739' title='bbox 369 5167 669 5235; x_wconf 77' lang='grc' dir='ltr'>ἀπόϐλητα.</span> <span class='ocrx_word' id='word_1_740' title='bbox 716 5165 807 5220; x_wconf 88' lang='grc' dir='ltr'><strong>Ἐν</strong></span> <span class='ocrx_word' id='word_1_741' title='bbox 854 5163 961 5237; x_wconf 88' lang='grc' dir='ltr'><strong>γάρ</strong></span> <span class='ocrx_word' id='word_1_742' title='bbox 993 5163 1070 5235; x_wconf 84' lang='grc' dir='ltr'>τῷ</span> <span class='ocrx_word' id='word_1_743' title='bbox 1104 5162 1278 5233; x_wconf 82' lang='grc' dir='ltr'>καιρῷ</span> <span class='ocrx_word' id='word_1_744' title='bbox 1308 5164 1405 5233; x_wconf 80' lang='grc' dir='ltr'><strong>τῆς</strong></span> <span class='ocrx_word' id='word_1_745' title='bbox 1430 5163 1537 5216; x_wconf 83' lang='grc' dir='ltr'>τῶν</span> <span class='ocrx_word' id='word_1_746' title='bbox 1568 5162 1733 5229; x_wconf 81' lang='grc' dir='ltr'>ἀξίων</span> <span class='ocrx_word' id='word_1_747' title='bbox 1759 5166 1943 5234; x_wconf 85' lang='grc' dir='ltr'>τιμῆς,</span> 
     </span>
    </p>
   </div>
   <div class='ocr_carea' id='block_1_98' title="bbox 377 5254 1947 5329">
    <p class='ocr_par' dir='ltr' id='par_1_98' title="bbox 377 5254 1947 5329">
     <span class='ocr_line' id='line_1_98' title="bbox 377 5254 1947 5329; baseline -0.004 -17"><span class='ocrx_word' id='word_1_748' title='bbox 377 5281 395 5312; x_wconf 81' lang='grc' dir='ltr'><strong>ι</strong></span> <span class='ocrx_word' id='word_1_749' title='bbox 425 5254 611 5323; x_wconf 75' lang='grc' dir='ltr'>Οὗτοι,</span> <span class='ocrx_word' id='word_1_750' title='bbox 643 5276 661 5309; x_wconf 82' lang='grc'><strong>›</strong></span> <span class='ocrx_word' id='word_1_751' title='bbox 716 5258 910 5329; x_wconf 63' lang='grc' dir='ltr'>φησιν,</span> <span class='ocrx_word' id='word_1_752' title='bbox 961 5255 1531 5324; x_wconf 74' lang='grc' dir='ltr'>ιέξουδενωθήσονται,</span> <span class='ocrx_word' id='word_1_753' title='bbox 1556 5273 1575 5306; x_wconf 70' lang='grc' dir='ltr'><strong>ι</strong></span> <span class='ocrx_word' id='word_1_754' title='bbox 1628 5256 1693 5326; x_wconf 81' lang='grc' dir='ltr'>τῇ</span> <span class='ocrx_word' id='word_1_755' title='bbox 1730 5254 1947 5325; x_wconf 81' lang='grc' dir='ltr'>ἀστάτῳ</span> 
     </span>
    </p>
   </div>
   <div class='ocr_carea' id='block_1_99' title="bbox 374 5338 1944 5423">
    <p class='ocr_par' dir='ltr' id='par_1_99' title="bbox 374 5338 1944 5423">
     <span class='ocr_line' id='line_1_99' title="bbox 374 5338 1944 5423; baseline -0.008 -16"><span class='ocrx_word' id='word_1_756' title='bbox 374 5338 531 5423; x_wconf 76' lang='grc' dir='ltr'>φύσει</span> <span class='ocrx_word' id='word_1_757' title='bbox 554 5350 664 5404; x_wconf 82' lang='grc' dir='ltr'>τῶν</span> <span class='ocrx_word' id='word_1_758' title='bbox 696 5348 895 5402; x_wconf 84' lang='grc' dir='ltr'>ύλικῶν</span> <span class='ocrx_word' id='word_1_759' title='bbox 940 5347 1281 5419; x_wconf 87' lang='grc' dir='ltr'>πραγμάτων</span> <span class='ocrx_word' id='word_1_760' title='bbox 1317 5342 1396 5410; x_wconf 72' lang='grc' dir='ltr'>οἷς</span> <span class='ocrx_word' id='word_1_761' title='bbox 1430 5345 1944 5418; x_wconf 83' lang='grc' dir='ltr'>προσῳκειώθησαν,</span> 
     </span>
    </p>
   </div>
   <div class='ocr_carea' id='block_1_100' title="bbox 375 5436 1943 5512">
    <p class='ocr_par' dir='ltr' id='par_1_100' title="bbox 375 5436 1943 5512">
     <span class='ocr_line' id='line_1_100' title="bbox 375 5436 1943 5512; baseline -0.007 -14"><span class='ocrx_word' id='word_1_762' title='bbox 375 5445 512 5498; x_wconf 79' lang='grc' dir='ltr'><strong>κατά</strong></span> <span class='ocrx_word' id='word_1_763' title='bbox 546 5442 638 5495; x_wconf 72' lang='grc' dir='ltr'><strong>τὸν</strong></span> <span class='ocrx_word' id='word_1_764' title='bbox 667 5440 779 5512; x_wconf 81' lang='grc' dir='ltr'>βίον</span> <span class='ocrx_word' id='word_1_765' title='bbox 814 5441 1293 5510; x_wconf 86' lang='grc' dir='ltr'>συγκαταρέοντες.</span> <span class='ocrx_word' id='word_1_766' title='bbox 1320 5458 1336 5489; x_wconf 87' lang='grc' dir='ltr'><strong>ι</strong></span> <span class='ocrx_word' id='word_1_767' title='bbox 1360 5436 1905 5508; x_wconf 79' lang='grc' dir='ltr'>Ἑξουδενωοήσονται</span> <span class='ocrx_word' id='word_1_768' title='bbox 1926 5456 1943 5487; x_wconf 76' lang='grc' dir='ltr'><strong>ι</strong></span> 
     </span>
    </p>
   </div>
   <div class='ocr_carea' id='block_1_101' title="bbox 378 5530 1951 5609">
    <p class='ocr_par' dir='ltr' id='par_1_101' title="bbox 378 5530 1951 5609">
     <span class='ocr_line' id='line_1_101' title="bbox 378 5530 1951 5609; baseline -0.024 1"><span class='ocrx_word' id='word_1_769' title='bbox 378 5539 513 5609; x_wconf 65' lang='grc' dir='ltr'>γὰρ,</span> <span class='ocrx_word' id='word_1_770' title='bbox 560 5537 723 5606; x_wconf 64' lang='grc' dir='ltr'>φησὶν</span> <span class='ocrx_word' id='word_1_771' title='bbox 753 5575 769 5600; x_wconf 74' lang='grc' dir='ltr'><strong>ι</strong></span> <span class='ocrx_word' id='word_1_772' title='bbox 825 5553 842 5584; x_wconf 71' lang='grc' dir='ltr'>ί</span> <span class='ocrx_word' id='word_1_773' title='bbox 872 5534 946 5597; x_wconf 76' lang='grc' dir='ltr'>ὼς</span> <span class='ocrx_word' id='word_1_774' title='bbox 996 5533 1135 5605; x_wconf 76' lang='grc' dir='ltr'>ὕδωρ</span> <span class='ocrx_word' id='word_1_775' title='bbox 1172 5532 1639 5604; x_wconf 76' lang='grc' dir='ltr'>διαπορευόμενον.</span> <span class='ocrx_word' id='word_1_776' title='bbox 1678 5550 1695 5581; x_wconf 77' lang='grc' dir='ltr'><strong>ι</strong></span> <span class='ocrx_word' id='word_1_777' title='bbox 1746 5531 1804 5582; x_wconf 90' lang='lat'><strong>&#39;0</strong></span> <span class='ocrx_word' id='word_1_778' title='bbox 1844 5530 1951 5601; x_wconf 67' lang='grc' dir='ltr'>γὰρ</span> 
     </span>
    </p>
   </div>
   <div class='ocr_carea' id='block_1_102' title="bbox 380 5620 1953 5700">
    <p class='ocr_par' dir='ltr' id='par_1_102' title="bbox 380 5620 1953 5700">
     <span class='ocr_line' id='line_1_102' title="bbox 380 5620 1953 5700; baseline -0.008 -17"><span class='ocrx_word' id='word_1_779' title='bbox 380 5628 611 5700; x_wconf 78' lang='grc' dir='ltr'>πονηρὸς</span> <span class='ocrx_word' id='word_1_780' title='bbox 643 5625 783 5680; x_wconf 79' lang='grc' dir='ltr'>κατὰ</span> <span class='ocrx_word' id='word_1_781' title='bbox 811 5626 918 5678; x_wconf 82' lang='grc' dir='ltr'>τῶν</span> <span class='ocrx_word' id='word_1_782' title='bbox 946 5624 1132 5694; x_wconf 77' lang='grc' dir='ltr'>ψυχῶν</span> <span class='ocrx_word' id='word_1_783' title='bbox 1168 5624 1325 5694; x_wconf 77' lang='grc' dir='ltr'>ήμῶν</span> <span class='ocrx_word' id='word_1_784' title='bbox 1352 5624 1603 5692; x_wconf 81' lang='grc' dir='ltr'>τοξότης,</span> <span class='ocrx_word' id='word_1_785' title='bbox 1638 5624 1664 5674; x_wconf 92' lang='grc' dir='ltr'><strong>ὀ</strong></span> <span class='ocrx_word' id='word_1_786' title='bbox 1689 5620 1756 5673; x_wconf 78' lang='grc' dir='ltr'>τὰ</span> <span class='ocrx_word' id='word_1_787' title='bbox 1784 5636 1953 5672; x_wconf 84' lang='grc' dir='ltr'>πεπυ-</span> 
     </span>
    </p>
   </div>
   <div class='ocr_carea' id='block_1_103' title="bbox 383 5713 1949 5792">
    <p class='ocr_par' dir='ltr' id='par_1_103' title="bbox 383 5713 1949 5792">
     <span class='ocr_line' id='line_1_103' title="bbox 383 5713 1949 5792; baseline -0.005 -18"><span class='ocrx_word' id='word_1_788' title='bbox 383 5722 600 5792; x_wconf 86' lang='grc' dir='ltr'>ρωμένα</span> <span class='ocrx_word' id='word_1_789' title='bbox 644 5719 769 5790; x_wconf 83' lang='grc' dir='ltr'>βέλη</span> <span class='ocrx_word' id='word_1_790' title='bbox 815 5721 915 5789; x_wconf 83' lang='grc' dir='ltr'>τῆς</span> <span class='ocrx_word' id='word_1_791' title='bbox 966 5717 1237 5789; x_wconf 85' lang='grc' dir='ltr'>ἁμαρτίας</span> <span class='ocrx_word' id='word_1_792' title='bbox 1280 5716 1419 5769; x_wconf 83' lang='grc' dir='ltr'><strong>κατά</strong></span> <span class='ocrx_word' id='word_1_793' title='bbox 1464 5718 1563 5786; x_wconf 83' lang='grc' dir='ltr'>τῆς</span> <span class='ocrx_word' id='word_1_794' title='bbox 1606 5713 1949 5785; x_wconf 63' lang='grc' dir='ltr'>ἀνθρωπίνης</span> 
     </span>
    </p>
   </div>
   <div class='ocr_carea' id='block_1_104' title="bbox 451 5892 1827 5966">
    <p class='ocr_par' dir='ltr' id='par_1_104' title="bbox 451 5892 1827 5966">
     <span class='ocr_line' id='line_1_104' title="bbox 451 5892 1827 5966; baseline -0.006 -11"><span class='ocrx_word' id='word_1_795' title='bbox 451 5901 471 5929; x_wconf 86' lang='lat'><em>&quot;</em></span> <span class='ocrx_word' id='word_1_796' title='bbox 499 5900 632 5955; x_wconf 82' lang='lat' dir='ltr'><strong>Gcn.</strong></span> <span class='ocrx_word' id='word_1_797' title='bbox 675 5915 712 5966; x_wconf 85' lang='grc' dir='ltr'><strong>ι,</strong></span> <span class='ocrx_word' id='word_1_798' title='bbox 737 5898 828 5953; x_wconf 81' lang='lat'><strong>‘26.</strong></span> <span class='ocrx_word' id='word_1_799' title='bbox 906 5900 927 5929; x_wconf 80' lang='grc'>⁸</span> <span class='ocrx_word' id='word_1_800' title='bbox 960 5897 1102 5953; x_wconf 79' lang='lat' dir='ltr'><strong>Psal.</strong></span> <span class='ocrx_word' id='word_1_801' title='bbox 1136 5912 1308 5961; x_wconf 73' lang='lat' dir='ltr'><strong>xxxii,</strong></span> <span class='ocrx_word' id='word_1_802' title='bbox 1494 5896 1514 5927; x_wconf 83' lang='lat'><strong>’</strong></span> <span class='ocrx_word' id='word_1_803' title='bbox 1542 5892 1642 5948; x_wconf 86' lang='lat' dir='ltr'><strong>lsa.</strong></span> <span class='ocrx_word' id='word_1_804' title='bbox 1674 5908 1734 5957; x_wconf 87' lang='grc' dir='ltr'><strong>ιι,</strong></span> <span class='ocrx_word' id='word_1_805' title='bbox 1780 5894 1827 5947; x_wconf 84' lang='grc' dir='ltr'><strong>ι.</strong></span> 
     </span>
    </p>
   </div>
   <div class='ocr_carea' id='block_1_105' title="bbox 2042 4601 3615 4676">
    <p class='ocr_par' dir='ltr' id='par_1_105' title="bbox 2042 4601 3615 4676">
     <span class='ocr_line' id='line_1_105' title="bbox 2042 4601 3615 4676; baseline -0.009 -11"><span class='ocrx_word' id='word_1_806' title='bbox 2042 4611 2199 4667; x_wconf 89' lang='lat' dir='ltr'><strong>tortis</strong></span> <span class='ocrx_word' id='word_1_807' title='bbox 2246 4609 2423 4665; x_wconf 89' lang='lat' dir='ltr'><strong>oculis</strong></span> <span class='ocrx_word' id='word_1_808' title='bbox 2457 4624 2687 4671; x_wconf 87' lang='lat' dir='ltr'><strong>eorum,</strong></span> <span class='ocrx_word' id='word_1_809' title='bbox 2740 4607 2833 4676; x_wconf 89' lang='lat' dir='ltr'><strong>qui</strong></span> <span class='ocrx_word' id='word_1_810' title='bbox 2878 4615 3025 4660; x_wconf 89' lang='lat' dir='ltr'><strong>recta</strong></span> <span class='ocrx_word' id='word_1_811' title='bbox 3063 4601 3264 4657; x_wconf 88' lang='lat' dir='ltr'><strong>intueri</strong></span> <span class='ocrx_word' id='word_1_812' title='bbox 3314 4608 3615 4668; x_wconf 88' lang='lat' dir='ltr'><strong>nequeunt,</strong></span> 
     </span>
    </p>
   </div>
   <div class='ocr_carea' id='block_1_106' title="bbox 2040 4692 3618 4773">
    <p class='ocr_par' dir='ltr' id='par_1_106' title="bbox 2040 4692 3618 4773">
     <span class='ocr_line' id='line_1_106' title="bbox 2040 4692 3618 4773; baseline -0.01 -15"><span class='ocrx_word' id='word_1_813' title='bbox 2040 4702 2279 4773; x_wconf 84' lang='lat' dir='ltr'><strong>quidque</strong></span> <span class='ocrx_word' id='word_1_814' title='bbox 2331 4700 2436 4755; x_wconf 89' lang='lat' dir='ltr'><strong>sibi</strong></span> <span class='ocrx_word' id='word_1_815' title='bbox 2485 4698 2613 4752; x_wconf 83' lang='lat' dir='ltr'><strong>velit</strong></span> <span class='ocrx_word' id='word_1_816' title='bbox 2666 4696 3034 4767; x_wconf 79' lang='lat' dir='ltr'><strong>graveolentia</strong></span> <span class='ocrx_word' id='word_1_817' title='bbox 3079 4692 3358 4747; x_wconf 88' lang='lat' dir='ltr'><strong>anhelitus</strong></span> <span class='ocrx_word' id='word_1_818' title='bbox 3400 4705 3618 4753; x_wconf 85' lang='lat' dir='ltr'><strong>eorum,</strong></span> 
     </span>
    </p>
   </div>
   <div class='ocr_carea' id='block_1_107' title="bbox 2044 4781 3617 4866">
    <p class='ocr_par' dir='ltr' id='par_1_107' title="bbox 2044 4781 3617 4866">
     <span class='ocr_line' id='line_1_107' title="bbox 2044 4781 3617 4866; baseline -0.01 -18"><span class='ocrx_word' id='word_1_819' title='bbox 2044 4795 2136 4866; x_wconf 89' lang='lat' dir='ltr'><strong>qui</strong></span> <span class='ocrx_word' id='word_1_820' title='bbox 2167 4808 2262 4847; x_wconf 86' lang='lat' dir='ltr'><strong>ore</strong></span> <span class='ocrx_word' id='word_1_821' title='bbox 2295 4806 2397 4847; x_wconf 85' lang='lat' dir='ltr'><strong>suo</strong></span> <span class='ocrx_word' id='word_1_822' title='bbox 2427 4791 2495 4845; x_wconf 89' lang='lat' dir='ltr'><strong>ad</strong></span> <span class='ocrx_word' id='word_1_823' title='bbox 2540 4788 2911 4859; x_wconf 85' lang='lat' dir='ltr'><strong>blasphemias</strong></span> <span class='ocrx_word' id='word_1_824' title='bbox 2945 4793 3173 4841; x_wconf 92' lang='lat' dir='ltr'><strong>utuntur</strong></span> <span class='ocrx_word' id='word_1_825' title='bbox 3207 4790 3262 4838; x_wconf 91' lang='lat' dir='ltr'><strong>et</strong></span> <span class='ocrx_word' id='word_1_826' title='bbox 3296 4782 3368 4837; x_wconf 89' lang='lat' dir='ltr'><strong>ob</strong></span> <span class='ocrx_word' id='word_1_827' title='bbox 3406 4781 3458 4836; x_wconf 89' lang='lat' dir='ltr'><strong>id</strong></span> <span class='ocrx_word' id='word_1_828' title='bbox 3492 4795 3617 4836; x_wconf 88' lang='lat' dir='ltr'><strong>cum</strong></span> 
     </span>
    </p>
   </div>
   <div class='ocr_carea' id='block_1_108' title="bbox 2046 4874 3623 4958">
    <p class='ocr_par' dir='ltr' id='par_1_108' title="bbox 2046 4874 3623 4958">
     <span class='ocr_line' id='line_1_108' title="bbox 2046 4874 3623 4958; baseline -0.01 -18"><span class='ocrx_word' id='word_1_829' title='bbox 2046 4886 2255 4958; x_wconf 88' lang='lat' dir='ltr'><strong>peccati</strong></span> <span class='ocrx_word' id='word_1_830' title='bbox 2307 4883 2477 4939; x_wconf 82' lang='lat' dir='ltr'><strong>fetore</strong></span> <span class='ocrx_word' id='word_1_831' title='bbox 2533 4881 2913 4953; x_wconf 84' lang='lat' dir='ltr'><strong>cognationem</strong></span> <span class='ocrx_word' id='word_1_832' title='bbox 2960 4876 3260 4947; x_wconf 86' lang='lat' dir='ltr'><strong>quamdam</strong></span> <span class='ocrx_word' id='word_1_833' title='bbox 3302 4874 3525 4936; x_wconf 89' lang='lat' dir='ltr'><strong>habent,</strong></span> <span class='ocrx_word' id='word_1_834' title='bbox 3561 4882 3623 4926; x_wconf 89' lang='lat' dir='ltr'><strong>ut</strong></span> 
     </span>
    </p>
   </div>
   <div class='ocr_carea' id='block_1_109' title="bbox 2052 4963 3624 5047">
    <p class='ocr_par' dir='ltr' id='par_1_109' title="bbox 2052 4963 3624 5047">
     <span class='ocr_line' id='line_1_109' title="bbox 2052 4963 3624 5047; baseline -0.009 -17"><span class='ocrx_word' id='word_1_835' title='bbox 2052 4986 2369 5047; x_wconf 70' lang='lat' dir='ltr'><strong>praeteream</strong></span> <span class='ocrx_word' id='word_1_836' title='bbox 2439 4973 2566 5036; x_wconf 86' lang='lat' dir='ltr'><strong>alia,</strong></span> <span class='ocrx_word' id='word_1_837' title='bbox 2629 4988 2753 5043; x_wconf 67' lang='lat' dir='ltr'><strong>qua:</strong></span> <span class='ocrx_word' id='word_1_838' title='bbox 2826 4970 3031 5024; x_wconf 88' lang='lat' dir='ltr'><strong>halitus</strong></span> <span class='ocrx_word' id='word_1_839' title='bbox 3095 4967 3316 5021; x_wconf 89' lang='lat' dir='ltr'><strong>nomine</strong></span> <span class='ocrx_word' id='word_1_840' title='bbox 3394 4963 3624 5033; x_wconf 89' lang='lat' dir='ltr'><strong>intelligi</strong></span> 
     </span>
    </p>
   </div>
   <div class='ocr_carea' id='block_1_110' title="bbox 2051 5054 3626 5138">
    <p class='ocr_par' dir='ltr' id='par_1_110' title="bbox 2051 5054 3626 5138">
     <span class='ocr_line' id='line_1_110' title="bbox 2051 5054 3626 5138; baseline -0.008 -17"><span class='ocrx_word' id='word_1_841' title='bbox 2051 5073 2278 5138; x_wconf 87' lang='lat' dir='ltr'><strong>queunt,</strong></span> <span class='ocrx_word' id='word_1_842' title='bbox 2325 5065 2452 5135; x_wconf 88' lang='lat' dir='ltr'><strong>quia</strong></span> <span class='ocrx_word' id='word_1_843' title='bbox 2486 5078 2614 5119; x_wconf 92' lang='lat' dir='ltr'><strong>caro</strong></span> <span class='ocrx_word' id='word_1_844' title='bbox 2651 5073 2706 5117; x_wconf 91' lang='lat' dir='ltr'><strong>et</strong></span> <span class='ocrx_word' id='word_1_845' title='bbox 2728 5060 2977 5129; x_wconf 84' lang='lat' dir='ltr'><strong>sanguis,</strong></span> <span class='ocrx_word' id='word_1_846' title='bbox 3021 5060 3222 5131; x_wconf 90' lang='lat' dir='ltr'><strong>quibus</strong></span> <span class='ocrx_word' id='word_1_847' title='bbox 3274 5062 3467 5111; x_wconf 88' lang='lat' dir='ltr'><strong>natura</strong></span> <span class='ocrx_word' id='word_1_848' title='bbox 3513 5054 3626 5109; x_wconf 88' lang='lat' dir='ltr'><strong>leo-</strong></span> 
     </span>
    </p>
   </div>
   <div class='ocr_carea' id='block_1_111' title="bbox 2052 5150 3625 5225">
    <p class='ocr_par' dir='ltr' id='par_1_111' title="bbox 2052 5150 3625 5225">
     <span class='ocr_line' id='line_1_111' title="bbox 2052 5150 3625 5225; baseline -0.008 -12"><span class='ocrx_word' id='word_1_849' title='bbox 2052 5176 2182 5213; x_wconf 90' lang='lat' dir='ltr'><strong>num</strong></span> <span class='ocrx_word' id='word_1_850' title='bbox 2213 5158 2447 5213; x_wconf 80' lang='lat' dir='ltr'><strong>maxime</strong></span> <span class='ocrx_word' id='word_1_851' title='bbox 2480 5158 2665 5221; x_wconf 88' lang='lat' dir='ltr'><strong>alitur,</strong></span> <span class='ocrx_word' id='word_1_852' title='bbox 2708 5156 2894 5225; x_wconf 85' lang='lat' dir='ltr'><strong>inepta</strong></span> <span class='ocrx_word' id='word_1_853' title='bbox 2939 5161 3069 5209; x_wconf 89' lang='lat' dir='ltr'><strong>sunt</strong></span> <span class='ocrx_word' id='word_1_854' title='bbox 3100 5150 3168 5206; x_wconf 86' lang='lat' dir='ltr'><strong>ad</strong></span> <span class='ocrx_word' id='word_1_855' title='bbox 3215 5150 3311 5205; x_wconf 91' lang='lat' dir='ltr'><strong>Dei</strong></span> <span class='ocrx_word' id='word_1_856' title='bbox 3367 5162 3625 5216; x_wconf 81' lang='lat' dir='ltr'><strong>regnum:</strong></span> 
     </span>
    </p>
   </div>
   <div class='ocr_carea' id='block_1_112' title="bbox 2052 5242 3629 5318">
    <p class='ocr_par' dir='ltr' id='par_1_112' title="bbox 2052 5242 3629 5318">
     <span class='ocr_line' id='line_1_112' title="bbox 2052 5242 3629 5318; baseline -0.008 -13"><span class='ocrx_word' id='word_1_857' title='bbox 2052 5266 2119 5305; x_wconf 90' lang='lat' dir='ltr'><strong>eo</strong></span> <span class='ocrx_word' id='word_1_858' title='bbox 2156 5249 2300 5304; x_wconf 92' lang='lat' dir='ltr'><strong>enim</strong></span> <span class='ocrx_word' id='word_1_859' title='bbox 2333 5259 2598 5318; x_wconf 89' lang='lat' dir='ltr'><strong>tempore,</strong></span> <span class='ocrx_word' id='word_1_860' title='bbox 2632 5263 2742 5318; x_wconf 92' lang='lat' dir='ltr'><strong>quo</strong></span> <span class='ocrx_word' id='word_1_861' title='bbox 2774 5246 2913 5315; x_wconf 88' lang='lat' dir='ltr'><strong>justi</strong></span> <span class='ocrx_word' id='word_1_862' title='bbox 2942 5245 3185 5298; x_wconf 86' lang='lat' dir='ltr'><strong>debitum</strong></span> <span class='ocrx_word' id='word_1_863' title='bbox 3210 5242 3473 5295; x_wconf 89' lang='lat' dir='ltr'><strong>honorem</strong></span> <span class='ocrx_word' id='word_1_864' title='bbox 3503 5252 3629 5292; x_wconf 84' lang='lat' dir='ltr'><strong>con-</strong></span> 
     </span>
    </p>
   </div>
   <div class='ocr_carea' id='block_1_113' title="bbox 2055 5331 3624 5412">
    <p class='ocr_par' dir='ltr' id='par_1_113' title="bbox 2055 5331 3624 5412">
     <span class='ocr_line' id='line_1_113' title="bbox 2055 5331 3624 5412; baseline -0.009 -15"><span class='ocrx_word' id='word_1_865' title='bbox 2055 5349 2377 5412; x_wconf 81' lang='lat' dir='ltr'><strong>sequentur,</strong></span> <span class='ocrx_word' id='word_1_866' title='bbox 2414 5359 2433 5393; x_wconf 80' lang='grc' dir='ltr'><strong>ι</strong></span> <span class='ocrx_word' id='word_1_867' title='bbox 2463 5341 2575 5403; x_wconf 89' lang='lat' dir='ltr'><strong>isti,</strong></span> <span class='ocrx_word' id='word_1_868' title='bbox 2598 5359 2619 5394; x_wconf 74' lang='grc' dir='ltr'><strong>ι</strong></span> <span class='ocrx_word' id='word_1_869' title='bbox 2662 5341 2860 5410; x_wconf 84' lang='lat' dir='ltr'><strong>inquit,</strong></span> <span class='ocrx_word' id='word_1_870' title='bbox 2886 5357 2904 5389; x_wconf 78' lang='grc' dir='ltr'><strong>ι</strong></span> <span class='ocrx_word' id='word_1_871' title='bbox 2936 5338 3002 5392; x_wconf 82' lang='lat' dir='ltr'><strong>ad</strong></span> <span class='ocrx_word' id='word_1_872' title='bbox 3025 5336 3256 5391; x_wconf 89' lang='lat' dir='ltr'><strong>nihilum</strong></span> <span class='ocrx_word' id='word_1_873' title='bbox 3280 5331 3624 5395; x_wconf 62' lang='lat' dir='ltr'><strong>devenient,»</strong></span> 
     </span>
    </p>
   </div>
   <div class='ocr_carea' id='block_1_114' title="bbox 2058 5423 3625 5491">
    <p class='ocr_par' dir='ltr' id='par_1_114' title="bbox 2058 5423 3625 5491">
     <span class='ocr_line' id='line_1_114' title="bbox 2058 5423 3625 5491; baseline -0.008 -1"><span class='ocrx_word' id='word_1_874' title='bbox 2058 5435 2356 5491; x_wconf 86' lang='lat' dir='ltr'><strong>dcﬁuentes</strong></span> <span class='ocrx_word' id='word_1_875' title='bbox 2387 5435 2549 5489; x_wconf 86' lang='lat' dir='ltr'><strong>simul</strong></span> <span class='ocrx_word' id='word_1_876' title='bbox 2581 5450 2705 5489; x_wconf 90' lang='lat' dir='ltr'><strong>cum</strong></span> <span class='ocrx_word' id='word_1_877' title='bbox 2741 5431 2983 5487; x_wconf 85' lang='lat' dir='ltr'><strong>instabili</strong></span> <span class='ocrx_word' id='word_1_878' title='bbox 3020 5443 3204 5483; x_wconf 87' lang='lat' dir='ltr'><strong>rerum</strong></span> <span class='ocrx_word' id='word_1_879' title='bbox 3257 5423 3625 5479; x_wconf 87' lang='lat' dir='ltr'><strong>materialium</strong></span> 
     </span>
    </p>
   </div>
   <div class='ocr_carea' id='block_1_115' title="bbox 2060 5515 3621 5598">
    <p class='ocr_par' dir='ltr' id='par_1_115' title="bbox 2060 5515 3621 5598">
     <span class='ocr_line' id='line_1_115' title="bbox 2060 5515 3621 5598; baseline -0.011 -15"><span class='ocrx_word' id='word_1_880' title='bbox 2060 5538 2279 5593; x_wconf 83' lang='lat' dir='ltr'><strong>natura,</strong></span> <span class='ocrx_word' id='word_1_881' title='bbox 2300 5527 2497 5598; x_wconf 87' lang='lat' dir='ltr'><strong>quibus</strong></span> <span class='ocrx_word' id='word_1_882' title='bbox 2537 5543 2596 5582; x_wconf 88' lang='lat' dir='ltr'><strong>se</strong></span> <span class='ocrx_word' id='word_1_883' title='bbox 2630 5528 2684 5580; x_wconf 93' lang='lat' dir='ltr'><strong>in</strong></span> <span class='ocrx_word' id='word_1_884' title='bbox 2728 5527 2829 5579; x_wconf 84' lang='lat' dir='ltr'><strong>ista</strong></span> <span class='ocrx_word' id='word_1_885' title='bbox 2866 5525 2976 5577; x_wconf 83' lang='lat' dir='ltr'><strong>vita</strong></span> <span class='ocrx_word' id='word_1_886' title='bbox 3011 5520 3229 5591; x_wconf 86' lang='lat' dir='ltr'><strong>penitus</strong></span> <span class='ocrx_word' id='word_1_887' title='bbox 3271 5515 3621 5581; x_wconf 84' lang='lat' dir='ltr'><strong>addixeram,</strong></span> 
     </span>
    </p>
   </div>
   <div class='ocr_carea' id='block_1_116' title="bbox 2061 5606 3636 5676">
    <p class='ocr_par' dir='ltr' id='par_1_116' title="bbox 2061 5606 3636 5676">
     <span class='ocr_line' id='line_1_116' title="bbox 2061 5606 3636 5676; baseline -0.01 0"><span class='ocrx_word' id='word_1_888' title='bbox 2061 5630 2115 5676; x_wconf 90' lang='lat' dir='ltr'><strong>ct</strong></span> <span class='ocrx_word' id='word_1_889' title='bbox 2148 5621 2355 5676; x_wconf 90' lang='lat' dir='ltr'><strong>similes</strong></span> <span class='ocrx_word' id='word_1_890' title='bbox 2393 5618 2702 5675; x_wconf 76' lang='lat' dir='ltr'><strong>eﬁ‘ecerant.</strong></span> <span class='ocrx_word' id='word_1_891' title='bbox 2737 5636 2755 5666; x_wconf 84' lang='grc'><em>‹</em></span> <span class='ocrx_word' id='word_1_892' title='bbox 2781 5616 2859 5669; x_wconf 78' lang='lat' dir='ltr'><strong>Ad</strong></span> <span class='ocrx_word' id='word_1_893' title='bbox 2894 5614 3124 5668; x_wconf 88' lang='lat' dir='ltr'><strong>nihilum</strong></span> <span class='ocrx_word' id='word_1_894' title='bbox 3155 5610 3463 5670; x_wconf 87' lang='lat' dir='ltr'><strong>devenient,</strong></span> <span class='ocrx_word' id='word_1_895' title='bbox 3496 5625 3514 5657; x_wconf 73' lang='grc' dir='ltr'><strong>ι</strong></span> <span class='ocrx_word' id='word_1_896' title='bbox 3549 5606 3636 5661; x_wconf 83' lang='lat' dir='ltr'><strong>in-</strong></span> 
     </span>
    </p>
   </div>
   <div class='ocr_carea' id='block_1_117' title="bbox 2062 5695 3642 5786">
    <p class='ocr_par' dir='ltr' id='par_1_117' title="bbox 2062 5695 3642 5786">
     <span class='ocr_line' id='line_1_117' title="bbox 2062 5695 3642 5786; baseline -0.013 -17"><span class='ocrx_word' id='word_1_897' title='bbox 2062 5714 2200 5786; x_wconf 87' lang='lat' dir='ltr'><strong>quit,</strong></span> <span class='ocrx_word' id='word_1_898' title='bbox 2227 5732 2245 5765; x_wconf 80' lang='grc' dir='ltr'><strong>ι</strong></span> <span class='ocrx_word' id='word_1_899' title='bbox 2272 5713 2415 5769; x_wconf 91' lang='lat' dir='ltr'><strong>sicut</strong></span> <span class='ocrx_word' id='word_1_900' title='bbox 2448 5727 2590 5781; x_wconf 88' lang='lat' dir='ltr'><strong>aqua</strong></span> <span class='ocrx_word' id='word_1_901' title='bbox 2626 5710 2924 5765; x_wconf 89' lang='lat' dir='ltr'><strong>decurrens</strong></span> <span class='ocrx_word' id='word_1_902' title='bbox 2953 5725 2971 5775; x_wconf 82' lang='lat'><strong>;</strong></span> <span class='ocrx_word' id='word_1_903' title='bbox 2999 5725 3017 5758; x_wconf 74' lang='grc' dir='ltr'><strong>ι</strong></span> <span class='ocrx_word' id='word_1_904' title='bbox 3052 5704 3321 5760; x_wconf 88' lang='lat' dir='ltr'><strong>scelestus</strong></span> <span class='ocrx_word' id='word_1_905' title='bbox 3352 5700 3498 5758; x_wconf 90' lang='lat' dir='ltr'><strong>enim</strong></span> <span class='ocrx_word' id='word_1_906' title='bbox 3552 5695 3642 5750; x_wconf 81' lang='lat' dir='ltr'><strong>ille</strong></span> 
     </span>
    </p>
   </div>
  </div>
