4044 6528
437 511 564 569 ’³595

1691 501 1745 555 S.
1785 499 2108 556 GllEGOltll
2144 499 2433 557 NYSSENI

3595 506 3700 562 596

455 624 748 694 jaculator,
803 622 895 691 qui
935 619 1150 672 animas
1209 625 1426 672 nostras
1464 617 1586 672 telis
1626 618 1741 672 suis
1783 617 2019 682 infestat,

2127 616 2364 671 εὐθύνων
2393 617 2540 688 ζωῆς
2558 655 2572 679 ,
2601 616 2662 669 ού
2708 615 2942 670 παύεται
2966 615 3085 669 κατ’
3115 611 3294 669 αὐτῶν
3322 611 3704 682 τοξαζόμενος.

457 718 660 788 quique
693 713 862 785 ignita
888 710 994 765 tela
1030 708 1238 780 peccati
1285 717 1476 764 contra
1512 708 1808 762 humanum
1849 723 2022 778 genus

457 807 664 878 dirigit,
697 819 806 859 non
837 801 989 872 prius
1021 799 1236 854 absistit
1269 799 1338 854 ab
1367 799 1437 852 iis.
1471 797 1816 868 impetendis.
1855 811 2017 866 quam

458 901 673 955 illorum
713 895 857 950 vires
917 893 1211 948 enervarit.
1273 889 1569 944 rlutendet
1618 890 1763 944 enim
1833 903 2019 942 arcum

455 1006 637 1054 suum,
669 989 840 1043 donec
869 984 1240 1050 inﬁrmentur;
1275 1003 1294 1036 ι
1329 991 1384 1039 et
1417 982 1570 1045 ﬁunt,
1613 990 1674 1036 ut
1703 996 1826 1036 cera
1849 981 2023 1052 lique-

455 1097 638 1145 scens,
673 1079 740 1134 ad
764 1093 980 1134 omnem
1009 1077 1239 1131 formam
1273 1075 1755 1145 improbitatisque
1789 1073 2017 1144 ﬁguram

453 1173 667 1230 faciles.
703 1171 802 1227 llis
847 1168 998 1224 addit
1034 1166 1411 1222 lamentabiles
1461 1166 1582 1221 illas
1624 1165 1888 1221 adversus
1929 1164 2023 1218 mi-

455 1277 607 1319 seros
638 1276 802 1319 voces
833 1280 848 1315 :
895 1279 915 1312 ‹
941 1258 1315 1329 Supercecidit
1349 1257 1491 1328 ignis
1514 1270 1571 1312 et
1604 1271 1712 1311 non
1763 1255 2022 1310 viderunt

452 1359 643 1412 solent.
683 1373 704 1406 ι
749 1339 994 1412 Declarat
1026 1353 1220 1406 borum
1254 1349 1579 1406 sententiam
1624 1350 1764 1405 alius
1800 1348 2020 1419 quidam

453 1447 832 1516 interpretum,
903 1443 997 1514 qui
1049 1442 1488 1512 intempestivum
1545 1440 1697 1494 illum
1741 1439 1809 1494 ab
1861 1447 2022 1493 utero

453 1541 687 1609 lapsum,
737 1545 897 1592 vocat
944 1536 1214 1590 abortum.
1267 1533 1364 1588 His
1399 1533 1546 1588 enim
1586 1532 1766 1588 verbis
1814 1533 2016 1586 utitur:

460 1647 479 1678 ι
499 1626 759 1690 Ahortus,
787 1646 804 1678 ι
836 1625 1033 1696 inquit,
1069 1644 1087 1677 ι
1114 1624 1358 1678 mulieris
1414 1639 1522 1678 non
1544 1623 1748 1678 videbit
1777 1623 1966 1678 solent.
1996 1640 2015 1674 ι

456 1719 594 1772 Cum
628 1717 791 1788 igitur
814 1717 970 1770 initio
999 1716 1195 1785 psalmi
1239 1713 1512 1769 dixisset:
1550 1732 1568 1764 ι
1599 1714 1833 1768 Alienati
1891 1723 2020 1770 sunt

453 1819 768 1880 peceatores
805 1822 836 1862 a
871 1808 1060 1871 vulva,
1094 1813 1149 1863 et
1175 1809 1243 1861 ab
1279 1813 1431 1861 utero
1464 1815 1806 1870 erraverunt,
1835 1826 1853 1859 ι
1876 1822 2022 1861 nunc

451 1902 644 1957 codem
679 1917 846 1958 sensu
871 1900 1115 1971 adjungit
1141 1899 1222 1967 τὸ,
1248 1898 1636 1971 ἠμϐλώθησαν,
1679 1919 1698 1951 ι
1731 1901 2022 1970 ρει-«ζώον-

452 1999 574 2046 tum
596 1991 754 2062 ejecti
785 2001 931 2048 sunt.
971 2009 989 2042 ι
1038 1988 1272 2047 Causam
1319 2005 1449 2046 vero
1499 1991 1663 2061 hujus
1716 1991 1844 2046 mali
1889 1991 2020 2046 dicit

451 2098 576 2141 esse
618 2083 1026 2138 similitudinem
1060 2097 1223 2152 quam
1259 2098 1384 2138 cum
1419 2084 1763 2153 serpentibus
1799 2083 2018 2139 habent.

451 2175 629 2241 Quare
653 2174 886 2230 similem
946 2176 1251 2230 orationem
1303 2190 1596 2244 usurpans,
1655 2176 1734 2228 ait
1775 2190 1870 2230 eos
1898 2191 2022 2231 esse

452 2266 802 2338 imperfectos
828 2269 884 2322 in
909 2268 1121 2323 ratione
1149 2276 1378 2333 natura},
1407 2279 1460 2322 et
1485 2268 1760 2322 abortivos
1793 2284 1887 2339 per
1905 2285 2021 2322 ma-

451 2359 624 2417 litiam
646 2360 911 2424 redditos,
963 2360 1326 2430 delapsosque
1391 2369 1444 2414 et
1502 2361 1772 2416 excidisse
1818 2360 1886 2415 ab
1927 2362 2018 2416 illa

319 2475 338 2494 χ
449 2463 612 2517 quam
653 2463 820 2519 supra
849 2448 1089 2504 diximus
1129 2449 1374 2513 matrice,
1424 2449 1640 2519 sibique
1681 2450 1861 2520 ignem
1893 2451 2020 2506 etle—

449 2548 572 2597 uos
594 2553 738 2606 esse,
769 2538 839 2594 ob
873 2538 1093 2594 carnale
1119 2546 1173 2593 et
1195 2537 1434 2592 materia:
1467 2538 1778 2594 immersum
1806 2540 2019 2596 vivendi

451 2631 780 2697 institutum,
840 2629 1009 2700 hujus
1045 2632 1219 2702 gratia
1268 2631 1457 2686 oculos
1489 2631 1556 2685 ad
1597 2632 1768 2688 solem
1800 2649 1907 2688 non
1941 2634 2016 2688 le-

449 2737 627 2778 vasse.
658 2720 806 2778 Solis
832 2722 1056 2777 nomine
1081 2722 1355 2794 signiﬁcat
1392 2739 1574 2778 veram
1611 2725 1758 2778 illam
1815 2726 2014 2790 lucem,

447 2827 615 2883 quam
643 2809 998 2882 imperfectus
1038 2811 1131 2866 ille
1159 2810 1472 2878 Judaeorum
1517 2812 1659 2866 [etus
1715 2818 1770 2867 et
1817 2827 2019 2867 conce-

447 2916 574 2976 ptus
607 2904 833 2961 minime
863 2905 1130 2969 sustinuit
1166 2905 1371 2959 videre.
1399 2903 1679 2959 Consonat
1726 2920 1888 2974 porro
1937 2921 2021 2960 sc-

446 3012 624 3066 quens
679 2995 857 3051 oratio
883 3011 1009 3051 cum
1055 2997 1435 3068 praecedente;
1496 3013 1622 3051 nam
1651 2999 1795 3068 quod
1855 2989 2020 3068 supra

445 3090 750 3150 nominavit
785 3108 805 3141 ι
831 3090 1074 3161 aspidem
1110 3090 1354 3155 surdam,
1385 3110 1402 3143 ι
1445 3091 1546 3147 hoc
1601 3105 1749 3145 nunc
1785 3092 2022 3161 appellat

447 3182 665 3252 spinam
694 3197 802 3242 non
825 3182 1219 3253 iutelligentem
1247 3201 1260 3237 :
1289 3198 1414 3237 nam
1443 3199 1509 3238 ex
1543 3183 1730 3238 auditu
1770 3186 2020 3238 nascitur

446 3274 833 3347 intelligentia,
905 3275 1111 3346 quique
1153 3275 1492 3330 auditionem
1545 3291 1657 3330 non
1700 3277 1914 3347 recipit,
1972 3279 2018 3333 is
2049 3309 2090 3366 ε

446 3367 611 3421 simul
674 3367 840 3423 etiam
916 3381 1043 3421 cum
1113 3367 1395 3422 auditione
1462 3369 1876 3440 intelligentiam
1933 3387 2022 3427 re-

443 3457 584 3526 jicit.

520 3539 789 3605 Quocirca
825 3548 970 3604 sicut
1020 3550 1114 3605 ubi
1181 3553 1423 3622 generali
1473 3555 1748 3624 serpentis
1799 3556 2024 3611 nomine

443 3639 646 3711 posito,
666 3639 735 3694 ad
768 3641 1130 3712 duxitpostea
1165 3644 1402 3713 speciem
1440 3645 1605 3715 hujus
1647 3647 1926 3713 animalis,
1969 3659 2022 3703 et

447 3731 672 3802 quidem
693 3733 867 3801 illam,
921 3751 1042 3805 qua:
1071 3734 1129 3789 in
1163 3752 1228 3791 eo
1256 3753 1454 3808 genere
1475 3748 1559 3794 est
1592 3741 1837 3795 omnium
1889 3757 2020 3813 per—

449 3825 841 3892 niciosissima,
880 3829 1127 3900 aspidem
1159 3831 1388 3897 scilicet,
1426 3832 1502 3886 ita
1534 3842 1589 3888 et
1610 3834 1698 3888 hic
1721 3837 2020 3905 generatim

449 3919 621 3989 opime
655 3921 926 3977 vocabulo
963 3925 1164 3992 posito,
1219 3923 1377 3980 affert
1414 3925 1674 3997 deinceps
1725 3944 1844 3982 eam
1892 3944 2021 3999 spe—

449 4011 612 4077 ciem,
650 4028 770 4083 quae
804 4015 948 4068 inter
978 4016 1168 4084 spinas
1191 4017 1434 4072 omnium
1475 4027 1561 4074 est
1606 4021 2020 4087 molestissima,

448 4118 643 4174 nempe
702 4105 1014 4169 rhamnum,
1059 4108 1220 4178 cujus
1255 4119 1430 4164 acuta:
1480 4119 1610 4166 sunt
1644 4112 1922 4183 cuspides,
1971 4125 2024 4168 et

449 4197 724 4252 continua:
755 4199 1142 4268 prominentia),
1168 4203 1235 4256 ad
1267 4204 1574 4258 nocendum
1599 4205 2022 4275 propinquanti-

449 4289 554 4343 bus
583 4300 741 4358 aptaa,
769 4290 1044 4362 plagasque
1077 4292 1292 4347 inﬂictae
1311 4293 2021 4351 venenosaVerumtamen

447 4379 606 4449 spina
637 4379 828 4441 eratis,
857 4380 952 4445 ait,
984 4388 1039 4436 et
1073 4381 1128 4434 in
1162 4382 1362 4450 spinis,
1396 4382 1683 4448 rhamnus,
1707 4392 1767 4437 ut
1787 4384 2022 4453 proinde

446 4469 744 4525 videamini
775 4473 978 4527 vivere.
1005 4472 1123 4528 Non
1161 4475 1306 4528 enim
1350 4491 1476 4530 vere
1509 4476 1662 4538 vivit,
1710 4477 1804 4546 qui
1835 4492 2020 4532 veram

445 4566 616 4620 vitam
650 4579 757 4620 non
793 4565 976 4620 habet.
1003 4563 1087 4619 Ira
1131 4566 1446 4622 absorbebit
1483 4584 1580 4623 vos
1614 4587 1628 4622 :
1660 4578 1713 4624 et
1755 4571 2021 4640 quemad-

2121 705 2225 770 ἕως
2247 707 2425 760 αὐτῶν
2451 706 2762 778 ἐκνευρώσῃ
2791 707 2890 779 τὴν
2914 704 3166 776 δύναμιν.
3209 725 3228 758 ι
3251 705 3488 758 Ἐντενεῖ
3522 705 3651 776 γὰρ,
3679 725 3699 756 ι

2123 799 2284 866 φησὶν
2306 839 2320 861 ,
2354 817 2372 849 ι
2401 798 2461 851 τὸ
2489 799 2642 864 τόξον
2667 799 2852 865 αὑτοῦ,
2881 801 2985 864 ἓως
3013 791 3073 852 οὗ
3099 798 3505 867 ἀσθενήσουσιν.
3536 817 3554 846 ι
3595 795 3708 849 Καὶ

2129 888 2368 957 γίνονται
2399 889 2567 960 κηρὸς
2589 890 2906 961 τηκόμενος,
2946 888 3081 960 πρὸς
3114 890 3219 942 πᾶν
3242 883 3378 950 εἶδος
3423 885 3516 938 τοῦ
3562 885 3710 939 κατά

2119 979 2220 1049 τὴν
2245 980 2514 1052 ἁμαρτίαν
2537 984 2882 1052 χαρακτῆρος
2902 981 3138 1044 εὐκόλως
3172 977 3569 1050 μορφούμενοςο
3605 978 3705 1030 καὶ

2121 1071 2326 1135 τούτοις
2355 1071 2436 1124 ἐτι
2472 1073 2792 1143 προστίθησι
2819 1074 2918 1138 τὰς
2960 1071 3246 1146 ὀδυρτικάς
3296 1070 3512 1132 ἐκείνας
3559 1069 3708 1128 κατά

2121 1162 2231 1215 τῶν
2252 1162 2496 1217 δειλαίων
2517 1163 2748 1232 φωνὰς,ι
2768 1161 3005 1218 Ἔπεσεν
3034 1163 3162 1234 πῦρ,
3186 1182 3203 1214 ι
3234 1162 3456 1230 λέγων,ι
3480 1162 3575 1215 καὶ
3601 1162 3707 1218 οὐκ

2123 1253 2230 1308 ι’δον
2251 1256 2343 1308 τὸν
2367 1255 2564 1326 ἥλιον.»
2584 1255 2874 1326 Σαφηνίζει
2900 1255 2954 1309 δὲ
2975 1255 3068 1308 τοῦ
3098 1252 3258 1325 ῥητοῦ
3281 1253 3470 1306 τούτου
3494 1252 3590 1324 τὴν
3610 1251 3703 1306 ἕν-

2121 1363 2271 1400 νοιαν
2287 1347 2470 1418 ἕτερος
2489 1347 2598 1402 τῶν
2623 1349 2925 1419 ἑρμηνέων,
2949 1348 3046 1418 τὴν
3078 1347 3227 1416 παρὰ
3255 1347 3448 1417 καιρὸν
3476 1345 3706 1416 γενομέ-

2121 1455 2220 1510 νην
2244 1439 2351 1492 ἀπὸ
2377 1441 2476 1510 τῆς
2511 1441 2723 1511 μήτρας
2765 1439 3040 1509 ὀλίσθησιν
3085 1437 3178 1491 τοῦ
3211 1437 3574 1508 ἀμϐλώματος
3610 1440 3708 1513 έρ-

2124 1531 2397 1602 μηνεύσας
2426 1531 2634 1594 τούτοις
2679 1533 2791 1594 τοῖς
2827 1533 3063 1602 ῥήμασιν
3083 1544 3098 1560 °
3135 1548 3154 1580 ι
3193 1530 3512 1601 Ἐκτρωμα,
3541 1547 3560 1579 ι
3592 1545 3704 1601 φη-

2123 1625 2228 1687 σὶν,
2267 1642 2286 1676 ι
2328 1624 2584 1688 γυναικὸς
2621 1624 2717 1695 οὐχ
2735 1622 3234 1694 ὁραματισθήσεται
3262 1621 3433 1691 ἥλιον.
3474 1641 3493 1672 ι
3540 1621 3701 1674 Ἐπεὶ

2120 1715 2296 1768 τοίνυν
2326 1717 2474 1787 παρά
2502 1716 2602 1787 τὴν
2638 1715 2809 1787 ἀρχὴν
2847 1715 2948 1784 τῆς
2997 1712 3310 1784 ψαλμῳδίας
3356 1711 3554 1782 φησιν,
3615 1712 3705 1766 ὅτι

2129 1827 2148 1860 ι
2189 1808 2726 1879 Ἀπηλλοτριώθησαν
2758 1810 2806 1861 οί
2831 1807 3145 1878 ἁμαρτωλοὶ
3166 1806 3272 1860 ἀπὸ
3301 1806 3532 1878 μήτρας,
3602 1805 3705 1858 καὶ

2123 1899 2230 1953 ἀπὸ
2282 1899 2516 1971 γαστρὸς
2572 1898 2984 1970 ἐπλανήθησαν,
3042 1917 3061 1952 ι
3115 1900 3251 1971 ὅπερ
3319 1899 3514 1953 ταύτόν
3580 1901 3704 1953 ἐστι

2126 1991 2203 2060 τῷ
2227 1989 2592 2061 ¹Ιγμϐλώθησιιν
2612 2034 2623 2055 ,
2658 1989 2829 2043 αἴτιον
2857 1990 2914 2043 δὲ
2954 1988 3047 2042 τοῦ
3076 1989 3314 2044 τοιούτου
3363 1989 3565 2052 πάθους
3597 1988 3704 2042 αὑ-

2127 2081 2234 2134 τῶν
2282 2081 2428 2150 λέγει
2477 2081 2573 2152 τὴν
2619 2082 2757 2155 πρὸς
2799 2081 2890 2136 τὸν
2939 2083 3061 2152 ὅφιν
3107 2100 3168 2136 τε
3215 2082 3310 2136 καὶ
3353 2083 3452 2153 τὴν
3497 2080 3709 2136 ἀσπίδα

2127 2173 2404 2243 ὁμοίωσιν,
2423 2174 2511 2228 διά
2537 2173 2698 2228 τοῦτο
2725 2175 2820 2229 καὶ
2850 2174 2946 2230 νῦν
2965 2175 3056 2228 τὸν
3082 2174 3195 2228 ἴσον
3228 2172 3580 2228 ὲπαναλαϐὼν
3606 2173 3707 2225 λόο

2127 2282 2243 2334 γον,
2282 2267 2434 2336 φησὶ,
2467 2265 2548 2319 ὅτι
2588 2266 2796 2332 ἀτελεῖς
2836 2267 2895 2322 ὲν
2937 2266 3016 2338 τῷ
3053 2266 3194 2337 λόγῳ
3226 2267 3325 2336 τῆς
3358 2267 3568 2335 φύσεως
3605 2266 3710 2319 καὶ

2127 2359 2519 2431 ἀμϐλωθρίδιοι
2561 2359 2649 2416 διὰ
2678 2361 2874 2424 κακίας
2903 2361 3208 2431 γενόμενοι,
3244 2359 3710 2431 ὲξωλίσθησάντε

2127 2452 2221 2503 καὶ
2270 2450 2469 2504 ἔπεσαν
2518 2453 2672 2506 αὐτοὶ
2712 2452 2820 2506 ἀπὺ
2851 2453 2952 2524 τῆς
2983 2453 3265 2524 νοηθείσης
3315 2453 3444 2522 ἡμῖν
3487 2450 3712 2523 ἐκείνης

2129 2543 2362 2615 μήτρας,
2397 2542 2509 2616 πῦρ
2541 2544 2660 2597 καθ’
2697 2543 2903 2597 ἑαυτῶν
2933 2545 3229 2614 γενόμενοι,
3260 2544 3348 2599 διὰ
3384 2545 3482 2614 τῆς
3511 2542 3710 2612 ὑλικῆς

2127 2635 2531 2707 προαιρέσεως’
2588 2629 2647 2690 οὗ
2681 2635 2839 2707 χάριν
2906 2637 3005 2688 οὐκ
3059 2635 3356 2704 ἀνέϐλεψαν
3424 2636 3556 2706 πρὸς
3611 2633 3712 2686 τὸν

2126 2727 2294 2796 ἥλιον.
2341 2727 2701 2781 Ἐνδείκνυται
2722 2727 2777 2779 δὲ
2812 2728 2876 2780 ὲκ
2894 2726 2986 2780 τοῦ
3017 2727 3168 2798 ἡλίου
3199 2725 3261 2779 τὸ
3288 2726 3540 2797 ἀληθινὸν
3563 2724 3709 2795 φῶς,

2128 2820 2264 2891 πρὸς
2315 2819 2343 2872 ὃ
2397 2820 2432 2890 ὴ
2482 2819 2911 2891 ἀτελεσφόρητος
2952 2818 3060 2872 τῶν
3106 2819 3376 2874 Ἰουδαίων
3423 2819 3553 2890 γονὴ
3603 2817 3712 2871 ούκ

2127 2910 2437 2979 ἀνέϐλεψεν.
2489 2912 2599 2964 Καὶ
2645 2911 2672 2964 ὁ
2728 2911 2924 2980 ἐφεξῆς
2969 2911 3125 2980 λόγος
3174 2912 3400 2985 ἁρμόζει
3451 2911 3590 2964 κατὰ
3639 2908 3710 2962 τὸ

2128 3002 2416 3056 ἀκόλουθον
2450 3001 2868 3076 τῷ-προάγοντι.
2901 3003 2965 3055 Ὃ
2999 3003 3107 3073 γὰρ
3141 3003 3256 3055 ἐκεῖ
3287 3002 3474 3072 κωφὴν
3503 3001 3712 3053 ἀσπίδα

2127 3092 2426 3164 ὠνόμασεν,
2455 3092 2611 3147 τοῦτο
2643 3092 2737 3146 νῦν
2784 3092 3120 3163 μεταϐαλὼν,
3169 3092 3420 3146 ἀσύνετον
3461 3090 3710 3146 ἄκανθαν

2125 3185 2306 3253 λέγει·
2349 3189 2414 3239 ὲκ
2433 3184 2542 3256 γὰρ
2577 3185 2672 3238 τοῦ
2709 3184 2939 3239 ἀκοῦσαι
2969 3185 3028 3238 τὸ
3055 3185 3295 3239 συνιέναι
3326 3185 3532 3254 γίνεται
3558 3202 3571 3214 ·
3597 3187 3626 3238 ὁ
3645 3185 3712 3238 δὲ

2125 3278 2220 3345 τὴν
2246 3277 2414 3348 ἀκοὴν
2442 3278 2502 3330 ού
2535 3276 2846 3347 δεξάμενος,
2881 3277 3270 3332 συναποϐάλλει
3306 3279 3520 3341 πάντως
3553 3277 3701 3348 μετὰ.

2124 3369 2222 3440 τῆς
2256 3368 2426 3438 ἀκοῆς
2458 3370 2552 3422 καὶ
2584 3369 2684 3440 τὴν
2720 3371 2951 3423 σύνεσιν.

2196 3549 2295 3602 Διά
2324 3549 2480 3602 τοῦτο
2509 3549 2696 3620 ὥσπερ
2725 3551 2842 3602 ἐκεῖ
2875 3550 2972 3619 μὲν
2995 3539 3359 3624 ’γενικώτερον
3394 3552 3709 3622 μνημονεύ-

2127 3659 2225 3704 σας
2262 3641 2354 3694 τοῦ
2384 3641 2525 3693 κατά
2553 3640 2642 3692 τὸν
2659 3641 2782 3710 ὅφιν
2811 3641 3092 3712 ὀνόματος,
3129 3642 3322 3710 ἐπάγει
3355 3641 3417 3695 τὸ
3440 3637 3576 3704 εἶδος
3605 3639 3706 3694 τοῦ

2126 3734 2316 3804 Θηρίου
2341 3734 2403 3786 τὸ
2429 3735 2486 3786 ὲν
2507 3733 2582 3802 τῷ
2608 3733 2753 3800 γένει
2783 3733 3129 3803 πικρότατον,
3155 3733 3251 3805 τὴν
3277 3733 3476 3787 ἀσπίδα
3494 3733 3665 3802 λέγων
3681 3747 3704 3763 ⁸

2123 3826 2266 3879 οὕτω
2299 3825 2392 3878 καὶ
2424 3823 2668 3882 ἐνταῦθα,
2695 3818 2804 3876 οἷον
2832 3827 2889 3878 ὲν
2920 3825 3065 3888 γένει
3099 3827 3206 3879 τινὶ
3232 3825 3292 3878 τὸ
3324 3826 3425 3897 τῆς
3459 3825 3709 3898 ἀκάνθης

2123 3918 2295 3990 ὄνομα
2319 3915 2741 3988 προεκθέμενος,
2781 3915 2976 3984 ἐπάγει
3007 3917 3067 3970 τὸ
3098 3917 3474 3988 χαλεπώτερον
3502 3919 3560 3972 ὲν
3581 3921 3708 3982 ταῖς

2124 4010 2384 4074 ἀκάνθαις
2444 4005 2600 4073 εἶδος,
2655 4009 2752 4082 τὴν
2784 4012 2987 4082 ῥάμνον
3016 4009 3205 4073 εἰπὼν,
3252 4006 3319 4083 ἦς
3375 4009 3543 4074 ὀξεῖαι
3603 4011 3705 4081 μὲν

2125 4103 2232 4177 [αἱ]
2254 4105 2450 4176 ἀκμαὶ,
2471 4107 2712 4176 συνεχεῖς
2743 4104 2798 4158 δὲ
2823 4108 2879 4158 αἱ
2902 4105 3182 4176 προϐολαὶ,
3211 4104 3500 4175 βλαπτικαὶ
3517 4105 3571 4158 δὲ
3591 4105 3704 4158 τῶν

2124 4196 2591 4268 προσεγγιζόντων
2611 4197 2704 4255 καὶ
2732 4197 2902 4262 ίώδεις
2934 4200 2988 4251 αἱ
3019 4198 3246 4270 ἀμυχαί.
3283 4197 3425 4267 Πλὴν
3449 4197 3584 4250 ἀλλά
3605 4199 3705 4251 καὶ

2122 4289 2332 4345 ἄκανθα
2355 4285 2474 4361 ἦτε,
2508 4289 2692 4362 φησὶν,
2725 4289 2833 4345 κᾶν
2885 4293 2942 4344 ὲν
2985 4291 3246 4350 ἀκάνθαις
3291 4293 3323 4362 ή
3353 4290 3576 4362 ῥάμνος,
3624 4289 3702 4353 ὡς

2121 4380 2202 4434 ἔτι
2235 4381 2440 4434 οἴεσθαι
2477 4377 2611 4457 ζῇν·
2649 4383 2709 4435 ού
2745 4381 2853 4454 γάρ
2903 4381 3118 4454 ἀληθῶς
3161 4382 3249 4454 ζῇ,
3281 4381 3377 4455 τὴν
3409 4381 3579 4453 ἀληθῆ
3625 4381 3700 4453 μὴ

2122 4471 2260 4542 ἔχων
2307 4472 2470 4542 ζωήν.
2517 4474 2582 4526 Ἡ
2613 4474 2749 4547 ὀργὴ
2804 4475 3128 4529 καταπίεται
3171 4476 3342 4546 ὑμᾶς’
3377 4474 3470 4528 καὶ
3513 4473 3702 4544 ὥσπερ

2121 4565 2230 4618 τῶν
2262 4564 2598 4638 ἁμαρτωλῶν
2634 4568 2667 4637 ἠ
2698 4566 2811 4640 ζωὴ
2885 4567 2986 4623 οὐκ
3021 4567 3086 4621 ἂν
3132 4566 3345 4638 ἀληθῶς
3376 4567 3520 4620 ἐστιν
3555 4566 3582 4618 ὃ
3613 4565 3702 4618 λέο

446 4657 668 4713 modum
727 4658 839 4711 vita
894 4667 1240 4727 peccatorum
1272 4676 1378 4714 non
1431 4676 1557 4716 vere
1602 4669 1706 4724 est,
1747 4662 1891 4733 quod
1932 4663 2018 4716 dio

2124 4673 2298 4725 γεται,
2341 4654 2456 4708 ἀλλ’
2503 4655 2826 4726 ὀνομάζεται
2867 4658 3024 4728 μόνον
3063 4656 3144 4726 (τὸ
3173 4656 3281 4728 γάρ
3310 4650 3701 4728 τῆςάληθινῆς

447 4748 613 4813 citur,
667 4749 764 4805 sed
805 4748 1186 4804 tantummodo
1233 4750 1356 4805 talis
1385 4750 1589 4805 dicitur
1636 4752 1785 4823 (nam
1826 4768 1948 4822 quae
1988 4767 2019 4805 a

445 4855 579 4894 vera
605 4840 716 4895 vita
741 4841 989 4910 sejuncta
1014 4849 1120 4905 est,
1157 4843 1248 4896 illa
1279 4843 1465 4914 utique
1501 4859 1640 4899 vera:
1675 4846 1795 4900 vitae
1817 4861 2019 4902 nomen

446 4948 557 4988 non
592 4934 878 5000 meretur),
910 4935 992 4988 sic
1023 4943 1078 4989 et
1111 4935 1164 4988 in
1183 4933 1290 4989 Deo
1325 4938 1403 4989 ira
1432 4937 1602 4991 nihilo
1625 4939 1798 5008 magis
1820 4941 2016 5004 iraest,

448 5025 578 5079 licet
605 5038 635 5077 a
667 5026 1050 5094 peccatoribus
1073 5027 1196 5080 talis
1221 5037 1273 5081 et
1298 5028 1584 5093 habeatur,
1609 5037 1662 5084 et
1683 5032 2014 5086 nominetur.

447 5115 566 5172 Non
600 5125 686 5172 est
713 5117 814 5182 ira,
843 5115 938 5170 sed
977 5135 996 5168 ι
1024 5118 1166 5172 sicut
1198 5119 1300 5183 ira,
1323 5139 1341 5170 ι
1380 5122 1685 5189 appellatur
1703 5123 2013 5188 retributio,

449 5224 617 5280 quam
646 5207 790 5264 Deus
816 5207 1084 5277 rependit,
1117 5219 1278 5279 prout
1307 5210 1401 5278 jus
1441 5210 1630 5281 fasque
1657 5213 1845 5283 exigit.
1902 5213 2018 5270 Hoc

444 5301 616 5370 igitur
663 5305 749 5355 est
799 5298 931 5353 illud
963 5317 975 5352 ε
1011 5317 1031 5350 ι
1057 5297 1212 5354 Sicut
1283 5301 1567 5364 viventes;
1601 5320 1618 5351 ι
1682 5309 1737 5355 et
1772 5319 1785 5354 :
1818 5319 1836 5352 ι
1863 5299 2018 5356 Sicut

441 5392 498 5445 in
544 5397 623 5449 ira
654 5394 968 5450 absorbebit
991 5409 1109 5457 vos,
1137 5412 1158 5446 ι
1194 5395 1287 5463 qui
1316 5396 1370 5449 in
1400 5412 1526 5450 vera
1570 5397 1680 5451 vita
1714 5414 1822 5452 non
1854 5401 2011 5463 estis,

443 5490 562 5558 ipse
587 5497 769 5541 tamen
811 5502 936 5542 vere
986 5487 1159 5542 iratus
1214 5504 1323 5542 non
1368 5501 1472 5544 est.
1529 5488 1736 5547 Deinde
1785 5493 2012 5548 subdit:

447 5599 466 5634 ι
515 5577 810 5634 Laetabitur
844 5579 1029 5648 justus
1069 5595 1193 5633 cum
1249 5580 1444 5635 viderit
1496 5582 1857 5645 vindictam.»
1907 5600 2015 5639 non

440 5670 587 5741 quod
611 5677 833 5741 propter
851 5670 1093 5740 perditos
1112 5671 1364 5741 gaudeat,
1385 5672 1480 5728 sed
1503 5675 1650 5743 quod
1669 5691 1736 5731 ex
1764 5660 2015 5745 opposito

440 5776 532 5820 res
575 5775 706 5816 suas
746 5774 871 5815 cum
905 5761 1071 5816 rebus
1117 5762 1332 5816 illorum
1367 5763 1725 5834 compunens,
1771 5773 1902 5820 tunc
1930 5783 2013 5821 se-

450 5851 630 5922 ipsum
664 5852 884 5910 beatum
916 5853 1313 5924 praedicaturus
1348 5857 1438 5921 sit,
1472 5858 1542 5911 ob
1572 5868 1720 5912 recta
1761 5859 2008 5926 consilia,

456 5941 657 6011 Quibus
679 5942 878 6015 eﬂ'ecit,
911 5960 980 6001 ne
1012 5961 1153 6004 unus
1185 5963 1252 6004 ex
1302 5949 1516 6006 illorum
1560 5968 1785 6011 numero
1837 5954 2006 6020 ﬁeret,

2127 4745 2272 4818 ζωῆς
2318 4745 2715 4816 διεζευγμένον,
2749 4748 2863 4820 ζωὴ
2885 4749 2984 4802 οὑκ
3010 4748 3176 4820 ἐστιν)
3205 4767 3218 4780 ·
3256 4751 3428 4814 οὕτως
3465 4750 3558 4804 καὶ
3607 4753 3701 4804 ἐπὶ

2125 4839 2216 4892 τοῦ
2261 4838 2396 4893 Θεοῦ
2448 4842 2482 4910 ἡ
2538 4839 2698 4910 ὀργὴ,
2723 4840 2826 4894 κάν
2873 4843 2984 4905 τοῖς
3031 4841 3369 4914 ἁμαρτωλοῖς
3393 4841 3547 4895 τοῦτο
3605 4843 3702 4894 καὶ

2127 4933 2373 5003 φαίνεται
2427 4932 2521 4986 καὶ
2555 4933 2681 5004 παρ’
2717 4933 2895 4987 αὐτῶν
2932 4933 3276 5006 ὀνομάζεται,
3313 4933 3463 4988 οὐδὲν
3496 4932 3698 5004 μᾶλλόν

2127 5027 2272 5078 ἐστιν
2312 5024 2468 5097 ὀργὴ,
2514 5025 2631 5079 ἀλλ’
2668 5041 2693 5079 ι
2741 5025 2816 5089 ὡς
2850 5025 2986 5097 ὀργὴ
3047 5044 3066 5077 ι
3103 5027 3217 5088 τοῖς
3246 5025 3388 5078 οὕτω
3427 5025 3523 5096 τὴν
3559 5025 3700 5078 κατά

2123 5118 2184 5172 τὸ
2226 5118 2432 5172 δίκαιον
2478 5118 2574 5172 τοῦ
2625 5117 2762 5171 Θεοῦ
2802 5116 3201 5190 ἀντιδιδομένην
3236 5116 3467 5187 ἀμοιϐὴν
3498 5117 3698 5187 ὀνομά.

2126 5211 2299 5276 ζουσι.
2327 5211 2498 5264 Τοῦτο
2544 5205 2635 5264 οὖν
2682 5211 2830 5262 ἐστιν
2862 5209 2942 5275 τὸ,
2980 5228 2999 5261 ι
3049 5208 3193 5262 Ὠσεὶ
3232 5209 3457 5274 ζῶντας.
3493 5228 3513 5260 ι
3564 5210 3697 5274 Καὶ,

2130 5323 2150 5356 ι
2197 5304 2284 5368 Ὠς
2340 5308 2397 5358 ὲν
2442 5305 2578 5376 ὀργῇ
2626 5303 2951 5358 καταπίεται
2995 5304 3157 5374 ὑμᾶς,
3197 5325 3215 5355 ρ
3246 5303 3347 5357 οὐκ
3375 5304 3432 5357 ὲν
3468 5303 3697 5374 ἀληθινῇ

2125 5398 2237 5471 ζωῇ
2282 5398 2461 5462 ὄντας,
2494 5395 2616 5450 οὔτε
2663 5394 2877 5467 ἀληθῶς
2904 5396 3109 5459 ἐκεῖνος
3138 5396 3196 5448 ὲν
3227 5395 3361 5468 ὀργῇ
3389 5394 3702 5466 θεωρούμε-

2125 5509 2236 5556 νος.
2298 5487 2434 5544 Εἷτὰ
2497 5507 2682 5561 φησιν·
2726 5510 2746 5542 ‹
2801 5487 3248 5560 Εὐφρανθήσεται
3288 5488 3493 5550 δίκαιος
3521 5491 3595 5540 ὅτ’
3631 5488 3701 5540 ἂν

2123 5584 2207 5655 ἔδῃ
2236 5583 2529 5653 ἐκδίκησιν.
2575 5601 2594 5634 ι
2633 5581 2742 5651 Ούχ
2775 5579 2852 5644 ὡς
2894 5580 3193 5654 ὲπιχαίρων
3233 5583 3345 5644 τοῖς
3390 5577 3698 5648 ἀπολλυμέ-

2121 5694 2252 5742 νοις,
2298 5673 2413 5729 ἀλλ⁹
2457 5674 2533 5738 ὡς
2583 5675 2649 5728 ὲκ
2696 5672 3040 5745 παραλλήλου
3087 5671 3154 5725 τὰ
3197 5671 3390 5726 ἑαυτοῦ
3441 5671 3576 5741 πρὸς
3627 5671 3697 5723 τὰ

2122 5768 2348 5824 ἐκείνων
2378 5767 2672 5835 ἀνατιθεὶς,
2715 5767 2836 5820 τότε
2890 5766 3184 5838 μακαρίσει
3234 5763 3425 5819 ἑαυτὸν
3455 5765 3553 5834 τῆς
3599 5764 3694 5815 εύ-

2121 5863 2359 5928 ϐουλίας,
2405 5863 2488 5917 ὄτι
2520 5861 2594 5934 μὴ
2626 5863 2686 5913 ὲν
2719 5861 2947 5923 ἐκείνοις
2993 5861 3230 5928 ἐγένετο,
3259 5861 3318 5913 ὲν
3357 5853 3438 5922 οἷς
3462 5858 3564 5929 ὁρᾷ
3583 5857 3694 5909 τῶν

2123 5955 2459 6029 ἁμαρτωλῶν
2491 5955 2589 6026 τὴν
2636 5953 2932 6029 ἐκδίκησιν.
2980 5953 3091 6030 Τὴν
3121 5951 3230 6026 γὰρ
3269 5951 3376 6006 τῶν
3411 5950 3551 6006 ἰδίων
3579 5965 3691 6020 χει-
