3986 6494
227 507 325 561 597
1618 502 1683 557 ΙΝ
1725 504 1831 558 PS!

1939 503 2061 560 [08.
3349 510 3452 567 5'33

230 630 336 703 ρῶν
366 627 731 699 καθαρότητα,
762 629 829 700 τῇ
859 626 994 699 πρὸς
1016 627 1077 681 τὸ
1102 626 1296 699 λύθρον
1316 626 1422 682 τῶν
1451 627 1787 699 ἁμαρτωλῶν
1818 644 1831 691 Α

1939 648 1943 681 ι
1978 626 2178 697 quibus
2205 626 2321 697 ipse
2362 634 2705 696 peccatorum
2740 627 3036 683 vindictam
3067 628 3456 697 conspicatur;

228 719 593 784 ἀντεξετάσει,
627 718 822 789 μᾶλλον
855 717 1166 787 κατόψεται.
1204 736 1222 769 ι
1272 719 1475 789 Χεῖρας
1524 718 1709 783 αὑτοῦ,
1766 739 1785 772 ι

1939 717 2235 788 ropriarum
2267 717 2410 771 enim
2438 732 2695 771 manuum
2731 719 3024 787 puritatem
3058 719 3230 789 magis
3252 734 3456 789 cogno-

230 816 414 883 φησιν,
458 830 477 864 ι
527 812 736 881 νίψεται
786 812 845 864 ὲν
887 810 965 881 τῷ
1011 811 1201 881 αἵματι
1236 809 1329 863 τοῦ
1382 810 1723 882 ἀμαρτωλοῦ.
1768 830 1786 864 ι

1939 818 2029 875 :et,
2080 809 2126 865 si
2153 822 2270 862 eam
2315 823 2439 861 cum
2494 808 2806 877 iniquorum
2844 810 3097 865 sordibus
3148 821 3456 880 componat.

230 902 463 973 Οῐδαμεν
488 901 563 967 δὲ,
597 902 677 955 ὅτι
708 901 808 954 οὐκ
850 900 1009 954 ἄλλου
1040 900 1185 962 τινὸς
1210 899 1366 970 χάριν
1394 899 1710 970 νιπτόμεθα,
1758 898 1792 969 ἢ

1944 900 2160 965 Manus,
2191 916 2210 951 ι
2248 898 2446 970 inquit,
2473 918 2492 952 ι
2530 916 2660 956 suas
2689 901 2892 956 lavabit
2936 902 2989 955 in
3029 902 3293 973 sanguine
3332 918 3461 971 pec-

233 996 321 1047 ῖνα
364 993 442 1064 τῷ
484 992 633 1046 ὕδατι
673 992 764 1045 τὸν
821 991 989 1063 ῥύπον
1038 990 1505 1061 ἀποκλυσώμεθα’
1534 992 1564 1044 6
1602 992 1660 1044 δὲ
1700 990 1794 1044 τοῦ

1939 990 2123 1045 atoris.
2156 1010 2174 1043 ι
2206 989 2401 1046 Νοιυω
2452 998 2557 1056 est,
2613 1008 2714 1049 nos
2758 1010 2869 1048 non
2922 995 3030 1049 alio
3084 994 3190 1049 ﬁne
3262 1011 3462 1048 manus

230 1084 461 1154 αἵματος
482 1081 751 1152 μολυσμὸς
771 1081 869 1134 οὐκ
889 1079 1248 1148 ἀποκαθαίρει
1274 1079 1362 1133 τὸν
1380 1081 1797 1151 προῦπάρχοντα

1939 1083 2139 1146 bluere,
2203 1098 2367 1153 quam
2403 1092 2463 1137 ut
2502 1084 2691 1140 sordes
2734 1102 2831 1155 per
2880 1102 3075 1157 aquam
3139 1088 3461 1153 abluamus;

234 1176 426 1246 ῥύπον,
458 1174 572 1227 ἀλλ’
605 1173 767 1236 αὐτὸς
808 1172 1012 1241 γίνεται
1048 1171 1237 1241 ῥύπος.
1286 1170 1494 1224 Οὐκοῦν
1523 1170 1710 1242 ῶσπερ
1737 1171 1799 1225 τὸ

1939 1174 2262 1243 tsanguinis
2295 1177 2543 1245 aspcrsio
2574 1193 2683 1232 non
2738 1178 3001 1233 emundat
3041 1180 3307 1246 maculas,
3343 1195 3465 1248 qua:

231 1266 426 1319 λευκὸν
455 1263 652 1335 χρῶμα
693 1265 759 1333 τῇ
797 1262 1215 1332 ἀντιπαραθέσει
1263 1261 1355 1315 τοῦ
1385 1262 1613 1333 αἵματος
1643 1263 1800 1333 ἐκδη-

1939 1265 2049 1319 rius
2071 1265 2307 1327 inerant,
2340 1282 2464 1322 cum
2500 1269 2617 1339 ipse
2644 1270 2866 1339 sanguis
2896 1269 2966 1323 sit
2997 1269 3244 1338 qumdam
3269 1277 3461 1323 conta-

232 1357 450 1428 λότερον
482 1356 708 1424 γίνεται,
744 1354 915 1418 οὕτως
944 1354 1036 1408 καί⁹
1064 1355 1097 1424 ἡ
1127 1353 1233 1406 τῶν
1253 1353 1448 1425 χειρῶν
1471 1350 1564 1405 τοῦ
1592 1353 1799 1407 δικαίου

1939 1358 2152 1415 ιὶηειιῑο.
2190 1360 2460 1426 Quocirca
2494 1362 2951 1432 quemadmodum
3000 1363 3151 1417 color
3177 1362 3333 1417 albus
3373 1378 3462 1431 op-

233 1449 569 1520 καθαρότης,
594 1446 683 1500 διὰ
705 1448 804 1517 τῆς
845 1446 940 1499 τοῦ
973 1446 1211 1500 ἐναντίου
1256 1444 1609 1517 συγκρίσεως,
1658 1444 1800 1515 λαμ-

1939 1452 2111 1508 ositus
2155 1454 2407 1523 sanguini
2456 1455 2790 1524 splendidior
2835 1464 3078 1526 apparet,
3130 1456 3212 1510 sic
3263 1462 3317 1510 et
3348 1470 3464 1508 ma-

236 1543 482 1613 προτέρα
523 1539 861 1594 καθίσταται.
903 1538 976 1591 Τὸ
1008 1538 1116 1610 γὰρ
1143 1537 1238 1592 νῦν
1278 1537 1687 1609 ἀπιστούμενον,
1721 1539 1802 1591 ὅτι

1943 1558 2067 1596 uum
2094 1543 2228 1613 justi
2248 1546 2542 1603 niundities
2575 1547 2911 1617 splendidior
2938 1548 3153 1603 exsistit
3179 1546 3465 1602 collatione

234 1634 322 1697 τίς
370 1634 485 1685 ἐστι
530 1634 640 1693 τοῖς
684 1630 772 1684 διὰ
817 1630 921 1684 τῶν
957 1630 1058 1699 τῆς
1090 1629 1289 1701 ἀρετῆς
1329 1629 1505 1682 πόνων
1546 1629 1803 1694 ἑκουσίως

1939 1640 1955 1684 ι
2013 1631 2447 1704 juxtapositione
2481 1638 2762 1693 contrarii.
2796 1636 2930 1693 Nam
2960 1637 3105 1708 quod
3145 1654 3291 1692 nunc
3315 1653 3455 1707 aegre

235 1722 650 1793 κακοπαθήσασι
682 1721 937 1793 μετουσία
968 1720 1060 1773 τοῦ
1094 1720 1417 1791 κρείττονος,
1448 1719 1567 1771 τότε
1592 1719 1679 1772 διὰ
1706 1720 1804 1789 τῆς

1939 1724 2175 1790 reditur,
2227 1742 2348 1784 esse
2393 1729 2642 1784 videlicet
2676 1729 2783 1785 illis
2814 1730 2906 1800 qui
2948 1744 3043 1799 per
3085 1728 3306 1783 virtutis
3347 1737 3467 1781 stu-

234 1812 434 1883 πείρας
468 1811 943 1882 φανερωθήσεται·
989 1811 1018 1861 6
1052 1809 1161 1880 γὰρ
1210 1809 1379 1862 ταῦτα
1412 1808 1621 1878 βλέπων
1666 1810 1802 1878 ὲρεί,

235 1904 322 1957 ὅτι
349 1899 439 1973 ἦν,
472 1902 548 1966 ὡς
588 1902 781 1967 ἔοικεν,
799 1900 876 1971 τῷ
904 1901 1093 1972 δικαίῳ
1123 1901 1331 1971 καρπὸς
1365 1900 1720 1971 ἀποκείμενος
1750 1901 1806 1951 ὲν

1939 1907 2200 1975 ιυιιωᾶαιη
2252 1912 2655 1968 excellentioris
2705 1911 2991 1981 cujusdam
3038 1910 3186 1977 boni,
3238 1910 3291 1964 id
3341 1919 3471 1962 tunc

235 1999 305 2066 τῇ
339 1995 526 2065 δικαίᾳ
570 1993 662 2049 τοῦ
711 1993 846 2048 Θεοῦ
885 1992 1085 2065 κρίσει.
1130 1993 1293 2064 Ὁρᾷς
1330 1992 1447 2056 οἵας
1488 1991 1810 2061 ἐπιϐέϐηκεν

1939 2014 2032 2069 pso
2066 2002 2439 2070 experimento
2474 2003 2821 2058 manifestum
2858 2003 2979 2069 ﬁet;
3038 2004 3129 2074 qui
3176 2003 3318 2057 enim
3347 2002 3471 2055 haec

1905 1816 2053 1870 dium
2120 1818 2319 1875 multos
2370 1820 2587 1876 labores
2656 1821 2957 1885 exantlant,
3027 1818 3467 1874 communionem
3578 1804 3581 1805 ν

235 2087 552 2158 ἀκρωρείας
595 2087 624 2138 6
668 2085 854 2154 λόγος;
885 2086 1007 2138 ὅσον
1036 2085 1323 2156 ὑπεραίρει
1360 2083 1469 2138 τῶν
1494 2082 1807 2155 προδεικνυ-

241 2176 426 2247 μένων
458 2178 516 2229 ὲν
539 2178 649 2238 τοῖς
676 2174 924 2246 Ψαλμοῖς
954 2175 1013 2228 τὸ
1044 2175 1303 2245 μέγεθος;

1913 2088 2130 2155 viderit,
2176 2091 2221 2145 is
2251 2092 2395 2146 dicet
2431 2109 2572 2159 esse,
2622 2101 2679 2147 ut
2705 2094 2879 2160 decet,
2923 2093 3071 2163 justo
3099 2092 3339 2146 fructum
3382 2107 3470 2145 re-

1914 2181 2153 2248 positum
2178 2184 2231 2236 in
2267 2184 2419 2254 justo
2456 2185 2546 2239 Dei
2595 2185 2821 2255 judicio.
2859 2184 3020 2239 Vides
3054 2184 3107 2238 in
3141 2198 3301 2254 quam
3347 2182 3471 2235 alti—

237 2269 489 2324 tudinem
555 2266 858 2325 ascenderit
922 2268 1118 2333 oratio,
1183 2274 1450 2338 quantum
1514 2266 1746 2324 excedat
1783 2266 2166 2329 celsitudinem
2214 2291 2427 2341 eorum,
2491 2294 2612 2348 quae
2641 2279 2696 2332 in
2751 2277 3184 2348 praecedentibus
3250 2270 3474 2340 psalmis

239 2374 479 2421 tractata
516 2366 684 2421 sunt?

754 2457 1163 2515 ΚΕΦΑΛΑΙΟΝ,
1186 2460 1305 2525 ις’.

330 2529 467 2602 Ἀλλ’
498 2548 619 2602 οὐδὲ
648 2542 800 2612 οὗτος
830 2550 954 2621 ὄρος
997 2550 1096 2619 τῆς
1140 2552 1218 2615 είς
1247 2550 1309 2604 τὸ
1339 2549 1472 2619 ὕψος
1500 2548 1811 2611 ἀναϐάσεως

240 2643 357 2705 τοῖς
402 2641 469 2695 δι’
503 2641 703 2712 ἀρετῆς
750 2641 1113 2723 πρρξιέτττὲσι
1155 2642 1380 2710 γίνεται.
1422 2642 1481 2693 'U
1524 2640 1630 2711 γὰρ
1676 2640 1812 2709 μετά

241 2733 436 2786 τοῦτον
463 2736 529 2802 τῇ
558 2733 844 2804 ἀκολουθίᾳ
868 2733 969 2804 τῆς
994 2732 1219 2800 τάξεως,
1249 2735 1387 2806 ὑπὲρ
1414 2735 1599 2789 τοῦτον
1626 2735 1719 2787 καὶ
1748 2736 1812 2804 τῇ

246 2822 590 2893 μεγαλοφυῒᾳ
640 2823 738 2893 τῆς
788 2821 1017 2893 θεωρίας
1072 2823 1402 2893 εὑρίσκεται.
1457 2824 1625 2877 Πάλιν
1669 2824 1725 2876 δὲ
1780 2824 1813 2893 ἡ

244 2912 533 2984 ἐπιγραφὴ
584 2911 1035 2984 ἀνακηρύσσουσα
1090 2913 1180 2966 τὸν
1246 2915 1599 2986 στεφανίτην·
1656 2915 1815 2968 πάλιν

245 3006 340 3057 ἐπ’
368 3004 547 3059 αὐτῶν
575 3003 741 3074 στήλη
766 3002 827 3056 τὸ
860 3004 999 3074 ὑπὲρ
1033 3004 1316 3075 ἄνθρωπον
1345 3002 1480 3061 εἶναι
1511 3008 1609 3079 τὴν
1636 3007 1817 3061 τοιαύ-

244 3115 354 3168 την
382 3097 539 3167 νίκην
569 3096 919 3168 μαρτύρεται.
964 3115 983 3148 ι
1019 3098 1112 3161 Είς
1145 3098 1205 3151 τὸ
1247 3099 1399 3163 τέλος
1432 3120 1451 3152 ι
1492 3100 1625 3171 γὰρ,
1662 3102 1816 3169 φησι,

2473 2455 2703 2511 CAPUT
2740 2455 2876 2512 XVI.

1979 2544 2181 2599 Verum
2230 2562 2403 2615 neque
2449 2548 2537 2602 hic
2595 2550 2863 2604 terminus
2904 2548 3245 2604 ascensionis
3294 2549 3474 2619 ﬁgitur

1910 2635 2040 2702 illis,
2096 2637 2188 2705 qui
2224 2653 2319 2707 per
2344 2639 2599 2693 virtutem
2658 2638 2972 2709 proﬁciunt.
3018 2640 3157 2691 Nam
3202 2638 3469 2708 psalmus,

1910 2727 2003 2797 qui
2038 2728 2225 2782 ordine
2254 2731 2520 2799 Sequitur,
2543 2730 2688 2784 hunc
2722 2746 2982 2801 superare
3019 2731 3238 2784 videtur
3257 2730 3470 2797 magni-

1921 2821 2108 2876 tudine
2143 2821 2455 2875 abditorum
2489 2838 2748 2877 sensuum
2788 2842 2799 2876 :
2833 2822 2927 2877 ubi
2960 2838 3154 2876 rursus
3189 2820 3479 2888 inscriptio

1920 2914 2185 2967 victorem
2221 2928 2423 2967 corona
2466 2914 2785 2984 insignitum
2821 2913 3082 2984 praedicat
3120 2930 3133 2964 :
3169 2927 3361 2964 rursus
3388 2925 3481 2963 co-

1922 3005 2109 3057 lnmna
2132 3011 2367 3058 testatur
2399 3020 2562 3074 supra
2586 3006 2878 3075 humanam
2928 3004 3243 3056 facultatem
3288 3002 3481 3070 hujus-

1923 3094 2068 3147 modi
2091 3095 2376 3149 victoriam
2406 3110 2546 3151 esse.
2567 3096 2656 3148 Ait
2681 3097 2825 3149 enim
2863 3115 2874 3149 :
2909 3115 2927 3147 ι
2967 3094 3024 3148 In
3058 3097 3239 3157 linem,
3272 3110 3338 3147 ne
3370 3094 3483 3147 dis-

130 5058 134 5063 ι
242 5021 517 5093 δειχθείη
560 5023 659 5093 τῆς
699 5022 792 5077 τοῦ
836 5023 999 5077 Δαϐὶδ
1034 5024 1431 5095 μακροθυμίας,
1486 5028 1608 5098 ἥτις
1653 5029 1844 5100 αὐτὴν,

252 3209 276 3242 ι
330 3189 407 3261 μὴ
436 3188 769 3262 διαφθείρῃς.
808 3208 828 3241 ι
864 3190 1090 3260 Εἴρηται
1122 3191 1400 3257 πολλάκις,
1430 3194 1510 3246 ὅτι
1540 3194 1663 3265 νίκη
1708 3194 1820 3247 ἐστὶ

1939 3188 2200 3256 perdas“.
2224 3206 2242 3239 ι
2284 3189 2438 3259 Stepe
2474 3189 2677 3242 dictum
2716 3196 2819 3252 est,
2855 3208 2872 3239 ι
2906 3189 3026 3244 ﬁnis
3060 3208 3078 3241 ι
3122 3186 3483 3257 signiﬁcatum

246 3282 351 3335 τοῦ
389 3280 576 3344 τέλους
616 3280 676 3333 τὸ
711 3280 1125 3351 σημαινόμενον,
1172 3285 1267 3338 καὶ
1311 3285 1462 3338 οὐδὲν
1509 3288 1616 3357 χρὴ
1664 3286 1821 3340 πάλιν

1939 3295 2045 3335 asse
2078 3280 2398 3345 victoriam;
2433 3296 2609 3351 neque
2636 3296 2772 3352 opus
2800 3289 2883 3336 est
2909 3281 3088 3336 denuo
3113 3280 3390 3349 explicare
3430 3278 3484 3330 id

248 3372 653 3445 ὲφερμηνεύειν
680 3371 759 3443 τῷ
795 3373 937 3445 λόγῳ
974 3374 1034 3427 τὸ
1061 3375 1416 3445 ἐγνωσμένον.
1457 3378 1529 3430 Τὸ
1558 3378 1636 3441 δὲ,
1676 3396 1695 3429 ι
1734 3379 1824 3449 Μὴ

1939 3374 2070 3443 μιοά
2116 3375 2228 3444 jam
2276 3375 2464 3445 liquet.
2520 3375 2655 3429 lllud
2708 3388 2876 3440 vero,
2919 3394 2935 3424 ι
2973 3372 3050 3428 Ne
3096 3370 3407 3443 disperdas,
3467 3396 3487 3427 ι

246 3467 600 3539 διαφθείρῃς,
636 3486 654 3518 ›
685 3469 718 3537 ἡ
747 3466 1123 3539 φιλάνθρωπος
1150 3467 1286 3540 αὕτη
1329 3469 1499 3540 φωνὴ,
1526 3470 1620 3523 καὶ
1648 3472 1826 3525 πᾶσαν

1939 3466 2104 3519 amica
2137 3467 2227 3519 illa
2259 3466 2578 3537 etjucunda
2610 3482 2715 3519 vox
2748 3475 2852 3527 est,
2908 3481 3123 3520 onmem
3162 3460 3490 3533 longanimi-

252 3556 641 3628 μακροθυμίας
673 3556 976 3628 ὑπερϐολὴν
1020 3558 1313 3628 παριοῦσα,
1358 3560 1597 3630 μείζονος
1648 3562 1829 3614 ἐπιϐέ-

1939 3562 2055 3613 tatis
2102 3568 2155 3614 et
2217 3560 2491 3629 patientiae
2544 3559 2927 3614 excellentiam
2985 3571 3356 3628 supergressa,
3402 3555 3491 3607 cui

250 3648 431 3718 ϐηκεν
458 3649 514 3702 ὲν
541 3648 619 3719 τῷ
643 3648 789 3714 τόπῳ
819 3648 991 3720 τούτῳ
1033 3650 1130 3721 τῆς
1174 3650 1427 3714 διανοίας.
1460 3653 1555 3716 Τίς
1586 3652 1694 3724 γάρ
1731 3655 1831 3707 οὐκ

1939 3652 2106 3721 major
2137 3652 2387 3722 quaedam
2413 3661 2467 3707 et
2500 3652 2811 3720 prteclarior
2834 3652 2938 3705 hoc
2971 3651 3023 3704 in
3051 3652 3170 3704 loco
3194 3648 3489 3717 subjicitur

249 3735 437 3803 οἶδεν,
502 3738 583 3791 ὃτι
648 3740 933 3811 πρόχειρος
994 3742 1089 3811 μὲν
1137 3742 1216 3805 είς
1268 3742 1510 3798 εὐποιίαν
1569 3745 1685 3797 ἐστὶ
1739 3746 1831 3799 καὶ

1939 3746 2104 3800 notio.
2126 3744 2259 3811 Quis
2278 3746 2419 3799 enim
2452 3743 2999 3814 ignoratquemlibet,
3027 3742 3191 3796 etiam
3221 3756 3285 3795 ex
3306 3739 3491 3807 vulgo.

251 3830 370 3884 τῶν
406 3830 770 3901 ἐπιτυχόντων
799 3831 1024 3895 ἕκαστος
1069 3832 1160 3885 ἐπὶ
1203 3834 1311 3886 τῶν
1338 3834 1603 3906 μηδεμίαν
1644 3853 1831 3907 προεν-

1939 3851 2162 3907 pronum
2189 3850 2311 3892 esse
2334 3835 2401 3889 ad
2429 3834 2691 3891 beneﬁcia
2719 3834 3049 3889 conferenda
3072 3833 3201 3895 illis,
3232 3846 3261 3884 a
3294 3831 3497 3901 quibus

248 3924 595 3994 δειξαμένων
632 3924 865 3977 κακίαν·
907 3924 1166 3989 πολλάκις
1213 3926 1267 3978 δὲ
1310 3928 1402 3980 καὶ
1452 3932 1651 3997 μικρᾶς
1690 3946 1831 3993 τινος

1939 3930 2073 3984 nihil
2119 3929 2435 3984 uocumenti
2494 3929 2740 3997 accepit;
2798 3942 2940 3995 saepe
2995 3940 3126 3980 vero
3156 3924 3242 3978 vel
3297 3923 3495 3991 exigua

250 4016 447 4085 λύπης
497 4015 1030 4087 προσγεγενημένης,
1088 4019 1116 4070 ὁ
1170 4018 1265 4087 μὲν
1318 4019 1831 4091 μεγαλοψυχότερος,

1939 4022 2236 4077 oll'cnsionc
2283 4028 2338 4076 et
2394 4020 2642 4074 molestia
2668 4018 3007 4087 interposita,
3054 4018 3102 4071 is
3139 4013 3358 4086 quidem
3396 4014 3493 4083 qui

248 4108 471 4178 ἦνεγκε
519 4106 617 4177 τὴν
668 4106 762 4159 ἐπὶ
815 4108 927 4169 τοῖς
979 4111 1192 4178 μικροῖς
1250 4110 1459 4180 ἀηδίαν,
1512 4114 1606 4164 καὶ
1658 4114 1715 4164 ὲν
1760 4112 1831 4182 τῷ

1939 4115 2121 4169 animo
2147 4112 2491 4167 constantior
2516 4119 2620 4176 est,
2650 4110 2925 4165 moderate
2960 4107 3064 4163 fert
3098 4107 3351 4176 exiguam
3392 4104 3497 4157 ali-

250 4198 447 4270 καιρῷ
475 4198 574 4268 τῆς
600 4198 842 4261 εὐποιίας
868 4198 967 4253 ούκ
999 4200 1289 4273 ἀπετράπη
1315 4202 1470 4256 τοῦτο
1495 4203 1715 4274 ποιῆσαι
1741 4222 1831 4258 κα-

1939 4223 2101 4277 quam
2142 4206 2468 4267 molestiam,
2497 4211 2550 4259 et
2577 4214 2819 4273 tempore
2855 4199 3231 4257 benefaciendi
3272 4196 3503 4251 minime

247 4292 399 4356 λῶς,
440 4290 532 4343 τὸν
564 4289 657 4343 ἐπὶ
689 4289 928 4362 μετρίοις
967 4291 1311 4364 λυπήσανταο
1357 4296 1385 4347 6
1432 4294 1486 4348 δὲ
1535 4299 1831 4368 μικροφυὴς

1943 4297 2281 4359 intermittit,
2306 4312 2414 4366 quo
2448 4296 2629 4351 minus
2656 4295 2926 4365 benignus
2961 4293 3032 4347 sit
3062 4292 3115 4345 in
3143 4306 3291 4355 eum,
3338 4304 3367 4341 a
3392 4302 3511 4358 quo

246 4383 368 4455 τὴν
394 4382 654 4445 διάνοιαν,
691 4381 797 4435 κᾶν
836 4381 1007 4453 βραχύ
1034 4401 1086 4437 τι
1124 4384 1185 4437 τὸ
1212 4384 1509 4457 παροξύνον
1536 4386 1690 4458 τύχῃ,
1734 4392 1831 4442 πᾶ-

1943 4386 2192 4443 nonnihil
2220 4385 2479 4440 molestia:
2510 4384 2723 4453 accepit
2762 4402 2776 4437 :
2810 4392 2864 4437 at
2897 4384 2992 4452 qui
3029 4383 3211 4435 animo
3244 4391 3327 4434 est
3356 4378 3505 4445 abie-

249 4489 374 4529 σαν
412 4472 709 4543 ἐπαφίησιν
733 4472 879 4545 αὐτῷ
922 4474 1018 4545 τὴν
1045 4475 1345 4548 ἀμυντικὴν
1375 4477 1621 4549 δύναμιν,
1652 4480 1831 4552 καιροῐ

1944 4489 2031 4534 cto
2062 4487 2114 4535 et
2137 4478 2352 4544 humili,
2381 4477 2509 4531 licet
2538 4476 2835 4540 modicum,
2884 4474 3031 4545 quod
3067 4474 3267 4535 irritat,
3313 4470 3502 4533 fuerit,

244 4582 419 4627 τινος
456 4566 535 4628 είς
564 4564 883 4618 κακοποιίαν
918 4565 1230 4635 λαϐόμενος.
1265 4568 1473 4623 Ούκοῢν
1504 4570 1602 4623 ούκ
1642 4571 1752 4624 ίσον
1782 4572 1831 4625 τί

1946 4583 2136 4625 omnes
2164 4567 2332 4621 furori
2366 4568 2433 4621 ad
2464 4564 2834 4621 ulciscendum
2871 4565 3110 4619 habenas
3139 4565 3303 4624 laxat,
3328 4562 3507 4615 oblata

246 4655 484 4726 Θαῦμα,
514 4654 618 4708 κᾶν
644 4656 827 4726 ὅμοιον
870 4656 930 4709 τὸ
954 4657 1297 4729 εὐεργέτημα
1323 4657 1480 4733 τύχῃ,
1525 4661 1615 4713 ἐπί
1650 4679 1709 4714 τε
1750 4663 1831 4716 τοῐ

1951 4661 2075 4715 mali
2106 4659 2435 4729 rependendi
2462 4657 2883 4731 opportunitate.
2900 4654 3171 4722 Quocirca
3195 4669 3301 4707 non
3327 4667 3480 4720 aequa
3497 4678 3509 4689 -

250 4747 450 4819 μηδὲν
498 4746 931 4817 προπεπονθότος
961 4748 1149 4814 κακὸν,
1192 4749 1286 4803 καὶ
1316 4750 1407 4803 ἐπὶ
1433 4750 1525 4803 τοῦ
1580 4753 1831 4818 εὐποιίαις

1948 4753 2018 4807 lis
2049 4750 2362 4814 admiratio,
2407 4765 2583 4819 neque
2618 4764 2712 4818 per
2750 4748 3095 4803 benefactum
3140 4744 3507 4814 reputabitur,

244 4838 652 4911 ἀμειψαμένου
697 4839 788 4893 τὸν
828 4838 1267 4911 προλυπήσαντα.
1303 4841 1503 4895 Τούτου
1542 4844 1720 4914 χάριν,
1770 4845 1831 4908 ὡς

1950 4852 2200 4914 respectu
2231 4843 2350 4913 ejus
2380 4842 2473 4911 qui
2502 4840 2637 4895 nihil
2661 4840 2857 4895 hostile
2878 4847 3035 4893 antea
3051 4852 3269 4907 passus,
3290 4845 3343 4890 et
3361 4850 3510 4887 conv

244 4930 333 4986 ἂν
394 4931 629 5001 μάλιστα
674 4931 736 4984 τὸ
780 4930 1122 5001 ἀπαράθετόν
1171 4950 1230 4985 τε
1271 4936 1365 4987 καὶ
1412 4934 1684 5005 ἀζήλωτον
1726 4938 1817 4989 ἐπι

1950 4937 2234 5007 paratione
2258 4933 2378 5004 ejus
2408 4933 2502 5003 qui
2535 4934 2674 4986 male
2702 4932 2769 4986 de
2807 4947 2865 4985 se
2910 4932 3163 4985 meritum
3209 4925 3512 4982 benefactis

1951 5033 2287 5081 remunerat.
2322 5023 2499 5093 Hujus
2546 5023 2739 5093 gratia,
2772 5032 2830 5076 ut
2890 5023 3125 5075 maxime
3172 5021 3513 5085 incompara-

1950 5119 2113 5174 bilem
2142 5125 2195 5173 et
2234 5116 2616 5171 inimitabilem
2651 5114 2872 5169 Davidis
2909 5111 3232 5183 patientiam
3260 5117 3313 5164 et
3346 5108 3514 5161 animi

1952 5210 2382 5266 moderationem
2409 5208 2680 5271 ostendat,
2742 5221 2861 5277 quae
2913 5220 3103 5274 parum
3153 5203 3327 5263 abest,
3382 5200 3517 5268 quin

1954 5308 2133 5377 ipsum
2169 5304 2365 5359 divinae
2412 5310 2643 5364 naturm,
2695 5298 2874 5353 omnis
2918 5295 3192 5365 passionis
3242 5302 3516 5360 expertem

1955 5406 2154 5453 statum
2198 5397 2475 5461 imitetur,
2503 5394 2573 5447 ob
2597 5392 2787 5447 oculos
2832 5390 2984 5458 ponit
3025 5384 3325 5454 improbam
3367 5383 3518 5433 illam

1965 5492 2150 5547 Saulis
2197 5489 2468 5545 insaniam
2486 5488 2525 5518 ιλ
2564 5529 2577 5540 .
2612 5486 2763 5539 Dicta
2790 5490 2875 5537 cst
2905 5480 3073 5543 enim,
3099 5476 3297 5543 inquit,
3349 5489 3378 5525 a
3414 5471 3520 5522 Da-

1960 5582 2089 5638 vide
2135 5580 2225 5633 illa
2274 5595 2378 5633 vox
2418 5574 2583 5632 :(Nc
2629 5572 2945 5642 disperdas;
2975 5589 2992 5620 ι
3038 5580 3197 5636 quam
3244 5561 3525 5617 memoria:

1960 5672 2302 5747 posteritatis
2333 5666 2648 5736 insculpsit,
2711 5678 2821 5717 non
2850 5658 3069 5731 quando
3114 5672 3236 5711 eum
3283 5656 3520 5713 benevo-

1960 5745 2131 5825 lentia
2171 5761 2607 5835 prosequebatur
2660 5764 2951 5827 tyrannus,
2999 5751 3091 5807 sed
3141 5749 3356 5805 sublata
3410 5745 3523 5813 jam

251 5115 485 5188 μικροῦ
532 5114 661 5179 δεῖν,
714 5118 957 5185 μιμεῖται
1001 5116 1099 5187 τῆς
1144 5115 1293 5181 θείας
1329 5118 1543 5185 φύσεως
1578 5120 1675 5184 τὴν
1705 5122 1850 5175 ἀπά-

249 5209 457 5272 θειαν,
495 5205 821 5276 παρατίθησι
843 5206 939 5277 τὴν
991 5208 1230 5279 πονηρὰν
1272 5210 1489 5280 ἐκείνην
1540 5209 1633 5263 τοῦ
1682 5212 1851 5266 Σαοὺλ

254 5298 511 5373 μανίαν.
544 5299 771 5370 Είρηται
800 5300 930 5371 γὰρ,
971 5300 1156 5369 φησιν,
1188 5301 1267 5373 τῷ
1312 5303 1476 5355 Δαϐὶδ
1507 5306 1539 5375 ἡ
1569 5305 1662 5358 τοῦ
1708 5326 1725 5357 ι
1759 5309 1847 5377 Μὴ

245 5390 605 5461 διαφθείρῃς
638 5410 657 5442 ι
696 5391 865 5463 φωνὴ,
898 5392 965 5463 ἢν
1000 5395 1065 5464 τῇ
1112 5395 1296 5466 μνήμῃ
1326 5395 1431 5448 τῶν
1458 5396 1853 5468 ἐπιγενομένων

246 5482 673 5555 ὲνστηλιτεύῃ,
719 5485 815 5555 οὐχ
868 5484 955 5537 ὅτε
996 5485 1221 5554 φιλικῶς
1257 5486 1391 5557 πρὸς
1440 5487 1600 5541 αὐτὸν
1641 5485 1782 5559 εἶχεν
1824 5491 1852 5542 ὁ

244 5578 549 5648 τύραννος
571 5614 585 5638 ,
635 5575 748 5628 ἀλλ’
776 5576 877 5647 ήδη
924 5578 1301 5649 γεγενημένων
1349 5580 1590 5647 ἐκείνων,
1637 5584 1725 5634 ὅτε
1751 5585 1855 5636 ἀπ-

246 5669 527 5727 έστειλεν
556 5668 728 5722 Σαοὺλ
755 5670 835 5731 εἰς
885 5670 975 5723 τὸν
1003 5668 1148 5723 οἷκον
1198 5671 1359 5725 αὐτοῦ
1409 5673 1501 5726 τοῦ
1552 5674 1853 5730 θανατῶσαι

246 5759 476 5818 αὐτόν.
496 5759 719 5824 Πάντως
745 5760 800 5814 δὲ
828 5760 926 5815 οὐκ
944 5763 1176 5830 ἀγνοεῖς,
1208 5766 1236 5816 6
1264 5764 1583 5836 φιλομαθὴς,
1611 5769 1672 5820 τὸ
1690 5768 1852 5839 μέρος

408 5940 453 5974 ⁸⁸
474 5938 619 5997 Psal.
663 5957 816 6009 LVIII,
861 5942 945 5997 ll.
1014 5941 1059 5973 “
1090 5941 1107 5995 Ι
1134 5940 1258 6011 Reg.
1291 5957 1400 6008 xix,
1439 5943 1525 5998 11.
