  <div class='ocr_page' id='page_1' title='image "/cluster/home/n/w/nwhite01/storage/ocr_20150623/44/hvd.32044012542270/309.png"; bbox 0 0 4044 6550; ppageno 0'>
   <div class='ocr_carea' id='block_1_1' title="bbox 509 483 3749 552">
    <p class='ocr_par' dir='ltr' id='par_1_1' title="bbox 509 483 3749 552">
     <span class='ocr_line' id='line_1_1' title="bbox 509 483 3749 552; baseline 0 -12"><span class='ocrx_word' id='word_1_1' title='bbox 509 485 614 541; x_wconf 83' lang='lat'><strong>599</strong></span> <span class='ocrx_word' id='word_1_2' title='bbox 1769 490 1825 547; x_wconf 90' lang='lat' dir='ltr'><strong>S.</strong></span> <span class='ocrx_word' id='word_1_3' title='bbox 1869 490 2191 552; x_wconf 68' lang='lat' dir='ltr'><strong>GllEGORll</strong></span> <span class='ocrx_word' id='word_1_4' title='bbox 2227 488 2520 548; x_wconf 72' lang='lat' dir='ltr'><strong>NYSSENI</strong></span> <span class='ocrx_word' id='word_1_5' title='bbox 3639 483 3749 540; x_wconf 80' lang='lat'><strong>600</strong></span> 
     </span>
    </p>
   </div>
   <div class='ocr_carea' id='block_1_2' title="bbox 507 600 2096 680">
    <p class='ocr_par' dir='ltr' id='par_1_2' title="bbox 507 600 2068 671">
     <span class='ocr_line' id='line_1_2' title="bbox 507 600 2068 671; baseline 0.001 -14"><span class='ocrx_word' id='word_1_6' title='bbox 507 601 659 657; x_wconf 88' lang='lat' dir='ltr'><strong>omni</strong></span> <span class='ocrx_word' id='word_1_7' title='bbox 709 600 971 663; x_wconf 86' lang='lat' dir='ltr'><strong>amicitia.</strong></span> <span class='ocrx_word' id='word_1_8' title='bbox 1024 609 1308 671; x_wconf 76' lang='lat' dir='ltr'><strong>postquam</strong></span> <span class='ocrx_word' id='word_1_9' title='bbox 1371 606 1515 660; x_wconf 87' lang='lat' dir='ltr'><strong>misit</strong></span> <span class='ocrx_word' id='word_1_10' title='bbox 1573 605 1702 660; x_wconf 88' lang='lat' dir='ltr'><strong>Saul</strong></span> <span class='ocrx_word' id='word_1_11' title='bbox 1742 607 1798 663; x_wconf 90' lang='lat' dir='ltr'><strong>in</strong></span> <span class='ocrx_word' id='word_1_12' title='bbox 1848 607 2068 662; x_wconf 85' lang='lat' dir='ltr'><strong>domum</strong></span> 
     </span>
    </p>
   </div>
   <div class='ocr_carea' id='block_1_3' title="bbox 2196 600 3744 680">
    <p class='ocr_par' dir='ltr' id='par_1_3' title="bbox 2196 603 3744 680">
     <span class='ocr_line' id='line_1_3' title="bbox 2196 603 3744 680; baseline -0.003 -18"><span class='ocrx_word' id='word_1_13' title='bbox 2196 608 2270 680; x_wconf 73' lang='grc' dir='ltr'><strong>τῆς</strong></span> <span class='ocrx_word' id='word_1_14' title='bbox 2315 607 2574 680; x_wconf 83' lang='grc' dir='ltr'><strong>ἱστορίας,</strong></span> <span class='ocrx_word' id='word_1_15' title='bbox 2607 605 2668 659; x_wconf 83' lang='grc' dir='ltr'><strong>τὸ</strong></span> <span class='ocrx_word' id='word_1_16' title='bbox 2693 605 2798 658; x_wconf 82' lang='grc' dir='ltr'><strong>ὑπὸ</strong></span> <span class='ocrx_word' id='word_1_17' title='bbox 2828 604 2926 676; x_wconf 83' lang='grc' dir='ltr'><strong>τῆς</strong></span> <span class='ocrx_word' id='word_1_18' title='bbox 2959 603 3270 677; x_wconf 72' lang='grc' dir='ltr'><strong>ἐπιγραφῆς</strong></span> <span class='ocrx_word' id='word_1_19' title='bbox 3319 603 3744 676; x_wconf 75' lang='grc' dir='ltr'><strong>σημαινόμενονο</strong></span> 
     </span>
    </p>
   </div>
   <div class='ocr_carea' id='block_1_4' title="bbox 507 691 2069 767">
    <p class='ocr_par' dir='ltr' id='par_1_4' title="bbox 507 691 2069 767">
     <span class='ocr_line' id='line_1_4' title="bbox 507 691 2069 767; baseline 0.003 -20"><span class='ocrx_word' id='word_1_20' title='bbox 507 695 650 761; x_wconf 81' lang='lat' dir='ltr'><strong>ejus,</strong></span> <span class='ocrx_word' id='word_1_21' title='bbox 685 699 745 746; x_wconf 92' lang='lat' dir='ltr'><strong>ut</strong></span> <span class='ocrx_word' id='word_1_22' title='bbox 779 691 1196 747; x_wconf 81' lang='lat' dir='ltr'><strong>interficeretur.</strong></span> <span class='ocrx_word' id='word_1_23' title='bbox 1252 693 1487 750; x_wconf 86' lang='lat' dir='ltr'><strong>Omnino</strong></span> <span class='ocrx_word' id='word_1_24' title='bbox 1526 705 1709 752; x_wconf 88' lang='lat' dir='ltr'><strong>autem</strong></span> <span class='ocrx_word' id='word_1_25' title='bbox 1740 695 1925 767; x_wconf 80' lang='lat' dir='ltr'><strong>ignota</strong></span> <span class='ocrx_word' id='word_1_26' title='bbox 1974 696 2069 752; x_wconf 87' lang='lat' dir='ltr'><strong>tibi</strong></span> 
     </span>
    </p>
   </div>
   <div class='ocr_carea' id='block_1_5' title="bbox 512 784 2072 860">
    <p class='ocr_par' dir='ltr' id='par_1_5' title="bbox 512 784 2072 860">
     <span class='ocr_line' id='line_1_5' title="bbox 512 784 2072 860; baseline 0.003 -23"><span class='ocrx_word' id='word_1_27' title='bbox 512 799 618 839; x_wconf 90' lang='lat' dir='ltr'><strong>non</strong></span> <span class='ocrx_word' id='word_1_28' title='bbox 650 793 757 847; x_wconf 87' lang='lat' dir='ltr'><strong>est,</strong></span> <span class='ocrx_word' id='word_1_29' title='bbox 786 784 1037 854; x_wconf 88' lang='lat' dir='ltr'><strong>quisquis</strong></span> <span class='ocrx_word' id='word_1_30' title='bbox 1085 785 1330 841; x_wconf 82' lang='lat' dir='ltr'><strong>discendi</strong></span> <span class='ocrx_word' id='word_1_31' title='bbox 1383 789 1620 860; x_wconf 90' lang='lat' dir='ltr'><strong>cupidus</strong></span> <span class='ocrx_word' id='word_1_32' title='bbox 1672 806 1752 853; x_wconf 78' lang='lat' dir='ltr'><strong>es,</strong></span> <span class='ocrx_word' id='word_1_33' title='bbox 1802 805 1931 860; x_wconf 89' lang='lat' dir='ltr'><strong>pars</strong></span> <span class='ocrx_word' id='word_1_34' title='bbox 1981 789 2072 852; x_wconf 85' lang='lat' dir='ltr'><strong>illa</strong></span> 
     </span>
    </p>
   </div>
   <div class='ocr_carea' id='block_1_6' title="bbox 510 877 2074 954">
    <p class='ocr_par' dir='ltr' id='par_1_6' title="bbox 510 877 2074 954">
     <span class='ocr_line' id='line_1_6' title="bbox 510 877 2074 954; baseline 0.004 -24"><span class='ocrx_word' id='word_1_35' title='bbox 510 877 774 935; x_wconf 66' lang='lat' dir='ltr'><strong>historiae.</strong></span> <span class='ocrx_word' id='word_1_36' title='bbox 807 892 926 946; x_wconf 70' lang='lat' dir='ltr'><strong>qua:</strong></span> <span class='ocrx_word' id='word_1_37' title='bbox 955 879 1024 932; x_wconf 91' lang='lat' dir='ltr'><strong>ab</strong></span> <span class='ocrx_word' id='word_1_38' title='bbox 1058 877 1415 950; x_wconf 90' lang='lat' dir='ltr'><strong>inscriptione</strong></span> <span class='ocrx_word' id='word_1_39' title='bbox 1442 883 1777 954; x_wconf 79' lang='lat' dir='ltr'><strong>insinuatur,</strong></span> <span class='ocrx_word' id='word_1_40' title='bbox 1800 883 2074 954; x_wconf 90' lang='lat' dir='ltr'><strong>quomodo</strong></span> 
     </span>
    </p>
   </div>
   <div class='ocr_carea' id='block_1_7' title="bbox 514 970 2075 1046">
    <p class='ocr_par' dir='ltr' id='par_1_7' title="bbox 514 970 2075 1046">
     <span class='ocr_line' id='line_1_7' title="bbox 514 970 2075 1046; baseline 0.002 -22"><span class='ocrx_word' id='word_1_41' title='bbox 514 976 801 1041; x_wconf 84' lang='lat' dir='ltr'><strong>postquam</strong></span> <span class='ocrx_word' id='word_1_42' title='bbox 855 970 987 1025; x_wconf 88' lang='lat' dir='ltr'><strong>Saul</strong></span> <span class='ocrx_word' id='word_1_43' title='bbox 1042 987 1072 1024; x_wconf 88' lang='lat' dir='ltr'><strong>a</strong></span> <span class='ocrx_word' id='word_1_44' title='bbox 1109 973 1251 1027; x_wconf 91' lang='lat' dir='ltr'><strong>malo</strong></span> <span class='ocrx_word' id='word_1_45' title='bbox 1287 973 1486 1046; x_wconf 87' lang='lat' dir='ltr'><strong>spiritu</strong></span> <span class='ocrx_word' id='word_1_46' title='bbox 1548 983 1821 1046; x_wconf 87' lang='lat' dir='ltr'><strong>arreptus,</strong></span> <span class='ocrx_word' id='word_1_47' title='bbox 1871 973 2075 1032; x_wconf 84' lang='lat' dir='ltr'><strong>Davide</strong></span> 
     </span>
    </p>
   </div>
   <div class='ocr_carea' id='block_1_8' title="bbox 510 1058 2073 1130">
    <p class='ocr_par' dir='ltr' id='par_1_8' title="bbox 510 1058 2073 1130">
     <span class='ocr_line' id='line_1_8' title="bbox 510 1058 2073 1130; baseline 0.001 -15"><span class='ocrx_word' id='word_1_48' title='bbox 510 1061 757 1117; x_wconf 88' lang='lat' dir='ltr'><strong>Psalterii</strong></span> <span class='ocrx_word' id='word_1_49' title='bbox 794 1071 961 1117; x_wconf 87' lang='lat' dir='ltr'><strong>cantu</strong></span> <span class='ocrx_word' id='word_1_50' title='bbox 997 1063 1365 1120; x_wconf 85' lang='lat' dir='ltr'><strong>turbationem</strong></span> <span class='ocrx_word' id='word_1_51' title='bbox 1421 1081 1487 1127; x_wconf 81' lang='lat' dir='ltr'><strong>ex</strong></span> <span class='ocrx_word' id='word_1_52' title='bbox 1526 1065 1724 1126; x_wconf 81' lang='lat' dir='ltr'><strong>affectu</strong></span> <span class='ocrx_word' id='word_1_53' title='bbox 1757 1065 1850 1124; x_wconf 87' lang='lat' dir='ltr'><strong>illo</strong></span> <span class='ocrx_word' id='word_1_54' title='bbox 1872 1058 2073 1130; x_wconf 86' lang='lat' dir='ltr'><strong>ortaui,</strong></span> 
     </span>
    </p>
   </div>
   <div class='ocr_carea' id='block_1_9' title="bbox 509 1141 2072 1229">
    <p class='ocr_par' dir='ltr' id='par_1_9' title="bbox 509 1141 2072 1229">
     <span class='ocr_line' id='line_1_9' title="bbox 509 1141 2072 1229; baseline 0.002 -21"><span class='ocrx_word' id='word_1_55' title='bbox 509 1154 756 1219; x_wconf 86' lang='lat' dir='ltr'><strong>scdante,</strong></span> <span class='ocrx_word' id='word_1_56' title='bbox 791 1156 1034 1212; x_wconf 85' lang='lat' dir='ltr'><strong>lanceam</strong></span> <span class='ocrx_word' id='word_1_57' title='bbox 1063 1141 1223 1228; x_wconf 64' lang='lat' dir='ltr'><strong>juita</strong></span> <span class='ocrx_word' id='word_1_58' title='bbox 1256 1173 1316 1213; x_wconf 89' lang='lat' dir='ltr'><strong>se</strong></span> <span class='ocrx_word' id='word_1_59' title='bbox 1349 1157 1488 1211; x_wconf 89' lang='lat' dir='ltr'><strong>forte</strong></span> <span class='ocrx_word' id='word_1_60' title='bbox 1520 1157 1779 1229; x_wconf 84' lang='lat' dir='ltr'><strong>positam,</strong></span> <span class='ocrx_word' id='word_1_61' title='bbox 1811 1158 1868 1212; x_wconf 89' lang='lat' dir='ltr'><strong>in</strong></span> <span class='ocrx_word' id='word_1_62' title='bbox 1904 1157 2072 1212; x_wconf 80' lang='lat' dir='ltr'><strong>bene-</strong></span> 
     </span>
    </p>
   </div>
   <div class='ocr_carea' id='block_1_10' title="bbox 509 1241 2074 1318">
    <p class='ocr_par' dir='ltr' id='par_1_10' title="bbox 509 1241 2074 1318">
     <span class='ocr_line' id='line_1_10' title="bbox 509 1241 2074 1318; baseline 0.001 -21"><span class='ocrx_word' id='word_1_63' title='bbox 509 1241 775 1299; x_wconf 89' lang='lat' dir='ltr'><strong>factorem</strong></span> <span class='ocrx_word' id='word_1_64' title='bbox 809 1260 967 1300; x_wconf 91' lang='lat' dir='ltr'><strong>suum</strong></span> <span class='ocrx_word' id='word_1_65' title='bbox 1004 1247 1253 1314; x_wconf 87' lang='lat' dir='ltr'><strong>vibrarit,</strong></span> <span class='ocrx_word' id='word_1_66' title='bbox 1290 1247 1496 1302; x_wconf 87' lang='lat' dir='ltr'><strong>directa</strong></span> <span class='ocrx_word' id='word_1_67' title='bbox 1541 1247 1595 1301; x_wconf 92' lang='lat' dir='ltr'><strong>in</strong></span> <span class='ocrx_word' id='word_1_68' title='bbox 1627 1248 1780 1308; x_wconf 88' lang='lat' dir='ltr'><strong>illum</strong></span> <span class='ocrx_word' id='word_1_69' title='bbox 1822 1245 2074 1318; x_wconf 84' lang='lat' dir='ltr'><strong>cuspide,</strong></span> 
     </span>
    </p>
   </div>
   <div class='ocr_carea' id='block_1_11' title="bbox 511 1332 2120 1410">
    <p class='ocr_par' dir='ltr' id='par_1_11' title="bbox 511 1332 2120 1410">
     <span class='ocr_line' id='line_1_11' title="bbox 511 1332 2120 1410; baseline 0.002 -22"><span class='ocrx_word' id='word_1_70' title='bbox 511 1350 634 1390; x_wconf 89' lang='lat' dir='ltr'><strong>cum</strong></span> <span class='ocrx_word' id='word_1_71' title='bbox 661 1337 750 1392; x_wconf 93' lang='lat' dir='ltr'><strong>ille</strong></span> <span class='ocrx_word' id='word_1_72' title='bbox 780 1350 959 1392; x_wconf 79' lang='lat' dir='ltr'><strong>autem</strong></span> <span class='ocrx_word' id='word_1_73' title='bbox 1009 1339 1193 1393; x_wconf 87' lang='lat' dir='ltr'><strong>divina</strong></span> <span class='ocrx_word' id='word_1_74' title='bbox 1234 1355 1335 1410; x_wconf 90' lang='lat' dir='ltr'><strong>ope</strong></span> <span class='ocrx_word' id='word_1_75' title='bbox 1380 1347 1637 1394; x_wconf 86' lang='lat' dir='ltr'><strong>conatum</strong></span> <span class='ocrx_word' id='word_1_76' title='bbox 1687 1339 1838 1396; x_wconf 91' lang='lat' dir='ltr'><strong>illum</strong></span> <span class='ocrx_word' id='word_1_77' title='bbox 1878 1340 2079 1395; x_wconf 88' lang='lat' dir='ltr'><strong>evitas-</strong></span> <span class='ocrx_word' id='word_1_78' title='bbox 2117 1332 2120 1334; x_wconf 51' lang='grc'>⁷</span> 
     </span>
    </p>
   </div>
   <div class='ocr_carea' id='block_1_12' title="bbox 513 1429 2080 1502">
    <p class='ocr_par' dir='ltr' id='par_1_12' title="bbox 513 1429 2080 1502">
     <span class='ocr_line' id='line_1_12' title="bbox 513 1429 2080 1502; baseline 0.003 -21"><span class='ocrx_word' id='word_1_79' title='bbox 513 1434 614 1489; x_wconf 85' lang='lat' dir='ltr'><strong>set,</strong></span> <span class='ocrx_word' id='word_1_80' title='bbox 639 1429 908 1498; x_wconf 86' lang='lat' dir='ltr'><strong>profunde</strong></span> <span class='ocrx_word' id='word_1_81' title='bbox 965 1429 1017 1485; x_wconf 91' lang='lat' dir='ltr'><strong>in</strong></span> <span class='ocrx_word' id='word_1_82' title='bbox 1071 1447 1286 1488; x_wconf 89' lang='lat' dir='ltr'><strong>murum</strong></span> <span class='ocrx_word' id='word_1_83' title='bbox 1346 1431 1616 1502; x_wconf 83' lang='lat' dir='ltr'><strong>impactus</strong></span> <span class='ocrx_word' id='word_1_84' title='bbox 1673 1438 1757 1492; x_wconf 78' lang='lat' dir='ltr'><strong>est</strong></span> <span class='ocrx_word' id='word_1_85' title='bbox 1800 1429 2080 1490; x_wconf 81' lang='lat' dir='ltr'><strong>mucronis</strong></span> 
     </span>
    </p>
   </div>
   <div class='ocr_carea' id='block_1_13' title="bbox 520 1517 2081 1595">
    <p class='ocr_par' dir='ltr' id='par_1_13' title="bbox 520 1517 2081 1595">
     <span class='ocr_line' id='line_1_13' title="bbox 520 1517 2081 1595; baseline 0.003 -23"><span class='ocrx_word' id='word_1_86' title='bbox 520 1517 777 1589; x_wconf 86' lang='lat' dir='ltr'><strong>impetus,</strong></span> <span class='ocrx_word' id='word_1_87' title='bbox 799 1521 893 1576; x_wconf 93' lang='lat' dir='ltr'><strong>illo</strong></span> <span class='ocrx_word' id='word_1_88' title='bbox 932 1522 986 1576; x_wconf 90' lang='lat' dir='ltr'><strong>in</strong></span> <span class='ocrx_word' id='word_1_89' title='bbox 1013 1523 1261 1593; x_wconf 83' lang='lat' dir='ltr'><strong>proprias</strong></span> <span class='ocrx_word' id='word_1_90' title='bbox 1293 1521 1437 1578; x_wconf 63' lang='lat' dir='ltr'><strong>aedes</strong></span> <span class='ocrx_word' id='word_1_91' title='bbox 1463 1523 1806 1595; x_wconf 75' lang='lat' dir='ltr'><strong>dilfugiente.</strong></span> <span class='ocrx_word' id='word_1_92' title='bbox 1838 1538 1964 1576; x_wconf 89' lang='lat' dir='ltr'><strong>cum</strong></span> <span class='ocrx_word' id='word_1_93' title='bbox 1995 1537 2081 1577; x_wconf 88' lang='lat' dir='ltr'><strong>re-</strong></span> 
     </span>
    </p>
   </div>
   <div class='ocr_carea' id='block_1_14' title="bbox 516 1597 2076 1681">
    <p class='ocr_par' dir='ltr' id='par_1_14' title="bbox 516 1597 2076 1681">
     <span class='ocr_line' id='line_1_14' title="bbox 516 1597 2076 1681; baseline 0.002 -21"><span class='ocrx_word' id='word_1_94' title='bbox 516 1609 600 1678; x_wconf 76' lang='lat' dir='ltr'><strong>gis</strong></span> <span class='ocrx_word' id='word_1_95' title='bbox 630 1608 766 1662; x_wconf 91' lang='lat' dir='ltr'><strong>iram</strong></span> <span class='ocrx_word' id='word_1_96' title='bbox 797 1597 1072 1680; x_wconf 88' lang='lat' dir='ltr'><strong>sperasset</strong></span> <span class='ocrx_word' id='word_1_97' title='bbox 1087 1626 1183 1680; x_wconf 92' lang='lat' dir='ltr'><strong>per</strong></span> <span class='ocrx_word' id='word_1_98' title='bbox 1200 1611 1581 1681; x_wconf 58' lang='lat' dir='ltr'><strong>paenitentiam</strong></span> <span class='ocrx_word' id='word_1_99' title='bbox 1603 1611 1951 1666; x_wconf 90' lang='lat' dir='ltr'><strong>immutatum</strong></span> <span class='ocrx_word' id='word_1_100' title='bbox 1982 1611 2076 1664; x_wconf 92' lang='lat' dir='ltr'><strong>iri.</strong></span> 
     </span>
    </p>
   </div>
   <div class='ocr_carea' id='block_1_15' title="bbox 584 1696 2084 1774">
    <p class='ocr_par' dir='ltr' id='par_1_15' title="bbox 584 1696 2084 1774">
     <span class='ocr_line' id='line_1_15' title="bbox 584 1696 2084 1774; baseline 0.003 -20"><span class='ocrx_word' id='word_1_101' title='bbox 584 1696 654 1754; x_wconf 83' lang='lat' dir='ltr'><strong>At</strong></span> <span class='ocrx_word' id='word_1_102' title='bbox 695 1717 816 1756; x_wconf 91' lang='lat' dir='ltr'><strong>cum</strong></span> <span class='ocrx_word' id='word_1_103' title='bbox 846 1702 977 1756; x_wconf 87' lang='lat' dir='ltr'><strong>Saul</strong></span> <span class='ocrx_word' id='word_1_104' title='bbox 1006 1705 1245 1774; x_wconf 88' lang='lat' dir='ltr'><strong>undique</strong></span> <span class='ocrx_word' id='word_1_105' title='bbox 1273 1705 1494 1760; x_wconf 92' lang='lat' dir='ltr'><strong>domum</strong></span> <span class='ocrx_word' id='word_1_106' title='bbox 1533 1703 1752 1761; x_wconf 88' lang='lat' dir='ltr'><strong>Davidis</strong></span> <span class='ocrx_word' id='word_1_107' title='bbox 1779 1705 2084 1760; x_wconf 42' lang='lat' dir='ltr'><strong>circumde‘</strong></span> 
     </span>
    </p>
   </div>
   <div class='ocr_carea' id='block_1_16' title="bbox 515 1790 2083 1866">
    <p class='ocr_par' dir='ltr' id='par_1_16' title="bbox 515 1790 2083 1866">
     <span class='ocr_line' id='line_1_16' title="bbox 515 1790 2083 1866; baseline 0.006 -25"><span class='ocrx_word' id='word_1_108' title='bbox 515 1790 707 1854; x_wconf 84' lang='lat' dir='ltr'><strong>disset,</strong></span> <span class='ocrx_word' id='word_1_109' title='bbox 768 1793 1205 1864; x_wconf 88' lang='lat' dir='ltr'><strong>satellitibusque</strong></span> <span class='ocrx_word' id='word_1_110' title='bbox 1261 1802 1316 1849; x_wconf 82' lang='lat' dir='ltr'><strong>et</strong></span> <span class='ocrx_word' id='word_1_111' title='bbox 1371 1793 1658 1850; x_wconf 87' lang='lat' dir='ltr'><strong>lictoribus</strong></span> <span class='ocrx_word' id='word_1_112' title='bbox 1707 1794 1907 1850; x_wconf 58' lang='lat' dir='ltr'><strong>eadem</strong></span> <span class='ocrx_word' id='word_1_113' title='bbox 1961 1794 2083 1866; x_wconf 68' lang='lat' dir='ltr'><strong>ejus</strong></span> 
     </span>
    </p>
   </div>
   <div class='ocr_carea' id='block_1_17' title="bbox 517 1882 2082 1958">
    <p class='ocr_par' dir='ltr' id='par_1_17' title="bbox 517 1882 2082 1958">
     <span class='ocr_line' id='line_1_17' title="bbox 517 1882 2082 1958; baseline 0.004 -25"><span class='ocrx_word' id='word_1_114' title='bbox 517 1882 860 1951; x_wconf 85' lang='lat' dir='ltr'><strong>imperasset,</strong></span> <span class='ocrx_word' id='word_1_115' title='bbox 884 1886 972 1941; x_wconf 83' lang='lat' dir='ltr'><strong>vix</strong></span> <span class='ocrx_word' id='word_1_116' title='bbox 1010 1902 1106 1958; x_wconf 88' lang='lat' dir='ltr'><strong>per</strong></span> <span class='ocrx_word' id='word_1_117' title='bbox 1139 1886 1430 1944; x_wconf 82' lang='lat' dir='ltr'><strong>fenestram</strong></span> <span class='ocrx_word' id='word_1_118' title='bbox 1460 1887 1722 1958; x_wconf 86' lang='lat' dir='ltr'><strong>dejiciens</strong></span> <span class='ocrx_word' id='word_1_119' title='bbox 1755 1889 1995 1958; x_wconf 89' lang='lat' dir='ltr'><strong>seipsum</strong></span> <span class='ocrx_word' id='word_1_120' title='bbox 2027 1886 2082 1941; x_wconf 93' lang='lat' dir='ltr'><strong>in</strong></span> 
     </span>
    </p>
   </div>
   <div class='ocr_carea' id='block_1_18' title="bbox 517 1956 2157 2051">
    <p class='ocr_par' dir='ltr' id='par_1_18' title="bbox 517 1956 2157 2051">
     <span class='ocr_line' id='line_1_18' title="bbox 517 1956 2157 2051; baseline 0.004 -26"><span class='ocrx_word' id='word_1_121' title='bbox 517 1975 821 2046; x_wconf 81' lang='lat' dir='ltr'><strong>subjectum</strong></span> <span class='ocrx_word' id='word_1_122' title='bbox 853 1956 1054 2050; x_wconf 86' lang='lat' dir='ltr'><strong>locum,</strong></span> <span class='ocrx_word' id='word_1_123' title='bbox 1085 1980 1389 2051; x_wconf 83' lang='lat' dir='ltr'><strong>fallensque</strong></span> <span class='ocrx_word' id='word_1_124' title='bbox 1427 1956 1754 2047; x_wconf 82' lang='lat' dir='ltr'><strong>custodiam,</strong></span> <span class='ocrx_word' id='word_1_125' title='bbox 1776 1956 2082 2051; x_wconf 79' lang='lat' dir='ltr'><strong>periculum</strong></span> <span class='ocrx_word' id='word_1_126' title='bbox 2114 1956 2157 2014; x_wconf 76' lang='grc' dir='ltr'><strong>Β</strong></span> 
     </span>
    </p>
   </div>
   <div class='ocr_carea' id='block_1_19' title="bbox 517 2068 2082 2142">
    <p class='ocr_par' dir='ltr' id='par_1_19' title="bbox 517 2068 2082 2142">
     <span class='ocr_line' id='line_1_19' title="bbox 517 2068 2082 2142; baseline 0.001 -20"><span class='ocrx_word' id='word_1_127' title='bbox 517 2069 712 2133; x_wconf 86' lang='lat' dir='ltr'><strong>evasit,</strong></span> <span class='ocrx_word' id='word_1_128' title='bbox 763 2068 998 2140; x_wconf 87' lang='lat' dir='ltr'><strong>indeque</strong></span> <span class='ocrx_word' id='word_1_129' title='bbox 1043 2071 1324 2142; x_wconf 78' lang='lat' dir='ltr'><strong>digressus</strong></span> <span class='ocrx_word' id='word_1_130' title='bbox 1361 2071 1521 2127; x_wconf 92' lang='lat' dir='ltr'><strong>modo</strong></span> <span class='ocrx_word' id='word_1_131' title='bbox 1549 2073 1698 2128; x_wconf 88' lang='lat' dir='ltr'><strong>hunc</strong></span> <span class='ocrx_word' id='word_1_132' title='bbox 1728 2072 1888 2127; x_wconf 91' lang='lat' dir='ltr'><strong>modo</strong></span> <span class='ocrx_word' id='word_1_133' title='bbox 1931 2071 2082 2126; x_wconf 88' lang='lat' dir='ltr'><strong>illum</strong></span> 
     </span>
    </p>
   </div>
   <div class='ocr_carea' id='block_1_20' title="bbox 518 2161 2085 2234">
    <p class='ocr_par' dir='ltr' id='par_1_20' title="bbox 518 2161 2085 2234">
     <span class='ocr_line' id='line_1_20' title="bbox 518 2161 2085 2234; baseline 0 -19"><span class='ocrx_word' id='word_1_134' title='bbox 518 2161 700 2216; x_wconf 89' lang='lat' dir='ltr'><strong>locum</strong></span> <span class='ocrx_word' id='word_1_135' title='bbox 741 2162 982 2234; x_wconf 88' lang='lat' dir='ltr'><strong>petebat,</strong></span> <span class='ocrx_word' id='word_1_136' title='bbox 1028 2164 1293 2219; x_wconf 84' lang='lat' dir='ltr'><strong>oberrans</strong></span> <span class='ocrx_word' id='word_1_137' title='bbox 1323 2176 1436 2234; x_wconf 61' lang='lat' dir='ltr'><strong>pra:</strong></span> <span class='ocrx_word' id='word_1_138' title='bbox 1468 2162 1686 2218; x_wconf 89' lang='lat' dir='ltr'><strong>consilii</strong></span> <span class='ocrx_word' id='word_1_139' title='bbox 1722 2162 1903 2232; x_wconf 89' lang='lat' dir='ltr'><strong>in0pia</strong></span> <span class='ocrx_word' id='word_1_140' title='bbox 1943 2161 2085 2216; x_wconf 90' lang='lat' dir='ltr'><strong>inter</strong></span> 
     </span>
    </p>
   </div>
   <div class='ocr_carea' id='block_1_21' title="bbox 517 2252 2085 2325">
    <p class='ocr_par' dir='ltr' id='par_1_21' title="bbox 517 2252 2085 2325">
     <span class='ocr_line' id='line_1_21' title="bbox 517 2252 2085 2325; baseline 0 -17"><span class='ocrx_word' id='word_1_141' title='bbox 517 2262 678 2309; x_wconf 83' lang='lat' dir='ltr'><strong>notos</strong></span> <span class='ocrx_word' id='word_1_142' title='bbox 712 2261 766 2308; x_wconf 92' lang='lat' dir='ltr'><strong>et</strong></span> <span class='ocrx_word' id='word_1_143' title='bbox 791 2252 1112 2322; x_wconf 84' lang='lat' dir='ltr'><strong>familiares,</strong></span> <span class='ocrx_word' id='word_1_144' title='bbox 1159 2254 1490 2325; x_wconf 87' lang='lat' dir='ltr'><strong>tandemque</strong></span> <span class='ocrx_word' id='word_1_145' title='bbox 1533 2253 1910 2324; x_wconf 91' lang='lat' dir='ltr'><strong>deprehensus</strong></span> <span class='ocrx_word' id='word_1_146' title='bbox 1941 2260 2026 2308; x_wconf 88' lang='lat' dir='ltr'><strong>est</strong></span> <span class='ocrx_word' id='word_1_147' title='bbox 2054 2266 2085 2308; x_wconf 91' lang='lat' dir='ltr'><strong>a</strong></span> 
     </span>
    </p>
   </div>
   <div class='ocr_carea' id='block_1_22' title="bbox 521 2346 2083 2414">
    <p class='ocr_par' dir='ltr' id='par_1_22' title="bbox 521 2346 2083 2414">
     <span class='ocr_line' id='line_1_22' title="bbox 521 2346 2083 2414; baseline -0.001 -14"><span class='ocrx_word' id='word_1_148' title='bbox 521 2347 717 2414; x_wconf 78' lang='lat' dir='ltr'><strong>Saule;</strong></span> <span class='ocrx_word' id='word_1_149' title='bbox 762 2361 888 2400; x_wconf 92' lang='lat' dir='ltr'><strong>cum</strong></span> <span class='ocrx_word' id='word_1_150' title='bbox 929 2346 1121 2401; x_wconf 80' lang='lat' dir='ltr'><strong>collem</strong></span> <span class='ocrx_word' id='word_1_151' title='bbox 1157 2354 1274 2402; x_wconf 92' lang='lat' dir='ltr'><strong>toto</strong></span> <span class='ocrx_word' id='word_1_152' title='bbox 1311 2348 1556 2403; x_wconf 78' lang='lat' dir='ltr'><strong>exercitu</strong></span> <span class='ocrx_word' id='word_1_153' title='bbox 1595 2347 2083 2409; x_wconf 86' lang='lat' dir='ltr'><strong>circumvallasset,</strong></span> 
     </span>
    </p>
   </div>
   <div class='ocr_carea' id='block_1_23' title="bbox 518 2438 2080 2509">
    <p class='ocr_par' dir='ltr' id='par_1_23' title="bbox 518 2438 2080 2509">
     <span class='ocr_line' id='line_1_23' title="bbox 518 2438 2080 2509; baseline -0.003 -15"><span class='ocrx_word' id='word_1_154' title='bbox 518 2438 576 2494; x_wconf 85' lang='lat' dir='ltr'><strong>in</strong></span> <span class='ocrx_word' id='word_1_155' title='bbox 607 2454 768 2509; x_wconf 86' lang='lat' dir='ltr'><strong>quem</strong></span> <span class='ocrx_word' id='word_1_156' title='bbox 797 2453 921 2494; x_wconf 91' lang='lat' dir='ltr'><strong>cum</strong></span> <span class='ocrx_word' id='word_1_157' title='bbox 955 2439 1072 2494; x_wconf 85' lang='lat' dir='ltr'><strong>suis</strong></span> <span class='ocrx_word' id='word_1_158' title='bbox 1102 2439 1272 2494; x_wconf 85' lang='lat' dir='ltr'><strong>David</strong></span> <span class='ocrx_word' id='word_1_159' title='bbox 1301 2453 1361 2494; x_wconf 89' lang='lat' dir='ltr'><strong>se</strong></span> <span class='ocrx_word' id='word_1_160' title='bbox 1386 2445 1688 2508; x_wconf 89' lang='lat' dir='ltr'><strong>receperat,</strong></span> <span class='ocrx_word' id='word_1_161' title='bbox 1719 2451 1951 2507; x_wconf 89' lang='lat' dir='ltr'><strong>cumque</strong></span> <span class='ocrx_word' id='word_1_162' title='bbox 1978 2451 2080 2490; x_wconf 83' lang='lat' dir='ltr'><strong>nox</strong></span> 
     </span>
    </p>
   </div>
   <div class='ocr_carea' id='block_1_24' title="bbox 519 2529 2086 2602">
    <p class='ocr_par' dir='ltr' id='par_1_24' title="bbox 519 2529 2086 2602">
     <span class='ocr_line' id='line_1_24' title="bbox 519 2529 2086 2602; baseline -0.001 -17"><span class='ocrx_word' id='word_1_163' title='bbox 519 2531 836 2586; x_wconf 81' lang='lat' dir='ltr'><strong>dilationem</strong></span> <span class='ocrx_word' id='word_1_164' title='bbox 881 2531 948 2586; x_wconf 89' lang='lat' dir='ltr'><strong>ad</strong></span> <span class='ocrx_word' id='word_1_165' title='bbox 985 2529 1266 2586; x_wconf 89' lang='lat' dir='ltr'><strong>interitum</strong></span> <span class='ocrx_word' id='word_1_166' title='bbox 1304 2531 1548 2588; x_wconf 81' lang='lat' dir='ltr'><strong>dedisset</strong></span> <span class='ocrx_word' id='word_1_167' title='bbox 1588 2530 1898 2602; x_wconf 87' lang='lat' dir='ltr'><strong>(distulerat</strong></span> <span class='ocrx_word' id='word_1_168' title='bbox 1941 2531 2086 2585; x_wconf 89' lang='lat' dir='ltr'><strong>enim</strong></span> 
     </span>
    </p>
   </div>
   <div class='ocr_carea' id='block_1_25' title="bbox 521 2621 2086 2694">
    <p class='ocr_par' dir='ltr' id='par_1_25' title="bbox 521 2621 2086 2694">
     <span class='ocr_line' id='line_1_25' title="bbox 521 2621 2086 2694; baseline -0.001 -17"><span class='ocrx_word' id='word_1_169' title='bbox 521 2621 657 2678; x_wconf 84' lang='lat' dir='ltr'><strong>Saul</strong></span> <span class='ocrx_word' id='word_1_170' title='bbox 687 2637 875 2680; x_wconf 90' lang='lat' dir='ltr'><strong>necem</strong></span> <span class='ocrx_word' id='word_1_171' title='bbox 905 2621 1046 2694; x_wconf 85' lang='lat' dir='ltr'><strong>ejus,</strong></span> <span class='ocrx_word' id='word_1_172' title='bbox 1077 2637 1239 2694; x_wconf 86' lang='lat' dir='ltr'><strong>quem</strong></span> <span class='ocrx_word' id='word_1_173' title='bbox 1263 2625 1696 2694; x_wconf 82' lang='lat' dir='ltr'><strong>persequebatur</strong></span> <span class='ocrx_word' id='word_1_174' title='bbox 1720 2622 1776 2678; x_wconf 90' lang='lat' dir='ltr'><strong>in</strong></span> <span class='ocrx_word' id='word_1_175' title='bbox 1806 2629 2086 2694; x_wconf 88' lang='lat' dir='ltr'><strong>posterum</strong></span> 
     </span>
    </p>
   </div>
   <div class='ocr_carea' id='block_1_26' title="bbox 520 2711 2087 2785">
    <p class='ocr_par' dir='ltr' id='par_1_26' title="bbox 520 2711 2087 2785">
     <span class='ocr_line' id='line_1_26' title="bbox 520 2711 2087 2785; baseline 0 -19"><span class='ocrx_word' id='word_1_176' title='bbox 520 2713 712 2785; x_wconf 90' lang='lat' dir='ltr'><strong>diem),</strong></span> <span class='ocrx_word' id='word_1_177' title='bbox 746 2711 1054 2785; x_wconf 78' lang='lat' dir='ltr'><strong>ingreditur</strong></span> <span class='ocrx_word' id='word_1_178' title='bbox 1090 2714 1391 2769; x_wconf 90' lang='lat' dir='ltr'><strong>tentorium</strong></span> <span class='ocrx_word' id='word_1_179' title='bbox 1425 2715 1600 2772; x_wconf 90' lang='lat' dir='ltr'><strong>hostis</strong></span> <span class='ocrx_word' id='word_1_180' title='bbox 1629 2717 1738 2780; x_wconf 90' lang='lat' dir='ltr'><strong>sui,</strong></span> <span class='ocrx_word' id='word_1_181' title='bbox 1769 2729 1931 2785; x_wconf 89' lang='lat' dir='ltr'><strong>quem</strong></span> <span class='ocrx_word' id='word_1_182' title='bbox 1962 2727 2087 2768; x_wconf 90' lang='lat' dir='ltr'><strong>cum</strong></span> 
     </span>
    </p>
   </div>
   <div class='ocr_carea' id='block_1_27' title="bbox 521 2802 2086 2876">
    <p class='ocr_par' dir='ltr' id='par_1_27' title="bbox 521 2802 2086 2876">
     <span class='ocr_line' id='line_1_27' title="bbox 521 2802 2086 2876; baseline -0.001 -17"><span class='ocrx_word' id='word_1_183' title='bbox 521 2818 716 2859; x_wconf 82' lang='lat' dir='ltr'><strong>somno</strong></span> <span class='ocrx_word' id='word_1_184' title='bbox 767 2802 1004 2874; x_wconf 91' lang='lat' dir='ltr'><strong>sopitum</strong></span> <span class='ocrx_word' id='word_1_185' title='bbox 1047 2804 1102 2860; x_wconf 93' lang='lat' dir='ltr'><strong>in</strong></span> <span class='ocrx_word' id='word_1_186' title='bbox 1140 2803 1282 2860; x_wconf 91' lang='lat' dir='ltr'><strong>lecto</strong></span> <span class='ocrx_word' id='word_1_187' title='bbox 1324 2805 1562 2876; x_wconf 89' lang='lat' dir='ltr'><strong>quodam</strong></span> <span class='ocrx_word' id='word_1_188' title='bbox 1613 2804 2086 2876; x_wconf 87' lang='lat' dir='ltr'><strong>deprehendisset,</strong></span> 
     </span>
    </p>
   </div>
   <div class='ocr_carea' id='block_1_28' title="bbox 522 2894 2089 2966">
    <p class='ocr_par' dir='ltr' id='par_1_28' title="bbox 522 2894 2089 2966">
     <span class='ocr_line' id='line_1_28' title="bbox 522 2894 2089 2966; baseline 0.002 -20"><span class='ocrx_word' id='word_1_189' title='bbox 522 2911 631 2950; x_wconf 89' lang='lat' dir='ltr'><strong>non</strong></span> <span class='ocrx_word' id='word_1_190' title='bbox 662 2894 837 2948; x_wconf 90' lang='lat' dir='ltr'><strong>solum</strong></span> <span class='ocrx_word' id='word_1_191' title='bbox 867 2895 1140 2949; x_wconf 89' lang='lat' dir='ltr'><strong>continuit</strong></span> <span class='ocrx_word' id='word_1_192' title='bbox 1185 2895 1462 2966; x_wconf 79' lang='lat' dir='ltr'><strong>propriam</strong></span> <span class='ocrx_word' id='word_1_193' title='bbox 1509 2910 1752 2959; x_wconf 90' lang='lat' dir='ltr'><strong>manum,</strong></span> <span class='ocrx_word' id='word_1_194' title='bbox 1793 2909 2089 2964; x_wconf 89' lang='lat' dir='ltr'><strong>properan-</strong></span> 
     </span>
    </p>
   </div>
   <div class='ocr_carea' id='block_1_29' title="bbox 523 2985 2088 3059">
    <p class='ocr_par' dir='ltr' id='par_1_29' title="bbox 523 2985 2088 3059">
     <span class='ocr_line' id='line_1_29' title="bbox 523 2985 2088 3059; baseline 0.001 -20"><span class='ocrx_word' id='word_1_195' title='bbox 523 2996 631 3042; x_wconf 90' lang='lat' dir='ltr'><strong>tem</strong></span> <span class='ocrx_word' id='word_1_196' title='bbox 670 2985 942 3052; x_wconf 89' lang='lat' dir='ltr'><strong>fortassis,</strong></span> <span class='ocrx_word' id='word_1_197' title='bbox 979 2996 1039 3042; x_wconf 95' lang='lat' dir='ltr'><strong>ut</strong></span> <span class='ocrx_word' id='word_1_198' title='bbox 1084 2988 1179 3043; x_wconf 62' lang='lat' dir='ltr'><strong>ire</strong></span> <span class='ocrx_word' id='word_1_199' title='bbox 1230 2987 1538 3059; x_wconf 80' lang='lat' dir='ltr'><strong>indulgeret</strong></span> <span class='ocrx_word' id='word_1_200' title='bbox 1577 2996 1632 3043; x_wconf 92' lang='lat' dir='ltr'><strong>et</strong></span> <span class='ocrx_word' id='word_1_201' title='bbox 1672 2987 2088 3059; x_wconf 87' lang='lat' dir='ltr'><strong>obsequeretur,</strong></span> 
     </span>
    </p>
   </div>
   <div class='ocr_carea' id='block_1_30' title="bbox 524 3079 2091 3151">
    <p class='ocr_par' dir='ltr' id='par_1_30' title="bbox 524 3079 2091 3151">
     <span class='ocr_line' id='line_1_30' title="bbox 524 3079 2091 3151; baseline 0.001 -17"><span class='ocrx_word' id='word_1_202' title='bbox 524 3079 620 3134; x_wconf 79' lang='lat' dir='ltr'><strong>sed</strong></span> <span class='ocrx_word' id='word_1_203' title='bbox 648 3090 700 3136; x_wconf 94' lang='lat' dir='ltr'><strong>et</strong></span> <span class='ocrx_word' id='word_1_204' title='bbox 726 3080 1053 3151; x_wconf 79' lang='lat' dir='ltr'><strong>armigerum</strong></span> <span class='ocrx_word' id='word_1_205' title='bbox 1079 3080 1307 3151; x_wconf 89' lang='lat' dir='ltr'><strong>jamjam</strong></span> <span class='ocrx_word' id='word_1_206' title='bbox 1360 3081 1426 3136; x_wconf 87' lang='lat' dir='ltr'><strong>ad</strong></span> <span class='ocrx_word' id='word_1_207' title='bbox 1453 3079 1837 3135; x_wconf 90' lang='lat' dir='ltr'><strong>trucidandum</strong></span> <span class='ocrx_word' id='word_1_208' title='bbox 1874 3080 2091 3136; x_wconf 91' lang='lat' dir='ltr'><strong>Saulem</strong></span> 
     </span>
    </p>
   </div>
   <div class='ocr_carea' id='block_1_31' title="bbox 527 3172 2095 3250">
    <p class='ocr_par' dir='ltr' id='par_1_31' title="bbox 527 3172 2095 3250">
     <span class='ocr_line' id='line_1_31' title="bbox 527 3172 2095 3250; baseline 0.002 -24"><span class='ocrx_word' id='word_1_209' title='bbox 527 3173 876 3237; x_wconf 82' lang='lat' dir='ltr'><strong>festinantem</strong></span> <span class='ocrx_word' id='word_1_210' title='bbox 917 3175 939 3246; x_wconf 93' lang='lat'><strong>(</strong></span> <span class='ocrx_word' id='word_1_211' title='bbox 968 3192 987 3224; x_wconf 75' lang='grc' dir='ltr'><strong>ι</strong></span> <span class='ocrx_word' id='word_1_212' title='bbox 1020 3172 1330 3230; x_wconf 87' lang='lat' dir='ltr'><strong>Percutiam</strong></span> <span class='ocrx_word' id='word_1_213' title='bbox 1376 3189 1522 3240; x_wconf 91' lang='lat' dir='ltr'><strong>eum,</strong></span> <span class='ocrx_word' id='word_1_214' title='bbox 1557 3192 1576 3226; x_wconf 74' lang='grc' dir='ltr'><strong>ι</strong></span> <span class='ocrx_word' id='word_1_215' title='bbox 1631 3173 1830 3245; x_wconf 91' lang='lat' dir='ltr'><strong>inquit,</strong></span> <span class='ocrx_word' id='word_1_216' title='bbox 1867 3192 1886 3225; x_wconf 77' lang='grc' dir='ltr'><strong>ι</strong></span> <span class='ocrx_word' id='word_1_217' title='bbox 1918 3181 1972 3229; x_wconf 91' lang='lat' dir='ltr'><strong>et</strong></span> <span class='ocrx_word' id='word_1_218' title='bbox 2005 3189 2095 3250; x_wconf 81' lang='lat' dir='ltr'><strong>se-</strong></span> 
     </span>
    </p>
   </div>
   <div class='ocr_carea' id='block_1_32' title="bbox 523 3263 2092 3336">
    <p class='ocr_par' dir='ltr' id='par_1_32' title="bbox 523 3263 2092 3336">
     <span class='ocr_line' id='line_1_32' title="bbox 523 3263 2092 3336; baseline -0.001 -18"><span class='ocrx_word' id='word_1_219' title='bbox 523 3263 703 3320; x_wconf 77' lang='lat' dir='ltr'><strong>cunda</strong></span> <span class='ocrx_word' id='word_1_220' title='bbox 725 3265 842 3320; x_wconf 82' lang='lat' dir='ltr'><strong>vice</strong></span> <span class='ocrx_word' id='word_1_221' title='bbox 866 3279 1004 3336; x_wconf 91' lang='lat' dir='ltr'><strong>opus</strong></span> <span class='ocrx_word' id='word_1_222' title='bbox 1035 3279 1144 3319; x_wconf 92' lang='lat' dir='ltr'><strong>non</strong></span> <span class='ocrx_word' id='word_1_223' title='bbox 1173 3265 1276 3320; x_wconf 88' lang='lat' dir='ltr'><strong>erit</strong></span> <span class='ocrx_word' id='word_1_224' title='bbox 1311 3283 1329 3316; x_wconf 77' lang='grc' dir='ltr'>ι</span> <span class='ocrx_word' id='word_1_225' title='bbox 1358 3263 1376 3336; x_wconf 96' lang='grc'>)</span> <span class='ocrx_word' id='word_1_226' title='bbox 1406 3263 1628 3319; x_wconf 91' lang='lat' dir='ltr'><strong>abducit</strong></span> <span class='ocrx_word' id='word_1_227' title='bbox 1655 3264 1723 3320; x_wconf 88' lang='lat' dir='ltr'><strong>ab</strong></span> <span class='ocrx_word' id='word_1_228' title='bbox 1749 3264 1842 3318; x_wconf 88' lang='lat' dir='ltr'><strong>illo</strong></span> <span class='ocrx_word' id='word_1_229' title='bbox 1865 3263 2092 3333; x_wconf 87' lang='lat' dir='ltr'><strong>impetu,</strong></span> 
     </span>
    </p>
   </div>
   <div class='ocr_carea' id='block_1_33' title="bbox 527 3353 2095 3428">
    <p class='ocr_par' dir='ltr' id='par_1_33' title="bbox 527 3353 2095 3428">
     <span class='ocr_line' id='line_1_33' title="bbox 527 3353 2095 3428; baseline 0 -18"><span class='ocrx_word' id='word_1_230' title='bbox 527 3357 737 3426; x_wconf 82' lang='lat' dir='ltr'><strong>adjecta</strong></span> <span class='ocrx_word' id='word_1_231' title='bbox 775 3357 976 3428; x_wconf 71' lang='lat' dir='ltr'><strong>insigni</strong></span> <span class='ocrx_word' id='word_1_232' title='bbox 1017 3356 1108 3411; x_wconf 89' lang='lat' dir='ltr'><strong>illa</strong></span> <span class='ocrx_word' id='word_1_233' title='bbox 1137 3364 1190 3412; x_wconf 90' lang='lat' dir='ltr'><strong>et</strong></span> <span class='ocrx_word' id='word_1_234' title='bbox 1219 3356 1420 3427; x_wconf 91' lang='lat' dir='ltr'><strong>ubique</strong></span> <span class='ocrx_word' id='word_1_235' title='bbox 1450 3355 1743 3411; x_wconf 86' lang='lat' dir='ltr'><strong>decantata</strong></span> <span class='ocrx_word' id='word_1_236' title='bbox 1765 3371 1898 3411; x_wconf 88' lang='lat' dir='ltr'><strong>voce</strong></span> <span class='ocrx_word' id='word_1_237' title='bbox 1924 3375 1939 3410; x_wconf 90' lang='lat'><strong>:</strong></span> <span class='ocrx_word' id='word_1_238' title='bbox 1968 3374 1986 3408; x_wconf 82' lang='grc' dir='ltr'><strong>ι</strong></span> <span class='ocrx_word' id='word_1_239' title='bbox 2016 3353 2095 3410; x_wconf 88' lang='lat' dir='ltr'><strong>Ne</strong></span> 
     </span>
    </p>
   </div>
   <div class='ocr_carea' id='block_1_34' title="bbox 527 3439 2096 3518">
    <p class='ocr_par' dir='ltr' id='par_1_34' title="bbox 527 3439 2096 3518">
     <span class='ocr_line' id='line_1_34' title="bbox 527 3439 2096 3518; baseline -0.002 -16"><span class='ocrx_word' id='word_1_240' title='bbox 527 3447 814 3518; x_wconf 89' lang='lat' dir='ltr'><strong>disperdas</strong></span> <span class='ocrx_word' id='word_1_241' title='bbox 843 3463 992 3514; x_wconf 84' lang='lat' dir='ltr'><strong>eum,</strong></span> <span class='ocrx_word' id='word_1_242' title='bbox 1031 3466 1048 3499; x_wconf 75' lang='grc' dir='ltr'><strong>ι</strong></span> <span class='ocrx_word' id='word_1_243' title='bbox 1082 3448 1175 3518; x_wconf 87' lang='lat' dir='ltr'><strong>qui</strong></span> <span class='ocrx_word' id='word_1_244' title='bbox 1224 3465 1324 3504; x_wconf 92' lang='lat' dir='ltr'><strong>nos</strong></span> <span class='ocrx_word' id='word_1_245' title='bbox 1353 3439 1670 3518; x_wconf 87' lang='lat' dir='ltr'><strong>disperdere</strong></span> <span class='ocrx_word' id='word_1_246' title='bbox 1697 3455 1850 3502; x_wconf 91' lang='lat' dir='ltr'><strong>tanto</strong></span> <span class='ocrx_word' id='word_1_247' title='bbox 1896 3453 2096 3500; x_wconf 90' lang='lat' dir='ltr'><strong>conatu</strong></span> 
     </span>
    </p>
   </div>
   <div class='ocr_carea' id='block_1_35' title="bbox 527 3539 2100 3613">
    <p class='ocr_par' dir='ltr' id='par_1_35' title="bbox 527 3539 2100 3613">
     <span class='ocr_line' id='line_1_35' title="bbox 527 3539 2100 3613; baseline -0.001 -19"><span class='ocrx_word' id='word_1_248' title='bbox 527 3543 774 3599; x_wconf 88' lang='lat' dir='ltr'><strong>molitur.</strong></span> <span class='ocrx_word' id='word_1_249' title='bbox 805 3541 992 3613; x_wconf 84' lang='lat' dir='ltr'><strong>Neque</strong></span> <span class='ocrx_word' id='word_1_250' title='bbox 1025 3542 1130 3597; x_wconf 90' lang='lat' dir='ltr'><strong>hoc</strong></span> <span class='ocrx_word' id='word_1_251' title='bbox 1176 3544 1352 3598; x_wconf 90' lang='lat' dir='ltr'><strong>solum</strong></span> <span class='ocrx_word' id='word_1_252' title='bbox 1396 3543 1499 3597; x_wconf 92' lang='lat' dir='ltr'><strong>hac</strong></span> <span class='ocrx_word' id='word_1_253' title='bbox 1542 3542 1596 3597; x_wconf 93' lang='lat' dir='ltr'><strong>in</strong></span> <span class='ocrx_word' id='word_1_254' title='bbox 1633 3556 1692 3596; x_wconf 91' lang='lat' dir='ltr'><strong>re</strong></span> <span class='ocrx_word' id='word_1_255' title='bbox 1737 3539 2100 3595; x_wconf 83' lang='lat' dir='ltr'><strong>admiratione</strong></span> 
     </span>
    </p>
   </div>
   <div class='ocr_carea' id='block_1_36' title="bbox 529 3631 2099 3705">
    <p class='ocr_par' dir='ltr' id='par_1_36' title="bbox 529 3631 2099 3705">
     <span class='ocr_line' id='line_1_36' title="bbox 529 3631 2099 3705; baseline 0 -21"><span class='ocrx_word' id='word_1_256' title='bbox 529 3633 754 3705; x_wconf 69' lang='lat' dir='ltr'><strong>dignum</strong></span> <span class='ocrx_word' id='word_1_257' title='bbox 785 3641 892 3697; x_wconf 91' lang='lat' dir='ltr'><strong>est,</strong></span> <span class='ocrx_word' id='word_1_258' title='bbox 923 3633 1070 3704; x_wconf 90' lang='lat' dir='ltr'><strong>quod</strong></span> <span class='ocrx_word' id='word_1_259' title='bbox 1091 3633 1256 3687; x_wconf 87' lang='lat' dir='ltr'><strong>vitam</strong></span> <span class='ocrx_word' id='word_1_260' title='bbox 1298 3634 1561 3705; x_wconf 77' lang='lat' dir='ltr'><strong>largiatur</strong></span> <span class='ocrx_word' id='word_1_261' title='bbox 1586 3633 1658 3697; x_wconf 93' lang='lat' dir='ltr'><strong>ei,</strong></span> <span class='ocrx_word' id='word_1_262' title='bbox 1689 3631 1784 3702; x_wconf 86' lang='lat' dir='ltr'><strong>qui</strong></span> <span class='ocrx_word' id='word_1_263' title='bbox 1824 3631 1959 3686; x_wconf 91' lang='lat' dir='ltr'><strong>nihil</strong></span> <span class='ocrx_word' id='word_1_264' title='bbox 1990 3645 2099 3685; x_wconf 95' lang='lat' dir='ltr'><strong>non</strong></span> 
     </span>
    </p>
   </div>
   <div class='ocr_carea' id='block_1_37' title="bbox 531 3725 2100 3797">
    <p class='ocr_par' dir='ltr' id='par_1_37' title="bbox 531 3725 2100 3797">
     <span class='ocr_line' id='line_1_37' title="bbox 531 3725 2100 3797; baseline 0.001 -20"><span class='ocrx_word' id='word_1_265' title='bbox 531 3735 723 3780; x_wconf 70' lang='lat' dir='ltr'><strong>contra</strong></span> <span class='ocrx_word' id='word_1_266' title='bbox 756 3725 921 3780; x_wconf 87' lang='lat' dir='ltr'><strong>vitam</strong></span> <span class='ocrx_word' id='word_1_267' title='bbox 960 3725 1134 3797; x_wconf 90' lang='lat' dir='ltr'><strong>ipsius</strong></span> <span class='ocrx_word' id='word_1_268' title='bbox 1163 3726 1596 3790; x_wconf 89' lang='lat' dir='ltr'><strong>machinabatur,</strong></span> <span class='ocrx_word' id='word_1_269' title='bbox 1634 3725 1728 3782; x_wconf 92' lang='lat' dir='ltr'><strong>sed</strong></span> <span class='ocrx_word' id='word_1_270' title='bbox 1756 3725 1898 3796; x_wconf 86' lang='lat' dir='ltr'><strong>quod</strong></span> <span class='ocrx_word' id='word_1_271' title='bbox 1928 3725 2100 3779; x_wconf 84' lang='lat' dir='ltr'><strong>David</strong></span> 
     </span>
    </p>
   </div>
   <div class='ocr_carea' id='block_1_38' title="bbox 530 3813 2102 3892">
    <p class='ocr_par' dir='ltr' id='par_1_38' title="bbox 530 3813 2102 3892">
     <span class='ocr_line' id='line_1_38' title="bbox 530 3813 2102 3892; baseline 0.001 -21"><span class='ocrx_word' id='word_1_272' title='bbox 530 3813 640 3890; x_wconf 66' lang='lat' dir='ltr'><strong>jam</strong></span> <span class='ocrx_word' id='word_1_273' title='bbox 681 3829 883 3876; x_wconf 91' lang='lat' dir='ltr'><strong>unctus</strong></span> <span class='ocrx_word' id='word_1_274' title='bbox 930 3821 985 3874; x_wconf 91' lang='lat' dir='ltr'><strong>in</strong></span> <span class='ocrx_word' id='word_1_275' title='bbox 1032 3835 1238 3891; x_wconf 76' lang='lat' dir='ltr'><strong>regem,</strong></span> <span class='ocrx_word' id='word_1_276' title='bbox 1278 3830 1332 3876; x_wconf 91' lang='lat' dir='ltr'><strong>et</strong></span> <span class='ocrx_word' id='word_1_277' title='bbox 1358 3821 1529 3891; x_wconf 90' lang='lat' dir='ltr'><strong>probe</strong></span> <span class='ocrx_word' id='word_1_278' title='bbox 1563 3835 1788 3892; x_wconf 78' lang='lat' dir='ltr'><strong>gnarus,</strong></span> <span class='ocrx_word' id='word_1_279' title='bbox 1832 3835 1894 3875; x_wconf 92' lang='lat' dir='ltr'><strong>se</strong></span> <span class='ocrx_word' id='word_1_280' title='bbox 1943 3820 2102 3874; x_wconf 89' lang='lat' dir='ltr'><strong>aliter</strong></span> 
     </span>
    </p>
   </div>
   <div class='ocr_carea' id='block_1_39' title="bbox 534 3911 2102 3984">
    <p class='ocr_par' dir='ltr' id='par_1_39' title="bbox 534 3911 2102 3984">
     <span class='ocr_line' id='line_1_39' title="bbox 534 3911 2102 3984; baseline -0.002 -17"><span class='ocrx_word' id='word_1_281' title='bbox 534 3912 816 3983; x_wconf 76' lang='lat' dir='ltr'><strong>dignitatis</strong></span> <span class='ocrx_word' id='word_1_282' title='bbox 868 3912 1034 3981; x_wconf 87' lang='lat' dir='ltr'><strong>hujus</strong></span> <span class='ocrx_word' id='word_1_283' title='bbox 1074 3923 1380 3984; x_wconf 88' lang='lat' dir='ltr'><strong>compotem</strong></span> <span class='ocrx_word' id='word_1_284' title='bbox 1437 3913 1576 3967; x_wconf 83' lang='lat' dir='ltr'><strong>fieri-</strong></span> <span class='ocrx_word' id='word_1_285' title='bbox 1609 3927 1719 3966; x_wconf 91' lang='lat' dir='ltr'><strong>non</strong></span> <span class='ocrx_word' id='word_1_286' title='bbox 1769 3927 1953 3982; x_wconf 88' lang='lat' dir='ltr'><strong>posse,</strong></span> <span class='ocrx_word' id='word_1_287' title='bbox 1994 3911 2102 3967; x_wconf 91' lang='lat' dir='ltr'><strong>nisi</strong></span> 
     </span>
    </p>
   </div>
   <div class='ocr_carea' id='block_1_40' title="bbox 537 3999 2100 4069">
    <p class='ocr_par' dir='ltr' id='par_1_40' title="bbox 537 3999 2100 4069">
     <span class='ocr_line' id='line_1_40' title="bbox 537 3999 2100 4069; baseline -0.001 -14"><span class='ocrx_word' id='word_1_288' title='bbox 537 4003 668 4056; x_wconf 86' lang='lat' dir='ltr'><strong>Saul</strong></span> <span class='ocrx_word' id='word_1_289' title='bbox 714 4017 745 4056; x_wconf 95' lang='lat' dir='ltr'><strong>e</strong></span> <span class='ocrx_word' id='word_1_290' title='bbox 793 4001 974 4056; x_wconf 91' lang='lat' dir='ltr'><strong>medio</strong></span> <span class='ocrx_word' id='word_1_291' title='bbox 1017 4001 1337 4068; x_wconf 89' lang='lat' dir='ltr'><strong>tolleretur;</strong></span> <span class='ocrx_word' id='word_1_292' title='bbox 1379 4001 1551 4054; x_wconf 86' lang='lat' dir='ltr'><strong>satius</strong></span> <span class='ocrx_word' id='word_1_293' title='bbox 1596 4007 1778 4054; x_wconf 88' lang='lat' dir='ltr'><strong>tamen</strong></span> <span class='ocrx_word' id='word_1_294' title='bbox 1817 3999 2100 4069; x_wconf 86' lang='lat' dir='ltr'><strong>judicarit,</strong></span> 
     </span>
    </p>
   </div>
   <div class='ocr_carea' id='block_1_41' title="bbox 535 4092 2104 4165">
    <p class='ocr_par' dir='ltr' id='par_1_41' title="bbox 535 4092 2104 4165">
     <span class='ocr_line' id='line_1_41' title="bbox 535 4092 2104 4165; baseline -0.001 -18"><span class='ocrx_word' id='word_1_295' title='bbox 535 4094 798 4164; x_wconf 75' lang='lat' dir='ltr'><strong>patientia</strong></span> <span class='ocrx_word' id='word_1_296' title='bbox 850 4101 905 4148; x_wconf 88' lang='lat' dir='ltr'><strong>et</strong></span> <span class='ocrx_word' id='word_1_297' title='bbox 939 4093 1193 4165; x_wconf 67' lang='lat' dir='ltr'><strong>aequitate</strong></span> <span class='ocrx_word' id='word_1_298' title='bbox 1240 4108 1365 4147; x_wconf 92' lang='lat' dir='ltr'><strong>cum</strong></span> <span class='ocrx_word' id='word_1_299' title='bbox 1404 4093 1627 4163; x_wconf 73' lang='lat' dir='ltr'><strong>privata:</strong></span> <span class='ocrx_word' id='word_1_300' title='bbox 1661 4092 1782 4147; x_wconf 65' lang='lat' dir='ltr'><strong>vitae</strong></span> <span class='ocrx_word' id='word_1_301' title='bbox 1826 4092 2104 4146; x_wconf 85' lang='lat' dir='ltr'><strong>laboribus</strong></span> 
     </span>
    </p>
   </div>
   <div class='ocr_carea' id='block_1_42' title="bbox 537 4183 2106 4256">
    <p class='ocr_par' dir='ltr' id='par_1_42' title="bbox 537 4183 2106 4256">
     <span class='ocr_line' id='line_1_42' title="bbox 537 4183 2106 4256; baseline -0.003 -15"><span class='ocrx_word' id='word_1_302' title='bbox 537 4184 858 4251; x_wconf 84' lang='lat' dir='ltr'><strong>conflictari,</strong></span> <span class='ocrx_word' id='word_1_303' title='bbox 894 4201 1058 4256; x_wconf 89' lang='lat' dir='ltr'><strong>quam</strong></span> <span class='ocrx_word' id='word_1_304' title='bbox 1107 4183 1317 4255; x_wconf 81' lang='lat' dir='ltr'><strong>expleta</strong></span> <span class='ocrx_word' id='word_1_305' title='bbox 1359 4183 1413 4237; x_wconf 92' lang='lat' dir='ltr'><strong>in</strong></span> <span class='ocrx_word' id='word_1_306' title='bbox 1459 4184 1831 4241; x_wconf 86' lang='lat' dir='ltr'><strong>adversarium</strong></span> <span class='ocrx_word' id='word_1_307' title='bbox 1879 4184 1982 4246; x_wconf 90' lang='lat' dir='ltr'><strong>ira,</strong></span> <span class='ocrx_word' id='word_1_308' title='bbox 2019 4199 2106 4238; x_wconf 88' lang='lat' dir='ltr'><strong>re-</strong></span> 
     </span>
    </p>
   </div>
   <div class='ocr_carea' id='block_1_43' title="bbox 540 4273 2107 4350">
    <p class='ocr_par' dir='ltr' id='par_1_43' title="bbox 540 4273 2107 4350">
     <span class='ocr_line' id='line_1_43' title="bbox 540 4273 2107 4350; baseline 0.001 -24"><span class='ocrx_word' id='word_1_309' title='bbox 540 4274 657 4345; x_wconf 76' lang='lat' dir='ltr'><strong>gale</strong></span> <span class='ocrx_word' id='word_1_310' title='bbox 697 4275 892 4329; x_wconf 91' lang='lat' dir='ltr'><strong>solium</strong></span> <span class='ocrx_word' id='word_1_311' title='bbox 935 4275 1323 4350; x_wconf 87' lang='lat' dir='ltr'><strong>conscendere.</strong></span> <span class='ocrx_word' id='word_1_312' title='bbox 1375 4273 1648 4340; x_wconf 84' lang='lat' dir='ltr'><strong>Quocirca</strong></span> <span class='ocrx_word' id='word_1_313' title='bbox 1691 4274 2107 4330; x_wconf 70' lang='lat' dir='ltr'><strong>humanissimas</strong></span> 
     </span>
    </p>
   </div>
   <div class='ocr_carea' id='block_1_44' title="bbox 539 4365 2108 4438">
    <p class='ocr_par' dir='ltr' id='par_1_44' title="bbox 539 4365 2108 4438">
     <span class='ocr_line' id='line_1_44' title="bbox 539 4365 2108 4438; baseline -0.001 -19"><span class='ocrx_word' id='word_1_314' title='bbox 539 4365 617 4420; x_wconf 90' lang='lat' dir='ltr'><strong>illi</strong></span> <span class='ocrx_word' id='word_1_315' title='bbox 671 4365 1026 4421; x_wconf 90' lang='lat' dir='ltr'><strong>commotioni</strong></span> <span class='ocrx_word' id='word_1_316' title='bbox 1089 4367 1336 4438; x_wconf 80' lang='lat' dir='ltr'><strong>adjungit</strong></span> <span class='ocrx_word' id='word_1_317' title='bbox 1390 4366 1574 4421; x_wconf 91' lang='lat' dir='ltr'><strong>illud:</strong></span> <span class='ocrx_word' id='word_1_318' title='bbox 1611 4384 1630 4418; x_wconf 85' lang='grc' dir='ltr'><strong>ι</strong></span> <span class='ocrx_word' id='word_1_319' title='bbox 1666 4366 1900 4433; x_wconf 81' lang='lat' dir='ltr'><strong>Quando</strong></span> <span class='ocrx_word' id='word_1_320' title='bbox 1957 4365 2108 4421; x_wconf 89' lang='lat' dir='ltr'><strong>misit</strong></span> 
     </span>
    </p>
   </div>
   <div class='ocr_carea' id='block_1_45' title="bbox 545 4453 2108 4524">
    <p class='ocr_par' dir='ltr' id='par_1_45' title="bbox 545 4453 2108 4524">
     <span class='ocr_line' id='line_1_45' title="bbox 545 4453 2108 4524; baseline 0.001 -14"><span class='ocrx_word' id='word_1_321' title='bbox 545 4453 673 4510; x_wconf 88' lang='lat' dir='ltr'><strong>Saul</strong></span> <span class='ocrx_word' id='word_1_322' title='bbox 715 4455 770 4510; x_wconf 92' lang='lat' dir='ltr'><strong>in</strong></span> <span class='ocrx_word' id='word_1_323' title='bbox 815 4457 1033 4512; x_wconf 90' lang='lat' dir='ltr'><strong>domum</strong></span> <span class='ocrx_word' id='word_1_324' title='bbox 1069 4456 1258 4524; x_wconf 89' lang='lat' dir='ltr'><strong>David,</strong></span> <span class='ocrx_word' id='word_1_325' title='bbox 1288 4465 1349 4512; x_wconf 95' lang='lat' dir='ltr'><strong>ut</strong></span> <span class='ocrx_word' id='word_1_326' title='bbox 1397 4457 1728 4513; x_wconf 81' lang='lat' dir='ltr'><strong>interficeret</strong></span> <span class='ocrx_word' id='word_1_327' title='bbox 1757 4473 1903 4522; x_wconf 90' lang='lat' dir='ltr'><strong>eum,</strong></span> <span class='ocrx_word' id='word_1_328' title='bbox 1947 4477 1966 4510; x_wconf 76' lang='grc' dir='ltr'>ι</span> <span class='ocrx_word' id='word_1_329' title='bbox 1998 4472 2108 4512; x_wconf 89' lang='lat' dir='ltr'><strong>non</strong></span> 
     </span>
    </p>
   </div>
   <div class='ocr_carea' id='block_1_46' title="bbox 538 4547 2107 4616">
    <p class='ocr_par' dir='ltr' id='par_1_46' title="bbox 538 4547 2107 4616">
     <span class='ocr_line' id='line_1_46' title="bbox 538 4547 2107 4616; baseline 0.001 -15"><span class='ocrx_word' id='word_1_330' title='bbox 538 4547 681 4601; x_wconf 91' lang='lat' dir='ltr'><strong>enim</strong></span> <span class='ocrx_word' id='word_1_331' title='bbox 704 4557 838 4604; x_wconf 89' lang='lat' dir='ltr'><strong>tunc</strong></span> <span class='ocrx_word' id='word_1_332' title='bbox 869 4549 970 4604; x_wconf 93' lang='lat' dir='ltr'><strong>hoc</strong></span> <span class='ocrx_word' id='word_1_333' title='bbox 999 4549 1206 4604; x_wconf 91' lang='lat' dir='ltr'><strong>dictum</strong></span> <span class='ocrx_word' id='word_1_334' title='bbox 1235 4559 1337 4616; x_wconf 86' lang='lat' dir='ltr'><strong>est,</strong></span> <span class='ocrx_word' id='word_1_335' title='bbox 1367 4563 1494 4603; x_wconf 82' lang='lat' dir='ltr'><strong>cum</strong></span> <span class='ocrx_word' id='word_1_336' title='bbox 1522 4549 1636 4604; x_wconf 84' lang='lat' dir='ltr'><strong>haec</strong></span> <span class='ocrx_word' id='word_1_337' title='bbox 1665 4556 1983 4611; x_wconf 84' lang='lat' dir='ltr'><strong>evenerunt,</strong></span> <span class='ocrx_word' id='word_1_338' title='bbox 2010 4549 2107 4603; x_wconf 91' lang='lat' dir='ltr'><strong>sed</strong></span> 
     </span>
    </p>
   </div>
   <div class='ocr_carea' id='block_1_47' title="bbox 2172 695 3748 770">
    <p class='ocr_par' dir='ltr' id='par_1_47' title="bbox 2172 695 3748 770">
     <span class='ocr_line' id='line_1_47' title="bbox 2172 695 3748 770; baseline 0 -18"><span class='ocrx_word' id='word_1_339' title='bbox 2172 700 2287 764; x_wconf 84' lang='grc' dir='ltr'><strong>πῶς</strong></span> <span class='ocrx_word' id='word_1_340' title='bbox 2319 698 2505 770; x_wconf 79' lang='grc' dir='ltr'><strong>ἐπειδὴ</strong></span> <span class='ocrx_word' id='word_1_341' title='bbox 2542 698 2778 767; x_wconf 81' lang='grc' dir='ltr'><strong>κατέστη</strong></span> <span class='ocrx_word' id='word_1_342' title='bbox 2805 695 2884 768; x_wconf 81' lang='grc' dir='ltr'><strong>τῷ</strong></span> <span class='ocrx_word' id='word_1_343' title='bbox 2928 697 3100 762; x_wconf 67' lang='grc' dir='ltr'><strong>Σαοὺλ</strong></span> <span class='ocrx_word' id='word_1_344' title='bbox 3143 699 3177 768; x_wconf 77' lang='grc' dir='ltr'><strong>ἡ</strong></span> <span class='ocrx_word' id='word_1_345' title='bbox 3222 700 3287 754; x_wconf 83' lang='grc' dir='ltr'><strong>ὲκ</strong></span> <span class='ocrx_word' id='word_1_346' title='bbox 3325 699 3420 759; x_wconf 79' lang='grc' dir='ltr'><strong>τοῦ</strong></span> <span class='ocrx_word' id='word_1_347' title='bbox 3464 699 3748 768; x_wconf 83' lang='grc' dir='ltr'><strong>δαιμονίου</strong></span> 
     </span>
    </p>
   </div>
   <div class='ocr_carea' id='block_1_48' title="bbox 2173 788 3748 863">
    <p class='ocr_par' dir='ltr' id='par_1_48' title="bbox 2173 788 3748 863">
     <span class='ocr_line' id='line_1_48' title="bbox 2173 788 3748 863; baseline -0.001 -19"><span class='ocrx_word' id='word_1_348' title='bbox 2173 790 2480 862; x_wconf 85' lang='grc' dir='ltr'><strong>πνεύματος</strong></span> <span class='ocrx_word' id='word_1_349' title='bbox 2509 789 2754 860; x_wconf 79' lang='grc' dir='ltr'><strong>πτόησις,</strong></span> <span class='ocrx_word' id='word_1_350' title='bbox 2783 788 2875 842; x_wconf 79' lang='grc' dir='ltr'><strong>τοῦ</strong></span> <span class='ocrx_word' id='word_1_351' title='bbox 2907 788 3066 857; x_wconf 81' lang='grc' dir='ltr'>ἁγίου</span> <span class='ocrx_word' id='word_1_352' title='bbox 3099 789 3260 852; x_wconf 77' lang='grc' dir='ltr'><strong>Δαϐιδ</strong></span> <span class='ocrx_word' id='word_1_353' title='bbox 3299 790 3388 844; x_wconf 77' lang='grc' dir='ltr'><strong>διὰ</strong></span> <span class='ocrx_word' id='word_1_354' title='bbox 3413 789 3508 850; x_wconf 72' lang='grc' dir='ltr'><strong>τοῦ</strong></span> <span class='ocrx_word' id='word_1_355' title='bbox 3537 789 3748 863; x_wconf 71' lang='grc' dir='ltr'><strong>ψαλτη-</strong></span> 
     </span>
    </p>
   </div>
   <div class='ocr_carea' id='block_1_49' title="bbox 2176 879 3746 956">
    <p class='ocr_par' dir='ltr' id='par_1_49' title="bbox 2176 879 3746 956">
     <span class='ocr_line' id='line_1_49' title="bbox 2176 879 3746 956; baseline 0.003 -23"><span class='ocrx_word' id='word_1_356' title='bbox 2176 881 2292 956; x_wconf 83' lang='grc' dir='ltr'><strong>ρίου</strong></span> <span class='ocrx_word' id='word_1_357' title='bbox 2346 881 2443 954; x_wconf 79' lang='grc' dir='ltr'><strong>τὴν</strong></span> <span class='ocrx_word' id='word_1_358' title='bbox 2489 883 2556 934; x_wconf 81' lang='grc' dir='ltr'><strong>ἐκ</strong></span> <span class='ocrx_word' id='word_1_359' title='bbox 2599 879 2693 934; x_wconf 77' lang='grc' dir='ltr'><strong>τοῦ</strong></span> <span class='ocrx_word' id='word_1_360' title='bbox 2743 879 2947 942; x_wconf 80' lang='grc' dir='ltr'>πάθους</span> <span class='ocrx_word' id='word_1_361' title='bbox 2996 881 3242 952; x_wconf 81' lang='grc' dir='ltr'><strong>ταραχὴν</strong></span> <span class='ocrx_word' id='word_1_362' title='bbox 3289 880 3746 946; x_wconf 74' lang='grc' dir='ltr'><strong>κατευνάσαντος,</strong></span> 
     </span>
    </p>
   </div>
   <div class='ocr_carea' id='block_1_50' title="bbox 2177 967 3749 1046">
    <p class='ocr_par' dir='ltr' id='par_1_50' title="bbox 2177 967 3749 1046">
     <span class='ocr_line' id='line_1_50' title="bbox 2177 967 3749 1046; baseline -0.004 -18"><span class='ocrx_word' id='word_1_363' title='bbox 2177 972 2534 1046; x_wconf 84' lang='grc' dir='ltr'><strong>παρεστῶσαν</strong></span> <span class='ocrx_word' id='word_1_364' title='bbox 2564 971 2739 1041; x_wconf 76' lang='grc' dir='ltr'><strong>ἑαυτῷ</strong></span> <span class='ocrx_word' id='word_1_365' title='bbox 2763 971 2860 1043; x_wconf 75' lang='grc' dir='ltr'><strong>τὴν</strong></span> <span class='ocrx_word' id='word_1_366' title='bbox 2905 970 3103 1042; x_wconf 80' lang='grc' dir='ltr'><strong>λόγχην</strong></span> <span class='ocrx_word' id='word_1_367' title='bbox 3148 971 3321 1043; x_wconf 84' lang='grc' dir='ltr'><strong>εὑρὼν</strong></span> <span class='ocrx_word' id='word_1_368' title='bbox 3358 972 3386 1024; x_wconf 87' lang='lat'><strong>6</strong></span> <span class='ocrx_word' id='word_1_369' title='bbox 3437 969 3612 1033; x_wconf 71' lang='grc' dir='ltr'><strong>Σαοὺλ</strong></span> <span class='ocrx_word' id='word_1_370' title='bbox 3664 967 3749 1039; x_wconf 80' lang='grc' dir='ltr'><strong>τῷ</strong></span> 
     </span>
    </p>
   </div>
   <div class='ocr_carea' id='block_1_51' title="bbox 2174 1060 3751 1140">
    <p class='ocr_par' dir='ltr' id='par_1_51' title="bbox 2174 1060 3751 1140">
     <span class='ocr_line' id='line_1_51' title="bbox 2174 1060 3751 1140; baseline -0.004 -19"><span class='ocrx_word' id='word_1_371' title='bbox 2174 1068 2438 1140; x_wconf 76' lang='grc' dir='ltr'><strong>εὐεργέτῃ</strong></span> <span class='ocrx_word' id='word_1_372' title='bbox 2473 1065 2667 1128; x_wconf 77' lang='grc' dir='ltr'><strong>ἑαυτοῦ</strong></span> <span class='ocrx_word' id='word_1_373' title='bbox 2691 1067 3004 1137; x_wconf 70' lang='grc' dir='ltr'><strong>ἐπαφίησιν,</strong></span> <span class='ocrx_word' id='word_1_374' title='bbox 3037 1063 3264 1128; x_wconf 71' lang='grc' dir='ltr'><strong>εὐθύνας</strong></span> <span class='ocrx_word' id='word_1_375' title='bbox 3302 1064 3418 1122; x_wconf 79' lang='grc' dir='ltr'><strong>κατ’</strong></span> <span class='ocrx_word' id='word_1_376' title='bbox 3449 1060 3612 1121; x_wconf 77' lang='grc' dir='ltr'><strong>αὐτοῦ</strong></span> <span class='ocrx_word' id='word_1_377' title='bbox 3648 1062 3751 1134; x_wconf 81' lang='grc' dir='ltr'><strong>τὴν</strong></span> 
     </span>
    </p>
   </div>
   <div class='ocr_carea' id='block_1_52' title="bbox 2175 1153 3750 1234">
    <p class='ocr_par' dir='ltr' id='par_1_52' title="bbox 2175 1153 3750 1234">
     <span class='ocr_line' id='line_1_52' title="bbox 2175 1153 3750 1234; baseline 0.004 -23"><span class='ocrx_word' id='word_1_378' title='bbox 2175 1160 2418 1230; x_wconf 80' lang='grc' dir='ltr'><strong>αἰχμήν·</strong></span> <span class='ocrx_word' id='word_1_379' title='bbox 2451 1159 2545 1212; x_wconf 81' lang='grc' dir='ltr'><strong>τοῦ</strong></span> <span class='ocrx_word' id='word_1_380' title='bbox 2587 1159 2646 1212; x_wconf 84' lang='grc' dir='ltr'><strong>δὲ</strong></span> <span class='ocrx_word' id='word_1_381' title='bbox 2698 1158 2839 1220; x_wconf 80' lang='grc' dir='ltr'><strong>κατὰ</strong></span> <span class='ocrx_word' id='word_1_382' title='bbox 2879 1158 3028 1213; x_wconf 80' lang='grc' dir='ltr'><strong>θείαν</strong></span> <span class='ocrx_word' id='word_1_383' title='bbox 3066 1155 3381 1234; x_wconf 70' lang='grc' dir='ltr'><strong>συμμαχίαν</strong></span> <span class='ocrx_word' id='word_1_384' title='bbox 3443 1159 3542 1226; x_wconf 73' lang='grc' dir='ltr'><strong>τῆς</strong></span> <span class='ocrx_word' id='word_1_385' title='bbox 3588 1153 3750 1224; x_wconf 75' lang='grc' dir='ltr'><strong>βολῆς</strong></span> 
     </span>
    </p>
   </div>
   <div class='ocr_carea' id='block_1_53' title="bbox 2177 1246 3750 1322">
    <p class='ocr_par' dir='ltr' id='par_1_53' title="bbox 2177 1246 3750 1322">
     <span class='ocr_line' id='line_1_53' title="bbox 2177 1246 3750 1322; baseline -0.003 -17"><span class='ocrx_word' id='word_1_386' title='bbox 2177 1250 2368 1315; x_wconf 75' lang='grc' dir='ltr'><strong>ἑαυτὸν</strong></span> <span class='ocrx_word' id='word_1_387' title='bbox 2399 1251 2857 1322; x_wconf 77' lang='grc' dir='ltr'><strong>ὑπεκστήσαντος,</strong></span> <span class='ocrx_word' id='word_1_388' title='bbox 2889 1249 2968 1322; x_wconf 82' lang='grc' dir='ltr'><strong>τῷ</strong></span> <span class='ocrx_word' id='word_1_389' title='bbox 2995 1249 3160 1321; x_wconf 80' lang='grc' dir='ltr'><strong>τοίχῳ</strong></span> <span class='ocrx_word' id='word_1_390' title='bbox 3193 1247 3280 1304; x_wconf 83' lang='grc' dir='ltr'><strong>διὰ</strong></span> <span class='ocrx_word' id='word_1_391' title='bbox 3319 1247 3516 1321; x_wconf 75' lang='grc' dir='ltr'><strong>βάθους</strong></span> <span class='ocrx_word' id='word_1_392' title='bbox 3561 1246 3750 1316; x_wconf 69' lang='grc' dir='ltr'><strong>ἐμπή-</strong></span> 
     </span>
    </p>
   </div>
   <div class='ocr_carea' id='block_1_54' title="bbox 2177 1338 3752 1414">
    <p class='ocr_par' dir='ltr' id='par_1_54' title="bbox 2177 1338 3752 1414">
     <span class='ocr_line' id='line_1_54' title="bbox 2177 1338 3752 1414; baseline -0.003 -14"><span class='ocrx_word' id='word_1_393' title='bbox 2177 1360 2370 1412; x_wconf 87' lang='grc' dir='ltr'><strong>γνυται</strong></span> <span class='ocrx_word' id='word_1_394' title='bbox 2404 1344 2436 1414; x_wconf 74' lang='grc' dir='ltr'>ἡ</span> <span class='ocrx_word' id='word_1_395' title='bbox 2475 1342 2577 1413; x_wconf 81' lang='grc' dir='ltr'><strong>τῆς</strong></span> <span class='ocrx_word' id='word_1_396' title='bbox 2617 1343 2820 1414; x_wconf 81' lang='grc' dir='ltr'><strong>αίχμῆς</strong></span> <span class='ocrx_word' id='word_1_397' title='bbox 2849 1341 3144 1414; x_wconf 73' lang='grc' dir='ltr'><strong>προσϐολή.</strong></span> <span class='ocrx_word' id='word_1_398' title='bbox 3188 1340 3513 1410; x_wconf 75' lang='grc' dir='ltr'><strong>Ἕξέόραμεν</strong></span> <span class='ocrx_word' id='word_1_399' title='bbox 3552 1338 3609 1394; x_wconf 71' lang='grc' dir='ltr'><strong>δὲ</strong></span> <span class='ocrx_word' id='word_1_400' title='bbox 3635 1339 3752 1396; x_wconf 81' lang='grc' dir='ltr'><strong>τῶν</strong></span> 
     </span>
    </p>
   </div>
   <div class='ocr_carea' id='block_1_55' title="bbox 2181 1427 3752 1506">
    <p class='ocr_par' dir='ltr' id='par_1_55' title="bbox 2181 1427 3752 1506">
     <span class='ocr_line' id='line_1_55' title="bbox 2181 1427 3752 1506; baseline 0 -16"><span class='ocrx_word' id='word_1_401' title='bbox 2181 1434 2464 1505; x_wconf 84' lang='grc' dir='ltr'><strong>βασιλείων</strong></span> <span class='ocrx_word' id='word_1_402' title='bbox 2510 1438 2569 1490; x_wconf 83' lang='grc' dir='ltr'><strong>ὲν</strong></span> <span class='ocrx_word' id='word_1_403' title='bbox 2614 1434 2692 1506; x_wconf 80' lang='grc' dir='ltr'><strong>τῷ</strong></span> <span class='ocrx_word' id='word_1_404' title='bbox 2740 1434 2854 1506; x_wconf 82' lang='grc' dir='ltr'><strong>ἰδίῳ</strong></span> <span class='ocrx_word' id='word_1_405' title='bbox 2901 1433 3055 1505; x_wconf 81' lang='grc' dir='ltr'><strong>οἴκῳ,</strong></span> <span class='ocrx_word' id='word_1_406' title='bbox 3109 1430 3614 1504; x_wconf 81' lang='grc' dir='ltr'><strong>μεταϐληθήσεσθαι</strong></span> <span class='ocrx_word' id='word_1_407' title='bbox 3653 1427 3752 1490; x_wconf 66' lang='grc' dir='ltr'>τοῦ</span> 
     </span>
    </p>
   </div>
   <div class='ocr_carea' id='block_1_56' title="bbox 2181 1523 3482 1599">
    <p class='ocr_par' dir='ltr' id='par_1_56' title="bbox 2181 1523 3482 1599">
     <span class='ocr_line' id='line_1_56' title="bbox 2181 1523 3482 1599; baseline -0.003 -17"><span class='ocrx_word' id='word_1_408' title='bbox 2181 1526 2444 1598; x_wconf 79' lang='grc' dir='ltr'><strong>βασιλέως</strong></span> <span class='ocrx_word' id='word_1_409' title='bbox 2475 1527 2568 1582; x_wconf 83' lang='grc' dir='ltr'><strong>τὸν</strong></span> <span class='ocrx_word' id='word_1_410' title='bbox 2595 1526 2764 1599; x_wconf 77' lang='grc' dir='ltr'><strong>θυμὸν</strong></span> <span class='ocrx_word' id='word_1_411' title='bbox 2794 1527 2882 1581; x_wconf 79' lang='grc' dir='ltr'><strong>διὰ</strong></span> <span class='ocrx_word' id='word_1_412' title='bbox 2913 1525 3200 1598; x_wconf 81' lang='grc' dir='ltr'><strong>μετανοίας</strong></span> <span class='ocrx_word' id='word_1_413' title='bbox 3235 1523 3482 1588; x_wconf 71' lang='grc' dir='ltr'><strong>ἐλπίσας.</strong></span> 
     </span>
    </p>
   </div>
   <div class='ocr_carea' id='block_1_57' title="bbox 2251 1703 3755 1781">
    <p class='ocr_par' dir='ltr' id='par_1_57' title="bbox 2251 1703 3755 1781">
     <span class='ocr_line' id='line_1_57' title="bbox 2251 1703 3755 1781; baseline 0.001 -18"><span class='ocrx_word' id='word_1_414' title='bbox 2251 1709 2358 1764; x_wconf 80' lang='grc' dir='ltr'><strong>Τοῦ</strong></span> <span class='ocrx_word' id='word_1_415' title='bbox 2391 1710 2448 1763; x_wconf 73' lang='grc' dir='ltr'><strong>δὲ</strong></span> <span class='ocrx_word' id='word_1_416' title='bbox 2478 1709 2650 1770; x_wconf 81' lang='grc' dir='ltr'><strong>Σαοὺλ</strong></span> <span class='ocrx_word' id='word_1_417' title='bbox 2677 1709 3008 1781; x_wconf 81' lang='grc' dir='ltr'>δορυφόρους</span> <span class='ocrx_word' id='word_1_418' title='bbox 3037 1709 3097 1766; x_wconf 82' lang='lat' dir='ltr'><strong>tv</strong></span> <span class='ocrx_word' id='word_1_419' title='bbox 3146 1706 3332 1778; x_wconf 72' lang='grc' dir='ltr'><strong>κύκλῳ</strong></span> <span class='ocrx_word' id='word_1_420' title='bbox 3372 1707 3440 1777; x_wconf 73' lang='grc' dir='ltr'><strong>τῇ</strong></span> <span class='ocrx_word' id='word_1_421' title='bbox 3479 1704 3628 1776; x_wconf 74' lang='grc' dir='ltr'><strong>οἰκία</strong></span> <span class='ocrx_word' id='word_1_422' title='bbox 3653 1703 3755 1764; x_wconf 74' lang='grc' dir='ltr'><strong>τοῦ</strong></span> 
     </span>
    </p>
   </div>
   <div class='ocr_carea' id='block_1_58' title="bbox 2183 1793 3757 1878">
    <p class='ocr_par' dir='ltr' id='par_1_58' title="bbox 2183 1793 3757 1878">
     <span class='ocr_line' id='line_1_58' title="bbox 2183 1793 3757 1878; baseline -0.003 -22"><span class='ocrx_word' id='word_1_423' title='bbox 2183 1803 2346 1856; x_wconf 75' lang='grc' dir='ltr'><strong>Δαϐὶδ</strong></span> <span class='ocrx_word' id='word_1_424' title='bbox 2394 1803 2847 1878; x_wconf 64' lang='grc' dir='ltr'><strong>περιστήσαντος,</strong></span> <span class='ocrx_word' id='word_1_425' title='bbox 2892 1800 2987 1856; x_wconf 70' lang='grc' dir='ltr'><strong>καὶ</strong></span> <span class='ocrx_word' id='word_1_426' title='bbox 3030 1799 3244 1873; x_wconf 80' lang='grc' dir='ltr'>δημίοις</span> <span class='ocrx_word' id='word_1_427' title='bbox 3285 1799 3375 1854; x_wconf 78' lang='grc' dir='ltr'><strong>τὸν</strong></span> <span class='ocrx_word' id='word_1_428' title='bbox 3419 1798 3537 1852; x_wconf 86' lang='grc' dir='ltr'><strong>κατ’</strong></span> <span class='ocrx_word' id='word_1_429' title='bbox 3585 1793 3757 1851; x_wconf 76' lang='grc' dir='ltr'><strong>αὑτοῦ</strong></span> 
     </span>
    </p>
   </div>
   <div class='ocr_carea' id='block_1_59' title="bbox 2187 1886 3760 1965">
    <p class='ocr_par' dir='ltr' id='par_1_59' title="bbox 2187 1886 3760 1965">
     <span class='ocr_line' id='line_1_59' title="bbox 2187 1886 3760 1965; baseline -0.004 -18"><span class='ocrx_word' id='word_1_430' title='bbox 2187 1895 2342 1963; x_wconf 85' lang='grc' dir='ltr'><strong>φόνον</strong></span> <span class='ocrx_word' id='word_1_431' title='bbox 2370 1893 2762 1965; x_wconf 75' lang='grc' dir='ltr'><strong>ἐντειλάμενος,</strong></span> <span class='ocrx_word' id='word_1_432' title='bbox 2796 1893 2948 1964; x_wconf 81' lang='grc' dir='ltr'><strong>μόλις</strong></span> <span class='ocrx_word' id='word_1_433' title='bbox 2979 1890 3068 1948; x_wconf 82' lang='grc' dir='ltr'><strong>διὰ</strong></span> <span class='ocrx_word' id='word_1_434' title='bbox 3109 1889 3320 1962; x_wconf 79' lang='grc' dir='ltr'><strong>θυρίδος</strong></span> <span class='ocrx_word' id='word_1_435' title='bbox 3342 1888 3486 1952; x_wconf 76' lang='grc' dir='ltr'><strong>τινος</strong></span> <span class='ocrx_word' id='word_1_436' title='bbox 3511 1886 3760 1941; x_wconf 69' lang='grc' dir='ltr'><strong>καταδα-</strong></span> 
     </span>
    </p>
   </div>
   <div class='ocr_carea' id='block_1_60' title="bbox 2187 1979 3757 2056">
    <p class='ocr_par' dir='ltr' id='par_1_60' title="bbox 2187 1979 3757 2056">
     <span class='ocr_line' id='line_1_60' title="bbox 2187 1979 3757 2056; baseline 0.005 -19"><span class='ocrx_word' id='word_1_437' title='bbox 2187 1985 2292 2038; x_wconf 87' lang='grc' dir='ltr'><strong>).ὼν</strong></span> <span class='ocrx_word' id='word_1_438' title='bbox 2316 1985 2505 2040; x_wconf 79' lang='grc' dir='ltr'><strong>ἑαυτὸν</strong></span> <span class='ocrx_word' id='word_1_439' title='bbox 2549 1987 2628 2048; x_wconf 76' lang='grc' dir='ltr'><strong>εἰς</strong></span> <span class='ocrx_word' id='word_1_440' title='bbox 2652 1985 2713 2038; x_wconf 79' lang='grc' dir='ltr'><strong>τὸ</strong></span> <span class='ocrx_word' id='word_1_441' title='bbox 2748 1984 3009 2056; x_wconf 79' lang='grc' dir='ltr'><strong>ὕπαιθρον</strong></span> <span class='ocrx_word' id='word_1_442' title='bbox 3053 1982 3317 2038; x_wconf 84' lang='grc' dir='ltr'><strong>διαλαθὼν</strong></span> <span class='ocrx_word' id='word_1_443' title='bbox 3351 1981 3451 2052; x_wconf 80' lang='grc' dir='ltr'><strong>τὴν</strong></span> <span class='ocrx_word' id='word_1_444' title='bbox 3487 1979 3757 2052; x_wconf 72' lang='grc' dir='ltr'><strong>φρουρὰν,</strong></span> 
     </span>
    </p>
   </div>
   <div class='ocr_carea' id='block_1_61' title="bbox 2189 2071 3762 2147">
    <p class='ocr_par' dir='ltr' id='par_1_61' title="bbox 2189 2071 3762 2147">
     <span class='ocr_line' id='line_1_61' title="bbox 2189 2071 3762 2147; baseline -0.004 -17"><span class='ocrx_word' id='word_1_445' title='bbox 2189 2076 2294 2141; x_wconf 74' lang='grc' dir='ltr'><strong>ἔξω</strong></span> <span class='ocrx_word' id='word_1_446' title='bbox 2324 2076 2431 2138; x_wconf 70' lang='grc' dir='ltr'><strong>τῶν</strong></span> <span class='ocrx_word' id='word_1_447' title='bbox 2473 2075 2730 2137; x_wconf 80' lang='grc' dir='ltr'><strong>κινδύνων</strong></span> <span class='ocrx_word' id='word_1_448' title='bbox 2755 2075 2988 2147; x_wconf 77' lang='grc' dir='ltr'><strong>κατέστη</strong></span> <span class='ocrx_word' id='word_1_449' title='bbox 3009 2091 3024 2107; x_wconf 89' lang='grc'>·</span> <span class='ocrx_word' id='word_1_450' title='bbox 3056 2075 3151 2130; x_wconf 64' lang='grc' dir='ltr'><strong>καὶ⁸</strong></span> <span class='ocrx_word' id='word_1_451' title='bbox 3185 2071 3524 2144; x_wconf 78' lang='grc' dir='ltr'><strong>μεταναστὰς</strong></span> <span class='ocrx_word' id='word_1_452' title='bbox 3568 2071 3762 2124; x_wconf 63' lang='grc' dir='ltr'><strong>ἄλλατί</strong></span> 
     </span>
    </p>
   </div>
   <div class='ocr_carea' id='block_1_62' title="bbox 2190 2161 3762 2239">
    <p class='ocr_par' dir='ltr' id='par_1_62' title="bbox 2190 2161 3762 2239">
     <span class='ocr_line' id='line_1_62' title="bbox 2190 2161 3762 2239; baseline -0.006 -18"><span class='ocrx_word' id='word_1_453' title='bbox 2190 2168 2345 2221; x_wconf 79' lang='grc' dir='ltr'>ἄλλον</span> <span class='ocrx_word' id='word_1_454' title='bbox 2394 2169 2662 2239; x_wconf 75' lang='grc' dir='ltr'><strong>ἐπήρχετο</strong></span> <span class='ocrx_word' id='word_1_455' title='bbox 2700 2167 2884 2233; x_wconf 88' lang='grc' dir='ltr'><strong>τόπον,</strong></span> <span class='ocrx_word' id='word_1_456' title='bbox 2915 2166 3020 2220; x_wconf 75' lang='grc' dir='ltr'><strong>ὑπὸ</strong></span> <span class='ocrx_word' id='word_1_457' title='bbox 3049 2166 3359 2236; x_wconf 77' lang='grc' dir='ltr'><strong>ἀμηχανίας</strong></span> <span class='ocrx_word' id='word_1_458' title='bbox 3403 2165 3516 2226; x_wconf 85' lang='grc' dir='ltr'><strong>τοῖς</strong></span> <span class='ocrx_word' id='word_1_459' title='bbox 3559 2161 3762 2230; x_wconf 71' lang='grc' dir='ltr'><strong>ἠθάσιν</strong></span> 
     </span>
    </p>
   </div>
   <div class='ocr_carea' id='block_1_63' title="bbox 2191 2250 3761 2329">
    <p class='ocr_par' dir='ltr' id='par_1_63' title="bbox 2191 2250 3761 2329">
     <span class='ocr_line' id='line_1_63' title="bbox 2191 2250 3761 2329; baseline -0.004 -16"><span class='ocrx_word' id='word_1_460' title='bbox 2191 2258 2493 2327; x_wconf 81' lang='grc' dir='ltr'><strong>ἀνθρώποις</strong></span> <span class='ocrx_word' id='word_1_461' title='bbox 2525 2257 2984 2329; x_wconf 73' lang='grc' dir='ltr'><strong>ἐπιπλανώμενος.</strong></span> <span class='ocrx_word' id='word_1_462' title='bbox 3019 2258 3128 2313; x_wconf 75' lang='grc' dir='ltr'><strong>Καὶ</strong></span> <span class='ocrx_word' id='word_1_463' title='bbox 3159 2257 3331 2320; x_wconf 74' lang='grc' dir='ltr'><strong>οὕτως</strong></span> <span class='ocrx_word' id='word_1_464' title='bbox 3359 2255 3416 2310; x_wconf 81' lang='grc' dir='ltr'><strong>δὲ</strong></span> <span class='ocrx_word' id='word_1_465' title='bbox 3444 2250 3761 2322; x_wconf 75' lang='grc' dir='ltr'><strong>κατελήφθη</strong></span> 
     </span>
    </p>
   </div>
   <div class='ocr_carea' id='block_1_64' title="bbox 2191 2339 3762 2419">
    <p class='ocr_par' dir='ltr' id='par_1_64' title="bbox 2191 2339 3762 2419">
     <span class='ocr_line' id='line_1_64' title="bbox 2191 2339 3762 2419; baseline -0.005 -18"><span class='ocrx_word' id='word_1_466' title='bbox 2191 2350 2295 2402; x_wconf 80' lang='grc' dir='ltr'><strong>ὑπὸ</strong></span> <span class='ocrx_word' id='word_1_467' title='bbox 2323 2348 2414 2402; x_wconf 82' lang='grc' dir='ltr'><strong>τοῦ</strong></span> <span class='ocrx_word' id='word_1_468' title='bbox 2440 2347 2609 2402; x_wconf 83' lang='grc' dir='ltr'><strong>Σαοὺλ</strong></span> <span class='ocrx_word' id='word_1_469' title='bbox 2646 2349 2983 2419; x_wconf 80' lang='grc' dir='ltr'><strong>πανστρατιᾷ</strong></span> <span class='ocrx_word' id='word_1_470' title='bbox 3026 2345 3404 2409; x_wconf 83' lang='grc' dir='ltr'><strong>κυκλώσαντος</strong></span> <span class='ocrx_word' id='word_1_471' title='bbox 3434 2344 3524 2396; x_wconf 82' lang='grc' dir='ltr'><strong>τὸν</strong></span> <span class='ocrx_word' id='word_1_472' title='bbox 3556 2339 3762 2411; x_wconf 85' lang='grc' dir='ltr'>γεώλο-</span> 
     </span>
    </p>
   </div>
   <div class='ocr_carea' id='block_1_65' title="bbox 2193 2419 3762 2512">
    <p class='ocr_par' dir='ltr' id='par_1_65' title="bbox 2193 2419 3762 2512">
     <span class='ocr_line' id='line_1_65' title="bbox 2193 2419 3762 2512; baseline -0.006 -19"><span class='ocrx_word' id='word_1_473' title='bbox 2193 2457 2312 2510; x_wconf 84' lang='grc' dir='ltr'><strong>φον,</strong></span> <span class='ocrx_word' id='word_1_474' title='bbox 2346 2442 2403 2493; x_wconf 98' lang='lat' dir='ltr'><strong>tv</strong></span> <span class='ocrx_word' id='word_1_475' title='bbox 2431 2433 2474 2508; x_wconf 84' lang='grc' dir='ltr'>ᾧ</span> <span class='ocrx_word' id='word_1_476' title='bbox 2506 2439 2642 2509; x_wconf 84' lang='grc' dir='ltr'><strong>μετὰ</strong></span> <span class='ocrx_word' id='word_1_477' title='bbox 2677 2438 2786 2492; x_wconf 81' lang='grc' dir='ltr'><strong>τῶν</strong></span> <span class='ocrx_word' id='word_1_478' title='bbox 2813 2439 2940 2512; x_wconf 76' lang='grc' dir='ltr'><strong>περὶ</strong></span> <span class='ocrx_word' id='word_1_479' title='bbox 2969 2437 3131 2491; x_wconf 82' lang='grc' dir='ltr'><strong>αὑτὸν</strong></span> <span class='ocrx_word' id='word_1_480' title='bbox 3157 2437 3186 2489; x_wconf 98' lang='lat'><strong>6</strong></span> <span class='ocrx_word' id='word_1_481' title='bbox 3210 2419 3372 2488; x_wconf 75' lang='grc' dir='ltr'><strong>Δαόὶδ</strong></span> <span class='ocrx_word' id='word_1_482' title='bbox 3404 2431 3762 2506; x_wconf 82' lang='grc' dir='ltr'><strong>προσφεύγει,</strong></span> 
     </span>
    </p>
   </div>
   <div class='ocr_carea' id='block_1_66' title="bbox 2193 2519 3768 2604">
    <p class='ocr_par' dir='ltr' id='par_1_66' title="bbox 2193 2519 3768 2604">
     <span class='ocr_line' id='line_1_66' title="bbox 2193 2519 3768 2604; baseline -0.006 -18"><span class='ocrx_word' id='word_1_483' title='bbox 2193 2533 2286 2586; x_wconf 77' lang='grc' dir='ltr'><strong>καὶ</strong></span> <span class='ocrx_word' id='word_1_484' title='bbox 2330 2532 2522 2595; x_wconf 81' lang='grc' dir='ltr'><strong>νυκτὸς</strong></span> <span class='ocrx_word' id='word_1_485' title='bbox 2553 2529 2818 2604; x_wconf 75' lang='grc' dir='ltr'><strong>ἀναϐολὴν</strong></span> <span class='ocrx_word' id='word_1_486' title='bbox 2851 2530 2988 2603; x_wconf 83' lang='grc' dir='ltr'><strong>πρὸς</strong></span> <span class='ocrx_word' id='word_1_487' title='bbox 3018 2529 3107 2583; x_wconf 85' lang='grc' dir='ltr'><strong>τὸν</strong></span> <span class='ocrx_word' id='word_1_488' title='bbox 3148 2528 3376 2581; x_wconf 80' lang='grc' dir='ltr'><strong>θάνατον</strong></span> <span class='ocrx_word' id='word_1_489' title='bbox 3398 2519 3564 2596; x_wconf 77' lang='grc' dir='ltr'><strong>αὐτῷ’</strong></span> <span class='ocrx_word' id='word_1_490' title='bbox 3588 2540 3768 2594; x_wconf 83' lang='grc' dir='ltr'><strong>παρα-</strong></span> 
     </span>
    </p>
   </div>
   <div class='ocr_carea' id='block_1_67' title="bbox 2195 2616 3767 2696">
    <p class='ocr_par' dir='ltr' id='par_1_67' title="bbox 2195 2616 3767 2696">
     <span class='ocr_line' id='line_1_67' title="bbox 2195 2616 3767 2696; baseline -0.007 -18"><span class='ocrx_word' id='word_1_491' title='bbox 2195 2625 2462 2696; x_wconf 83' lang='grc' dir='ltr'><strong>σχομένης</strong></span> <span class='ocrx_word' id='word_1_492' title='bbox 2489 2623 2805 2695; x_wconf 78' lang='grc' dir='ltr'><strong>(ὑπερέθετο</strong></span> <span class='ocrx_word' id='word_1_493' title='bbox 2832 2622 2940 2694; x_wconf 81' lang='grc' dir='ltr'><strong>γὰρ</strong></span> <span class='ocrx_word' id='word_1_494' title='bbox 2960 2625 2989 2676; x_wconf 90' lang='lat'><strong>6</strong></span> <span class='ocrx_word' id='word_1_495' title='bbox 3009 2620 3180 2676; x_wconf 81' lang='grc' dir='ltr'><strong>Σαοὺλ</strong></span> <span class='ocrx_word' id='word_1_496' title='bbox 3211 2620 3304 2675; x_wconf 69' lang='grc' dir='ltr'><strong>ἐπὶ</strong></span> <span class='ocrx_word' id='word_1_497' title='bbox 3330 2619 3420 2672; x_wconf 79' lang='grc' dir='ltr'><strong>τὸν</strong></span> <span class='ocrx_word' id='word_1_498' title='bbox 3444 2617 3638 2689; x_wconf 71' lang='grc' dir='ltr'><strong>ορθρον</strong></span> <span class='ocrx_word' id='word_1_499' title='bbox 3663 2616 3767 2686; x_wconf 65' lang='grc' dir='ltr'><strong>τὴν</strong></span> 
     </span>
    </p>
   </div>
   <div class='ocr_carea' id='block_1_68' title="bbox 2192 2704 3766 2787">
    <p class='ocr_par' dir='ltr' id='par_1_68' title="bbox 2192 2704 3766 2787">
     <span class='ocr_line' id='line_1_68' title="bbox 2192 2704 3766 2787; baseline -0.007 -17"><span class='ocrx_word' id='word_1_500' title='bbox 2192 2717 2286 2770; x_wconf 78' lang='grc' dir='ltr'><strong>τοῦ</strong></span> <span class='ocrx_word' id='word_1_501' title='bbox 2331 2715 2660 2787; x_wconf 82' lang='grc' dir='ltr'><strong>διωκομένου</strong></span> <span class='ocrx_word' id='word_1_502' title='bbox 2703 2715 2938 2784; x_wconf 81' lang='grc' dir='ltr'><strong>σφαγὴν)</strong></span> <span class='ocrx_word' id='word_1_503' title='bbox 2987 2713 3272 2783; x_wconf 76' lang='grc' dir='ltr'><strong>ἐφίσταται</strong></span> <span class='ocrx_word' id='word_1_504' title='bbox 3327 2713 3395 2782; x_wconf 84' lang='grc' dir='ltr'><strong>τῇ</strong></span> <span class='ocrx_word' id='word_1_505' title='bbox 3447 2710 3620 2779; x_wconf 78' lang='grc' dir='ltr'><strong>σκηνῇ</strong></span> <span class='ocrx_word' id='word_1_506' title='bbox 3667 2704 3766 2760; x_wconf 77' lang='grc' dir='ltr'><strong>τοῦ</strong></span> 
     </span>
    </p>
   </div>
   <div class='ocr_carea' id='block_1_69' title="bbox 2194 2799 3768 2879">
    <p class='ocr_par' dir='ltr' id='par_1_69' title="bbox 2194 2799 3768 2879">
     <span class='ocr_line' id='line_1_69' title="bbox 2194 2799 3768 2879; baseline -0.007 -16"><span class='ocrx_word' id='word_1_507' title='bbox 2194 2809 2474 2879; x_wconf 88' lang='grc' dir='ltr'><strong>πολεμίου,</strong></span> <span class='ocrx_word' id='word_1_508' title='bbox 2509 2808 2604 2861; x_wconf 67' lang='grc' dir='ltr'><strong>καὶ</strong></span> <span class='ocrx_word' id='word_1_509' title='bbox 2641 2805 2962 2861; x_wconf 76' lang='grc' dir='ltr'><strong>καταλαϐὼν</strong></span> <span class='ocrx_word' id='word_1_510' title='bbox 2996 2805 3088 2858; x_wconf 83' lang='grc' dir='ltr'><strong>ὲπί</strong></span> <span class='ocrx_word' id='word_1_511' title='bbox 3115 2821 3258 2867; x_wconf 88' lang='grc' dir='ltr'><strong>τινος</strong></span> <span class='ocrx_word' id='word_1_512' title='bbox 3288 2803 3449 2873; x_wconf 75' lang='grc' dir='ltr'><strong>εὐνῆς</strong></span> <span class='ocrx_word' id='word_1_513' title='bbox 3475 2799 3768 2870; x_wconf 81' lang='grc' dir='ltr'><strong>λελυμένον</strong></span> 
     </span>
    </p>
   </div>
   <div class='ocr_carea' id='block_1_70' title="bbox 2195 2889 3769 2971">
    <p class='ocr_par' dir='ltr' id='par_1_70' title="bbox 2195 2889 3769 2971">
     <span class='ocr_line' id='line_1_70' title="bbox 2195 2889 3769 2971; baseline -0.007 -18"><span class='ocrx_word' id='word_1_514' title='bbox 2195 2898 2272 2971; x_wconf 80' lang='grc' dir='ltr'><strong>τῷ</strong></span> <span class='ocrx_word' id='word_1_515' title='bbox 2306 2899 2476 2970; x_wconf 75' lang='grc' dir='ltr'><strong>ὕπνῳ,</strong></span> <span class='ocrx_word' id='word_1_516' title='bbox 2506 2899 2567 2952; x_wconf 86' lang='grc' dir='ltr'><strong>ού</strong></span> <span class='ocrx_word' id='word_1_517' title='bbox 2597 2897 2753 2970; x_wconf 84' lang='grc' dir='ltr'><strong>μόνον</strong></span> <span class='ocrx_word' id='word_1_518' title='bbox 2777 2897 2874 2970; x_wconf 82' lang='grc' dir='ltr'><strong>τὴν</strong></span> <span class='ocrx_word' id='word_1_519' title='bbox 2911 2897 3046 2952; x_wconf 79' lang='grc' dir='ltr'><strong>ἰδίαν</strong></span> <span class='ocrx_word' id='word_1_520' title='bbox 3072 2895 3302 2965; x_wconf 72' lang='grc' dir='ltr'><strong>ἐπέσχεν</strong></span> <span class='ocrx_word' id='word_1_521' title='bbox 3327 2895 3481 2964; x_wconf 66' lang='grc' dir='ltr'><strong>χεῖρα</strong></span> <span class='ocrx_word' id='word_1_522' title='bbox 3505 2889 3769 2944; x_wconf 83' lang='grc' dir='ltr'><strong>σπεύδου-</strong></span> 
     </span>
    </p>
   </div>
   <div class='ocr_carea' id='block_1_71' title="bbox 2200 2981 3767 3062">
    <p class='ocr_par' dir='ltr' id='par_1_71' title="bbox 2200 2981 3767 3062">
     <span class='ocr_line' id='line_1_71' title="bbox 2200 2981 3767 3062; baseline -0.006 -17"><span class='ocrx_word' id='word_1_523' title='bbox 2200 3010 2297 3047; x_wconf 89' lang='grc' dir='ltr'><strong>σαν</strong></span> <span class='ocrx_word' id='word_1_524' title='bbox 2338 2994 2467 3055; x_wconf 80' lang='grc' dir='ltr'><strong>ἴσως</strong></span> <span class='ocrx_word' id='word_1_525' title='bbox 2520 2991 2598 3062; x_wconf 83' lang='grc' dir='ltr'><strong>τῷ</strong></span> <span class='ocrx_word' id='word_1_526' title='bbox 2641 2990 2799 3061; x_wconf 82' lang='grc' dir='ltr'><strong>θυμῷ</strong></span> <span class='ocrx_word' id='word_1_527' title='bbox 2843 2987 3190 3062; x_wconf 83' lang='grc' dir='ltr'><strong>χαρίσασθαι,</strong></span> <span class='ocrx_word' id='word_1_528' title='bbox 3221 2986 3356 3042; x_wconf 78' lang='grc' dir='ltr'>ἀλλὰ</span> <span class='ocrx_word' id='word_1_529' title='bbox 3394 2985 3487 3040; x_wconf 81' lang='grc' dir='ltr'><strong>καὶ</strong></span> <span class='ocrx_word' id='word_1_530' title='bbox 3522 2983 3614 3043; x_wconf 74' lang='grc' dir='ltr'><strong>τὸν</strong></span> <span class='ocrx_word' id='word_1_531' title='bbox 3661 2981 3767 3038; x_wconf 80' lang='grc' dir='ltr'><strong>ὑπ·</strong></span> 
     </span>
    </p>
   </div>
   <div class='ocr_carea' id='block_1_72' title="bbox 2198 3076 3770 3157">
    <p class='ocr_par' dir='ltr' id='par_1_72' title="bbox 2198 3076 3770 3157">
     <span class='ocr_line' id='line_1_72' title="bbox 2198 3076 3770 3157; baseline -0.006 -19"><span class='ocrx_word' id='word_1_532' title='bbox 2198 3084 2467 3157; x_wconf 81' lang='grc' dir='ltr'><strong>ασπιστὴν</strong></span> <span class='ocrx_word' id='word_1_533' title='bbox 2490 3086 2590 3157; x_wconf 74' lang='grc' dir='ltr'><strong>ήδη</strong></span> <span class='ocrx_word' id='word_1_534' title='bbox 2624 3083 2767 3139; x_wconf 81' lang='grc' dir='ltr'><strong>κατὰ</strong></span> <span class='ocrx_word' id='word_1_535' title='bbox 2795 3083 2889 3137; x_wconf 77' lang='grc' dir='ltr'><strong>τοῦ</strong></span> <span class='ocrx_word' id='word_1_536' title='bbox 2916 3083 3090 3139; x_wconf 79' lang='grc' dir='ltr'><strong>Σαοὺλ</strong></span> <span class='ocrx_word' id='word_1_537' title='bbox 3119 3081 3254 3153; x_wconf 78' lang='grc' dir='ltr'><strong>πρὸς</strong></span> <span class='ocrx_word' id='word_1_538' title='bbox 3275 3079 3374 3154; x_wconf 85' lang='grc' dir='ltr'><strong>τὴν</strong></span> <span class='ocrx_word' id='word_1_539' title='bbox 3414 3076 3628 3148; x_wconf 72' lang='grc' dir='ltr'><strong>σφαγὴν</strong></span> <span class='ocrx_word' id='word_1_540' title='bbox 3646 3077 3770 3129; x_wconf 72' lang='lat' dir='ltr'><strong>tm-</strong></span> 
     </span>
    </p>
   </div>
   <div class='ocr_carea' id='block_1_73' title="bbox 2199 3170 3771 3251">
    <p class='ocr_par' dir='ltr' id='par_1_73' title="bbox 2199 3170 3771 3251">
     <span class='ocr_line' id='line_1_73' title="bbox 2199 3170 3771 3251; baseline -0.005 -19"><span class='ocrx_word' id='word_1_541' title='bbox 2199 3178 2447 3248; x_wconf 77' lang='grc' dir='ltr'><strong>κύψαντα</strong></span> <span class='ocrx_word' id='word_1_542' title='bbox 2495 3178 2544 3249; x_wconf 83' lang='grc' dir='ltr'><strong>(ι</strong></span> <span class='ocrx_word' id='word_1_543' title='bbox 2596 3176 2877 3243; x_wconf 69' lang='grc' dir='ltr'><strong>Πατάξω»</strong></span> <span class='ocrx_word' id='word_1_544' title='bbox 2918 3177 3050 3251; x_wconf 82' lang='grc' dir='ltr'>γὰρ,</span> <span class='ocrx_word' id='word_1_545' title='bbox 3094 3176 3278 3247; x_wconf 64' lang='grc' dir='ltr'><strong>φησιν,</strong></span> <span class='ocrx_word' id='word_1_546' title='bbox 3324 3192 3343 3226; x_wconf 83' lang='grc' dir='ltr'><strong>ι</strong></span> <span class='ocrx_word' id='word_1_547' title='bbox 3378 3172 3469 3228; x_wconf 76' lang='grc' dir='ltr'><strong>καὶ</strong></span> <span class='ocrx_word' id='word_1_548' title='bbox 3497 3172 3558 3228; x_wconf 79' lang='grc' dir='ltr'>οὐ</span> <span class='ocrx_word' id='word_1_549' title='bbox 3587 3170 3771 3224; x_wconf 80' lang='grc' dir='ltr'><strong>δευτε-</strong></span> 
     </span>
    </p>
   </div>
   <div class='ocr_carea' id='block_1_74' title="bbox 2125 3259 3772 3374">
    <p class='ocr_par' dir='ltr' id='par_1_74' title="bbox 2125 3259 3772 3374">
     <span class='ocr_line' id='line_1_74' title="bbox 2125 3259 3772 3374; baseline -0.01 -50"><span class='ocrx_word' id='word_1_550' title='bbox 2125 3317 2166 3374; x_wconf 79' lang='lat' dir='ltr'><strong><em>C</em></strong></span> <span class='ocrx_word' id='word_1_551' title='bbox 2202 3269 2361 3340; x_wconf 81' lang='grc' dir='ltr'><strong>ρώσω</strong></span> <span class='ocrx_word' id='word_1_552' title='bbox 2408 3270 2457 3342; x_wconf 83' lang='grc' dir='ltr'><strong>ι)</strong></span> <span class='ocrx_word' id='word_1_553' title='bbox 2497 3270 2701 3339; x_wconf 82' lang='grc' dir='ltr'><strong>ἀπάγει</strong></span> <span class='ocrx_word' id='word_1_554' title='bbox 2741 3269 2841 3341; x_wconf 80' lang='grc' dir='ltr'><strong>τῆς</strong></span> <span class='ocrx_word' id='word_1_555' title='bbox 2885 3269 3060 3340; x_wconf 82' lang='grc' dir='ltr'><strong>ὁρμῆς</strong></span> <span class='ocrx_word' id='word_1_556' title='bbox 3105 3271 3171 3339; x_wconf 81' lang='grc' dir='ltr'><strong>τῇ</strong></span> <span class='ocrx_word' id='word_1_557' title='bbox 3219 3265 3426 3374; x_wconf 52' lang='grc' dir='ltr'><strong>μεγάλη</strong></span> <span class='ocrx_word' id='word_1_558' title='bbox 3460 3262 3632 3374; x_wconf 49' lang='grc' dir='ltr'><strong>ταύτῃ</strong></span> <span class='ocrx_word' id='word_1_559' title='bbox 3674 3259 3772 3374; x_wconf 50' lang='grc' dir='ltr'><strong>καὶ</strong></span> 
     </span>
    </p>
   </div>
   <div class='ocr_carea' id='block_1_75' title="bbox 2202 3352 3774 3434">
    <p class='ocr_par' dir='ltr' id='par_1_75' title="bbox 2202 3352 3774 3434">
     <span class='ocr_line' id='line_1_75' title="bbox 2202 3352 3774 3434; baseline -0.006 -20"><span class='ocrx_word' id='word_1_560' title='bbox 2202 3362 2432 3432; x_wconf 82' lang='grc' dir='ltr'><strong>ἁοιδίμῳ</strong></span> <span class='ocrx_word' id='word_1_561' title='bbox 2462 3365 2634 3433; x_wconf 80' lang='grc' dir='ltr'><strong>φωνῇ,</strong></span> <span class='ocrx_word' id='word_1_562' title='bbox 2673 3380 2692 3414; x_wconf 82' lang='grc' dir='ltr'><strong>ι</strong></span> <span class='ocrx_word' id='word_1_563' title='bbox 2732 3361 2828 3433; x_wconf 80' lang='grc' dir='ltr'><strong>Μὴ</strong></span> <span class='ocrx_word' id='word_1_564' title='bbox 2867 3359 3205 3434; x_wconf 85' lang='grc' dir='ltr'><strong>διαφθείρης,</strong></span> <span class='ocrx_word' id='word_1_565' title='bbox 3243 3376 3264 3412; x_wconf 75' lang='grc' dir='ltr'><strong>ο</strong></span> <span class='ocrx_word' id='word_1_566' title='bbox 3297 3356 3486 3422; x_wconf 76' lang='grc' dir='ltr'><strong>εἰπὼν,</strong></span> <span class='ocrx_word' id='word_1_567' title='bbox 3513 3356 3606 3410; x_wconf 81' lang='grc' dir='ltr'><strong>τὸν</strong></span> <span class='ocrx_word' id='word_1_568' title='bbox 3633 3352 3774 3424; x_wconf 76' lang='grc' dir='ltr'><strong>πρὸς</strong></span> 
     </span>
    </p>
   </div>
   <div class='ocr_carea' id='block_1_76' title="bbox 2200 3443 3772 3526">
    <p class='ocr_par' dir='ltr' id='par_1_76' title="bbox 2200 3443 3772 3526">
     <span class='ocr_line' id='line_1_76' title="bbox 2200 3443 3772 3526; baseline -0.006 -19"><span class='ocrx_word' id='word_1_569' title='bbox 2200 3453 2299 3525; x_wconf 83' lang='grc' dir='ltr'><strong>τὴν</strong></span> <span class='ocrx_word' id='word_1_570' title='bbox 2330 3453 2452 3507; x_wconf 88' lang='grc' dir='ltr'><strong>καθ’</strong></span> <span class='ocrx_word' id='word_1_571' title='bbox 2477 3453 2633 3526; x_wconf 81' lang='grc' dir='ltr'><strong>ἡμῶν</strong></span> <span class='ocrx_word' id='word_1_572' title='bbox 2673 3451 2967 3524; x_wconf 86' lang='grc' dir='ltr'><strong>διαφθορὰν</strong></span> <span class='ocrx_word' id='word_1_573' title='bbox 3009 3450 3381 3520; x_wconf 71' lang='grc' dir='ltr'><strong>ἐπειγόμενον.</strong></span> <span class='ocrx_word' id='word_1_574' title='bbox 3431 3447 3505 3500; x_wconf 85' lang='grc' dir='ltr'><strong>Οὐ</strong></span> <span class='ocrx_word' id='word_1_575' title='bbox 3533 3444 3690 3505; x_wconf 79' lang='grc' dir='ltr'><strong>τοῦτο</strong></span> <span class='ocrx_word' id='word_1_576' title='bbox 3712 3443 3772 3498; x_wconf 66' lang='grc' dir='ltr'><strong>δὲ</strong></span> 
     </span>
    </p>
   </div>
   <div class='ocr_carea' id='block_1_77' title="bbox 2205 3536 3771 3618">
    <p class='ocr_par' dir='ltr' id='par_1_77' title="bbox 2205 3536 3771 3618">
     <span class='ocr_line' id='line_1_77' title="bbox 2205 3536 3771 3618; baseline -0.007 -19"><span class='ocrx_word' id='word_1_577' title='bbox 2205 3545 2364 3618; x_wconf 84' lang='grc' dir='ltr'><strong>μόνον</strong></span> <span class='ocrx_word' id='word_1_578' title='bbox 2421 3545 2568 3598; x_wconf 75' lang='grc' dir='ltr'><strong>ἐστὶν</strong></span> <span class='ocrx_word' id='word_1_579' title='bbox 2608 3545 2666 3598; x_wconf 82' lang='grc' dir='ltr'><strong>τὸ</strong></span> <span class='ocrx_word' id='word_1_580' title='bbox 2715 3542 3022 3614; x_wconf 79' lang='grc' dir='ltr'><strong>θαυμαστὸν</strong></span> <span class='ocrx_word' id='word_1_581' title='bbox 3072 3545 3131 3596; x_wconf 89' lang='lat' dir='ltr'><strong>tv</strong></span> <span class='ocrx_word' id='word_1_582' title='bbox 3181 3540 3260 3611; x_wconf 85' lang='grc' dir='ltr'><strong>τῷ</strong></span> <span class='ocrx_word' id='word_1_583' title='bbox 3315 3539 3634 3613; x_wconf 81' lang='grc' dir='ltr'><strong>πράγματι,</strong></span> <span class='ocrx_word' id='word_1_584' title='bbox 3688 3536 3771 3589; x_wconf 80' lang='grc' dir='ltr'><strong>ὅτι</strong></span> 
     </span>
    </p>
   </div>
   <div class='ocr_carea' id='block_1_78' title="bbox 2203 3628 3774 3708">
    <p class='ocr_par' dir='ltr' id='par_1_78' title="bbox 2203 3628 3774 3708">
     <span class='ocr_line' id='line_1_78' title="bbox 2203 3628 3774 3708; baseline -0.006 -18"><span class='ocrx_word' id='word_1_585' title='bbox 2203 3636 2346 3707; x_wconf 83' lang='grc' dir='ltr'><strong>ζωὴν</strong></span> <span class='ocrx_word' id='word_1_586' title='bbox 2383 3635 2662 3708; x_wconf 80' lang='grc' dir='ltr'><strong>χαρίζεται</strong></span> <span class='ocrx_word' id='word_1_587' title='bbox 2701 3634 2776 3703; x_wconf 81' lang='grc' dir='ltr'><strong>τῷ</strong></span> <span class='ocrx_word' id='word_1_588' title='bbox 2821 3634 2961 3688; x_wconf 78' lang='grc' dir='ltr'><strong>κατὰ</strong></span> <span class='ocrx_word' id='word_1_589' title='bbox 3008 3633 3108 3703; x_wconf 81' lang='grc' dir='ltr'><strong>τῆς</strong></span> <span class='ocrx_word' id='word_1_590' title='bbox 3153 3632 3297 3702; x_wconf 78' lang='grc' dir='ltr'><strong>ζωῆς</strong></span> <span class='ocrx_word' id='word_1_591' title='bbox 3342 3628 3504 3683; x_wconf 81' lang='grc' dir='ltr'><strong>αὐτοῦ</strong></span> <span class='ocrx_word' id='word_1_592' title='bbox 3557 3628 3774 3684; x_wconf 72' lang='grc' dir='ltr'><strong>ἅπαντα</strong></span> 
     </span>
    </p>
   </div>
   <div class='ocr_carea' id='block_1_79' title="bbox 2203 3719 3773 3802">
    <p class='ocr_par' dir='ltr' id='par_1_79' title="bbox 2203 3719 3773 3802">
     <span class='ocr_line' id='line_1_79' title="bbox 2203 3719 3773 3802; baseline -0.008 -19"><span class='ocrx_word' id='word_1_593' title='bbox 2203 3729 2522 3802; x_wconf 84' lang='grc' dir='ltr'><strong>πράσσοντι,</strong></span> <span class='ocrx_word' id='word_1_594' title='bbox 2571 3728 2685 3783; x_wconf 80' lang='grc' dir='ltr'>ἀλλ’</span> <span class='ocrx_word' id='word_1_595' title='bbox 2713 3729 2794 3782; x_wconf 82' lang='grc' dir='ltr'><strong>ὅτι</strong></span> <span class='ocrx_word' id='word_1_596' title='bbox 2829 3726 2964 3799; x_wconf 80' lang='grc' dir='ltr'><strong>πρὸς</strong></span> <span class='ocrx_word' id='word_1_597' title='bbox 2993 3725 3269 3797; x_wconf 82' lang='grc' dir='ltr'><strong>βασιλείαν</strong></span> <span class='ocrx_word' id='word_1_598' title='bbox 3292 3723 3532 3796; x_wconf 71' lang='grc' dir='ltr'><strong>χρισθεὶς</strong></span> <span class='ocrx_word' id='word_1_599' title='bbox 3556 3723 3585 3778; x_wconf 89' lang='lat'><strong>6</strong></span> <span class='ocrx_word' id='word_1_600' title='bbox 3610 3719 3773 3777; x_wconf 79' lang='grc' dir='ltr'><strong>Δασὶδ</strong></span> 
     </span>
    </p>
   </div>
   <div class='ocr_carea' id='block_1_80' title="bbox 2204 3809 3774 3893">
    <p class='ocr_par' dir='ltr' id='par_1_80' title="bbox 2204 3809 3774 3893">
     <span class='ocr_line' id='line_1_80' title="bbox 2204 3809 3774 3893; baseline -0.01 -16"><span class='ocrx_word' id='word_1_601' title='bbox 2204 3823 2300 3877; x_wconf 76' lang='grc' dir='ltr'><strong>καὶ</strong></span> <span class='ocrx_word' id='word_1_602' title='bbox 2321 3821 2497 3886; x_wconf 79' lang='grc' dir='ltr'><strong>εἰδὼς,</strong></span> <span class='ocrx_word' id='word_1_603' title='bbox 2525 3821 2600 3893; x_wconf 84' lang='grc' dir='ltr'><strong>μὴ</strong></span> <span class='ocrx_word' id='word_1_604' title='bbox 2630 3819 2742 3893; x_wconf 83' lang='grc' dir='ltr'><strong>[ἂν]</strong></span> <span class='ocrx_word' id='word_1_605' title='bbox 2765 3819 2938 3882; x_wconf 85' lang='grc' dir='ltr'><strong>ἄλλως</strong></span> <span class='ocrx_word' id='word_1_606' title='bbox 2961 3819 3248 3889; x_wconf 81' lang='grc' dir='ltr'><strong>μετασχεῖν</strong></span> <span class='ocrx_word' id='word_1_607' title='bbox 3267 3815 3359 3871; x_wconf 81' lang='grc' dir='ltr'><strong>τοῦ</strong></span> <span class='ocrx_word' id='word_1_608' title='bbox 3379 3814 3702 3885; x_wconf 80' lang='grc' dir='ltr'><strong>ἀξιώματος,</strong></span> <span class='ocrx_word' id='word_1_609' title='bbox 3725 3809 3774 3862; x_wconf 81' lang='grc' dir='ltr'><strong>εί</strong></span> 
     </span>
    </p>
   </div>
   <div class='ocr_carea' id='block_1_81' title="bbox 2208 3898 3776 3986">
    <p class='ocr_par' dir='ltr' id='par_1_81' title="bbox 2208 3898 3776 3986">
     <span class='ocr_line' id='line_1_81' title="bbox 2208 3898 3776 3986; baseline -0.009 -19"><span class='ocrx_word' id='word_1_610' title='bbox 2208 3913 2284 3986; x_wconf 82' lang='grc' dir='ltr'><strong>μὴ</strong></span> <span class='ocrx_word' id='word_1_611' title='bbox 2311 3915 2378 3968; x_wconf 84' lang='grc' dir='ltr'><strong>ὲκ</strong></span> <span class='ocrx_word' id='word_1_612' title='bbox 2404 3914 2578 3967; x_wconf 87' lang='grc' dir='ltr'><strong>ποδῶν</strong></span> <span class='ocrx_word' id='word_1_613' title='bbox 2607 3913 2816 3982; x_wconf 80' lang='grc' dir='ltr'><strong>γένοιτο</strong></span> <span class='ocrx_word' id='word_1_614' title='bbox 2841 3911 2870 3963; x_wconf 91' lang='lat'><strong>6</strong></span> <span class='ocrx_word' id='word_1_615' title='bbox 2899 3908 3070 3965; x_wconf 81' lang='grc' dir='ltr'><strong>Σαούλ</strong></span> <span class='ocrx_word' id='word_1_616' title='bbox 3095 3926 3109 3940; x_wconf 87' lang='grc'><strong>·</strong></span> <span class='ocrx_word' id='word_1_617' title='bbox 3157 3911 3402 3979; x_wconf 86' lang='grc' dir='ltr'><strong>κρεῖττον</strong></span> <span class='ocrx_word' id='word_1_618' title='bbox 3432 3906 3646 3975; x_wconf 71' lang='grc' dir='ltr'><strong>ἔκρινεν</strong></span> <span class='ocrx_word' id='word_1_619' title='bbox 3688 3898 3776 3954; x_wconf 76' lang='grc' dir='ltr'><strong>διὰ</strong></span> 
     </span>
    </p>
   </div>
   <div class='ocr_carea' id='block_1_82' title="bbox 2203 3992 3776 4076">
    <p class='ocr_par' dir='ltr' id='par_1_82' title="bbox 2203 3992 3776 4076">
     <span class='ocr_line' id='line_1_82' title="bbox 2203 3992 3776 4076; baseline -0.009 -17"><span class='ocrx_word' id='word_1_620' title='bbox 2203 4007 2304 4076; x_wconf 82' lang='grc' dir='ltr'><strong>τῆς</strong></span> <span class='ocrx_word' id='word_1_621' title='bbox 2345 4004 2724 4076; x_wconf 80' lang='grc' dir='ltr'><strong>μακροθυμίας</strong></span> <span class='ocrx_word' id='word_1_622' title='bbox 2755 4002 3085 4066; x_wconf 81' lang='grc' dir='ltr'><strong>κακοπαθεῖν</strong></span> <span class='ocrx_word' id='word_1_623' title='bbox 3132 4003 3190 4055; x_wconf 85' lang='lat' dir='ltr'><strong>tv</strong></span> <span class='ocrx_word' id='word_1_624' title='bbox 3236 3999 3473 4068; x_wconf 79' lang='grc' dir='ltr'><strong>ἰδιωτικῇ</strong></span> <span class='ocrx_word' id='word_1_625' title='bbox 3522 3992 3776 4048; x_wconf 85' lang='grc' dir='ltr'><strong>ταπεινό-</strong></span> 
     </span>
    </p>
   </div>
   <div class='ocr_carea' id='block_1_83' title="bbox 2205 4082 3778 4169">
    <p class='ocr_par' dir='ltr' id='par_1_83' title="bbox 2205 4082 3778 4169">
     <span class='ocr_line' id='line_1_83' title="bbox 2205 4082 3778 4169; baseline -0.012 -18"><span class='ocrx_word' id='word_1_626' title='bbox 2205 4115 2348 4169; x_wconf 87' lang='grc' dir='ltr'><strong>τητι,</strong></span> <span class='ocrx_word' id='word_1_627' title='bbox 2381 4096 2415 4168; x_wconf 83' lang='grc' dir='ltr'>ἢ</span> <span class='ocrx_word' id='word_1_628' title='bbox 2441 4095 2608 4165; x_wconf 78' lang='grc' dir='ltr'><strong>θυμὸν</strong></span> <span class='ocrx_word' id='word_1_629' title='bbox 2641 4094 2782 4149; x_wconf 87' lang='grc' dir='ltr'><strong>κατὰ</strong></span> <span class='ocrx_word' id='word_1_630' title='bbox 2808 4091 2902 4147; x_wconf 80' lang='grc' dir='ltr'><strong>τοῦ</strong></span> <span class='ocrx_word' id='word_1_631' title='bbox 2941 4089 3302 4160; x_wconf 82' lang='grc' dir='ltr'><strong>λελυπηκότος</strong></span> <span class='ocrx_word' id='word_1_632' title='bbox 3328 4085 3628 4156; x_wconf 72' lang='grc' dir='ltr'><strong>ἐκπλήσας.</strong></span> <span class='ocrx_word' id='word_1_633' title='bbox 3657 4082 3778 4133; x_wconf 78' lang='grc' dir='ltr'><strong>ἐπι-</strong></span> 
     </span>
    </p>
   </div>
   <div class='ocr_carea' id='block_1_84' title="bbox 2208 4174 3778 4260">
    <p class='ocr_par' dir='ltr' id='par_1_84' title="bbox 2208 4174 3778 4260">
     <span class='ocr_line' id='line_1_84' title="bbox 2208 4174 3778 4260; baseline -0.008 -18"><span class='ocrx_word' id='word_1_634' title='bbox 2208 4190 2366 4260; x_wconf 78' lang='grc' dir='ltr'><strong>ϐῆναι</strong></span> <span class='ocrx_word' id='word_1_635' title='bbox 2395 4188 2496 4258; x_wconf 78' lang='grc' dir='ltr'><strong>τῆς</strong></span> <span class='ocrx_word' id='word_1_636' title='bbox 2546 4185 2838 4258; x_wconf 85' lang='grc' dir='ltr'><strong>βασιλείας.</strong></span> <span class='ocrx_word' id='word_1_637' title='bbox 2887 4183 2987 4238; x_wconf 77' lang='grc' dir='ltr'><strong>Διὰ</strong></span> <span class='ocrx_word' id='word_1_638' title='bbox 3030 4181 3192 4236; x_wconf 79' lang='grc' dir='ltr'><strong>τοῦτο</strong></span> <span class='ocrx_word' id='word_1_639' title='bbox 3237 4175 3678 4250; x_wconf 78' lang='grc' dir='ltr'><strong>συμπεριγρὰφει</strong></span> 
     </span>
    </p>
   </div>
   <div class='ocr_carea' id='block_1_85' title="bbox 2207 4257 3780 4350">
    <p class='ocr_par' dir='ltr' id='par_1_85' title="bbox 2207 4257 3780 4350">
     <span class='ocr_line' id='line_1_85' title="bbox 2207 4257 3780 4350; baseline -0.015 -18"><span class='ocrx_word' id='word_1_640' title='bbox 2207 4257 2305 4350; x_wconf 65' lang='grc' dir='ltr'><strong>τῆς</strong></span> <span class='ocrx_word' id='word_1_641' title='bbox 2333 4257 2739 4349; x_wconf 84' lang='grc' dir='ltr'><strong>φιλανθρωπίας</strong></span> <span class='ocrx_word' id='word_1_642' title='bbox 2761 4274 2931 4343; x_wconf 80' lang='grc' dir='ltr'><strong>φωνῇ,</strong></span> <span class='ocrx_word' id='word_1_643' title='bbox 2963 4270 3044 4337; x_wconf 78' lang='grc' dir='ltr'><strong>τὸ,</strong></span> <span class='ocrx_word' id='word_1_644' title='bbox 3065 4288 3083 4319; x_wconf 76' lang='grc' dir='ltr'><strong>ι</strong></span> <span class='ocrx_word' id='word_1_645' title='bbox 3105 4269 3235 4322; x_wconf 83' lang='grc' dir='ltr'><strong>’Ότε</strong></span> <span class='ocrx_word' id='word_1_646' title='bbox 3262 4262 3575 4320; x_wconf 80' lang='grc' dir='ltr'><strong>ἀπέστειλεν</strong></span> <span class='ocrx_word' id='word_1_647' title='bbox 3605 4257 3780 4350; x_wconf 60' lang='grc' dir='ltr'><strong>Σαούλ</strong></span> 
     </span>
    </p>
   </div>
   <div class='ocr_carea' id='block_1_86' title="bbox 2209 4349 3781 4434">
    <p class='ocr_par' dir='ltr' id='par_1_86' title="bbox 2209 4349 3781 4434">
     <span class='ocr_line' id='line_1_86' title="bbox 2209 4349 3781 4434; baseline -0.014 -10"><span class='ocrx_word' id='word_1_648' title='bbox 2209 4349 2289 4434; x_wconf 86' lang='grc' dir='ltr'><strong>εἰς</strong></span> <span class='ocrx_word' id='word_1_649' title='bbox 2313 4371 2410 4424; x_wconf 75' lang='grc' dir='ltr'><strong>τὸν</strong></span> <span class='ocrx_word' id='word_1_650' title='bbox 2440 4363 2587 4421; x_wconf 82' lang='grc' dir='ltr'><strong>οἷκον</strong></span> <span class='ocrx_word' id='word_1_651' title='bbox 2623 4365 2805 4428; x_wconf 72' lang='grc' dir='ltr'><strong>Δαϐὶδ,</strong></span> <span class='ocrx_word' id='word_1_652' title='bbox 2839 4364 2926 4419; x_wconf 78' lang='grc' dir='ltr'><strong>τοῦ</strong></span> <span class='ocrx_word' id='word_1_653' title='bbox 2959 4359 3262 4415; x_wconf 81' lang='grc' dir='ltr'><strong>θανατῶσαι</strong></span> <span class='ocrx_word' id='word_1_654' title='bbox 3297 4354 3476 4416; x_wconf 74' lang='grc' dir='ltr'><strong>αὐτόν.</strong></span> <span class='ocrx_word' id='word_1_655' title='bbox 3507 4371 3526 4404; x_wconf 76' lang='grc' dir='ltr'><strong>ι</strong></span> <span class='ocrx_word' id='word_1_656' title='bbox 3568 4352 3640 4406; x_wconf 85' lang='grc' dir='ltr'><strong>Ού</strong></span> <span class='ocrx_word' id='word_1_657' title='bbox 3670 4349 3781 4420; x_wconf 77' lang='grc' dir='ltr'>γὰρ</span> 
     </span>
    </p>
   </div>
   <div class='ocr_carea' id='block_1_87' title="bbox 2211 4441 3782 4534">
    <p class='ocr_par' dir='ltr' id='par_1_87' title="bbox 2211 4441 3782 4534">
     <span class='ocr_line' id='line_1_87' title="bbox 2211 4441 3782 4534; baseline -0.015 -17"><span class='ocrx_word' id='word_1_658' title='bbox 2211 4464 2333 4517; x_wconf 86' lang='grc' dir='ltr'><strong>τότε</strong></span> <span class='ocrx_word' id='word_1_659' title='bbox 2373 4459 2596 4534; x_wconf 71' lang='grc' dir='ltr'><strong>ἐρρέθη,</strong></span> <span class='ocrx_word' id='word_1_660' title='bbox 2645 4460 2733 4512; x_wconf 83' lang='grc' dir='ltr'><strong>ὅτε</strong></span> <span class='ocrx_word' id='word_1_661' title='bbox 2771 4454 2942 4510; x_wconf 78' lang='grc' dir='ltr'><strong>ταῦτα</strong></span> <span class='ocrx_word' id='word_1_662' title='bbox 2998 4453 3229 4523; x_wconf 76' lang='grc' dir='ltr'><strong>ἐγένετο,</strong></span> <span class='ocrx_word' id='word_1_663' title='bbox 3270 4447 3406 4503; x_wconf 86' lang='grc' dir='ltr'><strong>ἀλλά</strong></span> <span class='ocrx_word' id='word_1_664' title='bbox 3453 4441 3782 4534; x_wconf 39' lang='grc' dir='ltr'><strong>προφέρει-ὸ</strong></span> 
     </span>
    </p>
   </div>
   <div class='ocr_carea' id='block_1_88' title="bbox 2212 4529 3781 4624">
    <p class='ocr_par' dir='ltr' id='par_1_88' title="bbox 2212 4529 3781 4624">
     <span class='ocr_line' id='line_1_88' title="bbox 2212 4529 3781 4624; baseline -0.015 -14"><span class='ocrx_word' id='word_1_665' title='bbox 2212 4529 2466 4624; x_wconf 83' lang='grc' dir='ltr'><strong>λόγος</strong></span> <span class='ocrx_word' id='word_1_666' title='bbox 2625 4550 2719 4604; x_wconf 80' lang='grc' dir='ltr'><strong>τοῦ</strong></span> <span class='ocrx_word' id='word_1_667' title='bbox 2755 4550 3027 4620; x_wconf 80' lang='grc' dir='ltr'><strong>θαύματος</strong></span> <span class='ocrx_word' id='word_1_668' title='bbox 3059 4545 3326 4607; x_wconf 78' lang='grc' dir='ltr'><strong>ἐπίτασιν,</strong></span> <span class='ocrx_word' id='word_1_669' title='bbox 3370 4541 3450 4594; x_wconf 80' lang='grc' dir='ltr'><strong>ὅτι</strong></span> <span class='ocrx_word' id='word_1_670' title='bbox 3493 4537 3666 4592; x_wconf 81' lang='grc' dir='ltr'><strong>ταῦτα</strong></span> <span class='ocrx_word' id='word_1_671' title='bbox 3700 4529 3781 4588; x_wconf 77' lang='grc' dir='ltr'><strong>εἷ·-</strong></span> 
     </span>
    </p>
   </div>
   <div class='ocr_carea' id='block_1_89' title="bbox 540 4629 2096 4722">
    <p class='ocr_par' dir='ltr' id='par_1_89' title="bbox 540 4635 2096 4713">
     <span class='ocr_line' id='line_1_89' title="bbox 540 4635 2096 4713; baseline 0.003 -21"><span class='ocrx_word' id='word_1_672' title='bbox 540 4635 777 4708; x_wconf 86' lang='lat' dir='ltr'><strong>additur,</strong></span> <span class='ocrx_word' id='word_1_673' title='bbox 816 4649 874 4697; x_wconf 92' lang='lat' dir='ltr'><strong>ut</strong></span> <span class='ocrx_word' id='word_1_674' title='bbox 911 4653 1125 4698; x_wconf 89' lang='lat' dir='ltr'><strong>crescat</strong></span> <span class='ocrx_word' id='word_1_675' title='bbox 1147 4642 1471 4708; x_wconf 86' lang='lat' dir='ltr'><strong>admiratio,</strong></span> <span class='ocrx_word' id='word_1_676' title='bbox 1505 4641 1650 4713; x_wconf 89' lang='lat' dir='ltr'><strong>quod</strong></span> <span class='ocrx_word' id='word_1_677' title='bbox 1683 4641 1798 4696; x_wconf 65' lang='lat' dir='ltr'><strong>haec</strong></span> <span class='ocrx_word' id='word_1_678' title='bbox 1825 4641 2025 4698; x_wconf 82' lang='lat' dir='ltr'><strong>dixerit</strong></span> <span class='ocrx_word' id='word_1_679' title='bbox 2057 4641 2096 4696; x_wconf 78' lang='lat' dir='ltr'><strong>is</strong></span> 
     </span>
    </p>
   </div>
   <div class='ocr_carea' id='block_1_90' title="bbox 2196 4629 3784 4722">
    <p class='ocr_par' dir='ltr' id='par_1_90' title="bbox 2217 4629 3784 4722">
     <span class='ocr_line' id='line_1_90' title="bbox 2217 4629 3784 4722; baseline -0.016 -18"><span class='ocrx_word' id='word_1_680' title='bbox 2217 4668 2336 4715; x_wconf 88' lang='grc' dir='ltr'><strong>πεν,</strong></span> <span class='ocrx_word' id='word_1_681' title='bbox 2363 4649 2392 4701; x_wconf 89' lang='lat'><strong>6</strong></span> <span class='ocrx_word' id='word_1_682' title='bbox 2422 4650 2603 4701; x_wconf 78' lang='grc' dir='ltr'><strong>ἐκεῖνα</strong></span> <span class='ocrx_word' id='word_1_683' title='bbox 2637 4642 2842 4698; x_wconf 86' lang='grc' dir='ltr'><strong>παθών.</strong></span> <span class='ocrx_word' id='word_1_684' title='bbox 2878 4639 3136 4713; x_wconf 83' lang='grc' dir='ltr'><strong>Περιττὸν</strong></span> <span class='ocrx_word' id='word_1_685' title='bbox 3164 4635 3221 4690; x_wconf 77' lang='grc' dir='ltr'><strong>δὲ</strong></span> <span class='ocrx_word' id='word_1_686' title='bbox 3261 4630 3414 4704; x_wconf 75' lang='grc' dir='ltr'><strong>οἶμαι</strong></span> <span class='ocrx_word' id='word_1_687' title='bbox 3457 4629 3552 4685; x_wconf 80' lang='grc' dir='ltr'><strong>νῦν</strong></span> <span class='ocrx_word' id='word_1_688' title='bbox 3578 4644 3784 4722; x_wconf 52' lang='grc' dir='ltr'><strong>παρενέ</strong></span> 
     </span>
    </p>
   </div>
   <div class='ocr_carea' id='block_1_91' title="bbox 540 4731 2107 4808">
    <p class='ocr_par' dir='ltr' id='par_1_91' title="bbox 540 4731 2107 4808">
     <span class='ocr_line' id='line_1_91' title="bbox 540 4731 2107 4808; baseline 0.001 -21"><span class='ocrx_word' id='word_1_689' title='bbox 540 4734 634 4803; x_wconf 89' lang='lat' dir='ltr'><strong>qui</strong></span> <span class='ocrx_word' id='word_1_690' title='bbox 675 4734 805 4789; x_wconf 87' lang='lat' dir='ltr'><strong>talia</strong></span> <span class='ocrx_word' id='word_1_691' title='bbox 835 4751 898 4790; x_wconf 92' lang='lat' dir='ltr'><strong>ac</strong></span> <span class='ocrx_word' id='word_1_692' title='bbox 930 4744 1078 4791; x_wconf 86' lang='lat' dir='ltr'><strong>tanta</strong></span> <span class='ocrx_word' id='word_1_693' title='bbox 1127 4753 1322 4808; x_wconf 91' lang='lat' dir='ltr'><strong>passus</strong></span> <span class='ocrx_word' id='word_1_694' title='bbox 1363 4735 1562 4792; x_wconf 88' lang='lat' dir='ltr'><strong>fuerat.</strong></span> <span class='ocrx_word' id='word_1_695' title='bbox 1596 4731 1945 4804; x_wconf 84' lang='lat' dir='ltr'><strong>Superﬂuum</strong></span> <span class='ocrx_word' id='word_1_696' title='bbox 1980 4749 2107 4788; x_wconf 91' lang='lat' dir='ltr'><strong>vero</strong></span> 
     </span>
    </p>
   </div>
   <div class='ocr_carea' id='block_1_92' title="bbox 541 4823 2109 4896">
    <p class='ocr_par' dir='ltr' id='par_1_92' title="bbox 541 4823 2109 4896">
     <span class='ocr_line' id='line_1_92' title="bbox 541 4823 2109 4896; baseline 0.001 -18"><span class='ocrx_word' id='word_1_697' title='bbox 541 4826 800 4895; x_wconf 89' lang='lat' dir='ltr'><strong>arbitror,</strong></span> <span class='ocrx_word' id='word_1_698' title='bbox 843 4843 964 4882; x_wconf 89' lang='lat' dir='ltr'><strong>cum</strong></span> <span class='ocrx_word' id='word_1_699' title='bbox 1019 4828 1087 4883; x_wconf 88' lang='lat' dir='ltr'><strong>ad</strong></span> <span class='ocrx_word' id='word_1_700' title='bbox 1132 4829 1236 4882; x_wconf 92' lang='lat' dir='ltr'><strong>alia</strong></span> <span class='ocrx_word' id='word_1_701' title='bbox 1277 4827 1552 4890; x_wconf 87' lang='lat' dir='ltr'><strong>festinem,</strong></span> <span class='ocrx_word' id='word_1_702' title='bbox 1617 4839 1910 4896; x_wconf 80' lang='lat' dir='ltr'><strong>exponere,</strong></span> <span class='ocrx_word' id='word_1_703' title='bbox 1950 4823 2109 4896; x_wconf 89' lang='lat' dir='ltr'><strong>quid-</strong></span> 
     </span>
    </p>
   </div>
   <div class='ocr_carea' id='block_1_93' title="bbox 539 4916 2109 4988">
    <p class='ocr_par' dir='ltr' id='par_1_93' title="bbox 539 4916 2109 4988">
     <span class='ocr_line' id='line_1_93' title="bbox 539 4916 2109 4988; baseline -0.001 -17"><span class='ocrx_word' id='word_1_704' title='bbox 539 4933 667 4971; x_wconf 85' lang='lat' dir='ltr'><strong>nam</strong></span> <span class='ocrx_word' id='word_1_705' title='bbox 703 4920 795 4983; x_wconf 89' lang='lat' dir='ltr'><strong>sit,</strong></span> <span class='ocrx_word' id='word_1_706' title='bbox 836 4917 979 4987; x_wconf 90' lang='lat' dir='ltr'><strong>quod</strong></span> <span class='ocrx_word' id='word_1_707' title='bbox 1023 4919 1078 4972; x_wconf 91' lang='lat' dir='ltr'><strong>in</strong></span> <span class='ocrx_word' id='word_1_708' title='bbox 1119 4919 1220 4972; x_wconf 87' lang='lat' dir='ltr'><strong>hac</strong></span> <span class='ocrx_word' id='word_1_709' title='bbox 1253 4918 1479 4973; x_wconf 86' lang='lat' dir='ltr'><strong>historia</strong></span> <span class='ocrx_word' id='word_1_710' title='bbox 1522 4916 1808 4988; x_wconf 64' lang='lat' dir='ltr'><strong>quaeritur,</strong></span> <span class='ocrx_word' id='word_1_711' title='bbox 1835 4916 2109 4986; x_wconf 89' lang='lat' dir='ltr'><strong>quomodo</strong></span> 
     </span>
    </p>
   </div>
   <div class='ocr_carea' id='block_1_94' title="bbox 541 5007 2112 5080">
    <p class='ocr_par' dir='ltr' id='par_1_94' title="bbox 541 5007 2112 5080">
     <span class='ocr_line' id='line_1_94' title="bbox 541 5007 2112 5080; baseline -0.003 -15"><span class='ocrx_word' id='word_1_712' title='bbox 541 5026 666 5065; x_wconf 83' lang='lat' dir='ltr'><strong>cum</strong></span> <span class='ocrx_word' id='word_1_713' title='bbox 698 5011 913 5065; x_wconf 89' lang='lat' dir='ltr'><strong>dicatur</strong></span> <span class='ocrx_word' id='word_1_714' title='bbox 954 5009 1083 5064; x_wconf 90' lang='lat' dir='ltr'><strong>Saul</strong></span> <span class='ocrx_word' id='word_1_715' title='bbox 1116 5013 1458 5080; x_wconf 87' lang='lat' dir='ltr'><strong>percussisse</strong></span> <span class='ocrx_word' id='word_1_716' title='bbox 1487 5012 1676 5066; x_wconf 87' lang='lat' dir='ltr'><strong>lancea</strong></span> <span class='ocrx_word' id='word_1_717' title='bbox 1713 5008 1992 5073; x_wconf 84' lang='lat' dir='ltr'><strong>Davidem,</strong></span> <span class='ocrx_word' id='word_1_718' title='bbox 2030 5007 2112 5062; x_wconf 86' lang='lat' dir='ltr'><strong>hi-</strong></span> 
     </span>
    </p>
   </div>
   <div class='ocr_carea' id='block_1_95' title="bbox 542 5102 2106 5172">
    <p class='ocr_par' dir='ltr' id='par_1_95' title="bbox 542 5102 2106 5172">
     <span class='ocr_line' id='line_1_95' title="bbox 542 5102 2106 5172; baseline -0.003 -13"><span class='ocrx_word' id='word_1_719' title='bbox 542 5103 715 5160; x_wconf 83' lang='lat' dir='ltr'><strong>storia</strong></span> <span class='ocrx_word' id='word_1_720' title='bbox 769 5102 936 5157; x_wconf 88' lang='lat' dir='ltr'><strong>addat</strong></span> <span class='ocrx_word' id='word_1_721' title='bbox 987 5103 1043 5156; x_wconf 94' lang='lat' dir='ltr'><strong>in</strong></span> <span class='ocrx_word' id='word_1_722' title='bbox 1091 5104 1354 5172; x_wconf 89' lang='lat' dir='ltr'><strong>parietem</strong></span> <span class='ocrx_word' id='word_1_723' title='bbox 1410 5104 1620 5158; x_wconf 90' lang='lat' dir='ltr'><strong>hastam</strong></span> <span class='ocrx_word' id='word_1_724' title='bbox 1684 5102 1920 5157; x_wconf 89' lang='lat' dir='ltr'><strong>delatam</strong></span> <span class='ocrx_word' id='word_1_725' title='bbox 1962 5116 2106 5164; x_wconf 84' lang='lat' dir='ltr'><strong>esse,</strong></span> 
     </span>
    </p>
   </div>
   <div class='ocr_carea' id='block_1_96' title="bbox 542 5195 2112 5266">
    <p class='ocr_par' dir='ltr' id='par_1_96' title="bbox 542 5195 2112 5266">
     <span class='ocr_line' id='line_1_96' title="bbox 542 5195 2112 5266; baseline -0.003 -14"><span class='ocrx_word' id='word_1_726' title='bbox 542 5196 801 5253; x_wconf 86' lang='lat' dir='ltr'><strong>Davidem</strong></span> <span class='ocrx_word' id='word_1_727' title='bbox 846 5205 1028 5251; x_wconf 88' lang='lat' dir='ltr'><strong>autem</strong></span> <span class='ocrx_word' id='word_1_728' title='bbox 1076 5205 1354 5251; x_wconf 88' lang='lat' dir='ltr'><strong>servatum</strong></span> <span class='ocrx_word' id='word_1_729' title='bbox 1388 5195 1683 5266; x_wconf 86' lang='lat' dir='ltr'><strong>:quodque</strong></span> <span class='ocrx_word' id='word_1_730' title='bbox 1724 5197 1776 5248; x_wconf 89' lang='lat' dir='ltr'><strong>in</strong></span> <span class='ocrx_word' id='word_1_731' title='bbox 1819 5195 1960 5249; x_wconf 85' lang='lat' dir='ltr'><strong>lecto</strong></span> <span class='ocrx_word' id='word_1_732' title='bbox 1997 5195 2112 5264; x_wconf 85' lang='lat' dir='ltr'><strong>ipse</strong></span> 
     </span>
    </p>
   </div>
   <div class='ocr_carea' id='block_1_97' title="bbox 541 5286 2111 5361">
    <p class='ocr_par' dir='ltr' id='par_1_97' title="bbox 541 5286 2111 5361">
     <span class='ocr_line' id='line_1_97' title="bbox 541 5286 2111 5361; baseline -0.005 -15"><span class='ocrx_word' id='word_1_733' title='bbox 541 5298 794 5361; x_wconf 87' lang='lat' dir='ltr'><strong>repertus</strong></span> <span class='ocrx_word' id='word_1_734' title='bbox 846 5304 956 5344; x_wconf 90' lang='lat' dir='ltr'><strong>non</strong></span> <span class='ocrx_word' id='word_1_735' title='bbox 1004 5287 1191 5350; x_wconf 86' lang='lat' dir='ltr'><strong>fuerit,</strong></span> <span class='ocrx_word' id='word_1_736' title='bbox 1225 5286 1321 5342; x_wconf 90' lang='lat' dir='ltr'><strong>sed</strong></span> <span class='ocrx_word' id='word_1_737' title='bbox 1367 5287 1489 5341; x_wconf 89' lang='lat' dir='ltr'><strong>loco</strong></span> <span class='ocrx_word' id='word_1_738' title='bbox 1533 5288 1654 5356; x_wconf 89' lang='lat' dir='ltr'><strong>ejus</strong></span> <span class='ocrx_word' id='word_1_739' title='bbox 1695 5287 2020 5356; x_wconf 78' lang='lat' dir='ltr'><strong>cenotapliia</strong></span> <span class='ocrx_word' id='word_1_740' title='bbox 2058 5294 2111 5342; x_wconf 90' lang='lat' dir='ltr'><strong>et</strong></span> 
     </span>
    </p>
   </div>
   <div class='ocr_carea' id='block_1_98' title="bbox 543 5379 2109 5455">
    <p class='ocr_par' dir='ltr' id='par_1_98' title="bbox 543 5379 2109 5455">
     <span class='ocr_line' id='line_1_98' title="bbox 543 5379 2109 5455; baseline -0.003 -18"><span class='ocrx_word' id='word_1_741' title='bbox 543 5385 808 5455; x_wconf 75' lang='lat' dir='ltr'><strong>imagines</strong></span> <span class='ocrx_word' id='word_1_742' title='bbox 840 5382 1086 5452; x_wconf 66' lang='lat' dir='ltr'><strong>quaedam</strong></span> <span class='ocrx_word' id='word_1_743' title='bbox 1129 5379 1469 5445; x_wconf 87' lang='lat' dir='ltr'><strong>umbratiles,</strong></span> <span class='ocrx_word' id='word_1_744' title='bbox 1515 5387 1568 5431; x_wconf 88' lang='lat' dir='ltr'><strong>et</strong></span> <span class='ocrx_word' id='word_1_745' title='bbox 1603 5379 1770 5448; x_wconf 91' lang='lat' dir='ltr'><strong>hepar</strong></span> <span class='ocrx_word' id='word_1_746' title='bbox 1798 5393 2109 5447; x_wconf 88' lang='lat' dir='ltr'><strong>caprarum,</strong></span> 
     </span>
    </p>
   </div>
   <div class='ocr_carea' id='block_1_99' title="bbox 547 5471 2113 5544">
    <p class='ocr_par' dir='ltr' id='par_1_99' title="bbox 547 5471 2113 5544">
     <span class='ocr_line' id='line_1_99' title="bbox 547 5471 2113 5544; baseline -0.006 -14"><span class='ocrx_word' id='word_1_747' title='bbox 547 5492 698 5531; x_wconf 84' lang='lat' dir='ltr'><strong>more</strong></span> <span class='ocrx_word' id='word_1_748' title='bbox 748 5485 882 5530; x_wconf 87' lang='lat' dir='ltr'><strong>tunc</strong></span> <span class='ocrx_word' id='word_1_749' title='bbox 935 5481 1156 5544; x_wconf 89' lang='lat' dir='ltr'><strong>recepto</strong></span> <span class='ocrx_word' id='word_1_750' title='bbox 1205 5472 1270 5528; x_wconf 83' lang='lat' dir='ltr'><strong>ad</strong></span> <span class='ocrx_word' id='word_1_751' title='bbox 1327 5471 1674 5528; x_wconf 90' lang='lat' dir='ltr'><strong>evertendam</strong></span> <span class='ocrx_word' id='word_1_752' title='bbox 1723 5478 1990 5531; x_wconf 89' lang='lat' dir='ltr'><strong>mortem,</strong></span> <span class='ocrx_word' id='word_1_753' title='bbox 2054 5477 2113 5523; x_wconf 91' lang='lat' dir='ltr'><strong>ut</strong></span> 
     </span>
    </p>
   </div>
   <div class='ocr_carea' id='block_1_100' title="bbox 545 5564 2113 5629">
    <p class='ocr_par' dir='ltr' id='par_1_100' title="bbox 545 5564 2113 5629">
     <span class='ocr_line' id='line_1_100' title="bbox 545 5564 2113 5629; baseline -0.001 -7"><span class='ocrx_word' id='word_1_754' title='bbox 545 5568 796 5629; x_wconf 79' lang='lat' dir='ltr'><strong>infirmus</strong></span> <span class='ocrx_word' id='word_1_755' title='bbox 833 5584 863 5623; x_wconf 93' lang='lat' dir='ltr'><strong>a</strong></span> <span class='ocrx_word' id='word_1_756' title='bbox 905 5569 1044 5623; x_wconf 90' lang='lat' dir='ltr'><strong>lecto</strong></span> <span class='ocrx_word' id='word_1_757' title='bbox 1094 5568 1442 5628; x_wconf 87' lang='lat' dir='ltr'><strong>liberaretur,</strong></span> <span class='ocrx_word' id='word_1_758' title='bbox 1488 5564 1658 5619; x_wconf 89' lang='lat' dir='ltr'><strong>vestis</strong></span> <span class='ocrx_word' id='word_1_759' title='bbox 1705 5579 1834 5619; x_wconf 85' lang='lat' dir='ltr'><strong>vero</strong></span> <span class='ocrx_word' id='word_1_760' title='bbox 1881 5564 2113 5620; x_wconf 89' lang='lat' dir='ltr'><strong>mortuis</strong></span> 
     </span>
    </p>
   </div>
   <div class='ocr_carea' id='block_1_101' title="bbox 546 5653 2113 5729">
    <p class='ocr_par' dir='ltr' id='par_1_101' title="bbox 546 5653 2113 5729">
     <span class='ocr_line' id='line_1_101' title="bbox 546 5653 2113 5729; baseline -0.003 -17"><span class='ocrx_word' id='word_1_761' title='bbox 546 5658 920 5728; x_wconf 90' lang='lat' dir='ltr'><strong>superimponi</strong></span> <span class='ocrx_word' id='word_1_762' title='bbox 945 5659 1104 5713; x_wconf 86' lang='lat' dir='ltr'><strong>solita</strong></span> <span class='ocrx_word' id='word_1_763' title='bbox 1125 5658 1352 5729; x_wconf 79' lang='lat' dir='ltr'><strong>grabato</strong></span> <span class='ocrx_word' id='word_1_764' title='bbox 1373 5673 1434 5712; x_wconf 92' lang='lat' dir='ltr'><strong>su</strong></span> <span class='ocrx_word' id='word_1_765' title='bbox 1443 5655 1934 5725; x_wconf 90' lang='lat' dir='ltr'><strong>perimponeretur,</strong></span> <span class='ocrx_word' id='word_1_766' title='bbox 1951 5653 2113 5708; x_wconf 86' lang='lat' dir='ltr'><strong>simul</strong></span> 
     </span>
    </p>
   </div>
   <div class='ocr_carea' id='block_1_102' title="bbox 549 5745 2110 5822">
    <p class='ocr_par' dir='ltr' id='par_1_102' title="bbox 549 5745 2110 5822">
     <span class='ocr_line' id='line_1_102' title="bbox 549 5745 2110 5822; baseline -0.003 -20"><span class='ocrx_word' id='word_1_767' title='bbox 549 5764 669 5804; x_wconf 89' lang='lat' dir='ltr'><strong>cum</strong></span> <span class='ocrx_word' id='word_1_768' title='bbox 703 5751 896 5822; x_wconf 89' lang='lat' dir='ltr'><strong>bepate</strong></span> <span class='ocrx_word' id='word_1_769' title='bbox 937 5766 1246 5821; x_wconf 89' lang='lat' dir='ltr'><strong>caprarum.</strong></span> <span class='ocrx_word' id='word_1_770' title='bbox 1299 5749 1646 5804; x_wconf 78' lang='lat' dir='ltr'><strong>Manifestum</strong></span> <span class='ocrx_word' id='word_1_771' title='bbox 1677 5755 1760 5802; x_wconf 91' lang='lat' dir='ltr'><strong>est</strong></span> <span class='ocrx_word' id='word_1_772' title='bbox 1811 5757 1986 5800; x_wconf 84' lang='lat' dir='ltr'><strong>autem</strong></span> <span class='ocrx_word' id='word_1_773' title='bbox 2020 5745 2110 5807; x_wconf 90' lang='lat' dir='ltr'><strong>iis,</strong></span> 
     </span>
    </p>
   </div>
   <div class='ocr_carea' id='block_1_103' title="bbox 547 5839 2112 5908">
    <p class='ocr_par' dir='ltr' id='par_1_103' title="bbox 547 5839 2112 5908">
     <span class='ocr_line' id='line_1_103' title="bbox 547 5839 2112 5908; baseline 0.001 -18"><span class='ocrx_word' id='word_1_774' title='bbox 547 5843 640 5898; x_wconf 79' lang='lat' dir='ltr'><strong>oui</strong></span> <span class='ocrx_word' id='word_1_775' title='bbox 677 5844 1034 5900; x_wconf 86' lang='lat' dir='ltr'><strong>studiosiores</strong></span> <span class='ocrx_word' id='word_1_776' title='bbox 1073 5851 1202 5901; x_wconf 85' lang='lat' dir='ltr'><strong>sunt</strong></span> <span class='ocrx_word' id='word_1_777' title='bbox 1233 5843 1457 5904; x_wconf 86' lang='lat' dir='ltr'><strong>laboris,</strong></span> <span class='ocrx_word' id='word_1_778' title='bbox 1494 5849 1663 5895; x_wconf 86' lang='lat' dir='ltr'><strong>totam</strong></span> <span class='ocrx_word' id='word_1_779' title='bbox 1706 5840 1845 5894; x_wconf 85' lang='lat' dir='ltr'><strong>hanc</strong></span> <span class='ocrx_word' id='word_1_780' title='bbox 1876 5839 2112 5908; x_wconf 89' lang='lat' dir='ltr'><strong>prophe-</strong></span> 
     </span>
    </p>
   </div>
   <div class='ocr_carea' id='block_1_104' title="bbox 555 5931 2115 6002">
    <p class='ocr_par' dir='ltr' id='par_1_104' title="bbox 555 5931 2115 6002">
     <span class='ocr_line' id='line_1_104' title="bbox 555 5931 2115 6002; baseline -0.001 -18"><span class='ocrx_word' id='word_1_781' title='bbox 555 5932 704 6000; x_wconf 85' lang='lat' dir='ltr'><strong>tiam,</strong></span> <span class='ocrx_word' id='word_1_782' title='bbox 742 5933 1023 5990; x_wconf 85' lang='lat' dir='ltr'><strong>bistoriam</strong></span> <span class='ocrx_word' id='word_1_783' title='bbox 1074 5953 1198 5992; x_wconf 83' lang='lat' dir='ltr'><strong>esse</strong></span> <span class='ocrx_word' id='word_1_784' title='bbox 1243 5949 1455 5996; x_wconf 89' lang='lat' dir='ltr'><strong>eorum,</strong></span> <span class='ocrx_word' id='word_1_785' title='bbox 1499 5948 1618 6002; x_wconf 76' lang='lat' dir='ltr'><strong>qua:</strong></span> <span class='ocrx_word' id='word_1_786' title='bbox 1655 5931 1882 5986; x_wconf 86' lang='lat' dir='ltr'><strong>Domino</strong></span> <span class='ocrx_word' id='word_1_787' title='bbox 1927 5937 2115 5983; x_wconf 83' lang='lat' dir='ltr'><strong>nostro</strong></span> 
     </span>
    </p>
   </div>
   <div class='ocr_carea' id='block_1_105' title="bbox 2211 4721 3780 4811">
    <p class='ocr_par' dir='ltr' id='par_1_105' title="bbox 2211 4721 3780 4811">
     <span class='ocr_line' id='line_1_105' title="bbox 2211 4721 3780 4811; baseline -0.016 -14"><span class='ocrx_word' id='word_1_788' title='bbox 2211 4744 2380 4798; x_wconf 86' lang='grc' dir='ltr'><strong>θεῖναι</strong></span> <span class='ocrx_word' id='word_1_789' title='bbox 2427 4739 2506 4811; x_wconf 78' lang='grc' dir='ltr'><strong>τῷ</strong></span> <span class='ocrx_word' id='word_1_790' title='bbox 2546 4738 2690 4808; x_wconf 87' lang='grc' dir='ltr'>λόγῳ</span> <span class='ocrx_word' id='word_1_791' title='bbox 2719 4736 2856 4806; x_wconf 84' lang='grc' dir='ltr'><strong>πρὸς</strong></span> <span class='ocrx_word' id='word_1_792' title='bbox 2893 4735 3059 4802; x_wconf 67' lang='grc' dir='ltr'><strong>ἕτερα</strong></span> <span class='ocrx_word' id='word_1_793' title='bbox 3106 4727 3408 4788; x_wconf 85' lang='grc' dir='ltr'><strong>σπεύδοντι,</strong></span> <span class='ocrx_word' id='word_1_794' title='bbox 3455 4723 3506 4776; x_wconf 85' lang='grc' dir='ltr'><strong>τί</strong></span> <span class='ocrx_word' id='word_1_795' title='bbox 3540 4721 3600 4775; x_wconf 85' lang='grc' dir='ltr'><strong>τὸ</strong></span> <span class='ocrx_word' id='word_1_796' title='bbox 3628 4723 3685 4775; x_wconf 82' lang='lat' dir='ltr'><strong>tv</strong></span> <span class='ocrx_word' id='word_1_797' title='bbox 3702 4721 3780 4811; x_wconf 75' lang='grc' dir='ltr'><strong>τῇ</strong></span> 
     </span>
    </p>
   </div>
   <div class='ocr_carea' id='block_1_106' title="bbox 2210 4810 3781 4902">
    <p class='ocr_par' dir='ltr' id='par_1_106' title="bbox 2210 4810 3781 4902">
     <span class='ocr_line' id='line_1_106' title="bbox 2210 4810 3781 4902; baseline -0.017 -16"><span class='ocrx_word' id='word_1_798' title='bbox 2210 4831 2423 4902; x_wconf 76' lang='grc' dir='ltr'><strong>ἱστορίᾳ</strong></span> <span class='ocrx_word' id='word_1_799' title='bbox 2474 4810 2835 4899; x_wconf 79' lang='grc' dir='ltr'><strong>ζητούμενον,</strong></span> <span class='ocrx_word' id='word_1_800' title='bbox 2883 4822 3000 4886; x_wconf 81' lang='grc' dir='ltr'><strong>πῶς</strong></span> <span class='ocrx_word' id='word_1_801' title='bbox 3043 4819 3285 4882; x_wconf 79' lang='grc' dir='ltr'><strong>εἰπόντος</strong></span> <span class='ocrx_word' id='word_1_802' title='bbox 3323 4814 3418 4868; x_wconf 81' lang='grc' dir='ltr'><strong>τοῦ</strong></span> <span class='ocrx_word' id='word_1_803' title='bbox 3467 4812 3647 4880; x_wconf 91' lang='grc' dir='ltr'><strong>λόγου,</strong></span> <span class='ocrx_word' id='word_1_804' title='bbox 3695 4810 3781 4862; x_wconf 81' lang='grc' dir='ltr'><strong>ὅτι</strong></span> 
     </span>
    </p>
   </div>
   <div class='ocr_carea' id='block_1_107' title="bbox 2209 4902 3784 4992">
    <p class='ocr_par' dir='ltr' id='par_1_107' title="bbox 2209 4902 3784 4992">
     <span class='ocr_line' id='line_1_107' title="bbox 2209 4902 3784 4992; baseline -0.018 -12"><span class='ocrx_word' id='word_1_805' title='bbox 2209 4924 2446 4992; x_wconf 77' lang='grc' dir='ltr'><strong>ἐπάταξε</strong></span> <span class='ocrx_word' id='word_1_806' title='bbox 2481 4921 2652 4976; x_wconf 78' lang='grc' dir='ltr'><strong>Σαοὺλ</strong></span> <span class='ocrx_word' id='word_1_807' title='bbox 2677 4919 2766 4972; x_wconf 83' lang='grc' dir='ltr'><strong>τὸν</strong></span> <span class='ocrx_word' id='word_1_808' title='bbox 2805 4915 2968 4969; x_wconf 75' lang='grc' dir='ltr'><strong>Δαϐὶδ</strong></span> <span class='ocrx_word' id='word_1_809' title='bbox 3006 4915 3072 4983; x_wconf 79' lang='grc' dir='ltr'><strong>τῇ</strong></span> <span class='ocrx_word' id='word_1_810' title='bbox 3116 4911 3305 4981; x_wconf 83' lang='grc' dir='ltr'><strong>λόγχῃ,</strong></span> <span class='ocrx_word' id='word_1_811' title='bbox 3345 4905 3542 4973; x_wconf 78' lang='grc' dir='ltr'><strong>ἐπάγει</strong></span> <span class='ocrx_word' id='word_1_812' title='bbox 3580 4903 3614 4971; x_wconf 82' lang='grc' dir='ltr'>ἡ</span> <span class='ocrx_word' id='word_1_813' title='bbox 3643 4902 3784 4954; x_wconf 79' lang='grc' dir='ltr'><strong>ἱστο-</strong></span> 
     </span>
    </p>
   </div>
   <div class='ocr_carea' id='block_1_108' title="bbox 2214 4993 3782 5091">
    <p class='ocr_par' dir='ltr' id='par_1_108' title="bbox 2214 4993 3782 5091">
     <span class='ocr_line' id='line_1_108' title="bbox 2214 4993 3782 5091; baseline -0.018 -18"><span class='ocrx_word' id='word_1_814' title='bbox 2214 5019 2325 5091; x_wconf 87' lang='grc' dir='ltr'><strong>ρία,</strong></span> <span class='ocrx_word' id='word_1_815' title='bbox 2366 5019 2448 5070; x_wconf 82' lang='grc' dir='ltr'><strong>ὅτι</strong></span> <span class='ocrx_word' id='word_1_816' title='bbox 2481 5013 2622 5070; x_wconf 81' lang='grc' dir='ltr'><strong>κατὰ</strong></span> <span class='ocrx_word' id='word_1_817' title='bbox 2666 5011 2847 5081; x_wconf 87' lang='grc' dir='ltr'><strong>τοίχου</strong></span> <span class='ocrx_word' id='word_1_818' title='bbox 2891 5004 3022 5080; x_wconf 77' lang='grc' dir='ltr'><strong>ἦλθε</strong></span> <span class='ocrx_word' id='word_1_819' title='bbox 3071 5005 3129 5059; x_wconf 74' lang='grc' dir='ltr'><strong>τὸ</strong></span> <span class='ocrx_word' id='word_1_820' title='bbox 3171 5004 3323 5074; x_wconf 87' lang='grc' dir='ltr'><strong>δόρυ,</strong></span> <span class='ocrx_word' id='word_1_821' title='bbox 3367 5001 3395 5052; x_wconf 83' lang='lat'><strong>6</strong></span> <span class='ocrx_word' id='word_1_822' title='bbox 3425 4999 3481 5052; x_wconf 80' lang='grc' dir='ltr'><strong>δὲ</strong></span> <span class='ocrx_word' id='word_1_823' title='bbox 3513 4994 3678 5091; x_wconf 57' lang='grc' dir='ltr'><strong>ᾼαθὶδ</strong></span> <span class='ocrx_word' id='word_1_824' title='bbox 3704 4993 3782 5091; x_wconf 73' lang='grc' dir='ltr'><strong>δι-</strong></span> 
     </span>
    </p>
   </div>
   <div class='ocr_carea' id='block_1_109' title="bbox 2210 5083 3782 5178">
    <p class='ocr_par' dir='ltr' id='par_1_109' title="bbox 2210 5083 3782 5178">
     <span class='ocr_line' id='line_1_109' title="bbox 2210 5083 3782 5178; baseline -0.018 -15"><span class='ocrx_word' id='word_1_825' title='bbox 2210 5083 2390 5178; x_wconf 78' lang='grc' dir='ltr'><strong>εσώθη</strong></span> <span class='ocrx_word' id='word_1_826' title='bbox 2411 5127 2423 5138; x_wconf 91' lang='grc'><strong>·</strong></span> <span class='ocrx_word' id='word_1_827' title='bbox 2462 5107 2557 5160; x_wconf 76' lang='grc' dir='ltr'><strong>καὶ</strong></span> <span class='ocrx_word' id='word_1_828' title='bbox 2600 5106 2680 5158; x_wconf 80' lang='grc' dir='ltr'><strong>ὅτι</strong></span> <span class='ocrx_word' id='word_1_829' title='bbox 2707 5103 2798 5155; x_wconf 72' lang='grc' dir='ltr'><strong>ἐπὶ</strong></span> <span class='ocrx_word' id='word_1_830' title='bbox 2823 5100 2919 5170; x_wconf 82' lang='grc' dir='ltr'><strong>τῆς</strong></span> <span class='ocrx_word' id='word_1_831' title='bbox 2941 5099 3128 5166; x_wconf 87' lang='grc' dir='ltr'><strong>κλίνης</strong></span> <span class='ocrx_word' id='word_1_832' title='bbox 3163 5093 3256 5148; x_wconf 81' lang='grc' dir='ltr'><strong>τοῦ</strong></span> <span class='ocrx_word' id='word_1_833' title='bbox 3283 5091 3446 5147; x_wconf 71' lang='grc' dir='ltr'><strong>Δαὸὶδ</strong></span> <span class='ocrx_word' id='word_1_834' title='bbox 3484 5087 3646 5148; x_wconf 70' lang='grc' dir='ltr'><strong>αὐτὸς</strong></span> <span class='ocrx_word' id='word_1_835' title='bbox 3681 5083 3782 5178; x_wconf 52' lang='grc' dir='ltr'><strong>μὲν</strong></span> 
     </span>
    </p>
   </div>
   <div class='ocr_carea' id='block_1_110' title="bbox 2210 5171 3782 5272">
    <p class='ocr_par' dir='ltr' id='par_1_110' title="bbox 2210 5171 3782 5272">
     <span class='ocr_line' id='line_1_110' title="bbox 2210 5171 3782 5272; baseline -0.017 -18"><span class='ocrx_word' id='word_1_836' title='bbox 2210 5201 2308 5272; x_wconf 75' lang='grc' dir='ltr'><strong>οὐχ</strong></span> <span class='ocrx_word' id='word_1_837' title='bbox 2343 5200 2682 5270; x_wconf 81' lang='grc' dir='ltr'><strong>εὑρίσκεται,</strong></span> <span class='ocrx_word' id='word_1_838' title='bbox 2729 5193 2843 5247; x_wconf 84' lang='grc' dir='ltr'>ἀλλ’</span> <span class='ocrx_word' id='word_1_839' title='bbox 2878 5192 2991 5244; x_wconf 80' lang='grc' dir='ltr'><strong>ἀντ’</strong></span> <span class='ocrx_word' id='word_1_840' title='bbox 3035 5188 3242 5241; x_wconf 83' lang='grc' dir='ltr'><strong>ἐκείνου</strong></span> <span class='ocrx_word' id='word_1_841' title='bbox 3277 5183 3566 5250; x_wconf 80' lang='grc' dir='ltr'><strong>κενοτάφια</strong></span> <span class='ocrx_word' id='word_1_842' title='bbox 3599 5178 3693 5231; x_wconf 79' lang='grc' dir='ltr'>καί</span> <span class='ocrx_word' id='word_1_843' title='bbox 3715 5171 3782 5246; x_wconf 81' lang='grc' dir='ltr'><strong>ἧ-</strong></span> 
     </span>
    </p>
   </div>
   <div class='ocr_carea' id='block_1_111' title="bbox 2211 5265 3779 5360">
    <p class='ocr_par' dir='ltr' id='par_1_111' title="bbox 2211 5265 3779 5360">
     <span class='ocr_line' id='line_1_111' title="bbox 2211 5265 3779 5360; baseline -0.017 -17"><span class='ocrx_word' id='word_1_844' title='bbox 2211 5307 2325 5360; x_wconf 85' lang='grc' dir='ltr'><strong>παρ</strong></span> <span class='ocrx_word' id='word_1_845' title='bbox 2359 5287 2548 5355; x_wconf 81' lang='grc' dir='ltr'><strong>αἰγῶν,</strong></span> <span class='ocrx_word' id='word_1_846' title='bbox 2590 5286 2725 5354; x_wconf 83' lang='grc' dir='ltr'><strong>ὅπερ</strong></span> <span class='ocrx_word' id='word_1_847' title='bbox 2767 5285 2876 5344; x_wconf 80' lang='grc' dir='ltr'><strong>τοῖς</strong></span> <span class='ocrx_word' id='word_1_848' title='bbox 2918 5281 3038 5333; x_wconf 87' lang='grc' dir='ltr'><strong>τότε</strong></span> <span class='ocrx_word' id='word_1_849' title='bbox 3083 5279 3162 5340; x_wconf 87' lang='grc' dir='ltr'><strong>είς</strong></span> <span class='ocrx_word' id='word_1_850' title='bbox 3194 5265 3779 5360; x_wconf 31' lang='grc' dir='ltr'><strong>ἀποτροπιασμὸνῌθα-</strong></span> 
     </span>
    </p>
   </div>
   <div class='ocr_carea' id='block_1_112' title="bbox 2212 5357 3780 5445">
    <p class='ocr_par' dir='ltr' id='par_1_112' title="bbox 2212 5357 3780 5445">
     <span class='ocr_line' id='line_1_112' title="bbox 2212 5357 3780 5445; baseline -0.017 -10"><span class='ocrx_word' id='word_1_851' title='bbox 2212 5357 2391 5445; x_wconf 77' lang='grc' dir='ltr'><strong>νάτου,</strong></span> <span class='ocrx_word' id='word_1_852' title='bbox 2430 5379 2490 5432; x_wconf 76' lang='grc' dir='ltr'><strong>ἐκ</strong></span> <span class='ocrx_word' id='word_1_853' title='bbox 2526 5393 2668 5440; x_wconf 91' lang='grc' dir='ltr'><strong>τινος</strong></span> <span class='ocrx_word' id='word_1_854' title='bbox 2698 5372 3002 5445; x_wconf 85' lang='grc' dir='ltr'><strong>συνηθείας,</strong></span> <span class='ocrx_word' id='word_1_855' title='bbox 3031 5370 3092 5424; x_wconf 84' lang='grc' dir='ltr'><strong>τὸ</strong></span> <span class='ocrx_word' id='word_1_856' title='bbox 3115 5366 3354 5422; x_wconf 80' lang='grc' dir='ltr'><strong>τοιοῦτον</strong></span> <span class='ocrx_word' id='word_1_857' title='bbox 3384 5362 3611 5432; x_wconf 81' lang='grc' dir='ltr'><strong>ἐγίνετο,</strong></span> <span class='ocrx_word' id='word_1_858' title='bbox 3638 5357 3780 5410; x_wconf 84' lang='grc' dir='ltr'><strong>ὥστε</strong></span> 
     </span>
    </p>
   </div>
   <div class='ocr_carea' id='block_1_113' title="bbox 2211 5449 3778 5546">
    <p class='ocr_par' dir='ltr' id='par_1_113' title="bbox 2211 5449 3778 5546">
     <span class='ocr_line' id='line_1_113' title="bbox 2211 5449 3778 5546; baseline -0.018 -18"><span class='ocrx_word' id='word_1_859' title='bbox 2211 5474 2301 5527; x_wconf 87' lang='grc' dir='ltr'><strong>τὸν</strong></span> <span class='ocrx_word' id='word_1_860' title='bbox 2343 5473 2623 5546; x_wconf 68' lang='grc' dir='ltr'><strong>ἄρρωστον</strong></span> <span class='ocrx_word' id='word_1_861' title='bbox 2659 5466 3022 5535; x_wconf 81' lang='grc' dir='ltr'><strong>ὑπεξάγεσθαι</strong></span> <span class='ocrx_word' id='word_1_862' title='bbox 3067 5462 3165 5533; x_wconf 80' lang='grc' dir='ltr'><strong>μὲν</strong></span> <span class='ocrx_word' id='word_1_863' title='bbox 3205 5463 3305 5530; x_wconf 80' lang='grc' dir='ltr'><strong>τῆς</strong></span> <span class='ocrx_word' id='word_1_864' title='bbox 3347 5456 3551 5524; x_wconf 82' lang='grc' dir='ltr'><strong>κλίνης,</strong></span> <span class='ocrx_word' id='word_1_865' title='bbox 3579 5450 3676 5522; x_wconf 81' lang='grc' dir='ltr'><strong>τὴν</strong></span> <span class='ocrx_word' id='word_1_866' title='bbox 3720 5449 3778 5546; x_wconf 53' lang='grc' dir='ltr'><strong>δε</strong></span> 
     </span>
    </p>
   </div>
   <div class='ocr_carea' id='block_1_114' title="bbox 2210 5541 3778 5635">
    <p class='ocr_par' dir='ltr' id='par_1_114' title="bbox 2210 5541 3778 5635">
     <span class='ocr_line' id='line_1_114' title="bbox 2210 5541 3778 5635; baseline -0.017 -16"><span class='ocrx_word' id='word_1_867' title='bbox 2210 5568 2322 5629; x_wconf 85' lang='grc' dir='ltr'><strong>τοῖς</strong></span> <span class='ocrx_word' id='word_1_868' title='bbox 2342 5541 2656 5635; x_wconf 80' lang='grc' dir='ltr'><strong>τεθνηκόσιν</strong></span> <span class='ocrx_word' id='word_1_869' title='bbox 2694 5556 3118 5628; x_wconf 78' lang='grc' dir='ltr'><strong>ἐπιϐαλλομένην</strong></span> <span class='ocrx_word' id='word_1_870' title='bbox 3153 5552 3342 5623; x_wconf 82' lang='grc' dir='ltr'><strong>στολὴν</strong></span> <span class='ocrx_word' id='word_1_871' title='bbox 3374 5545 3670 5601; x_wconf 70' lang='grc' dir='ltr'><strong>ἐπιτιθέναι</strong></span> <span class='ocrx_word' id='word_1_872' title='bbox 3699 5541 3778 5635; x_wconf 56' lang='grc' dir='ltr'><strong>τῷ</strong></span> 
     </span>
    </p>
   </div>
   <div class='ocr_carea' id='block_1_115' title="bbox 2210 5633 3778 5724">
    <p class='ocr_par' dir='ltr' id='par_1_115' title="bbox 2210 5633 3778 5724">
     <span class='ocr_line' id='line_1_115' title="bbox 2210 5633 3778 5724; baseline -0.014 -17"><span class='ocrx_word' id='word_1_873' title='bbox 2210 5633 2634 5724; x_wconf 52' lang='grc' dir='ltr'><strong>κραδόάτιρμαὶ</strong></span> <span class='ocrx_word' id='word_1_874' title='bbox 2675 5645 2828 5722; x_wconf 79' lang='grc' dir='ltr'><strong>ἧπαρ</strong></span> <span class='ocrx_word' id='word_1_875' title='bbox 2871 5646 3058 5716; x_wconf 85' lang='grc' dir='ltr'><strong>αἰγῶν.</strong></span> <span class='ocrx_word' id='word_1_876' title='bbox 3095 5643 3262 5713; x_wconf 86' lang='grc' dir='ltr'><strong>Δῆλον</strong></span> <span class='ocrx_word' id='word_1_877' title='bbox 3294 5641 3402 5711; x_wconf 77' lang='grc' dir='ltr'><strong>γὰρ</strong></span> <span class='ocrx_word' id='word_1_878' title='bbox 3441 5638 3507 5692; x_wconf 84' lang='grc' dir='ltr'><strong>ἂν</strong></span> <span class='ocrx_word' id='word_1_879' title='bbox 3541 5635 3625 5706; x_wconf 78' lang='grc' dir='ltr'><strong>εἴη</strong></span> <span class='ocrx_word' id='word_1_880' title='bbox 3666 5633 3778 5724; x_wconf 78' lang='grc' dir='ltr'><strong>τοῖς</strong></span> 
     </span>
    </p>
   </div>
   <div class='ocr_carea' id='block_1_116' title="bbox 2213 5722 3777 5817">
    <p class='ocr_par' dir='ltr' id='par_1_116' title="bbox 2213 5722 3777 5817">
     <span class='ocr_line' id='line_1_116' title="bbox 2213 5722 3777 5817; baseline -0.016 -16"><span class='ocrx_word' id='word_1_881' title='bbox 2213 5722 2660 5817; x_wconf 82' lang='grc' dir='ltr'><strong>φιλοπονωτέροις</strong></span> <span class='ocrx_word' id='word_1_882' title='bbox 2683 5782 2698 5809; x_wconf 91' lang='grc'><strong>,</strong></span> <span class='ocrx_word' id='word_1_883' title='bbox 2768 5743 2849 5794; x_wconf 85' lang='grc' dir='ltr'><strong>ὅτι</strong></span> <span class='ocrx_word' id='word_1_884' title='bbox 2936 5735 3237 5810; x_wconf 82' lang='grc' dir='ltr'><strong>προφητεία</strong></span> <span class='ocrx_word' id='word_1_885' title='bbox 3296 5732 3394 5803; x_wconf 81' lang='grc' dir='ltr'><strong>τῆς</strong></span> <span class='ocrx_word' id='word_1_886' title='bbox 3467 5728 3609 5783; x_wconf 80' lang='grc' dir='ltr'><strong>κατὰ</strong></span> <span class='ocrx_word' id='word_1_887' title='bbox 3639 5722 3777 5817; x_wconf 20' lang='grc' dir='ltr'><strong>κτὸν</strong></span> 
     </span>
    </p>
   </div>
   <div class='ocr_carea' id='block_1_117' title="bbox 2215 5815 3777 5910">
    <p class='ocr_par' dir='ltr' id='par_1_117' title="bbox 2215 5815 3777 5910">
     <span class='ocr_line' id='line_1_117' title="bbox 2215 5815 3777 5910; baseline -0.013 -20"><span class='ocrx_word' id='word_1_888' title='bbox 2215 5815 2417 5910; x_wconf 68' lang='grc' dir='ltr'><strong>Κύριον</strong></span> <span class='ocrx_word' id='word_1_889' title='bbox 2458 5815 2771 5905; x_wconf 74' lang='grc' dir='ltr'><strong>οἰκονομίας</strong></span> <span class='ocrx_word' id='word_1_890' title='bbox 2825 5833 2970 5884; x_wconf 70' lang='grc' dir='ltr'><strong>ἐστὶν</strong></span> <span class='ocrx_word' id='word_1_891' title='bbox 3015 5832 3046 5902; x_wconf 76' lang='grc' dir='ltr'>ἡ</span> <span class='ocrx_word' id='word_1_892' title='bbox 3088 5827 3316 5900; x_wconf 80' lang='grc' dir='ltr'><strong>ἱστορία.</strong></span> <span class='ocrx_word' id='word_1_893' title='bbox 3347 5823 3608 5894; x_wconf 85' lang='grc' dir='ltr'><strong>Δαίμονες</strong></span> <span class='ocrx_word' id='word_1_894' title='bbox 3634 5815 3777 5890; x_wconf 80' lang='grc' dir='ltr'><strong>ἦσαν</strong></span> 
     </span>
    </p>
   </div>
   <div class='ocr_carea' id='block_1_118' title="bbox 2217 5910 3774 5998">
    <p class='ocr_par' dir='ltr' id='par_1_118' title="bbox 2217 5910 3774 5998">
     <span class='ocr_line' id='line_1_118' title="bbox 2217 5910 3774 5998; baseline -0.011 -18"><span class='ocrx_word' id='word_1_895' title='bbox 2217 5931 2271 5980; x_wconf 73' lang='grc' dir='ltr'><strong>ἐν</strong></span> <span class='ocrx_word' id='word_1_896' title='bbox 2311 5928 2480 5983; x_wconf 79' lang='grc' dir='ltr'><strong>Σαοὺλ</strong></span> <span class='ocrx_word' id='word_1_897' title='bbox 2510 5925 2586 5998; x_wconf 84' lang='grc' dir='ltr'><strong>τῷ</strong></span> <span class='ocrx_word' id='word_1_898' title='bbox 2615 5925 2858 5996; x_wconf 73' lang='grc' dir='ltr'><strong>τυράννῳ</strong></span> <span class='ocrx_word' id='word_1_899' title='bbox 2877 5941 2890 5955; x_wconf 91' lang='grc'><strong>·</strong></span> <span class='ocrx_word' id='word_1_900' title='bbox 2937 5921 3156 5982; x_wconf 84' lang='grc' dir='ltr'><strong>τούτους</strong></span> <span class='ocrx_word' id='word_1_901' title='bbox 3181 5917 3470 5973; x_wconf 81' lang='grc' dir='ltr'><strong>ἀπελαύνει</strong></span> <span class='ocrx_word' id='word_1_902' title='bbox 3497 5915 3526 5968; x_wconf 91' lang='lat'><strong>6</strong></span> <span class='ocrx_word' id='word_1_903' title='bbox 3562 5915 3640 5975; x_wconf 84' lang='grc' dir='ltr'><strong>είς</strong></span> <span class='ocrx_word' id='word_1_904' title='bbox 3675 5910 3774 5981; x_wconf 82' lang='grc' dir='ltr'><strong>βα-</strong></span> 
     </span>
    </p>
   </div>
  </div>
