  <div class='ocr_page' id='page_1' title='image "/cluster/home/n/w/nwhite01/storage/ocr_20150623/44/hvd.32044012542270/310.png"; bbox 0 0 3986 6480; ppageno 0'>
   <div class='ocr_carea' id='block_1_1' title="bbox 321 457 415 516">
    <p class='ocr_par' dir='ltr' id='par_1_1' title="bbox 321 457 415 516">
     <span class='ocr_line' id='line_1_1' title="bbox 321 457 415 516; baseline -0.043 0"><span class='ocrx_word' id='word_1_1' title='bbox 321 457 415 516; x_wconf 80' lang='grc' dir='ltr'><strong>οοι</strong></span> 
     </span>
    </p>
   </div>
   <div class='ocr_carea' id='block_1_2' title="bbox 1714 460 2145 521">
    <p class='ocr_par' dir='ltr' id='par_1_2' title="bbox 1714 460 2145 521">
     <span class='ocr_line' id='line_1_2' title="bbox 1714 460 2145 521; baseline 0.005 -6"><span class='ocrx_word' id='word_1_2' title='bbox 1714 461 1779 519; x_wconf 84' lang='grc' dir='ltr'><strong>ΙΝ</strong></span> <span class='ocrx_word' id='word_1_3' title='bbox 1812 460 2145 521; x_wconf 79' lang='lat' dir='ltr'><strong>PSALMOS.</strong></span> 
     </span>
    </p>
   </div>
   <div class='ocr_carea' id='block_1_3' title="bbox 3449 470 3555 523">
    <p class='ocr_par' dir='ltr' id='par_1_3' title="bbox 3449 470 3555 523">
     <span class='ocr_line' id='line_1_3' title="bbox 3449 470 3555 523; baseline 0 -2"><span class='ocrx_word' id='word_1_4' title='bbox 3449 470 3555 523; x_wconf 61' lang='lat'><strong>60’!</strong></span> 
     </span>
    </p>
   </div>
   <div class='ocr_carea' id='block_1_4' title="bbox 317 570 1834 654">
    <p class='ocr_par' dir='ltr' id='par_1_4' title="bbox 317 570 1834 650">
     <span class='ocr_line' id='line_1_4' title="bbox 317 570 1834 650; baseline 0.005 -30"><span class='ocrx_word' id='word_1_5' title='bbox 317 570 524 623; x_wconf 83' lang='grc' dir='ltr'>οιλείαν</span> <span class='ocrx_word' id='word_1_6' title='bbox 549 571 813 642; x_wconf 74' lang='grc' dir='ltr'>χρισθεὶς,</span> <span class='ocrx_word' id='word_1_7' title='bbox 838 572 915 643; x_wconf 83' lang='grc' dir='ltr'>τῷ</span> <span class='ocrx_word' id='word_1_8' title='bbox 944 576 1041 646; x_wconf 76' lang='grc' dir='ltr'>τῆς</span> <span class='ocrx_word' id='word_1_9' title='bbox 1064 575 1292 648; x_wconf 83' lang='grc' dir='ltr'><strong>κιθάρας</strong></span> <span class='ocrx_word' id='word_1_10' title='bbox 1317 576 1531 650; x_wconf 82' lang='grc' dir='ltr'><strong>ὀργάνῳ</strong></span> <span class='ocrx_word' id='word_1_11' title='bbox 1569 577 1687 630; x_wconf 78' lang='grc' dir='ltr'>κατ’</span> <span class='ocrx_word' id='word_1_12' title='bbox 1705 577 1834 631; x_wconf 72' lang='grc' dir='ltr'><strong>αὐτό</strong></span> 
     </span>
    </p>
   </div>
   <div class='ocr_carea' id='block_1_5' title="bbox 1940 570 3547 654">
    <p class='ocr_par' dir='ltr' id='par_1_5' title="bbox 1940 576 3547 654">
     <span class='ocr_line' id='line_1_5' title="bbox 1940 576 3547 654; baseline 0.003 -19"><span class='ocrx_word' id='word_1_13' title='bbox 1940 592 1957 635; x_wconf 71' lang='grc' dir='ltr'>ι</span> <span class='ocrx_word' id='word_1_14' title='bbox 1985 585 2301 635; x_wconf 87' lang='lat' dir='ltr'><strong>evenerunt.</strong></span> <span class='ocrx_word' id='word_1_15' title='bbox 2330 576 2550 635; x_wconf 88' lang='lat' dir='ltr'><strong>Saulem</strong></span> <span class='ocrx_word' id='word_1_16' title='bbox 2582 585 2875 651; x_wconf 88' lang='lat' dir='ltr'><strong>tyrannum</strong></span> <span class='ocrx_word' id='word_1_17' title='bbox 2899 578 3173 637; x_wconf 61' lang='lat' dir='ltr'><strong>daemones</strong></span> <span class='ocrx_word' id='word_1_18' title='bbox 3195 597 3547 654; x_wconf 87' lang='lat' dir='ltr'><strong>occuparant,</strong></span> 
     </span>
    </p>
   </div>
   <div class='ocr_carea' id='block_1_6' title="bbox 312 661 1834 742">
    <p class='ocr_par' dir='ltr' id='par_1_6' title="bbox 312 661 1834 739">
     <span class='ocr_line' id='line_1_6' title="bbox 312 661 1834 739; baseline 0.005 -26"><span class='ocrx_word' id='word_1_19' title='bbox 312 661 614 734; x_wconf 60' lang='grc' dir='ltr'>ἐνεργήσας</span> <span class='ocrx_word' id='word_1_20' title='bbox 648 664 750 735; x_wconf 87' lang='grc' dir='ltr'>τὴν</span> <span class='ocrx_word' id='word_1_21' title='bbox 789 664 1013 736; x_wconf 81' lang='grc' dir='ltr'><strong>πτόησιν</strong></span> <span class='ocrx_word' id='word_1_22' title='bbox 1034 684 1047 699; x_wconf 77' lang='grc' dir='ltr'><strong>ο</strong></span> <span class='ocrx_word' id='word_1_23' title='bbox 1071 669 1100 721; x_wconf 99' lang='lat'><strong>6</strong></span> <span class='ocrx_word' id='word_1_24' title='bbox 1130 668 1187 721; x_wconf 83' lang='grc' dir='ltr'>δὲ</span> <span class='ocrx_word' id='word_1_25' title='bbox 1222 669 1585 739; x_wconf 78' lang='grc' dir='ltr'>καταληφθεὶς</span> <span class='ocrx_word' id='word_1_26' title='bbox 1622 670 1727 723; x_wconf 82' lang='grc' dir='ltr'><strong>ὑπὸ</strong></span> <span class='ocrx_word' id='word_1_27' title='bbox 1768 669 1834 723; x_wconf 75' lang='grc' dir='ltr'><strong>τᾶ</strong></span> 
     </span>
    </p>
   </div>
   <div class='ocr_carea' id='block_1_7' title="bbox 1940 661 3543 742">
    <p class='ocr_par' dir='ltr' id='par_1_7' title="bbox 1981 668 3543 742">
     <span class='ocr_line' id='line_1_7' title="bbox 1981 668 3543 742; baseline 0.007 -19"><span class='ocrx_word' id='word_1_28' title='bbox 1981 669 2081 724; x_wconf 89' lang='lat' dir='ltr'><strong>hos</strong></span> <span class='ocrx_word' id='word_1_29' title='bbox 2117 668 2367 741; x_wconf 84' lang='lat' dir='ltr'><strong>proﬂigat</strong></span> <span class='ocrx_word' id='word_1_30' title='bbox 2419 678 2621 727; x_wconf 86' lang='lat' dir='ltr'><strong>unctus</strong></span> <span class='ocrx_word' id='word_1_31' title='bbox 2665 671 2721 725; x_wconf 91' lang='lat' dir='ltr'><strong>in</strong></span> <span class='ocrx_word' id='word_1_32' title='bbox 2775 686 3027 742; x_wconf 78' lang='lat' dir='ltr'><strong>regnum,</strong></span> <span class='ocrx_word' id='word_1_33' title='bbox 3058 674 3424 732; x_wconf 87' lang='lat' dir='ltr'><strong>instrumento</strong></span> <span class='ocrx_word' id='word_1_34' title='bbox 3467 681 3543 734; x_wconf 80' lang='lat' dir='ltr'><strong>ei-</strong></span> 
     </span>
    </p>
   </div>
   <div class='ocr_carea' id='block_1_8' title="bbox 314 754 1834 835">
    <p class='ocr_par' dir='ltr' id='par_1_8' title="bbox 314 754 1834 835">
     <span class='ocr_line' id='line_1_8' title="bbox 314 754 1834 835; baseline 0.004 -28"><span class='ocrx_word' id='word_1_35' title='bbox 314 754 586 808; x_wconf 85' lang='grc' dir='ltr'><strong>συνόντων</strong></span> <span class='ocrx_word' id='word_1_36' title='bbox 610 754 757 827; x_wconf 86' lang='grc' dir='ltr'><strong>αὐτῷ</strong></span> <span class='ocrx_word' id='word_1_37' title='bbox 782 757 1075 830; x_wconf 84' lang='grc' dir='ltr'>δαιμόνων,</span> <span class='ocrx_word' id='word_1_38' title='bbox 1106 760 1370 815; x_wconf 79' lang='grc' dir='ltr'><strong>πατάσσει</strong></span> <span class='ocrx_word' id='word_1_39' title='bbox 1401 764 1466 833; x_wconf 76' lang='grc' dir='ltr'>τῇ</span> <span class='ocrx_word' id='word_1_40' title='bbox 1487 761 1655 835; x_wconf 77' lang='grc' dir='ltr'>λόγχῃ</span> <span class='ocrx_word' id='word_1_41' title='bbox 1678 760 1768 814; x_wconf 82' lang='grc' dir='ltr'>τὸν</span> <span class='ocrx_word' id='word_1_42' title='bbox 1793 761 1834 813; x_wconf 82' lang='grc' dir='ltr'><strong>δι</strong></span> 
     </span>
    </p>
   </div>
   <div class='ocr_carea' id='block_1_9' title="bbox 1940 754 3543 835">
    <p class='ocr_par' dir='ltr' id='par_1_9' title="bbox 1976 760 3543 832">
     <span class='ocr_line' id='line_1_9' title="bbox 1976 760 3543 832; baseline 0.009 -19"><span class='ocrx_word' id='word_1_43' title='bbox 1976 762 2150 816; x_wconf 72' lang='lat' dir='ltr'><strong>thera:</strong></span> <span class='ocrx_word' id='word_1_44' title='bbox 2178 761 2399 818; x_wconf 88' lang='lat' dir='ltr'><strong>incussa</strong></span> <span class='ocrx_word' id='word_1_45' title='bbox 2436 760 2547 818; x_wconf 86' lang='lat' dir='ltr'><strong>illis</strong></span> <span class='ocrx_word' id='word_1_46' title='bbox 2581 761 2906 832; x_wconf 80' lang='lat' dir='ltr'><strong>formidine;</strong></span> <span class='ocrx_word' id='word_1_47' title='bbox 2942 772 2997 819; x_wconf 90' lang='lat' dir='ltr'><strong>at</strong></span> <span class='ocrx_word' id='word_1_48' title='bbox 3034 766 3125 822; x_wconf 89' lang='lat' dir='ltr'><strong>ille</strong></span> <span class='ocrx_word' id='word_1_49' title='bbox 3152 782 3181 821; x_wconf 90' lang='lat' dir='ltr'><strong>a</strong></span> <span class='ocrx_word' id='word_1_50' title='bbox 3208 768 3543 828; x_wconf 80' lang='lat' dir='ltr'><strong>daemonibus</strong></span> 
     </span>
    </p>
   </div>
   <div class='ocr_carea' id='block_1_10' title="bbox 311 844 1922 922">
    <p class='ocr_par' dir='ltr' id='par_1_10' title="bbox 311 844 1922 922">
     <span class='ocr_line' id='line_1_10' title="bbox 311 844 1922 922; baseline 0.003 -21"><span class='ocrx_word' id='word_1_51' title='bbox 311 846 411 915; x_wconf 80' lang='grc' dir='ltr'>τῆς</span> <span class='ocrx_word' id='word_1_52' title='bbox 444 844 675 918; x_wconf 78' lang='grc' dir='ltr'><strong>κιθάρας</strong></span> <span class='ocrx_word' id='word_1_53' title='bbox 701 846 798 919; x_wconf 83' lang='grc' dir='ltr'>τὴν</span> <span class='ocrx_word' id='word_1_54' title='bbox 830 848 972 911; x_wconf 82' lang='grc' dir='ltr'>κατὰ</span> <span class='ocrx_word' id='word_1_55' title='bbox 1012 849 1119 903; x_wconf 84' lang='grc' dir='ltr'>τῶν</span> <span class='ocrx_word' id='word_1_56' title='bbox 1158 850 1428 921; x_wconf 85' lang='grc' dir='ltr'><strong>δαιμόνων</strong></span> <span class='ocrx_word' id='word_1_57' title='bbox 1462 853 1612 922; x_wconf 82' lang='grc' dir='ltr'>ἰσχὺν</span> <span class='ocrx_word' id='word_1_58' title='bbox 1640 851 1878 916; x_wconf 68' lang='grc' dir='ltr'>Νδειξά-</span> <span class='ocrx_word' id='word_1_59' title='bbox 1918 914 1922 919; x_wconf 25' lang='grc' dir='ltr'><em>η</em></span> 
     </span>
    </p>
   </div>
   <div class='ocr_carea' id='block_1_11' title="bbox 312 935 1873 1017">
    <p class='ocr_par' dir='ltr' id='par_1_11' title="bbox 312 935 1873 1017">
     <span class='ocr_line' id='line_1_11' title="bbox 312 935 1873 1017; baseline 0.008 -30"><span class='ocrx_word' id='word_1_60' title='bbox 312 935 495 1005; x_wconf 78' lang='grc' dir='ltr'>μένον,</span> <span class='ocrx_word' id='word_1_61' title='bbox 514 935 628 990; x_wconf 83' lang='grc' dir='ltr'>ἀλλ’</span> <span class='ocrx_word' id='word_1_62' title='bbox 648 938 676 990; x_wconf 93' lang='lat'><strong>6</strong></span> <span class='ocrx_word' id='word_1_63' title='bbox 689 940 864 1009; x_wconf 79' lang='grc' dir='ltr'><strong>τοῖχος</strong></span> <span class='ocrx_word' id='word_1_64' title='bbox 877 940 1089 1010; x_wconf 87' lang='grc' dir='ltr'>δέχεται</span> <span class='ocrx_word' id='word_1_65' title='bbox 1104 942 1227 995; x_wconf 76' lang='grc' dir='ltr'>ἀντὶ</span> <span class='ocrx_word' id='word_1_66' title='bbox 1242 943 1335 996; x_wconf 91' lang='grc' dir='ltr'><strong>τοῦ</strong></span> <span class='ocrx_word' id='word_1_67' title='bbox 1351 944 1515 997; x_wconf 77' lang='grc' dir='ltr'><strong>Δαόὶδ</strong></span> <span class='ocrx_word' id='word_1_68' title='bbox 1526 943 1626 1016; x_wconf 81' lang='grc' dir='ltr'>τὴν</span> <span class='ocrx_word' id='word_1_69' title='bbox 1638 944 1873 1017; x_wconf 80' lang='grc' dir='ltr'>πληγήν·</span> 
     </span>
    </p>
   </div>
   <div class='ocr_carea' id='block_1_12' title="bbox 305 1026 825 1094">
    <p class='ocr_par' dir='ltr' id='par_1_12' title="bbox 305 1026 825 1094">
     <span class='ocr_line' id='line_1_12' title="bbox 305 1026 825 1094; baseline 0.01 -16"><span class='ocrx_word' id='word_1_70' title='bbox 305 1028 337 1078; x_wconf 87' lang='grc' dir='ltr'>ὁ</span> <span class='ocrx_word' id='word_1_71' title='bbox 372 1026 432 1084; x_wconf 74' lang='grc' dir='ltr'>δὲ</span> <span class='ocrx_word' id='word_1_72' title='bbox 481 1027 825 1094; x_wconf 79' lang='grc' dir='ltr'><strong>διασώζεται.</strong></span> 
     </span>
    </p>
   </div>
   <div class='ocr_carea' id='block_1_13' title="bbox 372 1208 1871 1288">
    <p class='ocr_par' dir='ltr' id='par_1_13' title="bbox 372 1208 1871 1288">
     <span class='ocr_line' id='line_1_13' title="bbox 372 1208 1871 1288; baseline 0.007 -26"><span class='ocrx_word' id='word_1_73' title='bbox 372 1208 528 1267; x_wconf 83' lang='grc' dir='ltr'>Μετὰ</span> <span class='ocrx_word' id='word_1_74' title='bbox 561 1208 730 1264; x_wconf 88' lang='grc' dir='ltr'>ταῦτα</span> <span class='ocrx_word' id='word_1_75' title='bbox 774 1212 802 1263; x_wconf 91' lang='lat'><strong>6</strong></span> <span class='ocrx_word' id='word_1_76' title='bbox 867 1213 1268 1281; x_wconf 69' lang='grc' dir='ltr'>ἐπιϐουλευθεὶς</span> <span class='ocrx_word' id='word_1_77' title='bbox 1339 1214 1491 1288; x_wconf 78' lang='grc' dir='ltr'>παρὰ</span> <span class='ocrx_word' id='word_1_78' title='bbox 1550 1215 1643 1270; x_wconf 89' lang='grc' dir='ltr'><strong>τοῦ</strong></span> <span class='ocrx_word' id='word_1_79' title='bbox 1699 1217 1871 1273; x_wconf 73' lang='grc' dir='ltr'>Σαοὺλ</span> 
     </span>
    </p>
   </div>
   <div class='ocr_carea' id='block_1_14' title="bbox 300 1301 1871 1381">
    <p class='ocr_par' dir='ltr' id='par_1_14' title="bbox 300 1301 1871 1381">
     <span class='ocr_line' id='line_1_14' title="bbox 300 1301 1871 1381; baseline 0.002 -25"><span class='ocrx_word' id='word_1_80' title='bbox 300 1301 545 1374; x_wconf 78' lang='grc' dir='ltr'><strong>ζητεῖται</strong></span> <span class='ocrx_word' id='word_1_81' title='bbox 615 1303 708 1357; x_wconf 77' lang='grc' dir='ltr'><strong>ἐπὶ</strong></span> <span class='ocrx_word' id='word_1_82' title='bbox 772 1303 871 1373; x_wconf 87' lang='grc' dir='ltr'>τῆς</span> <span class='ocrx_word' id='word_1_83' title='bbox 930 1304 1149 1377; x_wconf 80' lang='grc' dir='ltr'><strong>κλίνης,</strong></span> <span class='ocrx_word' id='word_1_84' title='bbox 1214 1307 1309 1367; x_wconf 69' lang='grc' dir='ltr'>καὶ</span> <span class='ocrx_word' id='word_1_85' title='bbox 1370 1310 1399 1361; x_wconf 90' lang='lat'><strong>6</strong></span> <span class='ocrx_word' id='word_1_86' title='bbox 1461 1307 1559 1379; x_wconf 79' lang='grc' dir='ltr'><strong>μὲν</strong></span> <span class='ocrx_word' id='word_1_87' title='bbox 1625 1309 1721 1381; x_wconf 83' lang='grc' dir='ltr'><strong>οὐχ</strong></span> <span class='ocrx_word' id='word_1_88' title='bbox 1782 1312 1871 1365; x_wconf 79' lang='grc' dir='ltr'><strong>εὑ-</strong></span> 
     </span>
    </p>
   </div>
   <div class='ocr_carea' id='block_1_15' title="bbox 299 1394 1867 1474">
    <p class='ocr_par' dir='ltr' id='par_1_15' title="bbox 299 1394 1867 1474">
     <span class='ocr_line' id='line_1_15' title="bbox 299 1394 1867 1474; baseline 0.006 -28"><span class='ocrx_word' id='word_1_89' title='bbox 299 1394 585 1464; x_wconf 82' lang='grc' dir='ltr'>ρίσκεται⁹</span> <span class='ocrx_word' id='word_1_90' title='bbox 670 1398 961 1466; x_wconf 79' lang='grc' dir='ltr'>κενοτάφια</span> <span class='ocrx_word' id='word_1_91' title='bbox 1018 1396 1075 1451; x_wconf 83' lang='grc' dir='ltr'>δὲ</span> <span class='ocrx_word' id='word_1_92' title='bbox 1150 1397 1267 1451; x_wconf 84' lang='grc' dir='ltr'>ἀντ’</span> <span class='ocrx_word' id='word_1_93' title='bbox 1343 1400 1550 1453; x_wconf 81' lang='grc' dir='ltr'>ἐκείνου</span> <span class='ocrx_word' id='word_1_94' title='bbox 1602 1401 1634 1471; x_wconf 67' lang='grc' dir='ltr'>ἡ</span> <span class='ocrx_word' id='word_1_95' title='bbox 1713 1401 1867 1474; x_wconf 84' lang='grc' dir='ltr'>κλίνη</span> 
     </span>
    </p>
   </div>
   <div class='ocr_carea' id='block_1_16' title="bbox 294 1482 1866 1565">
    <p class='ocr_par' dir='ltr' id='par_1_16' title="bbox 294 1482 1866 1565">
     <span class='ocr_line' id='line_1_16' title="bbox 294 1482 1866 1565; baseline 0.006 -28"><span class='ocrx_word' id='word_1_96' title='bbox 294 1484 445 1556; x_wconf 76' lang='grc' dir='ltr'>ἔχει,</span> <span class='ocrx_word' id='word_1_97' title='bbox 488 1488 581 1540; x_wconf 75' lang='grc' dir='ltr'>καὶ</span> <span class='ocrx_word' id='word_1_98' title='bbox 622 1482 773 1561; x_wconf 80' lang='grc' dir='ltr'>ἧπαρ</span> <span class='ocrx_word' id='word_1_99' title='bbox 818 1489 1010 1558; x_wconf 77' lang='grc' dir='ltr'>αἰγῶν.</span> <span class='ocrx_word' id='word_1_100' title='bbox 1059 1490 1269 1561; x_wconf 82' lang='grc' dir='ltr'>Φανερά</span> <span class='ocrx_word' id='word_1_101' title='bbox 1304 1491 1361 1545; x_wconf 86' lang='grc' dir='ltr'>δὲ</span> <span class='ocrx_word' id='word_1_102' title='bbox 1404 1492 1619 1556; x_wconf 86' lang='grc' dir='ltr'>πάντως</span> <span class='ocrx_word' id='word_1_103' title='bbox 1648 1493 1796 1547; x_wconf 77' lang='grc' dir='ltr'>ἐστὶν</span> <span class='ocrx_word' id='word_1_104' title='bbox 1832 1495 1866 1565; x_wconf 77' lang='grc' dir='ltr'>ἡ</span> 
     </span>
    </p>
   </div>
   <div class='ocr_carea' id='block_1_17' title="bbox 292 1577 1865 1657">
    <p class='ocr_par' dir='ltr' id='par_1_17' title="bbox 292 1577 1865 1657">
     <span class='ocr_line' id='line_1_17' title="bbox 292 1577 1865 1657; baseline 0.005 -26"><span class='ocrx_word' id='word_1_105' title='bbox 292 1577 503 1632; x_wconf 77' lang='grc' dir='ltr'><strong>διάνοια</strong></span> <span class='ocrx_word' id='word_1_106' title='bbox 525 1580 880 1651; x_wconf 69' lang='grc' dir='ltr'><strong>αἰνιγμάτων,</strong></span> <span class='ocrx_word' id='word_1_107' title='bbox 908 1582 1001 1634; x_wconf 73' lang='grc' dir='ltr'>καὶ</span> <span class='ocrx_word' id='word_1_108' title='bbox 1022 1581 1120 1651; x_wconf 84' lang='grc' dir='ltr'>τῆς</span> <span class='ocrx_word' id='word_1_109' title='bbox 1146 1582 1386 1654; x_wconf 79' lang='grc' dir='ltr'><strong>ἱστορίας</strong></span> <span class='ocrx_word' id='word_1_110' title='bbox 1417 1584 1705 1639; x_wconf 78' lang='grc' dir='ltr'>ἀκολουθία</span> <span class='ocrx_word' id='word_1_111' title='bbox 1729 1586 1865 1657; x_wconf 76' lang='grc' dir='ltr'>πρὸς</span> 
     </span>
    </p>
   </div>
   <div class='ocr_carea' id='block_1_18' title="bbox 288 1660 1863 1743">
    <p class='ocr_par' dir='ltr' id='par_1_18' title="bbox 288 1660 1863 1743">
     <span class='ocr_line' id='line_1_18' title="bbox 288 1660 1863 1743; baseline 0.004 -19"><span class='ocrx_word' id='word_1_112' title='bbox 288 1671 345 1724; x_wconf 82' lang='grc' dir='ltr'><strong>τί</strong></span> <span class='ocrx_word' id='word_1_113' title='bbox 378 1670 583 1741; x_wconf 81' lang='grc' dir='ltr'><strong>βλέπει.</strong></span> <span class='ocrx_word' id='word_1_114' title='bbox 632 1670 752 1724; x_wconf 88' lang='grc' dir='ltr'><strong>Ὅτι</strong></span> <span class='ocrx_word' id='word_1_115' title='bbox 791 1670 888 1743; x_wconf 83' lang='grc' dir='ltr'><strong>μὲν</strong></span> <span class='ocrx_word' id='word_1_116' title='bbox 934 1672 1022 1726; x_wconf 85' lang='grc' dir='ltr'>διὰ</span> <span class='ocrx_word' id='word_1_117' title='bbox 1054 1671 1147 1726; x_wconf 91' lang='grc' dir='ltr'><strong>τοῦ</strong></span> <span class='ocrx_word' id='word_1_118' title='bbox 1191 1660 1355 1728; x_wconf 75' lang='grc' dir='ltr'>Δασὶδ</span> <span class='ocrx_word' id='word_1_119' title='bbox 1394 1676 1423 1728; x_wconf 90' lang='lat'><strong>6</strong></span> <span class='ocrx_word' id='word_1_120' title='bbox 1462 1677 1526 1729; x_wconf 80' lang='grc' dir='ltr'>ἐκ</span> <span class='ocrx_word' id='word_1_121' title='bbox 1576 1676 1668 1730; x_wconf 90' lang='grc' dir='ltr'>τοῦ</span> <span class='ocrx_word' id='word_1_122' title='bbox 1700 1678 1863 1733; x_wconf 80' lang='grc' dir='ltr'>Δα6⁴ιδ</span> 
     </span>
    </p>
   </div>
   <div class='ocr_carea' id='block_1_19' title="bbox 288 1763 1858 1840">
    <p class='ocr_par' dir='ltr' id='par_1_19' title="bbox 288 1763 1858 1840">
     <span class='ocr_line' id='line_1_19' title="bbox 288 1763 1858 1840; baseline 0.005 -25"><span class='ocrx_word' id='word_1_123' title='bbox 288 1763 661 1836; x_wconf 80' lang='grc' dir='ltr'>προμηνύεται</span> <span class='ocrx_word' id='word_1_124' title='bbox 680 1803 697 1831; x_wconf 93' lang='grc'><strong>,</strong></span> <span class='ocrx_word' id='word_1_125' title='bbox 720 1764 811 1818; x_wconf 85' lang='grc' dir='ltr'>τὸν</span> <span class='ocrx_word' id='word_1_126' title='bbox 835 1766 893 1819; x_wconf 86' lang='grc' dir='ltr'>δὲ</span> <span class='ocrx_word' id='word_1_127' title='bbox 916 1766 1147 1836; x_wconf 85' lang='grc' dir='ltr'>Χριστὸν</span> <span class='ocrx_word' id='word_1_128' title='bbox 1168 1769 1195 1821; x_wconf 92' lang='lat'><strong>6</strong></span> <span class='ocrx_word' id='word_1_129' title='bbox 1216 1767 1455 1839; x_wconf 76' lang='grc' dir='ltr'>χρισθεὶς</span> <span class='ocrx_word' id='word_1_130' title='bbox 1474 1768 1858 1840; x_wconf 81' lang='grc' dir='ltr'>διασημαίνει·</span> 
     </span>
    </p>
   </div>
   <div class='ocr_carea' id='block_1_20' title="bbox 1977 851 3541 930">
    <p class='ocr_par' dir='ltr' id='par_1_20' title="bbox 1977 851 3541 930">
     <span class='ocr_line' id='line_1_20' title="bbox 1977 851 3541 930; baseline 0.006 -23"><span class='ocrx_word' id='word_1_131' title='bbox 1977 851 2081 907; x_wconf 86' lang='lat' dir='ltr'><strong>sibi</strong></span> <span class='ocrx_word' id='word_1_132' title='bbox 2132 852 2497 911; x_wconf 81' lang='lat' dir='ltr'><strong>familiaribus</strong></span> <span class='ocrx_word' id='word_1_133' title='bbox 2539 854 2833 923; x_wconf 91' lang='lat' dir='ltr'><strong>distentus,</strong></span> <span class='ocrx_word' id='word_1_134' title='bbox 2872 857 3060 912; x_wconf 82' lang='lat' dir='ltr'><strong>lancea</strong></span> <span class='ocrx_word' id='word_1_135' title='bbox 3100 862 3336 930; x_wconf 91' lang='lat' dir='ltr'><strong>percutit</strong></span> <span class='ocrx_word' id='word_1_136' title='bbox 3364 862 3541 930; x_wconf 91' lang='lat' dir='ltr'><strong>illum,</strong></span> 
     </span>
    </p>
   </div>
   <div class='ocr_carea' id='block_1_21' title="bbox 1974 941 3531 1022">
    <p class='ocr_par' dir='ltr' id='par_1_21' title="bbox 1974 941 3531 1022">
     <span class='ocr_line' id='line_1_21' title="bbox 1974 941 3531 1022; baseline 0.008 -27"><span class='ocrx_word' id='word_1_137' title='bbox 1974 941 2067 1011; x_wconf 92' lang='lat' dir='ltr'><strong>qui</strong></span> <span class='ocrx_word' id='word_1_138' title='bbox 2092 942 2203 996; x_wconf 90' lang='lat' dir='ltr'><strong>vim</strong></span> <span class='ocrx_word' id='word_1_139' title='bbox 2249 958 2403 999; x_wconf 91' lang='lat' dir='ltr'><strong>suam</strong></span> <span class='ocrx_word' id='word_1_140' title='bbox 2437 951 2629 999; x_wconf 90' lang='lat' dir='ltr'><strong>contra</strong></span> <span class='ocrx_word' id='word_1_141' title='bbox 2668 944 2942 1001; x_wconf 62' lang='lat' dir='ltr'><strong>datmones</strong></span> <span class='ocrx_word' id='word_1_142' title='bbox 2972 963 3069 1017; x_wconf 84' lang='lat' dir='ltr'><strong>per.</strong></span> <span class='ocrx_word' id='word_1_143' title='bbox 3102 950 3363 1005; x_wconf 78' lang='lat' dir='ltr'><strong>citharam</strong></span> <span class='ocrx_word' id='word_1_144' title='bbox 3393 964 3531 1022; x_wconf 84' lang='lat' dir='ltr'><strong>pate-</strong></span> 
     </span>
    </p>
   </div>
   <div class='ocr_carea' id='block_1_22' title="bbox 1973 1034 3537 1121">
    <p class='ocr_par' dir='ltr' id='par_1_22' title="bbox 1973 1034 3537 1121">
     <span class='ocr_line' id='line_1_22' title="bbox 1973 1034 3537 1121; baseline 0.012 -33"><span class='ocrx_word' id='word_1_145' title='bbox 1973 1034 2242 1104; x_wconf 83' lang='lat' dir='ltr'><strong>l‘aciebat;</strong></span> <span class='ocrx_word' id='word_1_146' title='bbox 2279 1039 2373 1094; x_wconf 88' lang='lat' dir='ltr'><strong>sed</strong></span> <span class='ocrx_word' id='word_1_147' title='bbox 2400 1055 2616 1105; x_wconf 89' lang='lat' dir='ltr'><strong>murus,</strong></span> <span class='ocrx_word' id='word_1_148' title='bbox 2649 1040 2771 1096; x_wconf 89' lang='lat' dir='ltr'><strong>loco</strong></span> <span class='ocrx_word' id='word_1_149' title='bbox 2810 1040 3052 1108; x_wconf 88' lang='lat' dir='ltr'><strong>Davidis,</strong></span> <span class='ocrx_word' id='word_1_150' title='bbox 3094 1044 3264 1101; x_wconf 90' lang='lat' dir='ltr'><strong>ictum</strong></span> <span class='ocrx_word' id='word_1_151' title='bbox 3305 1050 3537 1121; x_wconf 80' lang='lat' dir='ltr'><strong>recipit;</strong></span> 
     </span>
    </p>
   </div>
   <div class='ocr_carea' id='block_1_23' title="bbox 1972 1125 2603 1188">
    <p class='ocr_par' dir='ltr' id='par_1_23' title="bbox 1972 1125 2603 1188">
     <span class='ocr_line' id='line_1_23' title="bbox 1972 1125 2603 1188; baseline 0.013 -8"><span class='ocrx_word' id='word_1_152' title='bbox 1972 1125 2061 1182; x_wconf 87' lang='lat' dir='ltr'><strong>ille</strong></span> <span class='ocrx_word' id='word_1_153' title='bbox 2088 1128 2374 1186; x_wconf 89' lang='lat' dir='ltr'><strong>incolumis</strong></span> <span class='ocrx_word' id='word_1_154' title='bbox 2405 1131 2603 1188; x_wconf 83' lang='lat' dir='ltr'><strong>evadit.</strong></span> 
     </span>
    </p>
   </div>
   <div class='ocr_carea' id='block_1_24' title="bbox 2041 1214 3536 1297">
    <p class='ocr_par' dir='ltr' id='par_1_24' title="bbox 2041 1214 3536 1297">
     <span class='ocr_line' id='line_1_24' title="bbox 2041 1214 3536 1297; baseline 0.011 -28"><span class='ocrx_word' id='word_1_155' title='bbox 2041 1214 2290 1273; x_wconf 75' lang='lat' dir='ltr'><strong>Posthazc</strong></span> <span class='ocrx_word' id='word_1_156' title='bbox 2337 1218 2568 1275; x_wconf 85' lang='lat' dir='ltr'><strong>insidias</strong></span> <span class='ocrx_word' id='word_1_157' title='bbox 2615 1233 2645 1274; x_wconf 89' lang='lat' dir='ltr'><strong>a</strong></span> <span class='ocrx_word' id='word_1_158' title='bbox 2697 1220 2861 1278; x_wconf 90' lang='lat' dir='ltr'><strong>Saule</strong></span> <span class='ocrx_word' id='word_1_159' title='bbox 2898 1238 3117 1297; x_wconf 88' lang='lat' dir='ltr'><strong>passus,</strong></span> <span class='ocrx_word' id='word_1_160' title='bbox 3169 1229 3431 1297; x_wconf 61' lang='lat' dir='ltr'><strong>quatritur</strong></span> <span class='ocrx_word' id='word_1_161' title='bbox 3478 1230 3536 1287; x_wconf 91' lang='lat' dir='ltr'><strong>in</strong></span> 
     </span>
    </p>
   </div>
   <div class='ocr_carea' id='block_1_25' title="bbox 1969 1304 3533 1390">
    <p class='ocr_par' dir='ltr' id='par_1_25' title="bbox 1969 1304 3533 1390">
     <span class='ocr_line' id='line_1_25' title="bbox 1969 1304 3533 1390; baseline 0.012 -30"><span class='ocrx_word' id='word_1_162' title='bbox 1969 1304 2112 1362; x_wconf 88' lang='lat' dir='ltr'><strong>lecto</strong></span> <span class='ocrx_word' id='word_1_163' title='bbox 2152 1328 2165 1363; x_wconf 89' lang='lat'><strong>:</strong></span> <span class='ocrx_word' id='word_1_164' title='bbox 2204 1316 2259 1363; x_wconf 88' lang='lat' dir='ltr'><strong>at</strong></span> <span class='ocrx_word' id='word_1_165' title='bbox 2293 1324 2404 1365; x_wconf 90' lang='lat' dir='ltr'><strong>non</strong></span> <span class='ocrx_word' id='word_1_166' title='bbox 2439 1312 2745 1383; x_wconf 88' lang='lat' dir='ltr'><strong>reperitur;</strong></span> <span class='ocrx_word' id='word_1_167' title='bbox 2779 1313 3074 1371; x_wconf 86' lang='lat' dir='ltr'><strong>simulacra</strong></span> <span class='ocrx_word' id='word_1_168' title='bbox 3121 1332 3252 1373; x_wconf 87' lang='lat' dir='ltr'><strong>vero</strong></span> <span class='ocrx_word' id='word_1_169' title='bbox 3286 1322 3533 1390; x_wconf 71' lang='lat' dir='ltr'><strong>quaedam</strong></span> 
     </span>
    </p>
   </div>
   <div class='ocr_carea' id='block_1_26' title="bbox 1967 1401 3532 1482">
    <p class='ocr_par' dir='ltr' id='par_1_26' title="bbox 1967 1401 3532 1482">
     <span class='ocr_line' id='line_1_26' title="bbox 1967 1401 3532 1482; baseline 0.011 -29"><span class='ocrx_word' id='word_1_170' title='bbox 1967 1401 2085 1457; x_wconf 91' lang='lat' dir='ltr'><strong>vice</strong></span> <span class='ocrx_word' id='word_1_171' title='bbox 2121 1401 2269 1460; x_wconf 90' lang='lat' dir='ltr'><strong>illius</strong></span> <span class='ocrx_word' id='word_1_172' title='bbox 2330 1402 2509 1459; x_wconf 90' lang='lat' dir='ltr'><strong>lectus</strong></span> <span class='ocrx_word' id='word_1_173' title='bbox 2562 1405 2827 1470; x_wconf 85' lang='lat' dir='ltr'><strong>continet,</strong></span> <span class='ocrx_word' id='word_1_174' title='bbox 2882 1413 2937 1461; x_wconf 92' lang='lat' dir='ltr'><strong>et</strong></span> <span class='ocrx_word' id='word_1_175' title='bbox 2997 1408 3167 1480; x_wconf 87' lang='lat' dir='ltr'><strong>hepar</strong></span> <span class='ocrx_word' id='word_1_176' title='bbox 3220 1426 3532 1482; x_wconf 88' lang='lat' dir='ltr'><strong>caprarum.</strong></span> 
     </span>
    </p>
   </div>
   <div class='ocr_carea' id='block_1_27' title="bbox 1964 1490 3533 1576">
    <p class='ocr_par' dir='ltr' id='par_1_27' title="bbox 1964 1490 3533 1576">
     <span class='ocr_line' id='line_1_27' title="bbox 1964 1490 3533 1576; baseline 0.01 -31"><span class='ocrx_word' id='word_1_177' title='bbox 1964 1490 2257 1564; x_wconf 85' lang='lat' dir='ltr'><strong>Perspicue</strong></span> <span class='ocrx_word' id='word_1_178' title='bbox 2298 1502 2478 1551; x_wconf 91' lang='lat' dir='ltr'><strong>autem</strong></span> <span class='ocrx_word' id='word_1_179' title='bbox 2521 1494 2710 1566; x_wconf 91' lang='lat' dir='ltr'><strong>liquet,</strong></span> <span class='ocrx_word' id='word_1_180' title='bbox 2742 1512 3003 1568; x_wconf 85' lang='lat' dir='ltr'><strong>quorsum</strong></span> <span class='ocrx_word' id='word_1_181' title='bbox 3044 1500 3239 1556; x_wconf 92' lang='lat' dir='ltr'><strong>horum</strong></span> <span class='ocrx_word' id='word_1_182' title='bbox 3272 1505 3533 1576; x_wconf 65' lang='lat' dir='ltr'><strong>aenigma-</strong></span> 
     </span>
    </p>
   </div>
   <div class='ocr_carea' id='block_1_28' title="bbox 1963 1581 3526 1659">
    <p class='ocr_par' dir='ltr' id='par_1_28' title="bbox 1963 1581 3526 1659">
     <span class='ocr_line' id='line_1_28' title="bbox 1963 1581 3526 1659; baseline 0.011 -26"><span class='ocrx_word' id='word_1_183' title='bbox 1963 1586 2078 1633; x_wconf 93' lang='lat' dir='ltr'><strong>tum</strong></span> <span class='ocrx_word' id='word_1_184' title='bbox 2117 1581 2498 1652; x_wconf 83' lang='lat' dir='ltr'><strong>intelligentia,</strong></span> <span class='ocrx_word' id='word_1_185' title='bbox 2542 1593 2596 1639; x_wconf 92' lang='lat' dir='ltr'><strong>et</strong></span> <span class='ocrx_word' id='word_1_186' title='bbox 2623 1588 2796 1642; x_wconf 89' lang='lat' dir='ltr'><strong>totius</strong></span> <span class='ocrx_word' id='word_1_187' title='bbox 2827 1588 3067 1645; x_wconf 72' lang='lat' dir='ltr'><strong>historia:</strong></span> <span class='ocrx_word' id='word_1_188' title='bbox 3101 1592 3273 1647; x_wconf 90' lang='lat' dir='ltr'><strong>series</strong></span> <span class='ocrx_word' id='word_1_189' title='bbox 3318 1594 3526 1659; x_wconf 90' lang='lat' dir='ltr'><strong>tendat,</strong></span> 
     </span>
    </p>
   </div>
   <div class='ocr_carea' id='block_1_29' title="bbox 1960 1671 3527 1753">
    <p class='ocr_par' dir='ltr' id='par_1_29' title="bbox 1960 1671 3527 1753">
     <span class='ocr_line' id='line_1_29' title="bbox 1960 1671 3527 1753; baseline 0.011 -29"><span class='ocrx_word' id='word_1_190' title='bbox 1960 1671 2209 1727; x_wconf 82' lang='lat' dir='ltr'><strong>videlicet</strong></span> <span class='ocrx_word' id='word_1_191' title='bbox 2255 1688 2352 1743; x_wconf 91' lang='lat' dir='ltr'><strong>per</strong></span> <span class='ocrx_word' id='word_1_192' title='bbox 2401 1673 2654 1731; x_wconf 87' lang='lat' dir='ltr'><strong>Davidem</strong></span> <span class='ocrx_word' id='word_1_193' title='bbox 2701 1677 3043 1747; x_wconf 83' lang='lat' dir='ltr'><strong>significatur</strong></span> <span class='ocrx_word' id='word_1_194' title='bbox 3079 1682 3126 1737; x_wconf 89' lang='lat' dir='ltr'><strong>is</strong></span> <span class='ocrx_word' id='word_1_195' title='bbox 3180 1683 3273 1753; x_wconf 89' lang='lat' dir='ltr'><strong>qui</strong></span> <span class='ocrx_word' id='word_1_196' title='bbox 3322 1694 3407 1740; x_wconf 91' lang='lat' dir='ltr'><strong>est</strong></span> <span class='ocrx_word' id='word_1_197' title='bbox 3458 1703 3527 1742; x_wconf 86' lang='lat' dir='ltr'><strong>ex</strong></span> 
     </span>
    </p>
   </div>
   <div class='ocr_carea' id='block_1_30' title="bbox 1960 1762 3528 1849">
    <p class='ocr_par' dir='ltr' id='par_1_30' title="bbox 1960 1762 3528 1849">
     <span class='ocr_line' id='line_1_30' title="bbox 1960 1762 3528 1849; baseline 0.011 -32"><span class='ocrx_word' id='word_1_198' title='bbox 1960 1762 2183 1831; x_wconf 88' lang='lat' dir='ltr'><strong>Davide,</strong></span> <span class='ocrx_word' id='word_1_199' title='bbox 2222 1774 2275 1819; x_wconf 87' lang='lat' dir='ltr'><strong>et</strong></span> <span class='ocrx_word' id='word_1_200' title='bbox 2321 1765 2623 1833; x_wconf 89' lang='lat' dir='ltr'><strong>Christum,</strong></span> <span class='ocrx_word' id='word_1_201' title='bbox 2669 1768 2775 1824; x_wconf 88' lang='lat' dir='ltr'><strong>hoc</strong></span> <span class='ocrx_word' id='word_1_202' title='bbox 2814 1779 2919 1836; x_wconf 88' lang='lat' dir='ltr'><strong>est,</strong></span> <span class='ocrx_word' id='word_1_203' title='bbox 2953 1780 3175 1827; x_wconf 91' lang='lat' dir='ltr'><strong>unctum</strong></span> <span class='ocrx_word' id='word_1_204' title='bbox 3217 1774 3528 1849; x_wconf 60' lang='lat' dir='ltr'><strong>prwﬂgurat</strong></span> 
     </span>
    </p>
   </div>
   <div class='ocr_carea' id='block_1_31' title="bbox 288 1854 1834 1937">
    <p class='ocr_par' dir='ltr' id='par_1_31' title="bbox 288 1854 1834 1937">
     <span class='ocr_line' id='line_1_31' title="bbox 288 1854 1834 1937; baseline 0.004 -31"><span class='ocrx_word' id='word_1_205' title='bbox 288 1856 383 1907; x_wconf 74' lang='grc' dir='ltr'>καὶ</span> <span class='ocrx_word' id='word_1_206' title='bbox 421 1855 502 1909; x_wconf 79' lang='grc' dir='ltr'>ὅτι</span> <span class='ocrx_word' id='word_1_207' title='bbox 615 1856 847 1927; x_wconf 81' lang='grc' dir='ltr'><strong>κιθάρα,</strong></span> <span class='ocrx_word' id='word_1_208' title='bbox 880 1856 940 1909; x_wconf 84' lang='grc' dir='ltr'><strong>τὸ</strong></span> <span class='ocrx_word' id='word_1_209' title='bbox 971 1854 1303 1929; x_wconf 85' lang='grc' dir='ltr'>ἀνθρώπινόν</span> <span class='ocrx_word' id='word_1_210' title='bbox 1331 1859 1477 1913; x_wconf 78' lang='grc' dir='ltr'>ἐστιν</span> <span class='ocrx_word' id='word_1_211' title='bbox 1506 1859 1735 1933; x_wconf 76' lang='grc' dir='ltr'>ὄργανον</span> <span class='ocrx_word' id='word_1_212' title='bbox 1761 1877 1775 1891; x_wconf 69' lang='grc' dir='ltr'><strong>θ</strong></span> <span class='ocrx_word' id='word_1_213' title='bbox 1820 1863 1834 1912; x_wconf 78' lang='lat'><strong>1‘</strong></span> 
     </span>
    </p>
   </div>
   <div class='ocr_carea' id='block_1_32' title="bbox 1940 1854 3523 1937">
    <p class='ocr_par' dir='ltr' id='par_1_32' title="bbox 1964 1858 3523 1937">
     <span class='ocr_line' id='line_1_32' title="bbox 1964 1858 3523 1937; baseline 0.01 -28"><span class='ocrx_word' id='word_1_214' title='bbox 1964 1865 2201 1923; x_wconf 76' lang='lat' dir='ltr'><strong>unctus;</strong></span> <span class='ocrx_word' id='word_1_215' title='bbox 2276 1866 2330 1912; x_wconf 89' lang='lat' dir='ltr'><strong>at</strong></span> <span class='ocrx_word' id='word_1_216' title='bbox 2380 1858 2647 1914; x_wconf 89' lang='lat' dir='ltr'><strong>citharam</strong></span> <span class='ocrx_word' id='word_1_217' title='bbox 2709 1875 2833 1917; x_wconf 87' lang='lat' dir='ltr'><strong>esse</strong></span> <span class='ocrx_word' id='word_1_218' title='bbox 2889 1861 3182 1919; x_wconf 88' lang='lat' dir='ltr'><strong>humanam</strong></span> <span class='ocrx_word' id='word_1_219' title='bbox 3237 1861 3523 1937; x_wconf 79' lang='lat' dir='ltr'><strong>naturam,</strong></span> 
     </span>
    </p>
   </div>
   <div class='ocr_carea' id='block_1_33' title="bbox 282 1936 1855 2025">
    <p class='ocr_par' dir='ltr' id='par_1_33' title="bbox 282 1936 1855 2025">
     <span class='ocr_line' id='line_1_33' title="bbox 282 1936 1855 2025; baseline 0.006 -25"><span class='ocrx_word' id='word_1_220' title='bbox 282 1945 342 2000; x_wconf 86' lang='grc' dir='ltr'>δὲ</span> <span class='ocrx_word' id='word_1_221' title='bbox 373 1949 439 2007; x_wconf 79' lang='grc' dir='ltr'>ἐκ</span> <span class='ocrx_word' id='word_1_222' title='bbox 472 1936 674 2021; x_wconf 83' lang='grc' dir='ltr'>ταύτης</span> <span class='ocrx_word' id='word_1_223' title='bbox 712 1948 846 2021; x_wconf 81' lang='grc' dir='ltr'>ᾠδὴ,</span> <span class='ocrx_word' id='word_1_224' title='bbox 881 1952 909 2007; x_wconf 97' lang='lat'><strong>6</strong></span> <span class='ocrx_word' id='word_1_225' title='bbox 946 1950 1033 2003; x_wconf 73' lang='grc' dir='ltr'><strong>διὰ</strong></span> <span class='ocrx_word' id='word_1_226' title='bbox 1069 1949 1162 2004; x_wconf 92' lang='grc' dir='ltr'>τοῦ</span> <span class='ocrx_word' id='word_1_227' title='bbox 1202 1950 1573 2023; x_wconf 86' lang='grc' dir='ltr'>σαρκωθέντος</span> <span class='ocrx_word' id='word_1_228' title='bbox 1605 1970 1855 2025; x_wconf 85' lang='grc' dir='ltr'>φανερω-</span> 
     </span>
    </p>
   </div>
   <div class='ocr_carea' id='block_1_34' title="bbox 284 2036 1856 2117">
    <p class='ocr_par' dir='ltr' id='par_1_34' title="bbox 284 2036 1856 2117">
     <span class='ocr_line' id='line_1_34' title="bbox 284 2036 1856 2117; baseline 0.006 -26"><span class='ocrx_word' id='word_1_229' title='bbox 284 2039 400 2105; x_wconf 83' lang='grc' dir='ltr'>θεὶς</span> <span class='ocrx_word' id='word_1_230' title='bbox 446 2041 582 2113; x_wconf 69' lang='grc' dir='ltr'><strong>ἡμῖν</strong></span> <span class='ocrx_word' id='word_1_231' title='bbox 626 2040 810 2117; x_wconf 84' lang='grc' dir='ltr'>λόγος,</span> <span class='ocrx_word' id='word_1_232' title='bbox 860 2036 921 2101; x_wconf 82' lang='lat'><strong>06</strong></span> <span class='ocrx_word' id='word_1_233' title='bbox 968 2041 1125 2113; x_wconf 73' lang='grc' dir='ltr'>ἔργον</span> <span class='ocrx_word' id='word_1_234' title='bbox 1163 2044 1309 2096; x_wconf 79' lang='grc' dir='ltr'>ἐστὶν</span> <span class='ocrx_word' id='word_1_235' title='bbox 1353 2043 1614 2112; x_wconf 82' lang='grc' dir='ltr'>ἀφανίσαι</span> <span class='ocrx_word' id='word_1_236' title='bbox 1649 2045 1748 2116; x_wconf 79' lang='grc' dir='ltr'><strong>τὴν</strong></span> <span class='ocrx_word' id='word_1_237' title='bbox 1792 2047 1856 2100; x_wconf 81' lang='grc' dir='ltr'>ὲκ</span> 
     </span>
    </p>
   </div>
   <div class='ocr_carea' id='block_1_35' title="bbox 278 2129 1855 2208">
    <p class='ocr_par' dir='ltr' id='par_1_35' title="bbox 278 2129 1855 2208">
     <span class='ocr_line' id='line_1_35' title="bbox 278 2129 1855 2208; baseline 0.001 -19"><span class='ocrx_word' id='word_1_238' title='bbox 278 2134 553 2205; x_wconf 83' lang='grc' dir='ltr'>δαιμόνων</span> <span class='ocrx_word' id='word_1_239' title='bbox 584 2135 939 2207; x_wconf 73' lang='grc' dir='ltr'>παραφορὰν,</span> <span class='ocrx_word' id='word_1_240' title='bbox 988 2136 1075 2193; x_wconf 81' lang='grc' dir='ltr'>ἵνα</span> <span class='ocrx_word' id='word_1_241' title='bbox 1114 2136 1311 2208; x_wconf 84' lang='grc' dir='ltr'>μηκέτι</span> <span class='ocrx_word' id='word_1_242' title='bbox 1352 2129 1485 2199; x_wconf 75' lang='grc' dir='ltr'>ὦσιν</span> <span class='ocrx_word' id='word_1_243' title='bbox 1517 2138 1564 2189; x_wconf 77' lang='grc' dir='ltr'>οἱ</span> <span class='ocrx_word' id='word_1_244' title='bbox 1608 2136 1719 2190; x_wconf 76' lang='grc' dir='ltr'>θεοὶ</span> <span class='ocrx_word' id='word_1_245' title='bbox 1746 2135 1855 2191; x_wconf 86' lang='grc' dir='ltr'>τῶν</span> 
     </span>
    </p>
   </div>
   <div class='ocr_carea' id='block_1_36' title="bbox 277 2226 1853 2300">
    <p class='ocr_par' dir='ltr' id='par_1_36' title="bbox 277 2226 1853 2300">
     <span class='ocr_line' id='line_1_36' title="bbox 277 2226 1853 2300; baseline 0.001 -21"><span class='ocrx_word' id='word_1_246' title='bbox 277 2226 453 2280; x_wconf 68' lang='grc' dir='ltr'>ἐθνῶν</span> <span class='ocrx_word' id='word_1_247' title='bbox 503 2229 571 2282; x_wconf 88' lang='lat'><strong>:6</strong></span> <span class='ocrx_word' id='word_1_248' title='bbox 605 2228 873 2300; x_wconf 87' lang='grc' dir='ltr'>δαιμόνια.</span> <span class='ocrx_word' id='word_1_249' title='bbox 938 2229 1077 2283; x_wconf 83' lang='grc' dir='ltr'>Ἀλλ’</span> <span class='ocrx_word' id='word_1_250' title='bbox 1115 2229 1143 2281; x_wconf 88' lang='lat'><strong>6</strong></span> <span class='ocrx_word' id='word_1_251' title='bbox 1179 2228 1430 2298; x_wconf 75' lang='grc' dir='ltr'>βασιλεὺς</span> <span class='ocrx_word' id='word_1_252' title='bbox 1476 2230 1681 2291; x_wconf 76' lang='grc' dir='ltr'>ἐκεῖνος</span> <span class='ocrx_word' id='word_1_253' title='bbox 1718 2229 1746 2281; x_wconf 96' lang='lat'><strong>6</strong></span> <span class='ocrx_word' id='word_1_254' title='bbox 1794 2228 1853 2281; x_wconf 88' lang='grc' dir='ltr'><strong>ὲν</strong></span> 
     </span>
    </p>
   </div>
   <div class='ocr_carea' id='block_1_37' title="bbox 278 2318 1853 2392">
    <p class='ocr_par' dir='ltr' id='par_1_37' title="bbox 278 2318 1853 2392">
     <span class='ocr_line' id='line_1_37' title="bbox 278 2318 1853 2392; baseline 0.001 -20"><span class='ocrx_word' id='word_1_255' title='bbox 278 2318 461 2389; x_wconf 75' lang='grc' dir='ltr'>ἑαυτῷ</span> <span class='ocrx_word' id='word_1_256' title='bbox 497 2321 622 2384; x_wconf 81' lang='grc' dir='ltr'>τοὺς</span> <span class='ocrx_word' id='word_1_257' title='bbox 673 2320 931 2390; x_wconf 88' lang='grc' dir='ltr'>δαίμονας</span> <span class='ocrx_word' id='word_1_258' title='bbox 981 2321 1138 2391; x_wconf 75' lang='grc' dir='ltr'>ἔχων,</span> <span class='ocrx_word' id='word_1_259' title='bbox 1187 2320 1263 2375; x_wconf 84' lang='grc' dir='ltr'><strong>ὅτ’</strong></span> <span class='ocrx_word' id='word_1_260' title='bbox 1306 2320 1370 2374; x_wconf 83' lang='grc' dir='ltr'><strong>ἂν</strong></span> <span class='ocrx_word' id='word_1_261' title='bbox 1419 2320 1747 2392; x_wconf 81' lang='grc' dir='ltr'>ὐποχωρήσῃ</span> <span class='ocrx_word' id='word_1_262' title='bbox 1785 2318 1853 2374; x_wconf 75' lang='grc' dir='ltr'><strong>τά</strong></span> 
     </span>
    </p>
   </div>
   <div class='ocr_carea' id='block_1_38' title="bbox 277 2410 1852 2485">
    <p class='ocr_par' dir='ltr' id='par_1_38' title="bbox 277 2410 1852 2485">
     <span class='ocr_line' id='line_1_38' title="bbox 277 2410 1852 2485; baseline 0.003 -24"><span class='ocrx_word' id='word_1_263' title='bbox 277 2410 567 2482; x_wconf 79' lang='grc' dir='ltr'>πνεύματα</span> <span class='ocrx_word' id='word_1_264' title='bbox 607 2414 671 2484; x_wconf 81' lang='grc' dir='ltr'>τῇ</span> <span class='ocrx_word' id='word_1_265' title='bbox 699 2411 844 2485; x_wconf 80' lang='grc' dir='ltr'>ᾠδῇ,</span> <span class='ocrx_word' id='word_1_266' title='bbox 879 2411 1034 2467; x_wconf 87' lang='grc' dir='ltr'>τοῦτο</span> <span class='ocrx_word' id='word_1_267' title='bbox 1066 2412 1292 2483; x_wconf 81' lang='grc' dir='ltr'>ὄργανον</span> <span class='ocrx_word' id='word_1_268' title='bbox 1344 2412 1435 2464; x_wconf 76' lang='grc' dir='ltr'><strong>ἐπὶ</strong></span> <span class='ocrx_word' id='word_1_269' title='bbox 1472 2412 1646 2482; x_wconf 82' lang='grc' dir='ltr'>τούτῳ</span> <span class='ocrx_word' id='word_1_270' title='bbox 1678 2412 1852 2482; x_wconf 86' lang='grc' dir='ltr'>ἁρμο-</span> 
     </span>
    </p>
   </div>
   <div class='ocr_carea' id='block_1_39' title="bbox 274 2500 1844 2575">
    <p class='ocr_par' dir='ltr' id='par_1_39' title="bbox 274 2500 1844 2575">
     <span class='ocr_line' id='line_1_39' title="bbox 274 2500 1844 2575; baseline 0.002 -22"><span class='ocrx_word' id='word_1_271' title='bbox 274 2502 512 2573; x_wconf 79' lang='grc' dir='ltr'>σάμενον</span> <span class='ocrx_word' id='word_1_272' title='bbox 546 2503 813 2561; x_wconf 83' lang='grc' dir='ltr'>πατάσσει</span> <span class='ocrx_word' id='word_1_273' title='bbox 842 2502 918 2575; x_wconf 79' lang='grc' dir='ltr'>τῷ</span> <span class='ocrx_word' id='word_1_274' title='bbox 948 2502 1132 2575; x_wconf 86' lang='grc' dir='ltr'>δόρατι</span> <span class='ocrx_word' id='word_1_275' title='bbox 1162 2502 1243 2575; x_wconf 89' lang='lat'><em>(:6</em></span> <span class='ocrx_word' id='word_1_276' title='bbox 1266 2502 1321 2555; x_wconf 87' lang='grc' dir='ltr'>δὲ</span> <span class='ocrx_word' id='word_1_277' title='bbox 1350 2502 1476 2573; x_wconf 87' lang='grc' dir='ltr'>δόρυ</span> <span class='ocrx_word' id='word_1_278' title='bbox 1496 2542 1510 2568; x_wconf 89' lang='grc'><strong>,</strong></span> <span class='ocrx_word' id='word_1_279' title='bbox 1536 2500 1692 2568; x_wconf 81' lang='grc' dir='ltr'>ξύλον</span> <span class='ocrx_word' id='word_1_280' title='bbox 1726 2501 1844 2556; x_wconf 73' lang='grc' dir='ltr'>ἐστὶ</span> 
     </span>
    </p>
   </div>
   <div class='ocr_carea' id='block_1_40' title="bbox 275 2591 1847 2667">
    <p class='ocr_par' dir='ltr' id='par_1_40' title="bbox 275 2591 1847 2667">
     <span class='ocr_line' id='line_1_40' title="bbox 275 2591 1847 2667; baseline 0.001 -23"><span class='ocrx_word' id='word_1_281' title='bbox 275 2593 482 2664; x_wconf 85' lang='grc' dir='ltr'>σιδήρῳ</span> <span class='ocrx_word' id='word_1_282' title='bbox 509 2592 1000 2667; x_wconf 78' lang='grc' dir='ltr'>καθωπλισμένον),</span> <span class='ocrx_word' id='word_1_283' title='bbox 1029 2593 1164 2646; x_wconf 76' lang='grc' dir='ltr'>ἀλλὰ</span> <span class='ocrx_word' id='word_1_284' title='bbox 1192 2592 1406 2665; x_wconf 81' lang='grc' dir='ltr'>δέχεται</span> <span class='ocrx_word' id='word_1_285' title='bbox 1435 2593 1551 2645; x_wconf 78' lang='grc' dir='ltr'><strong>ἀντ’</strong></span> <span class='ocrx_word' id='word_1_286' title='bbox 1579 2591 1785 2645; x_wconf 81' lang='grc' dir='ltr'>ἐκείνου</span> <span class='ocrx_word' id='word_1_287' title='bbox 1818 2593 1847 2645; x_wconf 84' lang='grc' dir='ltr'><strong><em>ὁ</em></strong></span> 
     </span>
    </p>
   </div>
   <div class='ocr_carea' id='block_1_41' title="bbox 270 2683 1845 2757">
    <p class='ocr_par' dir='ltr' id='par_1_41' title="bbox 270 2683 1845 2757">
     <span class='ocr_line' id='line_1_41' title="bbox 270 2683 1845 2757; baseline 0 -22"><span class='ocrx_word' id='word_1_288' title='bbox 270 2686 450 2753; x_wconf 79' lang='grc' dir='ltr'>τοῖχος</span> <span class='ocrx_word' id='word_1_289' title='bbox 486 2683 546 2736; x_wconf 85' lang='grc' dir='ltr'>τὸ</span> <span class='ocrx_word' id='word_1_290' title='bbox 581 2683 729 2757; x_wconf 88' lang='grc' dir='ltr'>δόρυ.</span> <span class='ocrx_word' id='word_1_291' title='bbox 761 2684 950 2755; x_wconf 83' lang='grc' dir='ltr'>Τοίχον</span> <span class='ocrx_word' id='word_1_292' title='bbox 975 2685 1031 2738; x_wconf 84' lang='grc' dir='ltr'>δὲ</span> <span class='ocrx_word' id='word_1_293' title='bbox 1071 2684 1317 2755; x_wconf 79' lang='grc' dir='ltr'>νοοῦμεν,</span> <span class='ocrx_word' id='word_1_294' title='bbox 1345 2684 1444 2755; x_wconf 80' lang='grc' dir='ltr'><strong>τὴν</strong></span> <span class='ocrx_word' id='word_1_295' title='bbox 1473 2684 1667 2753; x_wconf 79' lang='grc' dir='ltr'>γηῖνην</span> <span class='ocrx_word' id='word_1_296' title='bbox 1700 2684 1845 2736; x_wconf 81' lang='grc' dir='ltr'>οἰκο-</span> 
     </span>
    </p>
   </div>
   <div class='ocr_carea' id='block_1_42' title="bbox 266 2770 1844 2847">
    <p class='ocr_par' dir='ltr' id='par_1_42' title="bbox 266 2770 1844 2847">
     <span class='ocr_line' id='line_1_42' title="bbox 266 2770 1844 2847; baseline -0.002 -20"><span class='ocrx_word' id='word_1_297' title='bbox 266 2774 462 2844; x_wconf 82' lang='grc' dir='ltr'>δομὴν,</span> <span class='ocrx_word' id='word_1_298' title='bbox 495 2776 560 2827; x_wconf 78' lang='grc' dir='ltr'>δι’</span> <span class='ocrx_word' id='word_1_299' title='bbox 599 2770 666 2847; x_wconf 81' lang='grc' dir='ltr'>ἦς</span> <span class='ocrx_word' id='word_1_300' title='bbox 702 2775 763 2829; x_wconf 84' lang='grc' dir='ltr'>τὸ</span> <span class='ocrx_word' id='word_1_301' title='bbox 798 2775 957 2844; x_wconf 84' lang='grc' dir='ltr'>σῶμα</span> <span class='ocrx_word' id='word_1_302' title='bbox 1002 2774 1512 2845; x_wconf 82' lang='grc' dir='ltr'>καταμανθάνομεν,</span> <span class='ocrx_word' id='word_1_303' title='bbox 1555 2773 1682 2841; x_wconf 78' lang='grc' dir='ltr'>περὶ</span> <span class='ocrx_word' id='word_1_304' title='bbox 1712 2772 1740 2825; x_wconf 83' lang='lat'><strong>6</strong></span> <span class='ocrx_word' id='word_1_305' title='bbox 1782 2771 1844 2824; x_wconf 90' lang='lat'><strong>:6</strong></span> 
     </span>
    </p>
   </div>
   <div class='ocr_carea' id='block_1_43' title="bbox 267 2864 1842 2939">
    <p class='ocr_par' dir='ltr' id='par_1_43' title="bbox 267 2864 1842 2939">
     <span class='ocr_line' id='line_1_43' title="bbox 267 2864 1842 2939; baseline 0.001 -23"><span class='ocrx_word' id='word_1_306' title='bbox 267 2864 430 2931; x_wconf 79' lang='grc' dir='ltr'>ξύλον</span> <span class='ocrx_word' id='word_1_307' title='bbox 460 2865 726 2936; x_wconf 80' lang='grc' dir='ltr'><strong>βλέπομεν</strong></span> <span class='ocrx_word' id='word_1_308' title='bbox 758 2865 852 2920; x_wconf 87' lang='grc' dir='ltr'><strong>τοῦ</strong></span> <span class='ocrx_word' id='word_1_309' title='bbox 896 2865 1128 2939; x_wconf 89' lang='grc' dir='ltr'>σταυροῦ</span> <span class='ocrx_word' id='word_1_310' title='bbox 1159 2868 1250 2920; x_wconf 75' lang='grc' dir='ltr'>καὶ</span> <span class='ocrx_word' id='word_1_311' title='bbox 1288 2866 1379 2918; x_wconf 85' lang='grc' dir='ltr'><strong>τὸν</strong></span> <span class='ocrx_word' id='word_1_312' title='bbox 1419 2865 1655 2937; x_wconf 89' lang='grc' dir='ltr'>σίδηρον.</span> <span class='ocrx_word' id='word_1_313' title='bbox 1697 2865 1753 2918; x_wconf 92' lang='lat'><strong>&#39;0</strong></span> <span class='ocrx_word' id='word_1_314' title='bbox 1785 2864 1842 2918; x_wconf 82' lang='grc' dir='ltr'>δὲ</span> 
     </span>
    </p>
   </div>
   <div class='ocr_carea' id='block_1_44' title="bbox 262 2956 1838 3030">
    <p class='ocr_par' dir='ltr' id='par_1_44' title="bbox 262 2956 1838 3030">
     <span class='ocr_line' id='line_1_44' title="bbox 262 2956 1838 3030; baseline 0.001 -22"><span class='ocrx_word' id='word_1_315' title='bbox 262 2957 436 3010; x_wconf 69' lang='grc' dir='ltr'>Δαϐὶδ</span> <span class='ocrx_word' id='word_1_316' title='bbox 481 2959 687 3022; x_wconf 78' lang='grc' dir='ltr'>ἐκεῖνος</span> <span class='ocrx_word' id='word_1_317' title='bbox 719 2957 748 3009; x_wconf 94' lang='lat'><strong>6</strong></span> <span class='ocrx_word' id='word_1_318' title='bbox 796 2956 1014 3030; x_wconf 86' lang='grc' dir='ltr'>χριστός</span> <span class='ocrx_word' id='word_1_319' title='bbox 1051 2974 1108 3010; x_wconf 80' lang='grc' dir='ltr'><strong>τε</strong></span> <span class='ocrx_word' id='word_1_320' title='bbox 1150 2959 1246 3011; x_wconf 76' lang='grc' dir='ltr'>καὶ</span> <span class='ocrx_word' id='word_1_321' title='bbox 1288 2957 1574 3027; x_wconf 84' lang='grc' dir='ltr'>βασιλεὺς,</span> <span class='ocrx_word' id='word_1_322' title='bbox 1605 2956 1708 3022; x_wconf 80' lang='grc' dir='ltr'><strong>ἔξω</strong></span> <span class='ocrx_word' id='word_1_323' title='bbox 1743 2956 1838 3011; x_wconf 91' lang='grc' dir='ltr'><strong>τοῦ</strong></span> 
     </span>
    </p>
   </div>
   <div class='ocr_carea' id='block_1_45' title="bbox 262 3046 1838 3120">
    <p class='ocr_par' dir='ltr' id='par_1_45' title="bbox 262 3046 1838 3120">
     <span class='ocr_line' id='line_1_45' title="bbox 262 3046 1838 3120; baseline 0 -21"><span class='ocrx_word' id='word_1_324' title='bbox 262 3047 473 3110; x_wconf 81' lang='grc' dir='ltr'>πάθους</span> <span class='ocrx_word' id='word_1_325' title='bbox 504 3046 670 3099; x_wconf 72' lang='grc' dir='ltr'>ἐστίν.</span> <span class='ocrx_word' id='word_1_326' title='bbox 733 3047 795 3109; x_wconf 82' lang='grc' dir='ltr'><strong><em>Ἡ</em></strong></span> <span class='ocrx_word' id='word_1_327' title='bbox 824 3046 933 3120; x_wconf 82' lang='grc' dir='ltr'><strong>γάρ</strong></span> <span class='ocrx_word' id='word_1_328' title='bbox 978 3046 1166 3117; x_wconf 87' lang='grc' dir='ltr'>θεότης</span> <span class='ocrx_word' id='word_1_329' title='bbox 1198 3049 1255 3101; x_wconf 80' lang='grc' dir='ltr'>ὲν</span> <span class='ocrx_word' id='word_1_330' title='bbox 1282 3047 1360 3119; x_wconf 82' lang='grc' dir='ltr'>τῷ</span> <span class='ocrx_word' id='word_1_331' title='bbox 1388 3048 1603 3119; x_wconf 90' lang='grc' dir='ltr'>σταυρῷ</span> <span class='ocrx_word' id='word_1_332' title='bbox 1643 3066 1701 3100; x_wconf 91' lang='grc' dir='ltr'>τε</span> <span class='ocrx_word' id='word_1_333' title='bbox 1744 3048 1838 3102; x_wconf 78' lang='grc' dir='ltr'>καὶ</span> 
     </span>
    </p>
   </div>
   <div class='ocr_carea' id='block_1_46' title="bbox 259 3138 1836 3212">
    <p class='ocr_par' dir='ltr' id='par_1_46' title="bbox 259 3138 1836 3212">
     <span class='ocr_line' id='line_1_46' title="bbox 259 3138 1836 3212; baseline 0.001 -19"><span class='ocrx_word' id='word_1_334' title='bbox 259 3143 377 3204; x_wconf 83' lang='grc' dir='ltr'>τοῖς</span> <span class='ocrx_word' id='word_1_335' title='bbox 413 3139 559 3210; x_wconf 77' lang='grc' dir='ltr'>ἥλοις</span> <span class='ocrx_word' id='word_1_336' title='bbox 585 3140 647 3193; x_wconf 80' lang='grc' dir='ltr'><strong>οὐ</strong></span> <span class='ocrx_word' id='word_1_337' title='bbox 678 3138 905 3207; x_wconf 85' lang='grc' dir='ltr'>γίνεται.</span> <span class='ocrx_word' id='word_1_338' title='bbox 941 3139 1153 3209; x_wconf 82' lang='grc' dir='ltr'>Μελχὸλ</span> <span class='ocrx_word' id='word_1_339' title='bbox 1188 3140 1244 3193; x_wconf 83' lang='grc' dir='ltr'>δὲ</span> <span class='ocrx_word' id='word_1_340' title='bbox 1272 3139 1619 3205; x_wconf 85' lang='grc' dir='ltr'>ἀκούσαντες,</span> <span class='ocrx_word' id='word_1_341' title='bbox 1645 3140 1743 3212; x_wconf 79' lang='grc' dir='ltr'><strong>τὴν</strong></span> <span class='ocrx_word' id='word_1_342' title='bbox 1772 3143 1836 3195; x_wconf 82' lang='grc' dir='ltr'>ὲκ</span> 
     </span>
    </p>
   </div>
   <div class='ocr_carea' id='block_1_47' title="bbox 1959 1948 3525 2025">
    <p class='ocr_par' dir='ltr' id='par_1_47' title="bbox 1959 1948 3525 2025">
     <span class='ocr_line' id='line_1_47' title="bbox 1959 1948 3525 2025; baseline 0.01 -25"><span class='ocrx_word' id='word_1_343' title='bbox 1959 1949 2107 2001; x_wconf 90' lang='lat' dir='ltr'><strong>velut</strong></span> <span class='ocrx_word' id='word_1_344' title='bbox 2138 1948 2563 2005; x_wconf 87' lang='lat' dir='ltr'><strong>instrumentum</strong></span> <span class='ocrx_word' id='word_1_345' title='bbox 2588 1952 2882 2022; x_wconf 87' lang='lat' dir='ltr'><strong>quoddam.</strong></span> <span class='ocrx_word' id='word_1_346' title='bbox 2915 1952 3089 2025; x_wconf 85' lang='lat' dir='ltr'><strong>Hujus</strong></span> <span class='ocrx_word' id='word_1_347' title='bbox 3117 1968 3414 2015; x_wconf 83' lang='lat' dir='ltr'><strong>concentus</strong></span> <span class='ocrx_word' id='word_1_348' title='bbox 3441 1971 3525 2016; x_wconf 88' lang='lat' dir='ltr'><strong>est</strong></span> 
     </span>
    </p>
   </div>
   <div class='ocr_carea' id='block_1_48' title="bbox 1956 2039 3521 2114">
    <p class='ocr_par' dir='ltr' id='par_1_48' title="bbox 1956 2039 3521 2114">
     <span class='ocr_line' id='line_1_48' title="bbox 1956 2039 3521 2114; baseline 0.008 -21"><span class='ocrx_word' id='word_1_349' title='bbox 1956 2039 2204 2095; x_wconf 86' lang='lat' dir='ltr'><strong>doctrina</strong></span> <span class='ocrx_word' id='word_1_350' title='bbox 2233 2056 2331 2112; x_wconf 89' lang='lat' dir='ltr'><strong>per</strong></span> <span class='ocrx_word' id='word_1_351' title='bbox 2360 2057 2507 2110; x_wconf 92' lang='lat' dir='ltr'><strong>eum,</strong></span> <span class='ocrx_word' id='word_1_352' title='bbox 2536 2042 2628 2114; x_wconf 92' lang='lat' dir='ltr'><strong>qui</strong></span> <span class='ocrx_word' id='word_1_353' title='bbox 2655 2044 2976 2102; x_wconf 87' lang='lat' dir='ltr'><strong>incarnatus</strong></span> <span class='ocrx_word' id='word_1_354' title='bbox 3011 2055 3117 2113; x_wconf 87' lang='lat' dir='ltr'><strong>est,</strong></span> <span class='ocrx_word' id='word_1_355' title='bbox 3152 2049 3313 2105; x_wconf 89' lang='lat' dir='ltr'><strong>nobis</strong></span> <span class='ocrx_word' id='word_1_356' title='bbox 3344 2052 3521 2106; x_wconf 89' lang='lat' dir='ltr'><strong>mani-</strong></span> 
     </span>
    </p>
   </div>
   <div class='ocr_carea' id='block_1_49' title="bbox 1954 2129 3519 2210">
    <p class='ocr_par' dir='ltr' id='par_1_49' title="bbox 1954 2129 3519 2210">
     <span class='ocr_line' id='line_1_49' title="bbox 1954 2129 3519 2210; baseline 0.01 -27"><span class='ocrx_word' id='word_1_357' title='bbox 1954 2129 2177 2199; x_wconf 79' lang='lat' dir='ltr'><strong>festata;</strong></span> <span class='ocrx_word' id='word_1_358' title='bbox 2210 2132 2373 2201; x_wconf 87' lang='lat' dir='ltr'><strong>cujus</strong></span> <span class='ocrx_word' id='word_1_359' title='bbox 2405 2133 2554 2199; x_wconf 86' lang='lat' dir='ltr'><strong>linis,</strong></span> <span class='ocrx_word' id='word_1_360' title='bbox 2582 2134 2803 2191; x_wconf 89' lang='lat' dir='ltr'><strong>abolere</strong></span> <span class='ocrx_word' id='word_1_361' title='bbox 2834 2151 3075 2205; x_wconf 90' lang='lat' dir='ltr'><strong>omnem,</strong></span> <span class='ocrx_word' id='word_1_362' title='bbox 3110 2156 3232 2210; x_wconf 63' lang='lat' dir='ltr'><strong>qua</strong></span> <span class='ocrx_word' id='word_1_363' title='bbox 3262 2157 3291 2196; x_wconf 91' lang='lat' dir='ltr'><strong>a</strong></span> <span class='ocrx_word' id='word_1_364' title='bbox 3313 2142 3519 2198; x_wconf 63' lang='lat' dir='ltr'><strong>demo-</strong></span> 
     </span>
    </p>
   </div>
   <div class='ocr_carea' id='block_1_50' title="bbox 1954 2222 3519 2305">
    <p class='ocr_par' dir='ltr' id='par_1_50' title="bbox 1954 2222 3519 2305">
     <span class='ocr_line' id='line_1_50' title="bbox 1954 2222 3519 2305; baseline 0.01 -30"><span class='ocrx_word' id='word_1_365' title='bbox 1954 2222 2116 2277; x_wconf 91' lang='lat' dir='ltr'><strong>nlbus</strong></span> <span class='ocrx_word' id='word_1_366' title='bbox 2149 2223 2457 2278; x_wconf 84' lang='lat' dir='ltr'><strong>concitatur</strong></span> <span class='ocrx_word' id='word_1_367' title='bbox 2481 2226 2859 2296; x_wconf 86' lang='lat' dir='ltr'><strong>agitationem,</strong></span> <span class='ocrx_word' id='word_1_368' title='bbox 2895 2245 2962 2285; x_wconf 91' lang='lat' dir='ltr'><strong>ne</strong></span> <span class='ocrx_word' id='word_1_369' title='bbox 3011 2232 3247 2302; x_wconf 88' lang='lat' dir='ltr'><strong>amplius</strong></span> <span class='ocrx_word' id='word_1_370' title='bbox 3275 2232 3349 2287; x_wconf 92' lang='lat' dir='ltr'><strong>dii</strong></span> <span class='ocrx_word' id='word_1_371' title='bbox 3388 2250 3519 2305; x_wconf 84' lang='lat' dir='ltr'><strong>gen-</strong></span> 
     </span>
    </p>
   </div>
   <div class='ocr_carea' id='block_1_51' title="bbox 1952 2310 3519 2391">
    <p class='ocr_par' dir='ltr' id='par_1_51' title="bbox 1952 2310 3519 2391">
     <span class='ocr_line' id='line_1_51' title="bbox 1952 2310 3519 2391; baseline 0.011 -27"><span class='ocrx_word' id='word_1_372' title='bbox 1952 2310 2086 2365; x_wconf 84' lang='lat' dir='ltr'><strong>tium</strong></span> <span class='ocrx_word' id='word_1_373' title='bbox 2129 2313 2238 2368; x_wconf 92' lang='lat' dir='ltr'><strong>sint</strong></span> <span class='ocrx_word' id='word_1_374' title='bbox 2271 2313 2581 2384; x_wconf 70' lang='lat' dir='ltr'><strong>daemonia;</strong></span> <span class='ocrx_word' id='word_1_375' title='bbox 2614 2318 2710 2372; x_wconf 90' lang='lat' dir='ltr'><strong>sed</strong></span> <span class='ocrx_word' id='word_1_376' title='bbox 2744 2334 2840 2373; x_wconf 91' lang='lat' dir='ltr'><strong>rex</strong></span> <span class='ocrx_word' id='word_1_377' title='bbox 2862 2318 2976 2385; x_wconf 91' lang='lat' dir='ltr'><strong>ille,</strong></span> <span class='ocrx_word' id='word_1_378' title='bbox 3006 2322 3098 2391; x_wconf 93' lang='lat' dir='ltr'><strong>qui</strong></span> <span class='ocrx_word' id='word_1_379' title='bbox 3129 2337 3159 2377; x_wconf 92' lang='lat' dir='ltr'><strong>a</strong></span> <span class='ocrx_word' id='word_1_380' title='bbox 3184 2322 3519 2383; x_wconf 64' lang='lat' dir='ltr'><strong>daemonibus</strong></span> 
     </span>
    </p>
   </div>
   <div class='ocr_carea' id='block_1_52' title="bbox 1951 2409 3515 2483">
    <p class='ocr_par' dir='ltr' id='par_1_52' title="bbox 1951 2409 3515 2483">
     <span class='ocr_line' id='line_1_52' title="bbox 1951 2409 3515 2483; baseline 0.012 -28"><span class='ocrx_word' id='word_1_381' title='bbox 1951 2413 2201 2481; x_wconf 90' lang='lat' dir='ltr'><strong>arreptus</strong></span> <span class='ocrx_word' id='word_1_382' title='bbox 2236 2412 2341 2469; x_wconf 83' lang='lat' dir='ltr'><strong>est,</strong></span> <span class='ocrx_word' id='word_1_383' title='bbox 2388 2422 2509 2461; x_wconf 90' lang='lat' dir='ltr'><strong>cum</strong></span> <span class='ocrx_word' id='word_1_384' title='bbox 2562 2409 2790 2479; x_wconf 90' lang='lat' dir='ltr'><strong>spiritus</strong></span> <span class='ocrx_word' id='word_1_385' title='bbox 2822 2410 2896 2465; x_wconf 91' lang='lat' dir='ltr'><strong>illi</strong></span> <span class='ocrx_word' id='word_1_386' title='bbox 2949 2416 3242 2470; x_wconf 88' lang='lat' dir='ltr'><strong>concentui</strong></span> <span class='ocrx_word' id='word_1_387' title='bbox 3293 2416 3515 2483; x_wconf 84' lang='lat' dir='ltr'><strong>cedunt,</strong></span> 
     </span>
    </p>
   </div>
   <div class='ocr_carea' id='block_1_53' title="bbox 1950 2496 3514 2573">
    <p class='ocr_par' dir='ltr' id='par_1_53' title="bbox 1950 2496 3514 2573">
     <span class='ocr_line' id='line_1_53' title="bbox 1950 2496 3514 2573; baseline 0.01 -26"><span class='ocrx_word' id='word_1_388' title='bbox 1950 2508 2213 2563; x_wconf 85' lang='lat' dir='ltr'><strong>organum</strong></span> <span class='ocrx_word' id='word_1_389' title='bbox 2242 2496 2349 2551; x_wconf 86' lang='lat' dir='ltr'><strong>hoc</strong></span> <span class='ocrx_word' id='word_1_390' title='bbox 2371 2496 2623 2567; x_wconf 73' lang='lat' dir='ltr'><strong>iugandis</strong></span> <span class='ocrx_word' id='word_1_391' title='bbox 2651 2500 2991 2558; x_wconf 72' lang='lat' dir='ltr'><strong>dazmonibus</strong></span> <span class='ocrx_word' id='word_1_392' title='bbox 3020 2507 3514 2573; x_wconf 88' lang='lat' dir='ltr'><strong>accommodatum,</strong></span> 
     </span>
    </p>
   </div>
   <div class='ocr_carea' id='block_1_54' title="bbox 1945 2586 3518 2663">
    <p class='ocr_par' dir='ltr' id='par_1_54' title="bbox 1945 2586 3518 2663">
     <span class='ocr_line' id='line_1_54' title="bbox 1945 2586 3518 2663; baseline 0.009 -26"><span class='ocrx_word' id='word_1_393' title='bbox 1945 2586 2180 2654; x_wconf 91' lang='lat' dir='ltr'><strong>percutit</strong></span> <span class='ocrx_word' id='word_1_394' title='bbox 2196 2586 2417 2655; x_wconf 89' lang='lat' dir='ltr'><strong>lancea;</strong></span> <span class='ocrx_word' id='word_1_395' title='bbox 2448 2589 2637 2645; x_wconf 88' lang='lat' dir='ltr'><strong>lancea</strong></span> <span class='ocrx_word' id='word_1_396' title='bbox 2660 2599 2840 2647; x_wconf 90' lang='lat' dir='ltr'><strong>autem</strong></span> <span class='ocrx_word' id='word_1_397' title='bbox 2863 2592 3067 2663; x_wconf 88' lang='lat' dir='ltr'><strong>lignum</strong></span> <span class='ocrx_word' id='word_1_398' title='bbox 3083 2602 3168 2648; x_wconf 89' lang='lat' dir='ltr'><strong>est</strong></span> <span class='ocrx_word' id='word_1_399' title='bbox 3185 2595 3518 2651; x_wconf 83' lang='lat' dir='ltr'><strong>l‘erroarma-</strong></span> 
     </span>
    </p>
   </div>
   <div class='ocr_carea' id='block_1_55' title="bbox 1947 2677 3513 2755">
    <p class='ocr_par' dir='ltr' id='par_1_55' title="bbox 1947 2677 3513 2755">
     <span class='ocr_line' id='line_1_55' title="bbox 1947 2677 3513 2755; baseline 0.008 -26"><span class='ocrx_word' id='word_1_400' title='bbox 1947 2684 2086 2746; x_wconf 87' lang='lat' dir='ltr'><strong>tum,</strong></span> <span class='ocrx_word' id='word_1_401' title='bbox 2106 2677 2199 2733; x_wconf 88' lang='lat' dir='ltr'><strong>sed</strong></span> <span class='ocrx_word' id='word_1_402' title='bbox 2225 2679 2426 2750; x_wconf 81' lang='lat' dir='ltr'><strong>excipit</strong></span> <span class='ocrx_word' id='word_1_403' title='bbox 2456 2680 2604 2743; x_wconf 89' lang='lat' dir='ltr'><strong>illius</strong></span> <span class='ocrx_word' id='word_1_404' title='bbox 2628 2682 2747 2736; x_wconf 86' lang='lat' dir='ltr'><strong>loco</strong></span> <span class='ocrx_word' id='word_1_405' title='bbox 2774 2698 2963 2737; x_wconf 91' lang='lat' dir='ltr'><strong>murus</strong></span> <span class='ocrx_word' id='word_1_406' title='bbox 2981 2684 3254 2750; x_wconf 85' lang='lat' dir='ltr'><strong>lanceam;</strong></span> <span class='ocrx_word' id='word_1_407' title='bbox 3281 2700 3376 2755; x_wconf 91' lang='lat' dir='ltr'><strong>per</strong></span> <span class='ocrx_word' id='word_1_408' title='bbox 3395 2702 3513 2741; x_wconf 88' lang='lat' dir='ltr'><strong>mu-</strong></span> 
     </span>
    </p>
   </div>
   <div class='ocr_carea' id='block_1_56' title="bbox 1945 2768 3510 2845">
    <p class='ocr_par' dir='ltr' id='par_1_56' title="bbox 1945 2768 3510 2845">
     <span class='ocr_line' id='line_1_56' title="bbox 1945 2768 3510 2845; baseline 0.007 -25"><span class='ocrx_word' id='word_1_409' title='bbox 1945 2782 2066 2820; x_wconf 92' lang='lat' dir='ltr'><strong>rum</strong></span> <span class='ocrx_word' id='word_1_410' title='bbox 2084 2768 2716 2839; x_wconf 89' lang='lat' dir='ltr'><strong>intelligimusterrenam</strong></span> <span class='ocrx_word' id='word_1_411' title='bbox 2733 2772 3168 2837; x_wconf 67' lang='lat' dir='ltr'><strong>atdilicationem,</strong></span> <span class='ocrx_word' id='word_1_412' title='bbox 3184 2788 3291 2844; x_wconf 88' lang='lat' dir='ltr'><strong>qua</strong></span> <span class='ocrx_word' id='word_1_413' title='bbox 3308 2788 3510 2845; x_wconf 86' lang='lat' dir='ltr'><strong>corpus</strong></span> 
     </span>
    </p>
   </div>
   <div class='ocr_carea' id='block_1_57' title="bbox 1944 2861 3508 2936">
    <p class='ocr_par' dir='ltr' id='par_1_57' title="bbox 1944 2861 3508 2936">
     <span class='ocr_line' id='line_1_57' title="bbox 1944 2861 3508 2936; baseline 0.006 -22"><span class='ocrx_word' id='word_1_414' title='bbox 1944 2861 2101 2917; x_wconf 90' lang='lat' dir='ltr'><strong>nobis</strong></span> <span class='ocrx_word' id='word_1_415' title='bbox 2139 2864 2407 2927; x_wconf 89' lang='lat' dir='ltr'><strong>innuitur,</strong></span> <span class='ocrx_word' id='word_1_416' title='bbox 2450 2864 2597 2918; x_wconf 91' lang='lat' dir='ltr'><strong>circa</strong></span> <span class='ocrx_word' id='word_1_417' title='bbox 2630 2865 2776 2934; x_wconf 89' lang='lat' dir='ltr'><strong>quod</strong></span> <span class='ocrx_word' id='word_1_418' title='bbox 2812 2866 3056 2921; x_wconf 85' lang='lat' dir='ltr'><strong>videmus</strong></span> <span class='ocrx_word' id='word_1_419' title='bbox 3085 2865 3290 2936; x_wconf 81' lang='lat' dir='ltr'><strong>lignum</strong></span> <span class='ocrx_word' id='word_1_420' title='bbox 3325 2869 3508 2924; x_wconf 83' lang='lat' dir='ltr'><strong>crucis</strong></span> 
     </span>
    </p>
   </div>
   <div class='ocr_carea' id='block_1_58' title="bbox 1942 2955 3505 3029">
    <p class='ocr_par' dir='ltr' id='par_1_58' title="bbox 1942 2955 3505 3029">
     <span class='ocr_line' id='line_1_58' title="bbox 1942 2955 3505 3029; baseline 0.006 -20"><span class='ocrx_word' id='word_1_421' title='bbox 1942 2965 1995 3009; x_wconf 93' lang='lat' dir='ltr'><strong>et</strong></span> <span class='ocrx_word' id='word_1_422' title='bbox 2031 2955 2258 3012; x_wconf 81' lang='lat' dir='ltr'><strong>ferrum.</strong></span> <span class='ocrx_word' id='word_1_423' title='bbox 2297 2958 2363 3011; x_wconf 84' lang='lat' dir='ltr'><strong>At</strong></span> <span class='ocrx_word' id='word_1_424' title='bbox 2392 2957 2561 3013; x_wconf 87' lang='lat' dir='ltr'><strong>David</strong></span> <span class='ocrx_word' id='word_1_425' title='bbox 2607 2959 2697 3014; x_wconf 93' lang='lat' dir='ltr'><strong>ille</strong></span> <span class='ocrx_word' id='word_1_426' title='bbox 2736 2974 2765 3012; x_wconf 89' lang='lat' dir='ltr'><strong>a</strong></span> <span class='ocrx_word' id='word_1_427' title='bbox 2800 2957 3031 3014; x_wconf 90' lang='lat' dir='ltr'><strong>Domino</strong></span> <span class='ocrx_word' id='word_1_428' title='bbox 3065 2969 3261 3015; x_wconf 73' lang='lat' dir='ltr'><strong>unctus</strong></span> <span class='ocrx_word' id='word_1_429' title='bbox 3298 2968 3350 3014; x_wconf 94' lang='lat' dir='ltr'><strong>et</strong></span> <span class='ocrx_word' id='word_1_430' title='bbox 3387 2977 3505 3029; x_wconf 90' lang='lat' dir='ltr'><strong>rex,</strong></span> 
     </span>
    </p>
   </div>
   <div class='ocr_carea' id='block_1_59' title="bbox 1941 3048 3506 3125">
    <p class='ocr_par' dir='ltr' id='par_1_59' title="bbox 1941 3048 3506 3125">
     <span class='ocr_line' id='line_1_59' title="bbox 1941 3048 3506 3125; baseline 0.002 -26"><span class='ocrx_word' id='word_1_431' title='bbox 1941 3060 1970 3099; x_wconf 91' lang='lat' dir='ltr'><strong>a</strong></span> <span class='ocrx_word' id='word_1_432' title='bbox 2017 3048 2271 3125; x_wconf 84' lang='lat' dir='ltr'><strong>passione</strong></span> <span class='ocrx_word' id='word_1_433' title='bbox 2320 3048 2478 3117; x_wconf 90' lang='lat' dir='ltr'><strong>longe</strong></span> <span class='ocrx_word' id='word_1_434' title='bbox 2527 3048 2703 3114; x_wconf 91' lang='lat' dir='ltr'><strong>abest,</strong></span> <span class='ocrx_word' id='word_1_435' title='bbox 2748 3048 3006 3103; x_wconf 85' lang='lat' dir='ltr'><strong>divinitas</strong></span> <span class='ocrx_word' id='word_1_436' title='bbox 3037 3048 3182 3102; x_wconf 86' lang='lat' dir='ltr'><strong>enim</strong></span> <span class='ocrx_word' id='word_1_437' title='bbox 3242 3062 3406 3102; x_wconf 84' lang='lat' dir='ltr'><strong>cruce</strong></span> <span class='ocrx_word' id='word_1_438' title='bbox 3452 3054 3506 3102; x_wconf 87' lang='lat' dir='ltr'><strong>et</strong></span> 
     </span>
    </p>
   </div>
   <div class='ocr_carea' id='block_1_60' title="bbox 1940 3136 3501 3210">
    <p class='ocr_par' dir='ltr' id='par_1_60' title="bbox 1940 3136 3501 3210">
     <span class='ocr_line' id='line_1_60' title="bbox 1940 3136 3501 3210; baseline 0.003 -19"><span class='ocrx_word' id='word_1_439' title='bbox 1940 3139 2113 3193; x_wconf 86' lang='lat' dir='ltr'><strong>clavis</strong></span> <span class='ocrx_word' id='word_1_440' title='bbox 2153 3154 2261 3193; x_wconf 93' lang='lat' dir='ltr'><strong>non</strong></span> <span class='ocrx_word' id='word_1_441' title='bbox 2297 3140 2552 3210; x_wconf 84' lang='lat' dir='ltr'><strong>aliigitur.</strong></span> <span class='ocrx_word' id='word_1_442' title='bbox 2584 3136 2755 3193; x_wconf 88' lang='lat' dir='ltr'><strong>Porro</strong></span> <span class='ocrx_word' id='word_1_443' title='bbox 2787 3154 2909 3194; x_wconf 91' lang='lat' dir='ltr'><strong>cum</strong></span> <span class='ocrx_word' id='word_1_444' title='bbox 2946 3140 3201 3193; x_wconf 91' lang='lat' dir='ltr'><strong>audimus</strong></span> <span class='ocrx_word' id='word_1_445' title='bbox 3232 3138 3501 3195; x_wconf 83' lang='lat' dir='ltr'><strong>Melcltol:</strong></span> 
     </span>
    </p>
   </div>
   <div class='ocr_carea' id='block_1_61' title="bbox 252 3224 1834 3319">
    <p class='ocr_par' dir='ltr' id='par_1_61' title="bbox 252 3224 1833 3303">
     <span class='ocr_line' id='line_1_61' title="bbox 252 3224 1833 3303; baseline 0.003 -22"><span class='ocrx_word' id='word_1_446' title='bbox 252 3230 357 3282; x_wconf 73' lang='grc' dir='ltr'><strong>τοῦ</strong></span> <span class='ocrx_word' id='word_1_447' title='bbox 388 3229 561 3285; x_wconf 70' lang='grc' dir='ltr'>Σαοὺλ</span> <span class='ocrx_word' id='word_1_448' title='bbox 595 3230 910 3303; x_wconf 83' lang='grc' dir='ltr'>γινομένην,</span> <span class='ocrx_word' id='word_1_449' title='bbox 1002 3230 1165 3284; x_wconf 71' lang='grc' dir='ltr'>Δαὸὶδ</span> <span class='ocrx_word' id='word_1_450' title='bbox 1199 3230 1574 3302; x_wconf 83' lang='grc' dir='ltr'>ἐκοινώνησεν,</span> <span class='ocrx_word' id='word_1_451' title='bbox 1604 3232 1664 3285; x_wconf 79' lang='grc' dir='ltr'>οὐ</span> <span class='ocrx_word' id='word_1_452' title='bbox 1694 3231 1833 3296; x_wconf 82' lang='grc' dir='ltr'>ξενι-</span> 
     </span>
    </p>
   </div>
   <div class='ocr_carea' id='block_1_62' title="bbox 1940 3224 3504 3319">
    <p class='ocr_par' dir='ltr' id='par_1_62' title="bbox 1940 3228 3504 3301">
     <span class='ocr_line' id='line_1_62' title="bbox 1940 3228 3504 3301; baseline -0.001 -15"><span class='ocrx_word' id='word_1_453' title='bbox 1940 3248 2058 3301; x_wconf 74' lang='lat' dir='ltr'><strong>qua:</strong></span> <span class='ocrx_word' id='word_1_454' title='bbox 2083 3248 2146 3286; x_wconf 85' lang='lat' dir='ltr'><strong>ex</strong></span> <span class='ocrx_word' id='word_1_455' title='bbox 2181 3229 2344 3285; x_wconf 90' lang='lat' dir='ltr'><strong>Saule</strong></span> <span class='ocrx_word' id='word_1_456' title='bbox 2369 3230 2653 3301; x_wconf 86' lang='lat' dir='ltr'><strong>progenita</strong></span> <span class='ocrx_word' id='word_1_457' title='bbox 2693 3239 2833 3296; x_wconf 90' lang='lat' dir='ltr'><strong>erat,</strong></span> <span class='ocrx_word' id='word_1_458' title='bbox 2863 3245 3025 3301; x_wconf 89' lang='lat' dir='ltr'><strong>quam</strong></span> <span class='ocrx_word' id='word_1_459' title='bbox 3060 3228 3226 3285; x_wconf 88' lang='lat' dir='ltr'><strong>David</strong></span> <span class='ocrx_word' id='word_1_460' title='bbox 3260 3230 3504 3299; x_wconf 88' lang='lat' dir='ltr'><strong>despon-</strong></span> 
     </span>
    </p>
   </div>
   <div class='ocr_carea' id='block_1_63' title="bbox 252 3320 1834 3401">
    <p class='ocr_par' dir='ltr' id='par_1_63' title="bbox 252 3320 1831 3401">
     <span class='ocr_line' id='line_1_63' title="bbox 252 3320 1831 3401; baseline 0.001 -27"><span class='ocrx_word' id='word_1_461' title='bbox 252 3321 503 3401; x_wconf 72' lang='grc' dir='ltr'>ζῴμεθα,</span> <span class='ocrx_word' id='word_1_462' title='bbox 540 3322 675 3391; x_wconf 87' lang='grc' dir='ltr'>πρὸς</span> <span class='ocrx_word' id='word_1_463' title='bbox 700 3321 760 3375; x_wconf 89' lang='lat'><strong>:6</strong></span> <span class='ocrx_word' id='word_1_464' title='bbox 780 3320 1071 3375; x_wconf 83' lang='grc' dir='ltr'>ἀκόλουθον</span> <span class='ocrx_word' id='word_1_465' title='bbox 1106 3321 1416 3391; x_wconf 84' lang='grc' dir='ltr'>βλέποντες.</span> <span class='ocrx_word' id='word_1_466' title='bbox 1454 3322 1686 3393; x_wconf 72' lang='grc' dir='ltr'>Οἴδαμεν</span> <span class='ocrx_word' id='word_1_467' title='bbox 1724 3323 1831 3395; x_wconf 84' lang='grc' dir='ltr'><strong>γὰρ</strong></span> 
     </span>
    </p>
   </div>
   <div class='ocr_carea' id='block_1_64' title="bbox 1940 3320 3497 3401">
    <p class='ocr_par' dir='ltr' id='par_1_64' title="bbox 1940 3320 3497 3389">
     <span class='ocr_line' id='line_1_64' title="bbox 1940 3320 3497 3389; baseline -0.002 -11"><span class='ocrx_word' id='word_1_468' title='bbox 1940 3340 2050 3379; x_wconf 87' lang='lat' dir='ltr'><strong>sam</strong></span> <span class='ocrx_word' id='word_1_469' title='bbox 2084 3324 2353 3389; x_wconf 87' lang='lat' dir='ltr'><strong>habebat;</strong></span> <span class='ocrx_word' id='word_1_470' title='bbox 2400 3339 2467 3378; x_wconf 91' lang='lat' dir='ltr'><strong>ne</strong></span> <span class='ocrx_word' id='word_1_471' title='bbox 2494 3322 2783 3377; x_wconf 91' lang='lat' dir='ltr'><strong>turbemur</strong></span> <span class='ocrx_word' id='word_1_472' title='bbox 2803 3332 2857 3378; x_wconf 90' lang='lat' dir='ltr'><strong>et</strong></span> <span class='ocrx_word' id='word_1_473' title='bbox 2889 3322 3283 3388; x_wconf 85' lang='lat' dir='ltr'><strong>abalienemur,</strong></span> <span class='ocrx_word' id='word_1_474' title='bbox 3312 3323 3407 3378; x_wconf 88' lang='lat' dir='ltr'><strong>sed</strong></span> <span class='ocrx_word' id='word_1_475' title='bbox 3446 3320 3497 3376; x_wconf 91' lang='lat' dir='ltr'><strong>id</strong></span> 
     </span>
    </p>
   </div>
   <div class='ocr_carea' id='block_1_65' title="bbox 248 3412 1829 3487">
    <p class='ocr_par' dir='ltr' id='par_1_65' title="bbox 248 3412 1829 3487">
     <span class='ocr_line' id='line_1_65' title="bbox 248 3412 1829 3487; baseline 0.001 -21"><span class='ocrx_word' id='word_1_476' title='bbox 248 3414 341 3466; x_wconf 76' lang='grc' dir='ltr'><strong>ὅτι</strong></span> <span class='ocrx_word' id='word_1_477' title='bbox 379 3414 407 3463; x_wconf 89' lang='lat'><strong>6</strong></span> <span class='ocrx_word' id='word_1_478' title='bbox 437 3412 566 3475; x_wconf 86' lang='grc' dir='ltr'>Θεὸς</span> <span class='ocrx_word' id='word_1_479' title='bbox 604 3412 833 3465; x_wconf 86' lang='grc' dir='ltr'>θάνατον</span> <span class='ocrx_word' id='word_1_480' title='bbox 864 3413 963 3467; x_wconf 74' lang='grc' dir='ltr'>οὐκ</span> <span class='ocrx_word' id='word_1_481' title='bbox 991 3413 1266 3483; x_wconf 83' lang='grc' dir='ltr'>ἐποίησεν,</span> <span class='ocrx_word' id='word_1_482' title='bbox 1315 3413 1450 3467; x_wconf 83' lang='grc' dir='ltr'>ἀλλὰ</span> <span class='ocrx_word' id='word_1_483' title='bbox 1494 3413 1672 3487; x_wconf 80' lang='grc' dir='ltr'>πατὴρ</span> <span class='ocrx_word' id='word_1_484' title='bbox 1711 3415 1829 3483; x_wconf 71' lang='grc' dir='ltr'>ἐγέσ</span> 
     </span>
    </p>
   </div>
   <div class='ocr_carea' id='block_1_66' title="bbox 250 3505 1828 3576">
    <p class='ocr_par' dir='ltr' id='par_1_66' title="bbox 250 3505 1828 3576">
     <span class='ocr_line' id='line_1_66' title="bbox 250 3505 1828 3576; baseline 0 -17"><span class='ocrx_word' id='word_1_485' title='bbox 250 3523 380 3559; x_wconf 88' lang='grc' dir='ltr'>νετο</span> <span class='ocrx_word' id='word_1_486' title='bbox 408 3505 503 3560; x_wconf 88' lang='grc' dir='ltr'><strong>τοῦ</strong></span> <span class='ocrx_word' id='word_1_487' title='bbox 537 3505 767 3563; x_wconf 86' lang='grc' dir='ltr'>θανάτου</span> <span class='ocrx_word' id='word_1_488' title='bbox 814 3507 843 3559; x_wconf 91' lang='lat'><strong>6</strong></span> <span class='ocrx_word' id='word_1_489' title='bbox 879 3505 975 3576; x_wconf 85' lang='grc' dir='ltr'>τῆς</span> <span class='ocrx_word' id='word_1_490' title='bbox 1006 3506 1203 3569; x_wconf 84' lang='grc' dir='ltr'>κακίας</span> <span class='ocrx_word' id='word_1_491' title='bbox 1238 3505 1510 3575; x_wconf 78' lang='grc' dir='ltr'>βασιλεὺς,</span> <span class='ocrx_word' id='word_1_492' title='bbox 1562 3510 1589 3560; x_wconf 91' lang='lat'><strong>6</strong></span> <span class='ocrx_word' id='word_1_493' title='bbox 1637 3507 1828 3561; x_wconf 79' lang='grc' dir='ltr'>ἑαυτὸν</span> 
     </span>
    </p>
   </div>
   <div class='ocr_carea' id='block_1_67' title="bbox 248 3598 1827 3670">
    <p class='ocr_par' dir='ltr' id='par_1_67' title="bbox 248 3598 1827 3670">
     <span class='ocr_line' id='line_1_67' title="bbox 248 3598 1827 3670; baseline 0.003 -21"><span class='ocrx_word' id='word_1_494' title='bbox 248 3599 355 3667; x_wconf 83' lang='grc' dir='ltr'>τῆς</span> <span class='ocrx_word' id='word_1_495' title='bbox 384 3598 527 3667; x_wconf 81' lang='grc' dir='ltr'><strong>ζωῆς</strong></span> <span class='ocrx_word' id='word_1_496' title='bbox 557 3599 843 3669; x_wconf 86' lang='grc' dir='ltr'>στερήσας.</span> <span class='ocrx_word' id='word_1_497' title='bbox 888 3598 1068 3670; x_wconf 85' lang='grc' dir='ltr'>Φθόνῳ</span> <span class='ocrx_word' id='word_1_498' title='bbox 1096 3598 1203 3669; x_wconf 82' lang='grc' dir='ltr'><strong>γάρ</strong></span> <span class='ocrx_word' id='word_1_499' title='bbox 1249 3598 1491 3652; x_wconf 76' lang='grc' dir='ltr'>διαϐόλου</span> <span class='ocrx_word' id='word_1_500' title='bbox 1540 3600 1568 3650; x_wconf 95' lang='lat'><strong>6</strong></span> <span class='ocrx_word' id='word_1_501' title='bbox 1597 3599 1827 3665; x_wconf 86' lang='grc' dir='ltr'>θάνατος</span> 
     </span>
    </p>
   </div>
   <div class='ocr_carea' id='block_1_68' title="bbox 246 3690 1823 3763">
    <p class='ocr_par' dir='ltr' id='par_1_68' title="bbox 246 3690 1823 3763">
     <span class='ocr_line' id='line_1_68' title="bbox 246 3690 1823 3763; baseline 0 -18"><span class='ocrx_word' id='word_1_502' title='bbox 246 3690 535 3760; x_wconf 70' lang='grc' dir='ltr'>εἰσῆλθενο</span> <span class='ocrx_word' id='word_1_503' title='bbox 578 3690 891 3747; x_wconf 70' lang='grc' dir='ltr'>ἐϐασίλευσε</span> <span class='ocrx_word' id='word_1_504' title='bbox 930 3690 987 3743; x_wconf 84' lang='grc' dir='ltr'>δὲ</span> <span class='ocrx_word' id='word_1_505' title='bbox 1031 3693 1059 3745; x_wconf 93' lang='lat'><strong>6</strong></span> <span class='ocrx_word' id='word_1_506' title='bbox 1101 3690 1327 3755; x_wconf 86' lang='grc' dir='ltr'>θάνατος</span> <span class='ocrx_word' id='word_1_507' title='bbox 1371 3692 1477 3744; x_wconf 83' lang='grc' dir='ltr'><strong>ἀπὸ</strong></span> <span class='ocrx_word' id='word_1_508' title='bbox 1522 3692 1692 3763; x_wconf 77' lang='grc' dir='ltr'>Ἀδάμ</span> <span class='ocrx_word' id='word_1_509' title='bbox 1729 3694 1823 3747; x_wconf 80' lang='grc' dir='ltr'>καὶ</span> 
     </span>
    </p>
   </div>
   <div class='ocr_carea' id='block_1_69' title="bbox 242 3782 1820 3854">
    <p class='ocr_par' dir='ltr' id='par_1_69' title="bbox 242 3782 1820 3854">
     <span class='ocr_line' id='line_1_69' title="bbox 242 3782 1820 3854; baseline 0.001 -17"><span class='ocrx_word' id='word_1_510' title='bbox 242 3785 353 3847; x_wconf 69' lang='grc' dir='ltr'><strong>ἕως</strong></span> <span class='ocrx_word' id='word_1_511' title='bbox 386 3782 479 3836; x_wconf 88' lang='grc' dir='ltr'><strong>τοῦ</strong></span> <span class='ocrx_word' id='word_1_512' title='bbox 524 3783 709 3853; x_wconf 83' lang='grc' dir='ltr'>νόμου.</span> <span class='ocrx_word' id='word_1_513' title='bbox 744 3783 818 3837; x_wconf 82' lang='grc' dir='ltr'><strong>Οὐ</strong></span> <span class='ocrx_word' id='word_1_514' title='bbox 869 3782 1114 3853; x_wconf 74' lang='grc' dir='ltr'>βούλεται</span> <span class='ocrx_word' id='word_1_515' title='bbox 1160 3784 1352 3854; x_wconf 84' lang='grc' dir='ltr'>μηκέτι</span> <span class='ocrx_word' id='word_1_516' title='bbox 1408 3783 1712 3853; x_wconf 81' lang='grc' dir='ltr'>βασιλεύειν</span> <span class='ocrx_word' id='word_1_517' title='bbox 1763 3788 1820 3839; x_wconf 83' lang='grc' dir='ltr'><strong>ὲν</strong></span> 
     </span>
    </p>
   </div>
   <div class='ocr_carea' id='block_1_70' title="bbox 242 3874 1807 3948">
    <p class='ocr_par' dir='ltr' id='par_1_70' title="bbox 242 3874 1807 3948">
     <span class='ocr_line' id='line_1_70' title="bbox 242 3874 1807 3948; baseline 0.003 -20"><span class='ocrx_word' id='word_1_518' title='bbox 242 3879 382 3947; x_wconf 75' lang='grc' dir='ltr'>ἡμῖν</span> <span class='ocrx_word' id='word_1_519' title='bbox 422 3877 451 3929; x_wconf 87' lang='grc' dir='ltr'>ὁ</span> <span class='ocrx_word' id='word_1_520' title='bbox 507 3874 829 3939; x_wconf 79' lang='grc' dir='ltr'>Ἀπόστολος</span> <span class='ocrx_word' id='word_1_521' title='bbox 883 3876 941 3929; x_wconf 78' lang='grc' dir='ltr'>ὲν</span> <span class='ocrx_word' id='word_1_522' title='bbox 989 3875 1064 3946; x_wconf 80' lang='grc' dir='ltr'>τῷ</span> <span class='ocrx_word' id='word_1_523' title='bbox 1121 3874 1299 3946; x_wconf 88' lang='grc' dir='ltr'>θνητῷ</span> <span class='ocrx_word' id='word_1_524' title='bbox 1352 3876 1510 3947; x_wconf 81' lang='grc' dir='ltr'><strong>ἡμῶν</strong></span> <span class='ocrx_word' id='word_1_525' title='bbox 1579 3877 1807 3948; x_wconf 85' lang='grc' dir='ltr'>σώματι.</span> 
     </span>
    </p>
   </div>
   <div class='ocr_carea' id='block_1_71' title="bbox 257 3965 1819 4042">
    <p class='ocr_par' dir='ltr' id='par_1_71' title="bbox 257 3965 1819 4042">
     <span class='ocr_line' id='line_1_71' title="bbox 257 3965 1819 4042; baseline -0.001 -19"><span class='ocrx_word' id='word_1_526' title='bbox 257 3970 317 4024; x_wconf 89' lang='lat'><strong>&#39;0</strong></span> <span class='ocrx_word' id='word_1_527' title='bbox 350 3965 444 4023; x_wconf 82' lang='lat' dir='ltr'><em>06v</em></span> <span class='ocrx_word' id='word_1_528' title='bbox 472 3969 615 4039; x_wconf 71' lang='grc' dir='ltr'>ὑπὲρ</span> <span class='ocrx_word' id='word_1_529' title='bbox 653 3968 853 4032; x_wconf 84' lang='grc' dir='ltr'>παντὸς</span> <span class='ocrx_word' id='word_1_530' title='bbox 885 3967 979 4020; x_wconf 87' lang='grc' dir='ltr'><strong>τοῦ</strong></span> <span class='ocrx_word' id='word_1_531' title='bbox 1014 3967 1242 4023; x_wconf 85' lang='grc' dir='ltr'>θανάτου</span> <span class='ocrx_word' id='word_1_532' title='bbox 1272 3969 1632 4041; x_wconf 85' lang='grc' dir='ltr'>γευσάμενος,</span> <span class='ocrx_word' id='word_1_533' title='bbox 1662 3971 1720 4024; x_wconf 80' lang='grc' dir='ltr'><strong>ἐν</strong></span> <span class='ocrx_word' id='word_1_534' title='bbox 1743 3971 1819 4042; x_wconf 80' lang='grc' dir='ltr'><strong>τῷ</strong></span> 
     </span>
    </p>
   </div>
   <div class='ocr_carea' id='block_1_72' title="bbox 239 4058 1815 4130">
    <p class='ocr_par' dir='ltr' id='par_1_72' title="bbox 239 4058 1815 4130">
     <span class='ocr_line' id='line_1_72' title="bbox 239 4058 1815 4130; baseline 0 -17"><span class='ocrx_word' id='word_1_535' title='bbox 239 4062 381 4130; x_wconf 80' lang='grc' dir='ltr'>οἴκῳ</span> <span class='ocrx_word' id='word_1_536' title='bbox 419 4060 519 4130; x_wconf 85' lang='grc' dir='ltr'>τῆς</span> <span class='ocrx_word' id='word_1_537' title='bbox 568 4059 673 4113; x_wconf 81' lang='grc' dir='ltr'><strong>ὑπὸ</strong></span> <span class='ocrx_word' id='word_1_538' title='bbox 706 4058 807 4121; x_wconf 72' lang='grc' dir='ltr'>ξτοῦ</span> <span class='ocrx_word' id='word_1_539' title='bbox 845 4058 1127 4128; x_wconf 80' lang='grc' dir='ltr'>νοηθέντος</span> <span class='ocrx_word' id='word_1_540' title='bbox 1182 4059 1315 4130; x_wconf 72' lang='grc' dir='ltr'>ἡμῖν</span> <span class='ocrx_word' id='word_1_541' title='bbox 1370 4059 1541 4113; x_wconf 77' lang='grc' dir='ltr'>Σαοὺλ</span> <span class='ocrx_word' id='word_1_542' title='bbox 1572 4059 1815 4128; x_wconf 87' lang='grc' dir='ltr'>γίνεται,</span> 
     </span>
    </p>
   </div>
   <div class='ocr_carea' id='block_1_73' title="bbox 241 4147 1817 4221">
    <p class='ocr_par' dir='ltr' id='par_1_73' title="bbox 241 4147 1817 4221">
     <span class='ocr_line' id='line_1_73' title="bbox 241 4147 1817 4221; baseline -0.001 -16"><span class='ocrx_word' id='word_1_543' title='bbox 241 4152 419 4221; x_wconf 74' lang='grc' dir='ltr'>ὄνομα</span> <span class='ocrx_word' id='word_1_544' title='bbox 471 4150 527 4203; x_wconf 81' lang='grc' dir='ltr'>δὲ</span> <span class='ocrx_word' id='word_1_545' title='bbox 568 4151 704 4221; x_wconf 78' lang='grc' dir='ltr'>αὐτῇ</span> <span class='ocrx_word' id='word_1_546' title='bbox 758 4148 990 4219; x_wconf 88' lang='grc' dir='ltr'>Μελχόλ.</span> <span class='ocrx_word' id='word_1_547' title='bbox 1037 4147 1143 4203; x_wconf 90' lang='grc' dir='ltr'><strong>Τοῦ</strong></span> <span class='ocrx_word' id='word_1_548' title='bbox 1194 4148 1251 4201; x_wconf 80' lang='grc' dir='ltr'>δὲ</span> <span class='ocrx_word' id='word_1_549' title='bbox 1301 4148 1565 4218; x_wconf 85' lang='grc' dir='ltr'>ὀνόματος</span> <span class='ocrx_word' id='word_1_550' title='bbox 1626 4149 1817 4203; x_wconf 80' lang='grc' dir='ltr'>τούτου</span> 
     </span>
    </p>
   </div>
   <div class='ocr_carea' id='block_1_74' title="bbox 237 4242 1817 4315">
    <p class='ocr_par' dir='ltr' id='par_1_74' title="bbox 237 4242 1817 4315">
     <span class='ocr_line' id='line_1_74' title="bbox 237 4242 1817 4315; baseline 0 -16"><span class='ocrx_word' id='word_1_551' title='bbox 237 4248 303 4299; x_wconf 85' lang='grc' dir='ltr'>τὸ</span> <span class='ocrx_word' id='word_1_552' title='bbox 330 4244 732 4315; x_wconf 81' lang='grc' dir='ltr'>σημαινόμενον</span> <span class='ocrx_word' id='word_1_553' title='bbox 766 4243 1041 4313; x_wconf 87' lang='grc' dir='ltr'>βασιλείας</span> <span class='ocrx_word' id='word_1_554' title='bbox 1077 4244 1244 4307; x_wconf 78' lang='grc' dir='ltr'>ἐστὶν,</span> <span class='ocrx_word' id='word_1_555' title='bbox 1280 4242 1367 4296; x_wconf 78' lang='grc' dir='ltr'><strong>διὰ</strong></span> <span class='ocrx_word' id='word_1_556' title='bbox 1393 4243 1451 4296; x_wconf 86' lang='grc' dir='ltr'>τὸ</span> <span class='ocrx_word' id='word_1_557' title='bbox 1489 4244 1650 4315; x_wconf 70' lang='grc' dir='ltr'>μέχρι</span> <span class='ocrx_word' id='word_1_558' title='bbox 1696 4245 1817 4299; x_wconf 89' lang='grc' dir='ltr'>τότε</span> 
     </span>
    </p>
   </div>
   <div class='ocr_carea' id='block_1_75' title="bbox 240 4334 1818 4406">
    <p class='ocr_par' dir='ltr' id='par_1_75' title="bbox 240 4334 1818 4406">
     <span class='ocr_line' id='line_1_75' title="bbox 240 4334 1818 4406; baseline 0.003 -19"><span class='ocrx_word' id='word_1_559' title='bbox 240 4336 555 4405; x_wconf 80' lang='grc' dir='ltr'>βασιλεύειν</span> <span class='ocrx_word' id='word_1_560' title='bbox 592 4336 693 4406; x_wconf 83' lang='grc' dir='ltr'><strong>τὴν</strong></span> <span class='ocrx_word' id='word_1_561' title='bbox 729 4334 1003 4406; x_wconf 87' lang='grc' dir='ltr'>ἁμαρτίαν</span> <span class='ocrx_word' id='word_1_562' title='bbox 1048 4335 1149 4404; x_wconf 82' lang='grc' dir='ltr'>τῆς</span> <span class='ocrx_word' id='word_1_563' title='bbox 1179 4334 1414 4405; x_wconf 82' lang='grc' dir='ltr'>φύσεως.</span> <span class='ocrx_word' id='word_1_564' title='bbox 1459 4336 1722 4390; x_wconf 79' lang='grc' dir='ltr'>Ἐνταῦθα</span> <span class='ocrx_word' id='word_1_565' title='bbox 1761 4338 1818 4391; x_wconf 83' lang='grc' dir='ltr'>δὲ</span> 
     </span>
    </p>
   </div>
   <div class='ocr_carea' id='block_1_76' title="bbox 237 4420 1817 4496">
    <p class='ocr_par' dir='ltr' id='par_1_76' title="bbox 237 4420 1817 4496">
     <span class='ocr_line' id='line_1_76' title="bbox 237 4420 1817 4496; baseline -0.003 -18"><span class='ocrx_word' id='word_1_566' title='bbox 237 4426 558 4496; x_wconf 84' lang='grc' dir='ltr'>γενόμενος,</span> <span class='ocrx_word' id='word_1_567' title='bbox 584 4423 746 4488; x_wconf 72' lang='grc' dir='ltr'>αὐτὸς</span> <span class='ocrx_word' id='word_1_568' title='bbox 779 4424 876 4495; x_wconf 78' lang='grc' dir='ltr'><strong>μὲν</strong></span> <span class='ocrx_word' id='word_1_569' title='bbox 905 4424 992 4476; x_wconf 72' lang='grc' dir='ltr'><strong>διὰ</strong></span> <span class='ocrx_word' id='word_1_570' title='bbox 1031 4423 1242 4493; x_wconf 86' lang='grc' dir='ltr'>θυρίδος</span> <span class='ocrx_word' id='word_1_571' title='bbox 1268 4420 1569 4493; x_wconf 77' lang='grc' dir='ltr'>ἐξέρχεται.</span> <span class='ocrx_word' id='word_1_572' title='bbox 1604 4422 1817 4494; x_wconf 89' lang='grc' dir='ltr'>Σημαί-</span> 
     </span>
    </p>
   </div>
   <div class='ocr_carea' id='block_1_77' title="bbox 238 4514 1815 4589">
    <p class='ocr_par' dir='ltr' id='par_1_77' title="bbox 238 4514 1815 4589">
     <span class='ocr_line' id='line_1_77' title="bbox 238 4514 1815 4589; baseline -0.003 -17"><span class='ocrx_word' id='word_1_573' title='bbox 238 4536 326 4573; x_wconf 89' lang='grc' dir='ltr'>νει</span> <span class='ocrx_word' id='word_1_574' title='bbox 362 4518 421 4571; x_wconf 78' lang='grc' dir='ltr'>δὲ</span> <span class='ocrx_word' id='word_1_575' title='bbox 447 4520 482 4589; x_wconf 83' lang='grc' dir='ltr'>ἠ</span> <span class='ocrx_word' id='word_1_576' title='bbox 514 4518 670 4589; x_wconf 76' lang='grc' dir='ltr'>θυρὶς</span> <span class='ocrx_word' id='word_1_577' title='bbox 690 4558 705 4583; x_wconf 92' lang='grc'><strong>,</strong></span> <span class='ocrx_word' id='word_1_578' title='bbox 746 4517 845 4588; x_wconf 83' lang='grc' dir='ltr'>τὴν</span> <span class='ocrx_word' id='word_1_579' title='bbox 878 4517 970 4571; x_wconf 74' lang='grc' dir='ltr'><strong>ἐπὶ</strong></span> <span class='ocrx_word' id='word_1_580' title='bbox 994 4516 1055 4569; x_wconf 86' lang='grc' dir='ltr'><strong>τὸ</strong></span> <span class='ocrx_word' id='word_1_581' title='bbox 1087 4515 1204 4584; x_wconf 84' lang='grc' dir='ltr'><strong>φῶς</strong></span> <span class='ocrx_word' id='word_1_582' title='bbox 1251 4516 1412 4570; x_wconf 86' lang='grc' dir='ltr'>πάλιν</span> <span class='ocrx_word' id='word_1_583' title='bbox 1440 4515 1696 4569; x_wconf 74' lang='grc' dir='ltr'>ἐπάνοδον</span> <span class='ocrx_word' id='word_1_584' title='bbox 1722 4514 1815 4568; x_wconf 91' lang='grc' dir='ltr'><strong>τοῦ</strong></span> 
     </span>
    </p>
   </div>
   <div class='ocr_carea' id='block_1_78' title="bbox 1930 3412 3502 3486">
    <p class='ocr_par' dir='ltr' id='par_1_78' title="bbox 1930 3412 3502 3486">
     <span class='ocr_line' id='line_1_78' title="bbox 1930 3412 3502 3486; baseline 0.001 -20"><span class='ocrx_word' id='word_1_585' title='bbox 1930 3416 2073 3486; x_wconf 90' lang='lat' dir='ltr'><strong>quod</strong></span> <span class='ocrx_word' id='word_1_586' title='bbox 2130 3416 2378 3486; x_wconf 87' lang='lat' dir='ltr'><strong>sequitur</strong></span> <span class='ocrx_word' id='word_1_587' title='bbox 2437 3416 2839 3485; x_wconf 86' lang='lat' dir='ltr'><strong>respiciamus:</strong></span> <span class='ocrx_word' id='word_1_588' title='bbox 2873 3415 3080 3470; x_wconf 90' lang='lat' dir='ltr'><strong>scimus</strong></span> <span class='ocrx_word' id='word_1_589' title='bbox 3121 3414 3265 3468; x_wconf 89' lang='lat' dir='ltr'><strong>enim</strong></span> <span class='ocrx_word' id='word_1_590' title='bbox 3310 3428 3340 3467; x_wconf 91' lang='lat' dir='ltr'><strong>a</strong></span> <span class='ocrx_word' id='word_1_591' title='bbox 3390 3412 3502 3467; x_wconf 88' lang='lat' dir='ltr'><strong>Deo</strong></span> 
     </span>
    </p>
   </div>
   <div class='ocr_carea' id='block_1_79' title="bbox 1930 3504 3502 3575">
    <p class='ocr_par' dir='ltr' id='par_1_79' title="bbox 1930 3504 3502 3575">
     <span class='ocr_line' id='line_1_79' title="bbox 1930 3504 3502 3575; baseline -0.003 -14"><span class='ocrx_word' id='word_1_592' title='bbox 1930 3515 2156 3563; x_wconf 90' lang='lat' dir='ltr'><strong>mortem</strong></span> <span class='ocrx_word' id='word_1_593' title='bbox 2192 3521 2301 3561; x_wconf 92' lang='lat' dir='ltr'><strong>non</strong></span> <span class='ocrx_word' id='word_1_594' title='bbox 2333 3522 2456 3562; x_wconf 90' lang='lat' dir='ltr'><strong>esse</strong></span> <span class='ocrx_word' id='word_1_595' title='bbox 2488 3505 2710 3570; x_wconf 84' lang='lat' dir='ltr'><strong>factam,</strong></span> <span class='ocrx_word' id='word_1_596' title='bbox 2742 3506 2835 3561; x_wconf 91' lang='lat' dir='ltr'><strong>sed</strong></span> <span class='ocrx_word' id='word_1_597' title='bbox 2873 3506 3068 3560; x_wconf 91' lang='lat' dir='ltr'><strong>mortis</strong></span> <span class='ocrx_word' id='word_1_598' title='bbox 3097 3520 3295 3575; x_wconf 90' lang='lat' dir='ltr'><strong>parens</strong></span> <span class='ocrx_word' id='word_1_599' title='bbox 3327 3504 3502 3560; x_wconf 83' lang='lat' dir='ltr'><strong>exsti-</strong></span> 
     </span>
    </p>
   </div>
   <div class='ocr_carea' id='block_1_80' title="bbox 1927 3596 3608 3669">
    <p class='ocr_par' dir='ltr' id='par_1_80' title="bbox 1927 3596 3608 3669">
     <span class='ocr_line' id='line_1_80' title="bbox 1927 3596 3608 3669; baseline -0.001 -18"><span class='ocrx_word' id='word_1_600' title='bbox 1927 3599 1992 3652; x_wconf 89' lang='lat' dir='ltr'><strong>tit</strong></span> <span class='ocrx_word' id='word_1_601' title='bbox 2047 3614 2141 3654; x_wconf 90' lang='lat' dir='ltr'><strong>rex</strong></span> <span class='ocrx_word' id='word_1_602' title='bbox 2167 3598 2259 3653; x_wconf 90' lang='lat' dir='ltr'><strong>ille</strong></span> <span class='ocrx_word' id='word_1_603' title='bbox 2293 3598 2535 3663; x_wconf 65' lang='lat' dir='ltr'><strong>malitia),</strong></span> <span class='ocrx_word' id='word_1_604' title='bbox 2572 3598 2665 3669; x_wconf 89' lang='lat' dir='ltr'><strong>qui</strong></span> <span class='ocrx_word' id='word_1_605' title='bbox 2698 3598 2937 3667; x_wconf 88' lang='lat' dir='ltr'><strong>seipsum</strong></span> <span class='ocrx_word' id='word_1_606' title='bbox 2976 3596 3083 3649; x_wconf 89' lang='lat' dir='ltr'><strong>vita</strong></span> <span class='ocrx_word' id='word_1_607' title='bbox 3115 3596 3379 3666; x_wconf 80' lang='lat' dir='ltr'><strong>privavit;</strong></span> <span class='ocrx_word' id='word_1_608' title='bbox 3416 3597 3502 3651; x_wconf 89' lang='lat' dir='ltr'><strong>in-</strong></span> <span class='ocrx_word' id='word_1_609' title='bbox 3599 3601 3608 3609; x_wconf 86' lang='lat'>&#39;</span> 
     </span>
    </p>
   </div>
   <div class='ocr_carea' id='block_1_81' title="bbox 1923 3689 3497 3759">
    <p class='ocr_par' dir='ltr' id='par_1_81' title="bbox 1923 3689 3497 3759">
     <span class='ocr_line' id='line_1_81' title="bbox 1923 3689 3497 3759; baseline -0.003 -13"><span class='ocrx_word' id='word_1_610' title='bbox 1923 3690 2070 3746; x_wconf 89' lang='lat' dir='ltr'><strong>vidia</strong></span> <span class='ocrx_word' id='word_1_611' title='bbox 2109 3690 2252 3745; x_wconf 86' lang='lat' dir='ltr'><strong>enim</strong></span> <span class='ocrx_word' id='word_1_612' title='bbox 2295 3689 2498 3745; x_wconf 89' lang='lat' dir='ltr'><strong>diaboli</strong></span> <span class='ocrx_word' id='word_1_613' title='bbox 2540 3703 2689 3745; x_wconf 91' lang='lat' dir='ltr'><strong>mors</strong></span> <span class='ocrx_word' id='word_1_614' title='bbox 2724 3689 2949 3743; x_wconf 70' lang='lat' dir='ltr'><strong>intravit</strong></span> <span class='ocrx_word' id='word_1_615' title='bbox 2982 3706 2995 3742; x_wconf 92' lang='lat'><strong>:</strong></span> <span class='ocrx_word' id='word_1_616' title='bbox 3028 3690 3279 3759; x_wconf 86' lang='lat' dir='ltr'><strong>regnavit</strong></span> <span class='ocrx_word' id='word_1_617' title='bbox 3318 3698 3497 3744; x_wconf 87' lang='lat' dir='ltr'><strong>autem</strong></span> 
     </span>
    </p>
   </div>
   <div class='ocr_carea' id='block_1_82' title="bbox 1924 3779 3498 3851">
    <p class='ocr_par' dir='ltr' id='par_1_82' title="bbox 1924 3779 3498 3851">
     <span class='ocr_line' id='line_1_82' title="bbox 1924 3779 3498 3851; baseline -0.001 -14"><span class='ocrx_word' id='word_1_618' title='bbox 1924 3799 2073 3838; x_wconf 90' lang='lat' dir='ltr'><strong>mors</strong></span> <span class='ocrx_word' id='word_1_619' title='bbox 2108 3783 2175 3836; x_wconf 88' lang='lat' dir='ltr'><strong>ab</strong></span> <span class='ocrx_word' id='word_1_620' title='bbox 2196 3783 2365 3837; x_wconf 88' lang='lat' dir='ltr'><strong>Adam</strong></span> <span class='ocrx_word' id='word_1_621' title='bbox 2392 3798 2571 3851; x_wconf 91' lang='lat' dir='ltr'><strong>usque</strong></span> <span class='ocrx_word' id='word_1_622' title='bbox 2598 3781 2664 3836; x_wconf 88' lang='lat' dir='ltr'><strong>ad</strong></span> <span class='ocrx_word' id='word_1_623' title='bbox 2697 3782 2869 3851; x_wconf 82' lang='lat' dir='ltr'><strong>legem</strong></span> <span class='ocrx_word' id='word_1_624' title='bbox 2890 3781 2957 3847; x_wconf 83' lang='lat'><strong>&quot;,</strong></span> <span class='ocrx_word' id='word_1_625' title='bbox 2989 3796 3152 3851; x_wconf 89' lang='lat' dir='ltr'><strong>quam</strong></span> <span class='ocrx_word' id='word_1_626' title='bbox 3183 3779 3417 3850; x_wconf 84' lang='lat' dir='ltr'><strong>amplius</strong></span> <span class='ocrx_word' id='word_1_627' title='bbox 3443 3780 3498 3835; x_wconf 89' lang='lat' dir='ltr'><strong>in</strong></span> 
     </span>
    </p>
   </div>
   <div class='ocr_carea' id='block_1_83' title="bbox 1919 3868 3499 3940">
    <p class='ocr_par' dir='ltr' id='par_1_83' title="bbox 1919 3868 3499 3940">
     <span class='ocr_line' id='line_1_83' title="bbox 1919 3868 3499 3940; baseline -0.004 -11"><span class='ocrx_word' id='word_1_628' title='bbox 1919 3873 2138 3929; x_wconf 89' lang='lat' dir='ltr'><strong>mortali</strong></span> <span class='ocrx_word' id='word_1_629' title='bbox 2178 3880 2370 3927; x_wconf 88' lang='lat' dir='ltr'><strong>nostro</strong></span> <span class='ocrx_word' id='word_1_630' title='bbox 2399 3885 2630 3940; x_wconf 89' lang='lat' dir='ltr'><strong>corpore</strong></span> <span class='ocrx_word' id='word_1_631' title='bbox 2675 3885 2909 3939; x_wconf 87' lang='lat' dir='ltr'><strong>regnare</strong></span> <span class='ocrx_word' id='word_1_632' title='bbox 2956 3884 3067 3923; x_wconf 89' lang='lat' dir='ltr'><strong>non</strong></span> <span class='ocrx_word' id='word_1_633' title='bbox 3108 3868 3226 3922; x_wconf 86' lang='lat' dir='ltr'><strong>vult</strong></span> <span class='ocrx_word' id='word_1_634' title='bbox 3258 3868 3499 3938; x_wconf 83' lang='lat' dir='ltr'><strong>Aposto-</strong></span> 
     </span>
    </p>
   </div>
   <div class='ocr_carea' id='block_1_84' title="bbox 1920 3961 3496 4048">
    <p class='ocr_par' dir='ltr' id='par_1_84' title="bbox 1920 3961 3496 4048">
     <span class='ocr_line' id='line_1_84' title="bbox 1920 3961 3496 4048; baseline -0.003 -28"><span class='ocrx_word' id='word_1_635' title='bbox 1920 3968 2004 4022; x_wconf 91' lang='lat' dir='ltr'><strong>lus</strong></span> <span class='ocrx_word' id='word_1_636' title='bbox 2030 3966 2093 4019; x_wconf 82' lang='grc'><strong>¹³.</strong></span> <span class='ocrx_word' id='word_1_637' title='bbox 2125 3963 2175 4019; x_wconf 87' lang='lat' dir='ltr'><strong>Is</strong></span> <span class='ocrx_word' id='word_1_638' title='bbox 2204 3964 2387 4035; x_wconf 81' lang='lat' dir='ltr'><strong>igitur,</strong></span> <span class='ocrx_word' id='word_1_639' title='bbox 2418 3962 2511 4033; x_wconf 91' lang='lat' dir='ltr'><strong>qui</strong></span> <span class='ocrx_word' id='word_1_640' title='bbox 2546 3976 2646 4031; x_wconf 86' lang='lat' dir='ltr'><strong>pro</strong></span> <span class='ocrx_word' id='word_1_641' title='bbox 2676 3962 2934 4017; x_wconf 89' lang='lat' dir='ltr'><strong>omnibus</strong></span> <span class='ocrx_word' id='word_1_642' title='bbox 2964 3968 3195 4017; x_wconf 93' lang='lat' dir='ltr'><strong>mortem</strong></span> <span class='ocrx_word' id='word_1_643' title='bbox 3227 3961 3496 4048; x_wconf 57' lang='lat' dir='ltr'><strong>gustavit,</strong></span> 
     </span>
    </p>
   </div>
   <div class='ocr_carea' id='block_1_85' title="bbox 1917 4051 3497 4125">
    <p class='ocr_par' dir='ltr' id='par_1_85' title="bbox 1917 4051 3497 4125">
     <span class='ocr_line' id='line_1_85' title="bbox 1917 4051 3497 4125; baseline -0.001 -16"><span class='ocrx_word' id='word_1_644' title='bbox 1917 4068 2165 4112; x_wconf 83' lang='lat' dir='ltr'><strong>versatur</strong></span> <span class='ocrx_word' id='word_1_645' title='bbox 2206 4056 2261 4109; x_wconf 92' lang='lat' dir='ltr'><strong>in</strong></span> <span class='ocrx_word' id='word_1_646' title='bbox 2311 4056 2473 4109; x_wconf 91' lang='lat' dir='ltr'><strong>domo</strong></span> <span class='ocrx_word' id='word_1_647' title='bbox 2508 4054 2653 4124; x_wconf 89' lang='lat' dir='ltr'><strong>ejus,</strong></span> <span class='ocrx_word' id='word_1_648' title='bbox 2695 4068 2859 4123; x_wconf 91' lang='lat' dir='ltr'><strong>quam</strong></span> <span class='ocrx_word' id='word_1_649' title='bbox 2907 4054 2953 4109; x_wconf 91' lang='lat' dir='ltr'><strong>is</strong></span> <span class='ocrx_word' id='word_1_650' title='bbox 2989 4053 3085 4125; x_wconf 89' lang='lat' dir='ltr'><strong>qui</strong></span> <span class='ocrx_word' id='word_1_651' title='bbox 3146 4068 3244 4124; x_wconf 86' lang='lat' dir='ltr'><strong>per</strong></span> <span class='ocrx_word' id='word_1_652' title='bbox 3277 4051 3497 4108; x_wconf 81' lang='lat' dir='ltr'><strong>Saulem</strong></span> 
     </span>
    </p>
   </div>
   <div class='ocr_carea' id='block_1_86' title="bbox 1916 4145 3495 4219">
    <p class='ocr_par' dir='ltr' id='par_1_86' title="bbox 1916 4145 3495 4219">
     <span class='ocr_line' id='line_1_86' title="bbox 1916 4145 3495 4219; baseline -0.001 -17"><span class='ocrx_word' id='word_1_653' title='bbox 1916 4150 2142 4217; x_wconf 85' lang='lat' dir='ltr'><strong>mystice</strong></span> <span class='ocrx_word' id='word_1_654' title='bbox 2190 4148 2529 4219; x_wconf 82' lang='lat' dir='ltr'><strong>signiﬁcatur</strong></span> <span class='ocrx_word' id='word_1_655' title='bbox 2564 4146 2877 4218; x_wconf 85' lang='lat' dir='ltr'><strong>progenuit,</strong></span> <span class='ocrx_word' id='word_1_656' title='bbox 2920 4145 3080 4216; x_wconf 87' lang='lat' dir='ltr'><strong>cujus</strong></span> <span class='ocrx_word' id='word_1_657' title='bbox 3128 4161 3327 4202; x_wconf 88' lang='lat' dir='ltr'><strong>nomen</strong></span> <span class='ocrx_word' id='word_1_658' title='bbox 3361 4145 3495 4201; x_wconf 79' lang='lat' dir='ltr'><strong>Mel-</strong></span> 
     </span>
    </p>
   </div>
   <div class='ocr_carea' id='block_1_87' title="bbox 1916 4236 3493 4308">
    <p class='ocr_par' dir='ltr' id='par_1_87' title="bbox 1916 4236 3493 4308">
     <span class='ocr_line' id='line_1_87' title="bbox 1916 4236 3493 4308; baseline -0.001 -17"><span class='ocrx_word' id='word_1_659' title='bbox 1916 4238 2062 4301; x_wconf 89' lang='lat' dir='ltr'><strong>chol,</strong></span> <span class='ocrx_word' id='word_1_660' title='bbox 2103 4238 2207 4292; x_wconf 89' lang='lat' dir='ltr'><strong>hoc</strong></span> <span class='ocrx_word' id='word_1_661' title='bbox 2245 4244 2352 4301; x_wconf 88' lang='lat' dir='ltr'><strong>est,</strong></span> <span class='ocrx_word' id='word_1_662' title='bbox 2406 4253 2656 4308; x_wconf 88' lang='lat' dir='ltr'><strong>regnum,</strong></span> <span class='ocrx_word' id='word_1_663' title='bbox 2698 4236 2844 4307; x_wconf 91' lang='lat' dir='ltr'><strong>quod</strong></span> <span class='ocrx_word' id='word_1_664' title='bbox 2893 4251 2958 4291; x_wconf 89' lang='lat' dir='ltr'><strong>eo</strong></span> <span class='ocrx_word' id='word_1_665' title='bbox 3006 4251 3181 4306; x_wconf 91' lang='lat' dir='ltr'><strong>usque</strong></span> <span class='ocrx_word' id='word_1_666' title='bbox 3211 4243 3493 4307; x_wconf 85' lang='lat' dir='ltr'><strong>peccatum</strong></span> 
     </span>
    </p>
   </div>
   <div class='ocr_carea' id='block_1_88' title="bbox 1916 4328 3493 4400">
    <p class='ocr_par' dir='ltr' id='par_1_88' title="bbox 1916 4328 3493 4400">
     <span class='ocr_line' id='line_1_88' title="bbox 1916 4328 3493 4400; baseline -0.001 -17"><span class='ocrx_word' id='word_1_667' title='bbox 1916 4338 2126 4385; x_wconf 63' lang='lat' dir='ltr'><strong>natura:</strong></span> <span class='ocrx_word' id='word_1_668' title='bbox 2159 4331 2464 4400; x_wconf 86' lang='lat' dir='ltr'><strong>imperarit.</strong></span> <span class='ocrx_word' id='word_1_669' title='bbox 2500 4328 2598 4384; x_wconf 84' lang='lat' dir='ltr'><strong>Hic</strong></span> <span class='ocrx_word' id='word_1_670' title='bbox 2628 4329 2797 4400; x_wconf 87' lang='lat' dir='ltr'><strong>igitur</strong></span> <span class='ocrx_word' id='word_1_671' title='bbox 2826 4331 3180 4392; x_wconf 90' lang='lat' dir='ltr'><strong>constitutus,</strong></span> <span class='ocrx_word' id='word_1_672' title='bbox 3222 4331 3337 4400; x_wconf 83' lang='lat' dir='ltr'><strong>ipse</strong></span> <span class='ocrx_word' id='word_1_673' title='bbox 3365 4329 3493 4399; x_wconf 88' lang='lat' dir='ltr'><strong>qui-</strong></span> 
     </span>
    </p>
   </div>
   <div class='ocr_carea' id='block_1_89' title="bbox 1918 4420 3487 4492">
    <p class='ocr_par' dir='ltr' id='par_1_89' title="bbox 1918 4420 3487 4492">
     <span class='ocr_line' id='line_1_89' title="bbox 1918 4420 3487 4492; baseline 0.001 -19"><span class='ocrx_word' id='word_1_674' title='bbox 1918 4420 2039 4474; x_wconf 92' lang='lat' dir='ltr'><strong>dem</strong></span> <span class='ocrx_word' id='word_1_675' title='bbox 2076 4436 2172 4492; x_wconf 91' lang='lat' dir='ltr'><strong>per</strong></span> <span class='ocrx_word' id='word_1_676' title='bbox 2215 4420 2511 4483; x_wconf 76' lang='lat' dir='ltr'><strong>fenestram</strong></span> <span class='ocrx_word' id='word_1_677' title='bbox 2548 4422 2680 4475; x_wconf 83' lang='lat' dir='ltr'><strong>exit.</strong></span> <span class='ocrx_word' id='word_1_678' title='bbox 2717 4420 3002 4492; x_wconf 72' lang='lat' dir='ltr'><strong>Signiﬁcat</strong></span> <span class='ocrx_word' id='word_1_679' title='bbox 3031 4428 3214 4475; x_wconf 89' lang='lat' dir='ltr'><strong>autem</strong></span> <span class='ocrx_word' id='word_1_680' title='bbox 3247 4420 3487 4475; x_wconf 77' lang='lat' dir='ltr'><strong>fenestra</strong></span> 
     </span>
    </p>
   </div>
   <div class='ocr_carea' id='block_1_90' title="bbox 1920 4512 3488 4583">
    <p class='ocr_par' dir='ltr' id='par_1_90' title="bbox 1920 4512 3488 4583">
     <span class='ocr_line' id='line_1_90' title="bbox 1920 4512 3488 4583; baseline 0.001 -16"><span class='ocrx_word' id='word_1_681' title='bbox 1920 4513 2151 4567; x_wconf 89' lang='lat' dir='ltr'><strong>reditum</strong></span> <span class='ocrx_word' id='word_1_682' title='bbox 2185 4512 2237 4565; x_wconf 91' lang='lat' dir='ltr'><strong>in</strong></span> <span class='ocrx_word' id='word_1_683' title='bbox 2274 4512 2448 4575; x_wconf 88' lang='lat' dir='ltr'><strong>lucem</strong></span> <span class='ocrx_word' id='word_1_684' title='bbox 2478 4512 2620 4583; x_wconf 86' lang='lat' dir='ltr'><strong>ejus,</strong></span> <span class='ocrx_word' id='word_1_685' title='bbox 2663 4513 2757 4583; x_wconf 89' lang='lat' dir='ltr'><strong>qui</strong></span> <span class='ocrx_word' id='word_1_686' title='bbox 2812 4514 3052 4582; x_wconf 91' lang='lat' dir='ltr'><strong>seipsum</strong></span> <span class='ocrx_word' id='word_1_687' title='bbox 3088 4513 3401 4568; x_wconf 88' lang='lat' dir='ltr'><strong>sedentibus</strong></span> <span class='ocrx_word' id='word_1_688' title='bbox 3432 4514 3488 4568; x_wconf 91' lang='lat' dir='ltr'><strong>in</strong></span> 
     </span>
    </p>
   </div>
   <div class='ocr_carea' id='block_1_91' title="bbox 236 4601 1834 4683">
    <p class='ocr_par' dir='ltr' id='par_1_91' title="bbox 236 4609 1815 4683">
     <span class='ocr_line' id='line_1_91' title="bbox 236 4609 1815 4683; baseline -0.004 -16"><span class='ocrx_word' id='word_1_689' title='bbox 236 4612 437 4671; x_wconf 75' lang='grc' dir='ltr'>ἑαυτὸν</span> <span class='ocrx_word' id='word_1_690' title='bbox 468 4615 577 4677; x_wconf 82' lang='grc' dir='ltr'>τοῖς</span> <span class='ocrx_word' id='word_1_691' title='bbox 611 4614 669 4666; x_wconf 80' lang='grc' dir='ltr'><strong>ἐν</strong></span> <span class='ocrx_word' id='word_1_692' title='bbox 700 4612 877 4667; x_wconf 84' lang='grc' dir='ltr'>σκότει</span> <span class='ocrx_word' id='word_1_693' title='bbox 927 4613 1021 4665; x_wconf 75' lang='grc' dir='ltr'>καὶ</span> <span class='ocrx_word' id='word_1_694' title='bbox 1052 4612 1180 4683; x_wconf 82' lang='grc' dir='ltr'>σκιᾷ</span> <span class='ocrx_word' id='word_1_695' title='bbox 1216 4610 1447 4666; x_wconf 86' lang='grc' dir='ltr'>θανάτου</span> <span class='ocrx_word' id='word_1_696' title='bbox 1487 4609 1815 4680; x_wconf 83' lang='grc' dir='ltr'>καθημένοις</span> 
     </span>
    </p>
   </div>
   <div class='ocr_carea' id='block_1_92' title="bbox 1940 4601 3489 4683">
    <p class='ocr_par' dir='ltr' id='par_1_92' title="bbox 1942 4601 3489 4670">
     <span class='ocr_line' id='line_1_92' title="bbox 1942 4601 3489 4670; baseline 0 -14"><span class='ocrx_word' id='word_1_697' title='bbox 1942 4603 2159 4658; x_wconf 91' lang='lat' dir='ltr'><strong>enebris</strong></span> <span class='ocrx_word' id='word_1_698' title='bbox 2187 4610 2242 4656; x_wconf 91' lang='lat' dir='ltr'><strong>et</strong></span> <span class='ocrx_word' id='word_1_699' title='bbox 2274 4602 2466 4656; x_wconf 89' lang='lat' dir='ltr'><strong>umbra</strong></span> <span class='ocrx_word' id='word_1_700' title='bbox 2498 4604 2689 4658; x_wconf 92' lang='lat' dir='ltr'><strong>mortis</strong></span> <span class='ocrx_word' id='word_1_701' title='bbox 2709 4601 3064 4657; x_wconf 87' lang='lat' dir='ltr'><strong>ostenderat:</strong></span> <span class='ocrx_word' id='word_1_702' title='bbox 3096 4601 3489 4670; x_wconf 86' lang='lat' dir='ltr'><strong>atcenotaphia</strong></span> 
     </span>
    </p>
   </div>
   <div class='ocr_carea' id='block_1_93' title="bbox 232 4700 1814 4774">
    <p class='ocr_par' dir='ltr' id='par_1_93' title="bbox 232 4700 1814 4774">
     <span class='ocr_line' id='line_1_93' title="bbox 232 4700 1814 4774; baseline -0.004 -15"><span class='ocrx_word' id='word_1_703' title='bbox 232 4705 539 4771; x_wconf 79' lang='grc' dir='ltr'>δείξαντος.</span> <span class='ocrx_word' id='word_1_704' title='bbox 579 4703 661 4757; x_wconf 89' lang='lat' dir='ltr'><em>T6</em></span> <span class='ocrx_word' id='word_1_705' title='bbox 703 4704 760 4757; x_wconf 83' lang='grc' dir='ltr'>δὲ</span> <span class='ocrx_word' id='word_1_706' title='bbox 807 4706 1101 4774; x_wconf 84' lang='grc' dir='ltr'>κενοτάφια</span> <span class='ocrx_word' id='word_1_707' title='bbox 1142 4700 1305 4755; x_wconf 78' lang='grc' dir='ltr'>αὐτοῦ</span> <span class='ocrx_word' id='word_1_708' title='bbox 1355 4702 1446 4754; x_wconf 76' lang='grc' dir='ltr'><strong>ἐπὶ</strong></span> <span class='ocrx_word' id='word_1_709' title='bbox 1483 4701 1582 4771; x_wconf 83' lang='grc' dir='ltr'><strong>τῆς</strong></span> <span class='ocrx_word' id='word_1_710' title='bbox 1627 4701 1814 4772; x_wconf 85' lang='grc' dir='ltr'>κλίνης</span> 
     </span>
    </p>
   </div>
   <div class='ocr_carea' id='block_1_94' title="bbox 232 4792 1814 4868">
    <p class='ocr_par' dir='ltr' id='par_1_94' title="bbox 232 4792 1814 4868">
     <span class='ocr_line' id='line_1_94' title="bbox 232 4792 1814 4868; baseline -0.004 -16"><span class='ocrx_word' id='word_1_711' title='bbox 232 4799 459 4868; x_wconf 80' lang='grc' dir='ltr'><strong>ὁρᾶται.</strong></span> <span class='ocrx_word' id='word_1_712' title='bbox 487 4796 628 4866; x_wconf 75' lang='grc' dir='ltr'>Φησὶ</span> <span class='ocrx_word' id='word_1_713' title='bbox 672 4796 769 4866; x_wconf 77' lang='grc' dir='ltr'><strong>(ἀρ</strong></span> <span class='ocrx_word' id='word_1_714' title='bbox 802 4796 894 4849; x_wconf 76' lang='grc' dir='ltr'>καὶ</span> <span class='ocrx_word' id='word_1_715' title='bbox 922 4798 950 4849; x_wconf 91' lang='lat'><strong>6</strong></span> <span class='ocrx_word' id='word_1_716' title='bbox 978 4794 1207 4867; x_wconf 79' lang='grc' dir='ltr'>ἄγγελος</span> <span class='ocrx_word' id='word_1_717' title='bbox 1232 4796 1346 4858; x_wconf 89' lang='grc' dir='ltr'>τοῖς</span> <span class='ocrx_word' id='word_1_718' title='bbox 1372 4794 1429 4847; x_wconf 85' lang='grc' dir='ltr'><strong>ὲν</strong></span> <span class='ocrx_word' id='word_1_719' title='bbox 1459 4792 1536 4864; x_wconf 84' lang='grc' dir='ltr'>τῷ</span> <span class='ocrx_word' id='word_1_720' title='bbox 1571 4794 1814 4864; x_wconf 84' lang='grc' dir='ltr'>μνήματι</span> 
     </span>
    </p>
   </div>
   <div class='ocr_carea' id='block_1_95' title="bbox 234 4885 1810 4962">
    <p class='ocr_par' dir='ltr' id='par_1_95' title="bbox 234 4885 1810 4962">
     <span class='ocr_line' id='line_1_95' title="bbox 234 4885 1810 4962; baseline -0.004 -17"><span class='ocrx_word' id='word_1_721' title='bbox 234 4891 466 4961; x_wconf 77' lang='grc' dir='ltr'>ζητοῦσι</span> <span class='ocrx_word' id='word_1_722' title='bbox 517 4890 604 4944; x_wconf 84' lang='grc' dir='ltr'><strong>τὸν</strong></span> <span class='ocrx_word' id='word_1_723' title='bbox 656 4890 882 4962; x_wconf 69' lang='grc' dir='ltr'><strong>Κύριον*</strong></span> <span class='ocrx_word' id='word_1_724' title='bbox 924 4908 942 4941; x_wconf 83' lang='lat' dir='ltr'><strong>t</strong></span> <span class='ocrx_word' id='word_1_725' title='bbox 976 4890 1040 4942; x_wconf 77' lang='grc' dir='ltr'>Τί</span> <span class='ocrx_word' id='word_1_726' title='bbox 1072 4889 1283 4959; x_wconf 80' lang='grc' dir='ltr'>ζητεῖτε</span> <span class='ocrx_word' id='word_1_727' title='bbox 1318 4888 1410 4941; x_wconf 83' lang='grc' dir='ltr'><strong>τὸν</strong></span> <span class='ocrx_word' id='word_1_728' title='bbox 1456 4886 1633 4951; x_wconf 78' lang='grc' dir='ltr'>ζῶντα</span> <span class='ocrx_word' id='word_1_729' title='bbox 1669 4885 1810 4957; x_wconf 80' lang='grc' dir='ltr'>μετὰ</span> 
     </span>
    </p>
   </div>
   <div class='ocr_carea' id='block_1_96' title="bbox 232 4973 1815 5052">
    <p class='ocr_par' dir='ltr' id='par_1_96' title="bbox 232 4973 1815 5052">
     <span class='ocr_line' id='line_1_96' title="bbox 232 4973 1815 5052; baseline -0.004 -15"><span class='ocrx_word' id='word_1_730' title='bbox 232 4984 347 5037; x_wconf 78' lang='grc' dir='ltr'>τῶν</span> <span class='ocrx_word' id='word_1_731' title='bbox 377 4984 615 5052; x_wconf 84' lang='grc' dir='ltr'>νεκρῶν;</span> <span class='ocrx_word' id='word_1_732' title='bbox 648 4983 746 5037; x_wconf 81' lang='grc' dir='ltr'>οὐκ</span> <span class='ocrx_word' id='word_1_733' title='bbox 777 4981 924 5037; x_wconf 74' lang='grc' dir='ltr'>ἔστιν</span> <span class='ocrx_word' id='word_1_734' title='bbox 952 4973 1076 5043; x_wconf 89' lang='grc' dir='ltr'>ὧδε,</span> <span class='ocrx_word' id='word_1_735' title='bbox 1104 4979 1333 5051; x_wconf 79' lang='grc' dir='ltr'>ἠγέρθη.</span> <span class='ocrx_word' id='word_1_736' title='bbox 1365 4979 1470 5031; x_wconf 83' lang='grc' dir='ltr'>Ἴδε</span> <span class='ocrx_word' id='word_1_737' title='bbox 1500 4981 1527 5032; x_wconf 91' lang='lat'><strong>6</strong></span> <span class='ocrx_word' id='word_1_738' title='bbox 1551 4979 1714 5041; x_wconf 87' lang='grc' dir='ltr'>τόπος</span> <span class='ocrx_word' id='word_1_739' title='bbox 1756 4978 1815 5031; x_wconf 78' lang='grc' dir='ltr'><strong>ὲν</strong></span> 
     </span>
    </p>
   </div>
   <div class='ocr_carea' id='block_1_97' title="bbox 223 5059 1813 5143">
    <p class='ocr_par' dir='ltr' id='par_1_97' title="bbox 223 5059 1813 5143">
     <span class='ocr_line' id='line_1_97' title="bbox 223 5059 1813 5143; baseline -0.004 -14"><span class='ocrx_word' id='word_1_740' title='bbox 306 5076 507 5129; x_wconf 66' lang='grc' dir='ltr'>ἔκειτο.</span> <span class='ocrx_word' id='word_1_741' title='bbox 546 5094 565 5128; x_wconf 78' lang='grc' dir='ltr'>ι</span> <span class='ocrx_word' id='word_1_742' title='bbox 598 5074 701 5131; x_wconf 81' lang='grc' dir='ltr'><strong>Τὸν</strong></span> <span class='ocrx_word' id='word_1_743' title='bbox 722 5074 913 5141; x_wconf 85' lang='grc' dir='ltr'>τάφον,</span> <span class='ocrx_word' id='word_1_744' title='bbox 937 5074 993 5125; x_wconf 83' lang='grc' dir='ltr'>ὲν</span> <span class='ocrx_word' id='word_1_745' title='bbox 1018 5065 1062 5139; x_wconf 81' lang='grc' dir='ltr'>ᾧ</span> <span class='ocrx_word' id='word_1_746' title='bbox 1088 5072 1283 5143; x_wconf 77' lang='grc' dir='ltr'>ἐτάφη,</span> <span class='ocrx_word' id='word_1_747' title='bbox 1313 5072 1420 5125; x_wconf 81' lang='grc' dir='ltr'>ἴδον</span> <span class='ocrx_word' id='word_1_748' title='bbox 1448 5073 1495 5124; x_wconf 78' lang='grc' dir='ltr'><strong>οἱ</strong></span> <span class='ocrx_word' id='word_1_749' title='bbox 1526 5070 1813 5140; x_wconf 81' lang='grc' dir='ltr'>ζητοῦντες</span> 
     </span>
    </p>
   </div>
   <div class='ocr_carea' id='block_1_98' title="bbox 232 5164 1813 5239">
    <p class='ocr_par' dir='ltr' id='par_1_98' title="bbox 232 5164 1813 5239">
     <span class='ocr_line' id='line_1_98' title="bbox 232 5164 1813 5239; baseline -0.003 -17"><span class='ocrx_word' id='word_1_750' title='bbox 232 5169 331 5222; x_wconf 72' lang='grc' dir='ltr'><strong>τὸν</strong></span> <span class='ocrx_word' id='word_1_751' title='bbox 378 5167 605 5239; x_wconf 79' lang='grc' dir='ltr'>Κύριον,</span> <span class='ocrx_word' id='word_1_752' title='bbox 640 5166 794 5221; x_wconf 78' lang='grc' dir='ltr'>κενὸν</span> <span class='ocrx_word' id='word_1_753' title='bbox 826 5164 920 5220; x_wconf 90' lang='grc' dir='ltr'>τοῦ</span> <span class='ocrx_word' id='word_1_754' title='bbox 964 5164 1296 5235; x_wconf 79' lang='grc' dir='ltr'>ζητουμένου</span> <span class='ocrx_word' id='word_1_755' title='bbox 1343 5166 1611 5235; x_wconf 84' lang='grc' dir='ltr'>σώματος.</span> <span class='ocrx_word' id='word_1_756' title='bbox 1658 5164 1813 5218; x_wconf 88' lang='grc' dir='ltr'>Μόνα</span> 
     </span>
    </p>
   </div>
   <div class='ocr_carea' id='block_1_99' title="bbox 230 5255 1811 5330">
    <p class='ocr_par' dir='ltr' id='par_1_99' title="bbox 230 5255 1811 5330">
     <span class='ocr_line' id='line_1_99' title="bbox 230 5255 1811 5330; baseline -0.003 -16"><span class='ocrx_word' id='word_1_757' title='bbox 230 5260 292 5314; x_wconf 86' lang='grc' dir='ltr'>δὲ</span> <span class='ocrx_word' id='word_1_758' title='bbox 327 5255 395 5330; x_wconf 80' lang='grc' dir='ltr'><strong>ἦν</strong></span> <span class='ocrx_word' id='word_1_759' title='bbox 425 5261 482 5311; x_wconf 77' lang='grc' dir='ltr'><strong>ἐν</strong></span> <span class='ocrx_word' id='word_1_760' title='bbox 513 5257 659 5328; x_wconf 75' lang='grc' dir='ltr'>αὐτῷ</span> <span class='ocrx_word' id='word_1_761' title='bbox 687 5256 757 5309; x_wconf 85' lang='grc' dir='ltr'><strong>τὰ</strong></span> <span class='ocrx_word' id='word_1_762' title='bbox 787 5257 1033 5324; x_wconf 71' lang='grc' dir='ltr'>ἐντάφια.</span> <span class='ocrx_word' id='word_1_763' title='bbox 1067 5256 1273 5309; x_wconf 71' lang='grc' dir='ltr'>Οὐκοῦν</span> <span class='ocrx_word' id='word_1_764' title='bbox 1319 5256 1567 5326; x_wconf 85' lang='grc' dir='ltr'>νοοῦμεν,</span> <span class='ocrx_word' id='word_1_765' title='bbox 1598 5256 1679 5309; x_wconf 83' lang='grc' dir='ltr'>ὃτι</span> <span class='ocrx_word' id='word_1_766' title='bbox 1710 5255 1811 5327; x_wconf 80' lang='grc' dir='ltr'><strong>τὴν</strong></span> 
     </span>
    </p>
   </div>
   <div class='ocr_carea' id='block_1_100' title="bbox 233 5348 1807 5420">
    <p class='ocr_par' dir='ltr' id='par_1_100' title="bbox 233 5348 1807 5420">
     <span class='ocr_line' id='line_1_100' title="bbox 233 5348 1807 5420; baseline -0.002 -16"><span class='ocrx_word' id='word_1_767' title='bbox 233 5349 535 5405; x_wconf 85' lang='grc' dir='ltr'>ἀνάστασιν</span> <span class='ocrx_word' id='word_1_768' title='bbox 568 5349 662 5403; x_wconf 89' lang='grc' dir='ltr'><strong>τοῦ</strong></span> <span class='ocrx_word' id='word_1_769' title='bbox 701 5350 907 5420; x_wconf 82' lang='grc' dir='ltr'>Κυρίου</span> <span class='ocrx_word' id='word_1_770' title='bbox 940 5350 1191 5420; x_wconf 86' lang='grc' dir='ltr'>σημαίνει</span> <span class='ocrx_word' id='word_1_771' title='bbox 1235 5348 1330 5420; x_wconf 80' lang='grc' dir='ltr'><strong>τὴν</strong></span> <span class='ocrx_word' id='word_1_772' title='bbox 1369 5350 1461 5402; x_wconf 78' lang='grc' dir='ltr'><strong>ἐπὶ</strong></span> <span class='ocrx_word' id='word_1_773' title='bbox 1498 5348 1592 5401; x_wconf 91' lang='grc' dir='ltr'><strong>τοῦ</strong></span> <span class='ocrx_word' id='word_1_774' title='bbox 1636 5349 1807 5419; x_wconf 84' lang='grc' dir='ltr'>τάφου</span> 
     </span>
    </p>
   </div>
   <div class='ocr_carea' id='block_1_101' title="bbox 230 5434 1807 5514">
    <p class='ocr_par' dir='ltr' id='par_1_101' title="bbox 230 5434 1807 5514">
     <span class='ocr_line' id='line_1_101' title="bbox 230 5434 1807 5514; baseline 0.001 -20"><span class='ocrx_word' id='word_1_775' title='bbox 230 5442 306 5495; x_wconf 88' lang='lat'><strong>:6</strong></span> <span class='ocrx_word' id='word_1_776' title='bbox 335 5443 430 5494; x_wconf 74' lang='grc' dir='ltr'><strong>ἐπὶ</strong></span> <span class='ocrx_word' id='word_1_777' title='bbox 460 5442 562 5511; x_wconf 78' lang='grc' dir='ltr'>τῆς</span> <span class='ocrx_word' id='word_1_778' title='bbox 582 5442 770 5514; x_wconf 88' lang='grc' dir='ltr'>κλίνης</span> <span class='ocrx_word' id='word_1_779' title='bbox 790 5442 886 5497; x_wconf 91' lang='grc' dir='ltr'>τοῦ</span> <span class='ocrx_word' id='word_1_780' title='bbox 915 5442 1078 5495; x_wconf 75' lang='grc' dir='ltr'>Δαὸὶδ</span> <span class='ocrx_word' id='word_1_781' title='bbox 1111 5442 1424 5510; x_wconf 86' lang='grc' dir='ltr'>κενοτάφια,</span> <span class='ocrx_word' id='word_1_782' title='bbox 1456 5441 1522 5495; x_wconf 83' lang='grc' dir='ltr'>δι’</span> <span class='ocrx_word' id='word_1_783' title='bbox 1555 5434 1630 5494; x_wconf 83' lang='grc' dir='ltr'><strong>ὧν</strong></span> <span class='ocrx_word' id='word_1_784' title='bbox 1663 5441 1807 5509; x_wconf 86' lang='grc' dir='ltr'>γίνε-</span> 
     </span>
    </p>
   </div>
   <div class='ocr_carea' id='block_1_102' title="bbox 230 5534 1730 5607">
    <p class='ocr_par' dir='ltr' id='par_1_102' title="bbox 230 5534 1730 5607">
     <span class='ocr_line' id='line_1_102' title="bbox 230 5534 1730 5607; baseline -0.001 -20"><span class='ocrx_word' id='word_1_785' title='bbox 230 5551 326 5587; x_wconf 85' lang='grc' dir='ltr'>ται</span> <span class='ocrx_word' id='word_1_786' title='bbox 355 5536 385 5588; x_wconf 93' lang='lat'><strong>6</strong></span> <span class='ocrx_word' id='word_1_787' title='bbox 418 5534 670 5605; x_wconf 80' lang='grc' dir='ltr'>ἀληθινὸς</span> <span class='ocrx_word' id='word_1_788' title='bbox 694 5536 787 5590; x_wconf 89' lang='grc' dir='ltr'><strong>τοῦ</strong></span> <span class='ocrx_word' id='word_1_789' title='bbox 818 5535 1044 5591; x_wconf 86' lang='grc' dir='ltr'>θανάτου</span> <span class='ocrx_word' id='word_1_790' title='bbox 1074 5535 1230 5607; x_wconf 79' lang='grc' dir='ltr'>ἡμῶν</span> <span class='ocrx_word' id='word_1_791' title='bbox 1261 5535 1730 5607; x_wconf 81' lang='grc' dir='ltr'>άποτροπιασμός.</span> 
     </span>
    </p>
   </div>
   <div class='ocr_carea' id='block_1_103' title="bbox 303 5696 1799 5769">
    <p class='ocr_par' dir='ltr' id='par_1_103' title="bbox 303 5696 1799 5769">
     <span class='ocr_line' id='line_1_103' title="bbox 303 5696 1799 5769; baseline -0.001 -18"><span class='ocrx_word' id='word_1_792' title='bbox 303 5696 415 5751; x_wconf 87' lang='grc' dir='ltr'>Τοῦ</span> <span class='ocrx_word' id='word_1_793' title='bbox 455 5696 513 5750; x_wconf 82' lang='grc' dir='ltr'>δὲ</span> <span class='ocrx_word' id='word_1_794' title='bbox 558 5696 853 5769; x_wconf 86' lang='grc' dir='ltr'>τρωθέντος</span> <span class='ocrx_word' id='word_1_795' title='bbox 883 5698 1057 5767; x_wconf 89' lang='grc' dir='ltr'>τοίχου</span> <span class='ocrx_word' id='word_1_796' title='bbox 1080 5738 1094 5762; x_wconf 93' lang='grc'><strong>,</strong></span> <span class='ocrx_word' id='word_1_797' title='bbox 1143 5698 1201 5751; x_wconf 83' lang='grc' dir='ltr'><strong>ὃν</strong></span> <span class='ocrx_word' id='word_1_798' title='bbox 1251 5699 1371 5753; x_wconf 72' lang='grc' dir='ltr'><strong>ἀντὶ</strong></span> <span class='ocrx_word' id='word_1_799' title='bbox 1409 5697 1502 5750; x_wconf 75' lang='grc' dir='ltr'>τοῦ</span> <span class='ocrx_word' id='word_1_800' title='bbox 1550 5696 1799 5769; x_wconf 87' lang='grc' dir='ltr'>σώματος</span> 
     </span>
    </p>
   </div>
   <div class='ocr_carea' id='block_1_104' title="bbox 309 5877 1314 5947">
    <p class='ocr_par' dir='ltr' id='par_1_104' title="bbox 309 5877 1314 5947">
     <span class='ocr_line' id='line_1_104' title="bbox 309 5877 1314 5947; baseline 0.002 -14"><span class='ocrx_word' id='word_1_801' title='bbox 309 5879 353 5911; x_wconf 78' lang='grc'><strong>³⁸</strong></span> <span class='ocrx_word' id='word_1_802' title='bbox 383 5878 541 5934; x_wconf 78' lang='lat' dir='ltr'><strong>Rom.</strong></span> <span class='ocrx_word' id='word_1_803' title='bbox 573 5895 626 5947; x_wconf 80' lang='grc' dir='ltr'><strong>ν,</strong></span> <span class='ocrx_word' id='word_1_804' title='bbox 662 5878 742 5932; x_wconf 77' lang='grc'><strong>14.</strong></span> <span class='ocrx_word' id='word_1_805' title='bbox 859 5880 902 5912; x_wconf 81' lang='grc'>¹⁸</span> <span class='ocrx_word' id='word_1_806' title='bbox 928 5877 1084 5934; x_wconf 80' lang='lat' dir='ltr'><strong>Rom.</strong></span> <span class='ocrx_word' id='word_1_807' title='bbox 1122 5895 1195 5942; x_wconf 81' lang='lat' dir='ltr'><strong>vi,</strong></span> <span class='ocrx_word' id='word_1_808' title='bbox 1229 5880 1314 5935; x_wconf 73' lang='lat' dir='ltr'><strong>i2.</strong></span> 
     </span>
    </p>
   </div>
   <div class='ocr_carea' id='block_1_105' title="bbox 1433 5877 1895 5945">
    <p class='ocr_par' dir='ltr' id='par_1_105' title="bbox 1433 5877 1895 5945">
     <span class='ocr_line' id='line_1_105' title="bbox 1433 5877 1895 5945; baseline 0.002 -13"><span class='ocrx_word' id='word_1_809' title='bbox 1433 5880 1475 5911; x_wconf 72' lang='lat'><em>“</em></span> <span class='ocrx_word' id='word_1_810' title='bbox 1502 5877 1667 5934; x_wconf 77' lang='lat' dir='ltr'><strong>Marc.</strong></span> <span class='ocrx_word' id='word_1_811' title='bbox 1707 5895 1818 5945; x_wconf 75' lang='lat' dir='ltr'><strong>xw,</strong></span> <span class='ocrx_word' id='word_1_812' title='bbox 1848 5881 1895 5933; x_wconf 81' lang='grc'><strong>6.</strong></span> 
     </span>
    </p>
   </div>
   <div class='ocr_carea' id='block_1_106' title="bbox 1918 4691 3489 4764">
    <p class='ocr_par' dir='ltr' id='par_1_106' title="bbox 1918 4691 3489 4764">
     <span class='ocr_line' id='line_1_106' title="bbox 1918 4691 3489 4764; baseline -0.003 -13"><span class='ocrx_word' id='word_1_813' title='bbox 1918 4704 1972 4751; x_wconf 91' lang='lat' dir='ltr'><strong>et</strong></span> <span class='ocrx_word' id='word_1_814' title='bbox 2010 4695 2305 4751; x_wconf 89' lang='lat' dir='ltr'><strong>simulacra</strong></span> <span class='ocrx_word' id='word_1_815' title='bbox 2336 4694 2756 4764; x_wconf 90' lang='lat' dir='ltr'><strong>conspiciuntur</strong></span> <span class='ocrx_word' id='word_1_816' title='bbox 2804 4694 2859 4747; x_wconf 91' lang='lat' dir='ltr'><strong>in</strong></span> <span class='ocrx_word' id='word_1_817' title='bbox 2911 4694 3030 4764; x_wconf 87' lang='lat' dir='ltr'><strong>ejus</strong></span> <span class='ocrx_word' id='word_1_818' title='bbox 3067 4695 3226 4749; x_wconf 91' lang='lat' dir='ltr'><strong>lecto.</strong></span> <span class='ocrx_word' id='word_1_819' title='bbox 3266 4691 3400 4747; x_wconf 88' lang='lat' dir='ltr'><strong>Nam</strong></span> <span class='ocrx_word' id='word_1_820' title='bbox 3432 4699 3489 4748; x_wconf 90' lang='lat' dir='ltr'><strong>et</strong></span> 
     </span>
    </p>
   </div>
   <div class='ocr_carea' id='block_1_107' title="bbox 1918 4784 3486 4858">
    <p class='ocr_par' dir='ltr' id='par_1_107' title="bbox 1918 4784 3486 4858">
     <span class='ocr_line' id='line_1_107' title="bbox 1918 4784 3486 4858; baseline 0.003 -18"><span class='ocrx_word' id='word_1_821' title='bbox 1918 4788 2145 4858; x_wconf 86' lang='lat' dir='ltr'><strong>angelus</strong></span> <span class='ocrx_word' id='word_1_822' title='bbox 2191 4785 2570 4857; x_wconf 66' lang='lat' dir='ltr'><strong>quaerentibus</strong></span> <span class='ocrx_word' id='word_1_823' title='bbox 2614 4784 2908 4840; x_wconf 88' lang='lat' dir='ltr'><strong>Dominum</strong></span> <span class='ocrx_word' id='word_1_824' title='bbox 2960 4788 3014 4841; x_wconf 89' lang='lat' dir='ltr'><strong>in</strong></span> <span class='ocrx_word' id='word_1_825' title='bbox 3067 4788 3317 4858; x_wconf 87' lang='lat' dir='ltr'><strong>sepulcro</strong></span> <span class='ocrx_word' id='word_1_826' title='bbox 3370 4788 3486 4845; x_wconf 84' lang='lat' dir='ltr'><strong>ait:</strong></span> 
     </span>
    </p>
   </div>
   <div class='ocr_carea' id='block_1_108' title="bbox 1924 4878 3487 4947">
    <p class='ocr_par' dir='ltr' id='par_1_108' title="bbox 1924 4878 3487 4947">
     <span class='ocr_line' id='line_1_108' title="bbox 1924 4878 3487 4947; baseline 0.002 -17"><span class='ocrx_word' id='word_1_827' title='bbox 1924 4898 1942 4930; x_wconf 76' lang='grc' dir='ltr'>ι</span> <span class='ocrx_word' id='word_1_828' title='bbox 1977 4879 2113 4945; x_wconf 85' lang='lat' dir='ltr'><strong>Quid</strong></span> <span class='ocrx_word' id='word_1_829' title='bbox 2149 4879 2394 4947; x_wconf 82' lang='lat' dir='ltr'><strong>quaeritis</strong></span> <span class='ocrx_word' id='word_1_830' title='bbox 2424 4878 2693 4932; x_wconf 88' lang='lat' dir='ltr'><strong>viventem</strong></span> <span class='ocrx_word' id='word_1_831' title='bbox 2736 4893 2861 4933; x_wconf 92' lang='lat' dir='ltr'><strong>cum</strong></span> <span class='ocrx_word' id='word_1_832' title='bbox 2919 4879 3187 4932; x_wconf 81' lang='lat' dir='ltr'><strong>mortuis?</strong></span> <span class='ocrx_word' id='word_1_833' title='bbox 3244 4894 3353 4933; x_wconf 91' lang='lat' dir='ltr'><strong>non</strong></span> <span class='ocrx_word' id='word_1_834' title='bbox 3399 4886 3487 4934; x_wconf 93' lang='lat' dir='ltr'><strong>est</strong></span> 
     </span>
    </p>
   </div>
   <div class='ocr_carea' id='block_1_109' title="bbox 1919 4966 3478 5036">
    <p class='ocr_par' dir='ltr' id='par_1_109' title="bbox 1919 4966 3478 5036">
     <span class='ocr_line' id='line_1_109' title="bbox 1919 4966 3478 5036; baseline 0.001 -15"><span class='ocrx_word' id='word_1_835' title='bbox 1919 4967 2035 5033; x_wconf 85' lang='lat' dir='ltr'><strong>hic;</strong></span> <span class='ocrx_word' id='word_1_836' title='bbox 2079 4966 2321 5021; x_wconf 83' lang='lat' dir='ltr'><strong>surrexit</strong></span> <span class='ocrx_word' id='word_1_837' title='bbox 2362 4984 2376 5020; x_wconf 89' lang='lat'><strong>:</strong></span> <span class='ocrx_word' id='word_1_838' title='bbox 2430 4980 2561 5021; x_wconf 89' lang='lat' dir='ltr'><strong>ecce</strong></span> <span class='ocrx_word' id='word_1_839' title='bbox 2606 4966 2761 5021; x_wconf 90' lang='lat' dir='ltr'><strong>locus</strong></span> <span class='ocrx_word' id='word_1_840' title='bbox 2820 4968 2872 5021; x_wconf 91' lang='lat' dir='ltr'><strong>in</strong></span> <span class='ocrx_word' id='word_1_841' title='bbox 2928 4982 3036 5036; x_wconf 91' lang='lat' dir='ltr'><strong>quo</strong></span> <span class='ocrx_word' id='word_1_842' title='bbox 3088 4967 3303 5036; x_wconf 90' lang='lat' dir='ltr'><strong>jacebat</strong></span> <span class='ocrx_word' id='word_1_843' title='bbox 3333 4968 3420 5022; x_wconf 74' lang='lat' dir='ltr'>“z</span> <span class='ocrx_word' id='word_1_844' title='bbox 3458 4986 3478 5021; x_wconf 75' lang='grc' dir='ltr'><strong>ι</strong></span> 
     </span>
    </p>
   </div>
   <div class='ocr_carea' id='block_1_110' title="bbox 1918 5059 3481 5131">
    <p class='ocr_par' dir='ltr' id='par_1_110' title="bbox 1918 5059 3481 5131">
     <span class='ocr_line' id='line_1_110' title="bbox 1918 5059 3481 5131; baseline 0 -17"><span class='ocrx_word' id='word_1_845' title='bbox 1918 5074 2046 5116; x_wconf 86' lang='lat' dir='ltr'><strong>ecce</strong></span> <span class='ocrx_word' id='word_1_846' title='bbox 2109 5061 2443 5129; x_wconf 89' lang='lat' dir='ltr'><strong>sepulcrum,</strong></span> <span class='ocrx_word' id='word_1_847' title='bbox 2484 5059 2539 5114; x_wconf 90' lang='lat' dir='ltr'><strong>in</strong></span> <span class='ocrx_word' id='word_1_848' title='bbox 2595 5076 2703 5131; x_wconf 94' lang='lat' dir='ltr'><strong>quo</strong></span> <span class='ocrx_word' id='word_1_849' title='bbox 2746 5060 2993 5131; x_wconf 88' lang='lat' dir='ltr'><strong>sepultus</strong></span> <span class='ocrx_word' id='word_1_850' title='bbox 3022 5068 3161 5115; x_wconf 91' lang='lat' dir='ltr'><strong>erat.</strong></span> <span class='ocrx_word' id='word_1_851' title='bbox 3194 5059 3481 5127; x_wconf 81' lang='lat' dir='ltr'><strong>Viderunt,</strong></span> 
     </span>
    </p>
   </div>
   <div class='ocr_carea' id='block_1_111' title="bbox 1915 5150 3485 5222">
    <p class='ocr_par' dir='ltr' id='par_1_111' title="bbox 1915 5150 3485 5222">
     <span class='ocr_line' id='line_1_111' title="bbox 1915 5150 3485 5222; baseline 0.001 -19"><span class='ocrx_word' id='word_1_852' title='bbox 1915 5152 2007 5222; x_wconf 90' lang='lat' dir='ltr'><strong>qui</strong></span> <span class='ocrx_word' id='word_1_853' title='bbox 2059 5150 2373 5219; x_wconf 69' lang='lat' dir='ltr'><strong>quazrebant</strong></span> <span class='ocrx_word' id='word_1_854' title='bbox 2432 5150 2764 5219; x_wconf 85' lang='lat' dir='ltr'><strong>sepulcrum,</strong></span> <span class='ocrx_word' id='word_1_855' title='bbox 2820 5150 2914 5205; x_wconf 91' lang='lat' dir='ltr'><strong>sed</strong></span> <span class='ocrx_word' id='word_1_856' title='bbox 2964 5166 3196 5206; x_wconf 90' lang='lat' dir='ltr'><strong>vacuum</strong></span> <span class='ocrx_word' id='word_1_857' title='bbox 3256 5165 3485 5219; x_wconf 89' lang='lat' dir='ltr'><strong>corpore</strong></span> 
     </span>
    </p>
   </div>
   <div class='ocr_carea' id='block_1_112' title="bbox 1914 5241 3483 5313">
    <p class='ocr_par' dir='ltr' id='par_1_112' title="bbox 1914 5241 3483 5313">
     <span class='ocr_line' id='line_1_112' title="bbox 1914 5241 3483 5313; baseline -0.001 -18"><span class='ocrx_word' id='word_1_858' title='bbox 1914 5241 2059 5313; x_wconf 90' lang='lat' dir='ltr'><strong>quod</strong></span> <span class='ocrx_word' id='word_1_859' title='bbox 2085 5242 2399 5313; x_wconf 60' lang='lat' dir='ltr'><strong>quarebant</strong></span> <span class='ocrx_word' id='word_1_860' title='bbox 2432 5258 2446 5295; x_wconf 89' lang='lat'><strong>:</strong></span> <span class='ocrx_word' id='word_1_861' title='bbox 2473 5242 2588 5296; x_wconf 88' lang='lat' dir='ltr'><strong>sola</strong></span> <span class='ocrx_word' id='word_1_862' title='bbox 2611 5248 2789 5295; x_wconf 89' lang='lat' dir='ltr'><strong>autem</strong></span> <span class='ocrx_word' id='word_1_863' title='bbox 2820 5243 3143 5311; x_wconf 89' lang='lat' dir='ltr'><strong>sepulcralia</strong></span> <span class='ocrx_word' id='word_1_864' title='bbox 3167 5241 3483 5295; x_wconf 83' lang='lat' dir='ltr'><strong>linteamina</strong></span> 
     </span>
    </p>
   </div>
   <div class='ocr_carea' id='block_1_113' title="bbox 1915 5332 3481 5407">
    <p class='ocr_par' dir='ltr' id='par_1_113' title="bbox 1915 5332 3481 5407">
     <span class='ocr_line' id='line_1_113' title="bbox 1915 5332 3481 5407; baseline -0.003 -18"><span class='ocrx_word' id='word_1_865' title='bbox 1915 5334 2325 5407; x_wconf 86' lang='lat' dir='ltr'><strong>comparebant.</strong></span> <span class='ocrx_word' id='word_1_866' title='bbox 2383 5333 2743 5402; x_wconf 83' lang='lat' dir='ltr'><strong>intelligimus</strong></span> <span class='ocrx_word' id='word_1_867' title='bbox 2788 5333 2953 5402; x_wconf 89' lang='lat' dir='ltr'><strong>igitur</strong></span> <span class='ocrx_word' id='word_1_868' title='bbox 3002 5333 3277 5387; x_wconf 78' lang='lat' dir='ltr'><strong>funebrem</strong></span> <span class='ocrx_word' id='word_1_869' title='bbox 3327 5332 3481 5385; x_wconf 89' lang='lat' dir='ltr'><strong>illum</strong></span> 
     </span>
    </p>
   </div>
   <div class='ocr_carea' id='block_1_114' title="bbox 1914 5424 3483 5497">
    <p class='ocr_par' dir='ltr' id='par_1_114' title="bbox 1914 5424 3483 5497">
     <span class='ocr_line' id='line_1_114' title="bbox 1914 5424 3483 5497; baseline -0.004 -14"><span class='ocrx_word' id='word_1_870' title='bbox 1914 5429 1967 5483; x_wconf 89' lang='lat' dir='ltr'><strong>in</strong></span> <span class='ocrx_word' id='word_1_871' title='bbox 2003 5429 2142 5482; x_wconf 84' lang='lat' dir='ltr'><strong>lecto</strong></span> <span class='ocrx_word' id='word_1_872' title='bbox 2174 5425 2392 5481; x_wconf 86' lang='lat' dir='ltr'><strong>Davidis</strong></span> <span class='ocrx_word' id='word_1_873' title='bbox 2416 5434 2760 5497; x_wconf 87' lang='lat' dir='ltr'><strong>apparatum,</strong></span> <span class='ocrx_word' id='word_1_874' title='bbox 2786 5425 3094 5495; x_wconf 76' lang='lat' dir='ltr'><strong>significare</strong></span> <span class='ocrx_word' id='word_1_875' title='bbox 3124 5424 3483 5478; x_wconf 56' lang='lat' dir='ltr'><strong>resurrectio.</strong></span> 
     </span>
    </p>
   </div>
   <div class='ocr_carea' id='block_1_115' title="bbox 1912 5513 3478 5587">
    <p class='ocr_par' dir='ltr' id='par_1_115' title="bbox 1912 5513 3478 5587">
     <span class='ocr_line' id='line_1_115' title="bbox 1912 5513 3478 5587; baseline -0.003 -15"><span class='ocrx_word' id='word_1_876' title='bbox 1912 5534 2034 5572; x_wconf 90' lang='lat' dir='ltr'><strong>nem</strong></span> <span class='ocrx_word' id='word_1_877' title='bbox 2068 5533 2131 5572; x_wconf 78' lang='lat' dir='ltr'><strong>ex</strong></span> <span class='ocrx_word' id='word_1_878' title='bbox 2175 5517 2429 5586; x_wconf 84' lang='lat' dir='ltr'><strong>sepulcro</strong></span> <span class='ocrx_word' id='word_1_879' title='bbox 2456 5535 2471 5584; x_wconf 90' lang='lat'><strong>;</strong></span> <span class='ocrx_word' id='word_1_880' title='bbox 2500 5517 2703 5587; x_wconf 89' lang='lat' dir='ltr'><strong>quibus</strong></span> <span class='ocrx_word' id='word_1_881' title='bbox 2734 5532 2858 5571; x_wconf 89' lang='lat' dir='ltr'><strong>vere</strong></span> <span class='ocrx_word' id='word_1_882' title='bbox 2886 5531 3031 5570; x_wconf 90' lang='lat' dir='ltr'><strong>mors</strong></span> <span class='ocrx_word' id='word_1_883' title='bbox 3056 5530 3086 5569; x_wconf 93' lang='lat' dir='ltr'><strong>a</strong></span> <span class='ocrx_word' id='word_1_884' title='bbox 3126 5513 3285 5569; x_wconf 88' lang='lat' dir='ltr'><strong>nobis</strong></span> <span class='ocrx_word' id='word_1_885' title='bbox 3316 5519 3478 5568; x_wconf 80' lang='lat' dir='ltr'><strong>aver-</strong></span> 
     </span>
    </p>
   </div>
   <div class='ocr_carea' id='block_1_116' title="bbox 1908 5607 2385 5677">
    <p class='ocr_par' dir='ltr' id='par_1_116' title="bbox 1908 5607 2385 5677">
     <span class='ocr_line' id='line_1_116' title="bbox 1908 5607 2385 5677; baseline -0.006 -13"><span class='ocrx_word' id='word_1_886' title='bbox 1908 5610 2043 5664; x_wconf 90' lang='lat' dir='ltr'><strong>titur</strong></span> <span class='ocrx_word' id='word_1_887' title='bbox 2065 5616 2117 5663; x_wconf 91' lang='lat' dir='ltr'><strong>et</strong></span> <span class='ocrx_word' id='word_1_888' title='bbox 2150 5607 2385 5677; x_wconf 83' lang='lat' dir='ltr'><strong>fugatur.</strong></span> 
     </span>
    </p>
   </div>
   <div class='ocr_carea' id='block_1_117' title="bbox 1978 5698 3479 5771">
    <p class='ocr_par' dir='ltr' id='par_1_117' title="bbox 1978 5698 3479 5771">
     <span class='ocr_line' id='line_1_117' title="bbox 1978 5698 3479 5771; baseline -0.002 -18"><span class='ocrx_word' id='word_1_889' title='bbox 1978 5698 2147 5757; x_wconf 85' lang='lat' dir='ltr'><strong>Venio</strong></span> <span class='ocrx_word' id='word_1_890' title='bbox 2194 5698 2260 5754; x_wconf 88' lang='lat' dir='ltr'><strong>ad</strong></span> <span class='ocrx_word' id='word_1_891' title='bbox 2302 5699 2647 5754; x_wconf 86' lang='lat' dir='ltr'><strong>vulneratum</strong></span> <span class='ocrx_word' id='word_1_892' title='bbox 2695 5707 2978 5771; x_wconf 81' lang='lat' dir='ltr'><strong>parietem,</strong></span> <span class='ocrx_word' id='word_1_893' title='bbox 3010 5711 3167 5768; x_wconf 90' lang='lat' dir='ltr'><strong>quem</strong></span> <span class='ocrx_word' id='word_1_894' title='bbox 3212 5710 3312 5767; x_wconf 89' lang='lat' dir='ltr'><strong>pro</strong></span> <span class='ocrx_word' id='word_1_895' title='bbox 3352 5708 3479 5751; x_wconf 83' lang='lat' dir='ltr'><strong>cor-</strong></span> 
     </span>
    </p>
   </div>
  </div>
