4044 6502
491 517 600 574 605

1747 521 1804 577 s.
1833 487 2161 578 checonu
2218 519 2503 577 NYSSENI

3621 521 3724 577 604

496 653 626 708 pore
672 637 986 708 accipimus,
1027 639 1279 709 quamvis
1322 640 1606 714 sanguinis
1645 652 1944 714 expertem,
1983 661 2053 701 ne

2174 646 2470 717 ,voﬁcapev,
2501 637 2642 716 αἷμα
2667 642 2743 716 μὴ
2781 642 3014 715 ἔχοντος,
3046 644 3121 709 ὡς
3145 645 3211 699 ἂν
3235 645 3311 716 μὴ
3339 645 3446 716 ἄρα
3480 645 3723 720 λειφθείη

499 731 551 784 id
580 727 725 800 quod
757 727 992 782 maxime
1021 727 1088 782 ad
1121 731 1444 801 mysterium
1471 741 1839 803 Opportunum
1866 743 1972 802 est,
2005 742 2061 792 et

495 835 604 888 quo
651 817 919 888 redempti
953 834 1181 885 sumus,
1223 822 1549 892 sanguinem
1570 863 1586 888 ,
1619 824 1876 896 inquam,
1921 841 2061 897 prte-

396 959 404 965 .
497 918 793 970 tereamus,
829 906 920 962 hic
951 908 1007 963 in
1050 909 1160 964 illis
1199 909 1333 980 ipsis
1367 913 1714 984 cenotapbiis
1743 914 2056 984 reperitur:

496 1001 672 1055 solum
718 1001 863 1054 enim
907 1000 1080 1070 hepar
1131 1001 1276 1056 inter
1327 1004 1571 1059 membra
1609 1005 1893 1074 sanguinis
1936 1005 2062 1061 fons

496 1098 582 1145 est
611 1096 667 1145 et
705 1088 942 1155 oﬂicina,
986 1091 1106 1147 sine
1135 1107 1244 1162 quo
1290 1091 1404 1148 ﬁeri
1434 1095 1646 1164 nequit,
1674 1102 1736 1148 ut
1779 1095 2061 1166 sanguinis

495 1189 694 1237 natura
735 1183 1022 1239 subsistat.
1057 1180 1114 1237 Si
1149 1183 1315 1255 igitur
1351 1199 1416 1239 ex
1458 1184 1653 1256 hepate
1679 1187 1901 1256 sanguis
1932 1201 2062 1257 pro-

495 1273 640 1339 ﬂuit,
685 1275 853 1344 hepar
885 1284 1064 1330 autem
1118 1275 1260 1331 inter
1291 1276 1619 1346 cenotaphia
1665 1277 1958 1347 reperitur,
2005 1278 2064 1331 tit

499 1375 559 1420 ut
584 1380 762 1435 neque
816 1366 1042 1435 sanguis
1075 1365 1217 1422 desit
1245 1367 1317 1432 ei,
1352 1382 1474 1437 quae
1523 1369 1838 1422 mortalium
1876 1368 2062 1440 generi

497 1457 741 1520 obvenit,
771 1457 968 1511 mortis
1002 1455 1405 1528 proﬁigationi;
1456 1466 1512 1512 at
1553 1459 1768 1529 species
1811 1460 2062 1516 animalis

499 1546 682 1616 hujus,
725 1547 884 1616 cujus
934 1548 1102 1618 hepar
1148 1551 1463 1620 appositum
1517 1550 1641 1618 fuit,
1693 1550 1949 1621 deputata
1980 1558 2065 1606 est

435 1655 442 1664 λ
500 1639 904 1710 propitiatoriis
937 1641 1226 1698 sacriﬁciis
1251 1659 1349 1713 pro
1381 1645 1624 1715 peccatis
1647 1644 1710 1698 ¹⁵.
1741 1643 1926 1716 Neque
1960 1645 2065 1700 hoc

499 1731 698 1796 solum,
727 1731 822 1787 sed
851 1747 919 1786 ex
945 1732 1137 1788 eodem
1161 1749 1374 1805 'genere
1417 1737 1483 1791 ad
1522 1737 1735 1793 Pascha
1775 1737 2062 1793 celebran-

500 1821 657 1888 dum,
691 1823 894 1878 animal
921 1825 1194 1895 quoddam
1229 1827 1500 1897 scligitur,
1543 1829 1798 1900 idemque
1839 1829 2062 1894 animal,

502 1914 582 1966 ait
619 1911 820 1978 Moses,
855 1915 1170 1972 auferendis
1199 1918 1385 1988 populi
1429 1919 1668 1988 peccatis
1701 1918 2062 1983 destinatum,

2158 736 2220 790 τὸ
2243 735 2600 808 καιριώτατον
2629 735 2734 790 τῶν
2764 738 2843 800 εἰς
2874 736 2934 789 τὸ
2965 738 3261 808 μυστήριον
3298 738 3624 809 νοουμένων,
3653 740 3724 794 δι’

2158 820 2220 882 οὗ
2247 827 2520 900 ἐλυτρώθη
2529 845 2647 899 μεν,
2677 827 2740 882 τὸ
2762 823 2903 898 αἷμα
2926 826 3090 894 λέγω,
3113 827 3269 881 τοῦτο
3291 830 3473 899 ῥητοῖς
3501 846 3725 884 κενοτα-

2161 921 2304 991 φίοις
2335 920 2645 993 εὑρίσκεται
2671 937 2686 951 ·
2748 920 2906 991 μόνον
2941 920 3047 992 γὰρ
3080 922 3138 974 ἐν
3168 923 3281 985 τοῖς
3311 921 3637 992 σπλάγχνοις
3665 924 3726 977 τὸ

2158 1008 2311 1086 ἧπαρ
2364 1011 2593 1083 αἵματός
2637 1012 2753 1064 ἐστι
2791 1013 2940 1083 πηγὴ
2988 1029 3049 1065 τε
3097 1012 3192 1067 καὶ
3243 1013 3626 1085 ἐργαστήριον,
3663 1006 3725 1067 οὗ

2160 1106 2328 1179 χωρὶς
2359 1103 2618 1158 ἀδύνατόν
2648 1104 2765 1156 ἐστι
2799 1103 3057 1173 συστῆναι
3103 1103 3199 1174 τὴν
3234 1103 3396 1173 φύσιν
3427 1103 3521 1158 τοῦ
3560 1106 3728 1176 αἵμα-

2159 1213 2272 1260 τος.
2301 1196 2365 1249 Ei
2393 1189 2484 1248 οὖν
2513 1194 2579 1248 ἐκ
2609 1191 2702 1246 τοῦ
2734 1193 2941 1264 ἥπατος
2977 1194 3039 1246 τὸ
3069 1188 3228 1264 αἷμα,
3257 1195 3316 1248 ἐν
3344 1194 3402 1248 δὲ
3431 1198 3544 1258 τοῖς
3571 1214 3727 1251 κενο-

2161 1285 2372 1355 ταφίοις
2403 1284 2464 1338 τὸ
2511 1280 2697 1358 ἧπαρ,
2727 1285 2848 1338 οὐδὲ
2875 1285 2935 1338 τὸ
2963 1280 3102 1356 αἷμα
3127 1284 3304 1338 λείπει
3336 1285 3413 1356 τῷ
3447 1287 3727 1357 γενομένῳ

2160 1378 2232 1448 τῆ
2259 1376 2420 1447 φύσει
2447 1375 2555 1431 τῶν
2581 1374 2882 1447 ἀνθρώπων
2904 1375 3334 1448 άποτροπιασμῷ
3353 1376 3446 1431 τοῦ
3472 1376 3722 1431 Θανάτου·

2161 1468 2222 1521 τὸ
2258 1468 2315 1522 δὲ
2355 1467 2520 1537 γένος
2557 1467 2652 1521 τοῦ
2687 1465 2826 1531 ζώου
2850 1466 3060 1534 τούτου,
3098 1461 3158 1522 οὗ
3194 1468 3256 1521 τὸ
3287 1463 3440 1541 ἧπαρ
3492 1468 3724 1540 ἐλήφθη,

2161 1561 2284 1625 ταῖς
2324 1560 2630 1624 ίλεωτικαῖς
2665 1561 2807 1632 ὑπὲρ
2830 1559 2940 1614 τῶν
2971 1560 3256 1632 ἁμαρτιῶν
3281 1560 3492 1625 θυσίαις
3531 1563 3728 1616 ἀποτε-

2162 1647 2428 1718 ταγμένον
2457 1647 2623 1701 ἐστίν.
2660 1649 2734 1702 Οὐ
2768 1647 2926 1719 μόνον
2955 1648 3012 1701 δέ
3035 1646 3212 1712 τοῦτο,
3247 1646 3383 1700 ἀλλά
3417 1649 3511 1701 καὶ
3539 1649 3604 1701 ἐκ
3630 1649 3730 1702 τοῦ

2163 1735 2324 1790 αὑτοῦ
2371 1735 2560 1804 γένους
2608 1737 2702 1789 καὶ
2749 1738 2829 1799 είς
2861 1737 2922 1789 τὸ
2974 1735 3161 1806 πάσχα
3205 1735 3726 1807 παραλαμϐάνεται·

2165 1825 2260 1879 καὶ
2290 1824 2705 1897 άποπεμπτικὸν
2741 1825 2840 1896 τῆς
2871 1823 2965 1878 τοῦ
3008 1825 3136 1881 λαοῦ
3169 1825 3445 1896 ἁμαρτίας
3490 1827 3552 1879 τὸ
3588 1825 3733 1890 ζῶον

2164 1917 2321 1970 τοῦτό
2347 1935 2479 1987 φησι
2512 1918 2670 1978 δεῖνὸ
2700 1915 2938 1985 Μωῦσῆς
2969 1916 3269 1969 ποιεῖσθαι·
3302 1916 3393 1969 ὅτε
3427 1917 3507 1980 εἰς
3535 1915 3742 1985 διπλῆν

503 2006 708 2076 duplici
747 2007 951 2064 actioni
999 1987 1218 2065 servit:
1252 1987 1467 2066 duobus
1517 2012 1664 2067 enim
1707 2011 1882 2067 hircis
1913 2018 2066 2068 sorte

2174 2008 2448 2080 ἐνέργειαν
2486 2004 2785 2078 μερίζεται.
2818 2007 2927 2059 Καὶ
2951 2005 3044 2059 δύο
3079 2004 3450 2076 προτεθέντων
3478 2007 3734 2078 χιμάρων

499 2099 821 2168 propositis,
874 2101 1012 2157 alter
1058 2099 1169 2156 Deo
1202 2103 1570 2170 sacriﬁcatur,
1621 2103 1762 2158 alter
1791 2116 1900 2157 una
1942 2116 2068 2156 cum

500 2195 724 2256 peccato
769 2189 825 2242 in
869 2190 1219 2245 solitudinem
1251 2190 1546 2246 dimittitur
1571 2193 1639 2247 “.
1679 2192 1907 2263 Propter
1951 2191 2069 2247 ιιωο

499 2277 668 2346 igitur
700 2279 883 2332 omnia
925 2287 1077 2334 tanta
1121 2294 1186 2335 ac
1217 2281 1368 2346 talia,
1403 2281 1570 2350 hujus
1607 2281 1862 2337 animalis
1900 2282 2070 2351 hepar

502 2369 763 2440 sanguini
802 2370 1162 2440 signiﬁcando
1201 2383 1540 2443 assumptum
1575 2380 1678 2438 est,
1716 2364 1826 2443 quo
1855 2372 1924 2428 ab
1960 2372 2069 2427 illis

502 2461 598 2530 qui
627 2461 860 2518 letaliter
889 2462 1332 2531 inﬁrmabantur,
1382 2480 1531 2521 mors
1560 2465 1786 2535 depulsa
1833 2465 1938 2519 fuit
1969 2480 2070 2534 per

500 2553 968 2607 resurrectionem
1003 2551 1220 2608 Domini
1249 2555 1446 2618 nostri,
1479 2569 1645 2624 quam
1679 2555 2069 2624 cenotaphium

503 2643 796 2713 signiﬁcat.
825 2642 930 2698 Sed
960 2650 1179 2714 tempus
1205 2651 1310 2708 est,
1344 2653 1403 2698 ut
1422 2653 1475 2700 et
1509 2646 1834 2700 sententiam
1871 2647 2070 2716 psalmi

501 2735 742 2791 breviter
775 2751 1182 2806 percurramus,
1231 2737 1312 2792 sic
1346 2752 1468 2792 sese
1513 2736 1823 2792 habentem.
1871 2735 2072 2792 Dividit

501 2821 774 2893 Propheta
840 2825 1174 2892 orationem;
1230 2840 1356 2880 nam
1405 2827 1576 2881 altera
1636 2842 1736 2896 pro
1791 2826 1951 2883 nobis
2002 2827 2072 2882 ad

503 2914 671 2969 Deum
715 2915 1023 2971 instituitur
1050 2919 1325 2972 communi
1357 2920 1602 2972 omnium
1631 2918 1946 2972 mortalium
1979 2933 2074 2974 no-

503 3006 678 3074 mine;
708 3008 881 3063 altera
920 3007 988 3062 ad
1014 3023 1114 3064 nos
1147 3009 1406 3080 dirigitur
1445 3026 1510 3064 ex
1543 3025 1778 3080 persona
1802 3010 1946 3080 ejus,
1978 3008 2072 3079 qui

501 3111 602 3165 pro
646 3097 807 3152 nobis
841 3099 1025 3154 varios
1071 3099 1351 3154 cruciatus
1381 3101 1571 3156 subiit.
1605 3101 1739 3168 Quae
1783 3115 1914 3171 ergo
1967 3115 2072 3170 pro

505 3187 682 3253 nobis,
727 3188 842 3244 haec
889 3200 1062 3245 sunt:
1103 3209 1122 3241 ι
1153 3189 1316 3261 Eripe
1347 3207 1433 3247 me
1478 3192 1546 3248 de
1596 3193 1859 3254 inimicis.
1913 3202 1967 3246 et
2006 3193 2073 3247 ab

503 3281 918 3350 insurgentibus
967 3283 1021 3337 in
1058 3298 1144 3337 me
1173 3283 1344 3338 libera
1384 3299 1492 3351 me,
1526 3293 1581 3339 et
1623 3284 1688 3339 de
1719 3286 2073 3353 Operantibus

506 3372 878 3441 iniquitatem,
918 3383 972 3430 et
1013 3374 1080 3429 de
1109 3374 1242 3430 viris
1280 3376 1634 3445 sanguinum,
1666 3377 1760 3441 qui
1810 3385 2076 3445 ceperunt

505 3460 744 3512 animam
780 3475 977 3522 meam,
1011 3479 1029 3512 ι
1061 3468 1117 3514 ct
1163 3463 1257 3529 qui
1306 3462 1360 3515 in
1399 3477 1486 3516 me
1527 3461 1739 3517 fortiter
1774 3463 2074 3528 irruerunt,

506 3551 644 3604 nihil
687 3552 815 3604 mali
857 3567 886 3604 a
934 3552 1095 3606 nobis
1148 3553 1292 3622 passi
1310 3571 1331 3619 ;_
1369 3569 1546 3623 neque
1591 3554 1736 3608 enim
1775 3555 2075 3625 quidquam

508 3641 566 3695 in
597 3641 724 3696 illos
747 3641 966 3704 admisi,
999 3657 1177 3712 neque
1209 3642 1472 3712 iniquitas
1503 3643 1614 3697 ulla
1648 3659 1680 3696 a
1718 3659 1804 3699 me
1837 3645 2079 3715 profecta

507 3742 612 3800 est,
661 3749 782 3804 quae
828 3734 884 3788 in
933 3733 1189 3789 damnum
1239 3735 1477 3791 hostium
1526 3750 1774 3790 meorum
1811 3745 2074 3808 vergeret,

508 3840 616 3896 qua
642 3834 847 3888 tamen,
881 3828 1041 3896 quasi
1081 3825 1263 3882 aﬁ‘ecti
1297 3834 1506 3891 essent,
1547 3829 1917 3882 concitantur.
1951 3827 2080 3883 Sine

507 3919 796 3990 iniquitate
862 3921 1025 3974 nobis
1089 3921 1299 3990 primus
1352 3935 1550 3975 cursus
1619 3920 1907 3975 institutus
1975 3929 2080 3974 est.

523 4007 632 4069 Sed
670 4013 825 4080 vide,
893 4013 1103 4086 inquit,
1167 4014 1391 4080 omnia,
1449 4029 1572 4086 quae
1626 4020 1682 4068 et
1717 4014 1897 4083 qualia
1949 4013 2078 4068 sint.

508 4102 648 4158 Vide
690 4111 746 4160 et
778 4105 1022 4173 intende,
1083 4115 1143 4159 ut
1191 4122 1276 4160 me
1310 4103 1594 4170 defendas,
1649 4121 1829 4174 neque
1862 4105 2082 4160 diﬁ‘uras

508 4211 607 4266 per
657 4197 1056 4252 humanitatem
1111 4207 1366 4256 expetere
1415 4197 1677 4252 ultionem
1732 4200 1800 4254 ab
1851 4198 1940 4253 his
1985 4199 2080 4269 qui

510 4288 858 4358 delinquunt.
894 4305 913 4339 ι
947 4286 1070 4342 Νοιι
1094 4288 1434 4352 miserearis,
1467 4307 1486 4340 ι
1514 4289 1716 4359 inquit,
1755 4307 1775 4341 ι
1805 4290 2079 4355 omnibus,

512 4376 605 4448 qui
633 4387 931 4446 operantur
971 4376 1339 4446 iniquitatem.
1369 4395 1389 4430 ι

584 4467 787 4523 Deinde
809 4467 1072 4536 transfert
1102 4483 1406 4522 sermonem
1443 4469 1508 4523 ad
1548 4468 1916 4524 sublimiorem
1950 4485 2078 4539 per-

2101 3323 2146 3383 C

2168 2096 2232 2148 ἐκ
2270 2093 2682 2165 διακληρώσεως
2703 2134 2718 2158 ,
2768 2092 2831 2145 τὸ
2864 2092 2962 2164 μὲν
3011 2092 3325 2146 ἀνατίθεται
3355 2091 3434 2162 τῷ
3485 2092 3638 2162 Θεῷ,
3671 2092 3736 2146 τὸ

2167 2186 2225 2240 δὲ
2282 2190 2346 2258 τῇ
2397 2187 2640 2259 ἁμαρτίᾳ
2675 2183 3015 2256 ἐκπέμπεται
3087 2184 3181 2237 ἐπὶ
3225 2183 3322 2255 τὴν
3373 2183 3596 2256 ἔρημον.
3630 2184 3735 2238 Διά

2170 2278 2344 2332 πάντα
2368 2274 2460 2334 οὖν
2482 2277 2651 2333 ταῦτα
2675 2278 2768 2330 καὶ
2793 2277 2863 2330 τά
2888 2275 3132 2340 τοιαῦτα,
3162 2274 3353 2328 τούτου
3381 2275 3476 2328 τοῦ
3505 2273 3642 2339 ζώου
3671 2275 3737 2327 τὸ

2167 2368 2319 2444 ἧπαρ
2349 2371 2428 2433 είς
2460 2371 2558 2443 τὴν
2588 2368 2681 2422 τοῦ
2723 2370 2949 2440 αἵματος
2993 2367 3220 2435 ἔνδειξιν
3288 2366 3626 2446 παρελήφθη,
3663 2367 3738 2419 δι’

2169 2457 2230 2516 οὗ
2273 2461 2380 2514 τῶν
2413 2461 2772 2525 ἐπιθανατίως
2815 2461 3180 2532 νενοσηκότων
3233 2460 3261 2513 ό
3288 2458 3738 2531 ἀποτροπιασμὸς

2168 2553 2262 2607 τοῦ
2296 2552 2525 2607 θανάτου
2559 2552 2794 2621 ἐγένετο,
2817 2552 2903 2606 διὰ
2931 2553 3028 2624 τῆς
3056 2554 3120 2606 ἐκ
3149 2551 3359 2619 νεκρῶν
3387 2551 3738 2614 ἀναστάσεως

2169 2643 2264 2697 τοῦ
2294 2644 2496 2715 Κυρίου
2519 2643 2696 2713 ἡμῶν,
2725 2643 2793 2714 ἣν
2820 2643 3074 2715 σημαίνει
3098 2644 3159 2696 τὸ
3191 2643 3521 2710 κενοτάφιον.
3573 2641 3740 2695 Ἀλλά

2171 2733 2359 2806 καιρὸς
2378 2732 2443 2786 ἂν
2469 2731 2578 2802 εἴη,
2603 2733 2696 2785 καὶ
2725 2732 2816 2785 τὸν
2847 2734 2904 2786 ἐν
2935 2735 3001 2803 τῇ
3029 2732 3317 2803 ψαλμῳδία
3336 2731 3458 2786 νοῦν
3479 2731 3568 2785 διὰ
3601 2731 3740 2802 βρα-

2171 2825 2310 2895 χέων
2338 2823 2676 2896 ἐπιδραμεῖν,
2709 2821 2897 2894 έχοντα
2925 2823 3116 2885 οὕτως’
3145 2822 3370 2893 Μερίζει
3389 2822 3479 2876 τὸν
3511 2822 3667 2888 λόγον
3698 2824 3736 2893 ἡ

2173 2915 2501 2986 προφητεία.
2557 2915 2616 2967 ὐ
2650 2915 2747 2984 μὲν
2785 2915 2893 2986 γὰρ
2932 2915 3071 2985 ὑπὲρ
3108 2914 3260 2984 ἡμῶν
3299 2914 3434 2984 πρὸς
3469 2914 3558 2967 τὸν
3601 2913 3742 2968 Θεὸν

2171 3006 2406 3074 γίνεται,
2446 3007 2509 3057 ἐκ
2540 3004 2631 3057 τοῦ
2675 3005 2854 3058 κοινοῦ
2895 3005 2996 3074 τῆς
3037 3003 3250 3073 φύσεως
3289 3005 3739 3075 προσαγομένηςο

2172 3097 2200 3148 ὁ
2227 3095 2284 3148 δὲ
2313 3095 2448 3166 πρὸς
2478 3097 2626 3166 ἡμᾶς
2658 3097 2722 3147 ἐκ
2763 3092 2855 3147 τοῦ
2887 3093 3026 3164 ὑπὲρ
3058 3093 3216 3164 ἡμῶν
3249 3092 3647 3163 ἀναδεξαμένου
3675 3094 3744 3146 τὺ

2175 3185 2362 3248 πάθος.
2399 3185 2479 3238 Τὰ
2513 3187 2608 3255 μὲν
2645 3182 2738 3238 οὖν
2767 3185 2904 3256 ὑπὲρ
2934 3183 3112 3255 ἡμῶν,
3160 3184 3278 3237 ἐστὶ
3321 3181 3511 3237 ταῦτα·
3547 3203 3566 3235 ι
3613 3183 3742 3251 Ἐξ-

2177 3277 2296 3330 ελοῦ
2330 3295 2418 3349 με,
2446 3296 2464 3328 ι
2501 3277 2723 3346 λέγων,ι
2760 3277 2945 3330 ἐκτῶν
2976 3275 3182 3348 ἐχθρῶν
3201 3275 3533 3346 μου,ὁΘεὸς,
3564 3274 3654 3328 καὶ
3672 3277 3744 3328 ἐκ

2174 3370 2282 3422 τῶν
2316 3369 2757 3439 ἐπανισταμένων
2803 3369 2888 3421 ἐπ’
2935 3369 3032 3438 ἐμὲ
3066 3366 3339 3439 λύτρωσαί
3384 3385 3474 3438 με.
3520 3368 3630 3421 Καὶ
3670 3369 3743 3421 ἐκ

2174 3461 2281 3514 τῶν
2307 3461 2684 3532 ἐργαζομένων
2719 3459 2813 3530 τὴν
2852 3459 3096 3529 ἀνομίαν,
3131 3460 3225 3513 καὶ
3256 3459 3314 3524 ἐξ
3341 3459 3546 3530 ἀνδρῶν
3570 3459 3747 3528 αἱμά-

2176 3571 2303 3617 των,
2337 3553 2385 3605 οἳ
2419 3552 2718 3624 ἐθήρευσαν
2763 3554 2861 3623 τὴν
2894 3553 3071 3622 ψυχήν
3111 3569 3235 3622 μου,
3280 3569 3302 3604 ι
3352 3553 3446 3605 καὶ
3488 3550 3747 3604 ἐπέθεντο

2181 3645 2442 3716 ἰσχυρῶς,
2466 3646 2615 3698 οὐδὲν
2643 3647 2773 3716 παρ’
2801 3645 2957 3716 ἡμῶν
2983 3644 3418 3716 προπεπονθότες
3446 3644 3631 3698 κακόν.
3658 3644 3744 3697 Οὐ

2177 3738 2285 3808 γὰρ
2299 3735 2540 3808 ἧμαρτόν
2553 3755 2604 3788 τι
2617 3738 2735 3790 κατ’
2753 3737 2994 3800 ἐκείνων,
3013 3736 3130 3788 οὐδέ
3145 3739 3289 3789 ἐστιν
3306 3737 3501 3806 ανομία
3517 3753 3599 3800 τις
3609 3737 3748 3807 παρ’

2178 3827 2334 3900 ἡμῶν
2365 3829 2455 3880 ἐπὶ
2483 3828 2655 3900 βλάϐῃ
2680 3828 2786 3881 τῶν
2819 3828 3025 3898 ἐχθρῶν
3053 3826 3404 3898 ἐνεργηθεῖσα
3423 3867 3438 3892 ,
3469 3827 3553 3898 ἐφ’
3646 3830 3755 3883 καὶ

2179 3918 2590 3989 παροξύνονται.
2630 3921 2791 3971 Ἀνευ
2820 3917 3046 3988 ἀνομίας
3069 3914 3136 3989 ἦν
3163 3920 3293 3988 ἡμῖν
3320 3920 3348 3971 ὁ
3382 3921 3596 3988 πρῶτος
3621 3919 3755 3990 δρό-

2184 4022 2301 4075 μος.
2357 4005 2494 4058 Ἀλλ’
2522 4006 2628 4060 ἰδοὺ
2654 4007 2721 4059 τὰ
2753 4007 2948 4070 πάντα,
2979 4007 3162 4077 φησιν,
3213 4001 3302 4060 οἷά
3329 4008 3464 4061 ἐστι.
3501 4008 3605 4062 Ἴδε
3647 4009 3753 4063 καὶ

2181 4099 2416 4170 πρόσχες
2469 4098 2563 4152 τοῦ
2609 4098 3024 4169 ἐπισκέψασθαι.
3092 4100 3200 4153 Καὶ
3248 4099 3321 4171 μὴ
3369 4099 3606 4172 άναὸάλῃ
3654 4100 3754 4155 διὰ

2183 4191 2586 4260 φιλανθρωπίας
2618 4188 2757 4243 κατὰ
2792 4189 2900 4243 τῶν
2944 4190 3481 4262 πεπλημμεληκὸτων
3523 4193 3755 4262 ἐκδίκη-

2184 4300 2287 4336 σιν.
2321 4301 2338 4333 ι
2381 4283 2473 4352 Μὴ
2499 4283 2892 4355 οἰκτειρήσῃς,)
2929 4282 3072 4353 γὰρ,
3105 4283 3290 4353 φησὶν,
3326 4302 3345 4334 ι
3380 4284 3586 4347 πάντας
3612 4283 3763 4346 -τοὺς

2181 4374 2577 4445 ἐργαζομένους
2600 4373 2696 4444 τὴν
2722 4373 2966 4444 ἀνομίαν.
3007 4393 3024 4425 ι

2252 4464 2383 4520 Εἶτα
2416 4467 2639 4537 μετάγει
2653 4467 2742 4518 τὸν
2759 4465 2914 4534 λόγον
2930 4466 3019 4518 ἐπὶ
3041 4466 3099 4519 τὺ
3119 4466 3512 4537 ὑπερκείμενον
3535 4467 3754 4537 πρόσω-

473 4550 476 4554 ’
512 4573 725 4622 sonam,
753 4557 992 4628 dicitque
1014 4558 1171 4628 quasi
1205 4558 1323 4613 loco
1355 4559 1472 4628 ejus
1502 4561 1592 4630 qui
1629 4575 1819 4630 preces
1855 4561 2073 4616 exaudi-

2184 4576 2302 4622 πον,
2321 4559 2412 4611 καί
2434 4575 2596 4628 φησιν
2616 4559 2690 4621 ὼς
2721 4561 2784 4610 ἐκ
2805 4557 3090 4628 προσώπου
3109 4558 3201 4611 τοῦ
3213 4559 3308 4628 τῆς
3321 4557 3486 4629 εὐχῆς
3513 4556 3755 4612 ἐπακοῦο

512 4647 670 4713 verit,
697 4648 834 4704 istos
860 4648 1043 4704 hostes
1065 4648 1133 4703 ad
1151 4663 1428 4719 vesperam
1456 4664 1776 4705 conversum
1801 4650 1889 4704 iri.
1926 4649 2073 4717 Quod

2187 4668 2394 4717 σαντος,
2412 4653 2491 4704 ὅτι
2506 4643 2649 4704 οὗτοι
2665 4652 2713 4703 οί
2731 4650 2912 4721 ἐχθροὶ
2926 4652 3004 4714 είς
3026 4650 3124 4721 τὴν
3139 4650 3268 4702 ἐσπὲ
3277 4667 3372 4721 ραν
3389 4651 3592 4703 ἐαυτῶν
3625 4651 3756 4702 ἐπι-

512 4739 647 4795 nihil
679 4739 825 4794 aliud
857 4749 960 4805 est,
994 4754 1158 4810 quam
1209 4738 1356 4810 ipsos
1399 4739 1456 4795 in
1497 4741 1750 4797 tenebras
1788 4742 2080 4799 exteriores

514 4835 799 4906 expulsum
830 4835 896 4889 iri
919 4853 932 4889 :
963 4850 1090 4889 nam
1115 4850 1338 4906 vespera
1364 4835 1614 4905 caliginis
1644 4835 1967 4906 principium
1995 4844 2081 4891 est

514 4934 571 4982 et
601 4927 854 4997 genitrix.
890 4945 908 4978 ι
931 4927 994 4980 Et
1018 4926 1211 4981 famem
1246 4927 1517 4996 patientur
1542 4934 1600 4980 ut
1628 4942 1843 4982 canes.»
1872 4926 2081 4994 Quibus

515 5017 662 5072 enim
697 5016 889 5072 salutis
917 5016 1171 5071 viaticum
1205 5033 1312 5070 non
1347 5017 1604 5088 suppetit,
1642 5018 1742 5073 hos
1773 5019 2082 5074 necessario

518 5115 882 5177 consequetur
908 5123 976 5162 ex
1000 5106 1141 5164 fame
1163 5109 1387 5177 penuria
1422 5110 1708 5164 bonorum.
1741 5107 1832 5163 Sic
1859 5110 2084 5164 esurivit

519 5202 577 5258 in
607 5199 822 5256 inferno
847 5199 997 5256 dives
1022 5199 1207 5255 divino
1235 5198 1527 5256 destitutus
1557 5215 1701 5265 rore,
1747 5208 1802 5254 et
1844 5200 1972 5269 quia
2021 5201 2089 5255 ah

519 5295 606 5349 his
644 5293 802 5349 bonis
837 5293 1136 5363 imparatus
1181 5297 1318 5354 erat,
1350 5291 1470 5347 ideo
1495 5291 1728 5347 ﬂammis
1760 5290 1869 5346 illis
1899 5307 2090 5346 exure-

519 5383 752 5440 batur".
774 5381 880 5440 Sed
897 5393 953 5440 et
971 5401 990 5435 ι
1013 5381 1322 5437 circuibunt
1360 5381 1656 5446 civitatem,
1676 5399 1696 5433 ι
1739 5381 1935 5450 inquit.
1987 5381 2087 5437 Cui

520 5476 684 5531 talem
705 5474 1005 5544 subjectam
1033 5475 1359 5529 sententiam
1388 5471 1646 5528 arbitror.
1684 5472 1819 5527 Cum
1848 5487 2010 5528 omne
2039 5473 2091 5528 id

521 5565 668 5636 quod
691 5563 1056 5635 abjiciendum
1082 5572 1138 5620 et
1166 5564 1360 5619 inutile
1380 5571 1465 5619 est
1487 5561 1556 5616 ad
1582 5561 1883 5618 viventium
1909 5579 2090 5629 usum,

523 5656 773 5726 ejiciatur
813 5663 967 5712 extra
1001 5655 1297 5720 civitatem,
1338 5654 1452 5709 sive
1477 5651 1710 5709 cadaver
1759 5653 1942 5720 fuerit,
1980 5658 2094 5710 sive

522 5745 654 5816 quid
675 5746 819 5801 aliud
840 5754 1181 5818 corruptum,
1212 5746 1326 5803 sive
1356 5744 1673 5816 graveolens
1689 5759 1926 5811 caenum,
1945 5746 2091 5803 circa

597 5924 815 5984 "Num.
847 5942 938 5994 vn,
974 5927 1033 5980 l0
1062 5933 1242 5997 sqq.ct
1265 5926 1389 5981 alibi
1418 5927 1641 5999 passim.

1756 5928 1796 5960 "
1822 5927 1993 5985 Levii.
2015 5945 2122 5992 xw,
2155 5929 2214 5984 ιδ
2245 5947 2362 5999 sqq.

2190 4741 2706 4812 crpézj/ouctvansp
2717 4739 3002 4795 οὐδὲνάλλο
3016 4741 3219 4812 ἐστὶν,ἢ
3232 4743 3310 4794 ὅτι
3323 4759 3346 4794 ε
3356 4745 3402 4805 ίς
3415 4743 3475 4795 τὸ
3489 4740 3756 4812 ἐξώτερον

2189 4833 2377 4895 σκότος
2397 4830 2896 4903 συνελασθήσονται.
2927 4831 3113 4902 ’ξι-γὰρ
3133 4832 3338 4903 ἐσπέρα
3355 4833 3573 4896 σκότους
3602 4835 3724 4902 γίνε
3740 4865 3759 4873 -

2185 4941 2274 4977 ται
2295 4925 2435 4995 άρχή
2454 4941 2513 4976 τε
2527 4924 2618 4976 καὶ
2641 4923 2839 4994 μήτηρ.
2867 4923 3005 4975 «Καὶ
3025 4922 3348 4993 λιμώξουσιν
3362 4922 3436 4986 ώς
3449 4924 3613 4980 κύων.
3626 4918 3760 4988 »Οἷς

2201 5014 2295 5084 γὰρ
2321 5014 2420 5066 οὐκ
2444 5013 2560 5066 ἐστι
2583 5012 2853 5083 σωτηρίας
2876 5013 3105 5081 ἐφόδιον,
3134 5011 3193 5078 ἐξ
3220 5011 3462 5081 ἀνάγκης
3491 5015 3524 5080 ἠ
3560 5012 3625 5063 ἐκ
3654 5011 3756 5064 τοῦ

2187 5101 2345 5172 λιμοῦ
2383 5102 2492 5155 τῶν
2528 5102 3207 5174 ἀγαθῶν,ἐπακολουθήσει
3251 5101 3613 5173 ταλαιπωρία.
3650 5099 3758 5155 Οὖ-

2188 5213 2294 5259 τως
2323 5195 2582 5266 ἐλίμωξεν
2604 5197 2661 5248 ἐν
2680 5194 2757 5266 τῷ
2782 5194 2884 5267 ᾅδῃ
2908 5198 2936 5248 ό
2958 5194 3230 5261 πλούσιος,
3256 5195 3355 5265 τῆς
3376 5193 3524 5256 θείας
3551 5192 3754 5262 δρόσου

2191 5289 2286 5359 ἔρη
2296 5306 2393 5359 μος
2416 5287 2510 5342 ὢν·
2536 5289 2628 5342 καὶ⁵
2642 5288 2729 5341 διὰ
2743 5288 2804 5340 τὸ
2819 5287 3200 5358 ἀπαράσκευον
3217 5285 3309 5338 τοῦ
3328 5284 3567 5339 τοιούτου
3588 5277 3755 5349 εἷναι,

2189 5382 2257 5449 τῇ
2319 5380 2475 5448 φλογὶ
2526 5379 2906 5448 κατεφλέγετο.
2962 5377 3119 5432 Ἀλλά
3167 5378 3261 5432 καὶ
3318 5395 3338 5428 ι
3394 5373 3754 5428 Κυκλώσουσι

2188 5470 2367 5531 πόλιν,
2393 5489 2409 5519 ι
2445 5470 2624 5539 φησίν.
2664 5471 2841 5540 Ὅπερ
2863 5467 3102 5521 τοιοῦτόν
3139 5468 3226 5538 μοί
3255 5483 3376 5520 τινα
3390 5464 3510 5519 νοῦν
3545 5465 3760 5548 ὑποσηῖ

2193 5563 2403 5633 μαίνειν
2439 5562 2608 5615 δοκεῖ.
2665 5561 2883 5633 Ἐπειδὴ
2931 5563 3042 5614 πᾶν
3075 5560 3136 5614 τὸ
3163 5558 3377 5632 άχρεῖόν
3405 5575 3463 5611 τε
3491 5557 3584 5610 καὶ
3616 5555 3748 5608 ἀπό-

2187 5653 2400 5723 ϐλητον,
2450 5654 2525 5716 ώς
2567 5654 2705 5725 πρὸς
2743 5653 2842 5722 τὴν
2877 5651 2985 5705 τῶν
3029 5649 3242 5715 ζώντων
3271 5649 3485 5719 χρῆσιν,
3525 5646 3631 5710 ἔξω
3663 5645 3749 5714 pi-

2187 5761 2378 5799 πτεται
2415 5745 2511 5815 τῆς
2537 5745 2761 5811 πόλεως,
2812 5745 2922 5799 εἴτε
2955 5742 3144 5813 νεκρὸν
3173 5741 3265 5794 καὶ
3300 5737 3598 5808 διεφθορὸς,
3642 5736 3756 5795 εἶτα

2481 5930 2517 5961 ¹⁷
2549 5928 2679 5982 Luc.
2717 5941 2827 5992 ττι,
2857 5924 2949 5978 2L
