3986 6508
199 479 307 540 605
1546 498 1611 553 IN
1646 498 1981 556 PSALMOS.
3302 490 3414 551 nos

195 602 432 676 δυσώδης
465 623 546 672 τις
583 610 813 683 κόπρος⁸
844 612 972 683 περὶ
998 613 1034 669 ἃ
1058 614 1161 668 ὑπὸ
1182 616 1280 686 τῆς
1304 615 1398 670 τοῦ
1430 615 1591 685 λιμοῦ
1622 616 1751 669 ἀνά-

1852 629 1972 686 quae
2013 628 2122 685 prae
2168 612 2327 669 famis
2366 611 2752 685 magnitudine,
2796 625 2961 668 canes
2998 618 3290 681 occupatos
3324 612 3408 666 in-

194 714 335 767 γκης
380 700 426 752 oi
470 698 628 766 κύνες
653 702 1052 774 ὲξευρίσκονται
1080 744 1097 771 ,
1147 704 1225 777 τῷ
1258 705 1413 778 ῥύπῳ
1447 705 1525 777 τῷ
1558 707 1622 759 ὲκ
1652 708 1752 777 τῆς

1854 705 2037 761 venire
2059 704 2203 771 licet,
2240 712 2518 761 versantes
2546 704 2600 759 in
2628 702 2879 759 sordibus
2904 709 3054 757 extra
3080 702 3264 758 urbem
3295 718 3412 757 eve-

194 783 401 852 πὸλεως
424 790 801 863 ἐκϐαλλομένῳ
828 793 1267 863 ὲμὸιοτεύοντες·
1310 796 1399 849 διὰ
1426 796 1617 850 τούτου
1642 794 1750 850 τῶν

1852 795 1909 849 hi
1943 795 2149 863 solitis;
2175 804 2461 865 propterea
2482 809 2669 850 eorum
2693 794 2783 864 qui
2815 809 2937 848 cum
2968 793 3187 856 virtute,
3229 802 3283 847 et
3316 809 3409 849 eo-

192 880 249 930 ὲν
278 880 445 954 ἁρετῇ
485 882 578 937 καὶ
612 886 779 956 κακίᾳ
808 884 1025 951 ζώντων
1061 885 1159 958 τὴν
1196 887 1456 960 διαφορὰν
1484 888 1751 942 διδάσκων

1850 904 1971 943 rum
2018 888 2110 959 qui
2157 887 2213 942 in
2255 887 2553 944 sceleribus
2589 886 2797 951 vivunt,
2839 885 3133 941 discrimen
3170 884 3409 941 indicare

190 973 218 1021 6
251 971 440 1041 λόγος,
474 975 532 1029 ὲν
580 975 657 1046 τῷ
691 980 790 1047 τῆς
827 977 1033 1044 πόλεως
1072 979 1413 1052 διασημαίνει
1446 981 1746 1051 αἰνίγματι*

1847 979 2036 1035 volens
2058 979 2253 1043 oratio,
2292 979 2346 1034 id
2378 977 2614 1035 civitatis
2634 979 2917 1048 aenigmate
2948 976 3248 1047 signiﬁcat;
3279 976 3410 1030 civi-

190 1063 350 1117 πόλιν
377 1064 567 1133 λέγων,
598 1067 695 1137 τὴν
729 1069 834 1122 ὑπὸ
869 1070 971 1141 τῆς
1001 1071 1201 1143 ἀρετῆς
1230 1072 1634 1143 συνῳκισμένην
1662 1072 1749 1126 εὐο

1847 1078 2010 1126 tatem
2040 1070 2183 1125 enim
2212 1070 2455 1126 nominat
2484 1070 2632 1124 illam
2667 1069 2879 1125 vivendi
2911 1070 3195 1132 rationem,
3228 1082 3347 1137 quae
3378 1082 3408 1121 a

189 1158 371 1227 πρεπῆ
406 1173 466 1209 τε
505 1158 598 1210 καὶ
630 1160 933 1216 εὐδιάθετον
976 1164 1249 1219 πολιτείαν
1272 1181 1286 1195 ⁸
1319 1164 1387 1218 τὰ
1427 1164 1484 1217 δὲ
1520 1164 1623 1228 ἔξω
1647 1166 1748 1236 τῆς

1845 1160 2046 1216 virtute
2070 1163 2225 1232 quasi
2246 1161 2521 1229 incolitur,
2548 1167 2603 1217 et
2645 1160 2712 1214 ad
2735 1174 2949 1214 omnem
2992 1160 3291 1215 decentiam
3322 1174 3409 1213 re-

188 1244 426 1309 πόλεως,
452 1247 549 1318 τὴν
582 1250 646 1302 ὲκ
676 1250 770 1304 τοῦ
809 1252 1050 1306 ἐναντίου
1086 1254 1615 1326 παραθεωρουμένην
1644 1271 1745 1308 κα-

1846 1258 2100 1321 ctumque
2126 1252 2369 1307 ordinem
2399 1250 2790 1306 conformatur.
2826 1252 2893 1303 At
2925 1265 3044 1319 qua
3074 1258 3227 1305 extra
3274 1250 3408 1305 civi-

186 1328 308 1381 κίαν
336 1330 507 1400 δηλοῖ,
547 1335 604 1386 ὲν
709 1338 857 1389 πᾶσα
890 1338 922 1408 ὴ
949 1338 1044 1391 τοῦ
1075 1340 1414 1413 ἀστειοτέρου
1456 1340 1570 1411 βίου
1606 1341 1744 1393 ἀπο-

1849 1350 2010 1397 tatem
2045 1352 2191 1407 sunt,
2225 1343 2534 1414 signiﬁcant
2560 1345 2863 1412 oppositam
2904 1341 3088 1395 virtuti
3122 1342 3404 1408 malitiam,

186 1420 310 1491 ϐολή
340 1423 425 1485 τίς
444 1426 589 1478 ἐστιν
617 1425 855 1499 δυσώδης
884 1430 1144 1500 ἁμαρτία,
1174 1432 1209 1502 ἢ
1240 1431 1301 1486 ἐκ
1321 1450 1379 1485 τε
1399 1432 1499 1503 τῆς
1532 1430 1746 1504 σήψεως

1845 1433 1900 1487 in
1935 1449 2040 1503 qua
2072 1434 2313 1489 invenire
2347 1441 2431 1489 est
2466 1448 2681 1489 omnem
2728 1431 3141 1503 graveolentiam
3170 1433 3402 1501 peccati,

182 1510 289 1563 τῶν
317 1513 602 1583 σωμάτων,
636 1517 729 1569 καὶ
756 1519 821 1573 ὲκ
846 1519 943 1589 τῆς
971 1523 1222 1594 ῥυπαρᾶς
1251 1522 1454 1594 κόπρου
1489 1540 1742 1578 συνιστα-

1844 1523 2001 1593 quasi
2031 1523 2339 1579 urbanioris
2372 1524 2494 1578 vitae
2524 1523 2924 1588 retrimentum,
2973 1522 3087 1578 sive
3124 1538 3188 1579 ex
3222 1533 3406 1592 putre-

187 1602 322 1671 μένη
354 1603 685 1674 εὑρίσκεται.
736 1607 944 1662 Ούκοῦν
973 1611 1073 1681 τῆς
1121 1612 1219 1683 μὲν
1267 1614 1474 1677 πόλεως
1506 1614 1743 1685 οἰκήτωρ

1842 1613 1970 1669 dine
1998 1629 2309 1685 corporum,
2334 1616 2447 1670 sive
2477 1630 2543 1669 ex
2585 1614 2864 1670 immundo
2909 1629 3066 1669 coeno
3118 1613 3401 1670 conﬂetur.

180 1693 367 1758 ἐστὶν,
402 1696 464 1748 τὸ
502 1697 646 1766 μέγα
675 1700 769 1752 καὶ
806 1699 985 1771 τίμιον
1016 1702 1228 1774 χρῆμα,
1269 1708 1296 1759 6
1339 1705 1505 1769 ὅντως
1536 1705 1745 1777 ἄνθρω-

1843 1702 2110 1769 Quocirca
2124 1703 2360 1759 civitatis
2389 1704 2562 1758 incola
2577 1702 2830 1758 eximium
2850 1702 3104 1773 quiddam
3129 1710 3212 1757 est
3230 1710 3283 1757 et
3311 1718 3403 1758 ve-

178 1801 303 1847 πος,
335 1786 431 1869 καὶ
480 1787 570 1859 τὸν
610 1789 668 1857 ἐξ
710 1791 882 1871 ἀρχῆς
922 1793 1278 1873 ἐπιβληθέντα
1309 1798 1629 1871 χαρακτῆρα
1672 1801 1745 1871 τῇ

1841 1796 2166 1860 nerandum,
2202 1810 2327 1850 vere
2361 1795 2546 1859 homo,
2601 1810 2853 1865 eumque,
2904 1809 3064 1863 quem
3122 1794 3190 1849 ab
3248 1794 3403 1849 initio

179 1874 726 1967 ﬁctificti
779 1883 1207 1962 μεμορφωμένον
1238 1885 1392 1956 ἔχων.
1435 1887 1491 1939 '0
1519 1874 1577 1939 δὲ
1616 1888 1741 1958 περὶ

1842 1891 2049 1939 naturae
2094 1885 2416 1955 impressum
2454 1882 2660 1954 accepit
2695 1883 3085 1948 characterem,
3128 1883 3246 1953 ipsa
3291 1882 3401 1937 vita

175 1934 377 2030 τῖέξω
391 1934 738 2037 ξίῗτὶύλεως
769 1934 1424 2044 Wq,
1453 1934 1741 2042 ἐστίνῖκᾶ

1846 1934 2047 1939 --η-,η
2094 1934 2416 1955 πμηη---
2454 1934 2657 1954 ___-r_-
3130 1934 3245 1953 ,τη
3306 1934 3402 1937 ,η

1840 1992 1937 2032 sua
1966 1992 2281 2047 expressum
2314 1975 2727 2031 circumferens.
2794 1975 2864 2029 At
2914 1974 3006 2046 qui
3063 1989 3182 2030 sese
3234 1974 3288 2028 in
3333 1975 3402 2030 iis

173 2057 275 2108 ούκ
306 2058 610 2129 ἄνθρωπος,
650 2060 789 2114 ὥστε
835 2064 1067 2137 φανερὸν
1095 2060 1233 2120 εἶναι
1263 2066 1447 2130 παντὶ,
1488 2067 1605 2132 πῶς
1637 2068 1740 2140 χρὴ

1842 2085 1961 2140 quae
1987 2077 2139 2125 extra
2169 2070 2438 2126 civitatem
2469 2076 2616 2134 sunt,
2656 2075 2906 2138 occupat,
2959 2068 3111 2122 canis
3143 2074 3247 2133 est,
3295 2080 3400 2120 non

172 2146 474 2219 διακρίνειν
519 2152 645 2215 τοὺς
672 2152 839 2217 κύνας
871 2155 978 2208 ἀπὸ
1005 2155 1113 2209 τῶν
1159 2157 1299 2212 κατὰ
1324 2157 1486 2227 φύσιν
1531 2160 1741 2231 ἀνθρώ-

1839 2162 2022 2227 homo,
2054 2170 2113 2216 ut
2141 2162 2366 2233 proinde
2393 2160 2648 2216 omnibus
2678 2159 2896 2229 planum
2936 2159 3027 2224 sit,
3051 2174 3155 2229 qua
3192 2157 3402 2212 ratione

170 2256 313 2302 πων,
348 2242 450 2295 οὐκ
489 2244 552 2296 ὲκ
584 2243 677 2297 τοῦ
733 2247 1008 2318 σχήματος
1049 2247 1189 2316 λέγω
1215 2251 1314 2319 τῆς
1346 2252 1440 2304 τοῦ
1489 2251 1740 2322 σώματος

1837 2254 2147 2310 discernere
2174 2261 2421 2325 oporteat
2451 2267 2635 2316 canes,
2664 2251 2734 2306 ab
2764 2250 2870 2304 illis
2898 2250 2990 2319 qui
3034 2258 3227 2305 natura
3273 2257 3401 2303 sunt

169 2330 535 2401 διαπλάσεως,
570 2334 684 2388 ἀλλ’
714 2337 776 2389 ἐκ
801 2338 898 2409 τῆς
923 2339 1061 2393 κατὰ
1089 2341 1180 2394 τὸν
1219 2341 1329 2411 βίον
1361 2343 1638 2413 διαφορᾶς.
1683 2344 1739 2398 '0

1838 2346 2117 2401 homines:
2154 2361 2263 2400 non
2293 2345 2436 2401 enim
2465 2344 2756 2399 discrimen
2788 2342 2891 2396 hoc
2919 2356 2980 2395 ex
3013 2340 3185 2396 elIicta
3207 2355 3401 2410 corpo-

169 2422 281 2493 γὰρ
319 2424 421 2494 τῆς
469 2426 725 2499 ἐναρέτου
775 2429 978 2493 πόλεως
1040 2431 1277 2497 ἕνοικος,
1329 2434 1543 2505 ἀληθῶς
1592 2436 1738 2489 ἐστιν

1836 2439 1912 2494 ris
1936 2437 2108 2493 forma
2136 2438 2423 2508 petendum
2449 2445 2554 2502 est,
2571 2436 2664 2492 sed
2690 2453 2757 2492 ex
2771 2434 3071 2490 diﬂ'erentia
3090 2433 3208 2488 vitae
3235 2448 3395 2503 quam

168 2515 497 2587 ἄνθρωπος’
532 2520 579 2571 εί
605 2518 661 2571 δέ
690 2536 773 2584 τις
804 2520 932 2590 περὶ
969 2521 1065 2591 τὴν
1102 2522 1309 2594 δυσώδη
1354 2524 1670 2590 ἀκολασίαν,
1702 2525 1734 2595 ἢ

1836 2529 2040 2582 vivunt.
2068 2527 2200 2582 Nam
2225 2528 2313 2597 qui
2349 2528 2582 2583 civitatis
2606 2528 2805 2581 virtute
2831 2525 3070 2596 praedita:
3122 2524 3410 2596 inltabita-I

168 2606 268 2678 τὴν
300 2611 775 2683 περιττωματικὴν
815 2611 1142 2677 πλεονεξίαν,
1184 2614 1250 2685 ἣν
1294 2616 1497 2686 κυρίως
1541 2617 1606 2670 ἄν
1636 2634 1716 2680 τις

1834 2630 1922 2679 tor
1950 2630 2055 2687 est,
2087 2624 2175 2678 ille
2208 2639 2334 2679 vere
2363 2624 2527 2677 homo
2560 2632 2660 2678 est.
2691 2622 2842 2688 Quod
2873 2621 2917 2674 si
2947 2619 3070 2689 quis
3106 2619 3251 2673 circa
3278 2616 3401 2671 leti-

171 2698 459 2767 ὀνομάσειε
506 2699 727 2772 κόπρον,
758 2700 790 2771 ἢ
831 2701 1051 2771 περὶτὰ
1091 2701 1224 2755 ἄλλα
1254 2704 1355 2773 τῆς
1390 2704 1588 2768 κακίας
1624 2705 1736 2776 εἴδη

1834 2716 1957 2771 dam
1989 2716 2480 2785 intemperantiam,
2522 2722 2613 2769 aut
2648 2714 2795 2768 circa
2824 2711 3148 2781 superﬂuam
3180 2708 3396 2779 cupidi-

167 2786 269 2859 τὴν
299 2789 531 2860 σπουδὴν
559 2789 691 2860 ἔχοι,
716 2790 819 2857 ἔξω
837 2791 931 2844 τοῦ
956 2792 1154 2846 κύκλου
1174 2794 1274 2864 τῆς
1297 2794 1500 2859 πόλεως
1522 2794 1737 2865 ἐκείνης

1834 2813 2019 2869 tatem,
2051 2820 2211 2875 quam
2240 2805 2362 2874 quis
2398 2804 2613 2874 proprie
2658 2800 3016 2856 nominaverit
3046 2815 3282 2865 cmnunt,
3311 2798 3398 2853 vel

169 2878 521 2949 πλανώμενός
565 2897 624 2933 τε
656 2880 749 2933 καὶ
782 2881 1113 2952 περιέρπων,
1152 2882 1250 2955 βοᾷ
1286 2884 1404 2938 καθ’
1444 2884 1638 2937 ἑαυτοῦ
1676 2885 1738 2937 τὸ

1835 2898 1890 2950 in
1910 2896 2030 2952 aliis
2044 2896 2406 2967 improbitatis
2432 2895 2721 2966 generibus
2738 2893 2979 2948 studium
2997 2902 3051 2947 et
3076 2891 3394 2945 industriam

170 2971 329 3023 κύων
358 2967 497 3024 εἶναι
523 3012 537 3036 ,
589 2972 1064 3045 μεταπλασθείσης
1092 2975 1198 3027 ἀπὺ
1225 2976 1324 3044 τῆς
1366 2978 1445 3039 είς
1485 2976 1577 3028 τὸν
1608 2976 1738 3029 Θεὸν

1835 2990 2080 3055 collocat,
2110 2998 2261 3044 extra
2283 2989 2543 3044 ambitum
2575 2987 2810 3043 civitatis
2845 2986 2991 3040 illius
3035 2984 3319 3043 oberrans.
3352 2983 3398 3038 is

164 3061 519 3131 ὁμοιότητος,
567 3062 660 3116 ἐπὶ
706 3064 766 3117 τὸ
811 3065 1047 3128 κυνῶδες
1079 3066 1177 3136 τῆς
1224 3066 1457 3134 φύσεως.
1491 3070 1652 3131 Νοεῖς
1682 3068 1737 3120 δὲ

1835 3080 1900 3135 de
1926 3081 2106 3150 seipso
2132 3081 2278 3133 clara
2308 3096 2439 3135 voce
2460 3088 2708 3143 testatur,
2735 3094 2793 3133 se
2831 3092 3020 3132 canem
3045 3091 3184 3139 esse,
3218 3084 3397 3130 trans-

165 3155 389 3217 πάντως
415 3154 502 3208 διὰ
530 3154 635 3208 τῶν
662 3155 836 3209 κυνῶν
864 3157 955 3210 τὸν
982 3158 1273 3229 ἀρχέγονον
1303 3159 1458 3225 κύνα,
1492 3160 1580 3213 τὸν
1608 3178 1738 3232 σαρ-

1835 3172 2062 3226 formata
2104 3171 2216 3235 illa,
2258 3185 2420 3242 quam
2461 3186 2582 3226 cum
2612 3170 2723 3226 Deo
2750 3169 3002 3233 habebat,
3052 3150 3399 3224 similitudine

164 3243 396 3314 κοὸὁρον
447 3262 507 3298 τε
554 3246 648 3301 καὶ
704 3246 1179 3317 ἁνθρωποκτόνον,
1243 3247 1422 3312 καθώς
1488 3267 1650 3319 φησιν
1699 3250 1730 3319 ἡ

1837 3264 1891 3316 in
1926 3263 2174 3317 caninam
2199 3271 2467 3316 naturam.
2495 3261 2604 3317 Nec
2618 3270 2720 3329 est,
2738 3261 2879 3332 quod
2913 3274 3009 3331 per
3039 3274 3202 3314 canes
3229 3259 3392 3311 alium

163 3336 383 3407 Γραφή·
1767 3340 1808 3395 C
1844 3354 2131 3424 intelligas,
2181 3369 2340 3423 quam
2366 3353 2677 3424 primazvum
2710 3353 2861 3407 illum
2891 3366 3111 3413 canem,
3148 3348 3398 3404 carnivo-

1836 3461 1953 3499 rum
1988 3457 2040 3500 et
2064 3444 2411 3509 homicidam,
2440 3453 2498 3498 ut
2534 3445 2813 3514 Scriptura
2847 3436 3162 3513 loquitur".

228 3534 351 3588 Καὶ
386 3532 456 3587 τὰ
497 3533 695 3604 ἐφεξῆς
726 3534 817 3587 τοῦ
844 3534 1053 3605 ψαλμοῦ
1081 3536 1370 3608 διαγράφει
1397 3539 1493 3608 τὴν
1523 3537 1731 3611 κυνώδη

1903 3533 2131 3605 Reliqua
2156 3534 2339 3590 itidem
2364 3534 2557 3602 psalmi
2589 3534 2903 3589 describunt
2928 3532 3177 3587 caninam
3206 3531 3393 3584 vitam.

161 3623 336 3696 ζωήν.
387 3626 530 3679 Ἀντὶ
572 3626 678 3697 γὰρ
705 3627 801 3698 τῆς
830 3627 1035 3698 ὑλακῆς
1064 3628 1301 3698 φθόγγον
1330 3629 1451 3683 τινὰ
1496 3630 1585 3683 διὰ
1615 3632 1735 3684 στό-

1834 3624 1968 3679 Nam
1994 3626 2113 3680 loco
2139 3626 2372 3680 latratus
2398 3640 2591 3678 sonum
2621 3624 2906 3694 quemdam
2944 3638 3011 3678 ex
3051 3637 3146 3677 ore
3180 3622 3394 3676 illorum

164 3734 340 3784 ματος
363 3716 538 3769 αὐτῶν
572 3718 820 3785 γενέσθαι
862 3719 1029 3788 λέγει,
1061 3723 1154 3773 καὶ
1182 3721 1301 3774 τέιντ)⁸
1342 3720 1447 3774 τῶν
1482 3722 1724 3775 κυνοδὸν-

1830 3716 2067 3786 prodire,
2096 3724 2149 3771 et
2176 3716 2297 3771 loco
2351 3715 2591 3771 dentium
2643 3716 2962 3770 caninorum
3013 3713 3248 3784 gladium
3295 3714 3399 3768 sub

157 3825 269 3860 των
319 3808 589 3879 ῥομφαίαν
644 3813 756 3873 τοῖς
802 3810 1033 3880 χείλεσιν
1083 3812 1491 3882 ὑποκεκρύφθαι
1547 3813 1729 3883 φησὶν,

1832 3807 1990 3861 labiis
2014 3823 2199 3862 eorum
2224 3807 2598 3863 absconditum
2620 3807 2773 3861 dicit.
2804 3804 2893 3860 Sic
2915 3806 3057 3860 enim
3084 3804 3247 3860 verba
3274 3818 3395 3859 sese

155 3900 305 3953 οὕτω
338 3900 510 3968 λέγων
539 3904 645 3965 τοῖς
675 3904 933 3972 ῥήμασιν’
972 3922 990 3954 ‹
1046 3904 1174 3957 Ἰδοὺ
1204 3902 1632 3973 ἁποφθέγξονται
1675 3906 1729 3957 ὲν

1834 3899 2070 3954 habent:
2110 3898 2279 3954 «Ecce
2306 3901 2593 3969 loquentur
2627 3899 2679 3952 in
2702 3914 2796 3954 ore
2825 3914 2944 3963 suo,
2997 3906 3050 3953 et
3078 3896 3291 3967 gladius
3340 3895 3396 3949 in

154 3992 234 4062 τῷ
290 3992 519 4063 στόματι
572 3994 770 4060 αὐτῶν,
818 3996 912 4048 καὶ
960 3996 1197 4066 ῥομφαία
1243 3999 1300 4050 ἐν
1336 4001 1448 4059 τοῖς
1500 3998 1728 4068 χείλεσιν

1832 3991 1989 4045 labiis
2016 4005 2255 4047 eorum.»
2286 3989 2389 4044 Sed
2420 3989 2653 4044 terrilica
2688 3989 2800 4043 haec
2825 3988 2971 4043 risus
2993 3994 3120 4041 sunt
3149 3986 3276 4049 illis,
3302 3986 3394 4052 qui

151 4083 361 4139 αὐτῶν.
403 4103 421 4134 ι
485 4084 643 4137 Ἀλλὰ
677 4085 745 4137 τὰ
784 4085 987 4158 φοόερὰ
1020 4086 1191 4141 ταῦτα
1228 4090 1339 4151 τοῖς
1386 4089 1476 4141 τὸν
1509 4089 1639 4141 Θεὸν
1673 4092 1725 4143 ὲν

1834 4081 1997 4137 Deum
2033 4098 2212 4136 secum
2246 4081 2476 4148 habent;
2524 4080 2598 4134 ait
2624 4082 2807 4133 enim:
2862 4078 2964 4132 tEt
2997 4086 3084 4144 tu,
3134 4076 3392 4137 Domine,

152 4176 376 4237 ἑαυτοῖς
408 4175 585 4245 ἔχουσι
606 4175 777 4245 γέλως
809 4178 972 4234 ἐστίν.
998 4197 1015 4229 ι
1041 4179 1110 4231 Σὺ
1138 4198 1155 4229 ι
1183 4179 1309 4250 γὰρ,
1345 4180 1526 4250 φησὶν,
1570 4200 1587 4232 ‹
1618 4183 1726 4234 Κύε

1830 4172 2101 4228 deridebis
2130 4186 2383 4241 eos;ego
2414 4186 2545 4226 vero
2570 4170 2943 4225 fortitudinem
2995 4183 3168 4224 meam
3215 4167 3283 4222 ad
3342 4177 3396 4222 te

151 4283 273 4336 ριος
296 4305 313 4330 ,
344 4267 614 4340 ὲκγελάσῃ
649 4270 863 4332 αὐτούς’
890 4270 997 4338 ἐγὼ
1027 4270 1083 4323 δὲ
1123 4270 1182 4323 τὸ
1216 4272 1413 4342 κράτος
1454 4289 1554 4342 μου
1595 4272 1725 4342 πρὸς

1831 4264 2191 4320 οιιειοάίδιηδ
2232 4264 2294 4317 Ει
2325 4272 2447 4333 post
2479 4278 2650 4333 pauca
2684 4261 3067 4333 praesigniﬁcat
3116 4260 3389 4316 deﬁnitam

148 4356 212 4409 σὲ
243 4354 490 4425 φυλάξω.
531 4376 548 4408 ι
587 4359 694 4409 Καὶ
721 4359 834 4427 μετ’
864 4359 1016 4427 ὀλίγα
1045 4360 1343 4430 προμηνύει
1373 4360 1470 4432 τὴν
1499 4362 1722 4432 ὁρισθεῖ-

1830 4372 1860 4410 a
1894 4355 2003 4411 Deo
2030 4371 2195 4425 super
2219 4370 2318 4411 suo
2338 4354 2593 4425 ﬁgmento
2623 4354 2982 4408 oeconomiam
3009 4359 3063 4407 et
3084 4350 3394 4422 dispositio-

146 4465 255 4500 σαν
293 4449 402 4500 ὑπὸ
434 4449 526 4501 τοῦ
574 4450 708 4502 Θεοῦ
739 4451 831 4502 ἐπὶ
872 4451 963 4503 τοῦ
998 4450 1126 4502 ίδίου
1166 4452 1484 4522 πλάσματος
1524 4455 1720 4506 οἰκονο-

1828 4465 1987 4515 nem;
2023 4447 2151 4504 dicit
2187 4452 2326 4503 enim
2354 4467 2366 4501 :
2412 4447 2492 4515 Ne
2514 4447 2732 4502 occidas
2764 4462 2879 4511 eos,
2902 4445 2995 4501 sed
3021 4444 3241 4499 detrahe
3271 4444 3396 4498 illos

147 4538 309 4608 μίαν.
341 4540 476 4607 Φησὶ
504 4541 610 4609 γάρ
630 4556 643 4570 ο
675 4542 765 4611 Μὴ
796 4542 1114 4613 ἀποκτείνῃς
1157 4544 1373 4608 αὐτοὺς,
1407 4544 1542 4597 ἀλλὰ
1570 4546 1721 4599 κατά-

1829 4541 1897 4594 ab
1925 4540 2208 4593 altitudine
2234 4539 2451 4592 malitiae
2478 4538 2533 4591 in
2566 4538 2883 4606 aequabilem
2915 4544 2968 4590 et
2998 4536 3209 4605 planam
3239 4534 3384 4593 illam

142 4642 293 4694 γαγε
332 4627 529 4689 αὐτοὺς
563 4628 669 4679 ἀπὸ
692 4627 782 4680 τοῦ
813 4627 977 4697 ὕψους
1005 4632 1100 4700 τῆς
1121 4632 1315 4694 κακίας
1338 4633 1416 4695 είς
1442 4633 1501 4685 τὸ
1534 4634 1716 4686 ἐπίπε-

1828 4629 2042 4684 vivendi
2081 4629 2376 4691 rationem,
2420 4643 2540 4697 quae
2582 4627 2879 4682 secundum
2929 4624 3095 4679 Deum
3141 4624 3385 4679 institui-

140 4714 235 4768 δόν
267 4732 338 4768 τε
376 4718 477 4769 καὶ
519 4717 718 4788 ὁμαλὸν
760 4719 858 4789 τῆς
881 4719 1020 4772 κατὰ
1048 4720 1178 4773 Θεὸν
1213 4722 1503 4786 πολιτείας.
1549 4725 1714 4795 Ὅπερ

1832 4731 1964 4776 tur:
2002 4722 2146 4791 quod
2200 4730 2253 4775 et
2302 4719 2504 4775 Paulus
2560 4734 2789 4789 magnus
2839 4718 2929 4772 ille
2974 4718 3284 4787 apostolus,
3335 4724 3388 4770 et

140 4804 207 4875 δὴ
246 4806 353 4858 καὶ
398 4806 609 4870 Παῦλος
641 4811 669 4861 ὁ
699 4809 902 4878 μέγας,
936 4809 1029 4861 κα)⁸
1076 4810 1103 4862 ὁ
1131 4811 1437 4878 Βαπτιστὴς
1474 4813 1714 4885 Ἰωάννης

1846 4811 2083 4866 Joannes
2113 4810 2351 4881 Baptista
2383 4809 2626 4863 fecerunt
2652 4827 2665 4862 :
2701 4806 2901 4861 Paulus
2930 4806 3143 4875 quidem
3175 4806 3267 4875 qui
3296 4805 3391 4860 de-

138 4895 439 4965 ὲποίησεν.
509 4898 594 4950 Ἐν
649 4899 843 4968 Παύλῳ
896 4899 1013 4968 μὲν,
1056 4900 1481 4972 καθαιρουμένου
1529 4905 1712 4968 παντὸς

1832 4901 2252 4956 struxitomnem
2282 4899 2621 4953 altitudinem
2651 4898 2998 4951 extollentem
3037 4913 3095 4952 se
3126 4896 3393 4953 adversus

141 4985 475 5057 ὑψώματος,
516 4988 609 5041 τοῦ
646 4989 785 5043 κατὰ
829 4989 924 5060 τῆς
958 4990 1105 5054 θείας
1148 4993 1399 5060 γνώσεως
1427 4995 1715 5065 ὲιιταιρομέ⁴

1831 4993 2114 5048 scientiam
2141 4991 2234 5046 Dei
2254 4992 2328 5056 ‘9;
2356 4989 2593 5045 Joannes
2614 5004 2742 5045 vero
2765 4988 3058 5043 secundum
3087 4987 3237 5041 Isaia:
3258 5003 3385 5057 pro-

135 5091 233 5128 νου
264 5094 280 5107 ο
324 5076 431 5128 ὑπὸ
451 5077 506 5129 δὲ
547 5078 810 5143 Ἰωάννου,
840 5080 980 5132 κατὰ
996 5081 1092 5152 τὴν
1119 5084 1449 5155 προφητείαν
1481 5084 1699 5138 Ἡσαΐου

1832 5086 2109 5158 phetiam,
2161 5099 2353 5139 omnes
2399 5092 2614 5137 montes
2661 5089 2715 5136 et
2766 5082 2934 5135 colles
2986 5078 3291 5133 humiliavit
3335 5088 3388 5133 et

139 5167 361 5229 παντὸς
395 5168 582 5237 ὅρους,
628 5171 719 5223 καὶ
753 5171 943 5240 βουνοῦ
984 5172 1118 5243 πρὸς
1156 5175 1215 5227 τὸ
1261 5176 1512 5230 ταπεινὸν
1559 5194 1713 5231 κατα·

1827 5175 2215 5246 complanavit.
2258 5173 2335 5227 Ex
2366 5173 2567 5243 quibus
2630 5171 2982 5241 intelligimus
3020 5170 3259 5238 ipsorum
3290 5170 3385 5222 ho-

136 5259 469 5328 σπωμένου.
488 5263 564 5311 Δι’
592 5254 666 5314 ὧν
695 5262 1053 5334 μανθάνομεν,
1077 5265 1158 5317 ὅτι
1183 5267 1291 5317 τῶν
1316 5267 1411 5336 μὲν
1434 5267 1710 5340 ἁνθρώπωπ

1827 5269 2032 5322 minum
2081 5281 2189 5321 non
2238 5266 2353 5321 fore
2404 5265 2793 5329 abolitionem,
2842 5277 2909 5316 ne
2949 5260 3189 5315 divinum
3248 5275 3386 5330 opus

133 5346 466 5418 ἀφανισμὸς
487 5350 588 5402 οὐκ
616 5349 785 5415 ἔσται,
820 5352 905 5404 ’ίνα
939 5356 1012 5425 μὴ
1035 5354 1095 5407 τὸ
1113 5354 1250 5408 Θεῖον
1273 5356 1430 5427 ἔργον
1460 5359 1707 5430 ἀχρειωθῇ

1829 5361 2019 5414 inutile
2064 5358 2345 5423 reddatur,
2382 5358 2429 5413 si
2466 5356 2673 5411 recidat
2719 5357 2772 5409 in
2826 5354 3084 5418 nihilum,
3128 5352 3221 5406 sed
3266 5352 3386 5406 loco

130 5439 217 5509 τῷ
251 5440 599 5511 ἀνυπάρκτῳ
628 5443 1037 5513 ἀφανιζόμενον.
1089 5446 1227 5498 Ἀλλ’
1248 5448 1361 5502 ἀντ’
1384 5451 1561 5503 αὐτῶν
1593 5453 1700 5505 ἀπο

1828 5454 2066 5522 ipsorum
2099 5450 2299 5519 peribit
2328 5455 2607 5518 peccatum
2629 5487 2644 5509 ,
2673 5455 2727 5502 et
2760 5446 2813 5499 in
2845 5443 3072 5498 nihilum
3101 5451 3386 5498 converte-

132 5530 331 5584 λιίται
364 5532 397 5601 ἡ
426 5532 689 5604 ἁμαρτία,
741 5535 833 5585 καὶ
871 5536 949 5597 είς
990 5535 1050 5587 τὸ
1090 5537 1163 5608 μὴ
1215 5538 1274 5590 δν
1318 5547 1706 5612 περιστήσεται

1830 5552 1916 5596 tur
1943 5561 1956 5596 :
1993 5560 2013 5594 ι
2040 5542 2303 5596 Delictum
2352 5540 2463 5597 oris
2508 5554 2693 5593 eorum
2716 5576 2731 5599 ,
2760 5556 2778 5588 ι
2810 5535 3021 5605 inquit,
3053 5553 3071 5586 ι
3099 5543 3151 5589 et
3204 5549 3385 5590 sermo

134 5641 161 5677 ί
202 5623 494 5695 ’Δμαρτία
531 5643 549 5675 ι
585 5625 714 5696 γὰρ,
747 5624 932 5695 φησὶν,
973 5646 991 5677 ι
1029 5627 1292 5698 στόματος
1313 5632 1491 5686 αὐτῶν
1521 5634 1613 5685 καλ⁸
1640 5634 1708 5686 λά

1830 5634 2094 5688 labiornm
2141 5636 2382 5704 ipsorum
2432 5640 2516 5688 est
2546 5651 2564 5683 ι
2597 5628 2886 5699 superbia,
2943 5626 3281 5693 exsecratio,
3329 5634 3384 5678 et

132 5726 238 5799 γος
274 5710 510 5782 χειλέων
533 5713 728 5767 αὐτῶν.
771 5732 789 5765 ι
826 5714 935 5766 Καὶ
961 5714 1324 5787 ὑπερηφανία,
1363 5720 1457 5775 καὶ
1479 5722 1608 5794 ἀρὰ,
1637 5725 1706 5776 κα

1827 5726 2199 5791 mendacium,
2228 5745 2247 5778 ι
2272 5726 2328 5784 in
2371 5726 2450 5781 ira
2484 5719 2970 5784 consummationis
2999 5735 3111 5777 non
3136 5722 3311 5772 erunt.
3360 5729 3380 5763 ι

257 5891 310 5925 ⁸⁸
340 5888 491 5946 Jcan.
523 5907 637 5962 nan,
671 5893 755 5966 ιῌ.
874 5891 969 5959 "ll
1011 5895 1135 5953 Cor.
1179 5911 1241 5962 x._
