4044 6494
201 350 302 400 ιῖίίθ

1623 356 1690 412 ΙΝ
1722 356 1850 412 PSA
1861 356 2061 413 LMOS.

3350 370 3454 426 6|0

199 464 257 517 τὸ
285 465 436 537 μετά
461 466 560 537 τὴν
606 467 822 541 λοχείαν
877 469 1195 542 καθάρσιον,
1228 471 1322 526 καὶ
1361 471 1431 527 τά
1451 472 1679 529 τοιαῦτα
1697 473 1789 527 λέ-

1899 474 2265 530 excellentiam
2318 471 2677 540 deducentes,
2737 472 3179 531 circumcisiouis
3233 486 3288 533 et
3340 491 3461 552 post

198 574 358 627 γουσι
378 559 459 629 τῷ
482 560 704 633 ἀριθμῷ
728 565 830 633 τῆς
863 563 1083 634 Ὀγδόης
1099 565 1563 636 καταμηνύεσθαι.
1597 566 1787 638 Ἡμεῖς

198 651 251 704 δὲ
278 656 442 723 παρά
469 653 564 706 τοῦ
602 639 839 723 perﬂet:
869 654 1085 709 Παύλου
1122 656 1411 726 μαθόντες,
1447 659 1529 713 ὃτι
1573 660 1601 712 ό
1624 659 1788 730 νόμος

201 746 576 817 πνευματικός
609 749 749 810 ἐστι,
790 748 893 802 κᾶν
919 752 978 803 ὲν
1016 751 1131 813 τοῖς
1162 751 1575 822 μνημονευθεϊσι
1603 751 1789 821 νόμοις

198 841 225 893 ό
251 839 494 911 ἀριθμὸς
518 833 677 903 οὗτος
718 839 1049 912 ἐμφέρηται,
1100 840 1404 913 νομοθετῶν
1442 842 1536 896 καὶ
1567 840 1644 913 τῷ
1687 841 1788 914 ἆῤ-

200 932 311 1002 ρενι
351 930 451 1002 τὴν
496 931 821 1004 περιτομὴν.
858 933 954 987 καὶ
982 935 1047 1005 τῇ
1091 935 1312 1003 γυναικὶ
1356 933 1455 1007 τὴν
1484 934 1576 987 ἐπὶ
1620 933 1791 987 καθα-

200 1021 403 1092 ρισμοῦ
453 1022 644 1076 θυσίαν
667 1039 682 1054 ο
730 1022 855 1077 ούτε
884 1023 1264 1095 ἀποϐάλλομεν
1300 1023 1391 1079 τὸν
1432 1024 1617 1095 νόμον,
1663 1021 1789 1077 οὔτε

196 1114 477 1178 ταπεινῶς
512 1114 846 1187 ὲκδεχόμεθα
865 1154 881 1180 ,
916 1115 1116 1181 εἰδότες
1142 1155 1158 1181 ,
1191 1118 1273 1171 ὄτι
1295 1113 1511 1188 ἀληθῶς
1536 1119 1602 1189 τῇ
1630 1116 1788 1189 ὀγδόῃ

200 1205 412 1272 γίνεται
440 1206 475 1275 ἡ
500 1205 1038 1279 ἀληθινὴξπεριτομὴ,
1061 1207 1149 1261 διὰ
1180 1208 1278 1279 τῆς
1308 1207 1567 1279 πετρίνης
1595 1208 1792 1279 μαχαί⁹

201 1313 298 1368 ρας
328 1298 724 1368 ἐνεργουμένη.
750 1299 911 1362 Νοεῖς
938 1298 995 1352 δὲ
1018 1299 1235 1363 πάντως
1257 1299 1345 1354 διά
1370 1300 1468 1372 τῆς
1486 1297 1793 1371 τεμνούσης

199 1390 253 1441 τὸ
278 1390 605 1461 ἀκάθαρτον
638 1392 865 1462 πέτρας,
908 1392 1077 1464 αὐτὴν
1100 1394 1200 1465 τὴν
1236 1392 1445 1465 πέτραν
1490 1393 1612 1464 ἥτις
1641 1393 1792 1447 ἐστὶν

199 1483 224 1533 ό
255 1479 505 1551 Χριστὸς
526 1522 540 1545 ,
570 1484 849 1552 τουτέστι,
890 1485 993 1556 τῆς
1022 1484 1281 1557 ἀληθείας
1309 1488 1337 1539 ὁ
1371 1485 1547 1554 λόγος’
1576 1484 1671 1539 καὶ
1709 1485 1791 1539 ὅτι

200 1570 325 1623 τότε
375 1571 612 1626 παύεται
656 1574 688 1644 ὴ
739 1575 968 1645 ρυπῶσα
1003 1574 1111 1628 τῶν
1151 1574 1244 1629 τοῦ
1301 1575 1417 1646 βίου
1454 1574 1793 1647 πραγμάτων

201 1662 397 1732 ῥύσις,
466 1664 566 1735 τῆς
613 1661 961 1738 ἀνθρωπίνης
1017 1666 1160 1737 ζωῆς
1216 1666 1795 1740 μεταστοιχειωθείσης

202 1755 344 1825 πρὸς
404 1756 467 1810 τὸ
527 1757 821 1830 θειότερον.
887 1759 974 1823 Ὠς
1018 1757 1062 1812 δ’
1096 1759 1161 1813 ἃν
1204 1761 1339 1813 πᾶσι
1388 1760 1598 1828 γένοιτο
1635 1760 1794 1830 δῆλον

199 1823 257 1895 τό
295 1844 361 1896 ἐν
407 1846 523 1907 τοῖς
567 1823 829 1908 τοιούτοις
866 1844 1191 1916 νοούμενον,
1238 1823 1590 1919 σαφέστερον,
1647 1823 1797 1911 ὅπως
1827 1823 1869 1878 Β

200 1933 262 1985 ἄν
297 1928 419 1999 οἷός
453 1952 511 1988 τε
538 1933 618 1999 ὦ,
644 1935 735 1990 τὸν
761 1935 917 2006 λόγον
944 1936 1267 2009 ἐκθήσομαι.
1311 1939 1369 1993 '0
1402 1937 1498 1993 τοῦ
1535 1936 1651 2010 βίου
1680 1938 1800 1992 τού-

202 2041 294 2076 του
344 2026 542 2096 χρόνος
588 2027 650 2079 ὲν
697 2027 764 2099 τῇ
822 2026 1017 2102 πρώτῃ
1064 2028 1398 2103 δημιουργίᾳ
1437 2030 1537 2102 τῆς
1566 2030 1799 2095 κτίσεως

200 2115 285 2169 διὰ
322 2119 455 2187 μιᾶς
493 2115 784 2191 ἑϐδομάδος
811 2120 1034 2192 ἡμερῶν
1063 2121 1477 2194 συνεπληρώθη·
1509 2121 1711 2193 ἤρξατό
1736 2139 1796 2175 τε

200 2207 313 2277 γὶρ
348 2209 460 2261 ἀπὺ
496 2209 597 2279 τῆς
645 2208 873 2282 πρώτης
913 2212 947 2283 ἡ
990 2209 1100 2265 τῶν
1127 2212 1295 2267 ὄντων
1324 2213 1669 2285 δημιουργία,
1701 2202 1797 2268 καὶ

299 2302 510 2375 ἑϐδόμῃ
532 2303 899 2374 συγκατέληξε
916 2303 977 2358 τὸ
1003 2306 1182 2377 πέρας
1208 2306 1307 2376 τῆς
1332 2308 1610 2370 κτίσεως.ι
1646 2306 1801 2375 Ἐγέ-

202 2411 356 2448 νετο»
380 2395 490 2467 γὰρ
517 2414 536 2447 ι
560 2396 746 2468 ἡμέρα
770 2398 919 2468 μία.»
948 2400 1207 2469 φησὶν,ὲν
1276 2398 1345 2453 τά
1358 2399 1551 2472 πρῶτα
1565 2400 1800 2469 ὲγένετοο

202 2488 303 2540 καὶ
325 2486 502 2549 οὕτως
535 2487 592 2540 ὲν
614 2491 683 2559 τῇ
708 2487 941 2560 δευτέρᾳ
963 2488 1032 2543 τὰ
1063 2489 1291 2562 δεύτερα
1311 2529 1326 2555 ,
1351 2491 1446 2545 καὶ
1488 2490 1800 2555 ἀκολούθως

202 2580 314 2642 ἕως
353 2581 465 2633 τῶν
497 2580 555 2648 ἐξ
585 2582 822 2636 ἅπαντα.
887 2583 951 2637 Ἦ
997 2582 1052 2637 δὲ
1087 2583 1287 2657 ἑϐδόμη
1334 2585 1508 2657 πέρας
1529 2583 1797 2656 γενομένη

202 2672 308 2741 τῆς
328 2674 585 2737 κτίσεως,
623 2675 680 2728 ἑν
709 2673 877 2747 ἑαυτῇ
909 2674 1250 2749 περιέγραψε
1281 2676 1371 2731 τὸν
1399 2693 1803 2750 συμπαρεκτει-

204 2765 433 2835 νόμενον
461 2768 528 2836 τῇ
561 2767 875 2839 κατασκευῇ
903 2765 999 2820 τοῦ
1030 2766 1239 2840 κόσμου
1265 2768 1475 2840 χρόνον.

1888 566 2239 637 puerperium
2278 564 2676 635 puriﬁcationis
2733 565 2928 636 legem,
2990 583 3053 621 ac
3105 569 3228 623 talia
3267 568 3459 627 dicunt

1889 670 2119 713 numero
2157 653 2374 711 Octava:
2423 652 2743 725 signiﬁcari.
2778 652 2891 710 Nos
2941 662 3124 711 autem
3176 666 3207 709 a
3262 672 3463 729 magno

1888 746 2059 803 Paulo
2105 748 2273 815 docti,
2318 747 2464 818 quod
2497 748 2583 801 lex
2610 746 2912 817 spiritualis
2941 747 3013 804 sit
3034 748 3101 815 “,
3142 748 3359 807 etiamsi
3406 752 3463 806 in

1889 840 2205 895 memoratis
2252 840 2462 910 legibus
2487 838 2580 893 hic
2620 849 2885 895 numerus
2914 841 3281 907 contineatur,
3324 858 3465 913 prae-

1891 932 2141 988 scribens
2196 937 2250 985 et
2298 930 2546 985 masculo
2575 928 3080 995 circumcisionem,
3139 940 3193 987 et
3246 934 3461 989 mulieri

1892 1021 2289 1094 purificationis
2348 1022 2567 1076 nomine
2619 1021 2950 1076 sacriﬁcium
2997 1030 3053 1078 et
3106 1024 3462 1091 oblationem,

1894 1128 2073 1186 neque
2102 1113 2295 1169 humili
2323 1121 2485 1183 atque
2509 1114 2722 1185 abjecta
2749 1122 2932 1169 mente
2955 1130 3075 1170 eam
3099 1115 3465 1184 admittimus,

1893 1208 2133 1264 scientes
2165 1207 2311 1277 quod
2362 1206 2556 1277 procul
2611 1206 2778 1261 dubio
2818 1214 3013 1262 octavo
3059 1206 3146 1262 die
3194 1224 3321 1265 vera
3357 1211 3468 1264 cir-

1893 1299 2156 1355 cumcisio
2205 1298 2319 1363 ﬁat,
2350 1314 2471 1369 quae
2502 1313 2600 1369 per
2638 1298 2911 1370 lapideum
2944 1299 3181 1354 cultrum
3234 1300 3470 1357 admini-

1894 1399 2122 1448 stratur.
2157 1391 2420 1462 lntelligis
2452 1398 2636 1446 autem
2676 1407 2903 1462 prorsus
2948 1407 3046 1462 per
3102 1391 3336 1463 lapidem
3376 1392 3470 1465 qui

1896 1484 2169 1554 impurum
2222 1491 2274 1539 et
2324 1483 2667 1538 immundum
2702 1482 2923 1548 scindit,
2979 1484 3159 1554 ipsum
3207 1485 3468 1554 lapidem,

1896 1575 1989 1645 qui
2025 1581 2109 1631 est
2136 1573 2390 1629 Christus
2412 1576 2479 1639 ",
2509 1575 2615 1629 hoc
2654 1581 2737 1628 est
2760 1574 3005 1629 veritatis
3031 1588 3233 1636 sermo,
3255 1577 3469 1647 etquod

1901 1677 2032 1722 tunc
2088 1666 2325 1722 humana
2359 1666 2470 1721 vita
2526 1666 2595 1721 ad
2641 1666 2963 1722 diviniorem
2994 1677 3048 1723 et
3096 1669 3473 1739 augustiorem

1898 1756 2128 1815 formam
2155 1757 2425 1824 traducta,
2456 1757 2674 1813 ﬁnietur
2700 1759 2954 1815 sordidus
2983 1762 3322 1832 negotiorum
3348 1761 3475 1817 vita:

1902 1851 2102 1904 ﬂuxus.
2150 1846 2219 1903 Ut
2262 1855 2440 1902 autem
2480 1849 2734 1903 omnibus
2768 1847 3119 1905 manifestum
3158 1850 3277 1917 ﬁat,
3326 1852 3474 1921 Quod

1904 1954 2001 2011 per
2030 1939 2159 1995 talia
2200 1938 2532 2009 intelligatur
2556 1980 2570 2006 ,
2601 1953 2714 1995 rem
2747 1938 2815 1995 de
2847 1954 2954 2011 qua
2982 1940 3180 2012 agitur,
3214 1956 3314 2011 pro
3339 1940 3476 1996 viri-

1902 2034 2006 2088 bus
2037 2032 2279 2102 apertius
2304 2045 2593 2101 exponam.
2618 2028 2793 2101 Hujus
2822 2031 2948 2086 vitae
2971 2039 3187 2103 tempus
3212 2033 3268 2089 in
3296 2033 3475 2104 prima

1904 2125 1995 2181 illa
2037 2124 2381 2180 institutione
2426 2130 2691 2179 creaturae
2734 2138 2832 2194 per
2861 2138 3025 2179 unam
3058 2124 3269 2181 dierum
3302 2127 3473 2197 septi-

1904 2230 2121 2270 manam
2150 2214 2478 2285 completum
2513 2220 2619 2271 est.
2656 2212 2791 2270 Nam
2821 2224 2876 2271 et
2905 2230 2936 2270 a
2969 2215 3056 2273 die
3078 2217 3253 2288 prima
3286 2233 3471 2273 rerum

1903 2306 2285 2360 universarum
2352 2302 2629 2374 opiﬁcium
2691 2304 3005 2359 institutum
3063 2310 3168 2371 est,
3231 2312 3286 2361 et
3345 2316 3472 2359 cum

1904 2393 2136 2463 septima
2168 2391 2293 2447 ﬂnis
2321 2392 2617 2448 creationis
2650 2390 2753 2448 fuit
2774 2393 2841 2447 ’⁸.
2882 2391 3119 2451 «Factus
3148 2404 3232 2451 est
3252 2413 3272 2448 ι
3305 2393 3474 2460 enim,

1906 2487 2106 2557 inquit,
2137 2505 2157 2536 ι
2177 2485 2296 2542 dies
2322 2501 2517 2549 unus,»
2549 2485 2603 2540 in
2630 2501 2739 2557 quo
2761 2485 2936 2557 prima
2962 2486 3105 2542 facta
3132 2494 3291 2545 sunt:
3316 2500 3481 2560 atque

1904 2581 1981 2638 ita
2023 2582 2079 2636 in
2136 2578 2399 2646 secundo,
2460 2580 2737 2635 secunda:
2788 2595 2852 2635 ac
2889 2580 3147 2651 deinceps
3191 2598 3368 2653 usque
3409 2582 3479 2637 ad

1906 2681 2144 2738 sextum,
2181 2673 2459 2728 universa.
2495 2670 2775 2744 Septimus
2822 2683 3001 2730 autem
3046 2690 3170 2731 cum
3210 2676 3481 2732 terminus

1906 2762 2201 2820 errationis
2227 2763 2556 2829 exstitisset,
2587 2763 2647 2818 in
2676 2778 2736 2819 se
2762 2762 3203 2835 circumscripsit
3238 2774 3482 2837 tempus.

204 2861 355 2930 quod
409 2861 630 2917 interim
680 2861 811 2919 dum
871 2863 1112 2920 mundus
1162 2874 1466 2932 crearetur,
1517 2864 1945 2935 transigebatur.

293 2953 380 3017 Ὠς
433 2952 615 3006 τοίνυν
646 2951 771 3007 οὕτε
802 2953 1029 3026 οὐρανὸς
1057 2952 1117 3021 ἐξ
1144 2952 1351 3009 ἐκείνου
1396 2956 1637 3026 γέγονεν,
1671 2954 1796 3010 οὗτε

205 3062 256 3099 τι
287 3046 475 3117 ἓτερον
515 3044 624 3097 τῶν
657 3043 753 3098 τοῦ
793 3045 1000 3117 κόσμου
1038 3047 1219 3119 μερῶν
1254 3047 1558 3121 προσετέθη
1592 3050 1704 3113 τοῖς
1737 3048 1798 3113 ἐξ

1974 2947 2047 3006 Ut
2072 2949 2243 3021 igitur
2287 2964 2467 3020 neque
2496 2950 2697 3005 caelum
2732 2965 2798 3005 ex
2834 2950 2929 3005 illo
2956 2960 3200 3022 tempore
3252 2952 3481 3021 factum,

1906 3055 2083 3111 neque
2131 3038 2321 3094 mundi
2372 3041 2555 3109 aliqua
2590 3054 2717 3110 pars
2755 3040 2823 3095 iis
2855 3055 2979 3110 quae
3021 3041 3089 3095 ab
3128 3042 3285 3097 initio
3336 3043 3482 3098 facta

206 3138 385 3207 ἀρχῆς
433 3136 737 3206 γεγονόσιν·
782 3138 897 3191 ἀλλ’
954 3138 1084 3208 ἔστη
1141 3140 1225 3210 ἐφ’
1275 3140 1476 3211 ἑαυτῆς
1528 3140 1795 3211 ήκτίσις,

1906 3139 2053 3196 sunt,
2086 3129 2298 3199 adjecta
2324 3138 2428 3196 est,
2462 3130 2556 3184 sed
2594 3131 2838 3186 constitit
2871 3130 2927 3186 in
2958 3132 3137 3201 seipsa
3164 3132 3366 3189 nullius
3395 3134 3485 3187 in-

208 3229 520 3302 απροσδεὴς
548 3229 641 3282 καὶ
673 3228 943 3300 ἀμείωτος
974 3231 1031 3284 έν
1053 3232 1165 3295 τοίς
1198 3230 1418 3302 μέτροις
1448 3232 1652 3302 ἑαυτῆς
1683 3231 1797 3285 δια-

215 3323 449 3393 μείνασα
470 3338 481 3349 ·
512 3320 686 3384 οὕτως
710 3320 834 3374 οὕτε
862 3324 1051 3394 χρόνος
1083 3323 1239 3387 ἀλλος
1272 3324 1377 3378 ὑπὸ
1406 3324 1496 3379 τὸν
1526 3327 1592 3396 τῇ
1624 3343 1799 3397 παρα-

213 3415 379 3485 σκευῇ
430 3411 526 3466 τοῦ
570 3412 780 3483 κόσμου
828 3414 1311 3486 συναναδειχθέντα
1359 3416 1608 3485 ἐγένετοο
1667 3416 1802 3470 ἀλλὰ

213 3504 554 3577 περιωρίσθη
605 3508 669 3575 τῇ
710 3504 964 3575 ἑϐδομάδι
1010 3505 1116 3560 τῶν
1168 3508 1387 3580 ἡμερῶν
1420 3509 1454 3579 ἡ
1481 3507 1575 3562 τοῦ
1608 3510 1799 3581 χρόνου

214 3597 393 3665 φύσις.
448 3596 562 3648 Καὶ
609 3595 798 3648 τούτου
838 3596 1000 3666 χάριν
1046 3597 1125 3650 ὅτ’
1165 3598 1231 3650 ἂν
1280 3598 1638 3671 ὲκμετρῶμεν
1680 3601 1802 3663 ταῖς

214 3693 450 3763 ἡμέραις
489 3692 580 3745 τὸν
608 3693 820 3763 χρόνον,
858 3691 966 3744 ἀπὸ
994 3692 1092 3760 τῆς
1131 3693 1260 3761 μιᾶς
1289 3692 1579 3762 ἀρχόμενοι
1612 3692 1707 3744 καὶ
1735 3693 1799 3762 τῇ

216 3785 422 3858 ἑϐδόμῃ
468 3784 559 3837 τὸν
605 3767 838 3855 ἀριθμὸν
877 3783 1313 3847 κατακλείοντες
1357 3783 1519 3836 πάλιν
1571 3784 1663 3835 ἐπὶ
1704 3781 1802 3854 τὴν

220 3877 345 3946 μίαν
373 3874 798 3947 ἀναποδίζομεν,
833 3874 923 3929 ἀεὶ
950 3874 1042 3928 διὰ
1070 3874 1165 3928 τοῦ
1195 3875 1395 3929 κύκλου
1433 3875 1542 3929 τῶν
1578 3874 1805 3946 ἑϐδομά-

216 3971 319 4023 δων
364 3969 807 4041 ἀναμετροῦντες
856 3968 978 4022 ὃλον
1025 3968 1087 4021 τὸ
1136 3967 1229 4021 τοῦ
1271 3968 1463 4039 χρόνου
1505 3969 1800 4039 διάστημαο

217 4061 321 4125 In»;
356 4062 423 4115 ἂν
459 4058 841 4132 παρελθόντων
883 4059 990 4112 τῶν
1016 4058 1371 4129 κινουμένων,
1402 4060 1497 4112 καὶ
1524 4057 1808 4129 παυσαμέ-

1901 3236 2068 3293 super
2119 3224 2195 3277 rei
2249 3236 2418 3292 egena
2468 3221 2956 3294 diminutionisque
3004 3240 3199 3294 expers
3250 3226 3306 3280 in
3366 3227 3484 3284 suis

1902 3314 2080 3370 modis
2128 3329 2453 3384 permanens
2478 3323 2731 3369 creatura
2767 3332 2781 3368 :
2835 3314 2907 3369 ita
2942 3331 3116 3387 neque
3144 3325 3359 3388 tempus
3389 3334 3485 3373 ex-

1905 3405 2042 3461 stitit
2073 3405 2243 3458 ullum
2284 3406 2431 3459 aliud
2479 3412 2679 3475 prmter
2705 3405 2781 3471 id,
2820 3407 2965 3476 quod
2992 3423 3099 3463 una
3143 3423 3266 3462 cum
3313 3408 3486 3463 fabri-

1904 3498 2120 3551 catione
2155 3496 2345 3551 mundi
2383 3497 2730 3568 designatum
2760 3507 2864 3563 est,
2916 3498 3011 3555 sed
3059 3500 3271 3555 dierum
3312 3502 3482 3572 septi-

1905 3603 2066 3644 mana
2119 3590 2382 3660 temporis
2426 3600 2621 3645 natura
2663 3589 2886 3646 deﬁnita
2924 3599 3027 3648 est.
3070 3592 3246 3664 Atque
3280 3595 3384 3649 hac
3417 3597 3486 3651 de

1903 3691 2091 3746 causa,
2135 3693 2260 3734 cum
2303 3678 2496 3735 diebus
2526 3688 2743 3752 tempus
2786 3683 3062 3747 metimur,
3093 3685 3162 3739 ab
3204 3701 3313 3740 uno
3348 3686 3487 3741 inci-

1905 3771 2119 3842 pientes
2154 3780 2209 3827 et
2251 3772 2485 3842 septimo
2512 3788 2799 3829 numerum
2832 3775 3247 3840 concludentes,
3291 3794 3488 3835 rursus

1906 3863 1973 3916 ad
2012 3880 2179 3919 unum
2216 3864 2576 3935 regredimur,
2606 3882 2703 3937 per
2736 3868 2999 3922 ambitum
3029 3869 3484 3938 septimanarum.

1908 3971 2125 4026 semper
2154 3965 2329 4012 totum
2358 3959 2623 4027 temporis
2648 3960 2884 4027 spatium
2909 3960 3280 4026 remetientes,
3309 3961 3486 4017 donec

1905 4047 2197 4117 praeteritis
2227 4048 2294 4104 iis
2321 4065 2443 4120 quae
2471 4056 2780 4114 moventur,
2812 4049 3065 4121 ﬂuxoque
3102 4058 3274 4118 motu,
3311 4062 3367 4107 ut
3401 4053 3488 4108 in-

217 4172 312 4224 νης
336 4154 472 4207 ποτὲ
494 4152 593 4221 τῆς
618 4152 851 4222 ροὠδους
875 4152 1163 4221 κινήσεως,
1194 4152 1375 4216 καθώς
1406 4169 1569 4222 φησιν
1585 4154 1614 4205 ό
1648 4151 1798 4204 Ἀπό-

1908 4139 2028 4210 quit
2066 4139 2359 4210 Apostolus
2380 4144 2448 4207 ",
2477 4142 2773 4212 aliquando
2821 4152 3095 4208 cessante,
3127 4147 3487 4210 venerintea,

220 4247 426 4310 στολος,
463 4244 594 4318 ἔλθῃ
622 4244 689 4298 τὰ
722 4244 916 4315 μηκέτι
941 4244 1294 4315 σαλευόμενα,
1318 4238 1392 4298 ὧν
1416 4241 1685 4313 μεταϐολὴ
1713 4243 1798 4295 καὶ

1910 4247 2032 4303 quae
2088 4248 2199 4287 non
2258 4234 2495 4305 amplius
2547 4232 2834 4299 ﬂuctuant,
2892 4244 2946 4290 et
2992 4237 3295 4306 agitantur;
3367 4252 3493 4307 quae

217 4337 504 4398 ἀλλοίωσις
556 4334 739 4387 οὐκέτι
774 4333 1007 4387 ἅπτεται
1029 4372 1048 4397 ,
1098 4336 1160 4387 ὲν
1191 4336 1301 4397 τοῖς
1333 4335 1517 4397 αὐτοῖς
1547 4331 1798 4396 ὡσαύτως

1908 4327 2167 4399 deinceps
2197 4328 2448 4385 alteratio
2477 4330 2816 4400 mutatioque
2858 4344 2966 4384 non
3000 4331 3235 4399 amplius
3268 4332 3490 4401 attingit

220 4429 304 4480 ἀεὶ
332 4426 473 4497 πρὸς
499 4426 626 4488 τοὺς
647 4424 845 4493 ἐφεξῆς
869 4423 1072 4487 αἰῶνας
1095 4423 1452 4495 διαμενούσης
1474 4425 1686 4495 ἐκείνης
1709 4423 1798 4493 τῆς

1908 4420 1965 4475 ἰη
1987 4422 2213 4486 eisdem,
2251 4424 2442 4479 eodem
2466 4423 2630 4478 modo
2659 4438 2873 4492 semper
2906 4422 2959 4477 in
2982 4423 3264 4493 sequentia
3291 4425 3493 4478 saecula

220 4520 476 4581 κτίσεως,
512 4521 571 4570 ὲν
680 4518 889 4584 γίνεται
934 4518 967 4587 ὴ
1006 4516 1235 4588 ἀληθινὴ
1269 4515 1541 4587 περιτομὴ
1576 4518 1673 4586 τῆς
1710 4515 1798 4568 ἀν-

1914 4525 2167 4571 manente
2200 4516 2286 4572 illa
2316 4525 2590 4585 creatura,
2618 4517 2673 4572 in
2701 4532 2807 4588 qua
2837 4532 2964 4571 vera
2999 4516 3248 4571 humana:
3283 4526 3490 4572 natura:

222 4609 501 4681 θρωπίνης
525 4607 740 4673 φύσεως
769 4608 827 4659 ὲν
854 4608 920 4676 τῇ
942 4606 1043 4674 τῆς
1072 4605 1391 4676 σωματικῆς
1419 4604 1562 4674 ζωῆς
1595 4620 1798 4675 περιαι-

1913 4608 2263 4662 circumcisio
2314 4624 2410 4678 per
2461 4608 2861 4679 ademptionem
2902 4608 3026 4661 vitae
3059 4609 3382 4677 corporalis,
3436 4617 3491 4665 ct

224 4704 388 4776 ρέσει,
415 4703 513 4755 καὶ
535 4701 597 4753 τὸ
618 4698 871 4769 ἀληθινὸν
892 4697 1186 4771 καθάρσιον
1208 4696 1300 4749 τοῦ
1321 4695 1575 4767 ἀληθινοῦ
1609 4696 1798 4767 ῥύπου.

1911 4716 2039 4755 vera
2070 4701 2377 4770 purificatio
2404 4715 2658 4757 verarum
2681 4701 2924 4757 sordium
2953 4701 3029 4756 ﬁt.
3072 4702 3274 4756 Sordes
3305 4709 3491 4756 autem

234 4797 431 4859 Ῥύπος
464 4795 521 4848 δὲ
552 4792 839 4865 ἀνθρώπου
872 4794 905 4862 ὴ
939 4791 1200 4862 ἁμαρτία,
1241 4792 1274 4862 ἡ
1307 4790 1798 4863 συναποτικτομένη

1913 4792 2151 4849 hominis
2184 4804 2467 4865 peccatum
2503 4803 2607 4858 est,
2640 4792 2785 4865 quod
2813 4808 2920 4849 una
2954 4808 3077 4848 cum
3111 4794 3350 4847 humana
3370 4794 3494 4850 edi-

227 4892 284 4960 τῇ
320 4885 642 4959 ἀνθρωπίνῃ
666 4884 827 4953 φύσει
863 4883 965 4951 (ὅτι
1003 4899 1021 4933 ι
1049 4883 1108 4934 ὲν
1131 4880 1427 4952 ἁμαρτίαις
1454 4881 1711 4953 ὲκίσσησέ
1737 4898 1798 4951 με

1911 4894 2002 4942 tur
2023 4896 2239 4952 natura,
2264 4888 2520 4957 quoniam
2554 4905 2572 4939 ι
2594 4888 2651 4942 in
2679 4887 2916 4957 peccatis
2940 4887 3190 4957 concepit
3211 4902 3298 4942 me
3319 4896 3497 4943 mater

226 4983 257 5053 ἡ
284 4983 472 5051 μήτηρ
504 4994 604 5049 μου
639 4995 659 5029 ι
680 4977 721 5042 ),
754 4976 821 5046 ἠν
853 4977 881 5028 ὁ
904 4974 995 5028 τὸν
1023 4973 1362 5046 καθαρισμὸν
1390 4973 1499 5027 τῶν
1525 4972 1798 5045 ἁμαρτιῶν

1910 4994 2029 5033 mea
2053 4978 2127 5033 ’δε
2152 4998 2169 5031 ο
2208 4979 2354 5049 quod
2386 4990 2667 5050 peccatum
2700 4980 2747 5036 is
2773 4980 2865 5050 qui
2898 4978 3337 5051 purificationem
3363 4995 3496 5051 pec-

224 5071 378 5143 ήμῶν
441 5066 835 5137 ποιησάμενος,
887 5065 1009 5118 τότε
1063 5062 1143 5127 εἰς
1194 5064 1253 5117 τὸ
1299 5064 1409 5117 πᾶν
1465 5064 1798 5135 ἐκκαθαίρει.

1903 5076 2151 5122 catorum
2176 5080 2491 5123 nostrorum
2515 5068 2773 5137 confecit,
2808 5078 2939 5126 tunc
2964 5072 3019 5126 in
3055 5071 3372 5127 universum
3397 5086 3491 5126 ex-

227 5163 595 5233 ὲξαναλίσκων
633 5162 696 5213 ὲκ
729 5158 828 5229 τῆς
857 5156 965 5210 τῶν
988 5156 1156 5209 όντων
1191 5155 1403 5223 φύσεως
1432 5157 1541 5209 πᾶν
1566 5156 1687 5209 ὅσον
1719 5156 1798 5209 αἱ·

1903 5169 2123 5230 purgat,
2156 5160 2456 5216 absumens
2474 5176 2539 5215 ac
2564 5163 2763 5218 tollens
2788 5179 2857 5218 ex
2886 5178 3069 5218 rerum
3093 5172 3296 5217 natura
3325 5162 3487 5231 quid-

233 5256 476 5329 ματῶδές
504 5271 564 5307 τε
602 5252 698 5306 καὶ
737 5249 981 5322 ῥυπαρὸν
1009 5249 1104 5302 καὶ
1146 5246 1498 5321 ἀκρόϐυστον.
1527 5247 1639 5301 Καὶ
1665 5244 1798 5303 οὕτω

1910 5250 2038 5321 quid
2088 5251 2171 5306 vel
2210 5262 2495 5307 cruentum
2543 5254 2625 5308 vel
2658 5254 2937 5309 sordidum
2969 5255 3052 5308 vel
3099 5253 3491 5324 praeputiosum

229 5349 495 5425 δεχόμεθα
520 5347 614 5401 τὸν
636 5346 763 5416 περὶ
792 5343 894 5415 τῆς
926 5342 1149 5412 Ὀγδόης
1162 5344 1345 5413 νόμον,
1359 5342 1448 5396 τὸν
1478 5341 1798 5413 καθαίροντό

1908 5351 2013 5398 est.
2066 5343 2245 5413 Atque
2294 5345 2367 5398 ita
2405 5345 2709 5414 accipimus
2748 5346 2924 5417 legem
2980 5346 3049 5401 de
3086 5343 3327 5400 Octava:
3368 5357 3494 5413 qua

230 5458 288 5495 τε
331 5441 428 5495 καὶ
460 5436 883 5509 σιιςεριιιτέμνοντα⁸
926 5434 1060 5488 διότι
1093 5432 1185 5487 τοῦ
1214 5433 1569 5506 ἑϐδοματικοῦ
1608 5450 1798 5489 παυσα·

1920 5437 2008 5491 lex
2040 5446 2232 5507 purget
2278 5438 2485 5507 pariter
2516 5446 2570 5492 et
2612 5437 2989 5501 circumcidat,
3031 5444 3314 5507 prOpterca
3345 5433 3493 5503 quod

238 5534 390 5601 μένου
437 5530 665 5603 χρόνου,
718 5530 1040 5599 ἐνστήσεται
1095 5527 1275 5599 ἡμέρα
1322 5527 1480 5599 ὀγδόη
1534 5526 1673 5599 μετά
1712 5527 1798 5598 τὴη

1918 5531 2311 5601 septimanario
2340 5538 2585 5602 tempore
2618 5531 2791 5598 linito,
2832 5540 2953 5601 post
3001 5530 3289 5599 septimum
3322 5527 3498 5583 insta-

240 5623 489 5693 ἑϐδόμην
518 5623 680 5693 ὀγδόη
711 5621 810 5694 μὲν
836 5621 1103 5692 λεγομένη
1129 5660 1144 5687 ,
1171 5621 1252 5674 ὅτι
1286 5621 1426 5692 μετά
1452 5619 1551 5692 τὴν
1576 5620 1798 5693 έϐδόμηι

1918 5621 1999 5677 bit
2019 5622 2137 5678 dies
2165 5630 2442 5690 'octavus;
2472 5622 2565 5692 qui
2596 5629 2825 5678 octavus
2855 5621 3073 5693 quidem
3107 5618 3329 5687 dicitur,
3360 5620 3495 5691 quia

304 5780 353 5821 ⁸⁸
378 5779 661 5847 Rom.vn,
690 5779 779 5836 H.
888 5780 933 5811 "
964 5778 1123 5835 lCor.
1160 5794 1216 5843 x,
1245 5776 1301 5831 4.
1376 5776 1424 5811 ⁸⁸
1455 5775 1590 5833 Gen.
1616 5792 1657 5847 ι,
1688 5774 1743 5831 5.

1899 5778 1921 5834 ι
1950 5778 2077 5835 Cor.
2108 5794 2203 5845 vn,
2240 5778 2330 5831 5|.
2406 5777 2451 5809 "
2483 5775 2626 5831 Psal.
2654 5792 2705 5842 L,
2730 5776 2782 5828 7.
