4044 6526
573 327 668 378 {iii

1768 329 1824 384 S.
1879 329 2202 387 GREGOBII
2242 332 2533 393 NYSSENI

3699 331 3814 389 διε

572 452 694 512 post
723 447 1016 519 septimum
1039 443 1287 511 exsistit;
1313 445 1523 500 numeri
1553 459 1679 500 vero
1706 445 2136 502 vicissitudinem

2243 455 2464 524 γίνεται,
2496 453 2676 509 οὐκέτι
2701 454 2756 509 δὲ
2779 453 2877 526 τὴν
2901 449 2994 508 τοῦ
3025 449 3258 526 ἀριθμοῦ
3289 449 3536 522 διαδοχὴν
3564 450 3646 520 ἐφ’
3679 451 3814 504 ἐαυ-

575 540 631 596 in
670 555 790 596 sese
825 556 934 595 non
966 538 1200 609 amplius
1249 536 1505 591 admittit.
1538 535 1692 592 Unus
1725 538 1868 592 enim
1908 538 1964 592 in
2013 554 2139 610 per-

575 641 796 706 petuum
823 633 973 689 nulla
996 646 1234 688 unauam
1271 639 1541 686 nocturna
1573 632 1805 702 caligine
1836 632 2139 704 diremptus

573 731 877 796 permanet.
925 723 1079 778 Alius
1121 722 1264 778 enim
1305 737 1428 777 eum
1462 721 1632 778 efﬁcit
1674 724 1788 789 sol;
1827 723 1920 794 qui
1956 739 2138 779 veram

574 833 677 873 suo
699 817 907 887 fulgore
936 817 1111 870 lucem
1139 816 1270 880 edit,
1302 817 1393 886 qui
1417 824 1769 888 posteaquam
1791 817 1950 873 nobis
1973 818 2142 873 semel

577 908 833 972 illuxerit,
882 918 942 963 ut
994 908 1176 978 inquit
1204 909 1500 979 Apostolus
1522 909 1588 973 ”,
1639 909 1894 980 deinceps
1941 924 2140 965 occasu

574 1013 682 1051 non
714 997 1042 1060 occultatur,
1080 997 1174 1054 sed
1205 999 1388 1052 omnia
1422 999 1804 1053 illuminatrice
1828 1000 1878 1053 vi
1900 1015 1999 1054 sua
2027 1015 2143 1053 am-

574 1087 763 1159 plexus
805 1097 1123 1158 perpetuum
1163 1089 1369 1159 pariter
1402 1103 1465 1141 ac
1501 1087 1900 1143 vicissitudinis
1945 1103 2142 1158 expers

575 1179 755 1234 lumen
785 1179 964 1249 dignis
998 1179 1297 1250 ingenerat,
1336 1178 1499 1232 etiam
1542 1178 1709 1247 ipsos,
1753 1179 1844 1247 qui
1876 1179 2021 1234 illius
2057 1179 2142 1232 lu-

574 1267 738 1322 minis
765 1268 1057 1338 participes
1084 1266 1307 1333 fuerint,
1338 1268 1474 1322 alios
1491 1268 1635 1321 soles
1651 1266 1893 1323 efficiens
1914 1284 1928 1320 :
1954 1283 2143 1338 quem-

573 1362 866 1418 admodum
911 1363 966 1417 in
997 1363 1292 1433 Evangelia
1338 1361 1529 1418 Sermo
1574 1362 1737 1418 dicit:
1779 1384 1796 1416 ι
1824 1365 1978 1420 Tunc
2004 1365 2142 1437 justi

573 1453 856 1525 fulgebunt
903 1463 962 1510 ut
1002 1455 1084 1510 sol
1105 1454 1169 1506 ⁸ο.
1185 1473 1203 1506 ι

643 1549 913 1615 Quoniam
936 1550 1101 1621 igitur
1140 1551 1195 1605 in
1227 1550 1498 1621 superiori
1534 1551 1740 1621 psalmo
1780 1566 1877 1621 pro
1909 1566 1992 1619 ea,
2023 1568 2144 1623 qua:

573 1640 944 1695 haereditatem
967 1642 1132 1711 capit,
1147 1656 1451 1696 sermonem
1475 1641 1630 1696 fecit:
1655 1642 1939 1697 haereditas
1963 1650 2142 1697 autem

572 1733 629 1790 in
645 1731 847 1789 Octava
864 1732 1043 1804 dignis
1057 1735 1294 1804 reposita
1312 1744 1475 1804 atque
1495 1736 1772 1790 recondita
1785 1746 1899 1792 est:
1919 1745 2079 1808 atque
2091 1739 2144 1792 in

572 1822 1526 1897 hac‘justumquoquejudiciumDei,
1541 1825 1832 1896 unicuique
1846 1827 1918 1893 id,
1935 1845 2043 1898 quo
2059 1830 2143 1882 di—

572 1933 713 1989 gnus
738 1917 921 1982 fuerit,
942 1917 1187 1974 tribuens
1217 1926 1536 1976 exercetur:
1559 1929 1704 1974 recte
1724 1919 1991 1990 Propheta
2022 1937 2143 1975 cum

575 2010 857 2066 mentione
879 2009 1117 2076 Octavae,
1138 2010 1204 2066 de
1221 2011 1535 2080 ptenitentia
1557 2012 1717 2066 simul
1738 2011 1915 2066 intulit
1936 2029 2145 2068 sermo-

570 2118 716 2157 nem.
748 2102 882 2169 Quis
905 2104 1050 2159 enim
1075 2103 1536 2174 terribilisjudicii
1565 2102 1770 2161 Christi
1802 2105 2142 2165 recordatus.

569 2209 678 2248 non
717 2196 902 2250 statim
943 2195 998 2249 in
1022 2195 1357 2251 conscientia
1389 2211 1488 2251 sua
1517 2197 1675 2266 quasi
1711 2198 2051 2264 convellitur,
2080 2213 2145 2252 ac

569 2294 778 2344 terrore
815 2297 868 2343 et
890 2304 1089 2360 angore
1114 2305 1222 2344 non
1250 2291 1685 2361 constringitur?
1714 2299 1876 2361 atque
1903 2293 2064 2347 etiam
2097 2291 2144 2348 si

569 2381 695 2436 vita:
732 2383 928 2437 melius
972 2397 1134 2452 quam
1165 2382 1405 2438 deterius
1438 2391 1574 2437 acta:
1605 2384 1709 2438 sibi
1738 2385 1999 2440 conscius
2039 2386 2140 2439 sit:

570 2479 810 2526 attamen
845 2472 912 2526 ad
937 2483 1184 2526 exactam
1217 2473 1553 2542 diligentiam
1585 2484 1638 2528 et
1689 2474 1920 2545 rigorem
1954 2476 2144 2546 judicii

573 2564 897 2634 respiciens,
931 2564 985 2618 in
1019 2579 1129 2633 quo
1160 2565 1398 2618 minima:
1442 2581 1660 2636 quoque
1691 2567 1862 2636 culpae
1893 2568 1946 2621 in
1993 2583 2143 2641 quaa-

573 2654 804 2708 stionem
833 2653 1202 2718 adducuntur,
1250 2668 1313 2708 ac
1341 2669 1569 2724 prorsus
1595 2657 2002 2726 exspectatione
2033 2667 2144 2713 ter-

575 2745 819 2800 ribilium
853 2760 1137 2814 pmnarum
1167 2746 1555 2816 perhorrescit,
1605 2748 1863 2819 ignorans
1893 2750 2142 2820 quisnam

571 2837 676 2891 sibi
725 2837 916 2903 judicii
952 2837 1132 2892 exitus
1170 2845 1224 2892 et
1259 2846 1489 2893 eventus
1527 2837 1744 2894 futurus
1796 2841 1886 2894 sit.
1931 2841 2141 2895 idcirco

570 2928 726 2998 quasi
777 2928 832 2981 in
877 2929 1054 2984 oculis
1088 2928 1298 2983 habens
1323 2930 1588 2985 terribilia
1625 2933 1912 3002 supplicia,
1941 2933 2143 3002 gehen-

571 3037 696 3076 nam
725 3021 868 3074 illam
893 3028 947 3076 et
974 3023 1319 3076 tenebrosum
1349 3023 1551 3094 ignem,
1573 3035 1624 3080 et
1649 3025 1998 3080 conscientiae
2018 3040 2140 3079 ver-

2236 547 2334 618 τῆς
2364 547 2648 618 δεχομένη.
2681 548 2795 601 Μία
2837 546 2944 619 γὰρ
2984 549 3062 612 εἰς
3096 547 3158 600 τὸ
3190 545 3432 617 διηνεκὲς
3471 544 3816 615 παραμένει,

2237 638 2492 690 οὐδέποτε
2535 637 2833 709 νυκτερινῷ
2878 636 3228 708 διαιρουμένη
3270 635 3440 706 ζόφῳ.
3479 633 3668 699 ’Ἄλλος
3703 634 3818 706 γὰρ

2239 729 2408 797 αὐτὴν
2431 733 2574 782 ποιεῖ
2603 731 2631 782 ὁ
2665 729 2836 800 ἥλιος,
2865 731 2894 782 ὁ
2927 729 2987 782 τὸ
3020 728 3271 800 ἀληθινὸν
3301 727 3417 796 φῶς
3448 727 3814 798 ἀπολάμπωνο

2239 822 2299 885 ὃς
2328 821 2544 876 ἐπειδὰν
2574 822 2716 888 ἀπαξ
2749 823 2983 893 ἐπιφανῇ
3015 822 3169 892 ἡμῖν,
3189 817 3370 882 καθώς
3395 836 3559 890 φησιν
3587 821 3614 872 ὁ
3651 819 3820 870 Ἀπό-

2243 912 2442 976 στολος.
2475 913 2656 966 οὐκέτι
2683 916 2740 965 ὲν
2768 913 2994 983 δυσμαῖς
3027 911 3347 984 κρύπτεται,
3374 909 3508 963 ἀλλά
3541 909 3720 962 πάντα
3750 911 3818 979 τῇ

2241 1009 2539 1077 φωτιστικῇ
2559 1005 2747 1058 ἑαυτοῦ
2764 1006 2985 1076 δυνάμει
3002 1000 3745 1076 περιπτυξάμενος,διηνεκές
3761 1015 3822 1051 τε

2242 1099 2336 1152 καὶ
2367 1099 2642 1168 ἀδιάδοχον
2671 1101 2783 1161 τοῖς
2813 1098 2981 1163 ἀξίοις
3010 1097 3068 1150 τὸ
3096 1095 3210 1166 φῶς
3236 1097 3471 1166 ἐμποιεῖ⁸
3502 1095 3594 1147 καὶ
3621 1094 3821 1154 αὐτοὺς

2242 1193 2367 1254 τοὺς
2399 1190 2721 1260 μετέχοντας
2765 1191 2859 1242 τοῦ
2894 1189 3068 1259 φωτὸς
3119 1189 3330 1241 ἐκείνου
3353 1227 3368 1252 ,
3402 1186 3594 1248 ἄλλους
3636 1185 3822 1249 ἡλίους

2242 1283 2707 1354 ἀπεργαζόμενος,
2744 1281 2923 1345 καθώς
2951 1299 3112 1352 φησιν
3135 1283 3192 1334 ὲν
3220 1279 3296 1351 τῷ
3318 1277 3637 1348 Εὑαγγελίῳ
3664 1276 3694 1326 ὀ
3716 1277 3821 1329 Λό-

2243 1391 2359 1444 γος,
2393 1376 2476 1428 ὅτι
2517 1394 2536 1427 ι
2575 1375 2708 1428 Τότε
2737 1377 2784 1427 oi
2817 1374 3013 1428 δίκαιοι
3042 1372 3345 1443 λάμψουσιν
3373 1371 3449 1434 ὡς
3473 1371 3500 1422 ὁ
3523 1368 3696 1440 ἥλιος.
3726 1386 3747 1420 ι

2324 1551 2475 1604 Ἐπεὶ
2503 1546 2594 1602 οῦν
2625 1549 2765 1621 ὑπὲρ
2799 1550 2894 1620 τῆς
2931 1548 3386 1620 Κληρονομούσης
3412 1548 3470 1600 ὲν
3511 1546 3591 1618 τῷ
3619 1545 3822 1619 προλα-

2245 1642 2389 1695 ϐὁντι
2427 1641 2626 1712 ψαλμῷ
2663 1641 2753 1721 τδν
2780 1641 2936 1709 λόγον
2969 1641 3291 1711 πεποίηται,
3332 1641 3365 1711 ἡ
3398 1639 3456 1693 δὲ
3484 1638 3821 1711 κληρονομία

2247 1737 2305 1789 ἐν
2332 1739 2400 1806 τῇ
2447 1734 2633 1805 Ὀγδόῃ
2671 1737 2782 1797 τοῖς
2815 1734 2984 1798 ἀξίοις
3010 1733 3317 1799 ἀπόκειται,
3351 1733 3410 1784 έν
3434 1731 3608 1804 ταύτῃ
3635 1731 3695 1784 δὲ
3731 1731 3824 1785 καὶ

2180 1806 2219 1860 Β
2246 1830 2278 1899 ἡ
2310 1827 2489 1879 δικαία
2526 1825 2619 1878 τοῦ
2665 1825 2799 1879 Θεοῦ
2832 1825 3040 1893 γίνεται
3068 1826 3284 1896 κρίσις,
3338 1824 3553 1894 ἑκάστῳ
3596 1823 3661 1875 τὸ
3702 1825 3821 1875 κατ’

2247 1916 2404 1982 ἀξίαν
2461 1916 2716 1987 νέμουσα⁶
2776 1915 2956 1980 καλῶς
3012 1916 3040 1968 ὁ
3083 1916 3373 1987 Προφήτης
3419 1915 3486 1984 τῇ
3537 1913 3669 1984 περὶ
3723 1913 3821 1983 τῆς

2259 2004 2483 2076 Ὀγδόης
2555 2006 2747 2078 μνήμῃ
2784 2004 2875 2058 τὸν
2939 2003 3068 2075 περὶ
3119 2003 3405 2075 μετανοίας
3457 2004 3820 2072 συνεισήγαγε

2245 2095 2420 2164 λόγον.
2463 2095 2558 2158 Τίς
2600 2094 2708 2166 γὰρ
2741 2093 2837 2164 τῆς
2889 2095 3124 2166 φοϐερᾶς
3171 2095 3262 2148 τοῦ
3309 2093 3545 2165 Χριστοῦ
3586 2093 3821 2164 κρίσεως

2249 2189 2468 2258 μνήμην
2505 2185 2705 2250 λαϐὼν,
2741 2187 2839 2238 οὐκ
2871 2186 3030 2249 εὐθὺς
3056 2186 3115 2238 ἐν
3159 2185 3237 2256 τῷ
3287 2186 3545 2239 συνειδότι
3575 2184 3662 2256 τῷ
3709 2184 3821 2257 ἰδίῳ

2248 2281 2618 2351 σπαράσσεται
2643 2319 2659 2343 ,
2689 2280 2782 2333 καὶ
2814 2279 2965 2349 φόϐῳ
3004 2281 3099 2332 καὶ
3135 2280 3325 2350 ἀγνοίᾳ
3368 2279 3653 2350 συνέχεται
3676 2295 3694 2344 ;
3721 2280 3819 2330 κᾶν

2246 2374 2383 2444 πρὸς
2406 2373 2467 2427 τδ
2508 2375 2752 2442 κρεῖττον
2795 2371 2972 2441 ἐαυτῷ
3003 2371 3357 2440 συνεγνωκὼς
3381 2371 3519 2443 τύχῃ
3544 2370 3642 2423 τὸν
3674 2371 3819 2441 βίον,

2245 2465 2357 2518 ἀλλ’
2393 2460 2483 2518 οὖν
2515 2464 2652 2535 πρὸς
2679 2463 2776 2534 τὴν
2801 2463 3083 2534 ἀκρίϐειαν
3109 2463 3208 2533 τῆς
3239 2463 3467 2534 κρίσεως
3503 2463 3741 2534 βλέπων,
3766 2467 3821 2517 ὲν

2245 2550 2278 2629 ᾗ
2317 2556 2412 2609 καλ⁸
2445 2555 2513 2608 τὰ
2543 2555 2845 2608 λεπτότατα
2881 2554 2988 2607 τῶν
3034 2555 3440 2627 παροραμάτων
3469 2559 3546 2620 εἰς
3576 2556 3822 2621 ἐξέτασιν

2245 2653 2453 2720 ἀγεται’
2492 2653 2876 2704 καταπτοεῖται
2907 2652 3121 2717 πάντως
3146 2655 3212 2723 τῇ
3243 2652 3350 2706 τῶν
3378 2653 3626 2725 φοϐερῶν
3656 2672 3821 2724 προσ-

2243 2731 2415 2815 δοκίᾳ,
2444 2745 2540 2796 οὐκ
2566 2743 2719 2807 εἰδὼς
2746 2745 2825 2806 εἰς
2860 2744 2888 2797 ὃ
2919 2761 2972 2797 τι
3002 2744 3150 2815 αὐτῷ
3180 2743 3241 2797 τὺ
3265 2745 3364 2815 τῆς
3392 2745 3630 2816 κρίσεως
3662 2762 3823 2797 κατα-

2243 2838 2394 2909 λήξει
2421 2839 2612 2909 πέρας.
2643 2836 2844 2890 Τούτου
2873 2838 3030 2908 χάριν
3055 2837 3129 2898 ὡς
3149 2839 3206 2890 ὲν
3227 2837 3522 2908 ὀφθαλμοῖς
3545 2837 3734 2891 λαϐὼν
3759 2836 3822 2891 τά

2245 2926 2449 2998 φοϐερὰ
2482 2925 2832 2998 κολαστήρια,
2867 2926 2964 2997 τὴν
2989 2927 3210 2995 γέενναν
3242 2929 3455 3000 εκείνην
3481 2929 3572 2981 καὶ
3607 2929 3671 2980 τὸ
3703 2946 3822 2981 σκοο

2243 3019 2415 3072 τεινὺν
2463 3017 2605 3090 πῦρ,
2652 3019 2869 3072 καὶτὸν
2907 3019 3263 3091 ἀτελεύτητον
3313 3020 3413 3090 τῆς
3467 3022 3820 3092 συνειδήσεως

571 3129 713 3167 mem
755 3128 1031 3182 nunquam
1065 3115 1423 3169 emorienlem
1446 3115 1487 3146 ³¹
1540 3117 1632 3186 qui
1669 3117 1902 3170 animam
1932 3131 2142 3186 semper

2248 3110 2504 3181 σκώληκα
2524 3153 2538 3174 ,
2581 3111 2669 3165 τὸν
2696 3112 2782 3165 ἀεὶ
2812 3111 3065 3181 μυζῶντα
3094 3112 3193 3182 τὴν
3221 3112 3396 3182 ψυχὴν
3429 3113 3494 3166 δι’
3527 3115 3818 3185 αἰσχύνης,

570 3206 781 3277 pudore
819 3206 1059 3278 sugillat,
1123 3220 1188 3260 ac
1235 3206 1613 3262 recordatione
1644 3209 1785 3263 male
1837 3217 1971 3262 actae
2019 3209 2146 3264 vita:

572 3299 852 3355 cruciatus
878 3305 1106 3353 renovat
1137 3309 1301 3370 atque
1325 3299 1697 3370 redintegrat:
1735 3299 1843 3354 Deo
1870 3299 1981 3368 jam
2016 3316 2146 3369 sup-

575 3392 696 3461 plex
723 3393 802 3456 lit,
828 3405 992 3444 orans
1023 3391 1172 3444 ne~in
1203 3391 1296 3442 illo
1318 3388 1502 3444 furore
1532 3389 1779 3443 tradatur
1803 3390 1868 3443 ad
1892 3390 2146 3458 quzestio-

575 3498 698 3536 nem
748 3489 802 3535 et
835 3481 1126 3550 judicium,
1182 3496 1286 3535 neu
1322 3495 1418 3549 per
1466 3482 1612 3534 illam
1646 3481 1779 3533 iram
1827 3479 2148 3535 adhibeatur

573 3574 679 3628 sibi
734 3573 1016 3641 castigatio
1058 3584 1278 3642 propter
1321 3571 1520 3627 delicta
1543 3573 1586 3603 ³³
1633 3574 1795 3643 (nam
1845 3572 1915 3627 ab
1952 3573 2018 3629 iis
2052 3573 2147 3644 qui

572 3667 772 3718 acerba
820 3664 1180 3734 castigatione
1211 3663 1472 3720 terribilis
1524 3663 1671 3718 illius
1726 3664 1977 3734 supplicii
2014 3679 2149 3719 con-

573 3756 812 3812 demnati
862 3765 1010 3821 sunt,
1062 3755 1266 3811 furoris
1303 3771 1425 3812 esse
1473 3771 1612 3827 opus
1662 3764 1716 3812 et
1752 3757 1849 3812 ira:
1881 3757 2148 3828 judicium

571 3847 708 3903 illud
739 3847 1126 3918 existimatur).
1169 3848 1344 3918 Atque
1378 3846 1584 3904 idcirco
1633 3850 1789 3918 quasi
1827 3851 1939 3920 jam
1970 3851 2024 3904 in
2049 3851 2148 3906 do-

570 3939 782 3995 loribus
831 3949 992 4010 atque
1043 3939 1380 3995 cruciatibus
1430 3942 1790 4008 constitutus,
1845 3943 2145 4000 dolentium

568 4047 734 4089 voces
764 4033 1030 4098 imitatur,
1083 4032 1284 4103 quibus
1333 4031 1485 4089 furor
1531 4049 1653 4090 esse
1707 4035 1919 4091 videtur
1943 4044 1996 4092 et
2041 4037 2142 4102 ira,

570 4125 836 4197 quidquid
885 4125 953 4179 ad
1011 4124 1348 4194 puniendum
1403 4124 1604 4196 impios
1655 4125 1964 4182 adhibetur.
2007 4126 2147 4182 Dicit

569 4220 774 4290 igitur:
818 4217 933 4272 Non
960 4225 1219 4287 exspecto
1251 4217 1426 4274 donec
1461 4234 1525 4274 ex
1557 4220 1650 4274 illo
1690 4221 1873 4277 furore
1901 4237 1996 4292 per
2028 4232 2142 4278 ter-

567 4310 752 4364 ribilia
775 4307 982 4378 ﬂagella
1005 4308 1072 4362 de
1091 4323 1176 4362 me
1197 4310 1534 4363 occultorum
1563 4309 1889 4366 delictorum
1910 4313 2143 4382 quaestio

569 4401 855 4465 habeatur,
911 4401 1005 4455 sed
1038 4415 1360 4470 prmoccupo
1407 4401 1738 4457 revelatione
1782 4410 1944 4473 atque
1978 4419 2145 4474 spon-

2247 3203 2338 3255 καὶ
2365 3205 2430 3272 τῇ
2464 3203 2650 3273 μνήμῃ
2673 3203 2784 3256 τῶν
2811 3202 2996 3264 κακῶς
3028 3203 3372 3274 βεϐιωμένων
3403 3204 3500 3268 τάς
3523 3206 3820 3276 ἀλγηδόνας

2247 3295 2677 3358 ἀνακαινίζονταο
2704 3295 2803 3366 ήδη
2836 3294 2926 3348 τοῦ
2955 3295 3090 3348 Θεοῦ
3144 3297 3326 3368 ἱκέτης
3356 3298 3596 3366 γίνεται,
3637 3301 3820 3369 δεόμε-

2245 3406 2354 3452 νος,
2398 3387 2470 3459 μὴ
2512 3387 2588 3458 τῷ
2641 3387 2798 3457 θυμῴ
2848 3386 3039 3458 ἐκείνῳ
3081 3388 3450 3460 παραδοθῆναι
3489 3391 3624 3461 πρὸς
3677 3391 3819 3459 ἔλεγ-

2247 3496 2361 3549 χον,
2398 3480 2532 3549 μήτε
2558 3479 2645 3531 διὰ
2667 3481 2762 3549 τῆς
2788 3478 2958 3550 ὀργῆς
2982 3478 3196 3550 ἐκείνης
3217 3481 3518 3552 ἐπαχθῆναι
3547 3482 3698 3552 αύτῷ
3726 3483 3818 3552 τὴν

2248 3569 2386 3639 ὑπὲρ
2415 3563 2490 3622 ὧν
2526 3569 2913 3641 ἐπλημμέλησε
2957 3571 3254 3628 παίδευσιν.
3291 3573 3414 3636 Τοῖς
3447 3572 3555 3644 γὰρ
3596 3573 3817 3626 καταδι·

2247 3661 2492 3714 κασθεῖσι
2537 3663 2604 3733 τῇ
2654 3663 2826 3732 πικρᾷ
2871 3661 3148 3716 παιδεύσει
3190 3663 3290 3733 τῆς
3329 3663 3562 3735 φοϐερᾶς
3605 3666 3818 3735 ἐκείνης

2247 3755 2540 3817 κολάσεως,
2585 3754 2757 3824 θυμοῦ
2807 3754 2965 3826 ἔργον
3010 3756 3290 3825 νομίζεται
3321 3757 3415 3810 καὶ
3441 3757 3607 3828 ὀργῆς
3646 3758 3679 3827 ή
3712 3757 3818 3811 διά-

2248 3863 2446 3918 κρισις.
2479 3846 2588 3900 Καὶ
2615 3846 2702 3899 διὰ
2724 3845 2880 3898 τοῦτο
2899 3885 2915 3908 ,
2962 3846 3038 3909 ὼς
3082 3849 3140 3899 ὲν
3166 3850 3278 3910 τοῖς
3315 3847 3581 3916 ἀλγεινοῖς
3607 3849 3714 3919 ἤδη
3736 3865 3818 3916 γι-

2247 3937 2495 4007 νόμενος,
2539 3935 2639 3998 τάς
2675 3936 2780 3989 τῶν
2814 3936 3169 4007 ὀδυνωμένων
3206 3937 3388 4005 φωνὰς
3430 3939 3814 4010 ὑποκρίνεται,

2245 4026 2325 4091 οἷς
2355 4028 2522 4099 θυμὸς
2565 4025 2704 4082 εἶναι
2738 4029 2886 4082 δοκεῖ
2916 4030 3009 4082 καλ⁸
3049 4030 3186 4102 ὀργὴ
3225 4029 3286 4084 τὸ
3316 4031 3408 4084 ἐπὶ
3447 4034 3692 4105 τιμωρίᾳ
3717 4035 3817 4086 τῶν

2246 4120 2456 4172 ἀσεϐῶν
2485 4120 2844 4190 ἐπαγόμενον.
2883 4122 3042 4190 Λέγει
3066 4122 3266 4189 τοίνυν,
3300 4124 3382 4178 ὅτι
3418 4124 3534 4180 Οὐκ
3567 4127 3815 4197 ἀναμένω

2245 4215 2309 4266 ἐκ
2339 4214 2432 4267 τοῦ
2463 4213 2634 4284 θυμοῦ
2658 4215 2864 4267 ἐκείνου
2897 4213 2983 4268 διὰ
3010 4215 3118 4268 τῶν
3146 4217 3390 4289 φοϐερῶν
3418 4221 3698 4288 μαστίγων
3728 4237 3815 4288 γε·

2246 4306 2428 4359 νέσθαι
2457 4323 2544 4376 μοι
2567 4306 2674 4358 τῶν
2704 4306 3099 4378 κεκρυμμένων
3128 4309 3218 4362 τὸν
3249 4309 3489 4380 ἔλεγχον·
3519 4312 3658 4366 ἀλλά
3687 4329 3814 4383 προ⁸

2245 4397 2505 4468 λαμϐάνω
2536 4401 2602 4468 τῇ
2631 4396 2980 4470 ἐξαγορεύσει
3027 4399 3128 4470 τὴν
3159 4401 3223 4454 ὲκ
3257 4401 3357 4472 τῆς
3390 4404 3559 4474 ὀργῆς
3603 4404 3813 4475 ἐκείνης

569 4505 728 4549 tanea
761 4491 1109 4547 confessione
1138 4494 1517 4547 necessitatem
1543 4509 1612 4548 ex
1637 4493 1728 4548 illa
1764 4494 1844 4548 ira
1880 4495 2010 4549 mihi
2041 4496 2138 4549 im-

2245 4489 2508 4560 ἀνάγκην.
2562 4489 2738 4561 Ὅπερ
2795 4491 2826 4560 ἡ
2877 4489 3036 4562 ὀδύνη
3090 4491 3326 4545 ἐπὶτῶν
3373 4495 3812 4566 μαστιγουμένων

569 4583 899 4656 ponendam.
939 4582 1096 4650 Quod
1125 4585 1402 4640 cruciatus
1434 4583 1563 4638 facit
1597 4586 1650 4638 in
1695 4586 1802 4641 illis
1829 4587 1923 4656 qui
1947 4589 2139 4643 verbe-

569 4685 784 4741 rantur,
812 4676 997 4732 invitis
1022 4676 1103 4731 eis
1123 4676 1338 4731 occu-lta
1366 4676 1573 4732 scelera
1599 4678 1886 4733 manifesta
1911 4677 2137 4745 faciens,

572 4771 625 4825 id
649 4785 682 4824 a
729 4786 789 4825 se
820 4771 940 4840 ipso
969 4771 1204 4826 liberum
1253 4771 1542 4826 arbitrium
1570 4771 1718 4837 facit,
1772 4774 2009 4843 seipsum
2045 4789 2141 4843 per

571 4863 947 4934 paenitentiam
977 4873 1030 4918 et
1058 4862 1339 4934 ﬂagellans
1365 4870 1418 4919 et
1451 4867 1706 4934 puniens,
1741 4865 2140 4937 publicansque

570 4962 731 5020 atque
757 4949 1046 5022 divulgans
1070 4951 1125 5005 in
1153 4953 1384 5008 occultis
1411 4953 1796 5010 absconditum
1825 4964 2134 5026 peccatum.

567 5040 706 5098 Cum
739 5041 968 5098 dixisset
1004 5044 1190 5115 igitur,
1235 5063 1255 5097 ι
1277 5042 1462 5115 Neque
1504 5047 1556 5101 in
1589 5046 1774 5105 furore
1814 5057 1909 5104 tuo
1937 5063 2140 5120 arguas

569 5149 676 5197 me,
730 5149 908 5204 neque
956 5133 1012 5189 in
1055 5135 1137 5190 ira
1175 5143 1270 5191 tua
1304 5139 1541 5208 castiges
1595 5155 1733 5207 me,»
1775 5153 2142 5214 congruenter

568 5225 827 5296 deinceps
853 5227 1100 5298 confugit
1139 5227 1207 5282 ad
1261 5229 1718 5297 misericordiam,
1772 5249 1881 5288 non
1918 5241 2028 5288 tam
2082 5234 2138 5290 in

570 5316 800 5374 liberam
828 5319 1161 5376 voluntatem
1201 5328 1256 5376 et
1283 5322 1594 5385 arbitrium.
1628 5340 1790 5396 quam
1823 5326 1881 5380 in
1908 5326 2140 5382 infirmi-

568 5411 716 5467 enim
763 5418 973 5466 natura:
1008 5424 1231 5466 causam
1270 5412 1396 5467 mali
1428 5412 1740 5471 conferens.
1792 5413 1850 5469 in
1881 5416 2028 5473 vitiis
2056 5432 2143 5474 me

569 5509 781 5570 natum,
834 5502 1034 5574 inquit,
1083 5502 1462 5560 misericordia
1508 5521 1676 5574 cura;
1728 5521 1796 5562 ex
1831 5506 2144 5566 inﬁrmitate

570 5591 717 5648 enim
759 5594 927 5652 incidi
959 5595 1014 5650 in
1053 5593 1324 5651 morbum.
1359 5595 1614 5662 Quaenam
1646 5605 1828 5655 autem
1853 5599 2144 5657 inﬁrmitas

2247 4583 2408 4645 ποιεῖ,
2431 4581 2671 4636 ἀκόντων
2699 4580 2878 4635 αὐτῶν
2903 4582 2969 4636 τὰ
2989 4583 3207 4655 κρυπτά
3231 4584 3330 4652 τῆς
3357 4585 3582 4655 ἀνομίας
3598 4585 3811 4657 ἐμφανῆ

2247 4673 2494 4728 ποιοῦσα⁹
2525 4673 2682 4727 τοῦτο
2707 4675 2850 4727 ποιεῖ
2882 4675 2975 4744 ἀφ’
3020 4675 3220 4745 ὲαυτῆς
3248 4677 3280 4746 ή
3326 4677 3662 4748 προαίρεσις,
3692 4679 3812 4730 ἑαυ·

2245 4764 2342 4836 τὴν
2371 4764 2459 4818 διά
2491 4765 2590 4836 τῆς
2615 4763 2900 4835 μετανοίας
2930 4766 3263 4836 μαστίξουσά
3286 4783 3344 4820 τε
3371 4768 3462 4820 καὶ
3496 4768 3809 4835 κολάζουσα,

2244 4860 2338 4912 καὶ
2356 4857 2748 4929 δημοσιεύουσα
2771 4857 2872 4929 τὴν
2906 4858 3325 4930 κεκαλυμμένην
3353 4861 3411 4912 ὲν
3437 4862 3548 4924 τοῖς
3575 4877 3811 4932 κεκρυμ-

2246 4950 2425 5020 μένοις
2460 4948 2751 5021 ἀμαρτίαν.
2783 4946 2967 5002 Εἰπὼν
2998 4950 3195 5015 τοίνυν,
3226 4951 3307 5005 ὅτι
3350 4968 3368 5001 ι
3392 4952 3546 5022 Μήτε
3563 4952 3639 5023 τῷ
3662 4951 3811 5022 θυμῷ

2244 5057 2336 5094 σου
2387 5040 2610 5112 ἐλέγξῃς
2639 5058 2729 5111 με,
2768 5042 2907 5113 μήτε
2939 5045 3008 5115 τῇ
3035 5042 3173 5114 ὀργῇ
3223 5060 3314 5096 σου
3345 5043 3639 5117 παιδεύσῃς
3668 5060 3753 5115 με,
3784 5063 3802 5094 ι

2243 5133 2551 5197 ἀκολούθως
2588 5127 2925 5204 καταφεύγει
2953 5135 3046 5189 ἐπὶ
3065 5137 3159 5190 τὸν
3184 5136 3352 5201 ἔλεον,
3374 5138 3436 5191 ού
3459 5138 3709 5192 τοσοῦτον
3733 5140 3808 5198 είς

2246 5225 2586 5298 προαίρεσιν,
2629 5225 2750 5279 ὅσον
2787 5226 2868 5290 είς
2906 5226 3190 5282 ἀσθένειαν
3234 5228 3480 5296 φύσεως,
3513 5229 3605 5283 τοῦ
3643 5225 3807 5284 κακοῦ

2243 5318 2342 5390 τὴν
2366 5318 2542 5372 αἰτίαν
2566 5317 2803 5386 ἀνάγων·
2852 5319 2938 5372 Ἐν
2973 5322 3162 5384 κακοῖς
3191 5321 3468 5389 γεγονότα,
3492 5321 3622 5392 ἐλέῳ
3653 5320 3806 5390 θερά-

2241 5427 2462 5465 πευσον·
2501 5411 2560 5476 ἐξ
2580 5411 2860 5474 ἀσθενείας
2892 5410 3000 5483 γὰρ
3019 5407 3179 5482 ἦλθον
3208 5413 3300 5465 ἐπὶ
3321 5412 3382 5466 τὸ
3413 5413 3599 5476 πάθος.
3628 5412 3719 5475 Τίς
3748 5409 3803 5463 δὲ

2243 5505 2278 5574 ἡ
2315 5502 2604 5566 ἀσθένεια;
2647 5499 2995 5573 Ἐξηρθρὼθη
3023 5502 3092 5556 τά
3135 5503 3268 5557 ὀστᾶ.
3315 5521 3437 5573 μου,
3471 5505 3564 5556 καὶ
3593 5499 3798 5568 διελύθη

2243 5595 2351 5649 ἀπὸ
2373 5594 2474 5664 τῆς
2497 5594 2612 5666 μετ’
2637 5593 2880 5667 ἀλλήλων
2907 5596 3188 5668 ἁρμονίας.
3232 5597 3395 5651 Ὀστᾶ
3411 5596 3469 5649 δὲ
3491 5597 3653 5664 λέγει,
3680 5592 3798 5654 τοὺς

531 5851 542 5862 .
639 5766 686 5800 "
711 5767 756 5823 ll
781 5770 906 5828 Cor.
939 5787 1013 5835 tv.
1039 5772 1090 5828 ι.
1166 5773 1211 5807 ⁸ο
1237 5773 1423 5832 Matth.
1449 5790 1566 5839 xm.
1590 5774 1676 5830 65.
1756 5775 1796 5808 ³⁸
1838 5775 2031 5831 Matth.
2065 5792 2182 5843 vm,
2205 5775 2272 5831 i2
2298 5793 2313 5845 ;
2339 5773 2509 5834 Marc.
2543 5775 2732 5848 11,:‘2,
2763 5775 2851 5832 45.
2930 5775 2974 5807 "
3005 5772 3150 5830 Psal.
3175 5788 3252 5840 vi,
3284 5771 3331 5828 2‘
3358 5787 3478 5844 sqq.
