  <div class='ocr_page' id='page_1' title='image "/cluster/home/n/w/nwhite01/storage/ocr_20150623/44/hvd.32044012542270/316.png"; bbox 0 0 4044 6484; ppageno 0'>
   <div class='ocr_carea' id='block_1_1' title="bbox 267 310 368 360">
    <p class='ocr_par' dir='ltr' id='par_1_1' title="bbox 267 310 368 360">
     <span class='ocr_line' id='line_1_1' title="bbox 267 310 368 360; baseline -0.03 0"><span class='ocrx_word' id='word_1_1' title='bbox 267 310 368 360; x_wconf 72' lang='lat'><strong>(&gt;13</strong></span> 
     </span>
    </p>
   </div>
   <div class='ocr_carea' id='block_1_2' title="bbox 1663 289 2095 349">
    <p class='ocr_par' dir='ltr' id='par_1_2' title="bbox 1663 289 2095 349">
     <span class='ocr_line' id='line_1_2' title="bbox 1663 289 2095 349; baseline -0.012 0"><span class='ocrx_word' id='word_1_2' title='bbox 1663 293 1730 349; x_wconf 84' lang='lat' dir='ltr'><strong>IN</strong></span> <span class='ocrx_word' id='word_1_3' title='bbox 1758 289 2095 349; x_wconf 79' lang='lat' dir='ltr'><strong>PSALMOS.</strong></span> 
     </span>
    </p>
   </div>
   <div class='ocr_carea' id='block_1_3' title="bbox 3401 283 3503 338">
    <p class='ocr_par' dir='ltr' id='par_1_3' title="bbox 3401 283 3503 338">
     <span class='ocr_line' id='line_1_3' title="bbox 3401 283 3503 338; baseline -0.02 0"><span class='ocrx_word' id='word_1_4' title='bbox 3401 283 3503 338; x_wconf 63' lang='grc'><strong>614</strong></span> 
     </span>
    </p>
   </div>
   <div class='ocr_carea' id='block_1_4' title="bbox 267 402 1845 494">
    <p class='ocr_par' dir='ltr' id='par_1_4' title="bbox 267 411 1827 494">
     <span class='ocr_line' id='line_1_4' title="bbox 267 411 1827 494; baseline -0.01 -16"><span class='ocrx_word' id='word_1_5' title='bbox 267 432 543 494; x_wconf 53' lang='grc' dir='ltr'>σώφρονας</span> <span class='ocrx_word' id='word_1_6' title='bbox 575 420 888 493; x_wconf 81' lang='grc' dir='ltr'>λογισμοὺς,</span> <span class='ocrx_word' id='word_1_7' title='bbox 930 421 1055 484; x_wconf 77' lang='grc' dir='ltr'>τοὺς</span> <span class='ocrx_word' id='word_1_8' title='bbox 1100 420 1196 492; x_wconf 85' lang='grc' dir='ltr'><strong>τὴν</strong></span> <span class='ocrx_word' id='word_1_9' title='bbox 1234 415 1411 489; x_wconf 79' lang='grc' dir='ltr'>ψυχὴν</span> <span class='ocrx_word' id='word_1_10' title='bbox 1454 411 1827 484; x_wconf 88' lang='grc' dir='ltr'>διερείδοντας.</span> 
     </span>
    </p>
   </div>
   <div class='ocr_carea' id='block_1_5' title="bbox 1948 402 3503 494">
    <p class='ocr_par' dir='ltr' id='par_1_5' title="bbox 1948 402 3503 468">
     <span class='ocr_line' id='line_1_5' title="bbox 1948 402 3503 468; baseline -0.006 -7"><span class='ocrx_word' id='word_1_11' title='bbox 1948 407 2059 461; x_wconf 82' lang='lat' dir='ltr'><strong>:st?</strong></span> <span class='ocrx_word' id='word_1_12' title='bbox 2113 402 2258 457; x_wconf 89' lang='lat' dir='ltr'><strong>Loco</strong></span> <span class='ocrx_word' id='word_1_13' title='bbox 2297 406 2442 457; x_wconf 87' lang='lat' dir='ltr'><strong>mota</strong></span> <span class='ocrx_word' id='word_1_14' title='bbox 2487 408 2618 458; x_wconf 85' lang='lat' dir='ltr'><strong>sunt</strong></span> <span class='ocrx_word' id='word_1_15' title='bbox 2654 413 2781 455; x_wconf 86' lang='lat' dir='ltr'><strong>ossa</strong></span> <span class='ocrx_word' id='word_1_16' title='bbox 2830 411 2977 463; x_wconf 81' lang='lat' dir='ltr'><strong>mea,</strong></span> <span class='ocrx_word' id='word_1_17' title='bbox 3031 403 3194 468; x_wconf 81' lang='lat' dir='ltr'><strong>atque</strong></span> <span class='ocrx_word' id='word_1_18' title='bbox 3241 411 3271 451; x_wconf 83' lang='lat' dir='ltr'><strong>a</strong></span> <span class='ocrx_word' id='word_1_19' title='bbox 3315 408 3503 452; x_wconf 85' lang='lat' dir='ltr'><strong>mutua</strong></span> 
     </span>
    </p>
   </div>
   <div class='ocr_carea' id='block_1_6' title="bbox 270 497 1836 583">
    <p class='ocr_par' dir='ltr' id='par_1_6' title="bbox 270 497 1836 583">
     <span class='ocr_line' id='line_1_6' title="bbox 270 497 1836 583; baseline -0.013 -14"><span class='ocrx_word' id='word_1_20' title='bbox 270 539 287 568; x_wconf 79' lang='grc' dir='ltr'><strong>ι</strong></span> <span class='ocrx_word' id='word_1_21' title='bbox 313 513 491 569; x_wconf 84' lang='grc' dir='ltr'>Ἰασαί</span> <span class='ocrx_word' id='word_1_22' title='bbox 516 529 604 583; x_wconf 89' lang='grc' dir='ltr'><strong>με,</strong></span> <span class='ocrx_word' id='word_1_23' title='bbox 632 512 825 582; x_wconf 79' lang='grc' dir='ltr'>Κύριε,</span> <span class='ocrx_word' id='word_1_24' title='bbox 855 512 935 564; x_wconf 82' lang='grc' dir='ltr'><strong>ὅτι</strong></span> <span class='ocrx_word' id='word_1_25' title='bbox 960 509 1231 581; x_wconf 77' lang='grc' dir='ltr'><strong>ἐταράχθη</strong></span> <span class='ocrx_word' id='word_1_26' title='bbox 1260 506 1328 561; x_wconf 84' lang='grc' dir='ltr'><strong>τά</strong></span> <span class='ocrx_word' id='word_1_27' title='bbox 1354 505 1487 558; x_wconf 83' lang='grc' dir='ltr'>ὀστᾶ</span> <span class='ocrx_word' id='word_1_28' title='bbox 1520 518 1641 572; x_wconf 91' lang='grc' dir='ltr'>μου.</span> <span class='ocrx_word' id='word_1_29' title='bbox 1669 519 1688 551; x_wconf 73' lang='grc' dir='ltr'><strong>ι</strong></span> <span class='ocrx_word' id='word_1_30' title='bbox 1723 497 1836 554; x_wconf 73' lang='grc' dir='ltr'><strong>Καὶ</strong></span> 
     </span>
    </p>
   </div>
   <div class='ocr_carea' id='block_1_7' title="bbox 264 590 1839 682">
    <p class='ocr_par' dir='ltr' id='par_1_7' title="bbox 264 590 1839 682">
     <span class='ocr_line' id='line_1_7' title="bbox 264 590 1839 682; baseline -0.013 -20"><span class='ocrx_word' id='word_1_31' title='bbox 264 607 554 682; x_wconf 63' lang='grc' dir='ltr'>ἑρμηνεύει</span> <span class='ocrx_word' id='word_1_32' title='bbox 584 604 677 658; x_wconf 90' lang='grc' dir='ltr'><strong>τοῦ</strong></span> <span class='ocrx_word' id='word_1_33' title='bbox 709 604 866 672; x_wconf 85' lang='grc' dir='ltr'>λόγου</span> <span class='ocrx_word' id='word_1_34' title='bbox 896 603 956 655; x_wconf 83' lang='grc' dir='ltr'><strong>τὸ</strong></span> <span class='ocrx_word' id='word_1_35' title='bbox 979 602 1225 672; x_wconf 74' lang='grc' dir='ltr'>αἰνιγμα,</span> <span class='ocrx_word' id='word_1_36' title='bbox 1259 598 1326 652; x_wconf 84' lang='grc' dir='ltr'>δι’</span> <span class='ocrx_word' id='word_1_37' title='bbox 1350 590 1426 651; x_wconf 80' lang='grc' dir='ltr'>ὧν</span> <span class='ocrx_word' id='word_1_38' title='bbox 1454 596 1699 664; x_wconf 72' lang='grc' dir='ltr'>ἐπήγαγε</span> <span class='ocrx_word' id='word_1_39' title='bbox 1726 591 1839 652; x_wconf 83' lang='grc' dir='ltr'>τοῖς</span> 
     </span>
    </p>
   </div>
   <div class='ocr_carea' id='block_1_8' title="bbox 266 684 1839 776">
    <p class='ocr_par' dir='ltr' id='par_1_8' title="bbox 266 684 1839 776">
     <span class='ocr_line' id='line_1_8' title="bbox 266 684 1839 776; baseline -0.013 -18"><span class='ocrx_word' id='word_1_40' title='bbox 266 703 597 776; x_wconf 67' lang='grc' dir='ltr'><strong>εἰρημένοις,</strong></span> <span class='ocrx_word' id='word_1_41' title='bbox 623 702 707 754; x_wconf 83' lang='grc' dir='ltr'><strong>ὅτι</strong></span> <span class='ocrx_word' id='word_1_42' title='bbox 736 720 755 752; x_wconf 76' lang='grc' dir='ltr'><strong>ι</strong></span> <span class='ocrx_word' id='word_1_43' title='bbox 787 701 852 753; x_wconf 83' lang='grc' dir='ltr'><strong>Ἦ</strong></span> <span class='ocrx_word' id='word_1_44' title='bbox 873 699 1020 770; x_wconf 74' lang='grc' dir='ltr'>ψυχή</span> <span class='ocrx_word' id='word_1_45' title='bbox 1048 714 1149 769; x_wconf 91' lang='grc' dir='ltr'><strong>μου</strong></span> <span class='ocrx_word' id='word_1_46' title='bbox 1175 692 1447 766; x_wconf 77' lang='grc' dir='ltr'><strong>ἐταράχθη</strong></span> <span class='ocrx_word' id='word_1_47' title='bbox 1480 689 1733 759; x_wconf 73' lang='grc' dir='ltr'>σφόδρα.)</span> <span class='ocrx_word' id='word_1_48' title='bbox 1772 684 1839 737; x_wconf 85' lang='grc' dir='ltr'><strong>Τί</strong></span> 
     </span>
    </p>
   </div>
   <div class='ocr_carea' id='block_1_9' title="bbox 265 777 1837 866">
    <p class='ocr_par' dir='ltr' id='par_1_9' title="bbox 265 777 1837 866">
     <span class='ocr_line' id='line_1_9' title="bbox 265 777 1837 866; baseline -0.014 -16"><span class='ocrx_word' id='word_1_49' title='bbox 265 794 356 851; x_wconf 80' lang='grc' dir='ltr'>οὖν</span> <span class='ocrx_word' id='word_1_50' title='bbox 382 793 661 866; x_wconf 74' lang='grc' dir='ltr'>ἀναϐάλλῃ</span> <span class='ocrx_word' id='word_1_51' title='bbox 680 834 694 857; x_wconf 92' lang='grc'><strong>,</strong></span> <span class='ocrx_word' id='word_1_52' title='bbox 720 793 902 862; x_wconf 74' lang='grc' dir='ltr'>φησὶν,</span> <span class='ocrx_word' id='word_1_53' title='bbox 932 791 1067 861; x_wconf 83' lang='grc' dir='ltr'>πρὸς</span> <span class='ocrx_word' id='word_1_54' title='bbox 1086 789 1183 859; x_wconf 80' lang='grc' dir='ltr'>τὴν</span> <span class='ocrx_word' id='word_1_55' title='bbox 1208 788 1370 850; x_wconf 76' lang='grc' dir='ltr'>ἴασιν,</span> <span class='ocrx_word' id='word_1_56' title='bbox 1404 785 1466 837; x_wconf 81' lang='grc' dir='ltr'><strong>σὺ</strong></span> <span class='ocrx_word' id='word_1_57' title='bbox 1495 781 1665 852; x_wconf 83' lang='grc' dir='ltr'>Κύριε</span> <span class='ocrx_word' id='word_1_58' title='bbox 1688 796 1702 843; x_wconf 91' lang='grc'>;</span> <span class='ocrx_word' id='word_1_59' title='bbox 1734 777 1837 840; x_wconf 76' lang='grc' dir='ltr'>ἕως</span> 
     </span>
    </p>
   </div>
   <div class='ocr_carea' id='block_1_10' title="bbox 266 868 1840 950">
    <p class='ocr_par' dir='ltr' id='par_1_10' title="bbox 266 868 1840 950">
     <span class='ocr_line' id='line_1_10' title="bbox 266 868 1840 950; baseline -0.013 -9"><span class='ocrx_word' id='word_1_60' title='bbox 266 889 399 941; x_wconf 82' lang='grc' dir='ltr'>πότε</span> <span class='ocrx_word' id='word_1_61' title='bbox 441 886 541 939; x_wconf 87' lang='grc' dir='ltr'><strong>ούκ</strong></span> <span class='ocrx_word' id='word_1_62' title='bbox 572 885 798 950; x_wconf 76' lang='grc' dir='ltr'><strong>ἐπάγεις</strong></span> <span class='ocrx_word' id='word_1_63' title='bbox 834 881 924 934; x_wconf 77' lang='grc' dir='ltr'><strong>τὸν</strong></span> <span class='ocrx_word' id='word_1_64' title='bbox 953 879 1129 945; x_wconf 81' lang='grc' dir='ltr'>έλεον;</span> <span class='ocrx_word' id='word_1_65' title='bbox 1160 878 1254 946; x_wconf 72' lang='grc' dir='ltr'>οὐχ</span> <span class='ocrx_word' id='word_1_66' title='bbox 1286 876 1414 946; x_wconf 84' lang='grc' dir='ltr'>ὁρᾷς</span> <span class='ocrx_word' id='word_1_67' title='bbox 1442 872 1541 942; x_wconf 80' lang='grc' dir='ltr'><strong>τῆς</strong></span> <span class='ocrx_word' id='word_1_68' title='bbox 1570 868 1840 941; x_wconf 85' lang='grc' dir='ltr'>ἀνθρωπί-</span> 
     </span>
    </p>
   </div>
   <div class='ocr_carea' id='block_1_11' title="bbox 265 960 1838 1052">
    <p class='ocr_par' dir='ltr' id='par_1_11' title="bbox 265 960 1838 1052">
     <span class='ocr_line' id='line_1_11' title="bbox 265 960 1838 1052; baseline -0.015 -18"><span class='ocrx_word' id='word_1_69' title='bbox 265 1000 359 1052; x_wconf 89' lang='grc' dir='ltr'><strong>νης</strong></span> <span class='ocrx_word' id='word_1_70' title='bbox 398 980 541 1049; x_wconf 79' lang='grc' dir='ltr'>ζωῆς</span> <span class='ocrx_word' id='word_1_71' title='bbox 588 977 647 1031; x_wconf 83' lang='grc' dir='ltr'>τὸ</span> <span class='ocrx_word' id='word_1_72' title='bbox 675 972 995 1046; x_wconf 85' lang='grc' dir='ltr'>ὡκύμορον;</span> <span class='ocrx_word' id='word_1_73' title='bbox 1028 969 1272 1041; x_wconf 80' lang='grc' dir='ltr'>Πρόλαϐε</span> <span class='ocrx_word' id='word_1_74' title='bbox 1298 971 1366 1038; x_wconf 81' lang='grc' dir='ltr'>τῇ</span> <span class='ocrx_word' id='word_1_75' title='bbox 1401 965 1699 1035; x_wconf 76' lang='grc' dir='ltr'>ἐπιστροφῇ</span> <span class='ocrx_word' id='word_1_76' title='bbox 1741 960 1838 1030; x_wconf 81' lang='grc' dir='ltr'>τῆς</span> 
     </span>
    </p>
   </div>
   <div class='ocr_carea' id='block_1_12' title="bbox 262 1052 1838 1144">
    <p class='ocr_par' dir='ltr' id='par_1_12' title="bbox 262 1052 1838 1144">
     <span class='ocr_line' id='line_1_12' title="bbox 262 1052 1838 1144; baseline -0.014 -18"><span class='ocrx_word' id='word_1_77' title='bbox 262 1073 441 1144; x_wconf 76' lang='grc' dir='ltr'>ψυχῆς</span> <span class='ocrx_word' id='word_1_78' title='bbox 470 1088 571 1141; x_wconf 89' lang='grc' dir='ltr'><strong>μου</strong></span> <span class='ocrx_word' id='word_1_79' title='bbox 592 1068 653 1121; x_wconf 88' lang='grc' dir='ltr'>τὸ</span> <span class='ocrx_word' id='word_1_80' title='bbox 676 1069 967 1135; x_wconf 84' lang='grc' dir='ltr'>ἀναγκαῖον</span> <span class='ocrx_word' id='word_1_81' title='bbox 1005 1065 1104 1133; x_wconf 78' lang='grc' dir='ltr'>τῆς</span> <span class='ocrx_word' id='word_1_82' title='bbox 1126 1062 1268 1131; x_wconf 77' lang='grc' dir='ltr'>ζωῆς</span> <span class='ocrx_word' id='word_1_83' title='bbox 1289 1058 1463 1130; x_wconf 80' lang='grc' dir='ltr'>ἡμῶν·</span> <span class='ocrx_word' id='word_1_84' title='bbox 1493 1058 1566 1127; x_wconf 86' lang='grc' dir='ltr'>μή</span> <span class='ocrx_word' id='word_1_85' title='bbox 1597 1072 1723 1109; x_wconf 88' lang='grc' dir='ltr'>ποτε</span> <span class='ocrx_word' id='word_1_86' title='bbox 1743 1052 1838 1105; x_wconf 89' lang='grc' dir='ltr'><strong>τοῦ</strong></span> 
     </span>
    </p>
   </div>
   <div class='ocr_carea' id='block_1_13' title="bbox 264 1146 1838 1228">
    <p class='ocr_par' dir='ltr' id='par_1_13' title="bbox 264 1146 1838 1228">
     <span class='ocr_line' id='line_1_13' title="bbox 264 1146 1838 1228; baseline -0.013 -11"><span class='ocrx_word' id='word_1_87' title='bbox 264 1164 494 1217; x_wconf 82' lang='grc' dir='ltr'>θανάτου</span> <span class='ocrx_word' id='word_1_88' title='bbox 517 1159 865 1221; x_wconf 79' lang='grc' dir='ltr'>ὲπιλαόὁντος</span> <span class='ocrx_word' id='word_1_89' title='bbox 886 1156 1029 1228; x_wconf 80' lang='grc' dir='ltr'>ἀργῇ</span> <span class='ocrx_word' id='word_1_90' title='bbox 1061 1156 1207 1206; x_wconf 82' lang='grc' dir='ltr'>πᾶσα</span> <span class='ocrx_word' id='word_1_91' title='bbox 1243 1153 1377 1223; x_wconf 86' lang='grc' dir='ltr'>πρὸς</span> <span class='ocrx_word' id='word_1_92' title='bbox 1406 1148 1700 1221; x_wconf 84' lang='grc' dir='ltr'>θεραπείαν</span> <span class='ocrx_word' id='word_1_93' title='bbox 1722 1146 1838 1200; x_wconf 79' lang='grc' dir='ltr'>ὲπί·</span> 
     </span>
    </p>
   </div>
   <div class='ocr_carea' id='block_1_14' title="bbox 262 1242 1833 1321">
    <p class='ocr_par' dir='ltr' id='par_1_14' title="bbox 262 1242 1833 1321">
     <span class='ocr_line' id='line_1_14' title="bbox 262 1242 1833 1321; baseline -0.013 -11"><span class='ocrx_word' id='word_1_94' title='bbox 262 1273 398 1309; x_wconf 83' lang='grc' dir='ltr'>νοια.</span> <span class='ocrx_word' id='word_1_95' title='bbox 435 1254 632 1307; x_wconf 79' lang='grc' dir='ltr'><strong>Οὐκέτι</strong></span> <span class='ocrx_word' id='word_1_96' title='bbox 665 1251 771 1321; x_wconf 84' lang='grc' dir='ltr'>γὰρ</span> <span class='ocrx_word' id='word_1_97' title='bbox 805 1250 954 1302; x_wconf 78' lang='grc' dir='ltr'>ἔσται</span> <span class='ocrx_word' id='word_1_98' title='bbox 985 1250 1041 1300; x_wconf 82' lang='grc' dir='ltr'><strong>ὲν</strong></span> <span class='ocrx_word' id='word_1_99' title='bbox 1071 1247 1147 1317; x_wconf 82' lang='grc' dir='ltr'><strong>τῷ</strong></span> <span class='ocrx_word' id='word_1_100' title='bbox 1180 1246 1391 1314; x_wconf 82' lang='grc' dir='ltr'>θανάτῳ</span> <span class='ocrx_word' id='word_1_101' title='bbox 1417 1246 1444 1296; x_wconf 83' lang='grc' dir='ltr'><strong>ὁ</strong></span> <span class='ocrx_word' id='word_1_102' title='bbox 1471 1242 1558 1295; x_wconf 80' lang='grc' dir='ltr'><strong>διά</strong></span> <span class='ocrx_word' id='word_1_103' title='bbox 1578 1242 1674 1311; x_wconf 79' lang='grc' dir='ltr'><strong>τῆς</strong></span> <span class='ocrx_word' id='word_1_104' title='bbox 1709 1242 1833 1310; x_wconf 88' lang='grc' dir='ltr'>μνή-</span> 
     </span>
    </p>
   </div>
   <div class='ocr_carea' id='block_1_15' title="bbox 267 1332 1839 1419">
    <p class='ocr_par' dir='ltr' id='par_1_15' title="bbox 267 1332 1839 1419">
     <span class='ocr_line' id='line_1_15' title="bbox 267 1332 1839 1419; baseline -0.011 -19"><span class='ocrx_word' id='word_1_105' title='bbox 267 1364 372 1419; x_wconf 87' lang='grc' dir='ltr'><strong>μης</strong></span> <span class='ocrx_word' id='word_1_106' title='bbox 404 1345 502 1399; x_wconf 87' lang='grc' dir='ltr'><strong>τοῦ</strong></span> <span class='ocrx_word' id='word_1_107' title='bbox 537 1344 671 1397; x_wconf 85' lang='grc' dir='ltr'>Θεοῦ</span> <span class='ocrx_word' id='word_1_108' title='bbox 706 1338 1039 1413; x_wconf 87' lang='grc' dir='ltr'>θεραπεῦσαι</span> <span class='ocrx_word' id='word_1_109' title='bbox 1077 1338 1369 1408; x_wconf 85' lang='grc' dir='ltr'>δυνάμενος</span> <span class='ocrx_word' id='word_1_110' title='bbox 1394 1336 1494 1404; x_wconf 88' lang='grc' dir='ltr'>τὴν</span> <span class='ocrx_word' id='word_1_111' title='bbox 1536 1336 1600 1387; x_wconf 79' lang='grc' dir='ltr'>ἐκ</span> <span class='ocrx_word' id='word_1_112' title='bbox 1641 1332 1839 1394; x_wconf 79' lang='grc' dir='ltr'>κακίας</span> 
     </span>
    </p>
   </div>
   <div class='ocr_carea' id='block_1_16' title="bbox 264 1420 1840 1503">
    <p class='ocr_par' dir='ltr' id='par_1_16' title="bbox 264 1420 1840 1503">
     <span class='ocr_line' id='line_1_16' title="bbox 264 1420 1840 1503; baseline -0.009 -17"><span class='ocrx_word' id='word_1_113' title='bbox 264 1432 414 1503; x_wconf 84' lang='grc' dir='ltr'>αύτῷ</span> <span class='ocrx_word' id='word_1_114' title='bbox 459 1432 754 1501; x_wconf 78' lang='grc' dir='ltr'>γενομένην</span> <span class='ocrx_word' id='word_1_115' title='bbox 796 1429 969 1483; x_wconf 83' lang='grc' dir='ltr'>νόσον.</span> <span class='ocrx_word' id='word_1_116' title='bbox 1005 1428 1146 1480; x_wconf 83' lang='grc' dir='ltr'>Διότι</span> <span class='ocrx_word' id='word_1_117' title='bbox 1192 1426 1283 1478; x_wconf 76' lang='grc' dir='ltr'>ἐπὶ</span> <span class='ocrx_word' id='word_1_118' title='bbox 1333 1428 1437 1495; x_wconf 81' lang='grc' dir='ltr'>γῆς</span> <span class='ocrx_word' id='word_1_119' title='bbox 1483 1423 1581 1493; x_wconf 82' lang='grc' dir='ltr'><strong>μὲν</strong></span> <span class='ocrx_word' id='word_1_120' title='bbox 1629 1420 1840 1491; x_wconf 77' lang='grc' dir='ltr'>ἰσχὺν-ἡ</span> 
     </span>
    </p>
   </div>
   <div class='ocr_carea' id='block_1_17' title="bbox 264 1512 1841 1596">
    <p class='ocr_par' dir='ltr' id='par_1_17' title="bbox 264 1512 1841 1596">
     <span class='ocr_line' id='line_1_17' title="bbox 264 1512 1841 1596; baseline -0.009 -17"><span class='ocrx_word' id='word_1_121' title='bbox 264 1526 648 1596; x_wconf 76' lang='grc' dir='ltr'>ἐξομολόγησις</span> <span class='ocrx_word' id='word_1_122' title='bbox 690 1523 823 1592; x_wconf 77' lang='grc' dir='ltr'>ἔχει·</span> <span class='ocrx_word' id='word_1_123' title='bbox 863 1523 920 1574; x_wconf 82' lang='grc' dir='ltr'>ὲν</span> <span class='ocrx_word' id='word_1_124' title='bbox 968 1521 1024 1573; x_wconf 79' lang='grc' dir='ltr'>δὲ</span> <span class='ocrx_word' id='word_1_125' title='bbox 1055 1519 1131 1589; x_wconf 81' lang='grc' dir='ltr'>τῷ</span> <span class='ocrx_word' id='word_1_126' title='bbox 1172 1518 1305 1590; x_wconf 76' lang='grc' dir='ltr'>ᾄδῃ,</span> <span class='ocrx_word' id='word_1_127' title='bbox 1348 1515 1502 1569; x_wconf 88' lang='grc' dir='ltr'>τοῦτο</span> <span class='ocrx_word' id='word_1_128' title='bbox 1535 1515 1633 1567; x_wconf 86' lang='grc' dir='ltr'><strong>ούκ</strong></span> <span class='ocrx_word' id='word_1_129' title='bbox 1674 1512 1841 1565; x_wconf 76' lang='grc' dir='ltr'>ἔστιν.</span> 
     </span>
    </p>
   </div>
   <div class='ocr_carea' id='block_1_18' title="bbox 265 1602 1842 1679">
    <p class='ocr_par' dir='ltr' id='par_1_18' title="bbox 265 1602 1842 1679">
     <span class='ocr_line' id='line_1_18' title="bbox 265 1602 1842 1679; baseline -0.011 -8"><span class='ocrx_word' id='word_1_130' title='bbox 265 1617 395 1671; x_wconf 71' lang='grc' dir='ltr'>Εἶτα</span> <span class='ocrx_word' id='word_1_131' title='bbox 442 1617 519 1679; x_wconf 83' lang='grc' dir='ltr'><strong>ὡς</strong></span> <span class='ocrx_word' id='word_1_132' title='bbox 561 1615 802 1676; x_wconf 82' lang='grc' dir='ltr'>εἰπόντος</span> <span class='ocrx_word' id='word_1_133' title='bbox 847 1613 992 1675; x_wconf 92' lang='grc' dir='ltr'>τινός</span> <span class='ocrx_word' id='word_1_134' title='bbox 1013 1628 1029 1643; x_wconf 77' lang='grc' dir='ltr'><strong>ο</strong></span> <span class='ocrx_word' id='word_1_135' title='bbox 1064 1611 1188 1673; x_wconf 82' lang='grc' dir='ltr'><strong>Πῶς</strong></span> <span class='ocrx_word' id='word_1_136' title='bbox 1220 1608 1404 1671; x_wconf 84' lang='grc' dir='ltr'>καλεῖς</span> <span class='ocrx_word' id='word_1_137' title='bbox 1429 1608 1521 1659; x_wconf 73' lang='grc' dir='ltr'>ἐπὶ</span> <span class='ocrx_word' id='word_1_138' title='bbox 1551 1602 1842 1676; x_wconf 82' lang='grc' dir='ltr'>θεραπείαν</span> 
     </span>
    </p>
   </div>
   <div class='ocr_carea' id='block_1_19' title="bbox 263 1696 1841 1779">
    <p class='ocr_par' dir='ltr' id='par_1_19' title="bbox 263 1696 1841 1779">
     <span class='ocr_line' id='line_1_19' title="bbox 263 1696 1841 1779; baseline -0.011 -16"><span class='ocrx_word' id='word_1_139' title='bbox 263 1711 371 1763; x_wconf 76' lang='grc' dir='ltr'><strong>τῶν</strong></span> <span class='ocrx_word' id='word_1_140' title='bbox 398 1707 891 1779; x_wconf 82' lang='grc' dir='ltr'>πλημμελημάτων</span> <span class='ocrx_word' id='word_1_141' title='bbox 918 1705 1008 1758; x_wconf 83' lang='grc' dir='ltr'><strong>τὸν</strong></span> <span class='ocrx_word' id='word_1_142' title='bbox 1035 1704 1213 1767; x_wconf 79' lang='grc' dir='ltr'>έλεον;</span> <span class='ocrx_word' id='word_1_143' title='bbox 1245 1701 1380 1771; x_wconf 83' lang='grc' dir='ltr'>ποίῳ</span> <span class='ocrx_word' id='word_1_144' title='bbox 1403 1698 1590 1769; x_wconf 82' lang='grc' dir='ltr'>τρόπῳ</span> <span class='ocrx_word' id='word_1_145' title='bbox 1615 1697 1673 1750; x_wconf 77' lang='grc' dir='ltr'><strong>τὸ</strong></span> <span class='ocrx_word' id='word_1_146' title='bbox 1689 1696 1841 1748; x_wconf 86' lang='grc' dir='ltr'>Θεῖον</span> 
     </span>
    </p>
   </div>
   <div class='ocr_carea' id='block_1_20' title="bbox 265 1790 1835 1871">
    <p class='ocr_par' dir='ltr' id='par_1_20' title="bbox 265 1790 1835 1871">
     <span class='ocr_line' id='line_1_20' title="bbox 265 1790 1835 1871; baseline -0.01 -16"><span class='ocrx_word' id='word_1_147' title='bbox 265 1802 629 1871; x_wconf 78' lang='grc' dir='ltr'>ἱλεωσάμενος</span> <span class='ocrx_word' id='word_1_148' title='bbox 647 1817 662 1865; x_wconf 88' lang='grc'>;</span> <span class='ocrx_word' id='word_1_149' title='bbox 681 1797 821 1851; x_wconf 78' lang='grc' dir='ltr'>οὕτω</span> <span class='ocrx_word' id='word_1_150' title='bbox 838 1798 1019 1868; x_wconf 73' lang='grc' dir='ltr'>φησὶν,</span> <span class='ocrx_word' id='word_1_151' title='bbox 1047 1798 1128 1849; x_wconf 86' lang='grc' dir='ltr'>ὅτι</span> <span class='ocrx_word' id='word_1_152' title='bbox 1153 1814 1171 1846; x_wconf 76' lang='grc' dir='ltr'><strong>ι</strong></span> <span class='ocrx_word' id='word_1_153' title='bbox 1205 1794 1499 1846; x_wconf 79' lang='grc' dir='ltr'>Ἐκοπίασα</span> <span class='ocrx_word' id='word_1_154' title='bbox 1525 1793 1581 1845; x_wconf 83' lang='grc' dir='ltr'>ὲν</span> <span class='ocrx_word' id='word_1_155' title='bbox 1604 1790 1680 1860; x_wconf 81' lang='grc' dir='ltr'>τῷ</span> <span class='ocrx_word' id='word_1_156' title='bbox 1717 1806 1835 1841; x_wconf 89' lang='grc' dir='ltr'>στε-</span> 
     </span>
    </p>
   </div>
   <div class='ocr_carea' id='block_1_21' title="bbox 263 1881 1836 1963">
    <p class='ocr_par' dir='ltr' id='par_1_21' title="bbox 263 1881 1836 1963">
     <span class='ocr_line' id='line_1_21' title="bbox 263 1881 1836 1963; baseline -0.008 -17"><span class='ocrx_word' id='word_1_157' title='bbox 263 1892 459 1963; x_wconf 78' lang='grc' dir='ltr'>ναγμῷ</span> <span class='ocrx_word' id='word_1_158' title='bbox 486 1909 607 1962; x_wconf 87' lang='grc' dir='ltr'>μου,</span> <span class='ocrx_word' id='word_1_159' title='bbox 639 1891 733 1944; x_wconf 79' lang='grc' dir='ltr'><strong>καὶ</strong></span> <span class='ocrx_word' id='word_1_160' title='bbox 769 1888 1017 1942; x_wconf 81' lang='grc' dir='ltr'>ὲκπλυνῶ</span> <span class='ocrx_word' id='word_1_161' title='bbox 1041 1887 1137 1958; x_wconf 80' lang='grc' dir='ltr'><strong>τὴν</strong></span> <span class='ocrx_word' id='word_1_162' title='bbox 1164 1887 1221 1952; x_wconf 80' lang='grc' dir='ltr'>ἐξ</span> <span class='ocrx_word' id='word_1_163' title='bbox 1250 1884 1520 1957; x_wconf 81' lang='grc' dir='ltr'>ἁμαρτίας</span> <span class='ocrx_word' id='word_1_164' title='bbox 1552 1881 1836 1954; x_wconf 83' lang='grc' dir='ltr'>στρωμνὴν</span> 
     </span>
    </p>
   </div>
   <div class='ocr_carea' id='block_1_22' title="bbox 273 1980 1245 2054">
    <p class='ocr_par' dir='ltr' id='par_1_22' title="bbox 273 1980 1245 2054">
     <span class='ocr_line' id='line_1_22' title="bbox 273 1980 1245 2054; baseline -0.002 -18"><span class='ocrx_word' id='word_1_165' title='bbox 273 1984 339 2054; x_wconf 72' lang='grc' dir='ltr'>τῷ</span> <span class='ocrx_word' id='word_1_166' title='bbox 374 1984 487 2036; x_wconf 82' lang='grc' dir='ltr'><strong>τῶν</strong></span> <span class='ocrx_word' id='word_1_167' title='bbox 513 1982 762 2054; x_wconf 83' lang='grc' dir='ltr'>δακρύων</span> <span class='ocrx_word' id='word_1_168' title='bbox 788 1980 958 2033; x_wconf 71' lang='grc' dir='ltr'>ὕδατι.</span> <span class='ocrx_word' id='word_1_169' title='bbox 984 2002 1003 2035; x_wconf 73' lang='grc' dir='ltr'><strong>ι</strong></span> <span class='ocrx_word' id='word_1_170' title='bbox 1240 1998 1245 2003; x_wconf 90' lang='grc'><strong>·</strong></span> 
     </span>
    </p>
   </div>
   <div class='ocr_carea' id='block_1_23' title="bbox 1936 491 3506 567">
    <p class='ocr_par' dir='ltr' id='par_1_23' title="bbox 1936 491 3506 567">
     <span class='ocr_line' id='line_1_23' title="bbox 1936 491 3506 567; baseline -0.006 -12"><span class='ocrx_word' id='word_1_171' title='bbox 1936 497 2392 567; x_wconf 74' lang='lat' dir='ltr'><strong>convenientique</strong></span> <span class='ocrx_word' id='word_1_172' title='bbox 2429 495 2571 549; x_wconf 88' lang='lat' dir='ltr'><strong>inter</strong></span> <span class='ocrx_word' id='word_1_173' title='bbox 2600 509 2723 550; x_wconf 88' lang='lat' dir='ltr'><strong>sese</strong></span> <span class='ocrx_word' id='word_1_174' title='bbox 2747 506 3007 563; x_wconf 78' lang='lat' dir='ltr'><strong>compage</strong></span> <span class='ocrx_word' id='word_1_175' title='bbox 3035 491 3322 546; x_wconf 86' lang='lat' dir='ltr'><strong>dissoluta.</strong></span> <span class='ocrx_word' id='word_1_176' title='bbox 3366 491 3506 545; x_wconf 86' lang='lat' dir='ltr'><strong>Ossa</strong></span> 
     </span>
    </p>
   </div>
   <div class='ocr_carea' id='block_1_24' title="bbox 1936 583 3502 655">
    <p class='ocr_par' dir='ltr' id='par_1_24' title="bbox 1936 583 3502 655">
     <span class='ocr_line' id='line_1_24' title="bbox 1936 583 3502 655; baseline -0.007 -9"><span class='ocrx_word' id='word_1_177' title='bbox 1936 601 2117 646; x_wconf 91' lang='lat' dir='ltr'><strong>autem</strong></span> <span class='ocrx_word' id='word_1_178' title='bbox 2153 589 2291 643; x_wconf 92' lang='lat' dir='ltr'><strong>dicit</strong></span> <span class='ocrx_word' id='word_1_179' title='bbox 2313 601 2477 644; x_wconf 88' lang='lat' dir='ltr'><strong>sanas</strong></span> <span class='ocrx_word' id='word_1_180' title='bbox 2498 593 2554 642; x_wconf 92' lang='lat' dir='ltr'><strong>et</strong></span> <span class='ocrx_word' id='word_1_181' title='bbox 2584 593 2898 641; x_wconf 75' lang='lat' dir='ltr'><strong>constantes</strong></span> <span class='ocrx_word' id='word_1_182' title='bbox 2937 583 3293 655; x_wconf 71' lang='lat' dir='ltr'><strong>cogitationes</strong></span> <span class='ocrx_word' id='word_1_183' title='bbox 3327 590 3380 638; x_wconf 90' lang='lat' dir='ltr'><strong>et</strong></span> <span class='ocrx_word' id='word_1_184' title='bbox 3415 600 3502 636; x_wconf 86' lang='lat' dir='ltr'><strong>ra-</strong></span> 
     </span>
    </p>
   </div>
   <div class='ocr_carea' id='block_1_25' title="bbox 1935 670 3504 743">
    <p class='ocr_par' dir='ltr' id='par_1_25' title="bbox 1935 670 3504 743">
     <span class='ocr_line' id='line_1_25' title="bbox 1935 670 3504 743; baseline -0.006 -6"><span class='ocrx_word' id='word_1_185' title='bbox 1935 682 2315 738; x_wconf 88' lang='lat' dir='ltr'><strong>tiocinationes</strong></span> <span class='ocrx_word' id='word_1_186' title='bbox 2347 679 2581 734; x_wconf 90' lang='lat' dir='ltr'><strong>animam</strong></span> <span class='ocrx_word' id='word_1_187' title='bbox 2613 676 3016 732; x_wconf 76' lang='lat' dir='ltr'><strong>continuantes.</strong></span> <span class='ocrx_word' id='word_1_188' title='bbox 3041 694 3059 727; x_wconf 75' lang='grc' dir='ltr'><strong>ι</strong></span> <span class='ocrx_word' id='word_1_189' title='bbox 3084 675 3227 731; x_wconf 86' lang='lat' dir='ltr'><strong>Sana</strong></span> <span class='ocrx_word' id='word_1_190' title='bbox 3258 670 3368 743; x_wconf 84' lang='lat' dir='ltr'><strong>me,</strong></span> <span class='ocrx_word' id='word_1_191' title='bbox 3400 675 3504 729; x_wconf 84' lang='lat' dir='ltr'><strong>Do-</strong></span> 
     </span>
    </p>
   </div>
   <div class='ocr_carea' id='block_1_26' title="bbox 1936 768 3506 843">
    <p class='ocr_par' dir='ltr' id='par_1_26' title="bbox 1936 768 3506 843">
     <span class='ocr_line' id='line_1_26' title="bbox 1936 768 3506 843; baseline -0.003 -16"><span class='ocrx_word' id='word_1_192' title='bbox 1936 775 2102 836; x_wconf 86' lang='lat' dir='ltr'><strong>mine,</strong></span> <span class='ocrx_word' id='word_1_193' title='bbox 2129 771 2387 843; x_wconf 91' lang='lat' dir='ltr'><strong>quoniam</strong></span> <span class='ocrx_word' id='word_1_194' title='bbox 2426 785 2551 824; x_wconf 91' lang='lat' dir='ltr'><strong>ossa</strong></span> <span class='ocrx_word' id='word_1_195' title='bbox 2580 783 2697 823; x_wconf 89' lang='lat' dir='ltr'><strong>mea</strong></span> <span class='ocrx_word' id='word_1_196' title='bbox 2724 768 2937 822; x_wconf 90' lang='lat' dir='ltr'><strong>turbata</strong></span> <span class='ocrx_word' id='word_1_197' title='bbox 2966 775 3116 823; x_wconf 87' lang='lat' dir='ltr'><strong>sunt.</strong></span> <span class='ocrx_word' id='word_1_198' title='bbox 3141 786 3160 820; x_wconf 79' lang='grc'>›</span> <span class='ocrx_word' id='word_1_199' title='bbox 3197 768 3374 837; x_wconf 84' lang='lat' dir='ltr'><strong>Atque</strong></span> <span class='ocrx_word' id='word_1_200' title='bbox 3424 768 3506 822; x_wconf 87' lang='lat' dir='ltr'><strong>in-</strong></span> 
     </span>
    </p>
   </div>
   <div class='ocr_carea' id='block_1_27' title="bbox 1935 861 3505 934">
    <p class='ocr_par' dir='ltr' id='par_1_27' title="bbox 1935 861 3505 934">
     <span class='ocr_line' id='line_1_27' title="bbox 1935 861 3505 934; baseline -0.002 -15"><span class='ocrx_word' id='word_1_201' title='bbox 1935 873 2271 934; x_wconf 89' lang='lat' dir='ltr'><strong>terpretatur</strong></span> <span class='ocrx_word' id='word_1_202' title='bbox 2298 864 2569 918; x_wconf 86' lang='lat' dir='ltr'><strong>sermonis</strong></span> <span class='ocrx_word' id='word_1_203' title='bbox 2597 861 2939 915; x_wconf 87' lang='lat' dir='ltr'><strong>involucrum</strong></span> <span class='ocrx_word' id='word_1_204' title='bbox 2962 877 3058 931; x_wconf 89' lang='lat' dir='ltr'><strong>per</strong></span> <span class='ocrx_word' id='word_1_205' title='bbox 3083 875 3166 925; x_wconf 88' lang='lat' dir='ltr'><strong>ea,</strong></span> <span class='ocrx_word' id='word_1_206' title='bbox 3201 876 3321 931; x_wconf 75' lang='lat' dir='ltr'><strong>qua:</strong></span> <span class='ocrx_word' id='word_1_207' title='bbox 3345 862 3505 916; x_wconf 91' lang='lat' dir='ltr'><strong>dictis</strong></span> 
     </span>
    </p>
   </div>
   <div class='ocr_carea' id='block_1_28' title="bbox 1939 951 3501 1025">
    <p class='ocr_par' dir='ltr' id='par_1_28' title="bbox 1939 951 3501 1025">
     <span class='ocr_line' id='line_1_28' title="bbox 1939 951 3501 1025; baseline -0.004 -14"><span class='ocrx_word' id='word_1_208' title='bbox 1939 956 2235 1025; x_wconf 71' lang='lat' dir='ltr'><strong>subiungit,</strong></span> <span class='ocrx_word' id='word_1_209' title='bbox 2256 954 2531 1017; x_wconf 87' lang='lat' dir='ltr'><strong>videlicet,</strong></span> <span class='ocrx_word' id='word_1_210' title='bbox 2554 969 2574 1003; x_wconf 75' lang='grc' dir='ltr'><strong>ι</strong></span> <span class='ocrx_word' id='word_1_211' title='bbox 2595 951 2785 1006; x_wconf 88' lang='lat' dir='ltr'><strong>Anima</strong></span> <span class='ocrx_word' id='word_1_212' title='bbox 2810 969 2925 1007; x_wconf 89' lang='lat' dir='ltr'><strong>mea</strong></span> <span class='ocrx_word' id='word_1_213' title='bbox 2949 955 3163 1008; x_wconf 87' lang='lat' dir='ltr'><strong>turbata</strong></span> <span class='ocrx_word' id='word_1_214' title='bbox 3188 964 3269 1009; x_wconf 91' lang='lat' dir='ltr'><strong>est</strong></span> <span class='ocrx_word' id='word_1_215' title='bbox 3291 954 3464 1008; x_wconf 86' lang='lat' dir='ltr'><strong>valde.</strong></span> <span class='ocrx_word' id='word_1_216' title='bbox 3482 974 3501 1005; x_wconf 70' lang='grc' dir='ltr'><strong>ι</strong></span> 
     </span>
    </p>
   </div>
   <div class='ocr_carea' id='block_1_29' title="bbox 1938 1044 3509 1119">
    <p class='ocr_par' dir='ltr' id='par_1_29' title="bbox 1938 1044 3509 1119">
     <span class='ocr_line' id='line_1_29' title="bbox 1938 1044 3509 1119; baseline -0.002 -17"><span class='ocrx_word' id='word_1_217' title='bbox 1938 1049 2079 1115; x_wconf 85' lang='lat' dir='ltr'><strong>Quid</strong></span> <span class='ocrx_word' id='word_1_218' title='bbox 2106 1049 2272 1119; x_wconf 89' lang='lat' dir='ltr'><strong>igitur</strong></span> <span class='ocrx_word' id='word_1_219' title='bbox 2291 1046 2500 1110; x_wconf 75' lang='lat' dir='ltr'><strong>diﬂers,</strong></span> <span class='ocrx_word' id='word_1_220' title='bbox 2528 1046 2727 1116; x_wconf 89' lang='lat' dir='ltr'><strong>inquit,</strong></span> <span class='ocrx_word' id='word_1_221' title='bbox 2760 1046 3099 1101; x_wconf 78' lang='lat' dir='ltr'><strong>sanationem</strong></span> <span class='ocrx_word' id='word_1_222' title='bbox 3128 1054 3209 1106; x_wconf 86' lang='lat' dir='ltr'><strong>tu.</strong></span> <span class='ocrx_word' id='word_1_223' title='bbox 3243 1044 3509 1100; x_wconf 84' lang='lat' dir='ltr'><strong>Domine?</strong></span> 
     </span>
    </p>
   </div>
   <div class='ocr_carea' id='block_1_30' title="bbox 1940 1136 3509 1213">
    <p class='ocr_par' dir='ltr' id='par_1_30' title="bbox 1940 1136 3509 1213">
     <span class='ocr_line' id='line_1_30' title="bbox 1940 1136 3509 1213; baseline -0.003 -17"><span class='ocrx_word' id='word_1_224' title='bbox 1940 1156 2224 1213; x_wconf 91' lang='lat' dir='ltr'><strong>quousque</strong></span> <span class='ocrx_word' id='word_1_225' title='bbox 2255 1140 2468 1195; x_wconf 84' lang='lat' dir='ltr'><strong>tandem</strong></span> <span class='ocrx_word' id='word_1_226' title='bbox 2507 1136 2939 1195; x_wconf 87' lang='lat' dir='ltr'><strong>misericordiam</strong></span> <span class='ocrx_word' id='word_1_227' title='bbox 2972 1155 3079 1193; x_wconf 90' lang='lat' dir='ltr'><strong>non</strong></span> <span class='ocrx_word' id='word_1_228' title='bbox 3131 1139 3389 1195; x_wconf 78' lang='lat' dir='ltr'><strong>adhibes?</strong></span> <span class='ocrx_word' id='word_1_229' title='bbox 3410 1154 3509 1192; x_wconf 93' lang='lat' dir='ltr'><strong>an-</strong></span> 
     </span>
    </p>
   </div>
   <div class='ocr_carea' id='block_1_31' title="bbox 1939 1229 3504 1303">
    <p class='ocr_par' dir='ltr' id='par_1_31' title="bbox 1939 1229 3504 1303">
     <span class='ocr_line' id='line_1_31' title="bbox 1939 1229 3504 1303; baseline -0.004 -15"><span class='ocrx_word' id='word_1_230' title='bbox 1939 1249 2048 1288; x_wconf 89' lang='lat' dir='ltr'><strong>non</strong></span> <span class='ocrx_word' id='word_1_231' title='bbox 2096 1233 2249 1287; x_wconf 80' lang='lat' dir='ltr'><strong>vides</strong></span> <span class='ocrx_word' id='word_1_232' title='bbox 2283 1247 2443 1303; x_wconf 89' lang='lat' dir='ltr'><strong>quam</strong></span> <span class='ocrx_word' id='word_1_233' title='bbox 2475 1232 2655 1286; x_wconf 86' lang='lat' dir='ltr'><strong>brevis</strong></span> <span class='ocrx_word' id='word_1_234' title='bbox 2700 1232 2821 1297; x_wconf 66' lang='lat' dir='ltr'><strong>aevi,</strong></span> <span class='ocrx_word' id='word_1_235' title='bbox 2875 1246 3036 1302; x_wconf 92' lang='lat' dir='ltr'><strong>quam</strong></span> <span class='ocrx_word' id='word_1_236' title='bbox 3079 1231 3374 1300; x_wconf 74' lang='lat' dir='ltr'><strong>praecipitis</strong></span> <span class='ocrx_word' id='word_1_237' title='bbox 3408 1229 3504 1282; x_wconf 81' lang='lat' dir='ltr'><strong>fati</strong></span> 
     </span>
    </p>
   </div>
   <div class='ocr_carea' id='block_1_32' title="bbox 1940 1321 3509 1391">
    <p class='ocr_par' dir='ltr' id='par_1_32' title="bbox 1940 1321 3509 1391">
     <span class='ocr_line' id='line_1_32' title="bbox 1940 1321 3509 1391; baseline -0.002 -15"><span class='ocrx_word' id='word_1_238' title='bbox 1940 1325 2049 1377; x_wconf 90' lang='lat' dir='ltr'><strong>vita</strong></span> <span class='ocrx_word' id='word_1_239' title='bbox 2079 1324 2317 1376; x_wconf 85' lang='lat' dir='ltr'><strong>humana</strong></span> <span class='ocrx_word' id='word_1_240' title='bbox 2352 1322 2461 1377; x_wconf 90' lang='lat' dir='ltr'><strong>sit?</strong></span> <span class='ocrx_word' id='word_1_241' title='bbox 2512 1335 2829 1391; x_wconf 60' lang='lat' dir='ltr'><strong>prwoccupa</strong></span> <span class='ocrx_word' id='word_1_242' title='bbox 2873 1321 3107 1374; x_wconf 90' lang='lat' dir='ltr'><strong>animam</strong></span> <span class='ocrx_word' id='word_1_243' title='bbox 3160 1333 3335 1375; x_wconf 87' lang='lat' dir='ltr'><strong>meam</strong></span> <span class='ocrx_word' id='word_1_244' title='bbox 3376 1336 3509 1374; x_wconf 88' lang='lat' dir='ltr'><strong>eon-</strong></span> 
     </span>
    </p>
   </div>
   <div class='ocr_carea' id='block_1_33' title="bbox 1942 1413 3511 1476">
    <p class='ocr_par' dir='ltr' id='par_1_33' title="bbox 1942 1413 3511 1476">
     <span class='ocr_line' id='line_1_33' title="bbox 1942 1413 3511 1476; baseline -0.003 -8"><span class='ocrx_word' id='word_1_245' title='bbox 1942 1414 2201 1469; x_wconf 90' lang='lat' dir='ltr'><strong>vertendo</strong></span> <span class='ocrx_word' id='word_1_246' title='bbox 2248 1414 2371 1468; x_wconf 70' lang='lat' dir='ltr'><strong>vita:</strong></span> <span class='ocrx_word' id='word_1_247' title='bbox 2413 1423 2613 1467; x_wconf 69' lang='lat' dir='ltr'><strong>nosme</strong></span> <span class='ocrx_word' id='word_1_248' title='bbox 2658 1413 3062 1476; x_wconf 83' lang='lat' dir='ltr'><strong>necessitatem,</strong></span> <span class='ocrx_word' id='word_1_249' title='bbox 3113 1423 3182 1465; x_wconf 89' lang='lat' dir='ltr'><strong>ne</strong></span> <span class='ocrx_word' id='word_1_250' title='bbox 3210 1426 3332 1465; x_wconf 90' lang='lat' dir='ltr'><strong>cum</strong></span> <span class='ocrx_word' id='word_1_251' title='bbox 3364 1425 3511 1463; x_wconf 87' lang='lat' dir='ltr'><strong>mors</strong></span> 
     </span>
    </p>
   </div>
   <div class='ocr_carea' id='block_1_34' title="bbox 1943 1502 3510 1571">
    <p class='ocr_par' dir='ltr' id='par_1_34' title="bbox 1943 1502 3510 1571">
     <span class='ocr_line' id='line_1_34' title="bbox 1943 1502 3510 1571; baseline -0.004 -10"><span class='ocrx_word' id='word_1_252' title='bbox 1943 1508 2159 1562; x_wconf 89' lang='lat' dir='ltr'><strong>tandem</strong></span> <span class='ocrx_word' id='word_1_253' title='bbox 2196 1523 2297 1561; x_wconf 79' lang='lat' dir='ltr'><strong>nos</strong></span> <span class='ocrx_word' id='word_1_254' title='bbox 2323 1506 2604 1569; x_wconf 87' lang='lat' dir='ltr'><strong>invaserit,</strong></span> <span class='ocrx_word' id='word_1_255' title='bbox 2634 1507 2813 1560; x_wconf 89' lang='lat' dir='ltr'><strong>omnis</strong></span> <span class='ocrx_word' id='word_1_256' title='bbox 2842 1505 2908 1558; x_wconf 87' lang='lat' dir='ltr'><strong>ad</strong></span> <span class='ocrx_word' id='word_1_257' title='bbox 2944 1502 3246 1558; x_wconf 90' lang='lat' dir='ltr'><strong>curandum</strong></span> <span class='ocrx_word' id='word_1_258' title='bbox 3291 1502 3510 1571; x_wconf 85' lang='lat' dir='ltr'><strong>excogi-</strong></span> 
     </span>
    </p>
   </div>
   <div class='ocr_carea' id='block_1_35' title="bbox 1945 1592 3514 1665">
    <p class='ocr_par' dir='ltr' id='par_1_35' title="bbox 1945 1592 3514 1665">
     <span class='ocr_line' id='line_1_35' title="bbox 1945 1592 3514 1665; baseline -0.004 -12"><span class='ocrx_word' id='word_1_259' title='bbox 1945 1608 2055 1653; x_wconf 88' lang='lat' dir='ltr'><strong>tata</strong></span> <span class='ocrx_word' id='word_1_260' title='bbox 2087 1599 2224 1653; x_wconf 88' lang='lat' dir='ltr'><strong>ratio</strong></span> <span class='ocrx_word' id='word_1_261' title='bbox 2256 1598 2462 1651; x_wconf 91' lang='lat' dir='ltr'><strong>nullius</strong></span> <span class='ocrx_word' id='word_1_262' title='bbox 2500 1612 2635 1651; x_wconf 90' lang='lat' dir='ltr'><strong>usus</strong></span> <span class='ocrx_word' id='word_1_263' title='bbox 2660 1597 2752 1652; x_wconf 87' lang='lat' dir='ltr'><strong>sit.</strong></span> <span class='ocrx_word' id='word_1_264' title='bbox 2808 1594 2925 1649; x_wconf 85' lang='lat' dir='ltr'><strong>Non</strong></span> <span class='ocrx_word' id='word_1_265' title='bbox 2964 1594 3107 1650; x_wconf 89' lang='lat' dir='ltr'><strong>enim</strong></span> <span class='ocrx_word' id='word_1_266' title='bbox 3148 1592 3377 1665; x_wconf 87' lang='lat' dir='ltr'><strong>amplius</strong></span> <span class='ocrx_word' id='word_1_267' title='bbox 3409 1594 3514 1646; x_wconf 88' lang='lat' dir='ltr'><strong>erit</strong></span> 
     </span>
    </p>
   </div>
   <div class='ocr_carea' id='block_1_36' title="bbox 1945 1683 3514 1757">
    <p class='ocr_par' dir='ltr' id='par_1_36' title="bbox 1945 1683 3514 1757">
     <span class='ocr_line' id='line_1_36' title="bbox 1945 1683 3514 1757; baseline -0.004 -14"><span class='ocrx_word' id='word_1_268' title='bbox 1945 1690 1998 1743; x_wconf 94' lang='lat' dir='ltr'><strong>in</strong></span> <span class='ocrx_word' id='word_1_269' title='bbox 2029 1696 2224 1754; x_wconf 87' lang='lat' dir='ltr'><strong>morte,</strong></span> <span class='ocrx_word' id='word_1_270' title='bbox 2256 1688 2351 1757; x_wconf 91' lang='lat' dir='ltr'><strong>qui</strong></span> <span class='ocrx_word' id='word_1_271' title='bbox 2377 1687 2627 1740; x_wconf 82' lang='lat' dir='ltr'><strong>morbum</strong></span> <span class='ocrx_word' id='word_1_272' title='bbox 2657 1702 2722 1740; x_wconf 84' lang='lat' dir='ltr'><strong>ex</strong></span> <span class='ocrx_word' id='word_1_273' title='bbox 2750 1684 3051 1739; x_wconf 88' lang='lat' dir='ltr'><strong>vitiositate</strong></span> <span class='ocrx_word' id='word_1_274' title='bbox 3082 1690 3243 1752; x_wconf 89' lang='lat' dir='ltr'><strong>atque</strong></span> <span class='ocrx_word' id='word_1_275' title='bbox 3272 1683 3514 1751; x_wconf 81' lang='lat' dir='ltr'><strong>nequitia</strong></span> 
     </span>
    </p>
   </div>
   <div class='ocr_carea' id='block_1_37' title="bbox 1944 1776 3511 1845">
    <p class='ocr_par' dir='ltr' id='par_1_37' title="bbox 1944 1776 3511 1845">
     <span class='ocr_line' id='line_1_37' title="bbox 1944 1776 3511 1845; baseline -0.007 -7"><span class='ocrx_word' id='word_1_276' title='bbox 1944 1784 2045 1838; x_wconf 90' lang='lat' dir='ltr'><strong>sibi</strong></span> <span class='ocrx_word' id='word_1_277' title='bbox 2065 1788 2410 1836; x_wconf 90' lang='lat' dir='ltr'><strong>contractum</strong></span> <span class='ocrx_word' id='word_1_278' title='bbox 2432 1796 2526 1844; x_wconf 87' lang='lat' dir='ltr'><strong>per</strong></span> <span class='ocrx_word' id='word_1_279' title='bbox 2545 1779 2974 1833; x_wconf 87' lang='lat' dir='ltr'><strong>recordationem</strong></span> <span class='ocrx_word' id='word_1_280' title='bbox 2994 1776 3089 1832; x_wconf 91' lang='lat' dir='ltr'><strong>Dei</strong></span> <span class='ocrx_word' id='word_1_281' title='bbox 3108 1789 3300 1832; x_wconf 88' lang='lat' dir='ltr'><strong>curare</strong></span> <span class='ocrx_word' id='word_1_282' title='bbox 3320 1777 3511 1845; x_wconf 88' lang='lat' dir='ltr'><strong>possit,</strong></span> 
     </span>
    </p>
   </div>
   <div class='ocr_carea' id='block_1_38' title="bbox 1941 1868 3512 1945">
    <p class='ocr_par' dir='ltr' id='par_1_38' title="bbox 1941 1868 3512 1945">
     <span class='ocr_line' id='line_1_38' title="bbox 1941 1868 3512 1945; baseline -0.005 -18"><span class='ocrx_word' id='word_1_283' title='bbox 1941 1875 2198 1945; x_wconf 89' lang='lat' dir='ltr'><strong>quoniam</strong></span> <span class='ocrx_word' id='word_1_284' title='bbox 2228 1874 2283 1928; x_wconf 91' lang='lat' dir='ltr'><strong>in</strong></span> <span class='ocrx_word' id='word_1_285' title='bbox 2315 1882 2457 1928; x_wconf 86' lang='lat' dir='ltr'><strong>terra</strong></span> <span class='ocrx_word' id='word_1_286' title='bbox 2483 1872 2701 1942; x_wconf 81' lang='lat' dir='ltr'><strong>quidem</strong></span> <span class='ocrx_word' id='word_1_287' title='bbox 2726 1869 3003 1925; x_wconf 81' lang='lat' dir='ltr'><strong>confessio</strong></span> <span class='ocrx_word' id='word_1_288' title='bbox 3048 1870 3194 1923; x_wconf 90' lang='lat' dir='ltr'><strong>vires</strong></span> <span class='ocrx_word' id='word_1_289' title='bbox 3222 1868 3417 1923; x_wconf 87' lang='lat' dir='ltr'><strong>habet:</strong></span> <span class='ocrx_word' id='word_1_290' title='bbox 3456 1868 3512 1920; x_wconf 91' lang='lat' dir='ltr'><strong>in</strong></span> 
     </span>
    </p>
   </div>
   <div class='ocr_carea' id='block_1_39' title="bbox 1941 1959 3514 2031">
    <p class='ocr_par' dir='ltr' id='par_1_39' title="bbox 1941 1959 3514 2031">
     <span class='ocr_line' id='line_1_39' title="bbox 1941 1959 3514 2031; baseline -0.005 -10"><span class='ocrx_word' id='word_1_291' title='bbox 1941 1967 2154 2022; x_wconf 83' lang='lat' dir='ltr'><strong>inferno</strong></span> <span class='ocrx_word' id='word_1_292' title='bbox 2207 1975 2383 2020; x_wconf 92' lang='lat' dir='ltr'><strong>autem</strong></span> <span class='ocrx_word' id='word_1_293' title='bbox 2431 1980 2541 2019; x_wconf 90' lang='lat' dir='ltr'><strong>non</strong></span> <span class='ocrx_word' id='word_1_294' title='bbox 2592 1964 2802 2018; x_wconf 91' lang='lat' dir='ltr'><strong>itidem.</strong></span> <span class='ocrx_word' id='word_1_295' title='bbox 2853 1960 3060 2016; x_wconf 90' lang='lat' dir='ltr'><strong>Deinde</strong></span> <span class='ocrx_word' id='word_1_296' title='bbox 3112 1962 3265 2031; x_wconf 90' lang='lat' dir='ltr'><strong>quasi</strong></span> <span class='ocrx_word' id='word_1_297' title='bbox 3315 1959 3514 2029; x_wconf 79' lang='lat' dir='ltr'><strong>aliquis</strong></span> 
     </span>
    </p>
   </div>
   <div class='ocr_carea' id='block_1_40' title="bbox 266 2042 3513 2141">
    <p class='ocr_par' dir='ltr' id='par_1_40' title="bbox 266 2042 3513 2141">
     <span class='ocr_line' id='line_1_40' title="bbox 266 2042 3513 2141; baseline -0.008 -12"><span class='ocrx_word' id='word_1_298' title='bbox 266 2078 526 2132; x_wconf 78' lang='lat' dir='ltr'><strong>dixisset:</strong></span> <span class='ocrx_word' id='word_1_299' title='bbox 564 2042 849 2141; x_wconf 74' lang='lat' dir='ltr'><strong>Quomodo</strong></span> <span class='ocrx_word' id='word_1_300' title='bbox 871 2069 1131 2125; x_wconf 89' lang='lat' dir='ltr'><strong>curandis</strong></span> <span class='ocrx_word' id='word_1_301' title='bbox 1166 2067 1385 2123; x_wconf 85' lang='lat' dir='ltr'><strong>delictis</strong></span> <span class='ocrx_word' id='word_1_302' title='bbox 1409 2062 1839 2120; x_wconf 89' lang='lat' dir='ltr'><strong>misericordiam</strong></span> <span class='ocrx_word' id='word_1_303' title='bbox 1876 2057 2179 2127; x_wconf 90' lang='lat' dir='ltr'><strong>imploras?</strong></span> <span class='ocrx_word' id='word_1_304' title='bbox 2210 2071 2315 2125; x_wconf 90' lang='lat' dir='ltr'><strong>qua</strong></span> <span class='ocrx_word' id='word_1_305' title='bbox 2359 2055 2571 2108; x_wconf 90' lang='lat' dir='ltr'><strong>ratione</strong></span> <span class='ocrx_word' id='word_1_306' title='bbox 2612 2042 2811 2107; x_wconf 87' lang='lat' dir='ltr'><strong>numen</strong></span> <span class='ocrx_word' id='word_1_307' title='bbox 2858 2052 3102 2106; x_wconf 89' lang='lat' dir='ltr'><strong>divinum</strong></span> <span class='ocrx_word' id='word_1_308' title='bbox 3133 2050 3402 2120; x_wconf 87' lang='lat' dir='ltr'><strong>placasti?</strong></span> <span class='ocrx_word' id='word_1_309' title='bbox 3438 2051 3513 2104; x_wconf 89' lang='lat' dir='ltr'><strong>ita</strong></span> 
     </span>
    </p>
   </div>
   <div class='ocr_carea' id='block_1_41' title="bbox 266 2146 3326 2238">
    <p class='ocr_par' dir='ltr' id='par_1_41' title="bbox 266 2146 3326 2238">
     <span class='ocr_line' id='line_1_41' title="bbox 266 2146 3326 2238; baseline -0.01 -12"><span class='ocrx_word' id='word_1_310' title='bbox 266 2173 417 2235; x_wconf 81' lang='lat' dir='ltr'><strong>dicit,</strong></span> <span class='ocrx_word' id='word_1_311' title='bbox 458 2190 477 2222; x_wconf 75' lang='grc' dir='ltr'><strong>ι</strong></span> <span class='ocrx_word' id='word_1_312' title='bbox 499 2169 765 2223; x_wconf 80' lang='lat' dir='ltr'><strong>Laboravi</strong></span> <span class='ocrx_word' id='word_1_313' title='bbox 812 2169 863 2226; x_wconf 91' lang='lat' dir='ltr'><strong>in</strong></span> <span class='ocrx_word' id='word_1_314' title='bbox 896 2165 1099 2238; x_wconf 77' lang='lat' dir='ltr'><strong>gemitu</strong></span> <span class='ocrx_word' id='word_1_315' title='bbox 1126 2179 1269 2230; x_wconf 89' lang='lat' dir='ltr'><strong>meo,</strong></span> <span class='ocrx_word' id='word_1_316' title='bbox 1297 2170 1351 2218; x_wconf 91' lang='lat' dir='ltr'><strong>et</strong></span> <span class='ocrx_word' id='word_1_317' title='bbox 1374 2164 1739 2233; x_wconf 85' lang='lat' dir='ltr'><strong>lacrymarum</strong></span> <span class='ocrx_word' id='word_1_318' title='bbox 1781 2156 2002 2210; x_wconf 85' lang='lat' dir='ltr'><strong>ﬂumine</strong></span> <span class='ocrx_word' id='word_1_319' title='bbox 2042 2153 2224 2207; x_wconf 90' lang='lat' dir='ltr'><strong>eluam</strong></span> <span class='ocrx_word' id='word_1_320' title='bbox 2264 2167 2329 2205; x_wconf 84' lang='lat' dir='ltr'><strong>ex</strong></span> <span class='ocrx_word' id='word_1_321' title='bbox 2355 2160 2580 2220; x_wconf 88' lang='lat' dir='ltr'><strong>peccato</strong></span> <span class='ocrx_word' id='word_1_322' title='bbox 2610 2156 2947 2203; x_wconf 89' lang='lat' dir='ltr'><strong>constratum</strong></span> <span class='ocrx_word' id='word_1_323' title='bbox 2977 2147 3175 2201; x_wconf 89' lang='lat' dir='ltr'><strong>lectum</strong></span> <span class='ocrx_word' id='word_1_324' title='bbox 3200 2146 3263 2198; x_wconf 81' lang='grc'><strong>⁸³.</strong></span> <span class='ocrx_word' id='word_1_325' title='bbox 3307 2164 3326 2195; x_wconf 73' lang='grc' dir='ltr'><strong>ι</strong></span> 
     </span>
    </p>
   </div>
   <div class='ocr_carea' id='block_1_42' title="bbox 331 2257 1836 2333">
    <p class='ocr_par' dir='ltr' id='par_1_42' title="bbox 331 2257 1836 2333">
     <span class='ocr_line' id='line_1_42' title="bbox 331 2257 1836 2333; baseline -0.008 -13"><span class='ocrx_word' id='word_1_326' title='bbox 331 2266 433 2320; x_wconf 75' lang='grc' dir='ltr'>Διὰ</span> <span class='ocrx_word' id='word_1_327' title='bbox 463 2267 515 2318; x_wconf 87' lang='grc' dir='ltr'><strong>τί</strong></span> <span class='ocrx_word' id='word_1_328' title='bbox 532 2264 734 2329; x_wconf 76' lang='grc' dir='ltr'>ταύτας</span> <span class='ocrx_word' id='word_1_329' title='bbox 756 2265 877 2316; x_wconf 89' lang='grc' dir='ltr'><strong>Ὅτι</strong></span> <span class='ocrx_word' id='word_1_330' title='bbox 908 2266 964 2315; x_wconf 83' lang='grc' dir='ltr'>ὲν</span> <span class='ocrx_word' id='word_1_331' title='bbox 994 2261 1169 2333; x_wconf 82' lang='grc' dir='ltr'>θυμῷ,</span> <span class='ocrx_word' id='word_1_332' title='bbox 1194 2261 1376 2331; x_wconf 64' lang='grc' dir='ltr'>φησιν,</span> <span class='ocrx_word' id='word_1_333' title='bbox 1394 2261 1421 2312; x_wconf 88' lang='grc' dir='ltr'><strong>ό</strong></span> <span class='ocrx_word' id='word_1_334' title='bbox 1440 2257 1715 2328; x_wconf 81' lang='grc' dir='ltr'>ὀφθαλμός</span> <span class='ocrx_word' id='word_1_335' title='bbox 1738 2272 1836 2327; x_wconf 89' lang='grc' dir='ltr'><strong>μου</strong></span> 
     </span>
    </p>
   </div>
   <div class='ocr_carea' id='block_1_43' title="bbox 267 2350 1843 2430">
    <p class='ocr_par' dir='ltr' id='par_1_43' title="bbox 267 2350 1843 2430">
     <span class='ocr_line' id='line_1_43' title="bbox 267 2350 1843 2430; baseline -0.006 -17"><span class='ocrx_word' id='word_1_336' title='bbox 267 2358 564 2430; x_wconf 77' lang='grc' dir='ltr'>ἐταράχθη,</span> <span class='ocrx_word' id='word_1_337' title='bbox 606 2359 698 2410; x_wconf 72' lang='grc' dir='ltr'><strong>καὶ</strong></span> <span class='ocrx_word' id='word_1_338' title='bbox 728 2356 813 2408; x_wconf 86' lang='grc' dir='ltr'><strong>διά</strong></span> <span class='ocrx_word' id='word_1_339' title='bbox 854 2354 1010 2408; x_wconf 89' lang='grc' dir='ltr'>τοῦτο</span> <span class='ocrx_word' id='word_1_340' title='bbox 1060 2354 1287 2416; x_wconf 86' lang='grc' dir='ltr'>παλαιός</span> <span class='ocrx_word' id='word_1_341' title='bbox 1320 2370 1401 2414; x_wconf 86' lang='grc' dir='ltr'><strong>τις</strong></span> <span class='ocrx_word' id='word_1_342' title='bbox 1441 2352 1533 2405; x_wconf 58' lang='grc' dir='ltr'><strong>κατ¹</strong></span> <span class='ocrx_word' id='word_1_343' title='bbox 1576 2350 1843 2421; x_wconf 81' lang='grc' dir='ltr'>ὲῤῥυτιῶν</span> 
     </span>
    </p>
   </div>
   <div class='ocr_carea' id='block_1_44' title="bbox 269 2439 1844 2518">
    <p class='ocr_par' dir='ltr' id='par_1_44' title="bbox 269 2439 1844 2518">
     <span class='ocr_line' id='line_1_44' title="bbox 269 2439 1844 2518; baseline -0.008 -17"><span class='ocrx_word' id='word_1_344' title='bbox 269 2450 557 2518; x_wconf 76' lang='grc' dir='ltr'>ἐγενόμην,</span> <span class='ocrx_word' id='word_1_345' title='bbox 590 2445 683 2499; x_wconf 86' lang='grc' dir='ltr'><strong>τοῦ</strong></span> <span class='ocrx_word' id='word_1_346' title='bbox 732 2445 903 2516; x_wconf 86' lang='grc' dir='ltr'>θυμοῦ</span> <span class='ocrx_word' id='word_1_347' title='bbox 948 2444 1039 2498; x_wconf 87' lang='grc' dir='ltr'><strong>τοῦ</strong></span> <span class='ocrx_word' id='word_1_348' title='bbox 1076 2444 1224 2513; x_wconf 75' lang='grc' dir='ltr'>παρὰ</span> <span class='ocrx_word' id='word_1_349' title='bbox 1254 2441 1363 2495; x_wconf 83' lang='grc' dir='ltr'>τῶν</span> <span class='ocrx_word' id='word_1_350' title='bbox 1394 2440 1600 2511; x_wconf 82' lang='grc' dir='ltr'>ἐχθρῶν</span> <span class='ocrx_word' id='word_1_351' title='bbox 1639 2457 1726 2510; x_wconf 86' lang='grc' dir='ltr'><strong>μοι</strong></span> <span class='ocrx_word' id='word_1_352' title='bbox 1754 2439 1844 2506; x_wconf 79' lang='grc' dir='ltr'>έγ-</span> 
     </span>
    </p>
   </div>
   <div class='ocr_carea' id='block_1_45' title="bbox 269 2528 1845 2610">
    <p class='ocr_par' dir='ltr' id='par_1_45' title="bbox 269 2528 1845 2610">
     <span class='ocr_line' id='line_1_45' title="bbox 269 2528 1845 2610; baseline -0.008 -17"><span class='ocrx_word' id='word_1_353' title='bbox 269 2541 562 2610; x_wconf 75' lang='grc' dir='ltr'>γενομένου</span> <span class='ocrx_word' id='word_1_354' title='bbox 604 2541 669 2607; x_wconf 82' lang='grc' dir='ltr'>τῇ</span> <span class='ocrx_word' id='word_1_355' title='bbox 706 2537 849 2606; x_wconf 72' lang='grc' dir='ltr'>ψυχῇ</span> <span class='ocrx_word' id='word_1_356' title='bbox 879 2536 976 2606; x_wconf 80' lang='grc' dir='ltr'><strong>τὴν</strong></span> <span class='ocrx_word' id='word_1_357' title='bbox 1026 2535 1291 2604; x_wconf 82' lang='grc' dir='ltr'>σηπεδόνα</span> <span class='ocrx_word' id='word_1_358' title='bbox 1322 2534 1664 2601; x_wconf 88' lang='grc' dir='ltr'>ποιήσαντος.</span> <span class='ocrx_word' id='word_1_359' title='bbox 1701 2531 1762 2582; x_wconf 73' lang='lat' dir='ltr'><strong>Et</strong></span> <span class='ocrx_word' id='word_1_360' title='bbox 1788 2528 1845 2580; x_wconf 83' lang='grc' dir='ltr'>δὲ</span> 
     </span>
    </p>
   </div>
   <div class='ocr_carea' id='block_1_46' title="bbox 270 2619 1839 2702">
    <p class='ocr_par' dir='ltr' id='par_1_46' title="bbox 270 2619 1839 2702">
     <span class='ocr_line' id='line_1_46' title="bbox 270 2619 1839 2702; baseline -0.007 -18"><span class='ocrx_word' id='word_1_361' title='bbox 270 2632 438 2702; x_wconf 72' lang='grc' dir='ltr'>θυμὸς</span> <span class='ocrx_word' id='word_1_362' title='bbox 490 2630 648 2700; x_wconf 83' lang='grc' dir='ltr'>μόνος</span> <span class='ocrx_word' id='word_1_363' title='bbox 698 2627 946 2681; x_wconf 87' lang='grc' dir='ltr'>τοσοῦτον</span> <span class='ocrx_word' id='word_1_364' title='bbox 1000 2628 1215 2695; x_wconf 77' lang='grc' dir='ltr'>ἐμποιεῖ</span> <span class='ocrx_word' id='word_1_365' title='bbox 1253 2624 1415 2693; x_wconf 78' lang='grc' dir='ltr'>φόϐον</span> <span class='ocrx_word' id='word_1_366' title='bbox 1459 2622 1537 2693; x_wconf 85' lang='grc' dir='ltr'>τῷ</span> <span class='ocrx_word' id='word_1_367' title='bbox 1580 2622 1645 2676; x_wconf 85' lang='grc' dir='ltr'>δι’</span> <span class='ocrx_word' id='word_1_368' title='bbox 1676 2619 1839 2674; x_wconf 86' lang='grc' dir='ltr'>αὑτοῦ</span> 
     </span>
    </p>
   </div>
   <div class='ocr_carea' id='block_1_47' title="bbox 271 2715 1841 2795">
    <p class='ocr_par' dir='ltr' id='par_1_47' title="bbox 271 2715 1841 2795">
     <span class='ocr_line' id='line_1_47' title="bbox 271 2715 1841 2795; baseline -0.007 -19"><span class='ocrx_word' id='word_1_369' title='bbox 271 2723 745 2795; x_wconf 80' lang='grc' dir='ltr'>πλημμελήσαντι,</span> <span class='ocrx_word' id='word_1_370' title='bbox 784 2716 1173 2789; x_wconf 70' lang='grc' dir='ltr'>πόσῳ,μᾶλλον</span> <span class='ocrx_word' id='word_1_371' title='bbox 1220 2717 1367 2779; x_wconf 75' lang='grc' dir='ltr'>εἰκός</span> <span class='ocrx_word' id='word_1_372' title='bbox 1409 2715 1556 2767; x_wconf 80' lang='grc' dir='ltr'>ἐστιν</span> <span class='ocrx_word' id='word_1_373' title='bbox 1601 2716 1657 2766; x_wconf 86' lang='grc' dir='ltr'>ὲν</span> <span class='ocrx_word' id='word_1_374' title='bbox 1703 2715 1841 2767; x_wconf 85' lang='grc' dir='ltr'>ἀπο-</span> 
     </span>
    </p>
   </div>
   <div class='ocr_carea' id='block_1_48' title="bbox 271 2804 1840 2880">
    <p class='ocr_par' dir='ltr' id='par_1_48' title="bbox 271 2804 1840 2880">
     <span class='ocr_line' id='line_1_48' title="bbox 271 2804 1840 2880; baseline -0.004 -17"><span class='ocrx_word' id='word_1_375' title='bbox 271 2814 469 2880; x_wconf 75' lang='grc' dir='ltr'>γνώσει</span> <span class='ocrx_word' id='word_1_376' title='bbox 493 2810 741 2879; x_wconf 77' lang='grc' dir='ltr'>γενέσθαι</span> <span class='ocrx_word' id='word_1_377' title='bbox 769 2810 867 2879; x_wconf 79' lang='grc' dir='ltr'>τῆς</span> <span class='ocrx_word' id='word_1_378' title='bbox 902 2807 1177 2877; x_wconf 77' lang='grc' dir='ltr'>σωζούσης</span> <span class='ocrx_word' id='word_1_379' title='bbox 1217 2807 1449 2870; x_wconf 77' lang='grc' dir='ltr'>ἐλπίδος,</span> <span class='ocrx_word' id='word_1_380' title='bbox 1479 2806 1603 2868; x_wconf 79' lang='grc' dir='ltr'>τοὺς</span> <span class='ocrx_word' id='word_1_381' title='bbox 1638 2804 1710 2875; x_wconf 81' lang='grc' dir='ltr'>μὴ</span> <span class='ocrx_word' id='word_1_382' title='bbox 1744 2804 1840 2874; x_wconf 87' lang='grc' dir='ltr'>μό-</span> 
     </span>
    </p>
   </div>
   <div class='ocr_carea' id='block_1_49' title="bbox 270 2898 1839 2973">
    <p class='ocr_par' dir='ltr' id='par_1_49' title="bbox 270 2898 1839 2973">
     <span class='ocr_line' id='line_1_49' title="bbox 270 2898 1839 2973; baseline -0.006 -15"><span class='ocrx_word' id='word_1_383' title='bbox 270 2924 355 2958; x_wconf 85' lang='grc' dir='ltr'><strong>νον</strong></span> <span class='ocrx_word' id='word_1_384' title='bbox 375 2905 449 2957; x_wconf 77' lang='grc' dir='ltr'>τὰ</span> <span class='ocrx_word' id='word_1_385' title='bbox 471 2907 535 2956; x_wconf 81' lang='grc' dir='ltr'>ὲκ</span> <span class='ocrx_word' id='word_1_386' title='bbox 557 2903 646 2955; x_wconf 86' lang='grc' dir='ltr'><strong>τοῦ</strong></span> <span class='ocrx_word' id='word_1_387' title='bbox 672 2900 841 2973; x_wconf 85' lang='grc' dir='ltr'>θυμοῦ</span> <span class='ocrx_word' id='word_1_388' title='bbox 866 2901 1010 2971; x_wconf 79' lang='grc' dir='ltr'>πάθη</span> <span class='ocrx_word' id='word_1_389' title='bbox 1042 2899 1117 2969; x_wconf 80' lang='grc' dir='ltr'><strong>τῷ</strong></span> <span class='ocrx_word' id='word_1_390' title='bbox 1142 2900 1252 2970; x_wconf 80' lang='grc' dir='ltr'>ἰδίῳ</span> <span class='ocrx_word' id='word_1_391' title='bbox 1285 2899 1383 2970; x_wconf 83' lang='grc' dir='ltr'><strong>βίῳ</strong></span> <span class='ocrx_word' id='word_1_392' title='bbox 1408 2898 1839 2966; x_wconf 80' lang='grc' dir='ltr'>συνεγνωκότας,</span> 
     </span>
    </p>
   </div>
   <div class='ocr_carea' id='block_1_50' title="bbox 270 2989 1839 3063">
    <p class='ocr_par' dir='ltr' id='par_1_50' title="bbox 270 2989 1839 3063">
     <span class='ocr_line' id='line_1_50' title="bbox 270 2989 1839 3063; baseline -0.004 -14"><span class='ocrx_word' id='word_1_393' title='bbox 270 2998 402 3049; x_wconf 75' lang='grc' dir='ltr'>ἀλλὰ</span> <span class='ocrx_word' id='word_1_394' title='bbox 451 2996 546 3049; x_wconf 80' lang='grc' dir='ltr'><strong>καὶ</strong></span> <span class='ocrx_word' id='word_1_395' title='bbox 594 2998 693 3048; x_wconf 80' lang='grc' dir='ltr'>ὅσα</span> <span class='ocrx_word' id='word_1_396' title='bbox 742 2993 1003 3063; x_wconf 77' lang='grc' dir='ltr'>ἐπιθυμία</span> <span class='ocrx_word' id='word_1_397' title='bbox 1044 2992 1354 3062; x_wconf 76' lang='grc' dir='ltr'>ἐργάζεται,</span> <span class='ocrx_word' id='word_1_398' title='bbox 1400 2992 1491 3043; x_wconf 73' lang='grc' dir='ltr'><strong>καὶ</strong></span> <span class='ocrx_word' id='word_1_399' title='bbox 1543 2989 1839 3055; x_wconf 81' lang='grc' dir='ltr'>πλεονεξία,</span> 
     </span>
    </p>
   </div>
   <div class='ocr_carea' id='block_1_51' title="bbox 276 3080 1843 3154">
    <p class='ocr_par' dir='ltr' id='par_1_51' title="bbox 276 3080 1843 3154">
     <span class='ocr_line' id='line_1_51' title="bbox 276 3080 1843 3154; baseline -0.005 -16"><span class='ocrx_word' id='word_1_400' title='bbox 276 3089 366 3140; x_wconf 76' lang='grc' dir='ltr'><strong>καὶ</strong></span> <span class='ocrx_word' id='word_1_401' title='bbox 393 3086 585 3154; x_wconf 79' lang='grc' dir='ltr'>τῦφος,</span> <span class='ocrx_word' id='word_1_402' title='bbox 618 3086 709 3138; x_wconf 74' lang='grc' dir='ltr'><strong>καὶ</strong></span> <span class='ocrx_word' id='word_1_403' title='bbox 738 3084 1035 3153; x_wconf 83' lang='grc' dir='ltr'>φιλοτιμία,</span> <span class='ocrx_word' id='word_1_404' title='bbox 1081 3083 1175 3135; x_wconf 75' lang='grc' dir='ltr'><strong>καὶ</strong></span> <span class='ocrx_word' id='word_1_405' title='bbox 1215 3082 1427 3150; x_wconf 84' lang='grc' dir='ltr'>φθόνος,</span> <span class='ocrx_word' id='word_1_406' title='bbox 1460 3081 1552 3133; x_wconf 76' lang='grc' dir='ltr'>καὶ</span> <span class='ocrx_word' id='word_1_407' title='bbox 1591 3082 1619 3133; x_wconf 88' lang='grc' dir='ltr'><strong>ό</strong></span> <span class='ocrx_word' id='word_1_408' title='bbox 1661 3080 1843 3142; x_wconf 85' lang='grc' dir='ltr'>λοιπὸς</span> 
     </span>
    </p>
   </div>
   <div class='ocr_carea' id='block_1_52' title="bbox 272 3172 1845 3247">
    <p class='ocr_par' dir='ltr' id='par_1_52' title="bbox 272 3172 1845 3247">
     <span class='ocr_line' id='line_1_52' title="bbox 272 3172 1845 3247; baseline -0.005 -17"><span class='ocrx_word' id='word_1_409' title='bbox 272 3178 438 3247; x_wconf 73' lang='grc' dir='ltr'>ἐσμὸς</span> <span class='ocrx_word' id='word_1_410' title='bbox 472 3176 579 3229; x_wconf 84' lang='grc' dir='ltr'><strong>τῶν</strong></span> <span class='ocrx_word' id='word_1_411' title='bbox 609 3176 961 3244; x_wconf 77' lang='grc' dir='ltr'>ἀνθρωπίνων</span> <span class='ocrx_word' id='word_1_412' title='bbox 988 3173 1206 3239; x_wconf 74' lang='grc' dir='ltr'>κακῶνς</span> <span class='ocrx_word' id='word_1_413' title='bbox 1246 3172 1343 3226; x_wconf 79' lang='grc' dir='ltr'>Διά</span> <span class='ocrx_word' id='word_1_414' title='bbox 1374 3174 1529 3226; x_wconf 86' lang='grc' dir='ltr'>τοῦτο</span> <span class='ocrx_word' id='word_1_415' title='bbox 1555 3172 1687 3242; x_wconf 77' lang='grc' dir='ltr'>πρὸς</span> <span class='ocrx_word' id='word_1_416' title='bbox 1720 3172 1845 3233; x_wconf 85' lang='grc' dir='ltr'>τοὺς</span> 
     </span>
    </p>
   </div>
   <div class='ocr_carea' id='block_1_53' title="bbox 272 3259 1845 3336">
    <p class='ocr_par' dir='ltr' id='par_1_53' title="bbox 272 3259 1845 3336">
     <span class='ocr_line' id='line_1_53' title="bbox 272 3259 1845 3336; baseline -0.007 -14"><span class='ocrx_word' id='word_1_417' title='bbox 272 3268 645 3327; x_wconf 72' lang='grc' dir='ltr'>παντοδαποὺς</span> <span class='ocrx_word' id='word_1_418' title='bbox 679 3265 900 3336; x_wconf 78' lang='grc' dir='ltr'>ἐχθροὺς</span> <span class='ocrx_word' id='word_1_419' title='bbox 924 3264 1267 3336; x_wconf 76' lang='grc' dir='ltr'>ἀποστρέψας</span> <span class='ocrx_word' id='word_1_420' title='bbox 1294 3263 1384 3316; x_wconf 83' lang='grc' dir='ltr'><strong>τὸν</strong></span> <span class='ocrx_word' id='word_1_421' title='bbox 1412 3262 1590 3331; x_wconf 90' lang='grc' dir='ltr'>λόγον,</span> <span class='ocrx_word' id='word_1_422' title='bbox 1626 3280 1643 3312; x_wconf 73' lang='grc' dir='ltr'><strong>ι</strong></span> <span class='ocrx_word' id='word_1_423' title='bbox 1687 3259 1845 3312; x_wconf 81' lang='grc' dir='ltr'>Ἀπό-</span> 
     </span>
    </p>
   </div>
   <div class='ocr_carea' id='block_1_54' title="bbox 283 3350 1845 3429">
    <p class='ocr_par' dir='ltr' id='par_1_54' title="bbox 283 3350 1845 3429">
     <span class='ocr_line' id='line_1_54' title="bbox 283 3350 1845 3429; baseline -0.006 -17"><span class='ocrx_word' id='word_1_424' title='bbox 283 3377 497 3429; x_wconf 61' lang='lat' dir='ltr'><strong>arma,»</strong></span> <span class='ocrx_word' id='word_1_425' title='bbox 528 3357 713 3428; x_wconf 70' lang='grc' dir='ltr'>φησιν,</span> <span class='ocrx_word' id='word_1_426' title='bbox 739 3376 757 3406; x_wconf 86' lang='grc'><strong><em>‹</em></strong></span> <span class='ocrx_word' id='word_1_427' title='bbox 799 3357 891 3409; x_wconf 82' lang='grc' dir='ltr'>ἀπ’</span> <span class='ocrx_word' id='word_1_428' title='bbox 915 3354 1069 3425; x_wconf 74' lang='grc' dir='ltr'>ἐμοῦ,</span> <span class='ocrx_word' id='word_1_429' title='bbox 1096 3355 1291 3415; x_wconf 83' lang='grc' dir='ltr'>πάντες</span> <span class='ocrx_word' id='word_1_430' title='bbox 1310 3355 1358 3406; x_wconf 83' lang='grc' dir='ltr'>οἱ</span> <span class='ocrx_word' id='word_1_431' title='bbox 1380 3352 1729 3423; x_wconf 83' lang='grc' dir='ltr'>ἐργαζόμενοι</span> <span class='ocrx_word' id='word_1_432' title='bbox 1747 3350 1845 3421; x_wconf 83' lang='grc' dir='ltr'>τὴν</span> 
     </span>
    </p>
   </div>
   <div class='ocr_carea' id='block_1_55' title="bbox 273 3440 1847 3519">
    <p class='ocr_par' dir='ltr' id='par_1_55' title="bbox 273 3440 1847 3519">
     <span class='ocr_line' id='line_1_55' title="bbox 273 3440 1847 3519; baseline -0.006 -18"><span class='ocrx_word' id='word_1_433' title='bbox 273 3449 524 3519; x_wconf 80' lang='grc' dir='ltr'>ἀνομίαν.</span> <span class='ocrx_word' id='word_1_434' title='bbox 572 3467 589 3498; x_wconf 74' lang='grc' dir='ltr'><strong>ι</strong></span> <span class='ocrx_word' id='word_1_435' title='bbox 624 3447 873 3501; x_wconf 86' lang='grc' dir='ltr'>Δείκνυσι</span> <span class='ocrx_word' id='word_1_436' title='bbox 913 3445 969 3498; x_wconf 83' lang='grc' dir='ltr'>δὲ</span> <span class='ocrx_word' id='word_1_437' title='bbox 1001 3444 1079 3515; x_wconf 83' lang='grc' dir='ltr'>τῷ</span> <span class='ocrx_word' id='word_1_438' title='bbox 1111 3444 1308 3514; x_wconf 76' lang='grc' dir='ltr'>ἐφεξῆς</span> <span class='ocrx_word' id='word_1_439' title='bbox 1336 3444 1477 3514; x_wconf 85' lang='grc' dir='ltr'>λόγῳ</span> <span class='ocrx_word' id='word_1_440' title='bbox 1505 3443 1601 3512; x_wconf 86' lang='grc' dir='ltr'>τὴν</span> <span class='ocrx_word' id='word_1_441' title='bbox 1639 3440 1847 3510; x_wconf 83' lang='grc' dir='ltr'>ἀγαθὴν</span> 
     </span>
    </p>
   </div>
   <div class='ocr_carea' id='block_1_56' title="bbox 273 3534 1849 3608">
    <p class='ocr_par' dir='ltr' id='par_1_56' title="bbox 273 3534 1849 3608">
     <span class='ocr_line' id='line_1_56' title="bbox 273 3534 1849 3608; baseline -0.008 -14"><span class='ocrx_word' id='word_1_442' title='bbox 273 3542 467 3594; x_wconf 78' lang='grc' dir='ltr'>ἐλπίδα</span> <span class='ocrx_word' id='word_1_443' title='bbox 496 3538 589 3593; x_wconf 83' lang='grc' dir='ltr'><strong>τοῦ</strong></span> <span class='ocrx_word' id='word_1_444' title='bbox 630 3539 696 3591; x_wconf 83' lang='grc' dir='ltr'>ὲκ</span> <span class='ocrx_word' id='word_1_445' title='bbox 730 3536 1011 3608; x_wconf 87' lang='grc' dir='ltr'>μετανοίας</span> <span class='ocrx_word' id='word_1_446' title='bbox 1044 3534 1470 3605; x_wconf 88' lang='grc' dir='ltr'>προσγινομένου</span> <span class='ocrx_word' id='word_1_447' title='bbox 1495 3534 1626 3603; x_wconf 81' lang='grc' dir='ltr'>ἡμῖν</span> <span class='ocrx_word' id='word_1_448' title='bbox 1652 3548 1849 3601; x_wconf 90' lang='grc' dir='ltr'>κατορ-</span> 
     </span>
    </p>
   </div>
   <div class='ocr_carea' id='block_1_57' title="bbox 272 3622 1849 3704">
    <p class='ocr_par' dir='ltr' id='par_1_57' title="bbox 272 3622 1849 3704">
     <span class='ocr_line' id='line_1_57' title="bbox 272 3622 1849 3704; baseline -0.008 -18"><span class='ocrx_word' id='word_1_449' title='bbox 272 3634 547 3704; x_wconf 84' lang='grc' dir='ltr'>θώματος.</span> <span class='ocrx_word' id='word_1_450' title='bbox 570 3630 743 3693; x_wconf 81' lang='grc' dir='ltr'>Εὐθὺς</span> <span class='ocrx_word' id='word_1_451' title='bbox 766 3630 874 3698; x_wconf 78' lang='grc' dir='ltr'><strong>γὰρ</strong></span> <span class='ocrx_word' id='word_1_452' title='bbox 894 3627 1027 3697; x_wconf 82' lang='grc' dir='ltr'>ὁμοῦ</span> <span class='ocrx_word' id='word_1_453' title='bbox 1054 3644 1110 3678; x_wconf 89' lang='grc' dir='ltr'><strong>τε</strong></span> <span class='ocrx_word' id='word_1_454' title='bbox 1133 3628 1256 3689; x_wconf 84' lang='grc' dir='ltr'>τοὺς</span> <span class='ocrx_word' id='word_1_455' title='bbox 1282 3626 1419 3696; x_wconf 82' lang='grc' dir='ltr'>ὑπὲρ</span> <span class='ocrx_word' id='word_1_456' title='bbox 1442 3627 1540 3695; x_wconf 81' lang='grc' dir='ltr'><strong>τῆς</strong></span> <span class='ocrx_word' id='word_1_457' title='bbox 1564 3622 1849 3693; x_wconf 82' lang='grc' dir='ltr'>μετανοίας</span> 
     </span>
    </p>
   </div>
   <div class='ocr_carea' id='block_1_58' title="bbox 270 3713 1849 3796">
    <p class='ocr_par' dir='ltr' id='par_1_58' title="bbox 270 3713 1849 3796">
     <span class='ocr_line' id='line_1_58' title="bbox 270 3713 1849 3796; baseline -0.007 -18"><span class='ocrx_word' id='word_1_458' title='bbox 270 3727 348 3796; x_wconf 83' lang='grc' dir='ltr'><strong>τῷ</strong></span> <span class='ocrx_word' id='word_1_459' title='bbox 370 3725 493 3794; x_wconf 85' lang='grc' dir='ltr'><strong>Θεῴ</strong></span> <span class='ocrx_word' id='word_1_460' title='bbox 513 3724 833 3794; x_wconf 86' lang='grc' dir='ltr'>προσήγαγε</span> <span class='ocrx_word' id='word_1_461' title='bbox 856 3720 1066 3787; x_wconf 87' lang='grc' dir='ltr'>λόγους.</span> <span class='ocrx_word' id='word_1_462' title='bbox 1093 3720 1185 3772; x_wconf 73' lang='grc' dir='ltr'>καὶ</span> <span class='ocrx_word' id='word_1_463' title='bbox 1211 3719 1287 3781; x_wconf 75' lang='grc' dir='ltr'><strong>είς</strong></span> <span class='ocrx_word' id='word_1_464' title='bbox 1311 3715 1657 3786; x_wconf 86' lang='grc' dir='ltr'>συναίσθησιν</span> <span class='ocrx_word' id='word_1_465' title='bbox 1682 3713 1849 3767; x_wconf 80' lang='grc' dir='ltr'>ἐλθὼν</span> 
     </span>
    </p>
   </div>
   <div class='ocr_carea' id='block_1_59' title="bbox 273 3803 1849 3887">
    <p class='ocr_par' dir='ltr' id='par_1_59' title="bbox 273 3803 1849 3887">
     <span class='ocr_line' id='line_1_59' title="bbox 273 3803 1849 3887; baseline -0.01 -16"><span class='ocrx_word' id='word_1_466' title='bbox 273 3819 369 3887; x_wconf 73' lang='grc' dir='ltr'>τῆς</span> <span class='ocrx_word' id='word_1_467' title='bbox 395 3815 492 3871; x_wconf 87' lang='grc' dir='ltr'><strong>τοῦ</strong></span> <span class='ocrx_word' id='word_1_468' title='bbox 523 3812 657 3868; x_wconf 86' lang='grc' dir='ltr'>Θεοῦ</span> <span class='ocrx_word' id='word_1_469' title='bbox 706 3812 831 3882; x_wconf 73' lang='grc' dir='ltr'>περὶ</span> <span class='ocrx_word' id='word_1_470' title='bbox 877 3812 1038 3864; x_wconf 83' lang='grc' dir='ltr'>αὑτὸν</span> <span class='ocrx_word' id='word_1_471' title='bbox 1072 3810 1373 3881; x_wconf 83' lang='grc' dir='ltr'>εὐμενείας,</span> <span class='ocrx_word' id='word_1_472' title='bbox 1418 3805 1725 3878; x_wconf 87' lang='grc' dir='ltr'>δημοσιεύει</span> <span class='ocrx_word' id='word_1_473' title='bbox 1755 3803 1849 3874; x_wconf 79' lang='grc' dir='ltr'>τὴν</span> 
     </span>
    </p>
   </div>
   <div class='ocr_carea' id='block_1_60' title="bbox 276 3899 1851 3979">
    <p class='ocr_par' dir='ltr' id='par_1_60' title="bbox 276 3899 1851 3979">
     <span class='ocr_line' id='line_1_60' title="bbox 276 3899 1851 3979; baseline -0.01 -17"><span class='ocrx_word' id='word_1_474' title='bbox 276 3910 457 3979; x_wconf 79' lang='grc' dir='ltr'>χάριν,</span> <span class='ocrx_word' id='word_1_475' title='bbox 484 3906 580 3959; x_wconf 78' lang='grc' dir='ltr'>καὶ</span> <span class='ocrx_word' id='word_1_476' title='bbox 606 3907 672 3975; x_wconf 79' lang='grc' dir='ltr'>τῇ</span> <span class='ocrx_word' id='word_1_477' title='bbox 688 3904 866 3973; x_wconf 84' lang='grc' dir='ltr'>δωρεᾷ</span> <span class='ocrx_word' id='word_1_478' title='bbox 882 3900 1265 3969; x_wconf 84' lang='grc' dir='ltr'>ὲπαγάλλεται,</span> <span class='ocrx_word' id='word_1_479' title='bbox 1296 3899 1466 3966; x_wconf 88' lang='grc' dir='ltr'>λέγων</span> <span class='ocrx_word' id='word_1_480' title='bbox 1482 3915 1495 3930; x_wconf 75' lang='grc' dir='ltr'><strong><em>ο</em></strong></span> <span class='ocrx_word' id='word_1_481' title='bbox 1521 3899 1851 3968; x_wconf 77' lang='grc' dir='ltr'>«Εῐσήκουσε</span> 
     </span>
    </p>
   </div>
   <div class='ocr_carea' id='block_1_61' title="bbox 277 3988 1851 4070">
    <p class='ocr_par' dir='ltr' id='par_1_61' title="bbox 277 3988 1851 4070">
     <span class='ocr_line' id='line_1_61' title="bbox 277 3988 1851 4070; baseline -0.008 -18"><span class='ocrx_word' id='word_1_482' title='bbox 277 3990 492 4070; x_wconf 78' lang='grc' dir='ltr'>Κύριος</span> <span class='ocrx_word' id='word_1_483' title='bbox 512 3997 614 4067; x_wconf 82' lang='grc' dir='ltr'><strong>τῆς</strong></span> <span class='ocrx_word' id='word_1_484' title='bbox 661 3995 843 4064; x_wconf 81' lang='grc' dir='ltr'>φωνῆς</span> <span class='ocrx_word' id='word_1_485' title='bbox 889 3993 986 4062; x_wconf 75' lang='grc' dir='ltr'>τῆς</span> <span class='ocrx_word' id='word_1_486' title='bbox 1035 3990 1267 4061; x_wconf 75' lang='grc' dir='ltr'>δεήσεως</span> <span class='ocrx_word' id='word_1_487' title='bbox 1310 4007 1408 4059; x_wconf 87' lang='grc' dir='ltr'><strong>μου</strong></span> <span class='ocrx_word' id='word_1_488' title='bbox 1448 4004 1460 4016; x_wconf 89' lang='grc'><strong>·</strong></span> <span class='ocrx_word' id='word_1_489' title='bbox 1509 3989 1710 4059; x_wconf 86' lang='grc' dir='ltr'>Κύριος</span> <span class='ocrx_word' id='word_1_490' title='bbox 1754 3988 1851 4058; x_wconf 83' lang='grc' dir='ltr'>τὴν</span> 
     </span>
    </p>
   </div>
   <div class='ocr_carea' id='block_1_62' title="bbox 277 4074 1852 4161">
    <p class='ocr_par' dir='ltr' id='par_1_62' title="bbox 277 4074 1852 4161">
     <span class='ocr_line' id='line_1_62' title="bbox 277 4074 1852 4161; baseline -0.01 -17"><span class='ocrx_word' id='word_1_491' title='bbox 277 4089 591 4161; x_wconf 85' lang='grc' dir='ltr'>προσευχήν</span> <span class='ocrx_word' id='word_1_492' title='bbox 646 4104 747 4156; x_wconf 89' lang='grc' dir='ltr'><strong>μου</strong></span> <span class='ocrx_word' id='word_1_493' title='bbox 794 4082 1170 4154; x_wconf 82' lang='grc' dir='ltr'>προσεδέξατο.</span> <span class='ocrx_word' id='word_1_494' title='bbox 1216 4100 1235 4132; x_wconf 70' lang='grc' dir='ltr'><strong>ι</strong></span> <span class='ocrx_word' id='word_1_495' title='bbox 1274 4081 1361 4143; x_wconf 83' lang='grc' dir='ltr'>Ὠς</span> <span class='ocrx_word' id='word_1_496' title='bbox 1414 4079 1480 4132; x_wconf 86' lang='grc' dir='ltr'><strong>ἂν</strong></span> <span class='ocrx_word' id='word_1_497' title='bbox 1529 4074 1620 4131; x_wconf 83' lang='grc' dir='ltr'><strong>οὖν</strong></span> <span class='ocrx_word' id='word_1_498' title='bbox 1668 4080 1746 4140; x_wconf 73' lang='grc' dir='ltr'>εἰς</span> <span class='ocrx_word' id='word_1_499' title='bbox 1792 4078 1852 4130; x_wconf 84' lang='grc' dir='ltr'><strong>τὸ</strong></span> 
     </span>
    </p>
   </div>
   <div class='ocr_carea' id='block_1_63' title="bbox 277 4170 1851 4252">
    <p class='ocr_par' dir='ltr' id='par_1_63' title="bbox 277 4170 1851 4252">
     <span class='ocr_line' id='line_1_63' title="bbox 277 4170 1851 4252; baseline -0.01 -17"><span class='ocrx_word' id='word_1_500' title='bbox 277 4182 523 4252; x_wconf 84' lang='grc' dir='ltr'>διηνεκὲς</span> <span class='ocrx_word' id='word_1_501' title='bbox 556 4178 704 4249; x_wconf 86' lang='grc' dir='ltr'>αύτῷ</span> <span class='ocrx_word' id='word_1_502' title='bbox 734 4178 793 4232; x_wconf 84' lang='grc' dir='ltr'><strong>τὸ</strong></span> <span class='ocrx_word' id='word_1_503' title='bbox 834 4175 1034 4244; x_wconf 78' lang='grc' dir='ltr'>ἀγαθὸν</span> <span class='ocrx_word' id='word_1_504' title='bbox 1072 4172 1393 4243; x_wconf 79' lang='grc' dir='ltr'>παραμένοι,</span> <span class='ocrx_word' id='word_1_505' title='bbox 1428 4171 1489 4223; x_wconf 86' lang='grc' dir='ltr'><strong>τδ</strong></span> <span class='ocrx_word' id='word_1_506' title='bbox 1535 4171 1597 4222; x_wconf 83' lang='grc' dir='ltr'>ὲκ</span> <span class='ocrx_word' id='word_1_507' title='bbox 1626 4170 1725 4239; x_wconf 80' lang='grc' dir='ltr'>τῆς</span> <span class='ocrx_word' id='word_1_508' title='bbox 1755 4186 1851 4239; x_wconf 88' lang='grc' dir='ltr'>με-</span> 
     </span>
    </p>
   </div>
   <div class='ocr_carea' id='block_1_64' title="bbox 281 4261 1853 4339">
    <p class='ocr_par' dir='ltr' id='par_1_64' title="bbox 281 4261 1853 4339">
     <span class='ocr_line' id='line_1_64' title="bbox 281 4261 1853 4339; baseline -0.008 -14"><span class='ocrx_word' id='word_1_509' title='bbox 281 4272 507 4333; x_wconf 83' lang='grc' dir='ltr'>τανοίας</span> <span class='ocrx_word' id='word_1_510' title='bbox 538 4269 685 4339; x_wconf 79' lang='grc' dir='ltr'>αὐτῷ</span> <span class='ocrx_word' id='word_1_511' title='bbox 713 4265 1160 4339; x_wconf 87' lang='grc' dir='ltr'>προσγενόμενον,</span> <span class='ocrx_word' id='word_1_512' title='bbox 1190 4263 1285 4317; x_wconf 71' lang='grc' dir='ltr'><strong>καὶ</strong></span> <span class='ocrx_word' id='word_1_513' title='bbox 1317 4263 1390 4333; x_wconf 83' lang='grc' dir='ltr'>μὴ</span> <span class='ocrx_word' id='word_1_514' title='bbox 1407 4262 1661 4332; x_wconf 87' lang='grc' dir='ltr'>δευτέρας</span> <span class='ocrx_word' id='word_1_515' title='bbox 1694 4261 1853 4314; x_wconf 84' lang='grc' dir='ltr'>πάλιν</span> 
     </span>
    </p>
   </div>
   <div class='ocr_carea' id='block_1_65' title="bbox 281 4350 1853 4433">
    <p class='ocr_par' dir='ltr' id='par_1_65' title="bbox 281 4350 1853 4433">
     <span class='ocr_line' id='line_1_65' title="bbox 281 4350 1853 4433; baseline -0.008 -18"><span class='ocrx_word' id='word_1_516' title='bbox 281 4362 573 4433; x_wconf 78' lang='grc' dir='ltr'>μετανοίας</span> <span class='ocrx_word' id='word_1_517' title='bbox 617 4359 803 4430; x_wconf 82' lang='grc' dir='ltr'>χρείαν</span> <span class='ocrx_word' id='word_1_518' title='bbox 847 4360 875 4410; x_wconf 87' lang='grc' dir='ltr'><strong>ό</strong></span> <span class='ocrx_word' id='word_1_519' title='bbox 908 4355 1019 4425; x_wconf 83' lang='grc' dir='ltr'>βίος</span> <span class='ocrx_word' id='word_1_520' title='bbox 1048 4354 1201 4407; x_wconf 77' lang='grc' dir='ltr'>λάϐοι</span> <span class='ocrx_word' id='word_1_521' title='bbox 1228 4369 1241 4382; x_wconf 83' lang='lat'><strong><em>°</em></strong></span> <span class='ocrx_word' id='word_1_522' title='bbox 1278 4351 1689 4423; x_wconf 78' lang='grc' dir='ltr'>ἀποστραφῆναι</span> <span class='ocrx_word' id='word_1_523' title='bbox 1727 4350 1853 4413; x_wconf 79' lang='grc' dir='ltr'>τοὺς</span> 
     </span>
    </p>
   </div>
   <div class='ocr_carea' id='block_1_66' title="bbox 2012 2241 3513 2318">
    <p class='ocr_par' dir='ltr' id='par_1_66' title="bbox 2012 2241 3513 2318">
     <span class='ocr_line' id='line_1_66' title="bbox 2012 2241 3513 2318; baseline -0.005 -16"><span class='ocrx_word' id='word_1_524' title='bbox 2012 2249 2137 2304; x_wconf 58' lang='lat' dir='ltr'><strong>Haec</strong></span> <span class='ocrx_word' id='word_1_525' title='bbox 2170 2242 2566 2318; x_wconf 85' lang='lat' dir='ltr'><strong>quamobrem?</strong></span> <span class='ocrx_word' id='word_1_526' title='bbox 2595 2241 2861 2307; x_wconf 87' lang='lat' dir='ltr'><strong>Quoniam</strong></span> <span class='ocrx_word' id='word_1_527' title='bbox 2901 2245 2955 2297; x_wconf 89' lang='lat' dir='ltr'><strong>in</strong></span> <span class='ocrx_word' id='word_1_528' title='bbox 2988 2244 3170 2296; x_wconf 79' lang='lat' dir='ltr'><strong>furore</strong></span> <span class='ocrx_word' id='word_1_529' title='bbox 3202 2250 3257 2296; x_wconf 92' lang='lat' dir='ltr'><strong>et</strong></span> <span class='ocrx_word' id='word_1_530' title='bbox 3295 2242 3513 2296; x_wconf 85' lang='lat' dir='ltr'><strong>iracun-</strong></span> 
     </span>
    </p>
   </div>
   <div class='ocr_carea' id='block_1_67' title="bbox 1943 2332 3512 2410">
    <p class='ocr_par' dir='ltr' id='par_1_67' title="bbox 1943 2332 3512 2410">
     <span class='ocr_line' id='line_1_67' title="bbox 1943 2332 3512 2410; baseline -0.005 -15"><span class='ocrx_word' id='word_1_531' title='bbox 1943 2342 2053 2407; x_wconf 85' lang='lat' dir='ltr'><strong>dia,</strong></span> <span class='ocrx_word' id='word_1_532' title='bbox 2082 2340 2278 2410; x_wconf 87' lang='lat' dir='ltr'><strong>inquit,</strong></span> <span class='ocrx_word' id='word_1_533' title='bbox 2311 2340 2563 2392; x_wconf 84' lang='lat' dir='ltr'><strong>turbatus</strong></span> <span class='ocrx_word' id='word_1_534' title='bbox 2590 2343 2672 2391; x_wconf 88' lang='lat' dir='ltr'><strong>est</strong></span> <span class='ocrx_word' id='word_1_535' title='bbox 2697 2334 2890 2388; x_wconf 86' lang='lat' dir='ltr'><strong>oculus</strong></span> <span class='ocrx_word' id='word_1_536' title='bbox 2920 2351 3093 2398; x_wconf 88' lang='lat' dir='ltr'><strong>meus,</strong></span> <span class='ocrx_word' id='word_1_537' title='bbox 3116 2342 3279 2402; x_wconf 89' lang='lat' dir='ltr'><strong>atque</strong></span> <span class='ocrx_word' id='word_1_538' title='bbox 3308 2332 3512 2387; x_wconf 88' lang='lat' dir='ltr'><strong>idcirco</strong></span> 
     </span>
    </p>
   </div>
   <div class='ocr_carea' id='block_1_68' title="bbox 1944 2425 3515 2501">
    <p class='ocr_par' dir='ltr' id='par_1_68' title="bbox 1944 2425 3515 2501">
     <span class='ocr_line' id='line_1_68' title="bbox 1944 2425 3515 2501; baseline -0.004 -14"><span class='ocrx_word' id='word_1_539' title='bbox 1944 2442 2194 2488; x_wconf 90' lang='lat' dir='ltr'><strong>vetustus</strong></span> <span class='ocrx_word' id='word_1_540' title='bbox 2225 2430 2445 2501; x_wconf 89' lang='lat' dir='ltr'><strong>quidam</strong></span> <span class='ocrx_word' id='word_1_541' title='bbox 2488 2443 2551 2482; x_wconf 88' lang='lat' dir='ltr'><strong>ac</strong></span> <span class='ocrx_word' id='word_1_542' title='bbox 2580 2426 2858 2481; x_wconf 84' lang='lat' dir='ltr'><strong>marcidus</strong></span> <span class='ocrx_word' id='word_1_543' title='bbox 2914 2425 3093 2481; x_wconf 79' lang='lat' dir='ltr'><strong>factus</strong></span> <span class='ocrx_word' id='word_1_544' title='bbox 3120 2441 3263 2485; x_wconf 90' lang='lat' dir='ltr'><strong>sum,</strong></span> <span class='ocrx_word' id='word_1_545' title='bbox 3314 2426 3515 2496; x_wconf 85' lang='lat' dir='ltr'><strong>quippe</strong></span> 
     </span>
    </p>
   </div>
   <div class='ocr_carea' id='block_1_69' title="bbox 1948 2517 3516 2587">
    <p class='ocr_par' dir='ltr' id='par_1_69' title="bbox 1948 2517 3516 2587">
     <span class='ocr_line' id='line_1_69' title="bbox 1948 2517 3516 2587; baseline -0.006 -8"><span class='ocrx_word' id='word_1_546' title='bbox 1948 2541 2073 2579; x_wconf 90' lang='lat' dir='ltr'><strong>eum</strong></span> <span class='ocrx_word' id='word_1_547' title='bbox 2106 2524 2279 2587; x_wconf 76' lang='lat' dir='ltr'><strong>furor,</strong></span> <span class='ocrx_word' id='word_1_548' title='bbox 2303 2530 2358 2577; x_wconf 89' lang='lat' dir='ltr'><strong>et</strong></span> <span class='ocrx_word' id='word_1_549' title='bbox 2391 2519 2678 2574; x_wconf 90' lang='lat' dir='ltr'><strong>iracundia</strong></span> <span class='ocrx_word' id='word_1_550' title='bbox 2728 2532 2822 2586; x_wconf 85' lang='lat' dir='ltr'><strong>per</strong></span> <span class='ocrx_word' id='word_1_551' title='bbox 2857 2517 3113 2570; x_wconf 86' lang='lat' dir='ltr'><strong>inimicos</strong></span> <span class='ocrx_word' id='word_1_552' title='bbox 3148 2517 3201 2570; x_wconf 92' lang='lat' dir='ltr'><strong>in</strong></span> <span class='ocrx_word' id='word_1_553' title='bbox 3238 2530 3321 2569; x_wconf 92' lang='lat' dir='ltr'><strong>me</strong></span> <span class='ocrx_word' id='word_1_554' title='bbox 3353 2530 3516 2587; x_wconf 85' lang='lat' dir='ltr'><strong>gene-</strong></span> 
     </span>
    </p>
   </div>
   <div class='ocr_carea' id='block_1_70' title="bbox 1950 2607 3512 2684">
    <p class='ocr_par' dir='ltr' id='par_1_70' title="bbox 1950 2607 3512 2684">
     <span class='ocr_line' id='line_1_70' title="bbox 1950 2607 3512 2684; baseline -0.006 -13"><span class='ocrx_word' id='word_1_555' title='bbox 1950 2625 2068 2671; x_wconf 88' lang='lat' dir='ltr'><strong>rata</strong></span> <span class='ocrx_word' id='word_1_556' title='bbox 2113 2617 2348 2670; x_wconf 89' lang='lat' dir='ltr'><strong>animam</strong></span> <span class='ocrx_word' id='word_1_557' title='bbox 2384 2612 2671 2684; x_wconf 89' lang='lat' dir='ltr'><strong>putredine</strong></span> <span class='ocrx_word' id='word_1_558' title='bbox 2710 2608 2961 2663; x_wconf 84' lang='lat' dir='ltr'><strong>infecerit</strong></span> <span class='ocrx_word' id='word_1_559' title='bbox 2992 2616 3153 2678; x_wconf 88' lang='lat' dir='ltr'><strong>atque</strong></span> <span class='ocrx_word' id='word_1_560' title='bbox 3182 2607 3512 2675; x_wconf 86' lang='lat' dir='ltr'><strong>corruperit.</strong></span> 
     </span>
    </p>
   </div>
   <div class='ocr_carea' id='block_1_71' title="bbox 1948 2700 3512 2775">
    <p class='ocr_par' dir='ltr' id='par_1_71' title="bbox 1948 2700 3512 2775">
     <span class='ocr_line' id='line_1_71' title="bbox 1948 2700 3512 2775; baseline -0.008 -12"><span class='ocrx_word' id='word_1_561' title='bbox 1948 2708 2104 2775; x_wconf 83' lang='lat' dir='ltr'><strong>Quod</strong></span> <span class='ocrx_word' id='word_1_562' title='bbox 2139 2709 2186 2763; x_wconf 85' lang='lat' dir='ltr'><strong>si</strong></span> <span class='ocrx_word' id='word_1_563' title='bbox 2218 2707 2373 2760; x_wconf 82' lang='lat' dir='ltr'><strong>furor</strong></span> <span class='ocrx_word' id='word_1_564' title='bbox 2406 2712 2461 2759; x_wconf 91' lang='lat' dir='ltr'><strong>et</strong></span> <span class='ocrx_word' id='word_1_565' title='bbox 2490 2701 2775 2757; x_wconf 87' lang='lat' dir='ltr'><strong>iracundia</strong></span> <span class='ocrx_word' id='word_1_566' title='bbox 2834 2700 2950 2755; x_wconf 92' lang='lat' dir='ltr'><strong>sola</strong></span> <span class='ocrx_word' id='word_1_567' title='bbox 3006 2706 3215 2753; x_wconf 87' lang='lat' dir='ltr'><strong>tantum</strong></span> <span class='ocrx_word' id='word_1_568' title='bbox 3250 2704 3512 2753; x_wconf 89' lang='lat' dir='ltr'><strong>terrorem</strong></span> 
     </span>
    </p>
   </div>
   <div class='ocr_carea' id='block_1_72' title="bbox 1947 2791 3519 2870">
    <p class='ocr_par' dir='ltr' id='par_1_72' title="bbox 1947 2791 3519 2870">
     <span class='ocr_line' id='line_1_72' title="bbox 1947 2791 3519 2870; baseline -0.008 -15"><span class='ocrx_word' id='word_1_569' title='bbox 1947 2804 2019 2865; x_wconf 87' lang='lat' dir='ltr'><strong>ei,</strong></span> <span class='ocrx_word' id='word_1_570' title='bbox 2050 2802 2141 2870; x_wconf 89' lang='lat' dir='ltr'><strong>qui</strong></span> <span class='ocrx_word' id='word_1_571' title='bbox 2177 2814 2273 2868; x_wconf 89' lang='lat' dir='ltr'><strong>per</strong></span> <span class='ocrx_word' id='word_1_572' title='bbox 2301 2792 2420 2852; x_wconf 89' lang='lat' dir='ltr'><strong>eam</strong></span> <span class='ocrx_word' id='word_1_573' title='bbox 2450 2793 2761 2864; x_wconf 86' lang='lat' dir='ltr'><strong>deliquerit,</strong></span> <span class='ocrx_word' id='word_1_574' title='bbox 2800 2792 3022 2855; x_wconf 88' lang='lat' dir='ltr'><strong>incutit,</strong></span> <span class='ocrx_word' id='word_1_575' title='bbox 3085 2797 3292 2860; x_wconf 87' lang='lat' dir='ltr'><strong>quanto</strong></span> <span class='ocrx_word' id='word_1_576' title='bbox 3344 2791 3519 2859; x_wconf 87' lang='lat' dir='ltr'><strong>magis</strong></span> 
     </span>
    </p>
   </div>
   <div class='ocr_carea' id='block_1_73' title="bbox 1951 2878 3519 2952">
    <p class='ocr_par' dir='ltr' id='par_1_73' title="bbox 1951 2878 3519 2952">
     <span class='ocr_line' id='line_1_73' title="bbox 1951 2878 3519 2952; baseline -0.01 -5"><span class='ocrx_word' id='word_1_577' title='bbox 1951 2890 2249 2947; x_wconf 83' lang='lat' dir='ltr'><strong>verisimile</strong></span> <span class='ocrx_word' id='word_1_578' title='bbox 2303 2895 2388 2943; x_wconf 90' lang='lat' dir='ltr'><strong>est</strong></span> <span class='ocrx_word' id='word_1_579' title='bbox 2436 2886 2667 2940; x_wconf 89' lang='lat' dir='ltr'><strong>salutem</strong></span> <span class='ocrx_word' id='word_1_580' title='bbox 2699 2883 3088 2952; x_wconf 87' lang='lat' dir='ltr'><strong>desperaturos</strong></span> <span class='ocrx_word' id='word_1_581' title='bbox 3116 2896 3239 2935; x_wconf 91' lang='lat' dir='ltr'><strong>esse</strong></span> <span class='ocrx_word' id='word_1_582' title='bbox 3274 2894 3390 2942; x_wconf 91' lang='lat' dir='ltr'><strong>eos,</strong></span> <span class='ocrx_word' id='word_1_583' title='bbox 3423 2878 3519 2948; x_wconf 93' lang='lat' dir='ltr'><strong>qui</strong></span> 
     </span>
    </p>
   </div>
   <div class='ocr_carea' id='block_1_74' title="bbox 1950 2971 3514 3047">
    <p class='ocr_par' dir='ltr' id='par_1_74' title="bbox 1950 2971 3514 3047">
     <span class='ocr_line' id='line_1_74' title="bbox 1950 2971 3514 3047; baseline -0.008 -12"><span class='ocrx_word' id='word_1_584' title='bbox 1950 2996 2059 3035; x_wconf 90' lang='lat' dir='ltr'><strong>non</strong></span> <span class='ocrx_word' id='word_1_585' title='bbox 2092 2978 2256 3033; x_wconf 92' lang='lat' dir='ltr'><strong>modo</strong></span> <span class='ocrx_word' id='word_1_586' title='bbox 2282 2993 2378 3047; x_wconf 89' lang='lat' dir='ltr'><strong>per</strong></span> <span class='ocrx_word' id='word_1_587' title='bbox 2406 2974 2745 3029; x_wconf 89' lang='lat' dir='ltr'><strong>iracundiam</strong></span> <span class='ocrx_word' id='word_1_588' title='bbox 2788 2975 2840 3026; x_wconf 91' lang='lat' dir='ltr'><strong>in</strong></span> <span class='ocrx_word' id='word_1_589' title='bbox 2902 2972 3013 3025; x_wconf 92' lang='lat' dir='ltr'><strong>vita</strong></span> <span class='ocrx_word' id='word_1_590' title='bbox 3059 2971 3478 3025; x_wconf 87' lang='lat' dir='ltr'><strong>commissorum</strong></span> <span class='ocrx_word' id='word_1_591' title='bbox 3499 3012 3514 3032; x_wconf 88' lang='lat'><strong>,</strong></span> 
     </span>
    </p>
   </div>
   <div class='ocr_carea' id='block_1_75' title="bbox 1949 3062 3518 3136">
    <p class='ocr_par' dir='ltr' id='par_1_75' title="bbox 1949 3062 3518 3136">
     <span class='ocr_line' id='line_1_75' title="bbox 1949 3062 3518 3136; baseline -0.006 -11"><span class='ocrx_word' id='word_1_592' title='bbox 1949 3088 2137 3128; x_wconf 89' lang='lat' dir='ltr'><strong>verum</strong></span> <span class='ocrx_word' id='word_1_593' title='bbox 2160 3071 2325 3125; x_wconf 90' lang='lat' dir='ltr'><strong>etiam</strong></span> <span class='ocrx_word' id='word_1_594' title='bbox 2342 3083 2552 3129; x_wconf 86' lang='lat' dir='ltr'><strong>eorum,</strong></span> <span class='ocrx_word' id='word_1_595' title='bbox 2577 3081 2697 3136; x_wconf 62' lang='lat' dir='ltr'><strong>quae</strong></span> <span class='ocrx_word' id='word_1_596' title='bbox 2717 3063 3011 3134; x_wconf 89' lang='lat' dir='ltr'><strong>cupiditas,</strong></span> <span class='ocrx_word' id='word_1_597' title='bbox 3038 3078 3159 3132; x_wconf 72' lang='lat' dir='ltr'><strong>quae</strong></span> <span class='ocrx_word' id='word_1_598' title='bbox 3184 3062 3333 3116; x_wconf 84' lang='lat' dir='ltr'><strong>fraus</strong></span> <span class='ocrx_word' id='word_1_599' title='bbox 3353 3070 3518 3131; x_wconf 84' lang='lat' dir='ltr'><strong>atque</strong></span> 
     </span>
    </p>
   </div>
   <div class='ocr_carea' id='block_1_76' title="bbox 1949 3153 3516 3232">
    <p class='ocr_par' dir='ltr' id='par_1_76' title="bbox 1949 3153 3516 3232">
     <span class='ocr_line' id='line_1_76' title="bbox 1949 3153 3516 3232; baseline -0.009 -12"><span class='ocrx_word' id='word_1_600' title='bbox 1949 3164 2199 3226; x_wconf 90' lang='lat' dir='ltr'><strong>avaritia,</strong></span> <span class='ocrx_word' id='word_1_601' title='bbox 2239 3176 2359 3232; x_wconf 60' lang='lat' dir='ltr'><strong>quae</strong></span> <span class='ocrx_word' id='word_1_602' title='bbox 2392 3160 2605 3221; x_wconf 81' lang='lat' dir='ltr'><strong>fastus,</strong></span> <span class='ocrx_word' id='word_1_603' title='bbox 2653 3172 2775 3227; x_wconf 73' lang='lat' dir='ltr'><strong>qua:</strong></span> <span class='ocrx_word' id='word_1_604' title='bbox 2826 3155 3072 3222; x_wconf 91' lang='lat' dir='ltr'><strong>ambitio,</strong></span> <span class='ocrx_word' id='word_1_605' title='bbox 3108 3169 3228 3223; x_wconf 77' lang='lat' dir='ltr'><strong>quae</strong></span> <span class='ocrx_word' id='word_1_606' title='bbox 3288 3153 3516 3215; x_wconf 88' lang='lat' dir='ltr'><strong>invidia,</strong></span> 
     </span>
    </p>
   </div>
   <div class='ocr_carea' id='block_1_77' title="bbox 1950 3249 3512 3329">
    <p class='ocr_par' dir='ltr' id='par_1_77' title="bbox 1950 3249 3512 3329">
     <span class='ocr_line' id='line_1_77' title="bbox 1950 3249 3512 3329; baseline -0.011 -15"><span class='ocrx_word' id='word_1_607' title='bbox 1950 3273 2071 3329; x_wconf 72' lang='lat' dir='ltr'><strong>qua:</strong></span> <span class='ocrx_word' id='word_1_608' title='bbox 2102 3258 2372 3325; x_wconf 92' lang='lat' dir='ltr'><strong>reliquum</strong></span> <span class='ocrx_word' id='word_1_609' title='bbox 2408 3254 2771 3307; x_wconf 89' lang='lat' dir='ltr'><strong>humanorum</strong></span> <span class='ocrx_word' id='word_1_610' title='bbox 2796 3249 3052 3303; x_wconf 89' lang='lat' dir='ltr'><strong>vitiorum</strong></span> <span class='ocrx_word' id='word_1_611' title='bbox 3080 3254 3351 3317; x_wconf 85' lang='lat' dir='ltr'><strong>perpetrat</strong></span> <span class='ocrx_word' id='word_1_612' title='bbox 3381 3258 3512 3300; x_wconf 82' lang='lat' dir='ltr'><strong>exa-</strong></span> 
     </span>
    </p>
   </div>
   <div class='ocr_carea' id='block_1_78' title="bbox 1949 3334 3518 3419">
    <p class='ocr_par' dir='ltr' id='par_1_78' title="bbox 1949 3334 3518 3419">
     <span class='ocr_line' id='line_1_78' title="bbox 1949 3334 3518 3419; baseline -0.011 -13"><span class='ocrx_word' id='word_1_613' title='bbox 1949 3366 2098 3413; x_wconf 89' lang='lat' dir='ltr'><strong>men,</strong></span> <span class='ocrx_word' id='word_1_614' title='bbox 2143 3354 2496 3419; x_wconf 87' lang='lat' dir='ltr'><strong>peccatorum</strong></span> <span class='ocrx_word' id='word_1_615' title='bbox 2552 3342 2655 3398; x_wconf 91' lang='lat' dir='ltr'><strong>sibi</strong></span> <span class='ocrx_word' id='word_1_616' title='bbox 2714 3339 2923 3395; x_wconf 91' lang='lat' dir='ltr'><strong>conseii</strong></span> <span class='ocrx_word' id='word_1_617' title='bbox 2981 3338 3153 3394; x_wconf 90' lang='lat' dir='ltr'><strong>sunt?</strong></span> <span class='ocrx_word' id='word_1_618' title='bbox 3186 3337 3395 3391; x_wconf 89' lang='lat' dir='ltr'><strong>Idcirco</strong></span> <span class='ocrx_word' id='word_1_619' title='bbox 3449 3334 3518 3389; x_wconf 90' lang='lat' dir='ltr'><strong>ad</strong></span> 
     </span>
    </p>
   </div>
   <div class='ocr_carea' id='block_1_79' title="bbox 1948 3427 3515 3512">
    <p class='ocr_par' dir='ltr' id='par_1_79' title="bbox 1948 3427 3515 3512">
     <span class='ocr_line' id='line_1_79' title="bbox 1948 3427 3515 3512; baseline -0.012 -16"><span class='ocrx_word' id='word_1_620' title='bbox 1948 3443 2083 3496; x_wconf 90' lang='lat' dir='ltr'><strong>varii</strong></span> <span class='ocrx_word' id='word_1_621' title='bbox 2111 3439 2326 3512; x_wconf 82' lang='lat' dir='ltr'><strong>generis</strong></span> <span class='ocrx_word' id='word_1_622' title='bbox 2347 3436 2601 3492; x_wconf 89' lang='lat' dir='ltr'><strong>inimicos</strong></span> <span class='ocrx_word' id='word_1_623' title='bbox 2620 3447 2814 3487; x_wconf 90' lang='lat' dir='ltr'><strong>averso</strong></span> <span class='ocrx_word' id='word_1_624' title='bbox 2838 3444 3090 3486; x_wconf 89' lang='lat' dir='ltr'><strong>sermone</strong></span> <span class='ocrx_word' id='word_1_625' title='bbox 3109 3445 3151 3480; x_wconf 75' lang='lat' dir='ltr'>:c</span> <span class='ocrx_word' id='word_1_626' title='bbox 3178 3427 3469 3489; x_wconf 88' lang='lat' dir='ltr'><strong>Discedite,</strong></span> <span class='ocrx_word' id='word_1_627' title='bbox 3494 3444 3515 3477; x_wconf 71' lang='grc' dir='ltr'><strong>ι</strong></span> 
     </span>
    </p>
   </div>
   <div class='ocr_carea' id='block_1_80' title="bbox 1950 3514 3515 3602">
    <p class='ocr_par' dir='ltr' id='par_1_80' title="bbox 1950 3514 3515 3602">
     <span class='ocr_line' id='line_1_80' title="bbox 1950 3514 3515 3602; baseline -0.012 -16"><span class='ocrx_word' id='word_1_628' title='bbox 1950 3532 2147 3602; x_wconf 87' lang='lat' dir='ltr'><strong>inquit.</strong></span> <span class='ocrx_word' id='word_1_629' title='bbox 2169 3550 2189 3581; x_wconf 77' lang='grc' dir='ltr'><strong>ι</strong></span> <span class='ocrx_word' id='word_1_630' title='bbox 2223 3544 2252 3582; x_wconf 91' lang='lat' dir='ltr'><strong>a</strong></span> <span class='ocrx_word' id='word_1_631' title='bbox 2271 3542 2377 3593; x_wconf 89' lang='lat' dir='ltr'><strong>me,</strong></span> <span class='ocrx_word' id='word_1_632' title='bbox 2407 3540 2599 3581; x_wconf 91' lang='lat' dir='ltr'><strong>omnes</strong></span> <span class='ocrx_word' id='word_1_633' title='bbox 2616 3524 2709 3593; x_wconf 87' lang='lat' dir='ltr'><strong>qui</strong></span> <span class='ocrx_word' id='word_1_634' title='bbox 2730 3518 3030 3591; x_wconf 90' lang='lat' dir='ltr'><strong>operamini</strong></span> <span class='ocrx_word' id='word_1_635' title='bbox 3056 3514 3473 3587; x_wconf 70' lang='lat' dir='ltr'><strong>iniquitatem“.</strong></span> <span class='ocrx_word' id='word_1_636' title='bbox 3494 3533 3515 3568; x_wconf 71' lang='grc' dir='ltr'><strong>ι</strong></span> 
     </span>
    </p>
   </div>
   <div class='ocr_carea' id='block_1_81' title="bbox 1949 3598 3521 3687">
    <p class='ocr_par' dir='ltr' id='par_1_81' title="bbox 1949 3598 3521 3687">
     <span class='ocr_line' id='line_1_81' title="bbox 1949 3598 3521 3687; baseline -0.012 -8"><span class='ocrx_word' id='word_1_637' title='bbox 1949 3598 2200 3679; x_wconf 76' lang='lat' dir='ltr'><strong>Ostendit</strong></span> <span class='ocrx_word' id='word_1_638' title='bbox 2248 3627 2426 3674; x_wconf 89' lang='lat' dir='ltr'><strong>autem</strong></span> <span class='ocrx_word' id='word_1_639' title='bbox 2478 3615 2726 3687; x_wconf 81' lang='lat' dir='ltr'><strong>proxime</strong></span> <span class='ocrx_word' id='word_1_640' title='bbox 2782 3611 3032 3680; x_wconf 90' lang='lat' dir='ltr'><strong>sequenti</strong></span> <span class='ocrx_word' id='word_1_641' title='bbox 3098 3623 3260 3664; x_wconf 89' lang='lat' dir='ltr'><strong>versu</strong></span> <span class='ocrx_word' id='word_1_642' title='bbox 3296 3598 3521 3661; x_wconf 83' lang='lat' dir='ltr'><strong>bonam</strong></span> 
     </span>
    </p>
   </div>
   <div class='ocr_carea' id='block_1_82' title="bbox 1952 3699 3524 3788">
    <p class='ocr_par' dir='ltr' id='par_1_82' title="bbox 1952 3699 3524 3788">
     <span class='ocr_line' id='line_1_82' title="bbox 1952 3699 3524 3788; baseline -0.015 -13"><span class='ocrx_word' id='word_1_643' title='bbox 1952 3733 2102 3788; x_wconf 85' lang='lat' dir='ltr'><strong>spem</strong></span> <span class='ocrx_word' id='word_1_644' title='bbox 2133 3727 2427 3771; x_wconf 88' lang='lat' dir='ltr'><strong>successus</strong></span> <span class='ocrx_word' id='word_1_645' title='bbox 2458 3707 2709 3780; x_wconf 89' lang='lat' dir='ltr'><strong>prosperi</strong></span> <span class='ocrx_word' id='word_1_646' title='bbox 2738 3704 2899 3760; x_wconf 81' lang='lat' dir='ltr'><strong>nobis</strong></span> <span class='ocrx_word' id='word_1_647' title='bbox 2930 3718 2996 3758; x_wconf 81' lang='lat' dir='ltr'><strong>ex</strong></span> <span class='ocrx_word' id='word_1_648' title='bbox 3036 3699 3359 3772; x_wconf 69' lang='lat' dir='ltr'><strong>paenitentia</strong></span> <span class='ocrx_word' id='word_1_649' title='bbox 3395 3715 3524 3770; x_wconf 81' lang='lat' dir='ltr'><strong>pro-</strong></span> 
     </span>
    </p>
   </div>
   <div class='ocr_carea' id='block_1_83' title="bbox 1950 3789 3524 3864">
    <p class='ocr_par' dir='ltr' id='par_1_83' title="bbox 1950 3789 3524 3864">
     <span class='ocr_line' id='line_1_83' title="bbox 1950 3789 3524 3864; baseline -0.013 0"><span class='ocrx_word' id='word_1_650' title='bbox 1950 3807 2244 3864; x_wconf 82' lang='lat' dir='ltr'><strong>venientis.</strong></span> <span class='ocrx_word' id='word_1_651' title='bbox 2283 3802 2479 3858; x_wconf 86' lang='lat' dir='ltr'><strong>Statim</strong></span> <span class='ocrx_word' id='word_1_652' title='bbox 2513 3799 2656 3854; x_wconf 89' lang='lat' dir='ltr'><strong>enim</strong></span> <span class='ocrx_word' id='word_1_653' title='bbox 2691 3795 2854 3851; x_wconf 89' lang='lat' dir='ltr'><strong>simul</strong></span> <span class='ocrx_word' id='word_1_654' title='bbox 2893 3801 3055 3863; x_wconf 89' lang='lat' dir='ltr'><strong>atque</strong></span> <span class='ocrx_word' id='word_1_655' title='bbox 3084 3790 3249 3846; x_wconf 87' lang='lat' dir='ltr'><strong>verba</strong></span> <span class='ocrx_word' id='word_1_656' title='bbox 3285 3789 3393 3844; x_wconf 90' lang='lat' dir='ltr'><strong>Deo</strong></span> <span class='ocrx_word' id='word_1_657' title='bbox 3424 3804 3524 3859; x_wconf 90' lang='lat' dir='ltr'><strong>pro</strong></span> 
     </span>
    </p>
   </div>
   <div class='ocr_carea' id='block_1_84' title="bbox 1952 3881 3521 3972">
    <p class='ocr_par' dir='ltr' id='par_1_84' title="bbox 1952 3881 3521 3972">
     <span class='ocr_line' id='line_1_84' title="bbox 1952 3881 3521 3972; baseline -0.013 -16"><span class='ocrx_word' id='word_1_658' title='bbox 1952 3898 2274 3972; x_wconf 72' lang='lat' dir='ltr'><strong>pcenitentia</strong></span> <span class='ocrx_word' id='word_1_659' title='bbox 2302 3894 2523 3959; x_wconf 90' lang='lat' dir='ltr'><strong>obtulit,</strong></span> <span class='ocrx_word' id='word_1_660' title='bbox 2550 3904 2674 3945; x_wconf 90' lang='lat' dir='ltr'><strong>cum</strong></span> <span class='ocrx_word' id='word_1_661' title='bbox 2712 3884 3144 3941; x_wconf 85' lang='lat' dir='ltr'><strong>benevolentiam</strong></span> <span class='ocrx_word' id='word_1_662' title='bbox 3172 3881 3266 3936; x_wconf 92' lang='lat' dir='ltr'><strong>Dei</strong></span> <span class='ocrx_word' id='word_1_663' title='bbox 3300 3896 3521 3952; x_wconf 66' lang='lat' dir='ltr'><strong>erga,se</strong></span> 
     </span>
    </p>
   </div>
   <div class='ocr_carea' id='block_1_85' title="bbox 1952 3973 3524 4057">
    <p class='ocr_par' dir='ltr' id='par_1_85' title="bbox 1952 3973 3524 4057">
     <span class='ocr_line' id='line_1_85' title="bbox 1952 3973 3524 4057; baseline -0.015 -8"><span class='ocrx_word' id='word_1_664' title='bbox 1952 3993 2147 4054; x_wconf 90' lang='lat' dir='ltr'><strong>sensit,</strong></span> <span class='ocrx_word' id='word_1_665' title='bbox 2189 4000 2299 4044; x_wconf 90' lang='lat' dir='ltr'><strong>tum</strong></span> <span class='ocrx_word' id='word_1_666' title='bbox 2335 3986 2566 4057; x_wconf 87' lang='lat' dir='ltr'><strong>gratiam</strong></span> <span class='ocrx_word' id='word_1_667' title='bbox 2601 3981 2846 4050; x_wconf 87' lang='lat' dir='ltr'><strong>divulgat</strong></span> <span class='ocrx_word' id='word_1_668' title='bbox 2888 3993 2951 4032; x_wconf 91' lang='lat' dir='ltr'><strong>ac</strong></span> <span class='ocrx_word' id='word_1_669' title='bbox 3009 3973 3291 4046; x_wconf 64' lang='lat' dir='ltr'><strong>praedicat,</strong></span> <span class='ocrx_word' id='word_1_670' title='bbox 3345 3981 3398 4027; x_wconf 89' lang='lat' dir='ltr'><strong>et</strong></span> <span class='ocrx_word' id='word_1_671' title='bbox 3451 3973 3524 4027; x_wconf 89' lang='lat' dir='ltr'><strong>ob</strong></span> 
     </span>
    </p>
   </div>
   <div class='ocr_carea' id='block_1_86' title="bbox 1952 4066 3523 4149">
    <p class='ocr_par' dir='ltr' id='par_1_86' title="bbox 1952 4066 3523 4149">
     <span class='ocr_line' id='line_1_86' title="bbox 1952 4066 3523 4149; baseline -0.011 -11"><span class='ocrx_word' id='word_1_672' title='bbox 1952 4086 2156 4139; x_wconf 90' lang='lat' dir='ltr'><strong>donum</strong></span> <span class='ocrx_word' id='word_1_673' title='bbox 2184 4080 2287 4136; x_wconf 88' lang='lat' dir='ltr'><strong>sibi</strong></span> <span class='ocrx_word' id='word_1_674' title='bbox 2319 4080 2496 4149; x_wconf 91' lang='lat' dir='ltr'><strong>placet</strong></span> <span class='ocrx_word' id='word_1_675' title='bbox 2531 4084 2695 4145; x_wconf 90' lang='lat' dir='ltr'><strong>atque</strong></span> <span class='ocrx_word' id='word_1_676' title='bbox 2727 4075 2963 4133; x_wconf 67' lang='lat' dir='ltr'><strong>laatatur,</strong></span> <span class='ocrx_word' id='word_1_677' title='bbox 2998 4070 3230 4125; x_wconf 90' lang='lat' dir='ltr'><strong>dicens:</strong></span> <span class='ocrx_word' id='word_1_678' title='bbox 3272 4086 3291 4119; x_wconf 77' lang='grc' dir='ltr'><strong>ι</strong></span> <span class='ocrx_word' id='word_1_679' title='bbox 3339 4066 3523 4121; x_wconf 81' lang='lat' dir='ltr'><strong>Exau-</strong></span> 
     </span>
    </p>
   </div>
   <div class='ocr_carea' id='block_1_87' title="bbox 1953 4158 3525 4236">
    <p class='ocr_par' dir='ltr' id='par_1_87' title="bbox 1953 4158 3525 4236">
     <span class='ocr_line' id='line_1_87' title="bbox 1953 4158 3525 4236; baseline -0.01 -7"><span class='ocrx_word' id='word_1_680' title='bbox 1953 4175 2088 4229; x_wconf 89' lang='lat' dir='ltr'><strong>divit</strong></span> <span class='ocrx_word' id='word_1_681' title='bbox 2123 4170 2387 4227; x_wconf 92' lang='lat' dir='ltr'><strong>Dominus</strong></span> <span class='ocrx_word' id='word_1_682' title='bbox 2445 4182 2630 4223; x_wconf 91' lang='lat' dir='ltr'><strong>vocem</strong></span> <span class='ocrx_word' id='word_1_683' title='bbox 2695 4163 3094 4236; x_wconf 84' lang='lat' dir='ltr'><strong>deprecationis</strong></span> <span class='ocrx_word' id='word_1_684' title='bbox 3153 4175 3337 4215; x_wconf 70' lang='lat' dir='ltr'><strong>mete:</strong></span> <span class='ocrx_word' id='word_1_685' title='bbox 3402 4158 3525 4214; x_wconf 90' lang='lat' dir='ltr'><strong>Do-</strong></span> 
     </span>
    </p>
   </div>
   <div class='ocr_carea' id='block_1_88' title="bbox 1953 4250 3523 4325">
    <p class='ocr_par' dir='ltr' id='par_1_88' title="bbox 1953 4250 3523 4325">
     <span class='ocr_line' id='line_1_88' title="bbox 1953 4250 3523 4325; baseline -0.011 -3"><span class='ocrx_word' id='word_1_686' title='bbox 1953 4269 2135 4322; x_wconf 91' lang='lat' dir='ltr'><strong>minus</strong></span> <span class='ocrx_word' id='word_1_687' title='bbox 2210 4264 2515 4319; x_wconf 90' lang='lat' dir='ltr'><strong>orationem</strong></span> <span class='ocrx_word' id='word_1_688' title='bbox 2597 4273 2773 4314; x_wconf 89' lang='lat' dir='ltr'><strong>meam</strong></span> <span class='ocrx_word' id='word_1_689' title='bbox 2869 4254 3130 4325; x_wconf 90' lang='lat' dir='ltr'><strong>suscepit.</strong></span> <span class='ocrx_word' id='word_1_690' title='bbox 3176 4250 3285 4306; x_wconf 71' lang='lat' dir='ltr'><strong>)Ut</strong></span> <span class='ocrx_word' id='word_1_691' title='bbox 3356 4252 3523 4321; x_wconf 89' lang='lat' dir='ltr'><strong>igitur</strong></span> 
     </span>
    </p>
   </div>
   <div class='ocr_carea' id='block_1_89' title="bbox 1956 4345 3524 4429">
    <p class='ocr_par' dir='ltr' id='par_1_89' title="bbox 1956 4345 3524 4429">
     <span class='ocr_line' id='line_1_89' title="bbox 1956 4345 3524 4429; baseline -0.01 -16"><span class='ocrx_word' id='word_1_692' title='bbox 1956 4360 2009 4413; x_wconf 92' lang='lat' dir='ltr'><strong>in</strong></span> <span class='ocrx_word' id='word_1_693' title='bbox 2052 4364 2372 4429; x_wconf 89' lang='lat' dir='ltr'><strong>perpetuum</strong></span> <span class='ocrx_word' id='word_1_694' title='bbox 2412 4352 2557 4424; x_wconf 89' lang='lat' dir='ltr'><strong>apud</strong></span> <span class='ocrx_word' id='word_1_695' title='bbox 2613 4367 2672 4406; x_wconf 90' lang='lat' dir='ltr'><strong>se</strong></span> <span class='ocrx_word' id='word_1_696' title='bbox 2700 4356 2917 4404; x_wconf 87' lang='lat' dir='ltr'><strong>maneat</strong></span> <span class='ocrx_word' id='word_1_697' title='bbox 2971 4346 3024 4401; x_wconf 93' lang='lat' dir='ltr'><strong>id</strong></span> <span class='ocrx_word' id='word_1_698' title='bbox 3063 4346 3208 4417; x_wconf 90' lang='lat' dir='ltr'><strong>quod</strong></span> <span class='ocrx_word' id='word_1_699' title='bbox 3241 4361 3304 4399; x_wconf 81' lang='lat' dir='ltr'><strong>ex</strong></span> <span class='ocrx_word' id='word_1_700' title='bbox 3348 4345 3524 4415; x_wconf 75' lang='grc' dir='ltr'><strong>ι)ωηί-</strong></span> 
     </span>
    </p>
   </div>
   <div class='ocr_carea' id='block_1_90' title="bbox 278 4436 1845 4527">
    <p class='ocr_par' dir='ltr' id='par_1_90' title="bbox 278 4443 1845 4526">
     <span class='ocr_line' id='line_1_90' title="bbox 278 4443 1845 4526; baseline -0.007 -18"><span class='ocrx_word' id='word_1_701' title='bbox 278 4454 510 4526; x_wconf 78' lang='grc' dir='ltr'>ὲχθροὺς</span> <span class='ocrx_word' id='word_1_702' title='bbox 554 4450 717 4504; x_wconf 75' lang='grc' dir='ltr'>αὑτοῦ</span> <span class='ocrx_word' id='word_1_703' title='bbox 760 4450 934 4501; x_wconf 87' lang='grc' dir='ltr'>δεῖται</span> <span class='ocrx_word' id='word_1_704' title='bbox 969 4445 1329 4517; x_wconf 61' lang='grc' dir='ltr'>διἰαῐσχύνης</span> <span class='ocrx_word' id='word_1_705' title='bbox 1370 4443 1845 4516; x_wconf 85' lang='grc' dir='ltr'>μαστιγουμένους.</span> 
     </span>
    </p>
   </div>
   <div class='ocr_carea' id='block_1_91' title="bbox 1948 4436 3524 4527">
    <p class='ocr_par' dir='ltr' id='par_1_91' title="bbox 1954 4436 3524 4514">
     <span class='ocr_line' id='line_1_91' title="bbox 1954 4436 3524 4514; baseline -0.01 -10"><span class='ocrx_word' id='word_1_706' title='bbox 1954 4448 2126 4504; x_wconf 89' lang='lat' dir='ltr'><strong>tentia</strong></span> <span class='ocrx_word' id='word_1_707' title='bbox 2162 4448 2365 4502; x_wconf 91' lang='lat' dir='ltr'><strong>bonum</strong></span> <span class='ocrx_word' id='word_1_708' title='bbox 2398 4445 2503 4514; x_wconf 90' lang='lat' dir='ltr'><strong>ipsi</strong></span> <span class='ocrx_word' id='word_1_709' title='bbox 2536 4440 2788 4500; x_wconf 86' lang='lat' dir='ltr'><strong>accessit,</strong></span> <span class='ocrx_word' id='word_1_710' title='bbox 2820 4454 2885 4492; x_wconf 91' lang='lat' dir='ltr'><strong>ac</strong></span> <span class='ocrx_word' id='word_1_711' title='bbox 2916 4437 3026 4492; x_wconf 91' lang='lat' dir='ltr'><strong>vita</strong></span> <span class='ocrx_word' id='word_1_712' title='bbox 3059 4451 3168 4491; x_wconf 92' lang='lat' dir='ltr'><strong>non</strong></span> <span class='ocrx_word' id='word_1_713' title='bbox 3197 4436 3366 4490; x_wconf 91' lang='lat' dir='ltr'><strong>altera</strong></span> <span class='ocrx_word' id='word_1_714' title='bbox 3399 4450 3524 4490; x_wconf 86' lang='lat' dir='ltr'><strong>rur-</strong></span> 
     </span>
    </p>
   </div>
   <div class='ocr_carea' id='block_1_92' title="bbox 291 4536 1853 4614">
    <p class='ocr_par' dir='ltr' id='par_1_92' title="bbox 291 4536 1853 4614">
     <span class='ocr_line' id='line_1_92' title="bbox 291 4536 1853 4614; baseline -0.008 -16"><span class='ocrx_word' id='word_1_715' title='bbox 291 4548 351 4598; x_wconf 83' lang='lat'><strong>&#39;0</strong></span> <span class='ocrx_word' id='word_1_716' title='bbox 378 4545 488 4614; x_wconf 82' lang='grc' dir='ltr'>γὰρ</span> <span class='ocrx_word' id='word_1_717' title='bbox 512 4541 818 4614; x_wconf 80' lang='grc' dir='ltr'>αἰσχυνθεὶς</span> <span class='ocrx_word' id='word_1_718' title='bbox 849 4541 939 4593; x_wconf 75' lang='grc' dir='ltr'>ἐπὶ</span> <span class='ocrx_word' id='word_1_719' title='bbox 964 4541 1029 4609; x_wconf 82' lang='grc' dir='ltr'>τῇ</span> <span class='ocrx_word' id='word_1_720' title='bbox 1049 4537 1142 4591; x_wconf 87' lang='grc' dir='ltr'><strong>τοῦ</strong></span> <span class='ocrx_word' id='word_1_721' title='bbox 1170 4536 1340 4591; x_wconf 88' lang='grc' dir='ltr'>κακοῦ</span> <span class='ocrx_word' id='word_1_722' title='bbox 1370 4536 1697 4608; x_wconf 79' lang='grc' dir='ltr'>ὲγχειρήσει,</span> <span class='ocrx_word' id='word_1_723' title='bbox 1728 4550 1853 4587; x_wconf 91' lang='grc' dir='ltr'>παι-</span> 
     </span>
    </p>
   </div>
   <div class='ocr_carea' id='block_1_93' title="bbox 279 4622 1849 4704">
    <p class='ocr_par' dir='ltr' id='par_1_93' title="bbox 279 4622 1849 4704">
     <span class='ocr_line' id='line_1_93' title="bbox 279 4622 1849 4704; baseline -0.01 -14"><span class='ocrx_word' id='word_1_724' title='bbox 279 4633 516 4704; x_wconf 86' lang='grc' dir='ltr'>δαγωγῷ</span> <span class='ocrx_word' id='word_1_725' title='bbox 540 4633 676 4704; x_wconf 82' lang='grc' dir='ltr'>πρὸς</span> <span class='ocrx_word' id='word_1_726' title='bbox 707 4631 768 4684; x_wconf 86' lang='grc' dir='ltr'><strong>τὸ</strong></span> <span class='ocrx_word' id='word_1_727' title='bbox 801 4629 992 4701; x_wconf 86' lang='grc' dir='ltr'>μηκέτι</span> <span class='ocrx_word' id='word_1_728' title='bbox 1020 4630 1130 4690; x_wconf 88' lang='grc' dir='ltr'>τοῖς</span> <span class='ocrx_word' id='word_1_729' title='bbox 1163 4627 1343 4689; x_wconf 83' lang='grc' dir='ltr'>αὐτοῖς</span> <span class='ocrx_word' id='word_1_730' title='bbox 1376 4624 1751 4696; x_wconf 85' lang='grc' dir='ltr'>συνενεχθῆναι</span> <span class='ocrx_word' id='word_1_731' title='bbox 1784 4622 1849 4694; x_wconf 84' lang='grc' dir='ltr'>τῇ</span> 
     </span>
    </p>
   </div>
   <div class='ocr_carea' id='block_1_94' title="bbox 284 4714 1853 4797">
    <p class='ocr_par' dir='ltr' id='par_1_94' title="bbox 284 4714 1853 4797">
     <span class='ocr_line' id='line_1_94' title="bbox 284 4714 1853 4797; baseline -0.009 -16"><span class='ocrx_word' id='word_1_732' title='bbox 284 4726 521 4797; x_wconf 80' lang='grc' dir='ltr'>αἰσχύνῃ</span> <span class='ocrx_word' id='word_1_733' title='bbox 551 4722 828 4795; x_wconf 85' lang='grc' dir='ltr'>χρώμενος</span> <span class='ocrx_word' id='word_1_734' title='bbox 848 4762 863 4789; x_wconf 84' lang='grc'><strong>,</strong></span> <span class='ocrx_word' id='word_1_735' title='bbox 908 4721 1005 4792; x_wconf 80' lang='grc' dir='ltr'>τῆς</span> <span class='ocrx_word' id='word_1_736' title='bbox 1050 4719 1157 4772; x_wconf 84' lang='grc' dir='ltr'>τῶν</span> <span class='ocrx_word' id='word_1_737' title='bbox 1206 4718 1404 4789; x_wconf 86' lang='grc' dir='ltr'>ὁμοίων</span> <span class='ocrx_word' id='word_1_738' title='bbox 1436 4716 1627 4785; x_wconf 87' lang='grc' dir='ltr'>πείρας</span> <span class='ocrx_word' id='word_1_739' title='bbox 1659 4716 1735 4778; x_wconf 76' lang='grc' dir='ltr'><strong>εἰς</strong></span> <span class='ocrx_word' id='word_1_740' title='bbox 1761 4714 1853 4767; x_wconf 86' lang='grc' dir='ltr'><strong>τὸν</strong></span> 
     </span>
    </p>
   </div>
   <div class='ocr_carea' id='block_1_95' title="bbox 282 4808 1852 4889">
    <p class='ocr_par' dir='ltr' id='par_1_95' title="bbox 282 4808 1852 4889">
     <span class='ocr_line' id='line_1_95' title="bbox 282 4808 1852 4889; baseline -0.007 -18"><span class='ocrx_word' id='word_1_741' title='bbox 282 4819 485 4889; x_wconf 78' lang='grc' dir='ltr'>ἑφεξῆς</span> <span class='ocrx_word' id='word_1_742' title='bbox 509 4818 699 4887; x_wconf 88' lang='grc' dir='ltr'>χρόνον</span> <span class='ocrx_word' id='word_1_743' title='bbox 724 4813 997 4883; x_wconf 77' lang='grc' dir='ltr'>ἀφέξεται.</span> <span class='ocrx_word' id='word_1_744' title='bbox 1021 4812 1168 4880; x_wconf 74' lang='grc' dir='ltr'>Αὕτη</span> <span class='ocrx_word' id='word_1_745' title='bbox 1192 4811 1293 4880; x_wconf 82' lang='grc' dir='ltr'>τῆς</span> <span class='ocrx_word' id='word_1_746' title='bbox 1315 4808 1521 4879; x_wconf 85' lang='grc' dir='ltr'>ἀγαθῆς</span> <span class='ocrx_word' id='word_1_747' title='bbox 1540 4808 1852 4870; x_wconf 78' lang='grc' dir='ltr'>ἀναϐάσεως</span> 
     </span>
    </p>
   </div>
   <div class='ocr_carea' id='block_1_96' title="bbox 282 4896 1852 4979">
    <p class='ocr_par' dir='ltr' id='par_1_96' title="bbox 282 4896 1852 4979">
     <span class='ocr_line' id='line_1_96' title="bbox 282 4896 1852 4979; baseline -0.01 -16"><span class='ocrx_word' id='word_1_748' title='bbox 282 4912 318 4979; x_wconf 83' lang='grc' dir='ltr'>ἠ</span> <span class='ocrx_word' id='word_1_749' title='bbox 347 4906 661 4962; x_wconf 82' lang='grc' dir='ltr'>ἀκολουθία.</span> <span class='ocrx_word' id='word_1_750' title='bbox 724 4905 783 4957; x_wconf 83' lang='lat'><strong>&#39;0</strong></span> <span class='ocrx_word' id='word_1_751' title='bbox 813 4902 1067 4975; x_wconf 87' lang='grc' dir='ltr'>τέταρτος</span> <span class='ocrx_word' id='word_1_752' title='bbox 1112 4900 1321 4971; x_wconf 76' lang='grc' dir='ltr'>ψαλμὸς</span> <span class='ocrx_word' id='word_1_753' title='bbox 1351 4899 1413 4951; x_wconf 81' lang='grc' dir='ltr'><strong>τὸ</strong></span> <span class='ocrx_word' id='word_1_754' title='bbox 1452 4898 1611 4953; x_wconf 82' lang='grc' dir='ltr'>ἅῦλον</span> <span class='ocrx_word' id='word_1_755' title='bbox 1653 4896 1852 4965; x_wconf 86' lang='grc' dir='ltr'>ἀγαθὸν</span> 
     </span>
    </p>
   </div>
   <div class='ocr_carea' id='block_1_97' title="bbox 283 4989 1848 5067">
    <p class='ocr_par' dir='ltr' id='par_1_97' title="bbox 283 4989 1848 5067">
     <span class='ocr_line' id='line_1_97' title="bbox 283 4989 1848 5067; baseline -0.009 -14"><span class='ocrx_word' id='word_1_756' title='bbox 283 5001 394 5054; x_wconf 83' lang='grc' dir='ltr'><strong>ἀπὸ</strong></span> <span class='ocrx_word' id='word_1_757' title='bbox 426 4997 523 5052; x_wconf 89' lang='grc' dir='ltr'><strong>τοῦ</strong></span> <span class='ocrx_word' id='word_1_758' title='bbox 568 4994 883 5067; x_wconf 81' lang='grc' dir='ltr'>σωματικοῦ</span> <span class='ocrx_word' id='word_1_759' title='bbox 928 4993 1022 5047; x_wconf 78' lang='grc' dir='ltr'>καὶ</span> <span class='ocrx_word' id='word_1_760' title='bbox 1070 4990 1502 5063; x_wconf 88' lang='grc' dir='ltr'>σαρκωδεστέρου</span> <span class='ocrx_word' id='word_1_761' title='bbox 1550 4989 1808 5059; x_wconf 88' lang='grc' dir='ltr'>διέκρινεν</span> <span class='ocrx_word' id='word_1_762' title='bbox 1836 5005 1848 5017; x_wconf 90' lang='grc'>·</span> 
     </span>
    </p>
   </div>
   <div class='ocr_carea' id='block_1_98' title="bbox 285 5079 1850 5154">
    <p class='ocr_par' dir='ltr' id='par_1_98' title="bbox 285 5079 1850 5154">
     <span class='ocr_line' id='line_1_98' title="bbox 285 5079 1850 5154; baseline -0.006 -12"><span class='ocrx_word' id='word_1_763' title='bbox 285 5092 316 5142; x_wconf 86' lang='grc' dir='ltr'><strong>ὁ</strong></span> <span class='ocrx_word' id='word_1_764' title='bbox 331 5090 391 5153; x_wconf 86' lang='grc' dir='ltr'>ε’,</span> <span class='ocrx_word' id='word_1_765' title='bbox 416 5088 511 5141; x_wconf 88' lang='grc' dir='ltr'><strong>τοῦ</strong></span> <span class='ocrx_word' id='word_1_766' title='bbox 533 5087 773 5140; x_wconf 89' lang='grc' dir='ltr'>τοιούτου</span> <span class='ocrx_word' id='word_1_767' title='bbox 800 5082 1002 5153; x_wconf 83' lang='grc' dir='ltr'>ἀγαθοῦ</span> <span class='ocrx_word' id='word_1_768' title='bbox 1035 5083 1132 5154; x_wconf 80' lang='grc' dir='ltr'>τὴν</span> <span class='ocrx_word' id='word_1_769' title='bbox 1154 5082 1513 5152; x_wconf 88' lang='grc' dir='ltr'>κληρονομίαν</span> <span class='ocrx_word' id='word_1_770' title='bbox 1544 5079 1815 5150; x_wconf 73' lang='grc' dir='ltr'>ἐπηύξατο</span> <span class='ocrx_word' id='word_1_771' title='bbox 1836 5094 1850 5109; x_wconf 90' lang='grc'><strong>·</strong></span> 
     </span>
    </p>
   </div>
   <div class='ocr_carea' id='block_1_99' title="bbox 284 5174 1856 5252">
    <p class='ocr_par' dir='ltr' id='par_1_99' title="bbox 284 5174 1856 5252">
     <span class='ocr_line' id='line_1_99' title="bbox 284 5174 1856 5252; baseline -0.008 -13"><span class='ocrx_word' id='word_1_772' title='bbox 284 5187 445 5249; x_wconf 69' lang='grc' dir='ltr'>ἕκτος</span> <span class='ocrx_word' id='word_1_773' title='bbox 496 5184 588 5237; x_wconf 81' lang='grc' dir='ltr'><strong>τὸν</strong></span> <span class='ocrx_word' id='word_1_774' title='bbox 639 5182 826 5252; x_wconf 83' lang='grc' dir='ltr'>καιρὸν</span> <span class='ocrx_word' id='word_1_775' title='bbox 872 5180 970 5250; x_wconf 79' lang='grc' dir='ltr'>τῆς</span> <span class='ocrx_word' id='word_1_776' title='bbox 1014 5177 1376 5249; x_wconf 87' lang='grc' dir='ltr'>κληρονομίας</span> <span class='ocrx_word' id='word_1_777' title='bbox 1425 5175 1669 5242; x_wconf 78' lang='grc' dir='ltr'>ὑπέδειξε</span> <span class='ocrx_word' id='word_1_778' title='bbox 1695 5214 1710 5239; x_wconf 91' lang='grc'><strong>,</strong></span> <span class='ocrx_word' id='word_1_779' title='bbox 1756 5174 1856 5245; x_wconf 82' lang='grc' dir='ltr'>τῆς</span> 
     </span>
    </p>
   </div>
   <div class='ocr_carea' id='block_1_100' title="bbox 289 5265 1855 5347">
    <p class='ocr_par' dir='ltr' id='par_1_100' title="bbox 289 5265 1855 5347">
     <span class='ocr_line' id='line_1_100' title="bbox 289 5265 1855 5347; baseline -0.008 -17"><span class='ocrx_word' id='word_1_780' title='bbox 289 5278 519 5347; x_wconf 78' lang='grc' dir='ltr'>ὐγδόης</span> <span class='ocrx_word' id='word_1_781' title='bbox 536 5273 808 5346; x_wconf 86' lang='grc' dir='ltr'>μνησθείς·</span> <span class='ocrx_word' id='word_1_782' title='bbox 822 5276 855 5343; x_wconf 82' lang='grc' dir='ltr'><strong>η</strong></span> <span class='ocrx_word' id='word_1_783' title='bbox 868 5269 1081 5340; x_wconf 85' lang='grc' dir='ltr'>Ὀγδόη,</span> <span class='ocrx_word' id='word_1_784' title='bbox 1092 5270 1182 5324; x_wconf 84' lang='grc' dir='ltr'><strong>τὸν</strong></span> <span class='ocrx_word' id='word_1_785' title='bbox 1194 5269 1291 5339; x_wconf 83' lang='grc' dir='ltr'><strong>τῆς</strong></span> <span class='ocrx_word' id='word_1_786' title='bbox 1302 5268 1533 5340; x_wconf 89' lang='grc' dir='ltr'>κρίσεως</span> <span class='ocrx_word' id='word_1_787' title='bbox 1546 5265 1708 5336; x_wconf 87' lang='grc' dir='ltr'>ὲφανέ</span> <span class='ocrx_word' id='word_1_788' title='bbox 1716 5283 1855 5337; x_wconf 86' lang='grc' dir='ltr'>ρωσε</span> 
     </span>
    </p>
   </div>
   <div class='ocr_carea' id='block_1_101' title="bbox 291 5357 1855 5439">
    <p class='ocr_par' dir='ltr' id='par_1_101' title="bbox 291 5357 1855 5439">
     <span class='ocr_line' id='line_1_101' title="bbox 291 5357 1855 5439; baseline -0.008 -15"><span class='ocrx_word' id='word_1_789' title='bbox 291 5371 455 5439; x_wconf 74' lang='grc' dir='ltr'>φόϐον</span> <span class='ocrx_word' id='word_1_790' title='bbox 476 5386 490 5399; x_wconf 84' lang='grc'><em>’</em></span> <span class='ocrx_word' id='word_1_791' title='bbox 523 5370 556 5439; x_wconf 78' lang='grc' dir='ltr'>ἡ</span> <span class='ocrx_word' id='word_1_792' title='bbox 588 5366 787 5436; x_wconf 87' lang='grc' dir='ltr'>κρίσις,</span> <span class='ocrx_word' id='word_1_793' title='bbox 820 5366 929 5428; x_wconf 88' lang='grc' dir='ltr'>τοῖς</span> <span class='ocrx_word' id='word_1_794' title='bbox 957 5363 1078 5417; x_wconf 81' lang='grc' dir='ltr'>καθ’</span> <span class='ocrx_word' id='word_1_795' title='bbox 1112 5363 1258 5432; x_wconf 79' lang='grc' dir='ltr'>ἡμᾶς</span> <span class='ocrx_word' id='word_1_796' title='bbox 1287 5359 1629 5430; x_wconf 86' lang='grc' dir='ltr'>ἁμαρτωλοῖς</span> <span class='ocrx_word' id='word_1_797' title='bbox 1654 5357 1855 5429; x_wconf 87' lang='grc' dir='ltr'>προλα-</span> 
     </span>
    </p>
   </div>
   <div class='ocr_carea' id='block_1_102' title="bbox 292 5444 1853 5529">
    <p class='ocr_par' dir='ltr' id='par_1_102' title="bbox 292 5444 1853 5529">
     <span class='ocr_line' id='line_1_102' title="bbox 292 5444 1853 5529; baseline -0.008 -16"><span class='ocrx_word' id='word_1_798' title='bbox 292 5461 405 5513; x_wconf 77' lang='grc' dir='ltr'>ϐεῖν</span> <span class='ocrx_word' id='word_1_799' title='bbox 433 5460 498 5529; x_wconf 82' lang='grc' dir='ltr'>τῇ</span> <span class='ocrx_word' id='word_1_800' title='bbox 535 5453 791 5527; x_wconf 85' lang='grc' dir='ltr'>μετανοίᾳ</span> <span class='ocrx_word' id='word_1_801' title='bbox 831 5454 897 5506; x_wconf 82' lang='grc' dir='ltr'><strong>τὰ</strong></span> <span class='ocrx_word' id='word_1_802' title='bbox 936 5450 1140 5522; x_wconf 78' lang='grc' dir='ltr'>φοϐερά</span> <span class='ocrx_word' id='word_1_803' title='bbox 1171 5450 1601 5504; x_wconf 81' lang='grc' dir='ltr'>συνεϐούλευσεν.</span> <span class='ocrx_word' id='word_1_804' title='bbox 1641 5444 1792 5511; x_wconf 71' lang='grc' dir='ltr'>Εἶτα,</span> <span class='ocrx_word' id='word_1_805' title='bbox 1819 5449 1853 5519; x_wconf 80' lang='grc' dir='ltr'>ἡ</span> 
     </span>
    </p>
   </div>
   <div class='ocr_carea' id='block_1_103' title="bbox 293 5538 1857 5618">
    <p class='ocr_par' dir='ltr' id='par_1_103' title="bbox 293 5538 1857 5618">
     <span class='ocr_line' id='line_1_103' title="bbox 293 5538 1857 5618; baseline -0.009 -13"><span class='ocrx_word' id='word_1_806' title='bbox 293 5551 574 5618; x_wconf 73' lang='grc' dir='ltr'>μετάνοια,</span> <span class='ocrx_word' id='word_1_807' title='bbox 602 5548 635 5617; x_wconf 79' lang='grc' dir='ltr'>ἠ</span> <span class='ocrx_word' id='word_1_808' title='bbox 664 5545 804 5599; x_wconf 81' lang='grc' dir='ltr'>κατὰ</span> <span class='ocrx_word' id='word_1_809' title='bbox 842 5544 997 5612; x_wconf 91' lang='grc' dir='ltr'>λόγον</span> <span class='ocrx_word' id='word_1_810' title='bbox 1032 5542 1110 5614; x_wconf 84' lang='grc' dir='ltr'>τῷ</span> <span class='ocrx_word' id='word_1_811' title='bbox 1139 5541 1256 5610; x_wconf 86' lang='grc' dir='ltr'><strong>Θεῷ</strong></span> <span class='ocrx_word' id='word_1_812' title='bbox 1289 5541 1679 5613; x_wconf 84' lang='grc' dir='ltr'>ποοσαχθεῖσα,</span> <span class='ocrx_word' id='word_1_813' title='bbox 1710 5540 1770 5594; x_wconf 84' lang='grc' dir='ltr'>τὸ</span> <span class='ocrx_word' id='word_1_814' title='bbox 1797 5538 1857 5603; x_wconf 78' lang='grc' dir='ltr'><strong>ἐξ</strong></span> 
     </span>
    </p>
   </div>
   <div class='ocr_carea' id='block_1_104' title="bbox 367 5721 1366 5787">
    <p class='ocr_par' dir='ltr' id='par_1_104' title="bbox 367 5721 1366 5787">
     <span class='ocr_line' id='line_1_104' title="bbox 367 5721 1366 5787; baseline -0.008 -5"><span class='ocrx_word' id='word_1_815' title='bbox 367 5727 409 5759; x_wconf 78' lang='grc'>³’</span> <span class='ocrx_word' id='word_1_816' title='bbox 436 5726 585 5783; x_wconf 85' lang='lat' dir='ltr'><strong>Psal.</strong></span> <span class='ocrx_word' id='word_1_817' title='bbox 619 5741 692 5787; x_wconf 74' lang='lat' dir='ltr'><strong>Vl,</strong></span> <span class='ocrx_word' id='word_1_818' title='bbox 733 5725 783 5778; x_wconf 81' lang='lat'><strong>7.</strong></span> <span class='ocrx_word' id='word_1_819' title='bbox 869 5725 910 5755; x_wconf 68' lang='lat'>”</span> <span class='ocrx_word' id='word_1_820' title='bbox 936 5722 1124 5777; x_wconf 78' lang='lat' dir='ltr'><strong>Matth.</strong></span> <span class='ocrx_word' id='word_1_821' title='bbox 1154 5737 1249 5787; x_wconf 84' lang='lat' dir='ltr'><strong>vn,</strong></span> <span class='ocrx_word' id='word_1_822' title='bbox 1278 5721 1366 5775; x_wconf 69' lang='lat'><strong>2&#39;5.</strong></span> 
     </span>
    </p>
   </div>
   <div class='ocr_carea' id='block_1_105' title="bbox 1958 4525 3524 4608">
    <p class='ocr_par' dir='ltr' id='par_1_105' title="bbox 1958 4525 3524 4608">
     <span class='ocr_line' id='line_1_105' title="bbox 1958 4525 3524 4608; baseline -0.011 -12"><span class='ocrx_word' id='word_1_823' title='bbox 1958 4556 2054 4596; x_wconf 93' lang='lat' dir='ltr'><strong>sus</strong></span> <span class='ocrx_word' id='word_1_824' title='bbox 2091 4536 2408 4608; x_wconf 69' lang='lat' dir='ltr'><strong>pmnitentia</strong></span> <span class='ocrx_word' id='word_1_825' title='bbox 2445 4550 2582 4606; x_wconf 91' lang='lat' dir='ltr'><strong>opus</strong></span> <span class='ocrx_word' id='word_1_826' title='bbox 2618 4532 2835 4596; x_wconf 89' lang='lat' dir='ltr'><strong>habeat,</strong></span> <span class='ocrx_word' id='word_1_827' title='bbox 2864 4535 3007 4592; x_wconf 86' lang='lat' dir='ltr'><strong>orat,</strong></span> <span class='ocrx_word' id='word_1_828' title='bbox 3062 4559 3071 4569; x_wconf 83' lang='lat'><strong>-</strong></span> <span class='ocrx_word' id='word_1_829' title='bbox 3108 4534 3168 4580; x_wconf 90' lang='lat' dir='ltr'><strong>ut</strong></span> <span class='ocrx_word' id='word_1_830' title='bbox 3199 4525 3402 4581; x_wconf 91' lang='lat' dir='ltr'><strong>inimici</strong></span> <span class='ocrx_word' id='word_1_831' title='bbox 3437 4526 3524 4580; x_wconf 89' lang='lat' dir='ltr'><strong>sui</strong></span> 
     </span>
    </p>
   </div>
   <div class='ocr_carea' id='block_1_106' title="bbox 1956 4615 3520 4704">
    <p class='ocr_par' dir='ltr' id='par_1_106' title="bbox 1956 4615 3520 4704">
     <span class='ocr_line' id='line_1_106' title="bbox 1956 4615 3520 4704; baseline -0.012 -16"><span class='ocrx_word' id='word_1_832' title='bbox 1956 4632 2169 4704; x_wconf 88' lang='lat' dir='ltr'><strong>pudore</strong></span> <span class='ocrx_word' id='word_1_833' title='bbox 2196 4628 2446 4699; x_wconf 86' lang='lat' dir='ltr'><strong>castigati</strong></span> <span class='ocrx_word' id='word_1_834' title='bbox 2475 4632 2815 4681; x_wconf 87' lang='lat' dir='ltr'><strong>avertantur.</strong></span> <span class='ocrx_word' id='word_1_835' title='bbox 2850 4620 2985 4674; x_wconf 91' lang='lat' dir='ltr'><strong>Nam</strong></span> <span class='ocrx_word' id='word_1_836' title='bbox 3026 4618 3119 4688; x_wconf 86' lang='lat' dir='ltr'><strong>qui</strong></span> <span class='ocrx_word' id='word_1_837' title='bbox 3170 4618 3240 4671; x_wconf 92' lang='lat' dir='ltr'><strong>ob</strong></span> <span class='ocrx_word' id='word_1_838' title='bbox 3277 4617 3331 4671; x_wconf 89' lang='lat' dir='ltr'><strong>id</strong></span> <span class='ocrx_word' id='word_1_839' title='bbox 3377 4615 3520 4686; x_wconf 87' lang='lat' dir='ltr'><strong>quod</strong></span> 
     </span>
    </p>
   </div>
   <div class='ocr_carea' id='block_1_107' title="bbox 1959 4709 3521 4780">
    <p class='ocr_par' dir='ltr' id='par_1_107' title="bbox 1959 4709 3521 4780">
     <span class='ocr_line' id='line_1_107' title="bbox 1959 4709 3521 4780; baseline -0.012 -1"><span class='ocrx_word' id='word_1_840' title='bbox 1959 4724 2161 4779; x_wconf 89' lang='lat' dir='ltr'><strong>malum</strong></span> <span class='ocrx_word' id='word_1_841' title='bbox 2218 4721 2397 4777; x_wconf 79' lang='lat' dir='ltr'><strong>facere</strong></span> <span class='ocrx_word' id='word_1_842' title='bbox 2435 4733 2604 4774; x_wconf 89' lang='lat' dir='ltr'><strong>ausus</strong></span> <span class='ocrx_word' id='word_1_843' title='bbox 2652 4716 2744 4777; x_wconf 86' lang='lat' dir='ltr'><strong>sit,</strong></span> <span class='ocrx_word' id='word_1_844' title='bbox 2800 4711 3041 4772; x_wconf 85' lang='lat' dir='ltr'><strong>erubuit,</strong></span> <span class='ocrx_word' id='word_1_845' title='bbox 3096 4709 3307 4780; x_wconf 80' lang='lat' dir='ltr'><strong>pudore</strong></span> <span class='ocrx_word' id='word_1_846' title='bbox 3364 4709 3521 4778; x_wconf 88' lang='lat' dir='ltr'><strong>quasi</strong></span> 
     </span>
    </p>
   </div>
   <div class='ocr_carea' id='block_1_108' title="bbox 1960 4799 3526 4873">
    <p class='ocr_par' dir='ltr' id='par_1_108' title="bbox 1960 4799 3526 4873">
     <span class='ocr_line' id='line_1_108' title="bbox 1960 4799 3526 4873; baseline -0.008 -4"><span class='ocrx_word' id='word_1_847' title='bbox 1960 4813 2307 4869; x_wconf 89' lang='lat' dir='ltr'><strong>moderatore</strong></span> <span class='ocrx_word' id='word_1_848' title='bbox 2332 4819 2494 4866; x_wconf 91' lang='lat' dir='ltr'><strong>utens</strong></span> <span class='ocrx_word' id='word_1_849' title='bbox 2529 4809 2596 4863; x_wconf 90' lang='lat' dir='ltr'><strong>ad</strong></span> <span class='ocrx_word' id='word_1_850' title='bbox 2626 4808 2750 4869; x_wconf 92' lang='lat' dir='ltr'><strong>hoc,</strong></span> <span class='ocrx_word' id='word_1_851' title='bbox 2783 4820 2851 4860; x_wconf 91' lang='lat' dir='ltr'><strong>ne</strong></span> <span class='ocrx_word' id='word_1_852' title='bbox 2876 4802 3111 4873; x_wconf 90' lang='lat' dir='ltr'><strong>amplius</strong></span> <span class='ocrx_word' id='word_1_853' title='bbox 3133 4799 3322 4856; x_wconf 88' lang='lat' dir='ltr'><strong>iisdem</strong></span> <span class='ocrx_word' id='word_1_854' title='bbox 3364 4800 3526 4857; x_wconf 84' lang='lat' dir='ltr'><strong>malis</strong></span> 
     </span>
    </p>
   </div>
   <div class='ocr_carea' id='block_1_109' title="bbox 1960 4892 3523 4967">
    <p class='ocr_par' dir='ltr' id='par_1_109' title="bbox 1960 4892 3523 4967">
     <span class='ocr_line' id='line_1_109' title="bbox 1960 4892 3523 4967; baseline -0.011 -5"><span class='ocrx_word' id='word_1_855' title='bbox 1960 4906 2326 4967; x_wconf 75' lang='lat' dir='ltr'><strong>conﬂictatur,</strong></span> <span class='ocrx_word' id='word_1_856' title='bbox 2374 4919 2404 4957; x_wconf 92' lang='lat' dir='ltr'><strong>a</strong></span> <span class='ocrx_word' id='word_1_857' title='bbox 2456 4900 2756 4956; x_wconf 89' lang='lat' dir='ltr'><strong>tentatione</strong></span> <span class='ocrx_word' id='word_1_858' title='bbox 2812 4895 3073 4952; x_wconf 88' lang='lat' dir='ltr'><strong>similium</strong></span> <span class='ocrx_word' id='word_1_859' title='bbox 3134 4892 3188 4946; x_wconf 89' lang='lat' dir='ltr'><strong>in</strong></span> <span class='ocrx_word' id='word_1_860' title='bbox 3245 4900 3523 4962; x_wconf 89' lang='lat' dir='ltr'><strong>posterum</strong></span> 
     </span>
    </p>
   </div>
   <div class='ocr_carea' id='block_1_110' title="bbox 1961 4974 3585 5054">
    <p class='ocr_par' dir='ltr' id='par_1_110' title="bbox 1961 4974 3585 5054">
     <span class='ocr_line' id='line_1_110' title="bbox 1961 4974 3585 5054; baseline -0.012 0"><span class='ocrx_word' id='word_1_861' title='bbox 1961 4997 2273 5054; x_wconf 88' lang='lat' dir='ltr'><strong>abstinebit.</strong></span> <span class='ocrx_word' id='word_1_862' title='bbox 2302 4994 2427 5049; x_wconf 68' lang='lat' dir='ltr'><strong>Haec</strong></span> <span class='ocrx_word' id='word_1_863' title='bbox 2452 4994 2605 5047; x_wconf 61' lang='lat' dir='ltr'><strong>bona;</strong></span> <span class='ocrx_word' id='word_1_864' title='bbox 2628 4988 2974 5046; x_wconf 85' lang='lat' dir='ltr'><strong>ascensionis</strong></span> <span class='ocrx_word' id='word_1_865' title='bbox 2997 4984 3392 5054; x_wconf 89' lang='lat' dir='ltr'><strong>consequentia</strong></span> <span class='ocrx_word' id='word_1_866' title='bbox 3416 4990 3520 5037; x_wconf 92' lang='lat' dir='ltr'><strong>est.</strong></span> <span class='ocrx_word' id='word_1_867' title='bbox 3582 4974 3585 4975; x_wconf 51' lang='grc'><strong><em>⁷</em></strong></span> 
     </span>
    </p>
   </div>
   <div class='ocr_carea' id='block_1_111' title="bbox 1960 5073 3522 5158">
    <p class='ocr_par' dir='ltr' id='par_1_111' title="bbox 1960 5073 3522 5158">
     <span class='ocr_line' id='line_1_111' title="bbox 1960 5073 3522 5158; baseline -0.011 -15"><span class='ocrx_word' id='word_1_868' title='bbox 1960 5091 2201 5157; x_wconf 90' lang='lat' dir='ltr'><strong>Quartus</strong></span> <span class='ocrx_word' id='word_1_869' title='bbox 2223 5088 2466 5158; x_wconf 88' lang='lat' dir='ltr'><strong>psalmus</strong></span> <span class='ocrx_word' id='word_1_870' title='bbox 2502 5081 2858 5141; x_wconf 87' lang='lat' dir='ltr'><strong>immateriale</strong></span> <span class='ocrx_word' id='word_1_871' title='bbox 2889 5080 3388 5149; x_wconf 89' lang='lat' dir='ltr'><strong>ineorporeumque</strong></span> <span class='ocrx_word' id='word_1_872' title='bbox 3422 5073 3522 5127; x_wconf 88' lang='lat' dir='ltr'><strong>bo-</strong></span> 
     </span>
    </p>
   </div>
   <div class='ocr_carea' id='block_1_112' title="bbox 1961 5163 3522 5245">
    <p class='ocr_par' dir='ltr' id='par_1_112' title="bbox 1961 5163 3522 5245">
     <span class='ocr_line' id='line_1_112' title="bbox 1961 5163 3522 5245; baseline -0.011 -11"><span class='ocrx_word' id='word_1_873' title='bbox 1961 5194 2090 5234; x_wconf 91' lang='lat' dir='ltr'><strong>num</strong></span> <span class='ocrx_word' id='word_1_874' title='bbox 2138 5191 2168 5229; x_wconf 94' lang='lat' dir='ltr'><strong>a</strong></span> <span class='ocrx_word' id='word_1_875' title='bbox 2218 5189 2480 5245; x_wconf 90' lang='lat' dir='ltr'><strong>corporeo</strong></span> <span class='ocrx_word' id='word_1_876' title='bbox 2541 5187 2850 5242; x_wconf 87' lang='lat' dir='ltr'><strong>carneoque</strong></span> <span class='ocrx_word' id='word_1_877' title='bbox 2905 5169 3210 5232; x_wconf 86' lang='lat' dir='ltr'><strong>discrevit;</strong></span> <span class='ocrx_word' id='word_1_878' title='bbox 3272 5163 3522 5236; x_wconf 81' lang='lat' dir='ltr'><strong>quintus.</strong></span> 
     </span>
    </p>
   </div>
   <div class='ocr_carea' id='block_1_113' title="bbox 1961 5259 3523 5335">
    <p class='ocr_par' dir='ltr' id='par_1_113' title="bbox 1961 5259 3523 5335">
     <span class='ocr_line' id='line_1_113' title="bbox 1961 5259 3523 5335; baseline -0.01 -15"><span class='ocrx_word' id='word_1_879' title='bbox 1961 5266 2230 5335; x_wconf 77' lang='lat' dir='ltr'><strong>ejusmodi</strong></span> <span class='ocrx_word' id='word_1_880' title='bbox 2269 5264 2393 5319; x_wconf 88' lang='lat' dir='ltr'><strong>boni</strong></span> <span class='ocrx_word' id='word_1_881' title='bbox 2441 5262 2816 5320; x_wconf 77' lang='lat' dir='ltr'><strong>haereditatem</strong></span> <span class='ocrx_word' id='word_1_882' title='bbox 2872 5264 3127 5330; x_wconf 88' lang='lat' dir='ltr'><strong>precatus</strong></span> <span class='ocrx_word' id='word_1_883' title='bbox 3155 5265 3279 5321; x_wconf 82' lang='lat' dir='ltr'><strong>est;</strong></span> <span class='ocrx_word' id='word_1_884' title='bbox 3335 5259 3523 5309; x_wconf 75' lang='lat' dir='ltr'><strong>sextus</strong></span> 
     </span>
    </p>
   </div>
   <div class='ocr_carea' id='block_1_114' title="bbox 1962 5346 3525 5423">
    <p class='ocr_par' dir='ltr' id='par_1_114' title="bbox 1962 5346 3525 5423">
     <span class='ocr_line' id='line_1_114' title="bbox 1962 5346 3525 5423; baseline -0.011 -10"><span class='ocrx_word' id='word_1_885' title='bbox 1962 5358 2179 5413; x_wconf 64' lang='lat' dir='ltr'><strong>Octava:</strong></span> <span class='ocrx_word' id='word_1_886' title='bbox 2214 5358 2355 5412; x_wconf 81' lang='lat' dir='ltr'><strong>facta</strong></span> <span class='ocrx_word' id='word_1_887' title='bbox 2390 5357 2687 5421; x_wconf 90' lang='lat' dir='ltr'><strong>mentione,</strong></span> <span class='ocrx_word' id='word_1_888' title='bbox 2719 5360 2936 5423; x_wconf 87' lang='lat' dir='ltr'><strong>tempus</strong></span> <span class='ocrx_word' id='word_1_889' title='bbox 2963 5346 3296 5405; x_wconf 70' lang='lat' dir='ltr'><strong>hzereditatis</strong></span> <span class='ocrx_word' id='word_1_890' title='bbox 3335 5352 3525 5399; x_wconf 82' lang='lat' dir='ltr'><strong>osten-</strong></span> 
     </span>
    </p>
   </div>
   <div class='ocr_carea' id='block_1_115' title="bbox 1962 5438 3520 5521">
    <p class='ocr_par' dir='ltr' id='par_1_115' title="bbox 1962 5438 3520 5521">
     <span class='ocr_line' id='line_1_115' title="bbox 1962 5438 3520 5521; baseline -0.01 -13"><span class='ocrx_word' id='word_1_891' title='bbox 1962 5453 2082 5518; x_wconf 87' lang='lat' dir='ltr'><strong>dit;</strong></span> <span class='ocrx_word' id='word_1_892' title='bbox 2113 5452 2313 5507; x_wconf 86' lang='lat' dir='ltr'><strong>Octava</strong></span> <span class='ocrx_word' id='word_1_893' title='bbox 2346 5450 2541 5521; x_wconf 87' lang='lat' dir='ltr'><strong>jndicii</strong></span> <span class='ocrx_word' id='word_1_894' title='bbox 2574 5460 2837 5504; x_wconf 90' lang='lat' dir='ltr'><strong>terrorem</strong></span> <span class='ocrx_word' id='word_1_895' title='bbox 2897 5454 3022 5499; x_wconf 86' lang='lat' dir='ltr'><strong>ante</strong></span> <span class='ocrx_word' id='word_1_896' title='bbox 3066 5441 3257 5498; x_wconf 90' lang='lat' dir='ltr'><strong>oculos</strong></span> <span class='ocrx_word' id='word_1_897' title='bbox 3314 5438 3520 5521; x_wconf 76' lang='lat' dir='ltr'><strong>posuit;</strong></span> 
     </span>
    </p>
   </div>
   <div class='ocr_carea' id='block_1_116' title="bbox 1958 5517 3515 5615">
    <p class='ocr_par' dir='ltr' id='par_1_116' title="bbox 1958 5517 3515 5615">
     <span class='ocr_line' id='line_1_116' title="bbox 1958 5517 3515 5615; baseline -0.012 -15"><span class='ocrx_word' id='word_1_898' title='bbox 1958 5544 2228 5615; x_wconf 84' lang='lat' dir='ltr'><strong>judicium</strong></span> <span class='ocrx_word' id='word_1_899' title='bbox 2253 5517 2363 5599; x_wconf 79' lang='lat' dir='ltr'><strong>nos</strong></span> <span class='ocrx_word' id='word_1_900' title='bbox 2391 5548 2710 5614; x_wconf 86' lang='lat' dir='ltr'><strong>peccatores</strong></span> <span class='ocrx_word' id='word_1_901' title='bbox 2760 5533 3063 5599; x_wconf 89' lang='lat' dir='ltr'><strong>admonuit,</strong></span> <span class='ocrx_word' id='word_1_902' title='bbox 3103 5538 3163 5585; x_wconf 91' lang='lat' dir='ltr'><strong>ut</strong></span> <span class='ocrx_word' id='word_1_903' title='bbox 3197 5517 3515 5596; x_wconf 67' lang='lat' dir='ltr'><strong>pmnilemia</strong></span> 
     </span>
    </p>
   </div>
  </div>
