4044 6530
478 362 584 418 615

1691 353 1750 412 S.
1789 353 2114 410 GliEGORll
2141 353 2425 410 NYSSENI

3623 358 3725 414 616

477 475 751 535 terribilia
799 471 1236 546 praeveniamus;
1306 466 1503 558 deinde
1539 467 1868 540 paenitentia
1932 484 2057 524 cum

2159 472 2329 543 αὐτῆς
2353 473 2484 543 ἡμῖν
2512 472 2788 542 γινόμενον
2814 464 3001 542 κέρδος
3025 471 3431 542 εὐηγγελίσατο,
3464 472 3724 543 εἰποῦσα,

479 571 694 628 ratione
721 567 834 624 Deo
881 567 1090 628 oblata,
1151 563 1388 629 lucrum,
1442 562 1592 632 quod
1647 571 1714 618 ex
1763 577 1826 618 ea
1885 563 2059 634 magis

481 663 643 720 nobis
677 660 969 731 contingit,
1002 657 1368 722 denuntiavit,
1400 671 1524 714 cum
1561 655 1738 711 dixit:
1768 673 1788 708 ι
1817 654 2058 710 Exaudi-

479 758 560 812 vit
591 754 855 811 Dominus
887 765 1078 806 vocem
1119 764 1244 805 cum
1274 749 1535 820 lacrymis
1563 762 1622 803 se
1656 747 1725 802 ad
1762 762 1886 802 eum
1925 762 2060 802 con-

477 845 760 903 vertentis.
805 862 824 898 ι
862 841 984 909 Quo
1017 829 1164 896 facto
1196 848 1256 894 ut
1289 841 1492 895 bonum
1526 839 1662 894 illud
1687 838 1746 894 in
1781 846 2058 910 posterum

480 938 640 994 nobis
692 934 1129 991 illabeiactatum
1166 946 1232 987 ac
1288 932 1489 989 stabile
1543 939 1884 1002 permaneat,
1941 941 2061 988 orat

479 1028 773 1099 Propheta,
803 1034 864 1082 ut
894 1025 1244 1081 inimicorum
1282 1039 1544 1080 sensuum
1575 1031 1740 1094 atque
1774 1023 2060 1096 cogitatio-

481 1136 614 1176 num
641 1134 739 1191 per
767 1118 1031 1190 pudorem
1092 1115 1320 1172 abolitio
1381 1118 1687 1188 contingat.
1745 1115 1864 1171 Non
1914 1116 2058 1172 enim

482 1213 589 1267 alia
618 1211 833 1267 ratione
871 1209 1130 1266 inimicus
1160 1208 1360 1279 aliquis
1389 1217 1443 1264 et
1472 1208 1696 1280 iniquus
1724 1209 1892 1266 animi
1925 1225 2059 1265 con-

483 1310 678 1372 ceptus
702 1317 766 1356 ac
793 1314 990 1358 sensus
1025 1300 1303 1369 exstingui
1343 1306 1547 1370 potest,
1582 1299 1691 1355 nisi
1723 1299 1901 1371 pudor
1939 1299 2058 1370 ejus

483 1394 841 1450 abolitionem
870 1391 1207 1448 intrinsecus
1237 1389 1498 1448 eﬂ‘ecerit.
1530 1391 1723 1448 Hiatus
1751 1391 1896 1447 enim
1952 1393 2060 1447 alte

484 1486 784 1559 depressus
837 1493 1006 1556 atque
1038 1484 1314 1539 contritus
1344 1484 1524 1555 pudor
1583 1484 1653 1539 ob
1686 1484 1853 1539 vitam
1917 1484 2059 1540 male

483 1588 663 1636 actam
694 1577 933 1643 exsistit,
971 1577 1040 1634 ab
1096 1577 1319 1632 homine
1357 1584 1640 1648 peccatum
1692 1577 1862 1632 veluti
1899 1592 2058 1633 muro

482 1690 580 1746 per
619 1689 740 1730 sese
771 1672 1036 1728 dirimens
1069 1679 1236 1742 atque
1264 1670 1600 1728 discludens.
1654 1668 1910 1725 Dicamus
1943 1669 2058 1740 igi—

481 1775 594 1833 tur,
626 1786 645 1819 ι
678 1765 1021 1822 Erubescant
1043 1774 1098 1821 et
1128 1771 1474 1820 revertantur
1494 1763 1844 1818 vehementer
1866 1777 2056 1818 omnes

480 1858 688 1916 inimici
719 1860 844 1914 mei.
886 1878 908 1913 ι
972 1856 1180 1913 Inimici
1213 1866 1416 1921 autem,
1453 1854 1708 1912 videlicet
1763 1854 2052 1910 domestici

480 1949 625 2018 ejus,
663 1948 758 2020 qui
791 1965 857 2004 ex
889 1947 1059 2004 corde
1087 1948 1391 2018 procedunt
1440 1955 1494 2003 et
1546 1946 1837 2017 inquinant
1880 1946 2057 2000 homi-

480 2057 628 2107 rem,
659 2040 860 2112 quibus
892 2040 1143 2096 celeriter
1165 2055 1289 2095 cum
1319 2039 1531 2111 pudore
1559 2039 1790 2105 aversis,
1823 2040 2056 2108 excipiet

2163 565 2247 618 ὅτι
2281 565 2612 634 (Εἰσήκουσε
2642 566 2845 636 Κύριος
2871 565 2968 635 τῆς
2986 566 3167 637 φωνῆς
3196 566 3290 620 τοῦ
3321 566 3460 637 μετὰ
3482 567 3730 637 δακρύων

2161 653 2300 724 πρὸς
2326 654 2486 707 αὐτὸν
2505 654 2944 725 ἐπιστρέφοντος.
2958 645 3058 710 »οὗ
3077 656 3390 727 γενομένου,
3407 656 3482 720 ὡς
3507 655 3574 710 ἂν
3597 658 3733 729 πρδς

2159 747 2252 800 τὸν
2284 747 2479 820 ἐφεξῆς
2505 749 2695 820 χρόνον
2720 749 3108 822 ἀμετάπτωτον
3140 752 3271 822 ἡμῖν
3297 750 3358 804 τὺ
3383 749 3586 819 ἀγαθὸν
3627 767 3735 804 πα-

2164 833 2386 909 ραμένοι
2407 877 2422 902 ,
2456 838 2547 891 τὸν
2593 839 2899 910 ἀφανισμὸν
2928 833 3037 893 τῶν
3083 839 3291 912 ἐχθρῶν
3336 839 3623 910 νοημάτων
3663 837 3733 893 δι’

2160 925 2420 999 αἰσχύνης
2447 929 2697 998 γενέσθαι
2746 930 3055 1001 παρακαλεῖ
3097 933 3124 985 ὁ
3155 933 3464 1003 Προφήτης.
3515 932 3590 984 Ού
3621 931 3734 1003 γὰρ

2159 1019 2308 1072 ἔστιν
2336 1017 2509 1084 ἄλλως
2535 1021 2728 1091 ἐχθρόν
2751 1039 2801 1074 τι
2828 1021 2919 1074 καὶ
2941 1019 3251 1092 παράνομον
3271 1020 3449 1091 νόημα
3474 1021 3738 1075 κατασὸε-

2161 1111 2376 1184 σθῆναι,
2425 1112 2503 1184 μὴ
2530 1115 2790 1184 αἰσχύνης
2822 1111 2986 1165 αὐτοῦ
3020 1112 3111 1165 τὸν
3139 1112 3443 1182 ἀφανισμὸν
3472 1108 3737 1182 ἐμποιού-

2161 1221 2281 1276 σης.
2320 1205 2521 1275 Χάσμα
2554 1204 2662 1275 γὰρ
2703 1207 2908 1274 γίνεται
2957 1204 3044 1258 διὰ
3078 1201 3272 1274 βάθους
3316 1201 3735 1275 ὲστηριγμένον,

2160 1298 2194 1368 ἡ
2235 1298 2330 1350 ἐπὶ
2361 1301 2472 1361 τοῖς
2501 1299 2684 1362 κακῶς
2717 1297 3069 1370 βεϐιωμένοις
3109 1293 3372 1368 αἰσχύνη,
3419 1295 3486 1350 δι’
3532 1291 3737 1368 ἑαυτῆς

2157 1389 2252 1443 τοῦ
2295 1389 2582 1461 ἀνθρώπου
2629 1391 2728 1462 τὴν
2775 1390 3047 1462 ἁμαρτίαν
3097 1385 3530 1458 ἀποτειχιζουσα.
3577 1385 3739 1440 Εἴπω

2158 1477 2251 1536 οὖν
2275 1522 2291 1548 ,
2325 1483 2407 1537 ὃτι
2446 1503 2463 1535 ι
2499 1483 2925 1555 Αἰσχυνθείησαν
2955 1485 3048 1537 καὶ
3090 1481 3486 1553 ὲντραπείησαν
3525 1479 3740 1551 σφόδρα

2159 1575 2358 1640 πάντες
2385 1577 2436 1630 οἱ
2457 1576 2640 1648 ἐχθροί
2667 1594 2825 1647 μου.»
2847 1575 3060 1646 Ἐχθρο).
3089 1575 3145 1629 δὲ
3162 1573 3410 1645 δηλονότι
3433 1574 3480 1626 οἰ
3497 1571 3742 1626 οἰκιακοὶ

2159 1668 2344 1732 αὐτοῦ,
2376 1669 2425 1722 οἰ
2475 1671 2538 1722 ὲκ
2565 1668 2662 1740 τῆς
2709 1667 2934 1738 καρδίας
2975 1665 3418 1739 ἐκπορευόμενοι,
3464 1663 3557 1718 καὶ
3610 1679 3738 1716 κοι-

2159 1759 2372 1824 νοῦντες
2391 1760 2480 1813 τὸν
2507 1758 2792 1831 ἄνθρωπον
2813 1777 2827 1789 ·
2861 1752 2935 1813 ὧν
2959 1757 3245 1829 διατάχους
3272 1753 3741 1826 ἀποστραφέντων

2085 1817 2130 1876 Β
2161 1853 2280 1925 μετ’
2313 1817 2593 1924 αἰσχύνης,
2615 1817 2920 1918 διαδέξεται
2947 1817 3152 1924 mihi;
3181 1817 3335 1914 sini;
3365 1817 3463 1918 τῆς
3487 1817 3666 1916 δύξηςν
3699 1844 3740 1913 ἢ

2159 1945 2238 2008 εἰς
2269 1945 2530 2017 αἰσχύνην
2561 1944 2636 2017 μὴ
2663 1945 3041 2015 καταλήγουσα
3061 1985 3077 2008 ,
3122 1943 3303 2016 χάριτι
3344 1938 3439 1994 τοῦ
3482 1937 3692 2009 Κυρίου
3719 1949 3756 1965 ⁶’

2159 2029 2204 2105 ᾧ
2236 2038 2269 2108 η
2298 2036 2425 2102 δόξα
2455 2038 2536 2100 εἰς
2569 2039 2694 2101 τοὺς
2721 2037 2944 2100 αἰῶνας.
2991 2037 3180 2108 ⁹Δμήν.

483 2146 583 2186 nos
612 2145 738 2201 spes
758 2130 964 2200 gloriae,
992 2144 1114 2201 quae
1141 2144 1252 2185 non
1273 2129 1476 2185 desinit
1497 2129 1552 2185 in
1579 2129 1866 2200 pudorem,
1886 2130 2063 2200 gratia
2091 2127 2330 2194 Domini,
2358 2129 2447 2183 cui
2478 2128 2654 2200 gloria
2683 2129 2752 2198 in
2776 2129 2976 2186 sarcula
3003 2129 3350 2196 saeculorum,
3381 2130 3575 2186 Amen.
3626 2144 3630 2147 ·

495 2316 1831 2356 mn

1765 2321 3722 2351 ψ

1857 2473 1996 2526 ΤΟΥ
2023 2465 2115 2525 ΕΝ
2143 2471 2366 2526 ΑΓΙΟῐΣ

1351 2631 2210 2780 ΓΡΗΓΟΡΙΟΥ
2271 2615 2850 2777 ΝΥΣΣΗΣ

1731 2924 2112 2980 ΕΞΗΓΗΣῙΣ
2149 2927 2478 2982 ΑΚΡῙΒΗΣ

826 3117 999 3207 ΕΙΣ
1041 3047 1293 3205 ’ΤοΝ
1364 3109 2228 3203 ΕΚΚΑΗΣΙΑΣΤΗΝ
2301 3113 2528 3201 ΤΟΥ
2598 3114 3376 3208 ΣΑΛΟΜΩΝΤΟΣ.

1324 3491 1444 3605 S.
1527 3487 2195 3607 GREGORII
2288 3492 2898 3609 NYSSENI

1691 3716 2068 3774 ACCURATA
2111 3717 2525 3778 EXPOSITIO

1012 3889 1150 3980 IN
1242 3887 2254 3982 ECCLESIASTEN
2357 3892 3202 3992 SALOMONIS.

1695 4104 1941 4155 Gentisn‘o
1964 4103 2184 4155 Herveto
2203 4107 2498 4171 interprete.

1067 4491 1352 4548 HOMILIA
1395 4491 1437 4548 ῐ.

2758 4499 2999 4556 υΜῐᾹῙΑ
3033 4504 3112 4558 A'.

500 4587 668 4642 Verba
717 4585 1052 4640 Ecclesiasta:
1087 4569 1191 4656 ﬁlii
1214 4583 1420 4671 'David,
1456 4585 1590 4656 regis
1636 4583 1811 4639 Israel
1857 4580 2084 4639 Hiero-‘

2170 4584 2422 4654 Ῥήματα
2465 4587 3119 4671 Ἐσςᾳξλησιαστοῦηυίοὗ
3171 4595 3367 4671 dum,
3415 4598 3728 4671 βασιλέως

1145 4655 1383 4724 solymis.

567 4749 789 4804 Vanitas
809 4748 1122 4812 vanitatum,
1155 4749 1336 4802 omnia
1365 4747 1591 4810 vanitas,
1621 4745 1758 4799 dixit
1785 4741 2053 4800 Ecclesia-

483 4852 614 4898 stes.
654 4843 708 4896 '5.
744 4840 885 4907 Quid
913 4851 1148 4909 superest
1172 4840 1369 4895 homini
1412 4841 1467 4893 in
1515 4837 1656 4894 omni
1687 4838 1868 4892 labore
1915 4853 2011 4892 suo
2033 4877 2050 4902 ,

481 4951 590 5004 quo
623 4933 828 4986 laborat
853 4933 948 4986 sub
971 4933 1127 4989 sole?
1158 4933 1211 4986 4.
1243 4931 1520 4986 Generatio
1557 4931 1769 4995 transit,
1813 4939 1862 4984 et
1895 4946 2051 4999 gene-

487 5027 631 5080 ratio
650 5025 854 5079 advenit
880 5040 898 5077 :
934 5034 1076 5078 terra
1111 5033 1283 5078 autem
1315 5025 1368 5078 in
1394 5034 1648 5080 veternum
1683 5031 1809 5077 stat.
1843 5022 1897 5077 5.
1931 5020 2054 5076 Ori-

485 5128 579 5173 tur
606 5118 689 5173 sol
721 5126 770 5172 et
793 5117 1005 5178 occidit,
1031 5127 1080 5171 et
1113 5115 1184 5170 ad
1218 5117 1392 5170 locum
1445 5131 1599 5171 suum
1649 5117 1897 5169 trahitur.
1934 5112 2054 5183 Ipse

484 5211 564 5265 ibi
597 5211 768 5264 oriens
799 5209 942 5264 vadit
967 5207 1034 5261 ad
1062 5221 1325 5272 austrum,
1349 5217 1397 5262 et
1434 5217 1588 5279 gyrat
1618 5207 1686 5262 ad
1729 5208 2050 5276 aquilonem.

483 5305 542 5356 6.
573 5301 832 5358 Lustrans
861 5303 1105 5356 universa
1150 5302 1312 5371 pergit
1345 5302 1584 5370 spiritus,
1633 5309 1682 5355 et
1733 5303 1789 5354 in
1823 5302 2050 5364 circulos

487 5408 614 5446 suos
645 5393 923 5447 revertitur
947 5392 1185 5461 spiritus.
1215 5391 1267 5442 ’1.
1296 5389 1487 5446 Omnes
1540 5400 1795 5444 torrentes
1850 5392 2052 5445 intrant

2548 4660 2793 4728 Ἰσραὴλ
2835 4662 2903 4715 ἐν
2941 4664 3343 4736 Ἰερουσαλήμ.

2226 4751 2560 4820 Ματαιότης
2590 4752 3016 4822 ματαιοτήτων,
3050 4757 3122 4810 τὰ
3155 4757 3350 4812 πάντα
3375 4763 3724 4831 ματαιότης,

2157 4833 2325 4895 εἶπεν
2365 4845 2400 4896 ό
2440 4843 2929 4912 Ἑκκλησιαστής.
2982 4844 3082 4914 Τίς
3131 4849 3441 4918 περισσεία
3489 4849 3570 4916 τῷ
3611 4853 3728 4906 dr-

2158 4933 2364 5003 demo)
2391 4936 2460 4989 ἐν
2489 4937 2665 4990 παντὶ
2686 4938 2888 5006 μόχθῳ
2918 4938 3121 5002 αὑτοῦ,
3157 4933 3204 5006 ᾧ
3226 4941 3440 5013 μοχθεῒ
3473 4943 3590 4998 ὑπὸ
3616 4943 3729 4997 τὸν

2157 5025 2367 5094 inter;
2415 5030 2602 5082 Γενεὰ
2655 5031 2985 5097 πορεύεται,
3029 5032 3202 5101 γενεὰ
3247 5032 3497 5103 ἔρχεται,
3536 5035 3636 5088 καί
3681 5037 3726 5103 ἠ

2156 5117 2231 5189 γῆ
2285 5121 2371 5186 εἰς
2422 5121 2530 5172 τὸν
2580 5119 2763 5172 αἰῶνα
2823 5119 3098 5184 ἕστηκεν.
3152 5123 3260 5177 Καὶ
3322 5124 3633 5179 ἀνατέλλει
3691 5133 3726 5182 ό

2156 5211 2351 5278 ἥλιος,
2389 5212 2486 5266 καὶ
2528 5215 2613 5278 εἰς
2646 5211 2752 5266 τὸν
2779 5213 2968 5266 τόπον
3006 5213 3188 5268 αὑτοῦ
3216 5214 3400 5268 ἕλκει.
3445 5215 3726 5272 ’Λνατέλ-

2154 5306 2280 5357 λων
2306 5305 2484 5369 αὐτὸς
2508 5303 2648 5371 ἐκεῖ,
2702 5305 3010 5372 πορεύεται
3049 5308 3198 5373 πρὸς
3244 5307 3440 5372 νότον,
3489 5308 3585 5362 καί
3617 5327 3724 5362 κυ-

2157 5393 2299 5448 κλοῖ
2329 5394 2475 5462 πρὸς
2492 5393 2742 5463 βορρᾶν.
2774 5396 3052 5450 Κυκλοῦν
3080 5399 3387 5465 πορεύεται
3432 5399 3497 5452 τὸ
3535 5399 3722 5454 πνεῦ-

489 5482 545 5533 in
578 5498 742 5544 mare,
774 5491 822 5536 et
845 5498 992 5536 mare
1023 5497 1127 5534 non
1154 5489 1230 5534 est
1261 5481 1532 5549 repletum.
1573 5478 1656 5530 Ad
1692 5479 1862 5532 locum
1915 5480 2053 5534 unde

2155 5503 2254 5556 μα,
2278 5487 2371 5539 καὶ
2400 5486 2497 5538 ἐπὶ
2526 5488 2787 5552 κύκλους
2807 5487 2989 5542 αὐτοῦ
3010 5487 3346 5557 ἐπιστρέφει
3376 5490 3439 5544 τὸ
3464 5491 3717 5560 πνεῦμα.

489 5581 677 5626 exeunt
711 5573 933 5642 ﬂumina
984 5580 1332 5636 revertuntur,
1394 5581 1449 5624 ut
1497 5571 1689 5623 iterum
1745 5581 1951 5624 exeant.
1994 5571 2048 5625 8.

494 5663 688 5720 Omnes
719 5683 980 5721 sermones
1010 5665 1283 5730 laboriosi,
1314 5681 1418 5717 non
1444 5663 1633 5732 poterit
1670 5663 1748 5716 vir
1767 5679 1854 5716 eos
1890 5663 2048 5733 loqui.

494 5752 618 5811 Non
644 5758 978 5812 saturabitur
1027 5759 1208 5814 oc‘ulus
1254 5758 1390 5821 visu,
1424 5773 1516 5810 nec
1547 5757 1694 5809 auris
1733 5755 1920 5809 auditu
1951 5756 2052 5809 im-

492 5846 739 5907 ulebitur.
769 5850 822 5906 9.
853 5849 994 5914 Quid
1017 5859 1096 5906 est
1143 5848 1282 5910 quod
1305 5849 1449 5918 fuit?
1481 5847 1662 5917 Ipsum
1699 5848 1837 5920 quod
1895 5849 2044 5918 futu-

2157 5575 2386 5642 Πάντες
2412 5580 2464 5630 οὶ
2493 5577 2794 5646 χείμαρροι
2835 5578 3183 5646 πορεύονται
3229 5581 3313 5645 εἰς
3355 5578 3467 5647 τὴν
3493 5582 3720 5634 adlac-

2157 5682 2306 5732 σαν,
2351 5669 2451 5722 καὶ
2490 5671 2529 5737 ἠ
2577 5668 2858 5722 θάλασσα
2904 5671 3016 5722 οὐκ
3067 5668 3238 5723 ἐστιν
3279 5669 3713 5740 ἐμπιπλαμένη.

2156 5761 2262 5824 Εἰς
2285 5757 2392 5812 τὸν
2414 5759 2600 5815 τόπον
2624 5756 2699 5816 οὗ
2745 5763 2795 5816 οἱ
2837 5759 3140 5830 χείμαρροι
3183 5763 3550 5831 πορεύονται,
3596 5763 3723 5816 ἐκεῖ

2152 5850 2322 5905 αὐτοὶ
2358 5851 2783 5923 ἐπιστρέφουσι
2828 5851 2935 5907 τοῦ
2987 5851 3366 5923 πορευθῆναι.
3403 5853 3630 5920 Πάντες
3659 5857 3713 5910 οἱ
