3986 6472
169 491 266 546 617

1269 486 1331 539 IN
1368 479 1899 540 ECCLESIASTEN.
1944 479 2223 536 llOMlLlA
2259 481 2298 536 I.

3279 479 3378 537 618

167 609 330 675 λόγοι
370 605 632 676 ἔγκοποι,
675 605 747 657 οὐ
793 602 1112 667 δυνήσεται
1157 601 1307 670 ἀνὴρ
1347 603 1466 656 τοῦ¹
1494 601 1722 656 λαλεῖν.

1829 615 1945 650 rum
1975 609 2070 652 est.
2101 598 2240 663 Quid
2263 606 2341 652 est
2374 597 2511 666 quod
2539 597 2736 666 factum
2767 599 2892 652 est?
2920 594 3101 662 Ipsum
3139 597 3276 664 quod
3305 599 3386 663 Im.

171 699 269 753 Καὶ
295 699 405 751 οὐκ
434 695 918 765 ἐμπλησθήσεται
965 694 1266 762 ὀφθαλμὸς
1291 694 1394 747 τοῦ
1427 691 1590 760 ὀρᾷν,
1627 693 1720 745 καὶ

170 793 235 843 οὐ
262 788 714 858 πληρωθήσεται
743 781 851 852 οὖς
878 785 995 840 ἀπὸ
1025 785 1381 852 ἀκροάσεως.
1428 785 1488 837 Τί
1529 783 1595 836 τὸ
1630 800 1724 850 γε·

167 882 335 950 τονάς
357 897 376 943 ;
402 880 546 932 αὐτὸ
571 880 638 932 τὸ
663 879 1138 948 γενηθησόμενον
1157 893 1168 905 ’
1201 874 1297 928 καὶ
1321 875 1376 927 τί
1399 872 1465 927 τὸ
1495 887 1727 940 πεποιη-

162 971 382 1042 μένον;
424 970 569 1024 αὐτὸ
613 969 681 1022 τό
731 969 1233 1037 ποιηθησόμενον.
1291 965 1399 1018 Καὶ
1438 966 1548 1018 οὐκ
1595 963 1726 1016 ἔστι

165 1059 284 1112 πᾶν
312 1060 661 1128 πρόσφατον
684 1058 802 1113 ὑπὸ
852 1058 957 1111 τὸν
997 1056 1174 1124 ἥλιον
1212 1055 1278 1120 ὃς
1319 1053 1576 1121 λαλήσει
1624 1054 1722 1106 καὶ

159 1150 308 1219 ἐρεῖ·
341 1141 490 1204 Ἰδοὺ
540 1150 715 1203 τοῦτο
765 1147 1140 1216 καινὸν,ῆδη
1193 1147 1435 1215 γέγονεν
1487 1146 1556 1198 ὲν
1603 1145 1724 1209 τοῖς

1825 692 2066 745 ciendum
2093 701 2189 745 est.
2227 691 2312 746 10.
2355 690 2505 743 Nihil
2531 699 2607 744 est
2634 691 2727 743 sub
2758 692 2865 743 sole
2913 706 3108 743 recens.
3145 687 3252 742 Nec
3283 698 3384 744 ἐει

1823 785 1913 852 qui
1957 784 2204 852 loquatur
2229 793 2278 837 et
2303 784 2469 851 possit
2499 783 2672 836 dicere
2721 786 2784 836 de
2823 799 2877 836 re
2907 783 3154 853 qualibet,
3178 781 3280 838 Hoc
3305 791 3384 838 est

1826 891 2023 930 recens.
2069 874 2199 929 Ecce
2237 876 2374 928 enim
2401 875 2496 929 hoc
2524 892 2696 929 recens
2715 875 2831 942 jam
2862 875 3059 944 factum
3089 885 3164 928 est
3196 877 3248 928 in
3285 892 3383 929 ste-

1826 966 1958 1020 culis
1988 983 2105 1035 quo:
2129 967 2344 1037 {uerunt
2374 977 2495 1021 ante
2538 985 2652 1022 nos.
2685 968 2768 1021 ll.
2831 967 2951 1021 Non
3000 979 3076 1022 est
3130 969 3382 1022 memoria

1826 1057 2012 1126 primis
2035 1068 2083 1110 et
2108 1059 2180 1112 iis
2201 1060 2290 1130 qui
2324 1060 2533 1128 fuerunt
2561 1046 2753 1112 ultimi.
2784 1057 2907 1112 Non
2935 1062 3036 1114 erit
3076 1077 3253 1114 eorum
3303 1079 3382 1114 re-

1829 1148 2065 1202 cordatio
2087 1166 2202 1203 cum
2244 1152 2308 1204 iis
2334 1153 2422 1220 qui
2460 1151 2626 1219 futuri
2649 1162 2768 1204 sunt
2796 1152 2850 1204 in
2880 1153 3178 1205 novissimo.

163 1241 330 1295 αίῶσι
362 1243 481 1307 τοῖς
508 1241 838 1310 γενομένοις
876 1242 1210 1308 ἔμπροσθεν
1234 1237 1427 1307 ἡμῶν-ο
1459 1239 1568 1292 οὐκ
1606 1237 1736 1291 ἐστι
1763 1239 1968 1308 μνήμη
2010 1241 2132 1308 τοῖς
2157 1244 2424 1310 πρώτοις,
2452 1243 2554 1296 καί
2597 1260 2661 1312 γε
2691 1243 2812 1308 τοῖς
2839 1243 3112 1312 ἐσχάτοις
3154 1245 3386 1313 γενομέο

158 1353 283 1400 -νοις
303 1350 314 1361 ·
344 1336 453 1386 οὐκ
481 1333 647 1386 ἔσται
670 1331 863 1386 αὐτῶν
884 1331 1088 1400 μνήμη
1118 1332 1264 1400 μετὰ
1287 1329 1403 1383 τῶν
1439 1329 1771 1400 γενομένων
1799 1333 1886 1396 εἰς
1913 1333 2023 1400 τὴν
2053 1334 2337 1402 ἐσχάτην.

230 1430 521 1499 Πρόκειται
580 1430 708 1498 ἡμῖν
765 1429 792 1479 ὁ
841 1425 1265 1496 Ἑκκλητιαστὴς
1326 1427 1403 1488 εἰς
1465 1425 1723 1498 ἐξήγησιν

160 1515 270 1573 ἴσον
311 1520 449 1590 ἔχων
488 1517 566 1589 τῷ
606 1517 821 1588 μεγέθει
855 1519 950 1588 τῆς
988 1518 1249 1586 ὠφελείας
1285 1517 1373 1569 τὸν
1425 1518 1582 1570 πόνον
1625 1517 1723 1586 τῆς

158 1614 404 1684 θεωρίας.
438 1612 556 1664 Τῶν
592 1611 700 1681 γάρ
742 1608 1114 1680 παροιμιακῶν
1147 1610 1430 1680 νοημάτων
1458 1609 1558 1680 ἤδη
1587 1626 1720 1680 προ-

155 1702 544 1772 γυμνασάντων
570 1701 658 1753 τὸν
692 1700 834 1763 νοῦν,
869 1692 944 1752 ὧν
969 1701 1018 1752 οἱ
1052 1700 1312 1753 σκοτεινοὶ
1354 1700 1499 1768 λόγοι
1540 1701 1632 1754 καὶ
1667 1703 1722 1753 αἱ

1891 1425 2058 1483 Nobis
2102 1429 2454 1499 exponendus
2509 1431 2823 1500 propositus
2866 1439 2950 1486 est
2999 1430 3382 1498 Ecclesiastes,

1821 1519 1914 1588 qui
1965 1521 2324 1591 magnitudini
2374 1512 2629 1576 utilitatis
2697 1523 2857 1576 habet
2921 1539 3105 1593 parem
3144 1525 3380 1581 laborem

1820 1612 2315 1680 contemplationis.
2345 1611 2477 1666 Nam
2502 1628 2624 1666 cum
2653 1629 2816 1668 sensa
2842 1615 3247 1684 proverbiorum
3270 1609 3382 1685 jam

1821 1711 2054 1758 mentem
2091 1703 2243 1772 prius
2287 1705 2654 1771 exercuerim,
2691 1722 2923 1775 quorum
2961 1707 3206 1762 obscurae
3257 1718 3386 1763 sunt

156 1795 319 1865 σοφαὶ
345 1797 526 1865 ῥήσεις
558 1793 650 1845 καὶ
682 1793 748 1846 τὰ
775 1794 1090 1863 αἰνίγματα,
1124 1793 1216 1844 καὶ
1256 1795 1310 1845 αἱ
1344 1793 1583 1846 ποικίλαι
1615 1792 1722 1845 τῶν

1825 1795 2088 1858 rationes,
2117 1802 2172 1848 et
2203 1793 2346 1848 dicta
2389 1798 2659 1867 sapientia
2688 1807 2743 1850 et
2791 1798 3109 1868 aenigmata,
3141 1808 3194 1852 et
3246 1799 3384 1852 varii

153 1887 327 1953 λόγων
374 1885 723 1955 ἀναστροφαὶ,
772 1882 950 1948 καθὼς
1004 1884 1245 1955 περιέχει
1287 1883 1347 1936 τὸ
1387 1884 1478 1938 τοῦ
1519 1883 1723 1954 βιϐλίου

155 1977 364 2031 ἐκείνου
393 1975 689 2046 προοίμιον,
716 1975 833 2029 τότε
865 1977 975 2039 τοῖς
1003 1976 1138 2048 πρὸς
1181 1975 1248 2029 τὰ
1282 1975 1588 2048 τελειότερα
1615 1977 1724 2029 τῶν

160 2067 498 2137 μαθημάτων
535 2064 862 2136 αὐξηθείσιν,
892 2067 982 2118 ἐπὶ
1017 2067 1220 2137 ταύτην
1247 2065 1345 2135 τὴν
1380 2066 1598 2137 Γραφὴν
1626 2066 1724 2133 τὴν

151 2158 364 2228 ὑψηλὴν
386 2157 557 2220 οὕτως
590 2159 682 2211 καὶ
719 2156 1087 2220 θεόπνευστον,
1113 2161 1146 2229 ἡ
1183 2157 1364 2221 ἄνοδος
1395 2159 1622 2226 γίνεται.
1661 2159 1724 2212 Εἰ

150 2249 248 2304 οὖν
275 2255 307 2319 ἡ
343 2250 606 2322 παροιμία
643 2251 734 2302 καὶ
783 2252 815 2320 ἠ
863 2250 1060 2321 μελέτη
1106 2253 1138 2321 ἡ
1189 2252 1323 2321 πρὸς
1371 2249 1541 2304 ταῦτα
1578 2251 1722 2321 ἡμᾶς

157 2343 514 2415 ἑτοιμάζουσα
559 2343 626 2395 τὰ
659 2343 975 2412 μαθήματα,
1007 2341 1177 2406 οὕτως
1214 2343 1465 2406 ἐπίπονός
1494 2343 1574 2406 τίς
1609 2347 1722 2396 ἐστι

157 2438 248 2488 καὶ
292 2433 682 2506 δυσθεώρητος.
742 2435 903 2487 πόσον
960 2435 1064 2506 χρὴ
1105 2436 1264 2489 πόνον
1304 2436 1484 2499 αὐτοῖς
1532 2439 1723 2508 ὲνορᾷν

161 2529 267 2589 τοῖς
305 2525 525 2595 ὑψηλοῖς
556 2526 761 2588 τοῦτοις
802 2527 1055 2594 νοήμασι,
1085 2529 1195 2589 τοῖς
1224 2525 1317 2578 νῦν
1348 2528 1723 2598 προκειμένοις

140 2619 234 2681 ¹εἰς
277 2619 502 2690 θεωρίαν
543 2621 711 2688 ήμῐν;
747 2619 956 2689 Ὥσπερ
1000 2620 1108 2689 γάρ
1166 2620 1214 2671 οἱ
1273 2620 1330 2671 ὲν
1383 2618 1721 2690 παιδοτρίϐου

154 2708 548 2779 παλαιστρικὴν
581 2709 996 2778 ἐκπονήσαντες,
1034 2707 1167 2780 πρὸς
1215 2708 1461 2778 μείζονας
1495 2709 1722 2779 ἱδρῶτας

154 2798 250 2851 καὶ
285 2799 476 2858 πόνους
503 2800 559 2850 ὲν
585 2801 692 2860 τοῖς
726 2797 900 2866 ἀγῶσι
928 2800 1037 2861 τοῖς
1070 2802 1352 2869 γυμνικοῖς
1382 2800 1719 2853 άποδύονται’

152 2888 300 2942 οὕτω
329 2907 419 2961 μοι
444 2890 588 2942 δοκεί
618 2889 811 2960 μελέτη
844 2907 926 2952 τις
952 2885 1090 2944 εἶναι
1120 2894 1152 2960 ὴ
1182 2891 1550 2962 παροιμιώδης
1581 2891 1723 2944 διδαο

153 2983 376 3046 σκαλία,
411 2983 544 3055 πρὸς
577 2985 701 3048 τοὺς
753 2984 1231 3054 ἐκκλησιαστικοὺς
1277 2983 1486 3051 ἀγῶνας
1541 2985 1724 3038 παιδο·

151 3077 418 3148 τριὸοὖσα
455 3076 550 3140 τάς
592 3076 764 3148 ψυχὰς
804 3076 958 3147 ἡμῶν
1009 3076 1098 3128 καὶ
1149 3075 1623 3148 προμαλάσσουσα.
1662 3077 1723 3129 Ei

1826 1885 2110 1938 verborum
2146 1887 2338 1954 ﬂexus,
2395 1889 2538 1943 sicut
2587 1889 2709 1944 libri
2759 1891 2904 1944 illius
2935 1891 3175 1945 continet
3206 1905 3381 1959 prom-

1825 1975 2015 2038 mium,
2051 1984 2181 2030 tunc
2211 1976 2299 2041 iis,
2329 1977 2530 2047 quibus
2561 1979 2626 2030 ad
2689 1977 3039 2046 perfectiores
3069 1976 3385 2047 disciplinas

1826 2061 1968 2118 facta
2025 2064 2188 2119 fuerit
2225 2069 2491 2133 accessio,
2527 2075 2582 2122 et
2600 2066 2668 2120 ad
2689 2066 2829 2122 hanc
2864 2067 3226 2139 Scripturam,
3264 2084 3385 2138 quae

1823 2172 1950 2210 vere
2005 2170 2088 2211 est
2130 2159 2345 2215 excelsa
2406 2168 2461 2216 et
2514 2159 2780 2215 divinitus
2824 2160 3108 2230 inspirata,
3169 2161 3384 2215 exsistit

1825 2259 2109 2301 ascensus.
2143 2247 2200 2301 Si
2234 2263 2364 2319 ergo
2395 2250 2764 2318 proverbium,
2803 2260 2857 2304 et
2883 2265 3004 2320 qua:
3037 2265 3138 2305 nos
3178 2250 3244 2305 ad
3285 2251 3386 2306 bas

1824 2335 2144 2407 disciplinas
2172 2351 2436 2410 praeparat
2461 2341 2763 2408 meditatio,
2795 2354 2881 2398 est
2919 2343 3056 2398 adeo
3113 2344 3383 2399 laboriosa

1824 2436 1876 2480 ct
1916 2431 2286 2500 contemplatu
2351 2431 2605 2495 dillicilis,
2671 2443 2932 2504 quantum
2986 2436 3381 2505 inspiciendum

1824 2527 1908 2573 est
1942 2518 2124 2576 inesse
2155 2522 2394 2576 laborem
2449 2525 2502 2578 in
2542 2524 2626 2580 his
2652 2525 2978 2581 sublimibus
3025 2527 3232 2589 sensis,
3265 2541 3386 2595 quae

1826 2626 1969 2664 nunc
1996 2615 2405 2683 contemplanda
2469 2616 2628 2671 nobis
2690 2627 2817 2672 sunt
2875 2620 3195 2687 proposita?
3233 2617 3382 2683 Quo-

1825 2703 1986 2756 modo
2007 2705 2153 2758 enim
2179 2706 2270 2775 qui
2300 2706 2438 2776 apud
2469 2709 2818 2778 ptetlotribam
2850 2713 2902 2762 in
2934 2710 3235 2778 palaestrica
3266 2719 3386 2764 arte

1825 2791 2230 2860 laboraverunt,
2289 2797 2355 2850 ad
2414 2797 2648 2868 majores
2702 2799 2929 2854 sudores
2972 2809 3025 2854 et
3066 2801 3281 2856 labores
3327 2801 3383 2854 in

1825 2886 2215 2940 certaminibus
2249 2889 2513 2957 gymnicis
2552 2905 2610 2944 se
2665 2899 2913 2944 exuunt:
2964 2891 3036 2945 ita
3069 2891 3385 2961 proverbio-

1826 2991 1944 3028 rum
1978 2975 2226 3029 doctrina
2256 2977 2386 3030 mihi
2413 2979 2624 3032 videtur
2646 2994 2768 3034 esse
2801 2979 3044 3050 quaidam
3075 2981 3384 3050 meditatio,

1827 3076 2046 3122 nostros
2074 3069 2286 3124 animos
2335 3081 2590 3140 tanquam
2647 3087 2847 3140 pueros
2889 3072 2958 3125 ad
3011 3075 3382 3130 ecclesiastica

147 3164 247 3222 οὖν
293 3171 325 3240 ἡ
383 3167 574 3239 μελέτη
622 3169 756 3238 μετὰ
796 3167 1060 3220 τοσούτων
1098 3165 1334 3236 ἱδρώτων
1370 3166 1722 3238 κατορθοῦται

1829 3160 2129 3213 certamina
2175 3175 2436 3216 exercens
2484 3168 2537 3215 et
2587 3164 2971 3231 pramolliens.
3003 3162 3060 3217 Si
3095 3180 3226 3234 ergo
3256 3181 3381 3220 cum

147 3262 250 3316 καὶ
298 3261 492 3324 πόνων,
523 3260 575 3312 τί
607 3260 712 3332 χρὴ
742 3260 869 3330 περὶ
911 3257 1086 3312 αὐτῶν
1120 3257 1225 3310 τῶν
1259 3258 1482 3327 ἀγώνων
1512 3258 1726 3326 λογίσα-

151 3353 324 3417 σθαι;
361 3355 514 3406 Ἤτοι
547 3353 702 3404 ποίαν
733 3369 815 3415 τις
859 3351 1157 3422 ὑπερϐολὴν
1199 3353 1472 3421 ἐννοήσας,
1516 3352 1613 3403 οὐκ
1659 3352 1726 3426 ἂν

151 3447 527 3517 παραστήσειε
553 3445 672 3497 κατ’
689 3443 842 3508 ἀξίαν
864 3443 940 3513 τῷ
972 3443 1130 3512 λόγῳ,
1163 3443 1359 3506 πόσους
1386 3442 1723 3496 ὑποδείκνυσι

148 3540 354 3601 πόνους
381 3537 440 3590 τὸ
477 3537 572 3606 τῆς
615 3535 831 3607 Γραφῆς
864 3535 1063 3605 ταύτης
1097 3535 1305 3587 στάδιον
1329 3537 1438 3599 τοῖς
1468 3533 1724 3602 ἀγωνιζο-

153 3631 344 3700 μένοις
366 3628 501 3698 πρὸς
528 3626 624 3697 τὴν
651 3626 754 3678 τῶν
775 3624 978 3695 νοητῶν
1002 3623 1298 3692 ἀσφάλειαν
1320 3621 1406 3676 διὰ
1440 3623 1538 3694 τῆς
1563 3621 1724 3692 άθλη·

146 3720 317 3789 τικῆς
349 3716 655 3788 ἐμπειρίας,
692 3715 766 3778 ὡς
812 3714 885 3784 μὴ
934 3716 990 3767 ὲν
1031 3712 1281 3782 πτώματι
1319 3711 1486 3777 δεῖξαι
1516 3713 1606 3765 τὸν
1638 3712 1725 3766 λό-

147 3830 274 3879 γον,
328 3809 438 3863 άλλ’
481 3811 537 3861 ὲν
576 3808 725 3878 πάσῃ
774 3808 1038 3876 νοήματος
1082 3805 1364 3875 συμπλοκῇ
1399 3804 1576 3875 ὄρθιον
1613 3804 1725 3857 δια-

149 3902 333 3954 σῶσαι
363 3899 450 3953 διὰ
481 3899 579 3967 τῆς
623 3897 874 3968 ἀληθείας
904 3895 991 3947 τὸν
1017 3894 1162 3948 νοῦν.
1213 3895 1356 3964 Πλὴν
1394 3893 1507 3946 ἁλλ’
1539 3894 1722 3962 ἐπειδὴ

147 3996 249 4046 καὶ
280 3992 440 4045 τοῦτο
474 3991 582 4043 τῶν
623 3988 951 4042 δεσππικῶν
988 3987 1455 4059 παραγγελμάτων
1505 3987 1638 4048 ἐστὶ,
1667 3987 1724 4039 τὸ

145 4085 265 4138 δεῖν
303 4084 524 4152 ὲρευνᾷν
548 4081 642 4144 τὰς
669 4080 907 4152 Γραφὰς,
937 4079 1148 4150 ἀνάγκη
1181 4081 1347 4139 πᾶσα,
1372 4079 1473 4132 κᾶν
1502 4078 1725 4131 κατόπιν

145 4178 256 4247 τῆς
282 4175 538 4246 ἀληθείας
574 4177 602 4228 ό
627 4173 888 4244 ἡμέτερος
911 4172 1172 4243 ἐρευνηθῇ
1197 4171 1318 4235 νοῦς
1346 4170 1438 4223 τοῦ
1466 4170 1724 4242 μεγέθους

143 4269 266 4322 τῶν
305 4267 588 4338 νοημάτων
625 4265 725 4318 οὐκ
765 4264 1166 4333 ὲφικνούμενος,
1211 4263 1358 4333 ὅμως
1404 4262 1490 4316 διὰ
1533 4263 1593 4315 τὸ
1650 4262 1723 4332 μὴ

143 4363 338 4418 δοκεῖν
361 4361 601 4431 παρορᾷν
629 4358 724 4429 τὴν
744 4357 961 4428 ἐντολὴν
983 4356 1074 4409 τοῦ
1103 4356 1327 4426 Κυρίου,
1351 4354 1438 4407 διὰ
1463 4355 1559 4424 τῆς
1585 4353 1726 4407 κατὰ

139 4454 392 4522 δύναμιν
436 4449 562 4522 περ)⁸
600 4449 687 4504 τὸν
727 4449 880 4517 λόγον
922 4448 1154 4518 σπουδῆς
1182 4446 1536 4518 κατορθῶσαι.
1581 4447 1723 4498 Οὐκ-

138 4545 246 4598 υῦν
290 4542 667 4612 ὲρευνήσωμεν
691 4539 788 4611 τὴν
820 4538 1181 4609 προκειμένην
1220 4537 1434 4610 Γραφὴν
1469 4537 1542 4600 ὡς
1569 4536 1722 4591 δυνά-

142 4637 326 4708 μεθα.
370 4635 588 4698 Πάντως
620 4633 726 4702 γὰρ
761 4635 788 4686 ό
820 4633 907 4687 τοῦ
943 4635 1164 4704 ἐρευνᾷν
1196 4632 1292 4701 τὴν
1325 4629 1537 4700 ἐντολὴν
1560 4629 1715 4682 δεδω-

137 4726 293 4789 κὼς,
328 4725 421 4777 καὶ
452 4721 547 4794 τὴν
579 4722 710 4794 πρὸς
745 4723 872 4776 αὐτὸ
905 4722 1060 4775 τοῦτο
1095 4721 1319 4790 δύναμιν
1346 4718 1521 4783 δώσει,
1543 4719 1722 4780 καθὼς

136 4818 502 4887 γέγραπται·
534 4814 615 4866 ὅτι
646 4832 664 4865 ι
700 4811 899 4882 Κύριος
930 4810 1087 4864 δώσει
1121 4809 1269 4880 ῥῆμα
1295 4809 1402 4870 τοῖς
1443 4807 1720 4875 εὐαγγελι-

134 4908 416 4978 ζομένοις
441 4904 663 4974 δυνάμει
687 4903 871 4974 πολλῇ.
914 4921 932 4952 ι

215 5177 345 5230 Καὶ
374 5174 586 5244 πρῶτόν
612 5191 673 5240 γε
705 5175 835 5243 ἡμῖν
863 5174 895 5242 ἡ
931 5168 1205 5240 ἐπιγραφὴ
1236 5167 1326 5221 τοῦ
1366 5168 1567 5238 βιϐλίου
1595 5186 1724 5238 προ-

127 5271 371 5338 τεθήτω
413 5270 490 5329 εἰς
524 5265 772 5336 θεωρίαν.
813 5262 960 5315 Κατὰ
1001 5263 1174 5314 πᾶσαν
1220 5261 1538 5330 Ἐκκλησίαν
1565 5261 1722 5313 Mnib-

127 5365 248 5432 σῆς
277 5359 379 5413 καὶ
411 5360 440 5411 ό
465 5359 622 5426 νόμος
646 5353 1087 5423 ἀναγινώσκεται.
1115 5353 1164 5404 οἱ
1210 5353 1501 5422 προφῆται,
1529 5353 1560 5420 ἡ
1589 5351 1722 5420 ψαλ-

125 5451 360 5524 μῳδία,
386 5447 593 5517 ἱστορία
624 5449 792 5507 πᾶσα,
822 5445 912 5497 καὶ
947 5443 997 5495 ετ
1019 5461 1070 5494 τι
1111 5442 1360 5511 ’Λρχαίας
1399 5459 1457 5494 τε
1501 5443 1590 5494 καὶ
1621 5441 1720 5510 τῆς

125 5540 370 5609 Καινῆς
410 5537 678 5608 Διαθὴκης
723 5537 857 5598 ἐστὶ,
905 5538 1076 5589 πάντα
1116 5536 1205 5586 ἐπὶ
1255 5534 1362 5585 τῶν
1399 5533 1724 5604 Ἐκκλησιῶν

123 5628 610 5698 καταγγέλλεται.
657 5627 775 5690 Πῶς
813 5625 904 5681 οὖν
949 5627 1102 5679 τοῦτο
1146 5626 1301 5698 μόνον
1332 5625 1422 5676 καὶ
1454 5623 1723 5693 ἐξαίρετον

130 5738 204 5797 τῃ
267 5722 552 5790 ἐπιγραφῇ
592 5719 681 5771 τοῦ
715 5717 1129 5788 Ἐκκλησιαποῦ
1185 5713 1610 5778 καλλωπίζεται;
1656 5715 1717 5767 Τί

215 5904 272 5935 ³⁸
317 5900 479 5956 Joan.
517 5915 568 5960 ν,
602 5898 689 5952 59.
769 5899 813 5930 ³⁸
840 5900 979 5952 Psal.
1007 5913 1174 5960 twn,
1204 5899 1285 5952 l2.

494 5990 759 6050 PLTBOL.
794 5993 906 6050 Gn.
949 5992 995 6050 Χ
1010 5989 1147 6050 LIV.

1827 3251 1996 3305 tantis
2028 3252 2325 3307 sudoribus
2380 3263 2434 3307 et
2490 3254 2770 3309 laboribus
2807 3256 2864 3306 lit
2919 3255 3030 3310 haec
3083 3257 3381 3318 meditatio,

1824 3341 1951 3409 quid
2011 3343 2432 3398 existimandum
2490 3354 2575 3400 est
2629 3345 2696 3401 de
2759 3346 2894 3416 ipsis
2944 3348 3386 3404 certaminibus?

1825 3432 2187 3498 Quantumvis
2217 3449 2362 3491 certe
2405 3440 2582 3508 magni
2616 3439 2924 3508 cogitantur
2972 3449 3024 3495 et
3082 3443 3380 3506 immodici,

1827 3526 2004 3580 verbis
2041 3543 2137 3596 pro
2161 3529 2423 3598 dignitate
2462 3546 2620 3584 nemo
2649 3532 2869 3600 assequi
2907 3540 3104 3600 potest,
3149 3542 3385 3603 quantos

1825 3618 2078 3671 ostendat
2110 3619 2324 3673 labores
2358 3620 2522 3689 hujus
2569 3621 2864 3693 Scriptum
2923 3625 3162 3680 stadium
3193 3627 3260 3682 iis
3290 3628 3384 3697 qui

1825 3708 2138 3771 decertant.
2171 3721 2229 3764 ut
2271 3727 2366 3780 per
2407 3713 2717 3769 athleticam
2784 3716 3172 3786 experientiam
3202 3735 3385 3774 rerum

1825 3815 1945 3870 qua:
1977 3800 2180 3856 cadunt
2209 3802 2314 3856 sub
2349 3803 2783 3871 intelligentiam,
2819 3815 2988 3861 tutam
3023 3818 3386 3874 assequamur

1825 3892 2099 3954 notitiam,
2137 3909 2313 3962 neque
2336 3893 2616 3949 cadentem
2647 3897 2939 3950 ostendant
2970 3898 3255 3954 rationem.
3289 3901 3384 3955 sed

1826 3985 1880 4038 in
1911 3985 2056 4037 omni
2091 4000 2375 4040 sensorum
2401 3986 2738 4042 connexione
2762 4005 2856 4057 per
2876 3991 3153 4044 veritatem
3182 4000 3383 4047 rectam

1825 4086 2150 4130 conservent
2177 4078 2612 4147 intelligentiam.
2672 4081 2941 4138 Caeterum
2991 4087 3248 4152 quoniam
3301 4097 3387 4142 est

1827 4167 1930 4221 hoc
1987 4182 2204 4237 quoque
2259 4168 2504 4223 divinum
2565 4182 2911 4242 pratceptum,
2973 4183 3030 4228 ut
3078 4184 3386 4231 scrutemur

1829 4256 2139 4328 Scripturas
2161 4260 2225 4323 ³⁸,
2259 4275 2483 4315 necesse
2510 4271 2594 4317 cst
2627 4267 2870 4326 omnino,
2902 4272 2960 4316 ut
2998 4265 3042 4320 si
3077 4275 3198 4336 post
3238 4269 3384 4322 veri-

1826 4359 1989 4404 tatem
2017 4352 2297 4407 ambulans
2330 4369 2484 4408 mens
2529 4362 2717 4410 nostra
2767 4357 2983 4411 inventa
3038 4356 3220 4419 fuerit,
3276 4376 3384 4416 non

1827 4456 2128 4511 assequens
2164 4460 2449 4499 sensorum
2491 4447 2941 4515 magnitudinem,
2988 4465 3057 4505 ne
3103 4451 3388 4506 videamur

1826 4543 2005 4588 tamen
2035 4534 2242 4590 Domini
2275 4546 2598 4607 praeceptum
2630 4539 2932 4609 despicere,
2965 4558 3062 4610 pro
3100 4544 3309 4598 viribus
3331 4547 3388 4600 in

1826 4625 2013 4679 divino
2049 4643 2300 4695 sermone
2329 4628 2565 4684 studium
2597 4641 2856 4699 ponentes
2879 4642 3068 4686 nostro
3100 4634 3388 4704 fungamur

1825 4717 2018 4772 ollicio.
2058 4716 2379 4774 Scrulemur
2423 4736 2576 4790 ergo,
2615 4729 2672 4774 ut
2700 4736 3016 4790 possumus,
3051 4728 3384 4795 propositam

1827 4809 2183 4880 Scripturam.
2219 4812 2319 4877 Qui
2355 4815 2500 4866 enim
2539 4814 2816 4868 scrutandi
2847 4815 2992 4871 dedit
3026 4828 3384 4888 praeceptum,

1827 4902 1890 4954 ad
1925 4902 2027 4956 hoc
2058 4904 2219 4956 etiam
2260 4905 2480 4958 omnino
2537 4906 2686 4960 dabit
2721 4907 2886 4971 vires,
2947 4909 3090 4963 sicut
3125 4913 3384 4979 scriptum

1825 5001 1908 5048 est
1954 5011 1968 5046 :
2015 5012 2034 5044 ι
2099 4993 2364 5050 Dominus
2410 4994 2562 5050 dabit
2618 4998 2840 5052 verbum
2888 5000 3382 5069 evangelizautibus

1827 5083 2026 5137 virtute
2055 5085 2219 5136 multa
2249 5083 2314 5135 ³⁸.
2365 5103 2384 5136 ι

1897 5173 1974 5228 Ac
2040 5175 2274 5244 primum
2347 5177 2564 5245 quidem
2634 5177 2790 5234 nobis
2841 5189 3179 5250 proponatur
3251 5192 3388 5232 con-~

1830 5263 2117 5318 sideranda
2201 5266 2321 5321 libri
2402 5269 2705 5340 inscriptio.
2789 5270 2848 5325 In
2921 5271 3068 5326 omni
3141 5270 3387 5325 Ecclesia

1828 5353 2038 5424 Moyses
2073 5365 2126 5411 et
2155 5357 2237 5411 lex
2269 5358 2484 5428 legitur,
2516 5361 2824 5431 prophetae,
2849 5362 3181 5432 psalmodia,
3210 5359 3385 5412 omnis

1829 5447 2078 5511 historia,
2105 5457 2158 5504 et
2183 5451 2226 5505 si
2253 5451 2382 5522 quid
2414 5461 2496 5508 est
2525 5451 2738 5510 Veteris
2766 5464 2820 5510 et
2846 5453 2982 5508 Novi
3014 5452 3346 5508 Testameuri
3368 5491 3385 5514 ο

1831 5537 2224 5594 annuntiantur
2247 5543 2428 5595 onmia
2454 5544 2508 5596 in
2532 5543 2810 5600 Ecclesiis.
2829 5543 3113 5610 Quomodo
3133 5555 3262 5612 ergo
3284 5541 3388 5594 hoc

1831 5631 2005 5682 solum
2031 5641 2084 5683 et
2103 5633 2363 5687 eximium
2387 5634 2743 5706 inscriptione
2765 5643 2992 5691 ornatur
3013 5633 3388 5688 Ecclesiastaa‘!

1835 5720 1974 5786 Quid
2009 5738 2135 5792 ergo
2160 5733 2243 5780 est
2278 5726 2422 5781 ouod
2452 5742 2550 5782 nos
2579 5727 2646 5783 de
2673 5728 2759 5782 his
2789 5725 3208 5782 existimamus?
3233 5721 3388 5791 Quod

3007 5997 3087 6057 20
