4044 6480
689 445 792 498 (319

1903 443 1959 496 S.
2001 441 2324 498 GREGORII
2362 445 2652 502 NYSSENI
3785 449 3876 501 ϐω

689 565 810 618 aliis
833 560 1050 632 quidem
1092 559 1347 614 omnibus
1390 559 1718 628 Scripturis,
1768 559 2118 628 historiiSquc
2167 575 2230 613 ac

2341 559 2421 615 οὖν
2468 567 2616 617 ἐστιν
2661 565 2689 616 ὃ
2739 565 2862 634 περὶ
2901 563 3101 616 τούτων
3128 566 3286 632 ἡμεῖς
3335 562 3741 632 ὑπειλήφαμενς
3771 565 3878 618 "0.:

687 651 980 726 prophetiis
1001 689 1014 712 ,
1039 649 1104 702 ad
1133 649 1375 719 quaedam
1409 650 1510 703 alia
1545 665 1664 718 quae
1692 649 1945 704 Ecclesiae
1977 665 2083 702 non
2113 659 2240 704 sunt

685 743 839 798 valde
873 741 1062 804 utilia,
1105 756 1302 810 scopus
1335 741 1674 810 proponitur.
1729 741 1867 806 Quid
1912 741 2053 796 enim
2097 755 2242 794 cura

685 843 768 890 est
813 831 1069 887 Ecclesiae
1110 839 1300 887 exacte
1345 840 1398 887 et
1429 841 1684 888 accurate
1731 833 1945 888 discere
1977 834 2238 888 bellorum

686 922 1050 984 calamitates,
1084 929 1177 976 aut
1200 921 1421 992 quinam
1453 921 1671 977 fuerunt
1697 924 1935 994 gentium
1965 923 2240 994 principes

683 1021 738 1067 et
768 1013 981 1067 urbium
1011 1011 1358 1076 conditores,
1393 1019 1446 1067 et
1469 1012 1702 1081 ‘quinam
1733 1028 1762 1066 a
1790 1012 2116 1083 quibusdam
2141 1011 2240 1067 de-

684 1103 834 1161 ducti
865 1113 990 1160 sunt
1025 1105 1078 1158 in
1111 1103 1357 1158 colonias
1377 1143 1392 1168 ,
1422 1111 1475 1157 et
1503 1119 1748 1174 quaenam
1786 1119 1950 1174 regna
1983 1103 2240 1176 deinceps

684 1207 817 1252 sunt
855 1199 1164 1261 exoritura,
1202 1207 1255 1251 et
1289 1211 1624 1266 qmecunque
1657 1197 1999 1251 matrimonia
2037 1195 2240 1250 libero-

679 1301 910 1358 rumque
946 1289 1353 1358 procreationes
1385 1295 1514 1342 sunt
1549 1288 1856 1342 litterarum
1889 1289 2238 1342 monimentis

682 1381 965 1450 diligenter
1001 1379 1256 1433 mandata
1279 1420 1292 1442 ,
1329 1389 1381 1433 et
1413 1394 1752 1448 quaecunque
1793 1380 1976 1434 doceri
2009 1389 2238 1448 possunt

683 1470 736 1523 in
767 1470 1006 1538 qualibet
1035 1469 1355 1538 Scriptura;
1385 1467 1516 1539 quid
1549 1471 1616 1524 ad
1642 1485 1864 1539 scOpum
1893 1471 2106 1539 pietatis
2137 1471 2236 1523 Ec-

682 1558 856 1612 clesiae
901 1571 1226 1628 magnopere
1273 1559 1644 1612 contulerint?
1687 1557 1859 1626 l'lujus
1901 1565 2078 1614 autem
2113 1558 2238 1612 lil.ri

681 1650 924 1704 doctrina
973 1649 1038 1702 ad
1071 1649 1241 1702 solam
1291 1649 1718 1704 ecclesiasticam
1766 1651 2234 1705 conversationem

683 1740 944 1810 pertinet,
981 1747 1039 1793 ut
1069 1754 1188 1808 qum
1218 1753 1279 1793 ea
1311 1739 1542 1808 expiicet
1571 1755 1664 1808 per
1692 1753 1813 1809 qua:
1844 1742 1968 1812 quis
2001 1750 2150 1795 recte
2183 1749 2237 1795 et

681 1847 746 1884 ex
775 1832 976 1886 virtute
1011 1831 1171 1884 vitam
1219 1832 1485 1886 instituat.
1539 1827 1738 1885 Eorum
1784 1833 1924 1886 enim
1981 1847 2101 1902 quae
2149 1833 2238 1888 hic

2338 659 2454 719 ταῖς
2503 657 2598 725 μὲν
2643 656 2826 720 ἄλλαις
2869 658 3066 718 πάσαις
3107 659 3359 726 Γραφικὴ,
3391 655 3650 725 ἱστορίαις
3694 673 3752 706 τε
3795 659 3879 710 καὶ

2339 749 2708 816 προφητείαις,
2739 750 2831 802 καὶ
2873 749 3005 816 πρὸς
3050 748 3180 800 ἄλλα
3227 750 3345 801 τινὰ
3382 748 3488 800 τῶν
3531 748 3604 818 μὴ
3649 749 3786 802 πάνυ
3819 754 3877 821 τῇ

2349 837 2676 909 Ἐκκκλησίᾳ
2701 841 2979 910 χρησίμων
3007 841 3035 892 6
3059 840 3257 902 σκοπὸς
3289 840 3491 910 βλέπει.
3518 840 3583 893 Τί
3611 839 3719 912 γὰρ
3747 841 3880 910 μέλει

2337 932 2402 1000 τῇ
2444 930 2733 1002 Ἐκκλησία
2775 930 2871 994 τὰς
2909 931 3012 984 τῶν
3048 930 3294 1000 πολέμων
3337 929 3615 1002 συμφορὰς
3645 930 3711 982 δι’
3739 933 3881 1002 ἀκρι-

2340 1019 2485 1082 ϐείας
2528 1021 2734 1090 μαθεῖν.
2790 1021 2818 1090 ἢ
2869 1020 3010 1082 τίνες
3049 1019 3214 1072 ἐθνῶν
3250 1019 3505 1090 ἄρχοντες
3547 1021 3641 1072 καὶ
3688 1019 3880 1072 πόλεων

2339 1111 2620 1178 γεγόνασιν
2656 1112 2909 1174 οἰκισταὶ,
2939 1111 3031 1164 καὶ
3069 1110 3210 1174 τίνες
3245 1111 3402 1163 τίνων
3428 1111 3660 1171 ἄποικοι,
3685 1109 3718 1180 ἢ
3747 1111 3881 1164 ποῖαι

2340 1201 2604 1272 βασιλεῖαι
2650 1202 2786 1255 κατὰ
2830 1201 2920 1255 τὸν
2970 1201 3161 1272 ἐφεξῆς
3211 1202 3400 1272 χρόνον
3443 1201 3879 1272 διαφανήσονται,

2340 1290 2430 1342 καὶ
2457 1290 2568 1342 ὅσοι
2591 1289 2756 1360 γάμοι
2797 1289 2891 1342 καὶ
2932 1289 3260 1342 παιδοποιῖαι
3291 1288 3354 1342 δι’
3381 1288 3692 1358 ἐπιμελείας
3723 1289 3880 1360 ὲμνη·

2341 1381 2694 1452 μονεύθησαν,
2753 1383 2844 1434 καὶ
2899 1381 3072 1433 πάντα
3119 1381 3186 1434 τά
3229 1379 3470 1442 τοιαῦτα,
3515 1381 3614 1434 ὅσα
3660 1381 3882 1450 ἑκάστης

2337 1473 2450 1526 ἐστὶ
2497 1471 2802 1542 διδαχθῆναι
2840 1471 3077 1542 Γραφῆς,
3131 1473 3180 1525 τί
3221 1472 3287 1525 ἂν
3338 1471 3586 1526 τοσοῦτον
3627 1473 3766 1544 πρὸς
3805 1473 3883 1526 τὸν

2338 1561 2532 1616 σκοπὸν
2561 1565 2658 1632 τῆς
2695 1563 2971 1626 εὐσεϐείας
2999 1568 3063 1635 τῇ
3105 1565 3396 1636 Ἐκκλησία
3437 1565 3880 1632 συναγωνίσαιτο;

2349 1654 2410 1705 Ἦ
2440 1654 2494 1706 δὲ
2531 1651 2622 1706 τοῦ
2655 1653 2855 1722 βιϐλίου
2885 1653 3067 1707 τούτου
3106 1654 3416 1708 διδασκαλία
3451 1655 3584 1726 πρὸς
3609 1655 3776 1725 μόνην
3798 1655 3884 1725 τὴν

2335 1743 2785 1816 ὲκκλησιαστικὴν
2823 1745 3094 1800 πολιτείαν
3124 1746 3324 1816 βλέπει,
3366 1746 3431 1799 δι’
3459 1739 3532 1798 ὧν
3571 1745 3634 1799 ἂν
3673 1745 3768 1797 τὸν
3805 1747 3883 1798 ὲν-

2337 1837 2524 1906 άρετόν
2563 1851 2638 1901 τις
2682 1838 3040 1910 κατορθώσειε
3077 1837 3391 1908 βίον,ταῦτα
3429 1837 3798 1908 ὑφηγουμένη.
3831 1834 3884 1890 Ὀ

682 1922 934 1976 dicuntur
961 1931 1045 1978 est
1075 1937 1307 1991 sc0pus,
1366 1933 1598 1977 mentem
1651 1937 1816 1992 supra
1864 1938 2082 1978 sensum
2133 1925 2240 1978 eri-

2341 1927 2445 1999 γὰρ
2477 1929 2674 1992 σκοπὸς
2712 1929 2820 1982 τῶν
2859 1927 3088 1983 ἐνταῦθα
3131 1928 3434 1998 λεγομένων
3469 1929 3602 1991 ἐστὶ,
3636 1927 3696 1980 τὸ
3729 1927 3885 1998 ὑπερ-

681 2031 840 2086 gere,
881 2021 934 2070 et
968 2022 1025 2068 ut
1057 2015 1302 2084 quiescat
1327 2013 1568 2076 ellicere,
1603 2013 1807 2067 relictis
1837 2014 2091 2071 omnibus
2119 2029 2240 2084 qua:

683 2121 876 2178 magna
907 2113 960 2162 et
992 2107 1248 2177 praeclara
1280 2105 1529 2160 videntur
1577 2107 1631 2159 in
1679 2107 1871 2170 rebus,
1912 2105 1978 2160 ad
2023 2122 2086 2162 ea
2120 2123 2239 2178 quae

681 2215 872 2253 sensus
905 2197 1317 2268 comprehensio
1354 2197 1577 2252 minime
1623 2205 1799 2266 potest
1846 2199 2100 2267 assequi,
2148 2215 2240 2255 as-

683 2307 938 2361 surgere,
994 2298 1046 2345 et
1097 2289 1308 2343 illorum
1357 2291 1528 2342 teneri
1582 2288 1853 2344 desiderio
1887 2307 2007 2360 quae
2043 2306 2239 2348 sensus

683 2397 788 2436 non
837 2383 1071 2451 attingit.
1123 2377 1284 2434 Forte
1333 2387 1514 2434 autem
1563 2388 1616 2433 et
1651 2381 1715 2433 ad
1747 2381 1940 2434 ducem
1983 2377 2240 2437 Ecclesiae

682 2474 924 2526 intuetur
957 2471 1259 2540 inscriptio.
1295 2463 1470 2526 Verus
1517 2472 1660 2524 enim
1705 2471 2096 2537 Ecclesiastes,
2143 2473 2238 2543 qui

682 2565 929 2632 dispersa
968 2561 1021 2614 in
1053 2575 1220 2614 unum
1255 2571 1452 2615 emtum
1485 2561 1722 2630 colligit,
1759 2567 1813 2614 et
1845 2577 1941 2617 eos
1975 2564 2066 2632 qui
2100 2565 2240 2617 mul-

683 2653 914 2708 tifariam
953 2653 1117 2707 variis
1149 2649 1360 2706 seducti
1396 2661 1522 2707 sunt
1549 2651 1830 2707 erroribus
1867 2653 1918 2706 in
1949 2668 2114 2708 unum
2149 2671 2240 2709 co-

683 2743 762 2814 git
798 2751 1153 2802 conventum,
1194 2740 1444 2809 quisnam
1490 2741 1629 2794 alius
1675 2740 1837 2796 fuerit
1881 2758 2042 2811 quam
2079 2759 2240 2800 verus

680 2845 776 2886 rex
805 2827 1185 2894 lsrael,Filius
1215 2828 1338 2892 Dei,
1386 2827 1471 2881 cui
1557 2830 1693 2883 dixit
1735 2829 2034 2887 Nathauael
2062 2851 2073 2886 :
2108 2852 2126 2884 ι
2160 2831 2237 2887 Tu

683 2935 742 2978 es
785 2919 956 2975 Filius
990 2917 1121 2973 Dei:
1171 2928 1227 2972 tu
1282 2933 1341 2974 es
1381 2935 1468 2972 rex
1501 2919 1668 2976 Israel
1701 2921 1742 2952 ³⁷
1769 2923 1792 2975 ?
1822 2941 1842 2973 ι
1877 2923 1932 2976 Si
1967 2939 2097 2992 ergo
2127 2925 2240 2979 haec

684 3018 812 3065 sunt
861 3008 1023 3062 verba
1069 3008 1212 3078 regis
1259 3007 1458 3074 Israel,
1509 3008 1646 3063 idem
1683 3011 1843 3064 etiam
1891 3023 2116 3068 vocatur
2147 3013 2238 3068 Dei

682 3095 870 3162 Filius,
895 3097 1037 3151 sicut
1069 3097 1203 3150 dicit
1232 3095 1581 3167 Evangelium
1613 3115 1626 3151 :
1658 3116 1786 3171 ergo
1835 3101 1973 3157 idem
2025 3119 2241 3176 quoque

2341 2017 2509 2073 θεῖναι
2545 2021 2632 2073 τὸν
2673 2020 2796 2074 νοῦν
2841 2021 2937 2091 τῆς
2988 2020 3305 2091 αἰσθήσεως,
3354 2019 3447 2072 καὶ
3484 2018 3684 2072 παῦσαι
3733 2035 3886 2072 κατα-

2337 2109 2560 2164 λιπόντα
2583 2112 2686 2164 πᾶν
2707 2111 2896 2182 ὃτιπέρ
2917 2112 3030 2164 ἐστι
3064 2111 3202 2182 μέγα
3227 2128 3284 2164 τε
3314 2111 3406 2164 καὶ
3433 2110 3678 2180 λαμπρὸν
3703 2111 3764 2162 ὲν
3788 2111 3888 2173 τοῖς

2339 2199 2455 2255 οὖσι
2487 2203 2836 2271 φαινόμενον·
2889 2201 3023 2273 πρὸς
3074 2201 3140 2256 τὰ
3189 2203 3446 2270 ἀνέφικτα
3491 2204 3556 2272 τῇ
3606 2201 3883 2273 αἱσθητικῇ

2339 2291 2636 2362 καταλήψει
2679 2292 2765 2344 διὰ
2813 2292 2908 2362 τῆς
2940 2292 3114 2361 ψυχῆς
3145 2291 3471 2361 ὑπερκῦψαι,
3505 2291 3774 2344 κάκείνων
3801 2292 3888 2361 τὴν

2339 2382 2626 2451 ἐπιθυμίαν
2677 2381 2878 2443 λαϐεῖν,
2925 2373 2997 2433 ὧν
3050 2381 3146 2432 οὐκ
3198 2382 3490 2448 ἐφικνεῖται
3535 2383 3567 2451 ἡ
3623 2380 3884 2450 αἴσθησις.

2338 2475 2488 2544 Τάχα
2517 2475 2572 2526 δὲ
2606 2475 2696 2526 καί
2722 2475 2854 2543 πρὸς
2884 2473 2974 2526 τὸν
3005 2473 3353 2544 καθηγεμόνα
3379 2475 3477 2543 τῆς
3514 2473 3889 2544 Ἐκκλησίαςὴ

2338 2564 2614 2635 ἐπιγραφὴ
2643 2564 2844 2634 βλέπει.
2887 2565 2942 2617 ὐ
2967 2565 3073 2636 γὰρ
3113 2565 3360 2635 ἀληθινὸς
3393 2565 3838 2636 Ἐκκλησιαστὴς,
3864 2567 3892 2618 6

2337 2657 2404 2709 τὰ
2445 2657 2844 2729 ἐσκορπισμένα
2889 2657 3206 2726 συναγαγὼν
3253 2660 3330 2721 είς
3371 2655 3427 2710 ἓν
3468 2657 3765 2730 πλήρωμα.
3807 2659 3891 2712 καὶ

2338 2752 2462 2812 τοὺς
2521 2749 2757 2820 πολλαχῆ
2808 2751 2944 2802 κατὰ
2996 2749 3091 2812 τάς
3137 2748 3380 2813 ποικίλας
3421 2751 3632 2814 ἀπάτας
3675 2749 3892 2803 πεπλα-

2340 2843 2601 2914 νημένους
2655 2843 2734 2905 είς
2777 2841 2872 2895 ἕνα
2927 2841 3176 2910 σύλλογον
3229 2841 3636 2912 ἐκκλησιάζων,
3687 2843 3778 2906 τίς
3833 2839 3894 2895 ἃν

2339 2933 2491 2997 ἄλλος
2524 2934 2626 3004 εἴη.
2673 2934 2718 2986 εί
2767 2933 2839 3004 μὴ
2877 2935 2906 2986 6
2951 2933 3199 3004 ἀληθινὸς
3241 2933 3489 3002 βασιλεὺς
3525 2933 3616 2986 τοῦ
3659 2933 3889 3006 Ἰσραὴλ,

2341 3028 2366 3079 6
2397 3019 2518 3089 Υἱὸς
2565 3025 2657 3078 τοῦ
2707 3025 2862 3088 Θεοῦ,
2912 3021 3046 3096 πρὸς
3100 3027 3159 3078 ὃν
3209 3021 3356 3078 εἶπεν
3403 3025 3431 3079 6
3471 3026 3786 3098 Ναθαναὴλ,
3818 3009 3894 3081 ὅτι

2344 3137 2362 3169 ι
2405 3117 2475 3170 Σὺ
2525 3110 2575 3170 εἴ
2621 3119 2648 3171 6
2701 3115 2828 3180 Υἱὸς
2867 3117 2956 3170 τοῦ
3019 3116 3184 3170 Θεοῦ*
3225 3121 3308 3172 σὺ.
3343 3113 3396 3170 εἴ
3446 3120 3475 3170 6
3518 3117 3772 3188 βασιλεὺς
3808 3119 3894 3172 τοῦ

679 3199 906 3243 vocatur
937 3187 1316 3242 Ecclesiastes.
1365 3189 1620 3246 Fortasse
1674 3201 1851 3246 autem
1896 3211 2002 3248 non
2053 3197 2151 3252 abs
2183 3214 2240 3253 re

2356 3209 2600 3278 Ἰσραήλ;
2637 3227 2656 3259 ι
2689 3209 2752 3262 Ei
2797 3203 2888 3262 οὖν
2927 3207 2994 3262 τά
3033 3210 3251 3280 ῥήματα
3291 3209 3459 3293 ταῦτα
3507 3187 3600 3263 τοῦ
3637 3211 3894 3279 βασιλέως

682 3281 749 3334 ad
787 3281 931 3334 hunc
963 3291 1186 3335 sensum
1234 3281 1603 3352 inscriptionis
1641 3283 1928 3340 referimus
1967 3288 2241 3359 signiﬁca-

684 3373 880 3426 tionem
903 3413 917 3435 ,
948 3382 1006 3426 ut
1045 3385 1142 3440 per
1179 3371 1232 3425 id
1272 3373 1581 3439 discamus,
1608 3375 1752 3444 quod
1782 3377 1849 3431 ad
1875 3394 1996 3432 eum
2022 3381 2115 3450 qui
2142 3381 2240 3437 Ec-

682 3461 904 3515 clesiam
933 3459 1050 3513 ﬁxit
1079 3475 1178 3528 per
1207 3459 1554 3532 Evangelium
1577 3505 1591 3524 ,
1625 3465 1814 3519 borum
1847 3469 2130 3523 verborum
2162 3473 2244 3528 vis

682 3551 967 3606 referatur.
998 3569 1017 3602 ι
1041 3549 1216 3604 Verba
1247 3571 1267 3603 ι
1293 3555 1466 3617 enim,
1498 3555 1704 3623 inquit,
1735 3577 1753 3607 ι
1781 3555 2121 3614 Ecclesiaste
2150 3563 2242 3616 lilii

685 3639 868 3694 David.
903 3661 922 3692 ι
947 3640 1024 3694 Ita
1051 3639 1212 3694 etiam
1251 3639 1529 3698 Mattheus
1563 3643 1616 3698 in
1651 3645 1916 3715 principio
1961 3651 2236 3723 Evangelii

682 3731 860 3800 ipsum
890 3730 1134 3784 nominat
1163 3730 1330 3785 ﬁlium
1375 3733 1543 3788 David
1571 3774 1586 3799 ,
1618 3735 1809 3794 dicens
1851 3737 2163 3798 Dominum.

2341 3301 2456 3353 ἐστὶ
2499 3299 2590 3353 τοῦ
2633 3300 2864 3372 Ἰσραὴλ,
2907 3303 2934 3354 6
2978 3301 3033 3353 δὲ
3085 3301 3244 3364 αὐτὸς
3287 3289 3439 3364 οὗτος
3483 3303 3574 3354 καὶ
3619 3301 3760 3354 Θεοῦ
3782 3297 3896 3364 Υἱός

2339 3392 2476 3450 ἐστι.
2505 3389 2684 3453 καθὼς
2723 3389 2868 3460 λέγει
2915 3391 2972 3444 τὸ
3015 3389 3372 3460 Εὐαγγέλιον’
3407 3391 3511 3462 ἄρα
3549 3392 3641 3443 καὶ
3673 3394 3700 3444 6
3745 3391 3896 3454 αὐτὸς

2352 3481 2774 3553 Ἐκκλησιαστὴς
2828 3481 3166 3553 ὀνομάζεται.
3220 3483 3369 3553 Τάχα
3414 3481 3470 3536 δὲ
3513 3483 3608 3536 οὐκ
3654 3483 3766 3548 ἔξω
3809 3483 3896 3536 τοῦ

2342 3561 2546 3635 εἰκότος
2579 3573 2658 3636 εἰς
2689 3571 2890 3643 ταύτην
2927 3573 3023 3644 τὴν
3065 3573 3297 3626 διάνοιαν
3323 3574 3421 3643 τὴν
3459 3574 3557 3644 τῆς
3590 3571 3898 3646 ἐπιγραφῆς

2341 3659 2678 3729 άναφέρομεν
2717 3661 3010 3730 σημασίαν,
3055 3661 3140 3714 ἵνα
3183 3661 3270 3714 διὰ
3307 3663 3460 3715 τοῦτο
3507 3665 3790 3733 μάθωμεν,
3823 3665 3898 3717 ὅτι

2341 3752 2420 3812 εἰς
2462 3749 2620 3804 αὑτὸν
2667 3752 2755 3805 τὸν
2799 3749 2884 3806 διὰ
2928 3753 3020 3807 τοῦ
3075 3753 3402 3823 Εὐαγγελίου
3448 3756 3544 3824 τὴν
3577 3757 3898 3826 Ἐκκλησίαν

681 3821 1008 3917 πηξάμξνονξ
1126 3821 1234 3917 τῶδ’
1272 3823 1528 3917 ῥημάτων
1569 3827 1771 3882 τούτων
1801 3831 2124 3904 ἀναφέρεται
2151 3836 2422 3909 δύναμιςοι
2444 3839 2682 3913 Ῥήματα
2695 3844 2844 3915 ιγὰρ,
2873 3845 3056 3915 φησιν,
3075 3861 3090 3892 ι
3112 3821 3526 3917 Ἐκήκλησιαστοθ
3553 3821 3898 3900 υἱοῦΔαθίδ.»

682 3911 1106 4010 Οὕτω-δὲαύτὸν
1133 3915 1222 4010 καὶ
1250 3915 1519 3976 Ματθαῖος
1546 3918 1604 3972 ἐν
1633 3919 1822 3991 ἀρχαῖς
1859 3925 1952 3978 τοῦ
1989 3924 2314 3996 Εὑαγγελίου
2347 3911 2864 4001 κατονομάζει,ίυίὸν
2886 3911 3075 3998 -Δαόῖδ,
3107 3936 3275 4004 λέγων
3296 3911 3393 3991 ητὸν
3433 3938 3652 4010 Κύριον.

756 4026 776 4060 ι
807 4007 1029 4063 Yanitas
1070 4009 1403 4072 vanitatum,
1434 4031 1452 4064 ι
1481 4011 1614 4068 dicit
1665 4014 2045 4085 Ecclesiastes,
2073 4039 2091 4072 ι
2117 4038 2238 4077 om~

679 4103 772 4157 nia
801 4102 1033 4156 vanitas.
1068 4121 1086 4154 ι
1111 4100 1320 4156 Vanum
1355 4103 1678 4177 intelligitur
1724 4110 1870 4178 quod
1909 4127 2016 4167 non
2065 4126 2241 4184 potest

681 4195 1009 4258 consistere,
1038 4193 1179 4264 quod
1213 4195 1266 4248 in
1297 4196 1410 4250 sola
1443 4199 1728 4254 verborum
1761 4203 2061 4270 prolatione
2083 4223 2238 4262 suam

683 4283 845 4338 habet
863 4283 1154 4337 essentiam
1171 4301 1196 4348 _;
1229 4297 1314 4336 res
1342 4292 1521 4339 autem
1549 4302 1669 4356 qua:
1696 4292 1995 4358 consistat,
2028 4311 2134 4349 non
2165 4298 2241 4351 si-

677 4373 796 4426 mul
847 4379 1068 4441 apparet
1114 4387 1238 4428 cum
1289 4375 1524 4430 nominis
1573 4378 2001 4448 signiﬁcatione,
2036 4385 2128 4438 sed
2158 4392 2240 4440 est

683 4463 895 4519 otiosus
923 4463 1139 4532 quidam
1167 4471 1220 4515 et
1253 4464 1429 4520 inanis
1459 4482 1627 4524 sonus
1647 4509 1660 4530 ,
1691 4471 1782 4539 qui
1811 4474 1913 4526 sub
1944 4477 2124 4542 Specie
2149 4479 2242 4533 ali-

683 4554 843 4625 cujus
874 4551 1130 4608 dictionis
1177 4562 1380 4608 temere
1424 4557 1694 4624 profertur
1733 4577 1830 4630 per
1872 4565 2134 4634 syllabas,
2183 4569 2238 4624 in

687 4661 846 4701 aures
896 4645 1179 4698 incurrens
1227 4644 1436 4714 absque
1491 4649 1924 4718 signiﬁcatione,
1961 4655 2103 4710 sicut
2145 4674 2240 4728 per

685 4736 869 4792 ‘udum
901 4736 1146 4789 nonnulli
1179 4737 1384 4805 lingunt
1415 4740 1636 4794 nomina
1661 4781 1674 4806 ,
1707 4759 1827 4812 quae
1856 4745 1991 4799 nihil
2023 4748 2237 4816 signiti-

683 4836 826 4883 cant.
860 4827 971 4880 Hoc
1000 4835 1082 4881 est
1103 4841 1231 4896 ergo
1267 4843 1431 4880 unum
1461 4843 1632 4899 genus
1657 4833 1934 4890 vanitatis.
1959 4833 2122 4891 Aliud
2147 4852 2239 4892 au-

681 4929 790 4976 tem
815 4919 1016 4974 dicitur
1059 4919 1300 4982 vanitas,
1343 4935 1532 4975 eorum
1575 4939 1804 4994 quorum
1851 4927 2032 4984 nullus
2069 4945 2237 4995 usus,

683 5027 804 5081 qua:
841 5025 1038 5080 magno
1065 5011 1247 5064 studio
1275 5021 1328 5066 et
1351 5019 1709 5072 contentione
1753 5020 1894 5074 facta
1937 5033 2064 5076 sunt
2091 5024 2240 5076 nullo

683 5118 849 5173 scopo
894 5102 1212 5173 proposito:
1255 5105 1436 5173 qualia
1478 5118 1605 5163 sunt
1655 5127 1946 5181 puerorum
1988 5117 2042 5170 in
2074 5132 2240 5170 arena

681 5197 941 5260 auliﬁcia,
977 5211 1097 5264 quae
1125 5198 1182 5248 lit
1209 5195 1470 5255 adversus
1505 5204 1689 5259 stellas
1729 5206 2021 5274 jaculatio,
2055 5220 2241 5263 vento-
2299 5201 2302 5204 ’

681 5304 800 5342 rum
835 5287 1047 5342 venatio
1067 5325 1082 5349 ,
1106 5289 1346 5344 cursoris
1376 5291 1635 5348 adversus
1666 5311 1818 5350 suam
1848 5301 2091 5352 umbram
2116 5317 2240 5356 con-

681 5378 935 5438 certatio,
991 5377 1208 5445 quando
1243 5383 1521 5435 contendit
1566 5385 1833 5454 quispiam
1883 5390 2089 5445 umbra:
2126 5407 2238 5446 sua:

665 5471 939 5524 'verticem
974 5469 1267 5524 ascendere
1287 5509 1301 5533 ,
1327 5479 1382 5525 et
1405 5474 1450 5527 si
1485 5475 1615 5544 quid
1639 5475 1901 5544 ejusmodi
1933 5480 2235 5538 invenimus

681 5563 738 5616 in
781 5562 851 5616 iis
891 5577 1012 5631 qua:
1043 5561 1182 5614 facta
1213 5572 1342 5616 sunt
1376 5571 1609 5630 temere,
1646 5583 1765 5637 quae
1799 5572 2016 5640 quidem
2052 5576 2234 5629 omnia

680 5653 935 5708 Vanitatis
965 5653 1130 5706 verbo
1160 5649 1540 5720 subjiciuntur.
1566 5657 1659 5716 Est
1685 5671 1861 5718 autem
1891 5664 1990 5721 hoc
2017 5682 2234 5738 quoaue

750 5826 798 5863 "
821 5829 976 5886 Joan.
1013 5849 1048 5899 ι,
1084 5837 1172 5892 49.

2417 4049 2432 4078 ι
2459 4027 2764 4104 Ματαιότης
2789 4033 3179 4100 ματαιοτήτων,
3205 4051 3220 4081 ι
3239 4025 3388 4084 εἶπεν
3403 4035 3430 4084 6
3453 4029 3898 4104 Ἐκκλησιαστὴς,

2348 4138 2364 4168 ι
2389 4119 2454 4172 τὰ
2477 4118 2648 4172 πάντα
2675 4119 2984 4190 ματαιότης.
2999 4139 3016 4171 ›
3035 4120 3272 4174 Μάταιον
3291 4121 3484 4173 νοεῖται
3510 4121 3570 4174 τὸ
3591 4122 3896 4174 ἀνυπόστα-

2340 4228 2450 4274 τον,
2487 4209 2515 4262 ὂ
2563 4212 2619 4264 ἐν
2667 4210 2800 4282 μόνῃ
2844 4213 2909 4282 τῇ
2951 4211 3041 4264 τοῦ
3090 4213 3330 4282 ῥήματος
3378 4215 3622 4284 προφορᾷ
3661 4215 3724 4266 τὸ
3765 4211 3900 4268 εἶναι

2342 4299 2449 4372 ἔχει
2464 4321 2475 4334 ·
2505 4301 2732 4373 πρᾶγμα
2753 4303 2809 4355 δὲ
2829 4302 3056 4370 ὑφεστδς
3076 4305 3144 4374 τῇ
3173 4303 3261 4356 τοῦ
3293 4301 3548 4374 ὀνόματος
3568 4307 3815 4378 σημασίᾳ
3840 4307 3900 4359 οὐ

2343 4411 2462 4446 συνε
2472 4395 2774 4464 μφαίνεται,
2793 4394 2903 4448 ἀλλ’
2926 4395 3038 4448 ἔστι
3061 4413 3140 4458 τις
3157 4394 3324 4464 ψόφος
3342 4396 3504 4466 ἀργὸς
3523 4396 3614 4448 καὶ
3633 4397 3899 4460 διάκενος,

2341 4487 2398 4537 ὲν
2419 4487 2652 4556 σχήματι
2679 4485 2870 4551 λέξεώς
2898 4503 3062 4550 τινος,
3085 4485 3171 4540 διὰ
3197 4485 3469 4540 συλλαϐῶν
3501 4489 3902 4559 προφερόμενος

2340 4575 2482 4646 εἰκῇ,
2525 4578 2874 4648 προσπίπτων
2905 4579 2970 4648 τῇ
3013 4578 3146 4648 ἀκοῇ
3193 4578 3357 4650 χωρὶς
3399 4579 3689 4649 σημασίας,
3717 4577 3808 4633 οἷα
3837 4579 3902 4651 δὴ

2341 4667 2618 4732 παίζοντές
2641 4687 2782 4731 τινες
2809 4665 3294 4739 ὀνοματοποιοῦσιν,
3317 4663 3389 4723 ὧν
3421 4671 3478 4724 τὺ
3505 4672 3902 4742 σημαινόμενόν

2339 4759 2482 4811 ἐστιν
2520 4759 2687 4812 οὐδέν.
2725 4760 2818 4811 Ἓν
2859 4757 2954 4830 μὲν
3001 4759 3157 4812 τοῦτο
3197 4755 3331 4824 εἶδος
3377 4761 3474 4830 τῆς
3522 4763 3898 4834 ματαιότητος.

2341 4849 2504 4920 Ἀλλη
2537 4849 2593 4901 δὲ
2625 4850 2916 4919 ματαιότης
2947 4848 3158 4920 λέγεται
3191 4852 3296 4904 τῶν
3337 4853 3476 4906 κατά
3510 4870 3628 4906 τινα
3665 4855 3902 4924 σπουδὴν

2343 4938 2477 5008 πρὸς
2521 4939 2705 4992 οὐδένα
2761 4941 2956 4992 σκοπὸν
2995 4939 3288 5010 γινομένων
3320 4944 3352 5012 η
3388 4939 3672 5014 άχρηστία,
3721 4943 3800 5006 ὼς
3835 4943 3902 4996 τά

2341 5029 2449 5082 τῶν
2482 5032 2536 5082 ὲν
2565 5029 2772 5100 ψάμμῳ
2803 5032 3026 5085 παιδίων
3075 5033 3492 5103 οἰκοδομήματα,
3533 5036 3624 5086 καὶ
3673 5037 3704 5105 ή
3763 5035 3904 5088 κατὰ

2343 5120 2446 5171 τῶν
2477 5121 2684 5191 ἄστρων
2714 5121 2910 5186 τοξεία,
2947 5125 3039 5176 καὶ
3077 5127 3110 5194 ἡ
3139 5125 3244 5177 τῶν
3289 5125 3499 5196 ἀνέμων
3549 5125 3708 5196 θήρα,
3743 5126 3840 5178 καὶ
3869 5127 3902 5194 ἡ

2345 5211 2475 5281 πρὸς
2518 5211 2614 5281 τὴν
2642 5211 2773 5266 ἰδίαν
2805 5215 2960 5266 σκιὰν
2988 5213 3081 5267 τοῦ
3114 5215 3350 5286 δρομέως
3379 5215 3602 5286 ἅμιλλα,
3625 5217 3712 5268 ὅτε
3747 5217 3904 5285 φιλο-

2343 5303 2493 5371 νεικῇ
2532 5317 2613 5363 τις
2645 5298 2736 5354 τοῦ
2768 5303 3095 5373 σκιάσματος
3132 5305 3229 5375 τῆς
3261 5305 3497 5377 κορυφῆς
3513 5305 3787 5376 ἐπιϐῆναι,
3810 5307 3904 5359 καὶ

2345 5389 2470 5442 εἴτι
2508 5390 2742 5444 τοιοῦτον
2789 5393 2972 5462 ἕτερον
3017 5397 3074 5446 ὲν
3113 5397 3222 5458 τοῖς
3260 5397 3378 5466 εἱκῇ
3415 5395 3718 5464 γενομένοις
3759 5396 3918 5466 εὑρί-¹

2344 5497 2561 5549 σκομεν,
2599 5479 2738 5551 άπερ
2769 5482 2940 5535 πάντα
2989 5483 3062 5554 τῷ
3106 5485 3201 5553 τῆς
3242 5485 3590 5553 ματαιότητος
3631 5485 3906 5551 ὑπάγεται

2345 5575 2564 5644 ῥήματι.
2594 5573 2746 5625 Ἔστι
2797 5573 2851 5626 δὲ
2909 5575 3160 5642 πολλάκις
3204 5577 3418 5630 κάκεῖνο
3467 5575 3686 5646 μάταιον
3727 5577 3789 5627 ἐν
3837 5578 3904 5644 τῇ

2345 5663 2598 5735 συνηθείᾳ
2659 5661 2980 5736 λεγόμενον,
3034 5670 3159 5721 ὅταν
3211 5669 3346 5738 πρὸς
3404 5686 3520 5722 τινα
3571 5669 3772 5721 σκοπόν
3805 5681 3908 5738 ,τις
