  <div class='ocr_page' id='page_1' title='image "/cluster/home/n/w/nwhite01/storage/ocr_20150623/44/hvd.32044012542270/320.png"; bbox 0 0 3986 6466; ppageno 0'>
   <div class='ocr_carea' id='block_1_1' title="bbox 136 488 217 553">
    <p class='ocr_par' dir='ltr' id='par_1_1' title="bbox 136 488 217 553">
     <span class='ocr_line' id='line_1_1' title="bbox 136 488 217 553; baseline -0.025 0"><span class='ocrx_word' id='word_1_1' title='bbox 136 488 217 553; x_wconf 64' lang='grc' dir='ltr'><strong>ϋιέι</strong></span> 
     </span>
    </p>
   </div>
   <div class='ocr_carea' id='block_1_2' title="bbox 1191 488 2232 557">
    <p class='ocr_par' dir='ltr' id='par_1_2' title="bbox 1191 488 2232 557">
     <span class='ocr_line' id='line_1_2' title="bbox 1191 488 2232 557; baseline 0.001 -4"><span class='ocrx_word' id='word_1_2' title='bbox 1191 492 1256 554; x_wconf 75' lang='lat' dir='ltr'><strong>IN</strong></span> <span class='ocrx_word' id='word_1_3' title='bbox 1306 488 1830 554; x_wconf 72' lang='lat' dir='ltr'><strong>ECCLESIASTEN.</strong></span> <span class='ocrx_word' id='word_1_4' title='bbox 1875 494 2148 557; x_wconf 79' lang='lat' dir='ltr'><strong>llOMlLlA</strong></span> <span class='ocrx_word' id='word_1_5' title='bbox 2193 500 2232 555; x_wconf 89' lang='grc'><strong>1.</strong></span> 
     </span>
    </p>
   </div>
   <div class='ocr_carea' id='block_1_3' title="bbox 3230 498 3336 560">
    <p class='ocr_par' dir='ltr' id='par_1_3' title="bbox 3230 498 3336 560">
     <span class='ocr_line' id='line_1_3' title="bbox 3230 498 3336 560; baseline 0 -1"><span class='ocrx_word' id='word_1_6' title='bbox 3230 498 3336 560; x_wconf 72' lang='lat'><strong>6°22</strong></span> 
     </span>
    </p>
   </div>
   <div class='ocr_carea' id='block_1_4' title="bbox 134 608 1677 686">
    <p class='ocr_par' dir='ltr' id='par_1_4' title="bbox 134 608 1673 686">
     <span class='ocr_line' id='line_1_4' title="bbox 134 608 1673 686; baseline -0.003 -17"><span class='ocrx_word' id='word_1_7' title='bbox 134 614 278 686; x_wconf 80' lang='grc' dir='ltr'>ὀρῶν,</span> <span class='ocrx_word' id='word_1_8' title='bbox 328 608 419 664; x_wconf 77' lang='grc' dir='ltr'>καὶ</span> <span class='ocrx_word' id='word_1_9' title='bbox 470 611 544 675; x_wconf 83' lang='grc' dir='ltr'>ὥς</span> <span class='ocrx_word' id='word_1_10' title='bbox 588 631 637 665; x_wconf 85' lang='grc' dir='ltr'><strong>τι</strong></span> <span class='ocrx_word' id='word_1_11' title='bbox 686 614 953 676; x_wconf 69' lang='grc' dir='ltr'>λυσιτελὲς</span> <span class='ocrx_word' id='word_1_12' title='bbox 989 614 1092 665; x_wconf 81' lang='grc' dir='ltr'><strong>τῶν</strong></span> <span class='ocrx_word' id='word_1_13' title='bbox 1131 614 1502 684; x_wconf 81' lang='grc' dir='ltr'>προκειμένων</span> <span class='ocrx_word' id='word_1_14' title='bbox 1537 612 1673 664; x_wconf 84' lang='grc' dir='ltr'><strong>κατὰ</strong></span> 
     </span>
    </p>
   </div>
   <div class='ocr_carea' id='block_1_5' title="bbox 1778 608 3335 686">
    <p class='ocr_par' dir='ltr' id='par_1_5' title="bbox 1779 612 3335 685">
     <span class='ocr_line' id='line_1_5' title="bbox 1779 612 3335 685; baseline 0.003 -19"><span class='ocrx_word' id='word_1_15' title='bbox 1779 629 1919 681; x_wconf 81' lang='lat' dir='ltr'><strong>saepe</strong></span> <span class='ocrx_word' id='word_1_16' title='bbox 1953 614 2184 682; x_wconf 90' lang='lat' dir='ltr'><strong>positum</strong></span> <span class='ocrx_word' id='word_1_17' title='bbox 2228 615 2280 667; x_wconf 90' lang='lat' dir='ltr'><strong>in</strong></span> <span class='ocrx_word' id='word_1_18' title='bbox 2318 612 2738 674; x_wconf 82' lang='lat' dir='ltr'><strong>consuetudine.</strong></span> <span class='ocrx_word' id='word_1_19' title='bbox 2773 619 2829 666; x_wconf 91' lang='lat' dir='ltr'><strong>ut</strong></span> <span class='ocrx_word' id='word_1_20' title='bbox 2861 625 3058 668; x_wconf 87' lang='lat' dir='ltr'><strong>vanum</strong></span> <span class='ocrx_word' id='word_1_21' title='bbox 3103 613 3335 685; x_wconf 75' lang='lat' dir='ltr'><strong>dicatur,</strong></span> 
     </span>
    </p>
   </div>
   <div class='ocr_carea' id='block_1_6' title="bbox 138 702 1671 776">
    <p class='ocr_par' dir='ltr' id='par_1_6' title="bbox 138 702 1671 776">
     <span class='ocr_line' id='line_1_6' title="bbox 138 702 1671 776; baseline -0.003 -17"><span class='ocrx_word' id='word_1_22' title='bbox 138 706 349 774; x_wconf 74' lang='grc' dir='ltr'>σπουδὴν</span> <span class='ocrx_word' id='word_1_23' title='bbox 381 705 598 774; x_wconf 82' lang='grc' dir='ltr'>μετιὼν,</span> <span class='ocrx_word' id='word_1_24' title='bbox 629 707 829 758; x_wconf 68' lang='grc' dir='ltr'>ἕκαστα</span> <span class='ocrx_word' id='word_1_25' title='bbox 859 706 1089 776; x_wconf 78' lang='grc' dir='ltr'>πράττῃ,</span> <span class='ocrx_word' id='word_1_26' title='bbox 1122 702 1239 757; x_wconf 77' lang='grc' dir='ltr'>εἶτα</span> <span class='ocrx_word' id='word_1_27' title='bbox 1262 722 1404 767; x_wconf 84' lang='grc' dir='ltr'>τινος</span> <span class='ocrx_word' id='word_1_28' title='bbox 1435 704 1671 756; x_wconf 75' lang='grc' dir='ltr'>ἐναντίου</span> 
     </span>
    </p>
   </div>
   <div class='ocr_carea' id='block_1_7' title="bbox 134 794 1673 867">
    <p class='ocr_par' dir='ltr' id='par_1_7' title="bbox 134 794 1673 867">
     <span class='ocr_line' id='line_1_7' title="bbox 134 794 1673 867; baseline -0.003 -19"><span class='ocrx_word' id='word_1_29' title='bbox 134 796 498 865; x_wconf 86' lang='grc' dir='ltr'>γεγενημένου,</span> <span class='ocrx_word' id='word_1_30' title='bbox 528 797 604 857; x_wconf 84' lang='grc' dir='ltr'><strong>είς</strong></span> <span class='ocrx_word' id='word_1_31' title='bbox 627 796 875 863; x_wconf 82' lang='grc' dir='ltr'>ἀνόνητον</span> <span class='ocrx_word' id='word_1_32' title='bbox 904 795 1159 867; x_wconf 83' lang='grc' dir='ltr'><strong>περιέλθῃ</strong></span> <span class='ocrx_word' id='word_1_33' title='bbox 1188 797 1215 847; x_wconf 88' lang='grc' dir='ltr'>ὁ</span> <span class='ocrx_word' id='word_1_34' title='bbox 1244 796 1420 857; x_wconf 84' lang='grc' dir='ltr'>πόνος,</span> <span class='ocrx_word' id='word_1_35' title='bbox 1444 795 1534 847; x_wconf 76' lang='grc' dir='ltr'><strong>καὶ</strong></span> <span class='ocrx_word' id='word_1_36' title='bbox 1556 794 1673 845; x_wconf 85' lang='grc' dir='ltr'>τότε</span> 
     </span>
    </p>
   </div>
   <div class='ocr_carea' id='block_1_8' title="bbox 133 883 1674 956">
    <p class='ocr_par' dir='ltr' id='par_1_8' title="bbox 133 883 1674 956">
     <span class='ocr_line' id='line_1_8' title="bbox 133 883 1674 956; baseline 0 -18"><span class='ocrx_word' id='word_1_37' title='bbox 133 888 214 939; x_wconf 76' lang='grc' dir='ltr'><strong>καὶ</strong></span> <span class='ocrx_word' id='word_1_38' title='bbox 247 888 333 937; x_wconf 77' lang='grc' dir='ltr'>ἐπὶ</span> <span class='ocrx_word' id='word_1_39' title='bbox 367 887 551 956; x_wconf 71' lang='grc' dir='ltr'>μηδενὶ</span> <span class='ocrx_word' id='word_1_40' title='bbox 589 886 965 956; x_wconf 75' lang='grc' dir='ltr'><strong>κατορθώματι</strong></span> <span class='ocrx_word' id='word_1_41' title='bbox 994 886 1090 956; x_wconf 84' lang='grc' dir='ltr'>τὴν</span> <span class='ocrx_word' id='word_1_42' title='bbox 1126 886 1354 955; x_wconf 78' lang='grc' dir='ltr'>σπουδὴν</span> <span class='ocrx_word' id='word_1_43' title='bbox 1388 883 1674 954; x_wconf 82' lang='grc' dir='ltr'>προχωρῆ-</span> 
     </span>
    </p>
   </div>
   <div class='ocr_carea' id='block_1_9' title="bbox 133 974 1673 1047">
    <p class='ocr_par' dir='ltr' id='par_1_9' title="bbox 133 974 1673 1047">
     <span class='ocr_line' id='line_1_9' title="bbox 133 974 1673 1047; baseline -0.003 -17"><span class='ocrx_word' id='word_1_44' title='bbox 133 994 210 1030; x_wconf 85' lang='grc' dir='ltr'><strong>σαι</strong></span> <span class='ocrx_word' id='word_1_45' title='bbox 257 976 330 1045; x_wconf 83' lang='grc' dir='ltr'>τῷ</span> <span class='ocrx_word' id='word_1_46' title='bbox 386 979 584 1047; x_wconf 76' lang='grc' dir='ltr'>ῥήματι</span> <span class='ocrx_word' id='word_1_47' title='bbox 634 976 725 1029; x_wconf 77' lang='grc' dir='ltr'>τοῦ</span> <span class='ocrx_word' id='word_1_48' title='bbox 777 977 1003 1046; x_wconf 77' lang='grc' dir='ltr'>ματαίου</span> <span class='ocrx_word' id='word_1_49' title='bbox 1052 976 1476 1046; x_wconf 85' lang='grc' dir='ltr'>διασημαίνεται.</span> <span class='ocrx_word' id='word_1_50' title='bbox 1516 974 1673 1041; x_wconf 83' lang='grc' dir='ltr'>Λέγει</span> 
     </span>
    </p>
   </div>
   <div class='ocr_carea' id='block_1_10' title="bbox 131 1068 1674 1139">
    <p class='ocr_par' dir='ltr' id='par_1_10' title="bbox 131 1068 1674 1139">
     <span class='ocr_line' id='line_1_10' title="bbox 131 1068 1674 1139; baseline -0.001 -17"><span class='ocrx_word' id='word_1_51' title='bbox 131 1072 226 1138; x_wconf 75' lang='grc' dir='ltr'>γὰρ</span> <span class='ocrx_word' id='word_1_52' title='bbox 257 1070 343 1121; x_wconf 72' lang='grc' dir='ltr'><strong>ἐπὶ</strong></span> <span class='ocrx_word' id='word_1_53' title='bbox 386 1069 491 1120; x_wconf 80' lang='grc' dir='ltr'>τῶν</span> <span class='ocrx_word' id='word_1_54' title='bbox 542 1069 793 1121; x_wconf 76' lang='grc' dir='ltr'>τοιούτων</span> <span class='ocrx_word' id='word_1_55' title='bbox 840 1072 873 1139; x_wconf 85' lang='grc' dir='ltr'><strong>ή</strong></span> <span class='ocrx_word' id='word_1_56' title='bbox 922 1068 1176 1139; x_wconf 81' lang='grc' dir='ltr'>συνήθεια</span> <span class='ocrx_word' id='word_1_57' title='bbox 1222 1068 1302 1136; x_wconf 81' lang='grc' dir='ltr'>τὸ,</span> <span class='ocrx_word' id='word_1_58' title='bbox 1338 1069 1525 1135; x_wconf 88' lang='grc' dir='ltr'>Μάτην</span> <span class='ocrx_word' id='word_1_59' title='bbox 1555 1068 1674 1120; x_wconf 78' lang='grc' dir='ltr'>ἐκο-</span> 
     </span>
    </p>
   </div>
   <div class='ocr_carea' id='block_1_11' title="bbox 129 1160 1674 1230">
    <p class='ocr_par' dir='ltr' id='par_1_11' title="bbox 129 1160 1674 1230">
     <span class='ocr_line' id='line_1_11' title="bbox 129 1160 1674 1230; baseline 0.001 -19"><span class='ocrx_word' id='word_1_60' title='bbox 129 1161 305 1222; x_wconf 76' lang='grc' dir='ltr'>πίασα,</span> <span class='ocrx_word' id='word_1_61' title='bbox 354 1161 445 1212; x_wconf 77' lang='grc' dir='ltr'><strong>καὶ</strong></span> <span class='ocrx_word' id='word_1_62' title='bbox 498 1160 671 1230; x_wconf 86' lang='grc' dir='ltr'>μάτην</span> <span class='ocrx_word' id='word_1_63' title='bbox 711 1161 1004 1228; x_wconf 79' lang='grc' dir='ltr'>ὲπὴλπισα,</span> <span class='ocrx_word' id='word_1_64' title='bbox 1050 1161 1142 1213; x_wconf 79' lang='grc' dir='ltr'>καὶ</span> <span class='ocrx_word' id='word_1_65' title='bbox 1180 1161 1270 1212; x_wconf 74' lang='grc' dir='ltr'><strong>ἐπὶ</strong></span> <span class='ocrx_word' id='word_1_66' title='bbox 1309 1160 1519 1230; x_wconf 79' lang='grc' dir='ltr'>ματαίῳ</span> <span class='ocrx_word' id='word_1_67' title='bbox 1551 1160 1674 1223; x_wconf 72' lang='grc' dir='ltr'>τοὺς</span> 
     </span>
    </p>
   </div>
   <div class='ocr_carea' id='block_1_12' title="bbox 129 1248 1672 1319">
    <p class='ocr_par' dir='ltr' id='par_1_12' title="bbox 129 1248 1672 1319">
     <span class='ocr_line' id='line_1_12' title="bbox 129 1248 1672 1319; baseline -0.001 -18"><span class='ocrx_word' id='word_1_68' title='bbox 129 1249 341 1311; x_wconf 74' lang='grc' dir='ltr'>πολλοὺς</span> <span class='ocrx_word' id='word_1_69' title='bbox 389 1250 626 1318; x_wconf 80' lang='grc' dir='ltr'>ὑπέστην</span> <span class='ocrx_word' id='word_1_70' title='bbox 676 1250 969 1319; x_wconf 83' lang='grc' dir='ltr'>καμάτους.</span> <span class='ocrx_word' id='word_1_71' title='bbox 1019 1251 1126 1302; x_wconf 76' lang='grc' dir='ltr'>Καὶ</span> <span class='ocrx_word' id='word_1_72' title='bbox 1179 1250 1263 1301; x_wconf 78' lang='grc' dir='ltr'><strong>ἵνα</strong></span> <span class='ocrx_word' id='word_1_73' title='bbox 1323 1248 1397 1319; x_wconf 85' lang='grc' dir='ltr'>μὴ</span> <span class='ocrx_word' id='word_1_74' title='bbox 1441 1250 1508 1300; x_wconf 75' lang='grc' dir='ltr'><strong>τὰ</strong></span> <span class='ocrx_word' id='word_1_75' title='bbox 1552 1248 1672 1300; x_wconf 77' lang='grc' dir='ltr'>καθ’</span> 
     </span>
    </p>
   </div>
   <div class='ocr_carea' id='block_1_13' title="bbox 126 1337 1673 1411">
    <p class='ocr_par' dir='ltr' id='par_1_13' title="bbox 126 1337 1673 1411">
     <span class='ocr_line' id='line_1_13' title="bbox 126 1337 1673 1411; baseline 0.001 -19"><span class='ocrx_word' id='word_1_76' title='bbox 126 1343 338 1393; x_wconf 79' lang='grc' dir='ltr'>ἕκαστον</span> <span class='ocrx_word' id='word_1_77' title='bbox 363 1340 661 1410; x_wconf 75' lang='grc' dir='ltr'>διεξίωμεν,</span> <span class='ocrx_word' id='word_1_78' title='bbox 695 1344 779 1408; x_wconf 71' lang='grc' dir='ltr'><strong>ἐφ’</strong></span> <span class='ocrx_word' id='word_1_79' title='bbox 808 1337 886 1406; x_wconf 74' lang='grc' dir='ltr'>οἷς</span> <span class='ocrx_word' id='word_1_80' title='bbox 913 1342 974 1393; x_wconf 78' lang='grc' dir='ltr'><strong>τὸ</strong></span> <span class='ocrx_word' id='word_1_81' title='bbox 1006 1340 1173 1411; x_wconf 77' lang='grc' dir='ltr'>ὄνομα</span> <span class='ocrx_word' id='word_1_82' title='bbox 1199 1341 1298 1410; x_wconf 75' lang='grc' dir='ltr'><strong>τῆς</strong></span> <span class='ocrx_word' id='word_1_83' title='bbox 1321 1342 1673 1411; x_wconf 82' lang='grc' dir='ltr'>ματαιότητος</span> 
     </span>
    </p>
   </div>
   <div class='ocr_carea' id='block_1_14' title="bbox 126 1432 1673 1503">
    <p class='ocr_par' dir='ltr' id='par_1_14' title="bbox 126 1432 1673 1503">
     <span class='ocr_line' id='line_1_14' title="bbox 126 1432 1673 1503; baseline -0.001 -19"><span class='ocrx_word' id='word_1_84' title='bbox 126 1433 315 1501; x_wconf 81' lang='grc' dir='ltr'>κυρίως</span> <span class='ocrx_word' id='word_1_85' title='bbox 367 1432 599 1499; x_wconf 82' lang='grc' dir='ltr'>λέγεται,</span> <span class='ocrx_word' id='word_1_86' title='bbox 655 1433 711 1485; x_wconf 78' lang='grc' dir='ltr'>ἐν</span> <span class='ocrx_word' id='word_1_87' title='bbox 764 1432 924 1502; x_wconf 85' lang='grc' dir='ltr'>ὀλίγῳ</span> <span class='ocrx_word' id='word_1_88' title='bbox 976 1432 1072 1503; x_wconf 81' lang='grc' dir='ltr'>τὴν</span> <span class='ocrx_word' id='word_1_89' title='bbox 1109 1433 1311 1485; x_wconf 74' lang='grc' dir='ltr'>ἔννοιαν</span> <span class='ocrx_word' id='word_1_90' title='bbox 1355 1433 1451 1501; x_wconf 77' lang='grc' dir='ltr'>τῆς</span> <span class='ocrx_word' id='word_1_91' title='bbox 1495 1432 1673 1501; x_wconf 79' lang='grc' dir='ltr'>φωνῆς</span> 
     </span>
    </p>
   </div>
   <div class='ocr_carea' id='block_1_15' title="bbox 124 1521 1673 1594">
    <p class='ocr_par' dir='ltr' id='par_1_15' title="bbox 124 1521 1673 1594">
     <span class='ocr_line' id='line_1_15' title="bbox 124 1521 1673 1594; baseline -0.001 -18"><span class='ocrx_word' id='word_1_92' title='bbox 124 1523 313 1594; x_wconf 83' lang='grc' dir='ltr'>ταύτης</span> <span class='ocrx_word' id='word_1_93' title='bbox 364 1523 803 1594; x_wconf 70' lang='grc' dir='ltr'>περιληψώμεθα.</span> <span class='ocrx_word' id='word_1_94' title='bbox 865 1524 1174 1593; x_wconf 84' lang='grc' dir='ltr'>Ματαιὸτης</span> <span class='ocrx_word' id='word_1_95' title='bbox 1225 1524 1387 1585; x_wconf 74' lang='grc' dir='ltr'>ἐστὶν,</span> <span class='ocrx_word' id='word_1_96' title='bbox 1443 1522 1474 1593; x_wconf 82' lang='grc' dir='ltr'>ἦ</span> <span class='ocrx_word' id='word_1_97' title='bbox 1526 1521 1673 1592; x_wconf 77' lang='grc' dir='ltr'>ῥῆμα</span> 
     </span>
    </p>
   </div>
   <div class='ocr_carea' id='block_1_16' title="bbox 121 1612 1672 1685">
    <p class='ocr_par' dir='ltr' id='par_1_16' title="bbox 121 1612 1672 1685">
     <span class='ocr_line' id='line_1_16' title="bbox 121 1612 1672 1685; baseline 0 -20"><span class='ocrx_word' id='word_1_98' title='bbox 121 1614 442 1682; x_wconf 79' lang='grc' dir='ltr'>ἀδιανόητον,</span> <span class='ocrx_word' id='word_1_99' title='bbox 470 1615 500 1682; x_wconf 83' lang='grc' dir='ltr'>ἢ</span> <span class='ocrx_word' id='word_1_100' title='bbox 534 1618 762 1684; x_wconf 79' lang='grc' dir='ltr'>πρᾶγμα</span> <span class='ocrx_word' id='word_1_101' title='bbox 805 1616 1077 1685; x_wconf 84' lang='grc' dir='ltr'>ἀνόνητον,</span> <span class='ocrx_word' id='word_1_102' title='bbox 1109 1615 1140 1684; x_wconf 76' lang='grc' dir='ltr'>ἢ</span> <span class='ocrx_word' id='word_1_103' title='bbox 1176 1612 1334 1682; x_wconf 85' lang='grc' dir='ltr'>βουλὴ</span> <span class='ocrx_word' id='word_1_104' title='bbox 1371 1613 1672 1665; x_wconf 80' lang='grc' dir='ltr'>ἀνυπόστα-</span> 
     </span>
    </p>
   </div>
   <div class='ocr_carea' id='block_1_17' title="bbox 120 1701 1673 1774">
    <p class='ocr_par' dir='ltr' id='par_1_17' title="bbox 120 1701 1673 1774">
     <span class='ocr_line' id='line_1_17' title="bbox 120 1701 1673 1774; baseline -0.003 -18"><span class='ocrx_word' id='word_1_105' title='bbox 120 1722 223 1768; x_wconf 85' lang='grc' dir='ltr'>τος,</span> <span class='ocrx_word' id='word_1_106' title='bbox 266 1705 296 1774; x_wconf 80' lang='grc' dir='ltr'><strong>ἢ</strong></span> <span class='ocrx_word' id='word_1_107' title='bbox 337 1704 534 1774; x_wconf 80' lang='grc' dir='ltr'>σπουδὴ</span> <span class='ocrx_word' id='word_1_108' title='bbox 585 1706 749 1774; x_wconf 78' lang='grc' dir='ltr'>πέρας</span> <span class='ocrx_word' id='word_1_109' title='bbox 795 1706 888 1757; x_wconf 73' lang='grc' dir='ltr'>οὐκ</span> <span class='ocrx_word' id='word_1_110' title='bbox 919 1701 1130 1774; x_wconf 81' lang='grc' dir='ltr'>ἔχουσα,</span> <span class='ocrx_word' id='word_1_111' title='bbox 1163 1704 1195 1773; x_wconf 81' lang='grc' dir='ltr'>ἢ</span> <span class='ocrx_word' id='word_1_112' title='bbox 1236 1702 1458 1755; x_wconf 83' lang='grc' dir='ltr'>καθόλου</span> <span class='ocrx_word' id='word_1_113' title='bbox 1486 1703 1546 1754; x_wconf 83' lang='grc' dir='ltr'><strong>τὸ</strong></span> <span class='ocrx_word' id='word_1_114' title='bbox 1580 1703 1673 1754; x_wconf 75' lang='grc' dir='ltr'>ἐπὶ</span> 
     </span>
    </p>
   </div>
   <div class='ocr_carea' id='block_1_18' title="bbox 121 1795 1672 1866">
    <p class='ocr_par' dir='ltr' id='par_1_18' title="bbox 121 1795 1672 1866">
     <span class='ocr_line' id='line_1_18' title="bbox 121 1795 1672 1866; baseline -0.003 -17"><span class='ocrx_word' id='word_1_115' title='bbox 121 1798 278 1849; x_wconf 78' lang='grc' dir='ltr'>παντὶ</span> <span class='ocrx_word' id='word_1_116' title='bbox 303 1796 658 1849; x_wconf 71' lang='grc' dir='ltr'>λυσιτελοῦντι</span> <span class='ocrx_word' id='word_1_117' title='bbox 687 1796 1046 1866; x_wconf 78' lang='grc' dir='ltr'>ἀνύπαρκτον.</span> <span class='ocrx_word' id='word_1_118' title='bbox 1082 1797 1144 1848; x_wconf 86' lang='grc' dir='ltr'>Εἰ</span> <span class='ocrx_word' id='word_1_119' title='bbox 1177 1796 1239 1865; x_wconf 85' lang='grc' dir='ltr'>δὴ</span> <span class='ocrx_word' id='word_1_120' title='bbox 1268 1796 1510 1864; x_wconf 74' lang='grc' dir='ltr'>νενόηται</span> <span class='ocrx_word' id='word_1_121' title='bbox 1546 1795 1672 1863; x_wconf 81' lang='grc' dir='ltr'>ἡμῖν</span> 
     </span>
    </p>
   </div>
   <div class='ocr_carea' id='block_1_19' title="bbox 119 1884 1673 1958">
    <p class='ocr_par' dir='ltr' id='par_1_19' title="bbox 119 1884 1673 1958">
     <span class='ocr_line' id='line_1_19' title="bbox 119 1884 1673 1958; baseline -0.003 -18"><span class='ocrx_word' id='word_1_122' title='bbox 119 1887 205 1940; x_wconf 76' lang='grc' dir='ltr'>τοῦ</span> <span class='ocrx_word' id='word_1_123' title='bbox 242 1887 522 1958; x_wconf 85' lang='grc' dir='ltr'>ματαίουὴ</span> <span class='ocrx_word' id='word_1_124' title='bbox 553 1887 745 1950; x_wconf 72' lang='grc' dir='ltr'>ἔννοια,</span> <span class='ocrx_word' id='word_1_125' title='bbox 773 1886 1077 1952; x_wconf 78' lang='grc' dir='ltr'>ἐξεταστέον</span> <span class='ocrx_word' id='word_1_126' title='bbox 1104 1887 1167 1940; x_wconf 85' lang='grc' dir='ltr'><strong>ἂν</strong></span> <span class='ocrx_word' id='word_1_127' title='bbox 1209 1886 1315 1957; x_wconf 78' lang='grc' dir='ltr'>εἴη,</span> <span class='ocrx_word' id='word_1_128' title='bbox 1345 1885 1396 1937; x_wconf 87' lang='grc' dir='ltr'><strong>τί</strong></span> <span class='ocrx_word' id='word_1_129' title='bbox 1431 1884 1673 1954; x_wconf 86' lang='grc' dir='ltr'>βούλεται</span> 
     </span>
    </p>
   </div>
   <div class='ocr_carea' id='block_1_20' title="bbox 119 1973 1679 2046">
    <p class='ocr_par' dir='ltr' id='par_1_20' title="bbox 119 1973 1679 2046">
     <span class='ocr_line' id='line_1_20' title="bbox 119 1973 1679 2046; baseline -0.004 -17"><span class='ocrx_word' id='word_1_130' title='bbox 119 1980 148 2046; x_wconf 74' lang='grc' dir='ltr'>ἡ</span> <span class='ocrx_word' id='word_1_131' title='bbox 199 1977 494 2046; x_wconf 85' lang='grc' dir='ltr'>ματαιότης</span> <span class='ocrx_word' id='word_1_132' title='bbox 540 1975 646 2028; x_wconf 82' lang='grc' dir='ltr'><strong>τῶν</strong></span> <span class='ocrx_word' id='word_1_133' title='bbox 708 1978 1094 2046; x_wconf 86' lang='grc' dir='ltr'>ματαιοτήτων.</span> <span class='ocrx_word' id='word_1_134' title='bbox 1144 1976 1295 2044; x_wconf 82' lang='grc' dir='ltr'><strong>Τάχα</strong></span> <span class='ocrx_word' id='word_1_135' title='bbox 1349 1973 1392 2026; x_wconf 75' lang='grc' dir='ltr'>δ’</span> <span class='ocrx_word' id='word_1_136' title='bbox 1440 1974 1504 2026; x_wconf 88' lang='grc' dir='ltr'><strong>ἂν</strong></span> <span class='ocrx_word' id='word_1_137' title='bbox 1550 1974 1679 2041; x_wconf 76' lang='grc' dir='ltr'>ἡμῖν</span> 
     </span>
    </p>
   </div>
   <div class='ocr_carea' id='block_1_21' title="bbox 120 2065 1678 2139">
    <p class='ocr_par' dir='ltr' id='par_1_21' title="bbox 120 2065 1678 2139">
     <span class='ocr_line' id='line_1_21' title="bbox 120 2065 1678 2139; baseline -0.001 -21"><span class='ocrx_word' id='word_1_138' title='bbox 120 2066 528 2139; x_wconf 73' lang='grc' dir='ltr'>γνωριμώτερον</span> <span class='ocrx_word' id='word_1_139' title='bbox 555 2067 613 2120; x_wconf 77' lang='grc' dir='ltr'>τὸ</span> <span class='ocrx_word' id='word_1_140' title='bbox 658 2066 982 2138; x_wconf 80' lang='grc' dir='ltr'>ζητούμενον</span> <span class='ocrx_word' id='word_1_141' title='bbox 1030 2068 1203 2137; x_wconf 83' lang='grc' dir='ltr'>νόημα</span> <span class='ocrx_word' id='word_1_142' title='bbox 1247 2066 1472 2133; x_wconf 88' lang='grc' dir='ltr'>γένοιτο,</span> <span class='ocrx_word' id='word_1_143' title='bbox 1506 2066 1554 2117; x_wconf 78' lang='grc' dir='ltr'>εἰ</span> <span class='ocrx_word' id='word_1_144' title='bbox 1580 2065 1678 2134; x_wconf 81' lang='grc' dir='ltr'>τὴν</span> 
     </span>
    </p>
   </div>
   <div class='ocr_carea' id='block_1_22' title="bbox 118 2156 1681 2228">
    <p class='ocr_par' dir='ltr' id='par_1_22' title="bbox 118 2156 1681 2228">
     <span class='ocr_line' id='line_1_22' title="bbox 118 2156 1681 2228; baseline -0.002 -19"><span class='ocrx_word' id='word_1_145' title='bbox 118 2159 387 2228; x_wconf 63' lang='grc' dir='ltr'>γραφικὴν</span> <span class='ocrx_word' id='word_1_146' title='bbox 426 2157 709 2228; x_wconf 81' lang='grc' dir='ltr'>συνήθειαν</span> <span class='ocrx_word' id='word_1_147' title='bbox 740 2158 831 2210; x_wconf 78' lang='grc' dir='ltr'>ἐπὶ</span> <span class='ocrx_word' id='word_1_148' title='bbox 858 2157 965 2210; x_wconf 83' lang='grc' dir='ltr'><strong>τῶν</strong></span> <span class='ocrx_word' id='word_1_149' title='bbox 1008 2156 1141 2227; x_wconf 78' lang='grc' dir='ltr'>πρὸς</span> <span class='ocrx_word' id='word_1_150' title='bbox 1177 2157 1236 2209; x_wconf 83' lang='grc' dir='ltr'><strong>τὸ</strong></span> <span class='ocrx_word' id='word_1_151' title='bbox 1265 2157 1507 2225; x_wconf 85' lang='grc' dir='ltr'>κρεῖττον</span> <span class='ocrx_word' id='word_1_152' title='bbox 1535 2172 1681 2207; x_wconf 88' lang='grc' dir='ltr'>νοου-</span> 
     </span>
    </p>
   </div>
   <div class='ocr_carea' id='block_1_23' title="bbox 120 2242 1681 2317">
    <p class='ocr_par' dir='ltr' id='par_1_23' title="bbox 120 2242 1681 2317">
     <span class='ocr_line' id='line_1_23' title="bbox 120 2242 1681 2317; baseline -0.004 -17"><span class='ocrx_word' id='word_1_153' title='bbox 120 2249 325 2317; x_wconf 80' lang='grc' dir='ltr'>μένων,</span> <span class='ocrx_word' id='word_1_154' title='bbox 357 2246 822 2317; x_wconf 79' lang='grc' dir='ltr'>συνεξετάσαιμεν.</span> <span class='ocrx_word' id='word_1_155' title='bbox 866 2246 928 2298; x_wconf 85' lang='grc' dir='ltr'><strong>Ἦ</strong></span> <span class='ocrx_word' id='word_1_156' title='bbox 976 2246 1082 2298; x_wconf 87' lang='grc' dir='ltr'>τῶν</span> <span class='ocrx_word' id='word_1_157' title='bbox 1123 2244 1432 2312; x_wconf 82' lang='grc' dir='ltr'>ἀναγκαίων</span> <span class='ocrx_word' id='word_1_158' title='bbox 1477 2258 1537 2295; x_wconf 87' lang='grc' dir='ltr'><strong>τε</strong></span> <span class='ocrx_word' id='word_1_159' title='bbox 1587 2242 1681 2295; x_wconf 74' lang='grc' dir='ltr'>καὶ</span> 
     </span>
    </p>
   </div>
   <div class='ocr_carea' id='block_1_24' title="bbox 118 2332 1678 2409">
    <p class='ocr_par' dir='ltr' id='par_1_24' title="bbox 118 2332 1678 2409">
     <span class='ocr_line' id='line_1_24' title="bbox 118 2332 1678 2409; baseline -0.003 -19"><span class='ocrx_word' id='word_1_160' title='bbox 118 2338 499 2409; x_wconf 76' lang='grc' dir='ltr'>συμιρερόντων</span> <span class='ocrx_word' id='word_1_161' title='bbox 522 2338 736 2408; x_wconf 74' lang='grc' dir='ltr'>πρᾶξις,</span> <span class='ocrx_word' id='word_1_162' title='bbox 785 2336 942 2407; x_wconf 78' lang='grc' dir='ltr'>ἔργον</span> <span class='ocrx_word' id='word_1_163' title='bbox 989 2334 1140 2405; x_wconf 78' lang='grc' dir='ltr'>παρὰ</span> <span class='ocrx_word' id='word_1_164' title='bbox 1179 2336 1277 2405; x_wconf 83' lang='grc' dir='ltr'><strong>τῆς</strong></span> <span class='ocrx_word' id='word_1_165' title='bbox 1315 2332 1537 2404; x_wconf 80' lang='grc' dir='ltr'>Γραφῆς</span> <span class='ocrx_word' id='word_1_166' title='bbox 1568 2334 1678 2385; x_wconf 80' lang='grc' dir='ltr'>ὀνο-</span> 
     </span>
    </p>
   </div>
   <div class='ocr_carea' id='block_1_25' title="bbox 116 2425 1678 2500">
    <p class='ocr_par' dir='ltr' id='par_1_25' title="bbox 116 2425 1678 2500">
     <span class='ocr_line' id='line_1_25' title="bbox 116 2425 1678 2500; baseline -0.005 -16"><span class='ocrx_word' id='word_1_167' title='bbox 116 2432 376 2500; x_wconf 73' lang='grc' dir='ltr'>μὰζεται·</span> <span class='ocrx_word' id='word_1_168' title='bbox 426 2431 562 2483; x_wconf 81' lang='grc' dir='ltr'>ἀλλὰ</span> <span class='ocrx_word' id='word_1_169' title='bbox 606 2430 672 2482; x_wconf 80' lang='grc' dir='ltr'><strong>τὰ</strong></span> <span class='ocrx_word' id='word_1_170' title='bbox 715 2429 1106 2499; x_wconf 77' lang='grc' dir='ltr'>ὑπερϐαίνοντα</span> <span class='ocrx_word' id='word_1_171' title='bbox 1156 2426 1262 2479; x_wconf 84' lang='grc' dir='ltr'><strong>τῶν</strong></span> <span class='ocrx_word' id='word_1_172' title='bbox 1312 2425 1678 2495; x_wconf 71' lang='grc' dir='ltr'>σπουδαζομέο</span> 
     </span>
    </p>
   </div>
   <div class='ocr_carea' id='block_1_26' title="bbox 112 2517 1678 2592">
    <p class='ocr_par' dir='ltr' id='par_1_26' title="bbox 112 2517 1678 2592">
     <span class='ocr_line' id='line_1_26' title="bbox 112 2517 1678 2592; baseline -0.003 -18"><span class='ocrx_word' id='word_1_173' title='bbox 112 2540 237 2579; x_wconf 85' lang='grc' dir='ltr'>νων.</span> <span class='ocrx_word' id='word_1_174' title='bbox 265 2523 363 2574; x_wconf 74' lang='grc' dir='ltr'>ὅσα</span> <span class='ocrx_word' id='word_1_175' title='bbox 395 2524 474 2583; x_wconf 85' lang='grc' dir='ltr'><strong>είς</strong></span> <span class='ocrx_word' id='word_1_176' title='bbox 503 2522 666 2590; x_wconf 79' lang='grc' dir='ltr'>αὐτὴν</span> <span class='ocrx_word' id='word_1_177' title='bbox 700 2523 799 2592; x_wconf 82' lang='grc' dir='ltr'><strong>ὁρᾷ</strong></span> <span class='ocrx_word' id='word_1_178' title='bbox 829 2522 925 2591; x_wconf 76' lang='grc' dir='ltr'><strong>τὴν</strong></span> <span class='ocrx_word' id='word_1_179' title='bbox 955 2520 1045 2573; x_wconf 81' lang='grc' dir='ltr'><strong>τοῦ</strong></span> <span class='ocrx_word' id='word_1_180' title='bbox 1070 2518 1204 2573; x_wconf 79' lang='grc' dir='ltr'>Θεοῦ</span> <span class='ocrx_word' id='word_1_181' title='bbox 1242 2519 1513 2586; x_wconf 76' lang='grc' dir='ltr'>λατρείαν,</span> <span class='ocrx_word' id='word_1_182' title='bbox 1545 2517 1678 2587; x_wconf 79' lang='grc' dir='ltr'>ἔργα</span> 
     </span>
    </p>
   </div>
   <div class='ocr_carea' id='block_1_27' title="bbox 110 2609 1676 2683">
    <p class='ocr_par' dir='ltr' id='par_1_27' title="bbox 110 2609 1676 2683">
     <span class='ocr_line' id='line_1_27' title="bbox 110 2609 1676 2683; baseline -0.001 -18"><span class='ocrx_word' id='word_1_183' title='bbox 110 2615 289 2683; x_wconf 80' lang='grc' dir='ltr'>ἔργων</span> <span class='ocrx_word' id='word_1_184' title='bbox 321 2613 554 2681; x_wconf 81' lang='grc' dir='ltr'>λέγεται,</span> <span class='ocrx_word' id='word_1_185' title='bbox 592 2612 773 2676; x_wconf 86' lang='grc' dir='ltr'>καθὼς</span> <span class='ocrx_word' id='word_1_186' title='bbox 820 2614 851 2682; x_wconf 84' lang='grc' dir='ltr'>ἡ</span> <span class='ocrx_word' id='word_1_187' title='bbox 900 2613 1106 2683; x_wconf 78' lang='grc' dir='ltr'>ἱστορία</span> <span class='ocrx_word' id='word_1_188' title='bbox 1151 2611 1317 2680; x_wconf 76' lang='grc' dir='ltr'>δηλοῖ.</span> <span class='ocrx_word' id='word_1_189' title='bbox 1353 2609 1676 2672; x_wconf 83' lang='grc' dir='ltr'>δεικνῦντος,</span> 
     </span>
    </p>
   </div>
   <div class='ocr_carea' id='block_1_28' title="bbox 110 2700 1677 2777">
    <p class='ocr_par' dir='ltr' id='par_1_28' title="bbox 110 2700 1677 2777">
     <span class='ocr_line' id='line_1_28' title="bbox 110 2700 1677 2777; baseline -0.003 -20"><span class='ocrx_word' id='word_1_190' title='bbox 110 2702 287 2777; x_wconf 81' lang='grc' dir='ltr'>οἶμαι,</span> <span class='ocrx_word' id='word_1_191' title='bbox 316 2705 409 2758; x_wconf 77' lang='grc' dir='ltr'>τοῦ</span> <span class='ocrx_word' id='word_1_192' title='bbox 440 2706 618 2774; x_wconf 80' lang='grc' dir='ltr'>λόγου,</span> <span class='ocrx_word' id='word_1_193' title='bbox 660 2704 747 2759; x_wconf 85' lang='grc' dir='ltr'><strong>διά</strong></span> <span class='ocrx_word' id='word_1_194' title='bbox 790 2722 933 2768; x_wconf 87' lang='grc' dir='ltr'>τινος</span> <span class='ocrx_word' id='word_1_195' title='bbox 972 2702 1257 2770; x_wconf 81' lang='grc' dir='ltr'>ἀναλογίας</span> <span class='ocrx_word' id='word_1_196' title='bbox 1301 2704 1432 2772; x_wconf 68' lang='grc' dir='ltr'><strong>⁴ἡμῖν</strong></span> <span class='ocrx_word' id='word_1_197' title='bbox 1481 2703 1544 2753; x_wconf 85' lang='grc' dir='ltr'>ὲκ</span> <span class='ocrx_word' id='word_1_198' title='bbox 1585 2700 1677 2753; x_wconf 83' lang='grc' dir='ltr'>τοῦ</span> 
     </span>
    </p>
   </div>
   <div class='ocr_carea' id='block_1_29' title="bbox 110 2793 1679 2869">
    <p class='ocr_par' dir='ltr' id='par_1_29' title="bbox 110 2793 1679 2869">
     <span class='ocr_line' id='line_1_29' title="bbox 110 2793 1679 2869; baseline -0.003 -20"><span class='ocrx_word' id='word_1_199' title='bbox 110 2797 276 2869; x_wconf 72' lang='grc' dir='ltr'>ἔργου</span> <span class='ocrx_word' id='word_1_200' title='bbox 303 2798 408 2850; x_wconf 84' lang='grc' dir='ltr'><strong>τῶν</strong></span> <span class='ocrx_word' id='word_1_201' title='bbox 435 2796 630 2867; x_wconf 75' lang='grc' dir='ltr'>ἔργων,</span> <span class='ocrx_word' id='word_1_202' title='bbox 664 2796 715 2848; x_wconf 85' lang='grc' dir='ltr'><strong>τί</strong></span> <span class='ocrx_word' id='word_1_203' title='bbox 744 2798 805 2849; x_wconf 79' lang='grc' dir='ltr'>τὺ</span> <span class='ocrx_word' id='word_1_204' title='bbox 843 2798 901 2848; x_wconf 85' lang='grc' dir='ltr'>ὲν</span> <span class='ocrx_word' id='word_1_205' title='bbox 944 2798 1054 2857; x_wconf 82' lang='grc' dir='ltr'>τοῖς</span> <span class='ocrx_word' id='word_1_206' title='bbox 1092 2793 1536 2864; x_wconf 66' lang='grc' dir='ltr'>σπουδαζομένας</span> <span class='ocrx_word' id='word_1_207' title='bbox 1566 2793 1679 2845; x_wconf 74' lang='grc' dir='ltr'>ἐστὶ</span> 
     </span>
    </p>
   </div>
   <div class='ocr_carea' id='block_1_30' title="bbox 112 2882 1675 2961">
    <p class='ocr_par' dir='ltr' id='par_1_30' title="bbox 112 2882 1675 2961">
     <span class='ocr_line' id='line_1_30' title="bbox 112 2882 1675 2961; baseline -0.004 -20"><span class='ocrx_word' id='word_1_208' title='bbox 112 2889 523 2961; x_wconf 79' lang='grc' dir='ltr'>προτιμότερον.</span> <span class='ocrx_word' id='word_1_209' title='bbox 568 2890 662 2940; x_wconf 86' lang='grc' dir='ltr'>Ὃν</span> <span class='ocrx_word' id='word_1_210' title='bbox 701 2887 808 2958; x_wconf 82' lang='grc' dir='ltr'>γὰρ</span> <span class='ocrx_word' id='word_1_211' title='bbox 837 2886 1018 2956; x_wconf 75' lang='grc' dir='ltr'>ἐπέχει</span> <span class='ocrx_word' id='word_1_212' title='bbox 1054 2885 1207 2952; x_wconf 88' lang='grc' dir='ltr'>λόγον</span> <span class='ocrx_word' id='word_1_213' title='bbox 1242 2885 1376 2955; x_wconf 77' lang='grc' dir='ltr'>πρὸς</span> <span class='ocrx_word' id='word_1_214' title='bbox 1420 2885 1518 2954; x_wconf 83' lang='grc' dir='ltr'>τὴν</span> <span class='ocrx_word' id='word_1_215' title='bbox 1555 2882 1675 2936; x_wconf 83' lang='grc' dir='ltr'>καθ-</span> 
     </span>
    </p>
   </div>
   <div class='ocr_carea' id='block_1_31' title="bbox 106 2972 1680 3049">
    <p class='ocr_par' dir='ltr' id='par_1_31' title="bbox 106 2972 1680 3049">
     <span class='ocr_line' id='line_1_31' title="bbox 106 2972 1680 3049; baseline -0.004 -17"><span class='ocrx_word' id='word_1_216' title='bbox 106 2980 234 3032; x_wconf 83' lang='grc' dir='ltr'>όλου</span> <span class='ocrx_word' id='word_1_217' title='bbox 270 2978 465 3049; x_wconf 77' lang='grc' dir='ltr'>ἀργίαν</span> <span class='ocrx_word' id='word_1_218' title='bbox 510 2979 542 3047; x_wconf 79' lang='grc' dir='ltr'>ἡ</span> <span class='ocrx_word' id='word_1_219' title='bbox 580 2978 703 3047; x_wconf 78' lang='grc' dir='ltr'>περὶ</span> <span class='ocrx_word' id='word_1_220' title='bbox 748 2979 816 3029; x_wconf 79' lang='grc' dir='ltr'>τὰ</span> <span class='ocrx_word' id='word_1_221' title='bbox 858 2976 991 3045; x_wconf 75' lang='grc' dir='ltr'>ἔργα</span> <span class='ocrx_word' id='word_1_222' title='bbox 1037 2973 1256 3044; x_wconf 84' lang='grc' dir='ltr'>σπουδὴ,</span> <span class='ocrx_word' id='word_1_223' title='bbox 1290 2973 1526 3025; x_wconf 74' lang='grc' dir='ltr'>τοιοῦτον</span> <span class='ocrx_word' id='word_1_224' title='bbox 1569 2972 1680 3041; x_wconf 76' lang='grc' dir='ltr'>ἔχει</span> 
     </span>
    </p>
   </div>
   <div class='ocr_carea' id='block_1_32' title="bbox 108 3064 1681 3139">
    <p class='ocr_par' dir='ltr' id='par_1_32' title="bbox 108 3064 1681 3139">
     <span class='ocr_line' id='line_1_32' title="bbox 108 3064 1681 3139; baseline -0.006 -16"><span class='ocrx_word' id='word_1_225' title='bbox 108 3071 268 3139; x_wconf 87' lang='grc' dir='ltr'>λόγον</span> <span class='ocrx_word' id='word_1_226' title='bbox 301 3069 433 3139; x_wconf 78' lang='grc' dir='ltr'>πρὸς</span> <span class='ocrx_word' id='word_1_227' title='bbox 457 3068 525 3121; x_wconf 75' lang='grc' dir='ltr'>τὰ</span> <span class='ocrx_word' id='word_1_228' title='bbox 565 3067 725 3120; x_wconf 82' lang='grc' dir='ltr'>λοιπὰ</span> <span class='ocrx_word' id='word_1_229' title='bbox 756 3066 889 3136; x_wconf 79' lang='grc' dir='ltr'>ἔργα</span> <span class='ocrx_word' id='word_1_230' title='bbox 927 3068 959 3136; x_wconf 83' lang='grc' dir='ltr'><strong>ἡ</strong></span> <span class='ocrx_word' id='word_1_231' title='bbox 1000 3066 1132 3137; x_wconf 79' lang='grc' dir='ltr'>πρὸς</span> <span class='ocrx_word' id='word_1_232' title='bbox 1155 3066 1223 3117; x_wconf 82' lang='grc' dir='ltr'>τὰ</span> <span class='ocrx_word' id='word_1_233' title='bbox 1252 3064 1553 3133; x_wconf 68' lang='grc' dir='ltr'>ὑψηλότερα</span> <span class='ocrx_word' id='word_1_234' title='bbox 1588 3064 1681 3115; x_wconf 76' lang='grc' dir='ltr'><strong>καὶ</strong></span> 
     </span>
    </p>
   </div>
   <div class='ocr_carea' id='block_1_33' title="bbox 108 3153 1679 3232">
    <p class='ocr_par' dir='ltr' id='par_1_33' title="bbox 108 3153 1679 3232">
     <span class='ocr_line' id='line_1_33' title="bbox 108 3153 1679 3232; baseline -0.006 -17"><span class='ocrx_word' id='word_1_235' title='bbox 108 3162 482 3232; x_wconf 83' lang='grc' dir='ltr'>προτιμότερα</span> <span class='ocrx_word' id='word_1_236' title='bbox 509 3160 613 3211; x_wconf 80' lang='grc' dir='ltr'><strong>τῶν</strong></span> <span class='ocrx_word' id='word_1_237' title='bbox 641 3157 1084 3225; x_wconf 76' lang='grc' dir='ltr'>σπουδαζομένων</span> <span class='ocrx_word' id='word_1_238' title='bbox 1116 3155 1297 3226; x_wconf 85' lang='grc' dir='ltr'>ὲνέργε</span> <span class='ocrx_word' id='word_1_239' title='bbox 1308 3172 1378 3207; x_wconf 88' lang='grc' dir='ltr'>ια.</span> <span class='ocrx_word' id='word_1_240' title='bbox 1409 3153 1563 3206; x_wconf 77' lang='grc' dir='ltr'>Οὕτω</span> <span class='ocrx_word' id='word_1_241' title='bbox 1588 3154 1679 3205; x_wconf 76' lang='grc' dir='ltr'><strong>καὶ</strong></span> 
     </span>
    </p>
   </div>
   <div class='ocr_carea' id='block_1_34' title="bbox 1777 702 3338 775">
    <p class='ocr_par' dir='ltr' id='par_1_34' title="bbox 1777 702 3338 775">
     <span class='ocr_line' id='line_1_34' title="bbox 1777 702 3338 775; baseline 0.003 -18"><span class='ocrx_word' id='word_1_242' title='bbox 1777 705 1996 774; x_wconf 82' lang='lat' dir='ltr'><strong>quando</strong></span> <span class='ocrx_word' id='word_1_243' title='bbox 2026 705 2293 775; x_wconf 83' lang='lat' dir='ltr'><strong>quispiam</strong></span> <span class='ocrx_word' id='word_1_244' title='bbox 2329 703 2394 757; x_wconf 90' lang='lat' dir='ltr'><strong>ad</strong></span> <span class='ocrx_word' id='word_1_245' title='bbox 2431 718 2651 772; x_wconf 90' lang='lat' dir='ltr'><strong>scopum</strong></span> <span class='ocrx_word' id='word_1_246' title='bbox 2683 702 2918 773; x_wconf 79' lang='lat' dir='ltr'><strong>aliquem</strong></span> <span class='ocrx_word' id='word_1_247' title='bbox 2952 705 3252 774; x_wconf 85' lang='lat' dir='ltr'><strong>aspiciens,</strong></span> <span class='ocrx_word' id='word_1_248' title='bbox 3283 718 3338 762; x_wconf 82' lang='lat' dir='ltr'><strong>et</strong></span> 
     </span>
    </p>
   </div>
   <div class='ocr_carea' id='block_1_35' title="bbox 1779 792 3334 864">
    <p class='ocr_par' dir='ltr' id='par_1_35' title="bbox 1779 792 3334 864">
     <span class='ocr_line' id='line_1_35' title="bbox 1779 792 3334 864; baseline 0.001 -19"><span class='ocrx_word' id='word_1_249' title='bbox 1779 804 2038 863; x_wconf 80' lang='lat' dir='ltr'><strong>tanquam</strong></span> <span class='ocrx_word' id='word_1_250' title='bbox 2079 793 2210 846; x_wconf 88' lang='lat' dir='ltr'><strong>utile</strong></span> <span class='ocrx_word' id='word_1_251' title='bbox 2243 792 2519 862; x_wconf 82' lang='lat' dir='ltr'><strong>quidpiam</strong></span> <span class='ocrx_word' id='word_1_252' title='bbox 2554 808 2619 846; x_wconf 81' lang='lat' dir='ltr'><strong>ex</strong></span> <span class='ocrx_word' id='word_1_253' title='bbox 2651 793 2718 847; x_wconf 91' lang='lat' dir='ltr'><strong>iis</strong></span> <span class='ocrx_word' id='word_1_254' title='bbox 2751 808 2871 862; x_wconf 69' lang='lat' dir='ltr'><strong>qua:</strong></span> <span class='ocrx_word' id='word_1_255' title='bbox 2905 805 3031 848; x_wconf 89' lang='lat' dir='ltr'><strong>sunt</strong></span> <span class='ocrx_word' id='word_1_256' title='bbox 3063 798 3334 864; x_wconf 75' lang='lat' dir='ltr'><strong>proposita</strong></span> 
     </span>
    </p>
   </div>
   <div class='ocr_carea' id='block_1_36' title="bbox 1776 884 3341 955">
    <p class='ocr_par' dir='ltr' id='par_1_36' title="bbox 1776 884 3341 955">
     <span class='ocr_line' id='line_1_36' title="bbox 1776 884 3341 955; baseline 0.001 -16"><span class='ocrx_word' id='word_1_257' title='bbox 1776 886 1954 939; x_wconf 87' lang='lat' dir='ltr'><strong>studio</strong></span> <span class='ocrx_word' id='word_1_258' title='bbox 1981 884 2282 939; x_wconf 87' lang='lat' dir='ltr'><strong>vehementi</strong></span> <span class='ocrx_word' id='word_1_259' title='bbox 2316 898 2674 952; x_wconf 88' lang='lat' dir='ltr'><strong>persequens,</strong></span> <span class='ocrx_word' id='word_1_260' title='bbox 2710 885 2821 955; x_wconf 76' lang='lat' dir='ltr'><strong>agit</strong></span> <span class='ocrx_word' id='word_1_261' title='bbox 2850 886 3063 953; x_wconf 84' lang='lat' dir='ltr'><strong>singula</strong></span> <span class='ocrx_word' id='word_1_262' title='bbox 3094 904 3107 951; x_wconf 92' lang='lat'><strong>;</strong></span> <span class='ocrx_word' id='word_1_263' title='bbox 3142 887 3341 941; x_wconf 84' lang='lat' dir='ltr'><strong>deinde</strong></span> 
     </span>
    </p>
   </div>
   <div class='ocr_carea' id='block_1_37' title="bbox 1775 975 3340 1045">
    <p class='ocr_par' dir='ltr' id='par_1_37' title="bbox 1775 975 3340 1045">
     <span class='ocr_line' id='line_1_37' title="bbox 1775 975 3340 1045; baseline 0.001 -14"><span class='ocrx_word' id='word_1_264' title='bbox 1775 992 1897 1031; x_wconf 91' lang='lat' dir='ltr'><strong>cum</strong></span> <span class='ocrx_word' id='word_1_265' title='bbox 1931 976 2132 1045; x_wconf 89' lang='lat' dir='ltr'><strong>aliquid</strong></span> <span class='ocrx_word' id='word_1_266' title='bbox 2167 975 2496 1029; x_wconf 88' lang='lat' dir='ltr'><strong>contrarium</strong></span> <span class='ocrx_word' id='word_1_267' title='bbox 2528 976 2802 1039; x_wconf 87' lang='lat' dir='ltr'><strong>evenerit,</strong></span> <span class='ocrx_word' id='word_1_268' title='bbox 2835 977 2992 1031; x_wconf 89' lang='lat' dir='ltr'><strong>labor</strong></span> <span class='ocrx_word' id='word_1_269' title='bbox 3020 977 3182 1032; x_wconf 85' lang='lat' dir='ltr'><strong>fuerit</strong></span> <span class='ocrx_word' id='word_1_270' title='bbox 3212 980 3340 1033; x_wconf 76' lang='lat' dir='ltr'><strong>irri-</strong></span> 
     </span>
    </p>
   </div>
   <div class='ocr_carea' id='block_1_38' title="bbox 1778 1067 3341 1138">
    <p class='ocr_par' dir='ltr' id='par_1_38' title="bbox 1778 1067 3341 1138">
     <span class='ocr_line' id='line_1_38' title="bbox 1778 1067 3341 1138; baseline 0.001 -17"><span class='ocrx_word' id='word_1_271' title='bbox 1778 1078 1896 1123; x_wconf 91' lang='lat' dir='ltr'><strong>tus:</strong></span> <span class='ocrx_word' id='word_1_272' title='bbox 1918 1075 1970 1122; x_wconf 87' lang='lat' dir='ltr'><strong>et</strong></span> <span class='ocrx_word' id='word_1_273' title='bbox 1989 1076 2118 1121; x_wconf 91' lang='lat' dir='ltr'><strong>tunc</strong></span> <span class='ocrx_word' id='word_1_274' title='bbox 2138 1067 2281 1137; x_wconf 90' lang='lat' dir='ltr'><strong>quod</strong></span> <span class='ocrx_word' id='word_1_275' title='bbox 2306 1082 2367 1121; x_wconf 81' lang='lat' dir='ltr'><strong>ex</strong></span> <span class='ocrx_word' id='word_1_276' title='bbox 2390 1082 2454 1122; x_wconf 87' lang='lat' dir='ltr'><strong>eo</strong></span> <span class='ocrx_word' id='word_1_277' title='bbox 2471 1082 2665 1138; x_wconf 83' lang='lat' dir='ltr'><strong>magno</strong></span> <span class='ocrx_word' id='word_1_278' title='bbox 2686 1068 2871 1123; x_wconf 88' lang='lat' dir='ltr'><strong>labore</strong></span> <span class='ocrx_word' id='word_1_279' title='bbox 2893 1069 3028 1122; x_wconf 86' lang='lat' dir='ltr'><strong>nihil</strong></span> <span class='ocrx_word' id='word_1_280' title='bbox 3054 1080 3197 1125; x_wconf 83' lang='lat' dir='ltr'><strong>recte</strong></span> <span class='ocrx_word' id='word_1_281' title='bbox 3222 1084 3341 1125; x_wconf 55' lang='lat' dir='ltr'><strong>sucd</strong></span> 
     </span>
    </p>
   </div>
   <div class='ocr_carea' id='block_1_39' title="bbox 1775 1159 3338 1230">
    <p class='ocr_par' dir='ltr' id='par_1_39' title="bbox 1775 1159 3338 1230">
     <span class='ocr_line' id='line_1_39' title="bbox 1775 1159 3338 1230; baseline 0.003 -19"><span class='ocrx_word' id='word_1_282' title='bbox 1775 1160 2037 1219; x_wconf 87' lang='lat' dir='ltr'><strong>cesserit,</strong></span> <span class='ocrx_word' id='word_1_283' title='bbox 2071 1159 2173 1211; x_wconf 89' lang='lat' dir='ltr'><strong>hoc</strong></span> <span class='ocrx_word' id='word_1_284' title='bbox 2208 1160 2329 1213; x_wconf 86' lang='lat' dir='ltr'><strong>vani</strong></span> <span class='ocrx_word' id='word_1_285' title='bbox 2367 1159 2530 1215; x_wconf 89' lang='lat' dir='ltr'><strong>verbo</strong></span> <span class='ocrx_word' id='word_1_286' title='bbox 2564 1160 2922 1230; x_wconf 76' lang='lat' dir='ltr'><strong>signiﬁcatur.</strong></span> <span class='ocrx_word' id='word_1_287' title='bbox 2962 1159 3035 1214; x_wconf 88' lang='lat' dir='ltr'><strong>De</strong></span> <span class='ocrx_word' id='word_1_288' title='bbox 3079 1162 3145 1215; x_wconf 89' lang='lat' dir='ltr'><strong>iis</strong></span> <span class='ocrx_word' id='word_1_289' title='bbox 3192 1163 3338 1215; x_wconf 86' lang='lat' dir='ltr'><strong>enim</strong></span> 
     </span>
    </p>
   </div>
   <div class='ocr_carea' id='block_1_40' title="bbox 1775 1249 3338 1317">
    <p class='ocr_par' dir='ltr' id='par_1_40' title="bbox 1775 1249 3338 1317">
     <span class='ocr_line' id='line_1_40' title="bbox 1775 1249 3338 1317; baseline 0.005 -18"><span class='ocrx_word' id='word_1_290' title='bbox 1775 1265 1895 1317; x_wconf 70' lang='lat' dir='ltr'><strong>qua:</strong></span> <span class='ocrx_word' id='word_1_291' title='bbox 1926 1256 2052 1304; x_wconf 90' lang='lat' dir='ltr'><strong>sunt</strong></span> <span class='ocrx_word' id='word_1_292' title='bbox 2080 1250 2349 1317; x_wconf 85' lang='lat' dir='ltr'><strong>ejusmodi</strong></span> <span class='ocrx_word' id='word_1_293' title='bbox 2379 1251 2517 1305; x_wconf 90' lang='lat' dir='ltr'><strong>solet</strong></span> <span class='ocrx_word' id='word_1_294' title='bbox 2548 1251 2657 1305; x_wconf 88' lang='lat' dir='ltr'><strong>dici</strong></span> <span class='ocrx_word' id='word_1_295' title='bbox 2688 1271 2701 1305; x_wconf 87' lang='lat'>:</span> <span class='ocrx_word' id='word_1_296' title='bbox 2735 1249 2795 1306; x_wconf 86' lang='lat' dir='ltr'><strong>ln</strong></span> <span class='ocrx_word' id='word_1_297' title='bbox 2829 1266 3026 1306; x_wconf 89' lang='lat' dir='ltr'><strong>vanum</strong></span> <span class='ocrx_word' id='word_1_298' title='bbox 3060 1253 3296 1307; x_wconf 72' lang='lat' dir='ltr'><strong>laboravi</strong></span> <span class='ocrx_word' id='word_1_299' title='bbox 3319 1286 3338 1316; x_wconf 60' lang='grc' dir='ltr'><em>ς</em></span> 
     </span>
    </p>
   </div>
   <div class='ocr_carea' id='block_1_41' title="bbox 1776 1341 3343 1410">
    <p class='ocr_par' dir='ltr' id='par_1_41' title="bbox 1776 1341 3343 1410">
     <span class='ocr_line' id='line_1_41' title="bbox 1776 1341 3343 1410; baseline 0.006 -17"><span class='ocrx_word' id='word_1_300' title='bbox 1776 1341 1827 1394; x_wconf 90' lang='lat' dir='ltr'><strong>in</strong></span> <span class='ocrx_word' id='word_1_301' title='bbox 1872 1354 2067 1392; x_wconf 87' lang='lat' dir='ltr'><strong>vanum</strong></span> <span class='ocrx_word' id='word_1_302' title='bbox 2103 1342 2348 1410; x_wconf 84' lang='lat' dir='ltr'><strong>speravi,</strong></span> <span class='ocrx_word' id='word_1_303' title='bbox 2406 1349 2461 1394; x_wconf 82' lang='lat' dir='ltr'><strong>et</strong></span> <span class='ocrx_word' id='word_1_304' title='bbox 2510 1342 2564 1395; x_wconf 91' lang='lat' dir='ltr'><strong>in</strong></span> <span class='ocrx_word' id='word_1_305' title='bbox 2622 1357 2821 1397; x_wconf 90' lang='lat' dir='ltr'><strong>vanum</strong></span> <span class='ocrx_word' id='word_1_306' title='bbox 2876 1344 3074 1399; x_wconf 88' lang='lat' dir='ltr'><strong>multos</strong></span> <span class='ocrx_word' id='word_1_307' title='bbox 3127 1345 3343 1402; x_wconf 76' lang='lat' dir='ltr'><strong>labores</strong></span> 
     </span>
    </p>
   </div>
   <div class='ocr_carea' id='block_1_42' title="bbox 1775 1431 3339 1507">
    <p class='ocr_par' dir='ltr' id='par_1_42' title="bbox 1775 1431 3339 1507">
     <span class='ocr_line' id='line_1_42' title="bbox 1775 1431 3339 1507; baseline 0.004 -21"><span class='ocrx_word' id='word_1_308' title='bbox 1775 1431 1935 1486; x_wconf 90' lang='lat' dir='ltr'><strong>subii.</strong></span> <span class='ocrx_word' id='word_1_309' title='bbox 1966 1432 2029 1485; x_wconf 90' lang='lat' dir='ltr'><strong>Et</strong></span> <span class='ocrx_word' id='word_1_310' title='bbox 2058 1449 2126 1487; x_wconf 91' lang='lat' dir='ltr'><strong>ne</strong></span> <span class='ocrx_word' id='word_1_311' title='bbox 2152 1434 2361 1504; x_wconf 75' lang='lat' dir='ltr'><strong>singula</strong></span> <span class='ocrx_word' id='word_1_312' title='bbox 2384 1449 2791 1505; x_wconf 83' lang='lat' dir='ltr'><strong>persequamur,</strong></span> <span class='ocrx_word' id='word_1_313' title='bbox 2821 1436 2876 1490; x_wconf 89' lang='lat' dir='ltr'><strong>in</strong></span> <span class='ocrx_word' id='word_1_314' title='bbox 2906 1439 3102 1507; x_wconf 86' lang='lat' dir='ltr'><strong>quibus</strong></span> <span class='ocrx_word' id='word_1_315' title='bbox 3129 1440 3339 1493; x_wconf 62' lang='lat' dir='ltr'><strong>vanita«</strong></span> 
     </span>
    </p>
   </div>
   <div class='ocr_carea' id='block_1_43' title="bbox 1774 1524 3379 1609">
    <p class='ocr_par' dir='ltr' id='par_1_43' title="bbox 1774 1524 3379 1609">
     <span class='ocr_line' id='line_1_43' title="bbox 1774 1524 3379 1609; baseline 0.006 -34"><span class='ocrx_word' id='word_1_316' title='bbox 1774 1524 1845 1577; x_wconf 87' lang='lat' dir='ltr'><strong>tis</strong></span> <span class='ocrx_word' id='word_1_317' title='bbox 1878 1541 2069 1579; x_wconf 91' lang='lat' dir='ltr'><strong>nomen</strong></span> <span class='ocrx_word' id='word_1_318' title='bbox 2102 1528 2377 1597; x_wconf 83' lang='lat' dir='ltr'><strong>proprium</strong></span> <span class='ocrx_word' id='word_1_319' title='bbox 2410 1528 2630 1591; x_wconf 87' lang='lat' dir='ltr'><strong>dicitur,</strong></span> <span class='ocrx_word' id='word_1_320' title='bbox 2657 1535 2845 1599; x_wconf 80' lang='lat' dir='ltr'><strong>paucis</strong></span> <span class='ocrx_word' id='word_1_321' title='bbox 2861 1532 3021 1601; x_wconf 82' lang='lat' dir='ltr'><strong>hujus</strong></span> <span class='ocrx_word' id='word_1_322' title='bbox 3037 1534 3185 1587; x_wconf 85' lang='lat' dir='ltr'><strong>vocis</strong></span> <span class='ocrx_word' id='word_1_323' title='bbox 3207 1546 3336 1587; x_wconf 83' lang='lat' dir='ltr'><strong>sen-</strong></span> <span class='ocrx_word' id='word_1_324' title='bbox 3374 1604 3379 1609; x_wconf 10' lang='grc' dir='ltr'><strong>ἢ</strong></span> 
     </span>
    </p>
   </div>
   <div class='ocr_carea' id='block_1_44' title="bbox 1775 1613 3337 1690">
    <p class='ocr_par' dir='ltr' id='par_1_44' title="bbox 1775 1613 3337 1690">
     <span class='ocr_line' id='line_1_44' title="bbox 1775 1613 3337 1690; baseline 0.006 -26"><span class='ocrx_word' id='word_1_325' title='bbox 1775 1628 1891 1665; x_wconf 88' lang='lat' dir='ltr'><strong>sum</strong></span> <span class='ocrx_word' id='word_1_326' title='bbox 1923 1613 2466 1683; x_wconf 87' lang='lat' dir='ltr'><strong>comprehendamus.</strong></span> <span class='ocrx_word' id='word_1_327' title='bbox 2494 1614 2714 1672; x_wconf 86' lang='lat' dir='ltr'><strong>Vanitas</strong></span> <span class='ocrx_word' id='word_1_328' title='bbox 2736 1627 2820 1672; x_wconf 88' lang='lat' dir='ltr'><strong>est</strong></span> <span class='ocrx_word' id='word_1_329' title='bbox 2842 1619 2923 1673; x_wconf 88' lang='lat' dir='ltr'><strong>vel</strong></span> <span class='ocrx_word' id='word_1_330' title='bbox 2951 1621 3169 1674; x_wconf 88' lang='lat' dir='ltr'><strong>verbum</strong></span> <span class='ocrx_word' id='word_1_331' title='bbox 3191 1619 3337 1690; x_wconf 85' lang='lat' dir='ltr'><strong>quod</strong></span> 
     </span>
    </p>
   </div>
   <div class='ocr_carea' id='block_1_45' title="bbox 1775 1701 3337 1778">
    <p class='ocr_par' dir='ltr' id='par_1_45' title="bbox 1775 1701 3337 1778">
     <span class='ocr_line' id='line_1_45' title="bbox 1775 1701 3337 1778; baseline 0.008 -26"><span class='ocrx_word' id='word_1_332' title='bbox 1775 1716 1879 1754; x_wconf 91' lang='lat' dir='ltr'><strong>non</strong></span> <span class='ocrx_word' id='word_1_333' title='bbox 1911 1701 2056 1755; x_wconf 86' lang='lat' dir='ltr'><strong>cadit</strong></span> <span class='ocrx_word' id='word_1_334' title='bbox 2080 1703 2183 1757; x_wconf 88' lang='lat' dir='ltr'><strong>sub</strong></span> <span class='ocrx_word' id='word_1_335' title='bbox 2213 1706 2596 1774; x_wconf 80' lang='lat' dir='ltr'><strong>cogitationem</strong></span> <span class='ocrx_word' id='word_1_336' title='bbox 2642 1714 2695 1759; x_wconf 92' lang='lat' dir='ltr'><strong>et</strong></span> <span class='ocrx_word' id='word_1_337' title='bbox 2747 1707 3158 1778; x_wconf 80' lang='lat' dir='ltr'><strong>intelligentiam</strong></span> <span class='ocrx_word' id='word_1_338' title='bbox 3183 1751 3197 1774; x_wconf 92' lang='lat'><strong>,</strong></span> <span class='ocrx_word' id='word_1_339' title='bbox 3253 1711 3337 1765; x_wconf 90' lang='lat' dir='ltr'><strong>vel</strong></span> 
     </span>
    </p>
   </div>
   <div class='ocr_carea' id='block_1_46' title="bbox 1773 1792 3338 1870">
    <p class='ocr_par' dir='ltr' id='par_1_46' title="bbox 1773 1792 3338 1870">
     <span class='ocr_line' id='line_1_46' title="bbox 1773 1792 3338 1870; baseline 0.009 -27"><span class='ocrx_word' id='word_1_340' title='bbox 1773 1807 1861 1845; x_wconf 85' lang='lat' dir='ltr'><strong>res</strong></span> <span class='ocrx_word' id='word_1_341' title='bbox 1890 1792 2098 1849; x_wconf 89' lang='lat' dir='ltr'><strong>inutilis</strong></span> <span class='ocrx_word' id='word_1_342' title='bbox 2118 1834 2133 1857; x_wconf 88' lang='lat'><strong>,</strong></span> <span class='ocrx_word' id='word_1_343' title='bbox 2167 1795 2249 1849; x_wconf 90' lang='lat' dir='ltr'><strong>vel</strong></span> <span class='ocrx_word' id='word_1_344' title='bbox 2297 1797 2581 1850; x_wconf 88' lang='lat' dir='ltr'><strong>consilium</strong></span> <span class='ocrx_word' id='word_1_345' title='bbox 2613 1798 2755 1867; x_wconf 91' lang='lat' dir='ltr'><strong>quod</strong></span> <span class='ocrx_word' id='word_1_346' title='bbox 2787 1815 2893 1853; x_wconf 90' lang='lat' dir='ltr'><strong>non</strong></span> <span class='ocrx_word' id='word_1_347' title='bbox 2927 1811 3097 1870; x_wconf 82' lang='lat' dir='ltr'><strong>patest</strong></span> <span class='ocrx_word' id='word_1_348' title='bbox 3127 1802 3338 1857; x_wconf 53' lang='lat' dir='ltr'><strong>consisa</strong></span> 
     </span>
    </p>
   </div>
   <div class='ocr_carea' id='block_1_47' title="bbox 1774 1884 3337 1957">
    <p class='ocr_par' dir='ltr' id='par_1_47' title="bbox 1774 1884 3337 1957">
     <span class='ocr_line' id='line_1_47' title="bbox 1774 1884 3337 1957; baseline 0.007 -23"><span class='ocrx_word' id='word_1_349' title='bbox 1774 1889 1888 1935; x_wconf 77' lang='lat' dir='ltr'><strong>tere</strong></span> <span class='ocrx_word' id='word_1_350' title='bbox 1908 1923 1922 1946; x_wconf 94' lang='lat'><strong>,</strong></span> <span class='ocrx_word' id='word_1_351' title='bbox 1960 1884 2043 1938; x_wconf 90' lang='lat' dir='ltr'><strong>vel</strong></span> <span class='ocrx_word' id='word_1_352' title='bbox 2074 1884 2313 1939; x_wconf 89' lang='lat' dir='ltr'><strong>studium</strong></span> <span class='ocrx_word' id='word_1_353' title='bbox 2343 1886 2487 1956; x_wconf 89' lang='lat' dir='ltr'><strong>quod</strong></span> <span class='ocrx_word' id='word_1_354' title='bbox 2517 1902 2623 1941; x_wconf 90' lang='lat' dir='ltr'><strong>non</strong></span> <span class='ocrx_word' id='word_1_355' title='bbox 2657 1890 2896 1957; x_wconf 85' lang='lat' dir='ltr'><strong>pervenit</strong></span> <span class='ocrx_word' id='word_1_356' title='bbox 2926 1890 2989 1944; x_wconf 92' lang='lat' dir='ltr'><strong>ad</strong></span> <span class='ocrx_word' id='word_1_357' title='bbox 3021 1891 3179 1944; x_wconf 82' lang='lat' dir='ltr'><strong>finem</strong></span> <span class='ocrx_word' id='word_1_358' title='bbox 3204 1931 3218 1953; x_wconf 90' lang='lat'><strong>,</strong></span> <span class='ocrx_word' id='word_1_359' title='bbox 3252 1892 3337 1946; x_wconf 86' lang='lat' dir='ltr'><strong>vel</strong></span> 
     </span>
    </p>
   </div>
   <div class='ocr_carea' id='block_1_48' title="bbox 1715 1961 3337 2050">
    <p class='ocr_par' dir='ltr' id='par_1_48' title="bbox 1715 1961 3337 2050">
     <span class='ocr_line' id='line_1_48' title="bbox 1715 1961 3337 2050; baseline 0.009 -28"><span class='ocrx_word' id='word_1_360' title='bbox 1715 1961 1753 2013; x_wconf 85' lang='grc' dir='ltr'><strong>Β</strong></span> <span class='ocrx_word' id='word_1_361' title='bbox 1782 1980 1839 2023; x_wconf 92' lang='lat' dir='ltr'><strong>ut</strong></span> <span class='ocrx_word' id='word_1_362' title='bbox 1865 1972 1920 2025; x_wconf 89' lang='lat' dir='ltr'><strong>in</strong></span> <span class='ocrx_word' id='word_1_363' title='bbox 1951 1989 2164 2028; x_wconf 89' lang='lat' dir='ltr'><strong>summa</strong></span> <span class='ocrx_word' id='word_1_364' title='bbox 2189 1975 2365 2029; x_wconf 86' lang='lat' dir='ltr'><strong>dicam</strong></span> <span class='ocrx_word' id='word_1_365' title='bbox 2389 2015 2403 2039; x_wconf 87' lang='lat'><strong>,</strong></span> <span class='ocrx_word' id='word_1_366' title='bbox 2434 1976 2486 2030; x_wconf 89' lang='lat' dir='ltr'><strong>id</strong></span> <span class='ocrx_word' id='word_1_367' title='bbox 2514 1978 2659 2047; x_wconf 91' lang='lat' dir='ltr'><strong>quod</strong></span> <span class='ocrx_word' id='word_1_368' title='bbox 2692 1980 2744 2032; x_wconf 93' lang='lat' dir='ltr'><strong>in</strong></span> <span class='ocrx_word' id='word_1_369' title='bbox 2776 1981 2967 2050; x_wconf 83' lang='lat' dir='ltr'><strong>quavis</strong></span> <span class='ocrx_word' id='word_1_370' title='bbox 2993 1997 3049 2036; x_wconf 93' lang='lat' dir='ltr'><strong>re</strong></span> <span class='ocrx_word' id='word_1_371' title='bbox 3083 1983 3197 2036; x_wconf 92' lang='lat' dir='ltr'><strong>utili</strong></span> <span class='ocrx_word' id='word_1_372' title='bbox 3227 1997 3337 2037; x_wconf 82' lang='lat' dir='ltr'><strong>non</strong></span> 
     </span>
    </p>
   </div>
   <div class='ocr_carea' id='block_1_49' title="bbox 1784 2066 3337 2140">
    <p class='ocr_par' dir='ltr' id='par_1_49' title="bbox 1784 2066 3337 2140">
     <span class='ocr_line' id='line_1_49' title="bbox 1784 2066 3337 2140; baseline 0.009 -26"><span class='ocrx_word' id='word_1_373' title='bbox 1784 2071 1964 2130; x_wconf 82' lang='lat' dir='ltr'><strong>potest</strong></span> <span class='ocrx_word' id='word_1_374' title='bbox 1993 2066 2313 2121; x_wconf 76' lang='lat' dir='ltr'><strong>consistere.</strong></span> <span class='ocrx_word' id='word_1_375' title='bbox 2362 2072 2534 2138; x_wconf 87' lang='lat' dir='ltr'><strong>Atque</strong></span> <span class='ocrx_word' id='word_1_376' title='bbox 2570 2069 2617 2123; x_wconf 90' lang='lat' dir='ltr'><strong>si</strong></span> <span class='ocrx_word' id='word_1_377' title='bbox 2646 2070 2757 2139; x_wconf 87' lang='lat' dir='ltr'><strong>jam</strong></span> <span class='ocrx_word' id='word_1_378' title='bbox 2802 2072 3019 2140; x_wconf 89' lang='lat' dir='ltr'><strong>quidem</strong></span> <span class='ocrx_word' id='word_1_379' title='bbox 3065 2074 3337 2129; x_wconf 54' lang='lat' dir='ltr'><strong>intellexia</strong></span> 
     </span>
    </p>
   </div>
   <div class='ocr_carea' id='block_1_50' title="bbox 1782 2156 3339 2227">
    <p class='ocr_par' dir='ltr' id='par_1_50' title="bbox 1782 2156 3339 2227">
     <span class='ocr_line' id='line_1_50' title="bbox 1782 2156 3339 2227; baseline 0.012 -24"><span class='ocrx_word' id='word_1_380' title='bbox 1782 2169 1900 2206; x_wconf 89' lang='lat' dir='ltr'><strong>mus</strong></span> <span class='ocrx_word' id='word_1_381' title='bbox 1931 2156 2178 2223; x_wconf 87' lang='lat' dir='ltr'><strong>quisnam</strong></span> <span class='ocrx_word' id='word_1_382' title='bbox 2221 2157 2291 2213; x_wconf 89' lang='lat' dir='ltr'><strong>sit</strong></span> <span class='ocrx_word' id='word_1_383' title='bbox 2338 2160 2463 2213; x_wconf 90' lang='lat' dir='ltr'><strong>vani</strong></span> <span class='ocrx_word' id='word_1_384' title='bbox 2515 2175 2739 2227; x_wconf 86' lang='lat' dir='ltr'><strong>sensus,</strong></span> <span class='ocrx_word' id='word_1_385' title='bbox 2793 2164 3207 2219; x_wconf 80' lang='lat' dir='ltr'><strong>examinandum</strong></span> <span class='ocrx_word' id='word_1_386' title='bbox 3255 2173 3339 2221; x_wconf 82' lang='lat' dir='ltr'><strong>est</strong></span> 
     </span>
    </p>
   </div>
   <div class='ocr_carea' id='block_1_51' title="bbox 1779 2245 3333 2321">
    <p class='ocr_par' dir='ltr' id='par_1_51' title="bbox 1779 2245 3333 2321">
     <span class='ocr_line' id='line_1_51' title="bbox 1779 2245 3333 2321; baseline 0.01 -25"><span class='ocrx_word' id='word_1_387' title='bbox 1779 2245 1905 2312; x_wconf 88' lang='lat' dir='ltr'><strong>quid</strong></span> <span class='ocrx_word' id='word_1_388' title='bbox 1943 2246 2046 2299; x_wconf 88' lang='lat' dir='ltr'><strong>sibi</strong></span> <span class='ocrx_word' id='word_1_389' title='bbox 2078 2248 2209 2300; x_wconf 83' lang='lat' dir='ltr'><strong>velit</strong></span> <span class='ocrx_word' id='word_1_390' title='bbox 2240 2250 2452 2304; x_wconf 87' lang='lat' dir='ltr'><strong>vanitas</strong></span> <span class='ocrx_word' id='word_1_391' title='bbox 2487 2250 2806 2307; x_wconf 89' lang='lat' dir='ltr'><strong>vanitatum.</strong></span> <span class='ocrx_word' id='word_1_392' title='bbox 2850 2253 3112 2321; x_wconf 83' lang='lat' dir='ltr'><strong>Quisnam</strong></span> <span class='ocrx_word' id='word_1_393' title='bbox 3155 2266 3333 2314; x_wconf 81' lang='lat' dir='ltr'><strong>autem</strong></span> 
     </span>
    </p>
   </div>
   <div class='ocr_carea' id='block_1_52' title="bbox 1779 2336 3335 2414">
    <p class='ocr_par' dir='ltr' id='par_1_52' title="bbox 1779 2336 3335 2414">
     <span class='ocr_line' id='line_1_52' title="bbox 1779 2336 3335 2414; baseline 0.011 -27"><span class='ocrx_word' id='word_1_394' title='bbox 1779 2337 1846 2387; x_wconf 86' lang='lat' dir='ltr'><strong>sit</strong></span> <span class='ocrx_word' id='word_1_395' title='bbox 1903 2336 1994 2404; x_wconf 87' lang='lat' dir='ltr'><strong>qui</strong></span> <span class='ocrx_word' id='word_1_396' title='bbox 2043 2338 2306 2405; x_wconf 74' lang='lat' dir='ltr'><strong>quaeritur</strong></span> <span class='ocrx_word' id='word_1_397' title='bbox 2349 2355 2581 2405; x_wconf 87' lang='lat' dir='ltr'><strong>sensus,</strong></span> <span class='ocrx_word' id='word_1_398' title='bbox 2629 2342 2790 2397; x_wconf 89' lang='lat' dir='ltr'><strong>fuerit</strong></span> <span class='ocrx_word' id='word_1_399' title='bbox 2830 2347 2988 2401; x_wconf 91' lang='lat' dir='ltr'><strong>nobis</strong></span> <span class='ocrx_word' id='word_1_400' title='bbox 3024 2349 3240 2414; x_wconf 89' lang='lat' dir='ltr'><strong>notius,</strong></span> <span class='ocrx_word' id='word_1_401' title='bbox 3287 2347 3335 2404; x_wconf 85' lang='lat' dir='ltr'><strong>si</strong></span> 
     </span>
    </p>
   </div>
   <div class='ocr_carea' id='block_1_53' title="bbox 1782 2426 3339 2511">
    <p class='ocr_par' dir='ltr' id='par_1_53' title="bbox 1782 2426 3339 2511">
     <span class='ocr_line' id='line_1_53' title="bbox 1782 2426 3339 2511; baseline 0.013 -33"><span class='ocrx_word' id='word_1_402' title='bbox 1782 2426 2075 2496; x_wconf 71' lang='lat' dir='ltr'><strong>Scriptum</strong></span> <span class='ocrx_word' id='word_1_403' title='bbox 2120 2431 2563 2487; x_wconf 72' lang='lat' dir='ltr'><strong>consumudinem</strong></span> <span class='ocrx_word' id='word_1_404' title='bbox 2613 2436 2984 2493; x_wconf 79' lang='lat' dir='ltr'><strong>examinemus</strong></span> <span class='ocrx_word' id='word_1_405' title='bbox 3039 2439 3091 2493; x_wconf 92' lang='lat' dir='ltr'><strong>in</strong></span> <span class='ocrx_word' id='word_1_406' title='bbox 3122 2441 3187 2496; x_wconf 91' lang='lat' dir='ltr'><strong>iis</strong></span> <span class='ocrx_word' id='word_1_407' title='bbox 3213 2456 3339 2511; x_wconf 67' lang='lat' dir='ltr'><strong>qua!</strong></span> 
     </span>
    </p>
   </div>
   <div class='ocr_carea' id='block_1_54' title="bbox 1779 2518 3334 2596">
    <p class='ocr_par' dir='ltr' id='par_1_54' title="bbox 1779 2518 3334 2596">
     <span class='ocr_line' id='line_1_54' title="bbox 1779 2518 3334 2596; baseline 0.012 -26"><span class='ocrx_word' id='word_1_408' title='bbox 1779 2518 2153 2589; x_wconf 78' lang='lat' dir='ltr'><strong>intelliguntur</strong></span> <span class='ocrx_word' id='word_1_409' title='bbox 2185 2536 2305 2576; x_wconf 89' lang='lat' dir='ltr'><strong>esse</strong></span> <span class='ocrx_word' id='word_1_410' title='bbox 2339 2524 2560 2577; x_wconf 85' lang='lat' dir='ltr'><strong>meliora</strong></span> <span class='ocrx_word' id='word_1_411' title='bbox 2594 2540 2657 2580; x_wconf 90' lang='lat' dir='ltr'><strong>ac</strong></span> <span class='ocrx_word' id='word_1_412' title='bbox 2691 2530 3086 2596; x_wconf 64' lang='lat' dir='ltr'><strong>praestantiora.</strong></span> <span class='ocrx_word' id='word_1_413' title='bbox 3134 2531 3334 2587; x_wconf 84' lang='lat' dir='ltr'><strong>Eorum</strong></span> 
     </span>
    </p>
   </div>
   <div class='ocr_carea' id='block_1_55' title="bbox 1777 2612 3339 2689">
    <p class='ocr_par' dir='ltr' id='par_1_55' title="bbox 1777 2612 3339 2689">
     <span class='ocr_line' id='line_1_55' title="bbox 1777 2612 3339 2689; baseline 0.011 -31"><span class='ocrx_word' id='word_1_414' title='bbox 1777 2623 1897 2676; x_wconf 63' lang='lat' dir='ltr'><strong>quae</strong></span> <span class='ocrx_word' id='word_1_415' title='bbox 1948 2620 2074 2663; x_wconf 89' lang='lat' dir='ltr'><strong>sunt</strong></span> <span class='ocrx_word' id='word_1_416' title='bbox 2112 2612 2420 2666; x_wconf 85' lang='lat' dir='ltr'><strong>necessaria</strong></span> <span class='ocrx_word' id='word_1_417' title='bbox 2452 2622 2506 2667; x_wconf 90' lang='lat' dir='ltr'><strong>et</strong></span> <span class='ocrx_word' id='word_1_418' title='bbox 2567 2616 2716 2669; x_wconf 89' lang='lat' dir='ltr'><strong>utilia</strong></span> <span class='ocrx_word' id='word_1_419' title='bbox 2761 2618 2925 2679; x_wconf 88' lang='lat' dir='ltr'><strong>actio,</strong></span> <span class='ocrx_word' id='word_1_420' title='bbox 2978 2634 3114 2689; x_wconf 90' lang='lat' dir='ltr'><strong>opus</strong></span> <span class='ocrx_word' id='word_1_421' title='bbox 3157 2624 3339 2677; x_wconf 67' lang='lat' dir='ltr'><strong>nomia</strong></span> 
     </span>
    </p>
   </div>
   <div class='ocr_carea' id='block_1_56' title="bbox 1779 2701 3334 2778">
    <p class='ocr_par' dir='ltr' id='par_1_56' title="bbox 1779 2701 3334 2778">
     <span class='ocr_line' id='line_1_56' title="bbox 1779 2701 3334 2778; baseline 0.011 -27"><span class='ocrx_word' id='word_1_422' title='bbox 1779 2707 1939 2751; x_wconf 87' lang='lat' dir='ltr'><strong>natur</strong></span> <span class='ocrx_word' id='word_1_423' title='bbox 1993 2714 2021 2752; x_wconf 89' lang='lat' dir='ltr'><strong>a</strong></span> <span class='ocrx_word' id='word_1_424' title='bbox 2081 2701 2394 2770; x_wconf 89' lang='lat' dir='ltr'><strong>Scriptura;</strong></span> <span class='ocrx_word' id='word_1_425' title='bbox 2445 2705 2536 2760; x_wconf 87' lang='lat' dir='ltr'><strong>sed</strong></span> <span class='ocrx_word' id='word_1_426' title='bbox 2582 2720 2767 2760; x_wconf 89' lang='lat' dir='ltr'><strong>eorum</strong></span> <span class='ocrx_word' id='word_1_427' title='bbox 2822 2709 2875 2761; x_wconf 90' lang='lat' dir='ltr'><strong>in</strong></span> <span class='ocrx_word' id='word_1_428' title='bbox 2924 2725 3042 2778; x_wconf 68' lang='lat' dir='ltr'><strong>qua:</strong></span> <span class='ocrx_word' id='word_1_429' title='bbox 3097 2714 3334 2768; x_wconf 89' lang='lat' dir='ltr'><strong>studium</strong></span> 
     </span>
    </p>
   </div>
   <div class='ocr_carea' id='block_1_57' title="bbox 1779 2793 3341 2877">
    <p class='ocr_par' dir='ltr' id='par_1_57' title="bbox 1779 2793 3341 2877">
     <span class='ocr_line' id='line_1_57' title="bbox 1779 2793 3341 2877; baseline 0.011 -32"><span class='ocrx_word' id='word_1_430' title='bbox 1779 2793 2074 2856; x_wconf 79' lang='lat' dir='ltr'><strong>confertur,</strong></span> <span class='ocrx_word' id='word_1_431' title='bbox 2106 2810 2444 2866; x_wconf 66' lang='lat' dir='ltr'><strong>quaecunque</strong></span> <span class='ocrx_word' id='word_1_432' title='bbox 2475 2799 2772 2863; x_wconf 79' lang='lat' dir='ltr'><strong>excellunt,</strong></span> <span class='ocrx_word' id='word_1_433' title='bbox 2820 2812 2873 2856; x_wconf 90' lang='lat' dir='ltr'><strong>et</strong></span> <span class='ocrx_word' id='word_1_434' title='bbox 2922 2820 3042 2873; x_wconf 66' lang='lat' dir='ltr'><strong>qua:</strong></span> <span class='ocrx_word' id='word_1_435' title='bbox 3089 2813 3341 2877; x_wconf 72' lang='lat' dir='ltr'><strong>spectant</strong></span> 
     </span>
    </p>
   </div>
   <div class='ocr_carea' id='block_1_58' title="bbox 1780 2883 3337 2962">
    <p class='ocr_par' dir='ltr' id='par_1_58' title="bbox 1780 2883 3337 2962">
     <span class='ocr_line' id='line_1_58' title="bbox 1780 2883 3337 2962; baseline 0.01 -26"><span class='ocrx_word' id='word_1_436' title='bbox 1780 2883 1845 2937; x_wconf 89' lang='lat' dir='ltr'><strong>ad</strong></span> <span class='ocrx_word' id='word_1_437' title='bbox 1880 2885 2055 2952; x_wconf 87' lang='lat' dir='ltr'><strong>ipsum</strong></span> <span class='ocrx_word' id='word_1_438' title='bbox 2091 2885 2182 2940; x_wconf 87' lang='lat' dir='ltr'><strong>Dei</strong></span> <span class='ocrx_word' id='word_1_439' title='bbox 2215 2888 2455 2953; x_wconf 90' lang='lat' dir='ltr'><strong>cultum,</strong></span> <span class='ocrx_word' id='word_1_440' title='bbox 2486 2889 2741 2944; x_wconf 89' lang='lat' dir='ltr'><strong>dicuntur</strong></span> <span class='ocrx_word' id='word_1_441' title='bbox 2768 2907 2928 2961; x_wconf 90' lang='lat' dir='ltr'><strong>opera</strong></span> <span class='ocrx_word' id='word_1_442' title='bbox 2972 2910 3193 2960; x_wconf 81' lang='lat' dir='ltr'><strong>Operum</strong></span> <span class='ocrx_word' id='word_1_443' title='bbox 3215 2934 3230 2962; x_wconf 70' lang='grc' dir='ltr'><strong>ς</strong></span> <span class='ocrx_word' id='word_1_444' title='bbox 3261 2901 3337 2955; x_wconf 64' lang='grc' dir='ltr'><strong>εἰς</strong></span> 
     </span>
    </p>
   </div>
   <div class='ocr_carea' id='block_1_59' title="bbox 1778 2976 3337 3058">
    <p class='ocr_par' dir='ltr' id='par_1_59' title="bbox 1778 2976 3337 3058">
     <span class='ocr_line' id='line_1_59' title="bbox 1778 2976 3337 3058; baseline 0.012 -30"><span class='ocrx_word' id='word_1_445' title='bbox 1778 2984 1871 3028; x_wconf 87' lang='lat' dir='ltr'><strong>cut</strong></span> <span class='ocrx_word' id='word_1_446' title='bbox 1900 2976 2138 3031; x_wconf 87' lang='lat' dir='ltr'><strong>declarat</strong></span> <span class='ocrx_word' id='word_1_447' title='bbox 2169 2979 2451 3049; x_wconf 82' lang='lat' dir='ltr'><strong>Scriptura</strong></span> <span class='ocrx_word' id='word_1_448' title='bbox 2474 3020 2489 3043; x_wconf 89' lang='lat'><strong>,</strong></span> <span class='ocrx_word' id='word_1_449' title='bbox 2519 2982 2839 3039; x_wconf 87' lang='lat' dir='ltr'><strong>ostendente</strong></span> <span class='ocrx_word' id='word_1_450' title='bbox 2859 3027 2873 3051; x_wconf 92' lang='lat'><strong>,</strong></span> <span class='ocrx_word' id='word_1_451' title='bbox 2926 2996 2984 3041; x_wconf 93' lang='lat' dir='ltr'><strong>ut</strong></span> <span class='ocrx_word' id='word_1_452' title='bbox 3036 2997 3166 3058; x_wconf 88' lang='lat' dir='ltr'><strong>puto</strong></span> <span class='ocrx_word' id='word_1_453' title='bbox 3187 3032 3202 3056; x_wconf 96' lang='lat'><strong>,</strong></span> <span class='ocrx_word' id='word_1_454' title='bbox 3234 2991 3337 3047; x_wconf 86' lang='lat' dir='ltr'><strong>hac</strong></span> 
     </span>
    </p>
   </div>
   <div class='ocr_carea' id='block_1_60' title="bbox 1778 3066 3335 3152">
    <p class='ocr_par' dir='ltr' id='par_1_60' title="bbox 1778 3066 3335 3152">
     <span class='ocr_line' id='line_1_60' title="bbox 1778 3066 3335 3152; baseline 0.012 -34"><span class='ocrx_word' id='word_1_455' title='bbox 1778 3066 2048 3130; x_wconf 86' lang='lat' dir='ltr'><strong>dictione,</strong></span> <span class='ocrx_word' id='word_1_456' title='bbox 2082 3084 2175 3136; x_wconf 91' lang='lat' dir='ltr'><strong>per</strong></span> <span class='ocrx_word' id='word_1_457' title='bbox 2201 3071 2487 3139; x_wconf 86' lang='lat' dir='ltr'><strong>quamdam</strong></span> <span class='ocrx_word' id='word_1_458' title='bbox 2521 3075 2851 3145; x_wconf 84' lang='lat' dir='ltr'><strong>analogiam,</strong></span> <span class='ocrx_word' id='word_1_459' title='bbox 2898 3092 2963 3133; x_wconf 84' lang='lat' dir='ltr'><strong>ex</strong></span> <span class='ocrx_word' id='word_1_460' title='bbox 3002 3095 3165 3149; x_wconf 86' lang='lat' dir='ltr'><strong>opere</strong></span> <span class='ocrx_word' id='word_1_461' title='bbox 3201 3097 3335 3152; x_wconf 83' lang='lat' dir='ltr'><strong>ope-</strong></span> 
     </span>
    </p>
   </div>
   <div class='ocr_carea' id='block_1_61' title="bbox 1781 3160 3340 3243">
    <p class='ocr_par' dir='ltr' id='par_1_61' title="bbox 1781 3160 3340 3243">
     <span class='ocr_line' id='line_1_61' title="bbox 1781 3160 3340 3243; baseline 0.013 -35"><span class='ocrx_word' id='word_1_462' title='bbox 1781 3173 1897 3209; x_wconf 89' lang='lat' dir='ltr'><strong>rum</strong></span> <span class='ocrx_word' id='word_1_463' title='bbox 1921 3198 1935 3221; x_wconf 94' lang='lat'><strong>,</strong></span> <span class='ocrx_word' id='word_1_464' title='bbox 1962 3160 2218 3228; x_wconf 90' lang='lat' dir='ltr'><strong>quidnam</strong></span> <span class='ocrx_word' id='word_1_465' title='bbox 2254 3162 2324 3216; x_wconf 90' lang='lat' dir='ltr'><strong>sit</strong></span> <span class='ocrx_word' id='word_1_466' title='bbox 2361 3166 2864 3232; x_wconf 66' lang='lat' dir='ltr'><strong>praestantissimum</strong></span> <span class='ocrx_word' id='word_1_467' title='bbox 2897 3184 2961 3224; x_wconf 81' lang='lat' dir='ltr'><strong>ex</strong></span> <span class='ocrx_word' id='word_1_468' title='bbox 3013 3171 3078 3226; x_wconf 83' lang='lat' dir='ltr'><strong>iis</strong></span> <span class='ocrx_word' id='word_1_469' title='bbox 3120 3172 3172 3226; x_wconf 92' lang='lat' dir='ltr'><strong>in</strong></span> <span class='ocrx_word' id='word_1_470' title='bbox 3216 3188 3340 3243; x_wconf 57' lang='lat' dir='ltr'><strong>qua</strong></span> 
     </span>
    </p>
   </div>
   <div class='ocr_carea' id='block_1_62' title="bbox 105 3248 1677 3351">
    <p class='ocr_par' dir='ltr' id='par_1_62' title="bbox 105 3248 1677 3326">
     <span class='ocr_line' id='line_1_62' title="bbox 105 3248 1677 3326; baseline -0.008 -15"><span class='ocrx_word' id='word_1_471' title='bbox 105 3260 266 3326; x_wconf 66' lang='grc' dir='ltr'>ἅγιόν</span> <span class='ocrx_word' id='word_1_472' title='bbox 308 3275 360 3309; x_wconf 88' lang='grc' dir='ltr'><strong>τι</strong></span> <span class='ocrx_word' id='word_1_473' title='bbox 394 3256 540 3326; x_wconf 71' lang='grc' dir='ltr'>παρὰ</span> <span class='ocrx_word' id='word_1_474' title='bbox 572 3258 638 3325; x_wconf 79' lang='grc' dir='ltr'>τῇ</span> <span class='ocrx_word' id='word_1_475' title='bbox 674 3255 858 3326; x_wconf 78' lang='grc' dir='ltr'>Γραφῇ</span> <span class='ocrx_word' id='word_1_476' title='bbox 904 3253 1144 3319; x_wconf 82' lang='grc' dir='ltr'>λέγεται·</span> <span class='ocrx_word' id='word_1_477' title='bbox 1184 3250 1277 3303; x_wconf 77' lang='grc' dir='ltr'><strong>καὶ</strong></span> <span class='ocrx_word' id='word_1_478' title='bbox 1321 3249 1479 3302; x_wconf 82' lang='grc' dir='ltr'>πάλιν</span> <span class='ocrx_word' id='word_1_479' title='bbox 1526 3248 1677 3315; x_wconf 77' lang='grc' dir='ltr'>ἅγιον</span> 
     </span>
    </p>
   </div>
   <div class='ocr_carea' id='block_1_63' title="bbox 1778 3248 3337 3351">
    <p class='ocr_par' dir='ltr' id='par_1_63' title="bbox 1782 3249 3337 3325">
     <span class='ocr_line' id='line_1_63' title="bbox 1782 3249 3337 3325; baseline 0.011 -22"><span class='ocrx_word' id='word_1_480' title='bbox 1782 3249 2021 3303; x_wconf 88' lang='lat' dir='ltr'><strong>studium</strong></span> <span class='ocrx_word' id='word_1_481' title='bbox 2051 3251 2345 3307; x_wconf 82' lang='lat' dir='ltr'><strong>confertur.</strong></span> <span class='ocrx_word' id='word_1_482' title='bbox 2392 3252 2526 3307; x_wconf 80' lang='lat' dir='ltr'><strong>Nam</strong></span> <span class='ocrx_word' id='word_1_483' title='bbox 2572 3271 2734 3325; x_wconf 91' lang='lat' dir='ltr'><strong>quam</strong></span> <span class='ocrx_word' id='word_1_484' title='bbox 2783 3259 2943 3314; x_wconf 88' lang='lat' dir='ltr'><strong>habet</strong></span> <span class='ocrx_word' id='word_1_485' title='bbox 2973 3263 3234 3318; x_wconf 90' lang='lat' dir='ltr'><strong>rationem</strong></span> <span class='ocrx_word' id='word_1_486' title='bbox 3268 3263 3337 3320; x_wconf 84' lang='lat' dir='ltr'><strong>ad</strong></span> 
     </span>
    </p>
   </div>
   <div class='ocr_carea' id='block_1_64' title="bbox 104 3340 1675 3418">
    <p class='ocr_par' dir='ltr' id='par_1_64' title="bbox 104 3340 1675 3418">
     <span class='ocr_line' id='line_1_64' title="bbox 104 3340 1675 3418; baseline -0.006 -16"><span class='ocrx_word' id='word_1_487' title='bbox 104 3350 304 3418; x_wconf 79' lang='grc' dir='ltr'>ἁγίων,</span> <span class='ocrx_word' id='word_1_488' title='bbox 332 3349 407 3409; x_wconf 80' lang='grc' dir='ltr'>ὡς</span> <span class='ocrx_word' id='word_1_489' title='bbox 449 3349 544 3416; x_wconf 74' lang='grc' dir='ltr'><strong>ἴσῳ</strong></span> <span class='ocrx_word' id='word_1_490' title='bbox 591 3348 668 3415; x_wconf 79' lang='grc' dir='ltr'><strong>τῷ</strong></span> <span class='ocrx_word' id='word_1_491' title='bbox 698 3346 880 3416; x_wconf 85' lang='grc' dir='ltr'>μέτρῳ</span> <span class='ocrx_word' id='word_1_492' title='bbox 929 3343 1022 3396; x_wconf 79' lang='grc' dir='ltr'>τοῦ</span> <span class='ocrx_word' id='word_1_493' title='bbox 1044 3356 1097 3391; x_wconf 69' lang='grc' dir='ltr'><strong>τε</strong></span> <span class='ocrx_word' id='word_1_494' title='bbox 1122 3341 1182 3405; x_wconf 74' lang='grc' dir='ltr'>ἐξ</span> <span class='ocrx_word' id='word_1_495' title='bbox 1223 3340 1376 3408; x_wconf 86' lang='grc' dir='ltr'>ἁγίου</span> <span class='ocrx_word' id='word_1_496' title='bbox 1421 3343 1483 3393; x_wconf 82' lang='grc' dir='ltr'><strong>τὸ</strong></span> <span class='ocrx_word' id='word_1_497' title='bbox 1524 3342 1675 3408; x_wconf 80' lang='grc' dir='ltr'>ἆγιον</span> 
     </span>
    </p>
   </div>
   <div class='ocr_carea' id='block_1_65' title="bbox 107 3430 1675 3511">
    <p class='ocr_par' dir='ltr' id='par_1_65' title="bbox 107 3430 1675 3511">
     <span class='ocr_line' id='line_1_65' title="bbox 107 3430 1675 3511; baseline -0.008 -17"><span class='ocrx_word' id='word_1_498' title='bbox 107 3442 395 3511; x_wconf 74' lang='grc' dir='ltr'>ὑπερέχων</span> <span class='ocrx_word' id='word_1_499' title='bbox 439 3440 496 3491; x_wconf 82' lang='grc' dir='ltr'>ὲν</span> <span class='ocrx_word' id='word_1_500' title='bbox 544 3439 811 3506; x_wconf 76' lang='grc' dir='ltr'><strong>ἁγιότητι⁹</strong></span> <span class='ocrx_word' id='word_1_501' title='bbox 869 3431 962 3488; x_wconf 70' lang='grc' dir='ltr'>καὶ</span> <span class='ocrx_word' id='word_1_502' title='bbox 1010 3432 1195 3485; x_wconf 85' lang='grc' dir='ltr'>τούτου</span> <span class='ocrx_word' id='word_1_503' title='bbox 1238 3432 1417 3490; x_wconf 83' lang='grc' dir='ltr'>πάλιν.</span> <span class='ocrx_word' id='word_1_504' title='bbox 1464 3432 1523 3484; x_wconf 79' lang='grc' dir='ltr'>τὸ</span> <span class='ocrx_word' id='word_1_505' title='bbox 1568 3430 1675 3483; x_wconf 87' lang='grc' dir='ltr'>τῶν</span> 
     </span>
    </p>
   </div>
   <div class='ocr_carea' id='block_1_66' title="bbox 104 3523 1676 3601">
    <p class='ocr_par' dir='ltr' id='par_1_66' title="bbox 104 3523 1676 3601">
     <span class='ocr_line' id='line_1_66' title="bbox 104 3523 1676 3601; baseline -0.007 -15"><span class='ocrx_word' id='word_1_506' title='bbox 104 3534 283 3601; x_wconf 77' lang='grc' dir='ltr'>ἁγίων</span> <span class='ocrx_word' id='word_1_507' title='bbox 323 3532 496 3599; x_wconf 85' lang='grc' dir='ltr'>ἆγιον,</span> <span class='ocrx_word' id='word_1_508' title='bbox 540 3531 599 3583; x_wconf 79' lang='grc' dir='ltr'><strong>τὸ</strong></span> <span class='ocrx_word' id='word_1_509' title='bbox 644 3529 764 3581; x_wconf 82' lang='grc' dir='ltr'>καθ’</span> <span class='ocrx_word' id='word_1_510' title='bbox 811 3525 1096 3597; x_wconf 81' lang='grc' dir='ltr'>ὑπέρθεσιν</span> <span class='ocrx_word' id='word_1_511' title='bbox 1146 3525 1203 3575; x_wconf 80' lang='grc' dir='ltr'>ὲν</span> <span class='ocrx_word' id='word_1_512' title='bbox 1248 3523 1500 3593; x_wconf 83' lang='grc' dir='ltr'>ἁγιασμῷ</span> <span class='ocrx_word' id='word_1_513' title='bbox 1545 3523 1676 3575; x_wconf 81' lang='grc' dir='ltr'>θεω-</span> 
     </span>
    </p>
   </div>
   <div class='ocr_carea' id='block_1_67' title="bbox 107 3626 398 3694">
    <p class='ocr_par' dir='ltr' id='par_1_67' title="bbox 107 3626 398 3694">
     <span class='ocr_line' id='line_1_67' title="bbox 107 3626 398 3694; baseline 0.003 -18"><span class='ocrx_word' id='word_1_514' title='bbox 107 3626 208 3694; x_wconf 82' lang='grc' dir='ltr'><strong>ρού</strong></span> <span class='ocrx_word' id='word_1_515' title='bbox 218 3641 398 3694; x_wconf 80' lang='grc' dir='ltr'>μενον.</span> 
     </span>
    </p>
   </div>
   <div class='ocr_carea' id='block_1_68' title="bbox 1781 3343 3337 3420">
    <p class='ocr_par' dir='ltr' id='par_1_68' title="bbox 1781 3343 3337 3420">
     <span class='ocr_line' id='line_1_68' title="bbox 1781 3343 3337 3420; baseline 0.011 -27"><span class='ocrx_word' id='word_1_516' title='bbox 1781 3343 1949 3395; x_wconf 91' lang='lat' dir='ltr'><strong>otium</strong></span> <span class='ocrx_word' id='word_1_517' title='bbox 1974 3343 2027 3396; x_wconf 87' lang='lat' dir='ltr'><strong>in</strong></span> <span class='ocrx_word' id='word_1_518' title='bbox 2053 3359 2246 3412; x_wconf 82' lang='lat' dir='ltr'><strong>genere</strong></span> <span class='ocrx_word' id='word_1_519' title='bbox 2268 3346 2317 3399; x_wconf 90' lang='lat' dir='ltr'><strong>id</strong></span> <span class='ocrx_word' id='word_1_520' title='bbox 2342 3346 2484 3415; x_wconf 90' lang='lat' dir='ltr'><strong>quod</strong></span> <span class='ocrx_word' id='word_1_521' title='bbox 2508 3348 2562 3401; x_wconf 93' lang='lat' dir='ltr'><strong>in</strong></span> <span class='ocrx_word' id='word_1_522' title='bbox 2584 3362 2746 3418; x_wconf 83' lang='lat' dir='ltr'><strong>opera</strong></span> <span class='ocrx_word' id='word_1_523' title='bbox 2769 3351 3043 3407; x_wconf 81' lang='lat' dir='ltr'><strong>confertur</strong></span> <span class='ocrx_word' id='word_1_524' title='bbox 3062 3355 3297 3411; x_wconf 88' lang='lat' dir='ltr'><strong>studium</strong></span> <span class='ocrx_word' id='word_1_525' title='bbox 3318 3395 3337 3420; x_wconf 81' lang='lat'><strong>,</strong></span> 
     </span>
    </p>
   </div>
   <div class='ocr_carea' id='block_1_69' title="bbox 1783 3434 3339 3513">
    <p class='ocr_par' dir='ltr' id='par_1_69' title="bbox 1783 3434 3339 3513">
     <span class='ocr_line' id='line_1_69' title="bbox 1783 3434 3339 3513; baseline 0.012 -28"><span class='ocrx_word' id='word_1_526' title='bbox 1783 3434 2024 3488; x_wconf 91' lang='lat' dir='ltr'><strong>eamdem</strong></span> <span class='ocrx_word' id='word_1_527' title='bbox 2054 3434 2216 3490; x_wconf 85' lang='lat' dir='ltr'><strong>habet</strong></span> <span class='ocrx_word' id='word_1_528' title='bbox 2245 3438 2521 3505; x_wconf 8' lang='lat' dir='ltr'><strong>rationem,</strong></span> <span class='ocrx_word' id='word_1_529' title='bbox 2540 3439 2602 3493; x_wconf 88' lang='lat' dir='ltr'><strong>ad</strong></span> <span class='ocrx_word' id='word_1_530' title='bbox 2631 3441 2735 3495; x_wconf 90' lang='lat' dir='ltr'><strong>alia</strong></span> <span class='ocrx_word' id='word_1_531' title='bbox 2763 3456 2925 3511; x_wconf 86' lang='lat' dir='ltr'><strong>opera</strong></span> <span class='ocrx_word' id='word_1_532' title='bbox 2955 3456 3074 3513; x_wconf 86' lang='lat' dir='ltr'><strong>quae</strong></span> <span class='ocrx_word' id='word_1_533' title='bbox 3103 3446 3157 3501; x_wconf 93' lang='lat' dir='ltr'><strong>in</strong></span> <span class='ocrx_word' id='word_1_534' title='bbox 3187 3449 3339 3504; x_wconf 84' lang='lat' dir='ltr'><strong>altis-</strong></span> 
     </span>
    </p>
   </div>
   <div class='ocr_carea' id='block_1_70' title="bbox 1784 3525 3338 3605">
    <p class='ocr_par' dir='ltr' id='par_1_70' title="bbox 1784 3525 3338 3605">
     <span class='ocr_line' id='line_1_70' title="bbox 1784 3525 3338 3605; baseline 0.012 -28"><span class='ocrx_word' id='word_1_535' title='bbox 1784 3525 1938 3578; x_wconf 88' lang='lat' dir='ltr'><strong>simis</strong></span> <span class='ocrx_word' id='word_1_536' title='bbox 1968 3536 2016 3579; x_wconf 86' lang='lat' dir='ltr'><strong>et</strong></span> <span class='ocrx_word' id='word_1_537' title='bbox 2062 3529 2527 3596; x_wconf 69' lang='lat' dir='ltr'><strong>praestantissimis</strong></span> <span class='ocrx_word' id='word_1_538' title='bbox 2558 3546 2779 3596; x_wconf 88' lang='lat' dir='ltr'><strong>eorum,</strong></span> <span class='ocrx_word' id='word_1_539' title='bbox 2827 3534 2881 3589; x_wconf 92' lang='lat' dir='ltr'><strong>in</strong></span> <span class='ocrx_word' id='word_1_540' title='bbox 2929 3551 3049 3605; x_wconf 87' lang='lat' dir='ltr'><strong>quae</strong></span> <span class='ocrx_word' id='word_1_541' title='bbox 3096 3541 3338 3596; x_wconf 89' lang='lat' dir='ltr'><strong>studium</strong></span> 
     </span>
    </p>
   </div>
   <div class='ocr_carea' id='block_1_71' title="bbox 1785 3614 3338 3688">
    <p class='ocr_par' dir='ltr' id='par_1_71' title="bbox 1785 3614 3338 3688">
     <span class='ocr_line' id='line_1_71' title="bbox 1785 3614 3338 3688; baseline 0.014 -22"><span class='ocrx_word' id='word_1_542' title='bbox 1785 3614 2081 3675; x_wconf 83' lang='lat' dir='ltr'><strong>confertur,</strong></span> <span class='ocrx_word' id='word_1_543' title='bbox 2113 3617 2334 3686; x_wconf 91' lang='lat' dir='ltr'><strong>ponitur</strong></span> <span class='ocrx_word' id='word_1_544' title='bbox 2360 3622 2618 3688; x_wconf 87' lang='lat' dir='ltr'><strong>operatio.</strong></span> <span class='ocrx_word' id='word_1_545' title='bbox 2660 3621 2734 3675; x_wconf 88' lang='lat' dir='ltr'><strong>Ita</strong></span> <span class='ocrx_word' id='word_1_546' title='bbox 2765 3625 2927 3679; x_wconf 92' lang='lat' dir='ltr'><strong>etiam</strong></span> <span class='ocrx_word' id='word_1_547' title='bbox 2963 3636 3210 3684; x_wconf 91' lang='lat' dir='ltr'><strong>sanctum</strong></span> <span class='ocrx_word' id='word_1_548' title='bbox 3239 3633 3338 3687; x_wconf 51' lang='lat' dir='ltr'><strong>alin</strong></span> 
     </span>
    </p>
   </div>
   <div class='ocr_carea' id='block_1_72' title="bbox 104 3710 3342 3792">
    <p class='ocr_par' dir='ltr' id='par_1_72' title="bbox 104 3710 3342 3792">
     <span class='ocr_line' id='line_1_72' title="bbox 104 3710 3342 3792; baseline 0.003 -25"><span class='ocrx_word' id='word_1_549' title='bbox 104 3719 243 3785; x_wconf 72' lang='lat' dir='ltr'><strong>quid</strong></span> <span class='ocrx_word' id='word_1_550' title='bbox 294 3718 493 3771; x_wconf 86' lang='lat' dir='ltr'><strong>dicitur</strong></span> <span class='ocrx_word' id='word_1_551' title='bbox 537 3717 588 3769; x_wconf 92' lang='lat' dir='ltr'><strong>in</strong></span> <span class='ocrx_word' id='word_1_552' title='bbox 638 3716 919 3781; x_wconf 85' lang='lat' dir='ltr'><strong>Scriptura</strong></span> <span class='ocrx_word' id='word_1_553' title='bbox 945 3752 962 3778; x_wconf 91' lang='lat'><strong>,</strong></span> <span class='ocrx_word' id='word_1_554' title='bbox 1001 3721 1055 3766; x_wconf 86' lang='lat' dir='ltr'><strong>et</strong></span> <span class='ocrx_word' id='word_1_555' title='bbox 1095 3722 1287 3765; x_wconf 84' lang='lat' dir='ltr'><strong>rursus</strong></span> <span class='ocrx_word' id='word_1_556' title='bbox 1330 3717 1578 3764; x_wconf 90' lang='lat' dir='ltr'><strong>sanctum</strong></span> <span class='ocrx_word' id='word_1_557' title='bbox 1638 3717 1986 3774; x_wconf 86' lang='lat' dir='ltr'><strong>sanctorum.</strong></span> <span class='ocrx_word' id='word_1_558' title='bbox 2034 3710 2171 3765; x_wconf 88' lang='lat' dir='ltr'><strong>adeo</strong></span> <span class='ocrx_word' id='word_1_559' title='bbox 2219 3719 2278 3765; x_wconf 92' lang='lat' dir='ltr'><strong>ut</strong></span> <span class='ocrx_word' id='word_1_560' title='bbox 2312 3713 2427 3782; x_wconf 90' lang='lat' dir='ltr'><strong>pari</strong></span> <span class='ocrx_word' id='word_1_561' title='bbox 2460 3728 2713 3769; x_wconf 88' lang='lat' dir='ltr'><strong>mensura</strong></span> <span class='ocrx_word' id='word_1_562' title='bbox 2744 3725 2797 3770; x_wconf 92' lang='lat' dir='ltr'><strong>et</strong></span> <span class='ocrx_word' id='word_1_563' title='bbox 2838 3726 3086 3772; x_wconf 91' lang='lat' dir='ltr'><strong>sanctum</strong></span> <span class='ocrx_word' id='word_1_564' title='bbox 3117 3730 3342 3792; x_wconf 78' lang='lat' dir='ltr'><strong>SUperet</strong></span> 
     </span>
    </p>
   </div>
   <div class='ocr_carea' id='block_1_73' title="bbox 110 3794 3335 3879">
    <p class='ocr_par' dir='ltr' id='par_1_73' title="bbox 110 3794 3335 3879">
     <span class='ocr_line' id='line_1_73' title="bbox 110 3794 3335 3879; baseline 0.002 -15"><span class='ocrx_word' id='word_1_565' title='bbox 110 3813 401 3878; x_wconf 84' lang='lat' dir='ltr'><strong>profanum</strong></span> <span class='ocrx_word' id='word_1_566' title='bbox 444 3813 494 3864; x_wconf 93' lang='lat' dir='ltr'><strong>in</strong></span> <span class='ocrx_word' id='word_1_567' title='bbox 525 3794 831 3871; x_wconf 72' lang='lat' dir='ltr'><strong>sanctitate,</strong></span> <span class='ocrx_word' id='word_1_568' title='bbox 887 3814 939 3861; x_wconf 90' lang='lat' dir='ltr'><strong>et</strong></span> <span class='ocrx_word' id='word_1_569' title='bbox 973 3807 1075 3861; x_wconf 85' lang='lat' dir='ltr'><strong>hoc</strong></span> <span class='ocrx_word' id='word_1_570' title='bbox 1138 3820 1327 3859; x_wconf 88' lang='lat' dir='ltr'><strong>rursus</strong></span> <span class='ocrx_word' id='word_1_571' title='bbox 1355 3811 1599 3860; x_wconf 87' lang='lat' dir='ltr'><strong>sanctum</strong></span> <span class='ocrx_word' id='word_1_572' title='bbox 1632 3811 1944 3859; x_wconf 89' lang='lat' dir='ltr'><strong>sanctorum</strong></span> <span class='ocrx_word' id='word_1_573' title='bbox 1966 3845 1980 3869; x_wconf 89' lang='lat'><strong>,</strong></span> <span class='ocrx_word' id='word_1_574' title='bbox 2011 3805 2156 3875; x_wconf 89' lang='lat' dir='ltr'><strong>quod</strong></span> <span class='ocrx_word' id='word_1_575' title='bbox 2186 3820 2395 3862; x_wconf 88' lang='lat' dir='ltr'><strong>summe</strong></span> <span class='ocrx_word' id='word_1_576' title='bbox 2425 3815 2479 3861; x_wconf 90' lang='lat' dir='ltr'><strong>et</strong></span> <span class='ocrx_word' id='word_1_577' title='bbox 2520 3821 2617 3876; x_wconf 84' lang='lat' dir='ltr'><strong>per</strong></span> <span class='ocrx_word' id='word_1_578' title='bbox 2645 3811 3116 3879; x_wconf 63' lang='lat' dir='ltr'><strong>essuperationem</strong></span> <span class='ocrx_word' id='word_1_579' title='bbox 3148 3817 3335 3871; x_wconf 87' lang='lat' dir='ltr'><strong>consi-</strong></span> 
     </span>
    </p>
   </div>
   <div class='ocr_carea' id='block_1_74' title="bbox 103 3903 900 3958">
    <p class='ocr_par' dir='ltr' id='par_1_74' title="bbox 103 3903 900 3958">
     <span class='ocr_line' id='line_1_74' title="bbox 103 3903 900 3958; baseline -0.003 -1"><span class='ocrx_word' id='word_1_580' title='bbox 103 3906 339 3958; x_wconf 85' lang='lat' dir='ltr'><strong>deratur</strong></span> <span class='ocrx_word' id='word_1_581' title='bbox 366 3904 419 3955; x_wconf 93' lang='lat' dir='ltr'><strong>in</strong></span> <span class='ocrx_word' id='word_1_582' title='bbox 452 3903 900 3956; x_wconf 80' lang='lat' dir='ltr'><strong>sanctiﬁcatione.</strong></span> 
     </span>
    </p>
   </div>
   <div class='ocr_carea' id='block_1_75' title="bbox 185 3989 1671 4065">
    <p class='ocr_par' dir='ltr' id='par_1_75' title="bbox 185 3989 1671 4065">
     <span class='ocr_line' id='line_1_75' title="bbox 185 3989 1671 4065; baseline 0 -18"><span class='ocrx_word' id='word_1_583' title='bbox 185 3996 364 4065; x_wconf 84' lang='grc' dir='ltr'>Ὅπερ</span> <span class='ocrx_word' id='word_1_584' title='bbox 397 3989 489 4047; x_wconf 81' lang='grc' dir='ltr'><strong>οὖν</strong></span> <span class='ocrx_word' id='word_1_585' title='bbox 532 3995 622 4047; x_wconf 75' lang='grc' dir='ltr'><strong>ἐπὶ</strong></span> <span class='ocrx_word' id='word_1_586' title='bbox 652 3993 746 4047; x_wconf 83' lang='grc' dir='ltr'>τοῦ</span> <span class='ocrx_word' id='word_1_587' title='bbox 780 3995 1083 4065; x_wconf 82' lang='grc' dir='ltr'>κρείττονος</span> <span class='ocrx_word' id='word_1_588' title='bbox 1114 3993 1466 4063; x_wconf 80' lang='grc' dir='ltr'>ἐδιδάχθημεν</span> <span class='ocrx_word' id='word_1_589' title='bbox 1497 3992 1671 4061; x_wconf 86' lang='grc' dir='ltr'>λόγου,</span> 
     </span>
    </p>
   </div>
   <div class='ocr_carea' id='block_1_76' title="bbox 96 4083 1675 4156">
    <p class='ocr_par' dir='ltr' id='par_1_76' title="bbox 96 4083 1675 4156">
     <span class='ocr_line' id='line_1_76' title="bbox 96 4083 1675 4156; baseline -0.001 -18"><span class='ocrx_word' id='word_1_590' title='bbox 96 4088 208 4155; x_wconf 77' lang='grc' dir='ltr'>τῆς</span> <span class='ocrx_word' id='word_1_591' title='bbox 241 4086 519 4156; x_wconf 59' lang='grc' dir='ltr'>γραψικῆς</span> <span class='ocrx_word' id='word_1_592' title='bbox 557 4085 841 4154; x_wconf 79' lang='grc' dir='ltr'>συνηθείας</span> <span class='ocrx_word' id='word_1_593' title='bbox 870 4084 948 4155; x_wconf 83' lang='grc' dir='ltr'><strong>τῷ</strong></span> <span class='ocrx_word' id='word_1_594' title='bbox 978 4083 1199 4153; x_wconf 79' lang='grc' dir='ltr'>τοιούτῳ</span> <span class='ocrx_word' id='word_1_595' title='bbox 1243 4084 1370 4136; x_wconf 85' lang='grc' dir='ltr'>εἴδει</span> <span class='ocrx_word' id='word_1_596' title='bbox 1413 4084 1511 4155; x_wconf 85' lang='grc' dir='ltr'>τὴν</span> <span class='ocrx_word' id='word_1_597' title='bbox 1556 4086 1675 4138; x_wconf 77' lang='grc' dir='ltr'>ἐπί·</span> 
     </span>
    </p>
   </div>
   <div class='ocr_carea' id='block_1_77' title="bbox 93 4176 1678 4247">
    <p class='ocr_par' dir='ltr' id='par_1_77' title="bbox 93 4176 1678 4247">
     <span class='ocr_line' id='line_1_77' title="bbox 93 4176 1678 4247; baseline -0.002 -17"><span class='ocrx_word' id='word_1_598' title='bbox 93 4194 269 4231; x_wconf 82' lang='grc' dir='ltr'>τασιν</span> <span class='ocrx_word' id='word_1_599' title='bbox 288 4176 385 4230; x_wconf 81' lang='grc' dir='ltr'>τοῦ</span> <span class='ocrx_word' id='word_1_600' title='bbox 417 4178 772 4247; x_wconf 83' lang='grc' dir='ltr'>ὑποκειμένου</span> <span class='ocrx_word' id='word_1_601' title='bbox 804 4179 1069 4247; x_wconf 85' lang='grc' dir='ltr'>νοήματος</span> <span class='ocrx_word' id='word_1_602' title='bbox 1104 4176 1489 4247; x_wconf 85' lang='grc' dir='ltr'>σημαινούσης,</span> <span class='ocrx_word' id='word_1_603' title='bbox 1524 4176 1678 4229; x_wconf 80' lang='grc' dir='ltr'>τοῦτο</span> 
     </span>
    </p>
   </div>
   <div class='ocr_carea' id='block_1_78' title="bbox 95 4267 1675 4339">
    <p class='ocr_par' dir='ltr' id='par_1_78' title="bbox 95 4267 1675 4339">
     <span class='ocr_line' id='line_1_78' title="bbox 95 4267 1675 4339; baseline -0.003 -16"><span class='ocrx_word' id='word_1_604' title='bbox 95 4269 206 4323; x_wconf 70' lang='grc' dir='ltr'><strong>καὶ</strong></span> <span class='ocrx_word' id='word_1_605' title='bbox 232 4269 333 4321; x_wconf 72' lang='grc' dir='ltr'>ἐπὶ</span> <span class='ocrx_word' id='word_1_606' title='bbox 362 4269 457 4338; x_wconf 81' lang='grc' dir='ltr'>τῆς</span> <span class='ocrx_word' id='word_1_607' title='bbox 485 4269 591 4322; x_wconf 82' lang='grc' dir='ltr'><strong>τῶν</strong></span> <span class='ocrx_word' id='word_1_608' title='bbox 616 4270 988 4339; x_wconf 85' lang='grc' dir='ltr'>ματαιοτήτων</span> <span class='ocrx_word' id='word_1_609' title='bbox 1023 4270 1376 4339; x_wconf 83' lang='grc' dir='ltr'>ματαιότητος</span> <span class='ocrx_word' id='word_1_610' title='bbox 1414 4267 1675 4329; x_wconf 81' lang='grc' dir='ltr'>νοοῦντες.</span> 
     </span>
    </p>
   </div>
   <div class='ocr_carea' id='block_1_79' title="bbox 92 4355 1679 4431">
    <p class='ocr_par' dir='ltr' id='par_1_79' title="bbox 92 4355 1679 4431">
     <span class='ocr_line' id='line_1_79' title="bbox 92 4355 1679 4431; baseline 0 -21"><span class='ocrx_word' id='word_1_611' title='bbox 92 4363 161 4412; x_wconf 75' lang='grc' dir='ltr'>οὐ</span> <span class='ocrx_word' id='word_1_612' title='bbox 209 4360 616 4429; x_wconf 78' lang='grc' dir='ltr'>σφαλησόμεθα.</span> <span class='ocrx_word' id='word_1_613' title='bbox 645 4360 805 4427; x_wconf 85' lang='grc' dir='ltr'>Λέγει</span> <span class='ocrx_word' id='word_1_614' title='bbox 836 4360 941 4431; x_wconf 85' lang='grc' dir='ltr'>γὰρ</span> <span class='ocrx_word' id='word_1_615' title='bbox 968 4360 1064 4429; x_wconf 85' lang='grc' dir='ltr'><strong>οὐχ</strong></span> <span class='ocrx_word' id='word_1_616' title='bbox 1095 4360 1277 4423; x_wconf 83' lang='grc' dir='ltr'>ἁπλῶς</span> <span class='ocrx_word' id='word_1_617' title='bbox 1306 4355 1443 4413; x_wconf 77' lang='grc' dir='ltr'>εἶναι</span> <span class='ocrx_word' id='word_1_618' title='bbox 1479 4360 1679 4429; x_wconf 81' lang='grc' dir='ltr'>μάταια</span> 
     </span>
    </p>
   </div>
   <div class='ocr_carea' id='block_1_80' title="bbox 95 4446 1680 4523">
    <p class='ocr_par' dir='ltr' id='par_1_80' title="bbox 95 4446 1680 4523">
     <span class='ocr_line' id='line_1_80' title="bbox 95 4446 1680 4523; baseline -0.001 -19"><span class='ocrx_word' id='word_1_619' title='bbox 95 4458 166 4504; x_wconf 81' lang='grc' dir='ltr'>ὲν</span> <span class='ocrx_word' id='word_1_620' title='bbox 210 4455 329 4513; x_wconf 81' lang='grc' dir='ltr'>τοῖς</span> <span class='ocrx_word' id='word_1_621' title='bbox 363 4446 481 4504; x_wconf 79' lang='grc' dir='ltr'>οὖσι</span> <span class='ocrx_word' id='word_1_622' title='bbox 521 4452 838 4523; x_wconf 81' lang='grc' dir='ltr'>φαινόμενα,</span> <span class='ocrx_word' id='word_1_623' title='bbox 869 4452 1001 4505; x_wconf 76' lang='grc' dir='ltr'>ἀλλὰ</span> <span class='ocrx_word' id='word_1_624' title='bbox 1035 4453 1173 4505; x_wconf 81' lang='grc' dir='ltr'>κατὰ</span> <span class='ocrx_word' id='word_1_625' title='bbox 1220 4451 1506 4523; x_wconf 82' lang='grc' dir='ltr'>ὑπέρθεσίν</span> <span class='ocrx_word' id='word_1_626' title='bbox 1561 4467 1680 4503; x_wconf 89' lang='grc' dir='ltr'>τινα</span> 
     </span>
    </p>
   </div>
   <div class='ocr_carea' id='block_1_81' title="bbox 86 4539 1677 4614">
    <p class='ocr_par' dir='ltr' id='par_1_81' title="bbox 86 4539 1677 4614">
     <span class='ocr_line' id='line_1_81' title="bbox 86 4539 1677 4614; baseline -0.001 -19"><span class='ocrx_word' id='word_1_627' title='bbox 86 4544 209 4613; x_wconf 78' lang='grc' dir='ltr'>τῆς</span> <span class='ocrx_word' id='word_1_628' title='bbox 250 4542 396 4596; x_wconf 83' lang='grc' dir='ltr'>κατὰ</span> <span class='ocrx_word' id='word_1_629' title='bbox 443 4543 504 4595; x_wconf 76' lang='grc' dir='ltr'>τὸ</span> <span class='ocrx_word' id='word_1_630' title='bbox 554 4544 779 4611; x_wconf 81' lang='grc' dir='ltr'>μάταιον</span> <span class='ocrx_word' id='word_1_631' title='bbox 819 4544 1092 4614; x_wconf 84' lang='grc' dir='ltr'>σημασίας</span> <span class='ocrx_word' id='word_1_632' title='bbox 1126 4539 1263 4596; x_wconf 76' lang='grc' dir='ltr'>εἶναι</span> <span class='ocrx_word' id='word_1_633' title='bbox 1295 4542 1549 4596; x_wconf 78' lang='grc' dir='ltr'>τοιαῦταο</span> <span class='ocrx_word' id='word_1_634' title='bbox 1603 4542 1677 4604; x_wconf 87' lang='grc' dir='ltr'>ὼς</span> 
     </span>
    </p>
   </div>
   <div class='ocr_carea' id='block_1_82' title="bbox 88 4632 1678 4706">
    <p class='ocr_par' dir='ltr' id='par_1_82' title="bbox 88 4632 1678 4706">
     <span class='ocr_line' id='line_1_82' title="bbox 88 4632 1678 4706; baseline -0.001 -20"><span class='ocrx_word' id='word_1_635' title='bbox 88 4634 157 4686; x_wconf 73' lang='grc' dir='ltr'>εἰ</span> <span class='ocrx_word' id='word_1_636' title='bbox 191 4651 279 4695; x_wconf 85' lang='grc' dir='ltr'><strong>τις</strong></span> <span class='ocrx_word' id='word_1_637' title='bbox 320 4632 467 4699; x_wconf 87' lang='grc' dir='ltr'>λέγοι</span> <span class='ocrx_word' id='word_1_638' title='bbox 500 4633 592 4685; x_wconf 81' lang='grc' dir='ltr'>τοῦ</span> <span class='ocrx_word' id='word_1_639' title='bbox 625 4633 816 4703; x_wconf 78' lang='grc' dir='ltr'>νεκροῦ</span> <span class='ocrx_word' id='word_1_640' title='bbox 851 4635 1188 4706; x_wconf 76' lang='grc' dir='ltr'>νεκρότερον,</span> <span class='ocrx_word' id='word_1_641' title='bbox 1223 4633 1315 4687; x_wconf 70' lang='grc' dir='ltr'><strong>καί</strong></span> <span class='ocrx_word' id='word_1_642' title='bbox 1352 4633 1444 4686; x_wconf 82' lang='grc' dir='ltr'>τοῦ</span> <span class='ocrx_word' id='word_1_643' title='bbox 1477 4632 1678 4702; x_wconf 69' lang='grc' dir='ltr'>ἀψύχου</span> 
     </span>
    </p>
   </div>
   <div class='ocr_carea' id='block_1_83' title="bbox 1851 3988 3335 4067">
    <p class='ocr_par' dir='ltr' id='par_1_83' title="bbox 1851 3988 3335 4067">
     <span class='ocr_line' id='line_1_83' title="bbox 1851 3988 3335 4067; baseline 0 -24"><span class='ocrx_word' id='word_1_644' title='bbox 1851 3988 2003 4057; x_wconf 84' lang='lat' dir='ltr'><strong>Quod</strong></span> <span class='ocrx_word' id='word_1_645' title='bbox 2030 4002 2158 4060; x_wconf 82' lang='lat' dir='ltr'><strong>ergo</strong></span> <span class='ocrx_word' id='word_1_646' title='bbox 2191 3988 2480 4044; x_wconf 89' lang='lat' dir='ltr'><strong>didicimus</strong></span> <span class='ocrx_word' id='word_1_647' title='bbox 2514 3991 2564 4044; x_wconf 89' lang='lat' dir='ltr'><strong>in</strong></span> <span class='ocrx_word' id='word_1_648' title='bbox 2601 4006 2659 4044; x_wconf 89' lang='lat' dir='ltr'><strong>re</strong></span> <span class='ocrx_word' id='word_1_649' title='bbox 2711 3991 2932 4048; x_wconf 89' lang='lat' dir='ltr'><strong>meliore</strong></span> <span class='ocrx_word' id='word_1_650' title='bbox 2970 4009 3034 4049; x_wconf 88' lang='lat' dir='ltr'><strong>ac</strong></span> <span class='ocrx_word' id='word_1_651' title='bbox 3073 4004 3335 4067; x_wconf 70' lang='lat' dir='ltr'><strong>pmstan.</strong></span> 
     </span>
    </p>
   </div>
   <div class='ocr_carea' id='block_1_84' title="bbox 1778 4080 3337 4153">
    <p class='ocr_par' dir='ltr' id='par_1_84' title="bbox 1778 4080 3337 4153">
     <span class='ocr_line' id='line_1_84' title="bbox 1778 4080 3337 4153; baseline 0.006 -18"><span class='ocrx_word' id='word_1_652' title='bbox 1778 4084 1923 4145; x_wconf 89' lang='lat' dir='ltr'><strong>tiori,</strong></span> <span class='ocrx_word' id='word_1_653' title='bbox 1957 4080 2251 4149; x_wconf 84' lang='lat' dir='ltr'><strong>Scripturae</strong></span> <span class='ocrx_word' id='word_1_654' title='bbox 2290 4081 2681 4135; x_wconf 87' lang='lat' dir='ltr'><strong>consuetudine</strong></span> <span class='ocrx_word' id='word_1_655' title='bbox 2719 4083 3061 4153; x_wconf 77' lang='lat' dir='ltr'><strong>significante</strong></span> <span class='ocrx_word' id='word_1_656' title='bbox 3112 4089 3211 4145; x_wconf 84' lang='lat' dir='ltr'><strong>hac</strong></span> <span class='ocrx_word' id='word_1_657' title='bbox 3252 4106 3337 4145; x_wconf 82' lang='lat' dir='ltr'><strong>ra-</strong></span> 
     </span>
    </p>
   </div>
   <div class='ocr_carea' id='block_1_85' title="bbox 1778 4171 3334 4245">
    <p class='ocr_par' dir='ltr' id='par_1_85' title="bbox 1778 4171 3334 4245">
     <span class='ocr_line' id='line_1_85' title="bbox 1778 4171 3334 4245; baseline 0.006 -18"><span class='ocrx_word' id='word_1_658' title='bbox 1778 4176 1925 4228; x_wconf 87' lang='lat' dir='ltr'><strong>tione</strong></span> <span class='ocrx_word' id='word_1_659' title='bbox 1964 4172 2318 4226; x_wconf 89' lang='lat' dir='ltr'><strong>intentionem</strong></span> <span class='ocrx_word' id='word_1_660' title='bbox 2369 4171 2442 4225; x_wconf 90' lang='lat' dir='ltr'><strong>rei</strong></span> <span class='ocrx_word' id='word_1_661' title='bbox 2492 4186 2610 4241; x_wconf 70' lang='lat' dir='ltr'><strong>quae</strong></span> <span class='ocrx_word' id='word_1_662' title='bbox 2654 4172 3011 4245; x_wconf 83' lang='lat' dir='ltr'><strong>intelligitur:</strong></span> <span class='ocrx_word' id='word_1_663' title='bbox 3046 4178 3146 4233; x_wconf 91' lang='lat' dir='ltr'><strong>hoc</strong></span> <span class='ocrx_word' id='word_1_664' title='bbox 3170 4182 3334 4236; x_wconf 89' lang='lat' dir='ltr'><strong>etiam</strong></span> 
     </span>
    </p>
   </div>
   <div class='ocr_carea' id='block_1_86' title="bbox 1780 4261 3339 4332">
    <p class='ocr_par' dir='ltr' id='par_1_86' title="bbox 1780 4261 3339 4332">
     <span class='ocr_line' id='line_1_86' title="bbox 1780 4261 3339 4332; baseline 0.006 -17"><span class='ocrx_word' id='word_1_665' title='bbox 1780 4264 1832 4315; x_wconf 91' lang='lat' dir='ltr'><strong>in</strong></span> <span class='ocrx_word' id='word_1_666' title='bbox 1860 4264 2156 4315; x_wconf 87' lang='lat' dir='ltr'><strong>vanitatum</strong></span> <span class='ocrx_word' id='word_1_667' title='bbox 2190 4261 2426 4315; x_wconf 85' lang='lat' dir='ltr'><strong>vanitate</strong></span> <span class='ocrx_word' id='word_1_668' title='bbox 2456 4261 2835 4332; x_wconf 80' lang='lat' dir='ltr'><strong>intelligentes,</strong></span> <span class='ocrx_word' id='word_1_669' title='bbox 2868 4266 3087 4323; x_wconf 87' lang='lat' dir='ltr'><strong>minime</strong></span> <span class='ocrx_word' id='word_1_670' title='bbox 3118 4270 3339 4325; x_wconf 60' lang='lat' dir='ltr'><strong>aberrac</strong></span> 
     </span>
    </p>
   </div>
   <div class='ocr_carea' id='block_1_87' title="bbox 1782 4349 3333 4429">
    <p class='ocr_par' dir='ltr' id='par_1_87' title="bbox 1782 4349 3333 4429">
     <span class='ocr_line' id='line_1_87' title="bbox 1782 4349 3333 4429; baseline 0.006 -25"><span class='ocrx_word' id='word_1_671' title='bbox 1782 4350 1975 4404; x_wconf 86' lang='lat' dir='ltr'><strong>bimus.</strong></span> <span class='ocrx_word' id='word_1_672' title='bbox 2014 4349 2147 4402; x_wconf 87' lang='lat' dir='ltr'><strong>Dicit</strong></span> <span class='ocrx_word' id='word_1_673' title='bbox 2193 4349 2336 4403; x_wconf 90' lang='lat' dir='ltr'><strong>enim</strong></span> <span class='ocrx_word' id='word_1_674' title='bbox 2376 4364 2482 4404; x_wconf 91' lang='lat' dir='ltr'><strong>non</strong></span> <span class='ocrx_word' id='word_1_675' title='bbox 2527 4352 2776 4407; x_wconf 88' lang='lat' dir='ltr'><strong>absolute</strong></span> <span class='ocrx_word' id='word_1_676' title='bbox 2803 4367 2926 4409; x_wconf 85' lang='lat' dir='ltr'><strong>esse</strong></span> <span class='ocrx_word' id='word_1_677' title='bbox 2953 4371 3089 4410; x_wconf 88' lang='lat' dir='ltr'><strong>vana</strong></span> <span class='ocrx_word' id='word_1_678' title='bbox 3124 4374 3242 4429; x_wconf 65' lang='lat' dir='ltr'><strong>quae</strong></span> <span class='ocrx_word' id='word_1_679' title='bbox 3277 4361 3333 4415; x_wconf 88' lang='lat' dir='ltr'><strong>in</strong></span> 
     </span>
    </p>
   </div>
   <div class='ocr_carea' id='block_1_88' title="bbox 1781 4442 3336 4521">
    <p class='ocr_par' dir='ltr' id='par_1_88' title="bbox 1781 4442 3336 4521">
     <span class='ocr_line' id='line_1_88' title="bbox 1781 4442 3336 4521; baseline 0.006 -27"><span class='ocrx_word' id='word_1_680' title='bbox 1781 4442 1943 4496; x_wconf 90' lang='lat' dir='ltr'><strong>rebus</strong></span> <span class='ocrx_word' id='word_1_681' title='bbox 1989 4448 2289 4510; x_wconf 84' lang='lat' dir='ltr'><strong>apparent,</strong></span> <span class='ocrx_word' id='word_1_682' title='bbox 2335 4442 2427 4496; x_wconf 81' lang='lat' dir='ltr'><strong>sed</strong></span> <span class='ocrx_word' id='word_1_683' title='bbox 2480 4458 2541 4497; x_wconf 86' lang='lat' dir='ltr'><strong>ea</strong></span> <span class='ocrx_word' id='word_1_684' title='bbox 2575 4458 2697 4498; x_wconf 88' lang='lat' dir='ltr'><strong>esse</strong></span> <span class='ocrx_word' id='word_1_685' title='bbox 2744 4443 3010 4513; x_wconf 79' lang='lat' dir='ltr'><strong>ejusmodi</strong></span> <span class='ocrx_word' id='word_1_686' title='bbox 3055 4448 3108 4502; x_wconf 93' lang='lat' dir='ltr'><strong>in</strong></span> <span class='ocrx_word' id='word_1_687' title='bbox 3155 4450 3336 4521; x_wconf 83' lang='lat' dir='ltr'><strong>aliqua</strong></span> 
     </span>
    </p>
   </div>
   <div class='ocr_carea' id='block_1_89' title="bbox 1779 4536 3338 4607">
    <p class='ocr_par' dir='ltr' id='par_1_89' title="bbox 1779 4536 3338 4607">
     <span class='ocr_line' id='line_1_89' title="bbox 1779 4536 3338 4607; baseline 0.005 -18"><span class='ocrx_word' id='word_1_688' title='bbox 1779 4536 2192 4605; x_wconf 80' lang='lat' dir='ltr'><strong>exsuperatione</strong></span> <span class='ocrx_word' id='word_1_689' title='bbox 2238 4536 2359 4588; x_wconf 89' lang='lat' dir='ltr'><strong>vani</strong></span> <span class='ocrx_word' id='word_1_690' title='bbox 2415 4536 2871 4605; x_wconf 81' lang='lat' dir='ltr'><strong>significationis:</strong></span> <span class='ocrx_word' id='word_1_691' title='bbox 2927 4539 3147 4607; x_wconf 88' lang='lat' dir='ltr'><strong>perinde</strong></span> <span class='ocrx_word' id='word_1_692' title='bbox 3192 4556 3255 4595; x_wconf 86' lang='lat' dir='ltr'><strong>ac</strong></span> <span class='ocrx_word' id='word_1_693' title='bbox 3288 4541 3338 4597; x_wconf 80' lang='lat' dir='ltr'><strong>si</strong></span> 
     </span>
    </p>
   </div>
   <div class='ocr_carea' id='block_1_90' title="bbox 1780 4626 3340 4695">
    <p class='ocr_par' dir='ltr' id='par_1_90' title="bbox 1780 4626 3340 4695">
     <span class='ocr_line' id='line_1_90' title="bbox 1780 4626 3340 4695; baseline 0.004 -16"><span class='ocrx_word' id='word_1_694' title='bbox 1780 4626 1901 4695; x_wconf 88' lang='lat' dir='ltr'><strong>quis</strong></span> <span class='ocrx_word' id='word_1_695' title='bbox 1929 4626 2071 4679; x_wconf 89' lang='lat' dir='ltr'><strong>dicat</strong></span> <span class='ocrx_word' id='word_1_696' title='bbox 2103 4636 2316 4680; x_wconf 91' lang='lat' dir='ltr'><strong>mortuo</strong></span> <span class='ocrx_word' id='word_1_697' title='bbox 2344 4627 2515 4695; x_wconf 71' lang='lat' dir='ltr'><strong>magis</strong></span> <span class='ocrx_word' id='word_1_698' title='bbox 2544 4634 2838 4690; x_wconf 85' lang='lat' dir='ltr'><strong>mortuum,</strong></span> <span class='ocrx_word' id='word_1_699' title='bbox 2874 4636 2929 4681; x_wconf 91' lang='lat' dir='ltr'><strong>et</strong></span> <span class='ocrx_word' id='word_1_700' title='bbox 2957 4628 3199 4685; x_wconf 90' lang='lat' dir='ltr'><strong>inanimo</strong></span> <span class='ocrx_word' id='word_1_701' title='bbox 3223 4647 3340 4685; x_wconf 83' lang='lat' dir='ltr'><strong>nta-</strong></span> 
     </span>
    </p>
   </div>
   <div class='ocr_carea' id='block_1_91' title="bbox 84 4714 1677 4798">
    <p class='ocr_par' dir='ltr' id='par_1_91' title="bbox 84 4723 1677 4797">
     <span class='ocr_line' id='line_1_91' title="bbox 84 4723 1677 4797; baseline -0.001 -17"><span class='ocrx_word' id='word_1_702' title='bbox 84 4724 482 4793; x_wconf 67' lang='grc' dir='ltr'>ἀψυχότεροψ</span> <span class='ocrx_word' id='word_1_703' title='bbox 530 4725 623 4776; x_wconf 85' lang='grc' dir='ltr'><strong>καί</strong></span> <span class='ocrx_word' id='word_1_704' title='bbox 670 4742 751 4777; x_wconf 88' lang='grc' dir='ltr'><strong>τοι</strong></span> <span class='ocrx_word' id='word_1_705' title='bbox 786 4723 818 4795; x_wconf 79' lang='grc' dir='ltr'>ἡ</span> <span class='ocrx_word' id='word_1_706' title='bbox 861 4726 1180 4797; x_wconf 84' lang='grc' dir='ltr'>συγκριτικὴ</span> <span class='ocrx_word' id='word_1_707' title='bbox 1227 4726 1469 4787; x_wconf 78' lang='grc' dir='ltr'>ἐπίτασις</span> <span class='ocrx_word' id='word_1_708' title='bbox 1499 4724 1677 4795; x_wconf 84' lang='grc' dir='ltr'>χώραν</span> 
     </span>
    </p>
   </div>
   <div class='ocr_carea' id='block_1_92' title="bbox 1778 4714 3338 4798">
    <p class='ocr_par' dir='ltr' id='par_1_92' title="bbox 1782 4714 3338 4786">
     <span class='ocr_line' id='line_1_92' title="bbox 1782 4714 3338 4786; baseline 0.006 -19"><span class='ocrx_word' id='word_1_709' title='bbox 1782 4715 1861 4784; x_wconf 81' lang='lat' dir='ltr'><strong>gis</strong></span> <span class='ocrx_word' id='word_1_710' title='bbox 1930 4714 2267 4769; x_wconf 89' lang='lat' dir='ltr'><strong>inanimum:</strong></span> <span class='ocrx_word' id='word_1_711' title='bbox 2312 4715 2524 4769; x_wconf 88' lang='lat' dir='ltr'><strong>etiamsi</strong></span> <span class='ocrx_word' id='word_1_712' title='bbox 2571 4717 2937 4786; x_wconf 85' lang='lat' dir='ltr'><strong>comparativa</strong></span> <span class='ocrx_word' id='word_1_713' title='bbox 2985 4717 3213 4775; x_wconf 84' lang='lat' dir='ltr'><strong>intentio</strong></span> <span class='ocrx_word' id='word_1_714' title='bbox 3261 4721 3338 4775; x_wconf 88' lang='lat' dir='ltr'><strong>lo-</strong></span> 
     </span>
    </p>
   </div>
   <div class='ocr_carea' id='block_1_93' title="bbox 85 4810 1680 4887">
    <p class='ocr_par' dir='ltr' id='par_1_93' title="bbox 85 4810 1680 4887">
     <span class='ocr_line' id='line_1_93' title="bbox 85 4810 1680 4887; baseline -0.001 -19"><span class='ocrx_word' id='word_1_715' title='bbox 85 4819 203 4868; x_wconf 71' lang='grc' dir='ltr'><strong>ἐπὶ</strong></span> <span class='ocrx_word' id='word_1_716' title='bbox 238 4816 350 4867; x_wconf 83' lang='grc' dir='ltr'>τῶν</span> <span class='ocrx_word' id='word_1_717' title='bbox 376 4812 631 4867; x_wconf 85' lang='grc' dir='ltr'>τοιούτων</span> <span class='ocrx_word' id='word_1_718' title='bbox 660 4813 758 4868; x_wconf 85' lang='grc' dir='ltr'><strong>ούκ</strong></span> <span class='ocrx_word' id='word_1_719' title='bbox 788 4815 917 4885; x_wconf 81' lang='grc' dir='ltr'>ἔχει,</span> <span class='ocrx_word' id='word_1_720' title='bbox 950 4817 1064 4869; x_wconf 81' lang='grc' dir='ltr'>ἀλλ’</span> <span class='ocrx_word' id='word_1_721' title='bbox 1094 4818 1240 4887; x_wconf 80' lang='grc' dir='ltr'>ὅμως</span> <span class='ocrx_word' id='word_1_722' title='bbox 1270 4814 1483 4884; x_wconf 77' lang='grc' dir='ltr'>λέγεται</span> <span class='ocrx_word' id='word_1_723' title='bbox 1511 4810 1680 4885; x_wconf 85' lang='grc' dir='ltr'>τούτῳ</span> 
     </span>
    </p>
   </div>
   <div class='ocr_carea' id='block_1_94' title="bbox 80 4906 1678 4978">
    <p class='ocr_par' dir='ltr' id='par_1_94' title="bbox 80 4906 1678 4978">
     <span class='ocr_line' id='line_1_94' title="bbox 80 4906 1678 4978; baseline -0.001 -19"><span class='ocrx_word' id='word_1_724' title='bbox 80 4908 185 4976; x_wconf 78' lang='grc' dir='ltr'>τῷ</span> <span class='ocrx_word' id='word_1_725' title='bbox 215 4907 448 4976; x_wconf 79' lang='grc' dir='ltr'>ῥήματι.</span> <span class='ocrx_word' id='word_1_726' title='bbox 480 4906 618 4975; x_wconf 72' lang='grc' dir='ltr'>πρὸς</span> <span class='ocrx_word' id='word_1_727' title='bbox 649 4906 746 4975; x_wconf 79' lang='grc' dir='ltr'><strong>τὴν</strong></span> <span class='ocrx_word' id='word_1_728' title='bbox 774 4907 870 4975; x_wconf 77' lang='grc' dir='ltr'><strong>τῆς</strong></span> <span class='ocrx_word' id='word_1_729' title='bbox 906 4906 1206 4978; x_wconf 76' lang='grc' dir='ltr'>ὑπερϐολῆς</span> <span class='ocrx_word' id='word_1_730' title='bbox 1236 4907 1326 4960; x_wconf 81' lang='grc' dir='ltr'><strong>τοῦ</strong></span> <span class='ocrx_word' id='word_1_731' title='bbox 1358 4907 1678 4976; x_wconf 84' lang='grc' dir='ltr'>δηλουμένου</span> 
     </span>
    </p>
   </div>
   <div class='ocr_carea' id='block_1_95' title="bbox 84 4992 1679 5071">
    <p class='ocr_par' dir='ltr' id='par_1_95' title="bbox 84 4992 1679 5071">
     <span class='ocr_line' id='line_1_95' title="bbox 84 4992 1679 5071; baseline -0.001 -20"><span class='ocrx_word' id='word_1_732' title='bbox 84 4992 438 5067; x_wconf 64' lang='grc' dir='ltr'>σαφήνειαν.</span> <span class='ocrx_word' id='word_1_733' title='bbox 460 4998 662 5068; x_wconf 79' lang='grc' dir='ltr'>Ὥσπερ</span> <span class='ocrx_word' id='word_1_734' title='bbox 680 4995 770 5051; x_wconf 83' lang='grc' dir='ltr'><strong>οὖν</strong></span> <span class='ocrx_word' id='word_1_735' title='bbox 790 5001 984 5052; x_wconf 76' lang='grc' dir='ltr'>ἐστιτὰ</span> <span class='ocrx_word' id='word_1_736' title='bbox 1008 5000 1141 5069; x_wconf 78' lang='grc' dir='ltr'>ἔργα</span> <span class='ocrx_word' id='word_1_737' title='bbox 1168 4999 1274 5051; x_wconf 82' lang='grc' dir='ltr'><strong>τῶν</strong></span> <span class='ocrx_word' id='word_1_738' title='bbox 1298 4999 1492 5071; x_wconf 73' lang='grc' dir='ltr'>ἔργων,</span> <span class='ocrx_word' id='word_1_739' title='bbox 1507 4998 1679 5051; x_wconf 79' lang='grc' dir='ltr'>καὶτὰ</span> 
     </span>
    </p>
   </div>
   <div class='ocr_carea' id='block_1_96' title="bbox 79 5084 1705 5161">
    <p class='ocr_par' dir='ltr' id='par_1_96' title="bbox 79 5084 1705 5161">
     <span class='ocr_line' id='line_1_96' title="bbox 79 5084 1705 5161; baseline -0.002 -16"><span class='ocrx_word' id='word_1_740' title='bbox 79 5096 249 5158; x_wconf 77' lang='grc' dir='ltr'>ᾰγια</span> <span class='ocrx_word' id='word_1_741' title='bbox 277 5090 391 5142; x_wconf 79' lang='grc' dir='ltr'>τῶν</span> <span class='ocrx_word' id='word_1_742' title='bbox 419 5090 589 5157; x_wconf 83' lang='grc' dir='ltr'>ἁγίων</span> <span class='ocrx_word' id='word_1_743' title='bbox 623 5091 905 5161; x_wconf 90' lang='grc' dir='ltr'>νοούμενα,</span> <span class='ocrx_word' id='word_1_744' title='bbox 932 5084 1005 5144; x_wconf 80' lang='grc' dir='ltr'>ὧν</span> <span class='ocrx_word' id='word_1_745' title='bbox 1042 5093 1074 5161; x_wconf 83' lang='grc' dir='ltr'>ἡ</span> <span class='ocrx_word' id='word_1_746' title='bbox 1105 5090 1428 5161; x_wconf 77' lang='grc' dir='ltr'>ὑπερθετικὴ</span> <span class='ocrx_word' id='word_1_747' title='bbox 1465 5091 1596 5160; x_wconf 76' lang='grc' dir='ltr'>πρὸς</span> <span class='ocrx_word' id='word_1_748' title='bbox 1622 5090 1705 5143; x_wconf 62' lang='grc' dir='ltr'><strong>τὸυ</strong></span> 
     </span>
    </p>
   </div>
   <div class='ocr_carea' id='block_1_97' title="bbox 77 5180 1679 5252">
    <p class='ocr_par' dir='ltr' id='par_1_97' title="bbox 77 5180 1679 5252">
     <span class='ocr_line' id='line_1_97' title="bbox 77 5180 1679 5252; baseline 0 -19"><span class='ocrx_word' id='word_1_749' title='bbox 77 5184 365 5252; x_wconf 83' lang='grc' dir='ltr'>κρεῖττον</span> <span class='ocrx_word' id='word_1_750' title='bbox 395 5180 618 5244; x_wconf 80' lang='grc' dir='ltr'>ἔνδειξις</span> <span class='ocrx_word' id='word_1_751' title='bbox 645 5180 1001 5251; x_wconf 82' lang='grc' dir='ltr'>ἑρμηνεύεται</span> <span class='ocrx_word' id='word_1_752' title='bbox 1029 5200 1040 5212; x_wconf 86' lang='grc'>·</span> <span class='ocrx_word' id='word_1_753' title='bbox 1067 5181 1207 5234; x_wconf 70' lang='grc' dir='ltr'>οὕτω</span> <span class='ocrx_word' id='word_1_754' title='bbox 1245 5183 1336 5234; x_wconf 72' lang='grc' dir='ltr'><strong>καὶ</strong></span> <span class='ocrx_word' id='word_1_755' title='bbox 1364 5184 1395 5249; x_wconf 86' lang='grc' dir='ltr'>ἠ</span> <span class='ocrx_word' id='word_1_756' title='bbox 1432 5181 1536 5233; x_wconf 83' lang='grc' dir='ltr'><strong>τῶν</strong></span> <span class='ocrx_word' id='word_1_757' title='bbox 1579 5198 1679 5251; x_wconf 89' lang='grc' dir='ltr'>μα-</span> 
     </span>
    </p>
   </div>
   <div class='ocr_carea' id='block_1_98' title="bbox 69 5268 1682 5342">
    <p class='ocr_par' dir='ltr' id='par_1_98' title="bbox 69 5268 1682 5342">
     <span class='ocr_line' id='line_1_98' title="bbox 69 5268 1682 5342; baseline -0.001 -17"><span class='ocrx_word' id='word_1_758' title='bbox 69 5272 417 5339; x_wconf 71' lang='grc' dir='ltr'>ταιοτὴτων</span> <span class='ocrx_word' id='word_1_759' title='bbox 447 5273 761 5341; x_wconf 84' lang='grc' dir='ltr'>ματαιότης.</span> <span class='ocrx_word' id='word_1_760' title='bbox 795 5268 851 5325; x_wconf 80' lang='grc' dir='ltr'>τὸ</span> <span class='ocrx_word' id='word_1_761' title='bbox 866 5273 1225 5342; x_wconf 87' lang='grc' dir='ltr'>ἀνυπέρθετον</span> <span class='ocrx_word' id='word_1_762' title='bbox 1250 5272 1483 5324; x_wconf 88' lang='grc' dir='ltr'>δείκνυσι</span> <span class='ocrx_word' id='word_1_763' title='bbox 1510 5275 1605 5342; x_wconf 81' lang='grc' dir='ltr'>τῆς</span> <span class='ocrx_word' id='word_1_764' title='bbox 1624 5274 1682 5324; x_wconf 84' lang='grc' dir='ltr'>ὲν</span> 
     </span>
    </p>
   </div>
   <div class='ocr_carea' id='block_1_99' title="bbox 66 5364 1683 5436">
    <p class='ocr_par' dir='ltr' id='par_1_99' title="bbox 66 5364 1683 5436">
     <span class='ocr_line' id='line_1_99' title="bbox 66 5364 1683 5436; baseline 0 -20"><span class='ocrx_word' id='word_1_765' title='bbox 66 5365 183 5433; x_wconf 82' lang='grc' dir='ltr'>τῷ</span> <span class='ocrx_word' id='word_1_766' title='bbox 209 5365 434 5434; x_wconf 83' lang='grc' dir='ltr'>ματαίῳ</span> <span class='ocrx_word' id='word_1_767' title='bbox 461 5364 782 5436; x_wconf 75' lang='grc' dir='ltr'>ὑπερϐολῆς.</span> <span class='ocrx_word' id='word_1_768' title='bbox 812 5367 920 5419; x_wconf 74' lang='grc' dir='ltr'><strong>Καὶ</strong></span> <span class='ocrx_word' id='word_1_769' title='bbox 946 5364 1132 5436; x_wconf 75' lang='grc' dir='ltr'>μηδεὶς</span> <span class='ocrx_word' id='word_1_770' title='bbox 1161 5364 1417 5417; x_wconf 75' lang='grc' dir='ltr'>ὑπολάϐοι</span> <span class='ocrx_word' id='word_1_771' title='bbox 1450 5379 1683 5435; x_wconf 81' lang='grc' dir='ltr'>κατηγο-</span> 
     </span>
    </p>
   </div>
   <div class='ocr_carea' id='block_1_100' title="bbox 64 5451 1681 5531">
    <p class='ocr_par' dir='ltr' id='par_1_100' title="bbox 64 5451 1681 5531">
     <span class='ocr_line' id='line_1_100' title="bbox 64 5451 1681 5531; baseline -0.004 -18"><span class='ocrx_word' id='word_1_772' title='bbox 64 5458 235 5531; x_wconf 74' lang='grc' dir='ltr'>ρίαν</span> <span class='ocrx_word' id='word_1_773' title='bbox 261 5451 406 5510; x_wconf 75' lang='grc' dir='ltr'>εἶναι</span> <span class='ocrx_word' id='word_1_774' title='bbox 424 5459 521 5528; x_wconf 82' lang='grc' dir='ltr'>τῆς</span> <span class='ocrx_word' id='word_1_775' title='bbox 541 5457 767 5520; x_wconf 81' lang='grc' dir='ltr'>κτίσεως</span> <span class='ocrx_word' id='word_1_776' title='bbox 781 5457 848 5509; x_wconf 83' lang='grc' dir='ltr'>τὰ</span> <span class='ocrx_word' id='word_1_777' title='bbox 866 5457 1130 5528; x_wconf 85' lang='grc' dir='ltr'>λεγόμενα</span> <span class='ocrx_word' id='word_1_778' title='bbox 1149 5475 1161 5487; x_wconf 89' lang='grc'><strong>·</strong></span> <span class='ocrx_word' id='word_1_779' title='bbox 1183 5459 1277 5511; x_wconf 80' lang='grc' dir='ltr'><strong>καὶ</strong></span> <span class='ocrx_word' id='word_1_780' title='bbox 1292 5457 1399 5527; x_wconf 87' lang='grc' dir='ltr'>γὰρ</span> <span class='ocrx_word' id='word_1_781' title='bbox 1413 5457 1478 5509; x_wconf 83' lang='grc' dir='ltr'>ἂν</span> <span class='ocrx_word' id='word_1_782' title='bbox 1496 5458 1575 5519; x_wconf 86' lang='grc' dir='ltr'><strong>είς</strong></span> <span class='ocrx_word' id='word_1_783' title='bbox 1593 5456 1681 5508; x_wconf 79' lang='grc' dir='ltr'><strong>τὸν</strong></span> 
     </span>
    </p>
   </div>
   <div class='ocr_carea' id='block_1_101' title="bbox 60 5547 1683 5620">
    <p class='ocr_par' dir='ltr' id='par_1_101' title="bbox 60 5547 1683 5620">
     <span class='ocr_line' id='line_1_101' title="bbox 60 5547 1683 5620; baseline -0.002 -19"><span class='ocrx_word' id='word_1_784' title='bbox 60 5548 461 5617; x_wconf 76' lang='grc' dir='ltr'>πεποιηκότα</span> <span class='ocrx_word' id='word_1_785' title='bbox 506 5549 682 5600; x_wconf 69' lang='grc' dir='ltr'>πάντα</span> <span class='ocrx_word' id='word_1_786' title='bbox 718 5547 977 5600; x_wconf 78' lang='grc' dir='ltr'>διαϐαίνοι</span> <span class='ocrx_word' id='word_1_787' title='bbox 1018 5550 1076 5600; x_wconf 84' lang='grc' dir='ltr'><strong>τὸ</strong></span> <span class='ocrx_word' id='word_1_788' title='bbox 1102 5549 1372 5620; x_wconf 78' lang='grc' dir='ltr'>ἔγκλημα,</span> <span class='ocrx_word' id='word_1_789' title='bbox 1404 5550 1451 5601; x_wconf 84' lang='grc' dir='ltr'><strong>εί</strong></span> <span class='ocrx_word' id='word_1_790' title='bbox 1480 5547 1683 5600; x_wconf 82' lang='grc' dir='ltr'>τούτων</span> 
     </span>
    </p>
   </div>
   <div class='ocr_carea' id='block_1_102' title="bbox 54 5636 1679 5711">
    <p class='ocr_par' dir='ltr' id='par_1_102' title="bbox 54 5636 1679 5711">
     <span class='ocr_line' id='line_1_102' title="bbox 54 5636 1679 5711; baseline -0.001 -18"><span class='ocrx_word' id='word_1_791' title='bbox 54 5644 247 5711; x_wconf 78' lang='grc' dir='ltr'>ἡμῖν</span> <span class='ocrx_word' id='word_1_792' title='bbox 280 5636 611 5711; x_wconf 77' lang='grc' dir='ltr'>δημιουργὸς</span> <span class='ocrx_word' id='word_1_793' title='bbox 639 5640 955 5711; x_wconf 67' lang='grc' dir='ltr'>ἀναφανείη,</span> <span class='ocrx_word' id='word_1_794' title='bbox 1000 5644 1027 5692; x_wconf 83' lang='grc' dir='ltr'><strong>ό</strong></span> <span class='ocrx_word' id='word_1_795' title='bbox 1058 5641 1461 5709; x_wconf 80' lang='grc' dir='ltr'>συστησάμενος</span> <span class='ocrx_word' id='word_1_796' title='bbox 1496 5639 1552 5705; x_wconf 80' lang='grc' dir='ltr'>ἐξ</span> <span class='ocrx_word' id='word_1_797' title='bbox 1581 5639 1679 5692; x_wconf 70' lang='grc' dir='ltr'><strong>οὐκ</strong></span> 
     </span>
    </p>
   </div>
   <div class='ocr_carea' id='block_1_103' title="bbox 55 5731 1677 5801">
    <p class='ocr_par' dir='ltr' id='par_1_103' title="bbox 55 5731 1677 5801">
     <span class='ocr_line' id='line_1_103' title="bbox 55 5731 1677 5801; baseline -0.002 -16"><span class='ocrx_word' id='word_1_798' title='bbox 55 5736 281 5785; x_wconf 72' lang='grc' dir='ltr'>ὄντων</span> <span class='ocrx_word' id='word_1_799' title='bbox 314 5732 385 5784; x_wconf 76' lang='grc' dir='ltr'>τὰ</span> <span class='ocrx_word' id='word_1_800' title='bbox 429 5733 625 5795; x_wconf 76' lang='grc' dir='ltr'>πάντα,</span> <span class='ocrx_word' id='word_1_801' title='bbox 657 5734 811 5801; x_wconf 78' lang='grc' dir='ltr'>εἴπερ</span> <span class='ocrx_word' id='word_1_802' title='bbox 849 5732 1203 5801; x_wconf 81' lang='grc' dir='ltr'>ματαιότητος</span> <span class='ocrx_word' id='word_1_803' title='bbox 1252 5731 1333 5799; x_wconf 76' lang='grc' dir='ltr'>εἴη</span> <span class='ocrx_word' id='word_1_804' title='bbox 1369 5731 1436 5782; x_wconf 75' lang='grc' dir='ltr'>τὰ</span> <span class='ocrx_word' id='word_1_805' title='bbox 1483 5732 1677 5783; x_wconf 80' lang='grc' dir='ltr'>πάντα.</span> 
     </span>
    </p>
   </div>
   <div class='ocr_carea' id='block_1_104' title="bbox 79 5818 1682 5891">
    <p class='ocr_par' dir='ltr' id='par_1_104' title="bbox 79 5818 1682 5891">
     <span class='ocr_line' id='line_1_104' title="bbox 79 5818 1682 5891; baseline -0.002 -16"><span class='ocrx_word' id='word_1_806' title='bbox 79 5820 262 5875; x_wconf 54' lang='grc' dir='ltr'>’.ἁλλ’</span> <span class='ocrx_word' id='word_1_807' title='bbox 296 5821 489 5891; x_wconf 81' lang='grc' dir='ltr'>ἐπειδὴ</span> <span class='ocrx_word' id='word_1_808' title='bbox 528 5821 689 5889; x_wconf 80' lang='grc' dir='ltr'>διπλῆ</span> <span class='ocrx_word' id='word_1_809' title='bbox 713 5821 809 5890; x_wconf 83' lang='grc' dir='ltr'><strong>μέν</strong></span> <span class='ocrx_word' id='word_1_810' title='bbox 834 5823 978 5872; x_wconf 78' lang='grc' dir='ltr'>ἐστιν</span> <span class='ocrx_word' id='word_1_811' title='bbox 1074 5818 1166 5871; x_wconf 75' lang='grc' dir='ltr'>τοῦ</span> <span class='ocrx_word' id='word_1_812' title='bbox 1199 5818 1481 5889; x_wconf 84' lang='grc' dir='ltr'>ἀνθρώπου</span> <span class='ocrx_word' id='word_1_813' title='bbox 1516 5836 1682 5871; x_wconf 76' lang='grc' dir='ltr'>καταο</span> 
     </span>
    </p>
   </div>
   <div class='ocr_carea' id='block_1_105' title="bbox 58 5909 1681 5980">
    <p class='ocr_par' dir='ltr' id='par_1_105' title="bbox 58 5909 1681 5980">
     <span class='ocr_line' id='line_1_105' title="bbox 58 5909 1681 5980; baseline -0.003 -15"><span class='ocrx_word' id='word_1_814' title='bbox 58 5913 307 5980; x_wconf 67' lang='grc' dir='ltr'>εκευὴ,</span> <span class='ocrx_word' id='word_1_815' title='bbox 340 5910 523 5979; x_wconf 76' lang='grc' dir='ltr'>ψυχῆς</span> <span class='ocrx_word' id='word_1_816' title='bbox 553 5912 757 5980; x_wconf 76' lang='grc' dir='ltr'>σώματι</span> <span class='ocrx_word' id='word_1_817' title='bbox 795 5909 1229 5978; x_wconf 78' lang='grc' dir='ltr'>συνδραμούσης·</span> <span class='ocrx_word' id='word_1_818' title='bbox 1276 5910 1592 5979; x_wconf 77' lang='grc' dir='ltr'>μεμέρισται</span> <span class='ocrx_word' id='word_1_819' title='bbox 1627 5910 1681 5961; x_wconf 69' lang='grc' dir='ltr'>δὲ</span> 
     </span>
    </p>
   </div>
   <div class='ocr_carea' id='block_1_106' title="bbox 1781 4805 3347 4876">
    <p class='ocr_par' dir='ltr' id='par_1_106' title="bbox 1781 4805 3347 4876">
     <span class='ocr_line' id='line_1_106' title="bbox 1781 4805 3347 4876; baseline 0.004 -17"><span class='ocrx_word' id='word_1_820' title='bbox 1781 4820 1905 4859; x_wconf 90' lang='lat' dir='ltr'><strong>cum</strong></span> <span class='ocrx_word' id='word_1_821' title='bbox 1952 4820 2057 4859; x_wconf 91' lang='lat' dir='ltr'><strong>non</strong></span> <span class='ocrx_word' id='word_1_822' title='bbox 2090 4805 2250 4860; x_wconf 84' lang='lat' dir='ltr'><strong>habet</strong></span> <span class='ocrx_word' id='word_1_823' title='bbox 2281 4806 2334 4858; x_wconf 91' lang='lat' dir='ltr'><strong>in</strong></span> <span class='ocrx_word' id='word_1_824' title='bbox 2378 4805 2445 4858; x_wconf 87' lang='lat' dir='ltr'><strong>iis</strong></span> <span class='ocrx_word' id='word_1_825' title='bbox 2479 4820 2600 4872; x_wconf 72' lang='lat' dir='ltr'><strong>quae</strong></span> <span class='ocrx_word' id='word_1_826' title='bbox 2650 4815 2778 4860; x_wconf 86' lang='lat' dir='ltr'><strong>sunt</strong></span> <span class='ocrx_word' id='word_1_827' title='bbox 2821 4807 3124 4876; x_wconf 87' lang='lat' dir='ltr'><strong>ejusmodi;</strong></span> <span class='ocrx_word' id='word_1_828' title='bbox 3166 4818 3220 4864; x_wconf 89' lang='lat' dir='ltr'><strong>et</strong></span> <span class='ocrx_word' id='word_1_829' title='bbox 3258 4819 3347 4866; x_wconf 80' lang='lat' dir='ltr'><strong>ta-</strong></span> 
     </span>
    </p>
   </div>
   <div class='ocr_carea' id='block_1_107' title="bbox 1781 4897 3340 4972">
    <p class='ocr_par' dir='ltr' id='par_1_107' title="bbox 1781 4897 3340 4972">
     <span class='ocr_line' id='line_1_107' title="bbox 1781 4897 3340 4972; baseline 0.006 -22"><span class='ocrx_word' id='word_1_830' title='bbox 1781 4913 1905 4951; x_wconf 87' lang='lat' dir='ltr'><strong>men</strong></span> <span class='ocrx_word' id='word_1_831' title='bbox 1936 4899 2037 4951; x_wconf 92' lang='lat' dir='ltr'><strong>hoc</strong></span> <span class='ocrx_word' id='word_1_832' title='bbox 2062 4899 2224 4952; x_wconf 88' lang='lat' dir='ltr'><strong>verbo</strong></span> <span class='ocrx_word' id='word_1_833' title='bbox 2245 4898 2445 4951; x_wconf 88' lang='lat' dir='ltr'><strong>dicitur</strong></span> <span class='ocrx_word' id='word_1_834' title='bbox 2466 4898 2531 4951; x_wconf 92' lang='lat' dir='ltr'><strong>ad</strong></span> <span class='ocrx_word' id='word_1_835' title='bbox 2559 4897 2938 4953; x_wconf 89' lang='lat' dir='ltr'><strong>declarandam</strong></span> <span class='ocrx_word' id='word_1_836' title='bbox 2966 4904 3340 4972; x_wconf 84' lang='lat' dir='ltr'><strong>exsuperatio-</strong></span> 
     </span>
    </p>
   </div>
   <div class='ocr_carea' id='block_1_108' title="bbox 1783 4989 3346 5064">
    <p class='ocr_par' dir='ltr' id='par_1_108' title="bbox 1783 4989 3346 5064">
     <span class='ocr_line' id='line_1_108' title="bbox 1783 4989 3346 5064; baseline 0.003 -21"><span class='ocrx_word' id='word_1_837' title='bbox 1783 5006 1906 5045; x_wconf 88' lang='lat' dir='ltr'><strong>nem</strong></span> <span class='ocrx_word' id='word_1_838' title='bbox 1950 4990 2071 5059; x_wconf 80' lang='lat' dir='ltr'><strong>ejus</strong></span> <span class='ocrx_word' id='word_1_839' title='bbox 2102 4989 2244 5059; x_wconf 91' lang='lat' dir='ltr'><strong>quod</strong></span> <span class='ocrx_word' id='word_1_840' title='bbox 2281 4990 2641 5059; x_wconf 78' lang='lat' dir='ltr'><strong>significatur.</strong></span> <span class='ocrx_word' id='word_1_841' title='bbox 2674 4990 2958 5055; x_wconf 81' lang='lat' dir='ltr'><strong>Quomodo</strong></span> <span class='ocrx_word' id='word_1_842' title='bbox 2987 5008 3117 5064; x_wconf 78' lang='lat' dir='ltr'><strong>ergo</strong></span> <span class='ocrx_word' id='word_1_843' title='bbox 3147 4994 3346 5050; x_wconf 59' lang='lat' dir='ltr'><strong>intellic</strong></span> 
     </span>
    </p>
   </div>
   <div class='ocr_carea' id='block_1_109' title="bbox 1780 5084 3341 5157">
    <p class='ocr_par' dir='ltr' id='par_1_109' title="bbox 1780 5084 3341 5157">
     <span class='ocr_line' id='line_1_109' title="bbox 1780 5084 3341 5157; baseline 0.002 -20"><span class='ocrx_word' id='word_1_844' title='bbox 1780 5084 1958 5153; x_wconf 82' lang='lat' dir='ltr'><strong>gimus</strong></span> <span class='ocrx_word' id='word_1_845' title='bbox 1994 5097 2154 5151; x_wconf 82' lang='lat' dir='ltr'><strong>Opera</strong></span> <span class='ocrx_word' id='word_1_846' title='bbox 2190 5094 2438 5151; x_wconf 87' lang='lat' dir='ltr'><strong>operum,</strong></span> <span class='ocrx_word' id='word_1_847' title='bbox 2488 5089 2542 5136; x_wconf 90' lang='lat' dir='ltr'><strong>et</strong></span> <span class='ocrx_word' id='word_1_848' title='bbox 2592 5091 2780 5137; x_wconf 90' lang='lat' dir='ltr'><strong>sancta</strong></span> <span class='ocrx_word' id='word_1_849' title='bbox 2824 5094 3159 5150; x_wconf 89' lang='lat' dir='ltr'><strong>sanctorum,</strong></span> <span class='ocrx_word' id='word_1_850' title='bbox 3204 5101 3341 5157; x_wconf 76' lang='lat' dir='ltr'><strong>quo-</strong></span> 
     </span>
    </p>
   </div>
   <div class='ocr_carea' id='block_1_110' title="bbox 1784 5175 3341 5246">
    <p class='ocr_par' dir='ltr' id='par_1_110' title="bbox 1784 5175 3341 5246">
     <span class='ocr_line' id='line_1_110' title="bbox 1784 5175 3341 5246; baseline 0.002 -17"><span class='ocrx_word' id='word_1_851' title='bbox 1784 5189 1902 5230; x_wconf 87' lang='lat' dir='ltr'><strong>rum</strong></span> <span class='ocrx_word' id='word_1_852' title='bbox 1937 5176 2236 5244; x_wconf 71' lang='lat' dir='ltr'><strong>eXplicatur</strong></span> <span class='ocrx_word' id='word_1_853' title='bbox 2264 5175 2607 5241; x_wconf 79' lang='lat' dir='ltr'><strong>exsuperatio</strong></span> <span class='ocrx_word' id='word_1_854' title='bbox 2629 5175 2681 5228; x_wconf 89' lang='lat' dir='ltr'><strong>in</strong></span> <span class='ocrx_word' id='word_1_855' title='bbox 2711 5191 2776 5229; x_wconf 91' lang='lat' dir='ltr'><strong>eo</strong></span> <span class='ocrx_word' id='word_1_856' title='bbox 2807 5176 2952 5246; x_wconf 88' lang='lat' dir='ltr'><strong>quod</strong></span> <span class='ocrx_word' id='word_1_857' title='bbox 2980 5184 3064 5232; x_wconf 91' lang='lat' dir='ltr'><strong>est</strong></span> <span class='ocrx_word' id='word_1_858' title='bbox 3107 5178 3341 5233; x_wconf 81' lang='lat' dir='ltr'><strong>melius:</strong></span> 
     </span>
    </p>
   </div>
   <div class='ocr_carea' id='block_1_111' title="bbox 1786 5265 3345 5340">
    <p class='ocr_par' dir='ltr' id='par_1_111' title="bbox 1786 5265 3345 5340">
     <span class='ocr_line' id='line_1_111' title="bbox 1786 5265 3345 5340; baseline 0 -20"><span class='ocrx_word' id='word_1_859' title='bbox 1786 5269 1857 5321; x_wconf 88' lang='lat' dir='ltr'><strong>ita</strong></span> <span class='ocrx_word' id='word_1_860' title='bbox 1888 5267 2049 5321; x_wconf 87' lang='lat' dir='ltr'><strong>etiam</strong></span> <span class='ocrx_word' id='word_1_861' title='bbox 2080 5265 2291 5319; x_wconf 90' lang='lat' dir='ltr'><strong>vanitas</strong></span> <span class='ocrx_word' id='word_1_862' title='bbox 2318 5266 2617 5319; x_wconf 86' lang='lat' dir='ltr'><strong>vanitatum</strong></span> <span class='ocrx_word' id='word_1_863' title='bbox 2643 5268 2879 5322; x_wconf 90' lang='lat' dir='ltr'><strong>ostendit</strong></span> <span class='ocrx_word' id='word_1_864' title='bbox 2924 5267 3345 5340; x_wconf 74' lang='lat' dir='ltr'><strong>inSuperabilem</strong></span> 
     </span>
    </p>
   </div>
   <div class='ocr_carea' id='block_1_112' title="bbox 1788 5358 3346 5429">
    <p class='ocr_par' dir='ltr' id='par_1_112' title="bbox 1788 5358 3346 5429">
     <span class='ocr_line' id='line_1_112' title="bbox 1788 5358 3346 5429; baseline 0.001 -17"><span class='ocrx_word' id='word_1_865' title='bbox 1788 5361 1841 5412; x_wconf 91' lang='lat' dir='ltr'><strong>in</strong></span> <span class='ocrx_word' id='word_1_866' title='bbox 1877 5358 2118 5411; x_wconf 86' lang='lat' dir='ltr'><strong>vanitate</strong></span> <span class='ocrx_word' id='word_1_867' title='bbox 2148 5358 2644 5426; x_wconf 79' lang='lat' dir='ltr'><strong>exsuperationem.</strong></span> <span class='ocrx_word' id='word_1_868' title='bbox 2671 5358 2855 5429; x_wconf 82' lang='lat' dir='ltr'><strong>Neque</strong></span> <span class='ocrx_word' id='word_1_869' title='bbox 2888 5374 3018 5414; x_wconf 89' lang='lat' dir='ltr'><strong>vero</strong></span> <span class='ocrx_word' id='word_1_870' title='bbox 3066 5359 3346 5414; x_wconf 79' lang='lat' dir='ltr'><strong>existimet</strong></span> 
     </span>
    </p>
   </div>
   <div class='ocr_carea' id='block_1_113' title="bbox 1786 5452 3347 5523">
    <p class='ocr_par' dir='ltr' id='par_1_113' title="bbox 1786 5452 3347 5523">
     <span class='ocr_line' id='line_1_113' title="bbox 1786 5452 3347 5523; baseline 0.001 -20"><span class='ocrx_word' id='word_1_871' title='bbox 1786 5454 2053 5523; x_wconf 85' lang='lat' dir='ltr'><strong>quispiam</strong></span> <span class='ocrx_word' id='word_1_872' title='bbox 2097 5468 2158 5503; x_wconf 85' lang='lat' dir='ltr'><strong>ea</strong></span> <span class='ocrx_word' id='word_1_873' title='bbox 2209 5468 2328 5520; x_wconf 79' lang='lat' dir='ltr'><strong>quae</strong></span> <span class='ocrx_word' id='word_1_874' title='bbox 2377 5452 2664 5517; x_wconf 85' lang='lat' dir='ltr'><strong>dicuntur,</strong></span> <span class='ocrx_word' id='word_1_875' title='bbox 2705 5462 2966 5508; x_wconf 76' lang='lat' dir='ltr'><strong>creatura:</strong></span> <span class='ocrx_word' id='word_1_876' title='bbox 3017 5468 3139 5507; x_wconf 83' lang='lat' dir='ltr'><strong>esse</strong></span> <span class='ocrx_word' id='word_1_877' title='bbox 3178 5463 3347 5505; x_wconf 60' lang='lat' dir='ltr'><strong>accu-r</strong></span> 
     </span>
    </p>
   </div>
   <div class='ocr_carea' id='block_1_114' title="bbox 1788 5541 3342 5612">
    <p class='ocr_par' dir='ltr' id='par_1_114' title="bbox 1788 5541 3342 5612">
     <span class='ocr_line' id='line_1_114' title="bbox 1788 5541 3342 5612; baseline 0 -17"><span class='ocrx_word' id='word_1_878' title='bbox 1788 5545 2071 5596; x_wconf 77' lang='lat' dir='ltr'><strong>sationem.</strong></span> <span class='ocrx_word' id='word_1_879' title='bbox 2119 5541 2322 5597; x_wconf 78' lang='lat' dir='ltr'><strong>Revera</strong></span> <span class='ocrx_word' id='word_1_880' title='bbox 2362 5544 2508 5597; x_wconf 90' lang='lat' dir='ltr'><strong>enim</strong></span> <span class='ocrx_word' id='word_1_881' title='bbox 2541 5545 2593 5596; x_wconf 90' lang='lat' dir='ltr'><strong>in</strong></span> <span class='ocrx_word' id='word_1_882' title='bbox 2626 5557 2748 5597; x_wconf 88' lang='lat' dir='ltr'><strong>eum</strong></span> <span class='ocrx_word' id='word_1_883' title='bbox 2778 5542 2872 5612; x_wconf 88' lang='lat' dir='ltr'><strong>qui</strong></span> <span class='ocrx_word' id='word_1_884' title='bbox 2909 5542 3111 5597; x_wconf 89' lang='lat' dir='ltr'><strong>creavit</strong></span> <span class='ocrx_word' id='word_1_885' title='bbox 3136 5542 3342 5605; x_wconf 80' lang='lat' dir='ltr'><strong>omnia.</strong></span> 
     </span>
    </p>
   </div>
   <div class='ocr_carea' id='block_1_115' title="bbox 1784 5633 3339 5700">
    <p class='ocr_par' dir='ltr' id='par_1_115' title="bbox 1784 5633 3339 5700">
     <span class='ocr_line' id='line_1_115' title="bbox 1784 5633 3339 5700; baseline -0.002 -13"><span class='ocrx_word' id='word_1_886' title='bbox 1784 5636 2040 5689; x_wconf 88' lang='lat' dir='ltr'><strong>transiret</strong></span> <span class='ocrx_word' id='word_1_887' title='bbox 2063 5635 2394 5700; x_wconf 90' lang='lat' dir='ltr'><strong>criminatio,</strong></span> <span class='ocrx_word' id='word_1_888' title='bbox 2426 5635 2469 5687; x_wconf 89' lang='lat' dir='ltr'><strong>si</strong></span> <span class='ocrx_word' id='word_1_889' title='bbox 2502 5647 2688 5688; x_wconf 91' lang='lat' dir='ltr'><strong>eorum</strong></span> <span class='ocrx_word' id='word_1_890' title='bbox 2724 5633 2880 5687; x_wconf 88' lang='lat' dir='ltr'><strong>nobis</strong></span> <span class='ocrx_word' id='word_1_891' title='bbox 2909 5633 3192 5687; x_wconf 67' lang='lat' dir='ltr'><strong>exsisteret</strong></span> <span class='ocrx_word' id='word_1_892' title='bbox 3221 5633 3339 5700; x_wconf 77' lang='grc' dir='ltr'><strong>0βί⁴</strong></span> 
     </span>
    </p>
   </div>
   <div class='ocr_carea' id='block_1_116' title="bbox 1784 5718 3345 5793">
    <p class='ocr_par' dir='ltr' id='par_1_116' title="bbox 1784 5718 3345 5793">
     <span class='ocr_line' id='line_1_116' title="bbox 1784 5718 3345 5793; baseline -0.003 -15"><span class='ocrx_word' id='word_1_893' title='bbox 1784 5726 1892 5787; x_wconf 80' lang='lat' dir='ltr'><strong>fex,</strong></span> <span class='ocrx_word' id='word_1_894' title='bbox 1929 5725 2021 5793; x_wconf 91' lang='lat' dir='ltr'><strong>qui</strong></span> <span class='ocrx_word' id='word_1_895' title='bbox 2052 5740 2116 5779; x_wconf 83' lang='lat' dir='ltr'><strong>ex</strong></span> <span class='ocrx_word' id='word_1_896' title='bbox 2162 5724 2230 5778; x_wconf 86' lang='lat' dir='ltr'><strong>iis</strong></span> <span class='ocrx_word' id='word_1_897' title='bbox 2267 5736 2388 5793; x_wconf 73' lang='lat' dir='ltr'><strong>qua:</strong></span> <span class='ocrx_word' id='word_1_898' title='bbox 2418 5737 2525 5776; x_wconf 89' lang='lat' dir='ltr'><strong>non</strong></span> <span class='ocrx_word' id='word_1_899' title='bbox 2567 5729 2723 5781; x_wconf 88' lang='lat' dir='ltr'><strong>erant</strong></span> <span class='ocrx_word' id='word_1_900' title='bbox 2764 5721 3009 5776; x_wconf 84' lang='lat' dir='ltr'><strong>condidit</strong></span> <span class='ocrx_word' id='word_1_901' title='bbox 3052 5720 3255 5783; x_wconf 84' lang='lat' dir='ltr'><strong>omnia,</strong></span> <span class='ocrx_word' id='word_1_902' title='bbox 3293 5718 3345 5775; x_wconf 75' lang='lat' dir='ltr'><strong>si</strong></span> 
     </span>
    </p>
   </div>
   <div class='ocr_carea' id='block_1_117' title="bbox 1785 5811 3343 5887">
    <p class='ocr_par' dir='ltr' id='par_1_117' title="bbox 1785 5811 3343 5887">
     <span class='ocr_line' id='line_1_117' title="bbox 1785 5811 3343 5887; baseline -0.003 -16"><span class='ocrx_word' id='word_1_903' title='bbox 1785 5818 2000 5887; x_wconf 90' lang='lat' dir='ltr'><strong>quidem</strong></span> <span class='ocrx_word' id='word_1_904' title='bbox 2045 5824 2228 5871; x_wconf 87' lang='lat' dir='ltr'><strong>essent</strong></span> <span class='ocrx_word' id='word_1_905' title='bbox 2262 5814 2443 5868; x_wconf 89' lang='lat' dir='ltr'><strong>omnia</strong></span> <span class='ocrx_word' id='word_1_906' title='bbox 2470 5814 2743 5869; x_wconf 87' lang='lat' dir='ltr'><strong>vanitatis.</strong></span> <span class='ocrx_word' id='word_1_907' title='bbox 2792 5813 2896 5868; x_wconf 86' lang='lat' dir='ltr'><strong>Sed</strong></span> <span class='ocrx_word' id='word_1_908' title='bbox 2942 5813 3197 5882; x_wconf 85' lang='lat' dir='ltr'><strong>quoniam</strong></span> <span class='ocrx_word' id='word_1_909' title='bbox 3238 5811 3343 5867; x_wconf 77' lang='lat' dir='ltr'><strong>du-</strong></span> 
     </span>
    </p>
   </div>
   <div class='ocr_carea' id='block_1_118' title="bbox 1788 5906 3349 5979">
    <p class='ocr_par' dir='ltr' id='par_1_118' title="bbox 1788 5906 3349 5979">
     <span class='ocr_line' id='line_1_118' title="bbox 1788 5906 3349 5979; baseline -0.001 -20"><span class='ocrx_word' id='word_1_910' title='bbox 1788 5912 1906 5979; x_wconf 71' lang='lat' dir='ltr'><strong>plcx</strong></span> <span class='ocrx_word' id='word_1_911' title='bbox 1940 5918 2021 5963; x_wconf 87' lang='lat' dir='ltr'><strong>est</strong></span> <span class='ocrx_word' id='word_1_912' title='bbox 2068 5909 2305 5962; x_wconf 88' lang='lat' dir='ltr'><strong>hominis</strong></span> <span class='ocrx_word' id='word_1_913' title='bbox 2345 5908 2700 5975; x_wconf 81' lang='lat' dir='ltr'><strong>constructio,</strong></span> <span class='ocrx_word' id='word_1_914' title='bbox 2742 5915 2866 5961; x_wconf 81' lang='lat' dir='ltr'><strong>cum</strong></span> <span class='ocrx_word' id='word_1_915' title='bbox 2899 5906 3082 5960; x_wconf 83' lang='lat' dir='ltr'><strong>anima</strong></span> <span class='ocrx_word' id='word_1_916' title='bbox 3111 5917 3349 5961; x_wconf 70' lang='lat' dir='ltr'><strong>concur—</strong></span> 
     </span>
    </p>
   </div>
  </div>
