4044 6480
701 464 808 522 625

1793 501 1796 504 .
1896 458 1952 512 S.
1987 452 2312 510 GREGURII
2353 452 2643 511 NYSSENI

3824 447 3935 503 62-5

705 598 791 644 rat
825 599 950 641 cum
981 597 1229 652 corpore,
1272 580 1656 636 convenienter
1695 583 1873 631 autem
1921 576 2138 642 utrique
2167 586 2259 625 eo-

2371 571 2708 645 καταλλήλως
2750 575 2993 646 ἐκατέρῳ
3027 573 3136 627 τῶν
3165 574 3222 627 ὲν
3251 571 3384 643 ἡμῖν
3414 568 3800 639 θεωρουμένων
3835 563 3934 620 καὶ

699 695 825 733 cum
867 690 989 745 quae
1025 675 1080 729 in
1121 673 1280 728 nobis
1322 671 1759 733 considerantur,
1793 667 2139 736 dispertitum
2180 671 2264 718 est

704 772 829 825 vitae
855 783 1065 838 genus:
1107 766 1213 820 alia
1236 765 1381 820 enim
1409 771 1494 819 est
1530 762 1745 826 animaz,
1777 760 1882 812 alia
1931 760 2038 812 vita
2071 770 2266 825 corpo—

708 861 786 918 ris
810 879 823 914 :
852 873 978 914 nam
1010 858 1124 913 haec
1154 857 1372 927 quidem
1395 863 1481 912 est
1506 853 1773 915 mortalis,
1809 859 1863 906 et
1891 851 1944 903 in
1983 864 2101 904 eam
2122 847 2268 902 cadit

708 954 959 1012 Interitus
994 971 1008 1007 :
1047 951 1138 1005 illa
1177 957 1358 1006 autem
1396 945 1715 1017 impatihilis
1759 951 1814 998 et
1850 942 2025 996 aliena
2065 940 2133 994 ab
2194 938 2269 991 in-

709 1047 908 1105 teritu.
942 1051 996 1100 et
1037 1043 1152 1097 haec
1180 1041 1397 1112 quidem
1431 1037 1626 1107 aspicit
1661 1043 1869 1090 tantum
1912 1030 2056 1101 quod
2091 1031 2265 1092 adest,

708 1149 763 1198 et
787 1136 934 1209 quod
963 1149 1205 1206 praesens
1242 1140 1327 1188 est
1351 1150 1366 1197 ;
1399 1131 1546 1184 illius
1570 1137 1750 1182 autem
1775 1140 1974 1194 scopus
2001 1123 2174 1178 tendit
2200 1121 2267 1175 ad

709 1228 1086 1286 eternitatem.
1121 1223 1389 1290 Quoniam
1419 1235 1548 1290 ergo
1580 1219 1808 1272 multum
1840 1215 2018 1272 dill‘ert
2046 1215 2270 1269 immor-

709 1323 819 1377 tale
847 1335 878 1374 a
915 1317 1152 1380 mortali,
1194 1323 1249 1370 et
1285 1320 1544 1368 aeternum
1576 1326 1604 1364 a
1636 1309 1934 1380 temporali,
1960 1307 2066 1361 huc
2098 1305 2271 1360 tendit

711 1427 813 1467 vox
855 1409 1216 1468 Ecclesiaste,
1268 1420 1376 1459 non
1425 1408 1678 1472 Oportere
1724 1401 1790 1454 ad
1837 1399 1978 1454 hanc
2015 1397 2269 1453 sensilem

714 1501 917 1560 intueri
946 1501 1112 1556 vitam
1137 1517 1150 1551 :
1179 1512 1298 1568 qua:
1326 1495 1372 1550 si
1411 1491 1725 1548 conferatur
1747 1505 1871 1545 cum
1907 1504 1968 1543 ea
1997 1503 2118 1557 quae
2148 1501 2272 1542 vere

623 1597 626 1600 ’
713 1605 798 1654 est
827 1594 961 1658 vita,
992 1607 1100 1646 non
1129 1596 1234 1655 est,
1274 1601 1375 1642 nec
1402 1592 1583 1655 potest
1609 1582 1929 1638 consistere.
1961 1579 2067 1634 Sed
2102 1578 2272 1632 nihilo

716 1688 894 1745 secius
937 1683 1137 1740 dixerit
1183 1679 1457 1752 quispiam
1504 1679 1608 1730 hoc
1637 1689 1856 1745 quoque
1905 1673 2109 1727 dictum
2153 1685 2273 1725 esse

717 1793 826 1834 non
857 1777 994 1832 citra
1019 1772 1283 1829 creatoris
1321 1767 1780 1829 criminationem,
1813 1765 2030 1834 quando
2055 1763 2272 1833 quidem

716 1871 785 1926 ab
811 1886 876 1926 eo
901 1876 986 1925 est
1013 1867 1199 1922 anima
1230 1872 1284 1918 et
1311 1876 1534 1931 corpus.
1559 1857 1692 1912 Nam
1716 1860 1762 1913 si
1787 1873 1908 1927 quae
1937 1870 2032 1926 per
2053 1869 2272 1909 carnem

715 1963 893 2033 agitur
925 1961 1056 2024 vita,
1109 1961 1421 2019 accusatur,
1464 1951 1649 2006 carnis
1694 1957 1875 2002 autem
1924 1953 2142 2000 creator
2190 1951 2274 1999 est

698 2057 880 2112 'Deus.
919 2053 987 2107 «in
1036 2050 1188 2104 illum
1233 2043 1546 2100 necessario
1592 2039 1869 2096 confertur
1926 2038 2042 2092 haec
2090 2050 2273 2106 repre-

715 2145 927 2203 hensio.

787 2236 894 2293 Sed
933 2235 1048 2289 hch
1095 2229 1314 2302 quidem
1370 2227 1515 2281 dicet
1559 2222 1784 2278 omnino
1830 2221 2124 2292 quispiam,
2174 2219 2274 2289 qui

702 2327 955 2385 =nondum
998 2330 1082 2378 est
1110 2329 1262 2376 extra
1298 2331 1538 2375 carnem.
1574 2329 1749 2384 neque
1793 2313 1860 2367 ad
1903 2311 2275 2367 sublimiorem

706 2421 882 2474 vitam
923 2415 1212 2484 diligenter
1259 2420 1313 2465 et
1355 2414 1610 2463 accurate
1646 2405 1879 2475 aspexit.
1914 2404 2045 2457 Nam
2087 2402 2179 2472 qui
2220 2402 2274 2457 in

709 2510 921 2568 divinis
943 2516 1028 2564 est
1051 2505 1298 2562 eruditus
1325 2501 1622 2571 mysteriis,
1653 2515 1761 2554 non
1785 2498 1996 2568 ignorat
2027 2496 2271 2561 omnino,

710 2602 862 2674 quod
891 2594 1462 2665 hominibusquidem
1501 2590 1833 2646 conveniens
1873 2596 1928 2644 et
1975 2586 2274 2643 secundum

715 2702 968 2748 naturam
1013 2695 1099 2746 est
1126 2690 1256 2749 vita,
1293 2699 1414 2756 quae
1439 2682 1638 2739 divinae
1668 2688 1752 2736 est
1779 2688 1989 2735 naturae
2029 2678 2228 2732 similis
2257 2693 2272 2730 :

717 2786 825 2840 vita
876 2789 1057 2837 autem
1101 2778 1338 2841 sensilis,
1391 2790 1513 2844 qua:
1549 2788 1645 2844 per
1674 2786 1930 2827 sensuum
1965 2769 2274 2824 traducitur

713 2875 1108 2946 operationem,
1139 2869 1204 2924 ad
1232 2871 1336 2923 hoc
1361 2868 1487 2922 data
1511 2875 1594 2920 est
1615 2872 1841 2925 naturae,
1865 2870 1922 2915 ut
1947 2876 2134 2916 eorum
2155 2874 2276 2930 quae

717 2967 820 3023 sub
846 2974 1122 3034 aspectum
1166 2961 1370 3016 cadunt
1415 2956 1676 3027 cognitio.
1731 2954 1841 3008 dux
1873 2954 1944 3008 sit
1985 2953 2179 3006 animae
2208 2951 2274 3006 ad

715 3055 962 3113 notitiam
997 3067 1186 3107 eorum
1238 3065 1358 3119 quae
1401 3063 1508 3102 non
1558 3054 1688 3102 sunt
1728 3043 2100 3114 aspectabilia,
2134 3057 2274 3111 quo-

715 3151 877 3205 modo
915 3147 1048 3202 dicit
1082 3142 1362 3214 Sapientia
1381 3141 1451 3190 “z
1473 3158 1491 3191 ι
1519 3138 1595 3192 Ex
1635 3136 2006 3208 magnitudine
2031 3136 2274 3205 pulchri-

2363 665 2461 734 τῆς
2487 663 2632 734 ζωῆς
2665 662 2821 731 εἶδος.
2855 667 3021 737 ’Ἄλλη
3052 666 3159 736 γὰρ
3187 664 3382 735 ψυχῆς,
3412 663 3506 715 καὶ
3544 661 3704 731 ἑτέρα
3741 657 3934 727 σώμα-

2363 758 2454 820 τός
2487 760 2602 811 ἐστι
2636 759 2746 830 ζωή
2770 775 2787 788 ⁸
2823 761 2855 830 ἡ
2908 760 3004 830 μὲν
3039 759 3166 830 γὰρ,
3199 756 3363 828 θνητὴ
3413 756 3504 808 καὶ
3549 753 3848 824 ὲπίκηρος·
3897 752 3934 820 ἡ

2363 849 2440 909 δὲ.
2471 851 2686 922 ἀπαθὴς
2713 854 2808 906 καὶ
2833 853 3125 924 ἀκήρατος⁹
3155 851 3248 905 καὶ
3279 850 3414 915 αὕτη
3450 850 3545 918 μὲν
3573 849 3655 907 εἰς
3678 847 3738 900 τὸ
3759 844 3936 915 παρὸν

2368 941 2553 1012 βλέπει
2582 943 2761 1014 μόνον,
2793 945 2890 1014 τῆς
2911 944 2966 996 δὲ
2995 946 3023 997 6
3053 943 3250 1006 σκοπὸς
3279 945 3356 1006 εἰς
3389 941 3448 994 τὸ
3473 941 3715 1011 διηνεκὲς
3753 955 3936 1010 παρα-

2366 1035 2617 1088 τείνεται.
2667 1035 2815 1088 Ἐπεὶ
2847 1033 2939 1088 οὖν
2963 1035 3125 1106 πολλὴ
3165 1034 3395 1105 διαφορὰ
3427 1033 3522 1085 τοῦ
3556 1030 3750 1103 θνητοῦ
3797 1029 3939 1102 πρὸς

2366 1126 2426 1178 τὸ
2477 1126 2761 1189 ἀθάνατον,
2799 1127 2890 1179 καὶ
2928 1127 3022 1179 τοῦ
3071 1125 3403 1195 προσκαίρου
3451 1123 3586 1194 πρὸς
3631 1122 3692 1175 τὸ
3741 1121 3938 1186 ἀΐδιον,

2369 1219 2504 1290 πρὸς
2531 1219 2687 1272 τοῦτο
2717 1220 2869 1291 φέρει
2897 1220 2990 1272 τοῦ
3033 1217 3448 1289 Ἐκκλησιαστοῦ
3483 1220 3514 1287 ἡ
3559 1216 3731 1286 φωνὴ,
3757 1216 3818 1269 τὸ
3861 1216 3938 1286 μὴ

2368 1311 2478 1364 δεῖν
2509 1309 2645 1382 πρὸς
2671 1311 2769 1380 τὴν
2802 1311 3062 1382 αἰσθητὴν
3105 1311 3305 1381 ταύτην
3349 1310 3563 1380 βλέπειν
3592 1310 3736 1378 ζωήν
3757 1325 3769 1335 ·
3812 1310 3941 1378 ἣτις

2372 1403 2768 1472 συγκρινομένη
2804 1403 2938 1474 πρὸς
2962 1404 3059 1473 τὴν
3090 1404 3256 1465 ὅντως
3290 1401 3453 1470 ζωὴν,
3486 1399 3831 1471 ἀνύπαρκτός
3855 1414 3938 1461 τις

2370 1494 2465 1546 καὶ
2493 1495 2859 1558 ἀνυπόστατός
2891 1496 3059 1551 ἐστιν.
3109 1493 3245 1546 Ἀλλ’
3288 1493 3438 1546 οὐδὲν
3482 1488 3642 1565 ἦττον
3676 1493 3821 1544 εἴποι
3857 1509 3942 1555 τις

2369 1583 2436 1637 ἂν
2466 1585 2540 1656 μὴ
2569 1585 2674 1652 ἔξω
2701 1588 2799 1656 τῆς
2825 1585 2918 1638 τοῦ
2947 1585 3275 1655 δημιουργοῦ
3315 1585 3644 1657 κατηγορίας
3681 1587 3776 1640 καὶ
3807 1586 3945 1638 τοῦ·

2369 1693 2461 1729 τον
2504 1673 2644 1730 εἶναι
2675 1677 2766 1730 τὸν
2803 1677 2979 1746 λόγον,
3053 1684 3184 1740 διότι
3232 1679 3360 1750 παρ’
3388 1677 3551 1731 αὑτοῦ
3586 1680 3678 1732 καὶ
3710 1681 3744 1748 ἡ
3789 1679 3944 1750 ψυχὴ

2372 1769 2467 1822 καὶ
2490 1769 2551 1822 τὸ
2580 1769 2756 1839 σῶμα.
2807 1769 2894 1832 Ὠς
2918 1771 2964 1822 εί
2987 1772 3018 1840 ἡ
3051 1769 3138 1823 δια
3164 1771 3362 1841 σαρκὸς
3392 1773 3778 1841 κατηγορεῖται
3800 1773 3943 1838 ζωὴ,

2376 1860 2575 1930 σαρκὸς
2611 1860 2667 1913 δὲ
2701 1859 2926 1932 ποιητὴς
2950 1864 2978 1915 6
3009 1861 3159 1928 Θεὸς,
3205 1863 3283 1925 είς
3315 1864 3518 1915 ἐκεῖνον
3541 1863 3863 1931 ἀναγκαίως
3910 1865 3945 1933 ἡ

2373 1953 2593 2023 τοιαύτη
2627 1953 2832 2024 μέμψις
2857 1954 2955 2024 τὴν
2983 1953 3258 2024 ἀναφορὰν
3293 1953 3426 2024 ἔχοι.

2458 2227 2616 2282 Ἀλλά
2640 2227 2808 2282 ταῦτα
2837 2228 2936 2298 μὲν
2961 2229 3073 2300 ἐρεῖ
3099 2229 3312 2293 πάντως
3354 2231 3383 2283 ό
3410 2231 3483 2300 μή
3508 2248 3592 2284 πω
3611 2229 3714 2301 τῆς
3736 2247 3805 2284 σα
3813 2233 3949 2302 ρκδς

2374 2320 2479 2386 ἔξω
2510 2319 2816 2391 γενόμενος,
2847 2320 2980 2390 μηδὲ
3028 2321 3268 2389 ἀκριδῶς
3301 2322 3435 2393 πρὸς
3470 2323 3566 2393 τὴν
3597 2323 3949 2395 ὑψηλοτέραν

2373 2409 2640 2479 διακύψας
2683 2409 2847 2481 ζωήν.
2899 2411 3049 2464 Ἐπεὶ
3085 2412 3114 2464 ὅ
3149 2430 3209 2481 γε
3255 2414 3676 2484 πεπαιδευμένος
3716 2415 3790 2469 τά
3823 2416 3950 2471 θεῖα

2377 2505 2669 2574 μυστήρια,
2719 2503 2820 2556 οὐκ
2866 2504 3050 2572 ἀγνοεῖ
3096 2505 3330 2569 πάντως,
3359 2507 3440 2559 ὅτι
3470 2508 3642 2560 οἰκεία
3685 2508 3792 2578 μὲν
3851 2512 3952 2564 κιιί⁸

2373 2595 2512 2648 κατά
2558 2594 2717 2664 φύσιν
2743 2598 2854 2658 τοῖς
2886 2594 3188 2666 ἀνθρώποις
3219 2596 3365 2649 ἐστὶν
3390 2598 3421 2666 ἡ
3459 2597 3568 2668 ζωὴ
3595 2600 3628 2668 ἡ
3671 2599 3815 2670 πρὸς
3845 2604 3951 2671 τὴν

2374 2682 2526 2738 θείαν
2563 2683 2723 2752 φύσιν
2761 2684 3085 2756 ὼμοιωμένη
3111 2704 3123 2715 ·
3174 2687 3206 2756 ἡ
3251 2687 3306 2738 δὲ
3349 2687 3633 2760 αἰσθητικὴ
3679 2690 3821 2762 ζωὴ,
3861 2693 3954 2746 διὰ

2372 2773 2472 2845 τῆς
2520 2774 2628 2829 τῶν
2677 2775 3042 2846 αἰσθητηρίων
3093 2779 3368 2848 ἐνεργείας
3417 2779 3811 2854 διεξαγομένη,
3858 2787 3955 2838 ἐπὶ

2374 2866 2546 2938 τούτῳ
2595 2867 2753 2936 φύσει
2803 2867 3030 2931 δέδοται,
3086 2871 3169 2938 ἐφ’
3215 2863 3259 2938 ᾧ
3300 2872 3396 2942 τὴν
3441 2874 3548 2925 τῶν
3597 2874 3956 2946 φαινομένων

2375 2960 2572 3028 γνῶσιν
2608 2959 2800 3030 ὁδηγὸν
2847 2959 3099 3028 γενέσθαι
3143 2962 3241 3031 τῆς
3287 2961 3464 3033 ψυχῆς
3513 2965 3648 3035 πρὸς
3694 2966 3801 3036 τὴν
3836 2969 3956 3020 τῶν

2373 3052 2615 3118 ἀοράτων
2642 3052 2931 3119 ἐπίγνωσιν
2950 3067 2963 3080 ·
2991 3050 3172 3116 καθώς
3202 3070 3364 3122 φησιν
3389 3057 3420 3124 ἡ
3446 3053 3632 3122 Σοφία.
3658 3076 3677 3108 ‹
3723 3059 3826 3112 Ἐκ
3857 3079 3959 3130 με-

2373 3143 2565 3210 γέθους
2610 3143 2868 3210 καλλονῆς
2900 3145 3230 3213 κτισμάτων,
3274 3146 3548 3214 ἀναλόγως
3586 3148 3677 3200 τὸν
3723 3151 3959 3203 πάντων

714 3239 921 3296 tudinis
979 3243 1355 3290 creaturarum
1416 3245 1510 3300 per
1560 3227 1971 3298 proportionem
2026 3225 2270 3295 conspici

2374 3233 2748 3304 γενεσιουργδν
2777 3233 3129 3304 καθορᾶσθαι.
3147 3252 3164 3286 ι
3184 3235 3246 3286 Ἥ
3273 3233 3328 3286 δὲ
3352 3237 3661 3308 ἀνθρωπίνη
3689 3240 3958 3307 ἀϐουλία,

715 3330 957 3383 omnium
985 3325 1308 3396 genitorem,
1332 3330 1385 3376 et
1413 3328 1738 3374 creatorem.
1769 3337 1787 3368 ι
1818 3316 2066 3371 Humana
2095 3325 2274 3370 autem

2377 3325 2436 3378 ού
2470 3325 2529 3378 τὺ
2563 3325 2650 3378 διά
2683 3324 2793 3378 τῶν
2822 3325 3156 3396 φαινομένων
3198 3325 3606 3398 θαυμαζόμενον
3637 3325 3802 3393 εἶδεν,
3833 3333 3961 3385 ἀλλ’

717 3418 934 3475 consilii
965 3425 1197 3484 egestas,
1230 3429 1337 3467 non
1363 3428 1456 3481 per
1483 3425 1568 3473 ea,
1594 3425 1714 3479 qua:
1743 3410 2104 3479 aspiciuntur,
2133 3409 2270 3462 videt

2373 3416 2401 3469 ὃ
2445 3410 2581 3469 εἶδεν
2635 3414 2961 3486 ἐθαύμασεν.
3029 3417 3177 3470 Ἑπεί
3218 3415 3310 3472 οὖν
3365 3421 3692 3492 πρόσκαιρός
3742 3439 3802 3474 τε
3857 3426 3962 3478 καὶ

718 3524 840 3564 eum
879 3508 971 3575 qui
1012 3507 1242 3559 habetur
1286 3505 1340 3556 in
1378 3502 1757 3560 admiratione,
1797 3501 1892 3553 sed
1928 3499 2073 3569 quod
2105 3499 2275 3561 videt,

716 3598 1038 3652 admiratur.
1080 3594 1345 3660 Quoniam
1387 3607 1515 3661 ergo
1547 3599 1632 3645 est
1675 3592 2027 3659 temporaria,
2060 3599 2112 3644 et
2155 3604 2276 3658 quae

715 3705 840 3744 mox
871 3687 1076 3751 interit,
1102 3701 1356 3741 sensuum
1393 3682 1658 3752 operatio,
1687 3697 1782 3751 per
1812 3682 2096 3736 sublimem
2136 3681 2275 3735 hanc

713 3796 901 3834 vocem
927 3780 1032 3832 hoc
1060 3777 1347 3837 discimus,
1381 3775 1522 3846 quod
1563 3774 1653 3843 qui
1691 3774 1756 3826 ad
1788 3775 1900 3827 haec
1935 3774 2149 3842 aspicit,
2186 3773 2274 3827 ni-

714 3873 789 3928 hil
816 3871 1029 3940 aspicit.
1075 3868 1177 3934 Qui
1209 3880 1386 3922 autem
1421 3884 1515 3938 per
1559 3869 1671 3920 haec
1700 3866 1990 3920 deducitur
2025 3867 2088 3918 ad
2129 3866 2271 3931 ejus,

713 3961 856 4032 quod
896 3969 998 4022 est,
1031 3958 1466 4027 intelligentiam,
1491 3965 1543 4012 et
1569 3973 1662 4028 per
1691 3974 1753 4012 ea
1800 3973 1920 4027 quze
1963 3966 2277 4025 praetercur-

712 4061 861 4118 runt,
899 4051 1150 4106 stabilem
1178 4049 1430 4117 intelligit
1486 4060 1765 4115 naturam,
1804 4057 1858 4104 et
1888 4057 2069 4102 mente
2105 4047 2273 4118 agitat

711 4145 766 4198 id
793 4144 934 4214 quod
966 4157 1180 4210 semper
1209 4141 1460 4196 similiter
1503 4149 1556 4194 et
1589 4141 1776 4196 eodem
1807 4141 1966 4195 modo
1999 4155 2057 4194 se
2091 4139 2270 4202 habet,

715 4235 856 4288 videt
889 4243 944 4287 et
989 4233 1132 4302 quod
1165 4246 1289 4286 vere
1320 4240 1402 4285 est
1428 4231 1648 4289 bonum.
1686 4240 1739 4285 et
1776 4231 1919 4299 quod
1947 4230 2111 4294 videt,
2151 4243 2275 4298 pos-

711 4327 874 4389 sidet,
914 4326 1114 4379 ctenim
1159 4323 1440 4392 possessio
1484 4323 1611 4377 boni
1659 4324 1822 4392 hujus
1863 4322 2267 4391 contemplatio.

717 4437 736 4470 ι
772 4415 913 4482 Quid
948 4415 1092 4469 enim
1133 4424 1382 4484 superest
1417 4414 1643 4476 homini,
1687 4434 1704 4465 ι
1742 4415 1936 4482 inquit,
1971 4433 1986 4463 ι
2039 4414 2090 4466 in
2123 4413 2269 4466 omni

710 4507 897 4562 labore
940 4519 1050 4574 quo
1102 4504 1312 4558 laborat
1358 4505 1460 4558 sub
1490 4505 1664 4557 caelo?
1710 4523 1727 4552 ›
1766 4505 1896 4568 Qum
1939 4505 1990 4555 in
2043 4518 2270 4571 corpore

2374 3506 2658 3578 ὠκύμορος
2690 3508 2722 3578 ή
2749 3507 2859 3560 τῶν
2891 3508 3258 3579 αἰσθητηρίων
3289 3510 3553 3582 ἐνέργεια,
3608 3513 3766 3567 τοῦτο
3802 3533 3962 3585 μαν-

2373 3594 2606 3666 θάνομεν
2647 3597 2735 3650 διὰ
2781 3597 2878 3667 τῆς
2911 3597 3117 3668 ὑψηλῆς
3150 3600 3352 3669 ταύτης
3383 3601 3582 3671 φωνῆς,
3614 3603 3692 3656 ὅτι
3739 3608 3768 3658 6
3805 3609 3964 3678 πρὲς

2372 3685 2540 3738 ταῦτα
2569 3687 2797 3756 βλέπων,
2833 3687 3015 3757 βλέπει
3045 3688 3214 3744 οὐδέν.
3259 3692 3316 3742 '0
3359 3691 3412 3743 δὲ
3453 3692 3538 3746 διὰ
3565 3693 3769 3748 τούτων
3803 3701 3963 3768 πρὸς

2372 3777 2468 3847 τήν
2496 3778 2590 3830 τοῦ
2619 3779 2768 3842 ὄντος
2798 3780 3120 3850 κατανόησιν
3160 3781 3534 3853 όδηγούμενος,
3579 3785 3670 3837 καὶ
3713 3786 3802 3839 διὰ
3839 3790 3964 3841 τίὲν

2373 3873 2822 3943 παρατρεχόντων
2847 3873 2945 3942 τὴν
2972 3873 3231 3942 στάσιμον
3259 3873 3418 3941 φύσιν
3451 3877 3816 3946 κατανοήσας,
3854 3882 3964 3932 καὶ

2370 3963 2464 4016 τοῦ
2495 3965 2580 4017 ἀεὶ
2611 3964 2868 4028 ὡσαύτως
2900 3964 3112 4035 ἔχοντος
3141 3966 3196 4017 ὲν
3225 3966 3469 4038 περινοίᾳ
3496 3968 3806 4037 γενόμενος,
3838 3969 3965 4026 εἷδέ

2370 4075 2428 4109 τε
2463 4057 2523 4108 τὸ
2549 4057 2714 4120 ὅντως
2743 4056 2800 4108 ὃν
2825 4055 3042 4123 ἀγαθὸν.
3072 4056 3164 4108 καὶ
3191 4055 3218 4107 ὃ
3250 4051 3386 4108 εἶδεν
3407 4057 3679 4128 ’ἐκτήσατο
3699 4076 3714 4088 ο
3742 4060 3969 4130 κτῆσις

2373 4151 2478 4220 γάρ
2522 4151 2636 4202 ἐστι
2661 4147 2754 4201 τοῦ
2784 4147 2984 4216 ἀγαθοῦ
3015 4147 3199 4200 τούτου
3237 4150 3270 4218 ἠ
3305 4148 3523 4218 εἷδησις.
3553 4168 3572 4201 ι
3606 4149 3701 4213 Τίς
3742 4170 3762 4202 ι
3802 4155 3959 4224 γὰρ.

2374 4242 2525 4311 φησι,
2571 4259 2588 4291 ι
2635 4242 2921 4310 περισσεία
2965 4238 3042 4308 τῷ
3095 4238 3383 4310 ἀνθρώπῳ,
3433 4241 3491 4291 ὲν
3541 4243 3699 4293 παντὶ
3752 4243 3968 4316 μόχθῳ

2373 4332 2536 4386 αὐτοῦ
2570 4326 2614 4400 ᾧ
2645 4332 2834 4402 μοχθεί
2867 4331 2970 4383 ὑπὸ
2993 4331 3085 4382 τὸν
3117 4331 3303 4400 ἥλιον;
3339 4351 3357 4382 ι
3397 4332 3506 4402 Τὴν
3534 4333 3590 4384 ὲν
3615 4333 3692 4402 τῷ
3721 4334 3967 4404 σώματι

2374 4422 2516 4492 ζωὴν
2547 4421 2955 4492 προσηγόρευσε
2982 4420 3198 4491 μόχθον,
3224 4421 3315 4473 ἐπὶ
3342 4422 3525 4493 μηδενὶ
3551 4424 3969 4495 κατορθώματι

2376 4512 2558 4583 κέρδος
2590 4511 3172 4582 σπουδαζόμενον.ιΤίς
3202 4511 3309 4582 γὰρ
3337 4509 3634 4584 περισσεία,
3668 4515 3833 4584 φησὶ,
3879 4519 3968 4587 τῷ

710 4599 890 4668 agitur
937 4595 1064 4659 vita,
1114 4594 1406 4663 appellavit
1458 4594 1720 4656 laborem,
1775 4595 1866 4662 qui
1920 4595 2068 4646 nullo
2122 4600 2268 4646 recte

2373 4603 3009 4674 ἀνθρώπῳ;ιΤουτέστι,
3059 4601 3112 4654 τί
3162 4602 3493 4672 περιγίνεται
3543 4605 3608 4672 τῇ
3655 4603 3804 4674 ψυχῇ
3868 4609 3969 4661 διὰ

709 4689 854 4742 facto
898 4688 1110 4740 lucrum
1136 4685 1348 4754 quaarit.
1383 4703 1401 4736 ι
1450 4684 1590 4750 Quid
1633 4685 1776 4738 enim
1823 4692 2092 4753 superest,
2130 4703 2148 4734 ι
2183 4683 2268 4736 in-

707 4781 845 4851 quit,
900 4798 918 4829 ι
952 4777 1204 4832 homini?
1237 4795 1254 4827 ι
1293 4777 1396 4831 hoc
1436 4784 1541 4836 est.
1576 4777 1704 4845 quid
1752 4777 1888 4830 retlit
1931 4776 1998 4830 ad
2033 4777 2266 4830 animum

709 4888 805 4943 per
835 4871 1074 4925 laborem
1099 4868 1193 4938 qui
1221 4883 1318 4936 pro
1348 4868 1492 4921 victu
1521 4869 1837 4938 suscipitur,
1868 4868 1934 4923 iis
1956 4870 2048 4937 qui
2079 4869 2268 4922 vivunt

708 4969 1023 5033 spectantes
1062 4960 1115 5013 id
1151 4960 1294 5029 quod
1326 4961 1577 5016 videtur?
1605 4959 1661 5013 In
1691 4977 1925 5030 quonam
1970 4971 2052 5015 est
2087 4969 2264 5013 autem

706 5055 853 5108 vita?
895 5052 1166 5118 Quidnam
1210 5068 1273 5106 ex
1328 5052 1394 5105 iis
1443 5068 1561 5121 qua:
1605 5054 1706 5108 sub
1740 5063 2015 5122 aspectum
2065 5053 2304 5112 cadunt.

705 5145 885 5210 bonis,
922 5144 1064 5199 idem
1106 5144 1326 5198 manet?
1364 5142 1456 5197 Sol
1499 5162 1655 5199 suum
1704 5148 1909 5215 peragit
1948 5146 2262 5206 circuitum,

704 5236 948 5290 vicissim
989 5235 1346 5304 resplendens
1375 5245 1428 5290 et
1461 5237 1810 5298 obscuratus,
1861 5245 1911 5290 et
1949 5237 2265 5293 illuminans

706 5328 797 5398 qui
832 5343 998 5397 super
1027 5343 1128 5382 nos
1155 5336 1239 5382 est
1278 5344 1480 5392 aerem,
1515 5342 1636 5381 cum
1673 5343 1732 5382 se
1755 5329 1916 5382 terris
1943 5328 2260 5393 ostenderit,

703 5427 758 5473 et
781 5418 1034 5474 tenebras
1069 5433 1164 5488 per
1195 5433 1449 5473 occasum
1476 5419 1776 5472 attrahens.
1811 5417 1928 5471 Stat
1952 5428 2128 5473 autem
2155 5425 2263 5472 ter-

705 5524 787 5573 ra,
815 5516 868 5563 et
891 5509 944 5563 in
974 5507 1152 5563 stabili
1183 5515 1365 5562 manet
1397 5507 1798 5565 immobiliszet
1825 5509 1967 5573 quod
1995 5517 2121 5569 stat,
2155 5524 2260 5562 non

705 5605 973 5662 movetur,
1006 5607 1060 5652 et
1089 5613 1196 5651 non
1225 5605 1332 5651 stat
1370 5595 1513 5664 quod
1541 5605 1807 5650 movetur.
1834 5597 2026 5651 Omnia
2073 5613 2167 5668 per
2205 5614 2263 5655 se

705 5687 760 5744 iu
788 5689 936 5742 omni
980 5689 1266 5742 intervallo
1307 5687 1588 5757 temporis,
1628 5688 1762 5742 nihil
1807 5704 1928 5745 esse
1961 5688 2261 5745 ostendun-

777 5864 819 5896 ⁸⁸
842 5864 973 5935 Sap.
996 5877 1116 5929 xui,
1155 5863 1244 5919 15.

2373 4693 2464 4748 τοῦ
2493 4692 2745 4764 βιωτικοῦ
2769 4691 2966 4761 μόχθου
2998 4694 3108 4752 τοῖς
3139 4691 3273 4762 πρὸς
3305 4691 3364 4743 τὸ
3393 4691 3711 4760 φαινόμενον
3735 4694 3926 4756 ζῶσιν
3950 4717 3966 4757 ;

2387 4789 2472 4840 Ἐν
2504 4786 2610 4838 τίνι
2637 4786 2692 4837 δὲ
2728 4785 2820 4837 καὶ
2855 4783 2998 4835 ἔστιν
3031 4785 3062 4852 ἠ
3096 4779 3240 4852 Coiﬁ;
3274 4782 3337 4834 Τί
3365 4782 3510 4851 μένει
3546 4783 3648 4834 τῶν
3684 4790 3969 4856 φαινομέ-

2371 4896 2476 4930 νων
2499 4875 2676 4929 καλῶν
2704 4878 2761 4927 ὲν
2782 4873 3067 4942 ταυτότητι
3114 4871 3302 4934 Ἤλιος
3322 4872 3662 4943 περιέρχεται
3684 4873 3781 4925 τὸν
3809 4877 3972 4928 ἷδιον

2371 4968 2563 5038 δρόμον
2613 4965 2840 5033 λάμπων
2870 4962 2970 5016 ἀνά
3004 4961 3166 5032 μέρος
3207 4961 3298 5015 καὶ
3343 4962 3738 5031 σκοτιζόμενος,
3772 4968 3966 5031 φωτί-

2371 5058 2480 5122 ζων
2531 5058 2620 5110 τὸν
2677 5055 3064 5126 ὑπερκείμενον
3096 5056 3228 5124 ἡμῖν
3278 5053 3433 5124 ἀέρα,
3477 5053 3602 5104 ὅταν
3657 5054 3804 5122 ὑπὲρ
3847 5057 3970 5125 γῆς

2371 5146 2559 5200 ἑαυτὸν
2595 5146 2760 5215 δείξῃ,
2797 5145 2888 5195 καὶ
2930 5142 3115 5204 σκότος
3139 5141 3223 5193 διὰ
3256 5140 3362 5192 τῶν
3395 5140 3610 5209 δυσμῶν
3635 5140 3969 5212 ἐφελκόμε-

2368 5256 2475 5301 νος,
2510 5239 2744 5305 Ἐστηκε
2771 5235 2827 5286 δὲ
2857 5235 2890 5304 ἡ
2917 5234 3006 5301 γῆ,
3039 5232 3132 5284 καὶ
3161 5232 3307 5300 μένει
3337 5233 3391 5282 ὲν
3419 5229 3494 5298 τῷ
3528 5229 3706 5298 παγίῳ
3739 5232 3815 5284 ἀκ
3828 5233 3971 5305 ἔνη-

2367 5347 2476 5391 τος,
2511 5329 2605 5381 καὶ
2636 5328 2696 5380 τὸ
2740 5325 2892 5387 ἑστὸς
2939 5326 2998 5375 ού
3048 5325 3292 5380 κινεῖται,
3331 5323 3420 5374 καὶ
3465 5323 3561 5391 οὐχ
3608 5323 3830 5376 ἵσταται
3898 5329 3971 5380 τὸ

2370 5420 2697 5489 κινούμενον.
2744 5417 2927 5469 Πάντα
2965 5413 3030 5467 δι’
3065 5413 3238 5466 αὐτῶν
3285 5415 3340 5464 ὲν
3376 5413 3535 5463 παντί⁵
3578 5412 3654 5482 τῷ
3696 5419 3967 5487 χρονικῷ

2368 5511 2688 5580 διαστήματι
2735 5506 3002 5561 δείκνυται
3056 5507 3172 5556 κατ’
3207 5503 3376 5566 οὐδὲν,
3422 5503 3506 5556 διὰ
3546 5505 3641 5572 τῆς
3680 5506 3835 5576 πρὸς
3891 5512 3968 5562 τὸ

2370 5600 2677 5670 καινότερον
2728 5594 3024 5666 μεταϐολῆς
3069 5593 3482 5664 ἀλλασσόμενον.
3551 5597 3770 5662 Δοχεῖόν
3822 5601 3968 5651 ἐστι

2369 5691 2475 5746 τῶν
2504 5688 2833 5759 πανταχόθεν
2864 5687 3196 5758 συρρεόντων
3231 5687 3433 5740 ὑδάτων
3469 5690 3500 5755 ή
3533 5686 3804 5756 θάλασσα,
3845 5692 3968 5744 καὶ
