4044 6484
149 421 248 477 635

1237 431 1306 487 IN
1343 431 1875 489 ECCLESIASTEN.
1917 431 2199 488 HOMILIA
2236 430 2278 488 ῐ.

3268 430 3375 487 626

146 539 258 591 οὔτε
289 539 321 606 ή
365 537 591 610 σύρροια
622 539 798 611 λήγει,
825 541 948 596 οὔτε
983 546 1013 615 ἡ
1050 545 1291 600 θάλασσα
1334 549 1569 616 αὔξεται.
1614 549 1709 612 Τίς

1814 558 1919 612 tur,
1963 557 2021 603 ut
2050 563 2169 619 quae
2192 553 2471 602 mutantur
2505 560 2599 616 per
2624 560 2740 600 eam
2769 560 2890 616 qua:
2915 545 2974 600 fit
3005 545 3073 600 ad
3103 545 3375 602 recentius

147 633 172 682 ό
199 630 399 693 σκοπὸς
429 631 524 684 τοῦ
571 632 769 704 δρόμου
823 638 938 698 τοῖς
990 637 1175 692 ὕδασιν
1215 641 1301 693 ἀεὶ
1345 642 1610 713 πληροῦσι
1649 643 1708 695 τὸ

148 721 546 792 πληρούμενονς
597 725 720 778 Ἐπὶ
762 726 865 779 τίνι
908 727 1119 797 δέχεται
1166 731 1266 795 τάς
1304 733 1560 804 ὲπιῤῥοάς
1601 734 1708 787 τῶν

147 814 346 867 ὑδάτων
391 816 425 886 ή
459 815 726 882 Θάλασσα,
767 820 1003 892 ἀναυξὴς
1045 821 1132 876 διὰ
1157 824 1256 895 τῆς
1286 826 1600 897 προσθήκης
1628 828 1709 892 είς

146 904 224 958 ἀεὶ
249 903 336 956 δια
344 905 511 974 μένου
518 922 588 959 σα
607 924 621 966 :

205 1173 396 1227 Ταῦτα
427 1175 593 1244 λέγει,
627 1177 715 1230 ἵνα
757 1176 816 1241 ἐξ
857 1179 1033 1233 αὐτῶν
1063 1181 1170 1233 τῶν
1210 1183 1506 1255 στοιχείων,
1545 1186 1602 1238 ἐν
1629 1186 1709 1251 οἷς

145 1267 280 1317 ἐστιν
316 1266 352 1334 ἠ
393 1265 506 1335 ζωὴ
544 1266 652 1319 τῶν
698 1267 1019 1338 ἀνθρώπων,
1069 1272 1483 1345 προερμηνεύσῃ
1516 1275 1622 1329 τῶν
1652 1280 1709 1330 ὲν

143 1361 262 1426 ἡμῖν
297 1357 754 1427 σπουδαζομένων
782 1360 841 1412 τὸ
869 1362 1254 1417 ἀνυπόστατον.
1289 1365 1352 1417 Εἰ
1385 1365 1492 1438 γὰρ
1523 1370 1552 1420 6
1579 1385 1708 1421 συν-

143 1449 468 1518 τεταγμένος
501 1443 655 1512 οὗτος
686 1450 780 1503 τοῦ
823 1451 975 1522 ήλίου
1014 1453 1212 1524 δρόμος
1249 1456 1372 1526 ὅρον
1415 1457 1514 1511 οὐκ
1555 1458 1704 1527 ἔχει’

143 1543 253 1594 εὖτε
295 1544 330 1612 ή
363 1543 472 1594 ἀνά
514 1543 678 1614 μέρος
725 1545 902 1613 φωτός
950 1563 1010 1599 τε
1056 1548 1150 1601 καὶ
1196 1549 1419 1613 σκότους
1471 1551 1706 1624 διαδοχὴ,

144 1632 321 1684 στάσιν
354 1632 658 1701 ἐκδέχεται,
687 1635 722 1705 ἦ
747 1652 806 1687 τε
841 1637 909 1706 γῆ
936 1639 1433 1712 καταδεδικασμένη
1463 1643 1559 1715 τὴν
1583 1645 1711 1697 στάς

144 1744 238 1783 σιν,
289 1726 450 1795 μένει
487 1730 544 1780 ὲν
589 1728 666 1798 τῷ
715 1731 899 1800 παγίῳ
926 1731 1198 1802 ἀκίνητος,
1243 1735 1480 1806 ἀνήνυτα
1511 1737 1565 1790 δὲ
1617 1757 1710 1807 μου

142 1815 355 1886 χθοῦσιν
397 1820 445 1870 οἱ
479 1820 734 1889 ποταμοὶ,
767 1824 831 1891 τῇ
881 1823 1142 1893 ἀπλήστῳ
1171 1825 1330 1893 φύσει
1374 1825 1471 1896 τῆς
1512 1826 1709 1880 θαλάσ-

1813 640 2187 694 mutationem.
2219 638 2362 692 Mare
2394 644 2478 691 est
2505 639 2906 706 receptaculum
2943 652 3230 708 aquarum,
3256 654 3376 709 quae

1814 730 2053 800 undique
2079 727 2393 783 conﬂuunt:
2429 735 2482 782 et
2519 742 2695 797 neque
2723 727 2925 783 desinit
2943 727 3251 794 conﬂuxus,
3281 747 3376 786 ne-

1813 837 1920 893 que
1962 835 2112 876 mare
2151 828 2396 892 augetur.
2430 818 2563 884 Quis
2603 835 2867 890 aquarum
2901 835 3100 877 cursus
3133 829 3220 877 est
3252 836 3378 878 sco-

1814 930 1936 984 pus,
1968 929 2089 984 qua:
2121 927 2334 983 semper
2357 912 2567 981 replent
2592 911 2644 966 id
2685 911 2829 980 quod
2855 913 3149 982 impletur?
3183 913 3377 979 Quam-

1815 1006 2001 1060 obrem
2045 1019 2308 1075 aquarum
2343 1002 2523 1058 ﬂuxus
2573 1003 2806 1074 suspicit
2839 1019 3010 1070 mare,
3061 1021 3157 1076 per
3191 1020 3377 1060 acces-

1815 1099 2025 1153 sionem
2063 1098 2272 1152 nullum
2303 1095 2580 1166 accipiens
2611 1097 3000 1167 augmentum?
3327 1106 3333 1112 '

1886 1188 2010 1242 Haec
2039 1187 2195 1250 dicit,
2226 1193 2285 1240 ut
2328 1202 2396 1240 ex
2424 1187 2559 1257 ipsis
2588 1186 2895 1249 elementis,
2930 1187 2982 1240 in
3025 1188 3223 1257 quibus
3254 1204 3376 1244 con-

1816 1283 1961 1337 sistit
2007 1281 2116 1334 vita
2157 1279 2460 1342 hominum,
2511 1279 2897 1346 interpretetur
2941 1294 3104 1348 quam
3157 1281 3378 1336 minime

1814 1374 2114 1428 consistant
2143 1387 2205 1426 ea
2231 1386 2352 1441 quae
2377 1372 2522 1425 inter
2550 1385 2651 1425 nos
2677 1385 2876 1440 magno
2909 1371 3091 1426 studio
3123 1380 3385 1444 appetun.

1814 1473 1923 1518 tur.
1957 1464 2013 1518 Si
2047 1464 2192 1519 enim
2219 1464 2309 1517 hic
2334 1461 2669 1516 constitutus
2697 1461 2830 1516 solis
2858 1476 3054 1517 cursus
3084 1477 3191 1516 non
3219 1463 3379 1519 habet

1815 1557 2142 1619 terminum;
2187 1569 2363 1625 neque
2394 1553 2555 1618 lucis,
2585 1559 2638 1608 et
2659 1553 3008 1608 tenebrarum
3039 1569 3158 1624 quae
3199 1554 3256 1610 ﬂt
3299 1556 3379 1609 vi-

1815 1650 1998 1705 cissim
2049 1648 2348 1710 successio,
2389 1654 2590 1702 statum
2642 1646 2859 1716 accipit,
2896 1654 2951 1700 et
2979 1654 3124 1701 terra
3163 1662 3284 1717 quae
3323 1653 3381 1699 ut

1817 1749 1923 1796 stet
1962 1750 2046 1795 est
2087 1739 2470 1799 condemnata,
2513 1744 2695 1791 manet
2741 1737 2797 1791 in
2834 1737 3012 1792 stabili
3061 1737 3378 1802 immobilis,

1818 1833 2018 1887 frustra
2053 1840 2230 1885 autem
2282 1831 2532 1886 laborant
2560 1829 2729 1895 ﬂuvii,
2755 1837 2814 1883 ut
2842 1830 2934 1899 qui
2971 1830 3038 1883 ab
3083 1829 3378 1884 insatiabili

144 1926 232 1976 σης
264 1908 691 1980 δαπανώμενον
731 1912 906 1982 μάτην
954 1913 1010 1966 δὲ
1038 1915 1136 1978 τάς
1188 1917 1449 1987 ὲπιρροάς
1500 1918 1709 1989 δέχεται

1814 1923 1979 1976 maris
2029 1933 2222 1976 natura
2275 1928 2701 1984 consumantur,
2763 1920 3129 1990 nequidquam
3193 1927 3374 1974 autem

143 2000 238 2050 τῶν
270 2000 489 2052 ὑδάτων
530 2002 563 2072 ή
606 2001 866 2062 θάλασσα.
905 2006 985 2068 εἰς
1012 2006 1161 2059 οὐδὲν
1191 2007 1351 2059 πλέον
1389 2008 1708 2080 ὑπολαμϐά-

144 2110 294 2144 νουσα
315 2095 431 2155 τοῖς
456 2093 675 2158 κόλποις
695 2096 754 2147 τὸ
773 2097 1062 2160 διαπαντὸς
1083 2099 1426 2170 εἰσχεόμενον
1442 2118 1454 2130 ’
1475 2103 1521 2153 εἰ
1537 2102 1710 2157 ταῦτα

145 2188 192 2236 ἐν
223 2185 443 2246 τούτοις
475 2186 644 2250 ἐστὶν,
679 2188 736 2239 ὲν
761 2187 865 2238 τίνι
903 2187 1048 2250 εἰκὸς
1075 2187 1137 2240 τὸ
1165 2187 1500 2259 ἀνθρώπινον
1547 2186 1705 2254 εἷναι,

142 2277 166 2328 ὃ
203 2279 256 2328 ἐν
301 2276 523 2339 τούτοις
571 2276 667 2348 τὴν
696 2278 840 2348 ζωὴν
873 2277 1007 2349 ἔχει,
1055 2279 1150 2333 καὶ
1195 2281 1249 2333 τί
1285 2279 1622 2351 ξενιζόμεθα,
1661 2284 1709 2334 εί

142 2368 289 2434 γενεά
318 2367 616 2439 πορεύεται
639 2369 732 2421 καὶ
755 2369 914 2437 γενεά
937 2369 1176 2442 ἔρχεται,
1203 2370 1296 2424 καὶ
1322 2373 1422 2425 οὐκ
1445 2372 1710 2426 ἐπιλείπει

142 2461 226 2530 τήν
273 2459 444 2529 φύσιν
488 2453 645 2522 οὗτος
672 2463 701 2513 6
739 2460 954 2532 δρόμος,
1005 2463 1104 2534 τῆς
1146 2463 1491 2534 ὲπεισιούσης
1518 2466 1712 2533 γενεᾶς

139 2554 238 2605 τῶν
285 2551 622 2624 ἀνθρώπων,
676 2553 737 2606 τό
771 2572 831 2607 τε
865 2555 1212 2625 προεισελθὺν
1256 2555 1582 2626 ὲξωθούσης,
1618 2558 1711 2610 καὶ

140 2644 234 2696 ὑπὸ
265 2643 365 2696 τοῦ
415 2644 748 2708 ἐπεισιόντος
795 2644 1206 2716 ὲξωθουμένηςς
1255 2646 1319 2698 Τί
1370 2643 1463 2699 οὖν
1491 2649 1589 2718 βοᾷ
1624 2648 1712 2700 διὰ

141 2733 337 2786 τοᾶτων
373 2737 439 2804 τῇ
488 2734 784 2806 Ἐκκλησία
831 2735 860 2788 ό
908 2734 1097 2805 λόγος;
1145 2738 1260 2804 ὅτι,
1301 2730 1372 2786 Ὦ
1413 2738 1707 2809 ἄνθρωποι,

141 2829 211 2887 είς
236 2827 297 2880 τὸ
331 2829 442 2880 πᾶν
466 2827 886 2891 ἀποϐλέποντες,
907 2828 1005 2900 τὴν
1034 2831 1242 2883 ἑαυτων
1272 2830 1431 2900 φύσιν
1459 2835 1708 2904 νοήσατε.

145 2922 204 2970 Ἀ
233 2920 500 2990 περὶ¹τὸν
535 2918 764 2990 ούρανδν
798 2919 894 2973 καὶ
927 2921 1026 2993 τὴν
1062 2921 1166 2991 γῆν
1196 2920 1434 2990 βλέπεις,
1464 2921 1500 2976 ἃ
1535 2924 1593 2978 ἐν
1635 2924 1712 2995 τῷ

138 3008 266 3080 ἡλίῳ
297 3009 572 3080 καθορᾷς,
603 3009 638 3062 ἃ
663 3010 722 3061 ὲν
745 3011 810 3080 τῇ
837 3008 1079 3082 θαλάσσῃ
1103 3013 1403 3077 κατανοεῖς,
1435 3012 1606 3065 ταῦτά
1631 3030 1712 3067 σοι

141 3101 226 3153 καὶ
267 3101 373 3171 τὴν
427 3100 525 3171 σὴν
582 3099 742 3169 φύσιν
795 3101 1164 3172 ὲρμηνευέτω.
1220 3102 1711 3183 ’ἔστιλάρψκαθῗ

1812 2028 2074 2082 aquarum
2105 2012 2284 2067 ﬂuxus
2306 2027 2455 2066 mare
2477 2011 2707 2080 suscipit
2737 2011 2790 2065 in
2819 2011 2999 2066 sinum
3026 2027 3206 2075 suum,
3230 2010 3377 2064 nulla

1811 2105 1950 2158 facta
1991 2105 2115 2159 inde
2161 2103 2498 2168 accessione,
2542 2103 2850 2172 suscipiens
2900 2103 2953 2157 id
2985 2103 3128 2173 quod
3164 2119 3380 2172 sumper

1810 2195 2149 2252 infunditur:
2189 2195 2232 2248 si
2263 2195 2374 2249 haec
2415 2196 2489 2249 ita
2537 2210 2596 2249 se
2630 2194 2865 2254 habent.
2923 2195 3379 2263 quemadmodum

1811 2287 2080 2340 hominem
2120 2302 2178 2341 se
2211 2287 2414 2341 habere
2457 2295 2540 2341 est
2587 2293 3036 2348 consentaneum,
3074 2285 3166 2355 qui
3219 2285 3274 2338 in
3309 2285 3380 2340 iis

1809 2378 1970 2432 etiam
2011 2377 2175 2430 vitam
2218 2376 2400 2438 habet,
2449 2384 2502 2429 et
2534 2391 2632 2429 cur
2661 2376 2820 2430 nobis
2863 2374 3078 2429 videtur
3115 2377 3373 2439 alienum,

1811 2468 1857 2523 si
1908 2469 2182 2539 generatio
2219 2469 2438 2532 transit,
2489 2476 2543 2522 et
2583 2469 2862 2538 generatio
2912 2467 3152 2531 advenit,
3202 2483 3400 2538 neque-

1811 2556 2060 2614 naturam
2091 2560 2293 2614 deserit
2331 2559 2420 2614 hic
2454 2573 2672 2623 cursus,
2705 2558 3052 2625 generatione
3088 2559 3372 2613 hominum

1812 2667 1933 2722 qua:
1969 2651 2290 2722 ingreditur,
2329 2658 2443 2704 tum
2494 2651 2545 2705 id
2576 2650 2722 2719 quod
2763 2652 2915 2720 prius
2948 2660 3028 2706 est
3071 2651 3378 2720 ingressum

1810 2743 2152 2809 extrudente,
2184 2751 2237 2800 et
2259 2755 2478 2799 extrusa
2508 2743 2578 2798 ab
2606 2758 2670 2798 eo
2699 2744 2845 2813 quod
2876 2744 3214 2814 ingreditur?
3241 2745 3379 2808 Quid

1811 2849 1939 2905 ergo
1971 2848 2068 2903 per
2110 2835 2225 2888 haec
2264 2833 2521 2888 Ecclesia:
2559 2835 2758 2888 clamat
2801 2833 3014 2887 oratio?
3053 2832 3098 2887 Ο
3131 2832 3400 2888 homines.

1811 2925 1904 2994 qui
1937 2924 2350 2979 universitatem
2390 2925 2660 2994 aspicitis,
2693 2933 2932 2980 vestram
2961 2925 3201 2994 ipsorum
3232 2934 3391 2978 natu--

1813 3033 1927 3073 ram
1955 3018 2256 3087 intelligite.
2279 3019 2409 3082 Qua:
2432 3019 2484 3071 in
2503 3018 2641 3072 ccelo
2662 3027 2716 3072 et
2735 3017 2788 3070 in
2804 3024 2948 3071 terra
2971 3016 3300 3086 cernis,qua:
3327 3017 3380 3068 in

1814 3110 1928 3164 sole
1957 3109 2177 3178 aspicis,
2215 3124 2336 3178 qua:
2372 3109 2425 3162 in
2459 3110 2597 3162 mari
2629 3109 2966 3168 consideras,
2997 3122 3059 3162 ea
3088 3107 3250 3161 etiam
3281 3107 3387 3160 tibi

141 3193 430 3270 ὁῇοιόῖῃτα
476 3191 1253 3271 τοῦλήλίου-καζ-κτῇς-,ιρύσεως
1285 3194 1442 3264 ἡμῶν
1477 3197 1710 3269 ἀνατολή

1815 3207 1961 3254 tuam
1989 3201 2413 3268 interpretentur
2434 3206 2708 3253 naturam.
2736 3199 2830 3252 Est
2865 3198 3010 3252 enim
3038 3196 3112 3250 ad
3146 3197 3277 3252 solis
3301 3197 3384 3251 si—

139 3267 328 3364 τίκ-αθὶ
357 3285 511 3364 δύσις
531 3297 547 3312 ⁸
587 3267 836 3355 μία-ὁδὸς
852 3287 963 3348 τοῖς
990 3287 1178 3350 πᾶσιν,
1230 3284 1312 3350 εἷς
1337 3289 1365 3340 6
1393 3287 1588 3351 κύκλος
1613 3267 1710 3360 τῆς

143 3375 226 3429 τοῦ
255 3377 375 3446 βίου
427 3377 673 3446 πορείας.
710 3376 876 3430 Ὅταν
917 3376 1004 3429 διά
1031 3377 1295 3444 γενέσεως
1326 3378 1709 3450 ἀνατείλωμεν,

145 3470 297 3523 πάλιν
348 3470 430 3533 είς
484 3469 546 3522 τὺ
597 3469 856 3538 συγγενὲς
883 3470 1080 3541 χωρίον
1126 3469 1283 3541 ήμῶν
1315 3471 1710 3543 καθελκόμεθα.

145 3561 245 3632 Τῆς
285 3562 400 3632 γὰρ
450 3559 799 3632 ζωῆς-ὴμῶν
850 3561 1180 3633 ὲπιδυείσης,
1231 3563 1487 3632 ὑπόγειον
1526 3566 1620 3618 καὶ
1653 3567 1714 3619 τὸ

144 3653 405 3725 ἡμέτερον
457 3652 662 3720 γίνεται
714 3653 938 3722 φέγγος,
989 3655 1116 3707 ὅταν
1163 3657 1196 3725 ή
1236 3656 1591 3728 ἀντιληπτικὴ
1619 3658 1712 3712 τοῦ

145 3739 313 3810 φωτός
337 3742 502 3814 ἡμῶν
533 3742 784 3814 αἴσθησις
815 3745 1302 3820 γίνεταιλπάντως
1327 3746 1382 3800 δὲ
1413 3748 1447 3818 ἡ
1475 3748 1543 3820 γῆ
1578 3748 1715 3820 πρὸς

143 3809 196 3885 τὸ
214 3809 481 3901 συγγενὲς
496 3809 806 3895 ἀναλύεται,
820 3809 913 3886 καὶ
925 3809 1076 3896 οὗτοξ
1103 3832 1299 3896 κύκλος
1318 3809 1715 3904 ἐστινδιηνεκῶς

145 3926 195 3976 ὲν
249 3928 366 3987 τοῖς
421 3925 610 3986 αὐτοῖς
664 3923 1027 3994 ἑλισσόμενος.
1075 3923 1342 3994 Καθάπερ
1397 3923 1489 3976 ἐπὶ
1537 3924 1711 3995 ήλίου,

145 4019 321 4088 φησὶν,
353 4017 382 4066 6
415 4015 640 4087 δρόμος,
665 4018 746 4069 ὃτι
776 4015 1077 4070 ἀνατέλλων
1103 4014 1200 4086 μὲν
1226 4015 1365 4068 κατά
1393 4015 1453 4068 τὸ
1488 4016 1597 4070 ἀνω
1619 4017 1712 4086 τῆς

144 4110 240 4179 γῆς
281 4109 458 4180 μέρος
486 4111 600 4171 τοῖς
644 4107 840 4170 νοτίοις
864 4105 1168 4168 ὲνδιοδεύει,
1200 4106 1450 4174 ὑπόγειος
1481 4105 1538 4158 δὲ
1574 4106 1716 4158 κατά

144 4203 199 4255 τὸ
241 4203 625 4272 ἀντικείμενον
667 4199 729 4252 τὸ
763 4199 1008 4269 βόρῤειον
1039 4197 1335 4266 ὑπέρχεται
1389 4197 1584 4267 μέρος·
1623 4197 1716 4250 καὶ

142 4295 324 4348 τοῦτον
379 4295 475 4347 τὸν
530 4292 731 4363 τρόπον
777 4292 856 4352 εἰς
904 4289 990 4342 ἀεὶ
1033 4288 1360 4360 περιοδεύων
1411 4289 1598 4341 κυκλοῖ
1625 4289 1714 4341 τὸν

143 4385 332 4439 ἑαυτοῦ
366 4385 593 4456 δρόμον,
637 4383 730 4435 καὶ
777 4381 938 4433 πάλιν
978 4379 1300 4434 ἀνακυκλῶν
1347 4379 1718 4450 περιέρχεται·

142 4479 344 4531 Κυκλοί
376 4477 510 4546 γὰρ,
557 4475 710 4543 φησὶ,
741 4472 956 4526 κυκλῶν
981 4487 996 4502 ·
1022 4471 1162 4525 οὓτω
1207 4471 1382 4524 τοίνυν
1416 4472 1508 4524 καὶ
1537 4471 1597 4524 τὸ
1624 4472 1715 4524 σὺν

1812 3292 2172 3346 militudinem
2194 3299 2393 3347 nostra:
2419 3307 2634 3362 quoque
2657 3299 2862 3344 natura:
2882 3299 3034 3345 ortus
3054 3300 3108 3343 et
3126 3304 3382 3344 occasus.

1812 3381 1930 3438 Una
1954 3391 2040 3438 est
2069 3383 2322 3439 omnibus
2350 3382 2461 3446 via,
2485 3397 2626 3436 unus
2658 3382 2939 3450 ingressus
2968 3381 3091 3435 vita:
3119 3379 3378 3436 circulus.

1812 3475 2039 3542 Quando
2091 3491 2188 3545 per
2251 3475 2647 3545 generationem
2701 3473 2804 3526 orti
2881 3471 3184 3535 fuerimus,
3239 3486 3383 3525 rur-

1812 3582 1907 3622 sus
1961 3566 2025 3620 ad
2066 3576 2354 3636 cognatum
2405 3565 2561 3619 nobis
2607 3565 2783 3618 locum
2830 3561 3190 3618 detrahimur.
3241 3560 3377 3617 Nam

1813 3671 1937 3710 cum
1970 3669 2130 3725 passa
2162 3655 2326 3709 fuerit
2353 3669 2610 3709 occasum
2636 3654 2744 3708 vita
2793 3661 3002 3715 nostra,
3046 3653 3150 3707 sub
3183 3660 3386 3706 terram

1813 3749 1903 3802 lux
1929 3747 2092 3802 etiam
2141 3754 2329 3801 nostra
2369 3745 2675 3810 descendit,
2707 3744 2928 3815 quando
2972 3744 3150 3798 lucem
3194 3750 3388 3797 noster

1814 3853 2010 3895 sensus
2043 3836 2444 3907 apprehendit:
2473 3835 2694 3889 omnino
2734 3843 2914 3888 autem
2950 3833 3002 3886 in
3043 3832 3098 3885 id
3126 3831 3271 3902 quod
3298 3839 3400 3885 est.

1813 3937 2102 4000 cognatum
2130 3935 2272 3982 terra
2307 3926 2619 3989 resolvitur,
2646 3932 2700 3978 et
2731 3923 2820 3977 hic
2846 3923 3092 3977 circulus
3119 3927 3382 3992 perpetuo

1815 4021 1868 4075 in
1903 4019 2095 4075 iisdem
2132 4018 2544 4088 circumagitur.
2572 4015 2856 4081 Quomodo
2892 4021 2996 4078 est,
3036 4014 3236 4083 inquit,
3265 4029 3385 4066 cur-

1814 4128 1908 4166 sus
1938 4111 2093 4172 solis,
2140 4119 2198 4163 ut
2231 4109 2322 4178 qui
2353 4109 2539 4163 oriens
2589 4107 2641 4159 in
2673 4106 2941 4174 superiori
2991 4115 3144 4175 parte
3193 4111 3379 4167 terrae,

1817 4202 1869 4255 in
1891 4198 2118 4254 australi
2144 4201 2364 4269 regione
2384 4196 2718 4266 ingreditur;
2737 4194 2954 4266 quando
2976 4202 3154 4248 autem
3177 4201 3260 4248 est
3278 4195 3384 4249 sub

1816 4298 1984 4354 terra,
2014 4303 2134 4344 eam
2163 4303 2284 4358 quae
2313 4302 2380 4342 ex
2415 4285 2646 4340 adverso
2685 4286 2792 4339 sita
2824 4291 2929 4345 est,
2964 4299 3159 4353 nempe
3186 4284 3383 4339 borea-

1816 4384 1943 4444 lem.
1986 4382 2134 4437 subit
2175 4389 2408 4452 partem,
2442 4389 2496 4434 et
2540 4378 2644 4432 hoc
2679 4378 2842 4432 modo
2879 4392 3096 4447 semper
3136 4387 3380 4441 vertens,

1816 4491 1973 4531 suum
1999 4475 2052 4528 in
2077 4473 2265 4528 orbem
2297 4471 2508 4541 peragit
2528 4483 2769 4531 cursum,
2802 4477 2857 4542 et
2883 4483 3078 4522 rursus
3111 4468 3163 4519 in
3195 4467 3380 4520 orbem

141 4567 432 4639 πορεύεται
483 4565 699 4635 πνεῦμα
734 4564 862 4632 (ἀπὸ
911 4563 1110 4635 μέρους
1156 4562 1300 4616 ἀπαν
1335 4561 1615 4633 ὀνομάζων
1653 4564 1711 4616 τὸ

1815 4575 2094 4622 revertens
2123 4564 2321 4620 circuit
2341 4562 2556 4633 :Gyrat,
2588 4560 2784 4629 inquit,
2814 4560 2868 4612 in
2892 4557 3112 4613 orbem:
3148 4558 3225 4612 sic
3252 4572 3384 4628 ergo

141 4659 482 4731 ἀνθρώπινον
523 4658 761 4728 πνεῦμα)
794 4657 892 4727 τὴν
931 4656 1216 4724 ἐγκύκλιον
1241 4655 1446 4727 ταύτην
1477 4655 1565 4709 διά
1601 4656 1714 4708 τῶν

141 4752 342 4821 ὁμοίων
371 4747 693 4820 περιτρέχον
720 4745 1404 4822 φοράν.‹Πορεύεται›γὰρ,
1435 4750 1614 4823 φήσῃ
1653 4748 1715 4801 τὸ

142 4831 399 4916 πνεῦμα,
455 4845 551 4897 καὶ
609 4843 702 4897 ἐπὶ
756 4839 988 4903 κύκλους
1053 4838 1217 4892 αὐτοῦ
1285 4838 1601 4909 ἐπιστρέφει
1655 4839 1716 4891 τὸ

140 4939 410 5005 πνεῦμα.»
431 4936 489 4988 ’U
508 4933 565 4986 δὲ
592 4934 761 4988 ταῦτα
800 4933 1138 5002 κατανοήσας
1162 4932 1262 4984 οὐκ
1289 4930 1354 4984 ἂν
1387 4931 1556 5003 μικρὰ
1581 4929 1715 5000 πρὸς

139 5032 223 5083 τὸν
254 5028 454 5083 ἑαυτοῦ
487 5027 599 5096 βίον
627 5025 955 5102 ὠφεληθείη.
983 5024 1048 5077 Τί
1073 5025 1448 5096 λαμπρότερον
1481 5023 1574 5076 τοῦ
1605 5040 1716 5091 φωο

137 5123 261 5187 τός;
315 5121 386 5173 Τί
426 5119 537 5174 τῶν
583 5118 814 5172 ἀκτίνων
866 5115 1275 5187 φανερώτερον;
1325 5115 1440 5169 ἀλλ’
1473 5116 1622 5186 ὅμως
1667 5116 1717 5168 εί

138 5213 240 5266 ύτοὺ
266 5213 378 5282 γῆν
423 5213 452 5264 6
492 5211 641 5281 ἥλιος
687 5208 836 5280 ἔλθῃ,
864 5207 1163 5279 κρύπτεται
1192 5207 1252 5260 τὸ
1295 5206 1516 5276 φέγγος,
1549 5206 1643 5259 καὶ
1679 5207 1711 5276 ή

136 5307 300 5368 ἀκτὶς
331 5301 675 5372 ἀφανίζεται.

201 5398 360 5470 Πρὸς
379 5396 549 5450 ταῦτά
575 5412 662 5458 τις
690 5392 920 5464 βλέπων,
945 5391 1382 5462 σωφρονέστερον
1403 5389 1494 5442 τὸν
1519 5389 1715 5443 ἑαυτοῦ

135 5488 502 5562 παρερχέσθω
525 5486 658 5558 βίον,
692 5482 1047 5556 καταφρονῶν
1070 5482 1170 5552 τῆς
1202 5473 1304 5535 ὧδε
1327 5479 1682 5551 περιφανείας
1700 5497 1715 5510 ·

138 5581 336 5652 μαθὼν
382 5579 449 5633 ὲκ
492 5578 601 5632 τῶν
635 5577 944 5648 ὁρωμένων,
994 5575 1077 5629 ὅτι
1120 5574 1181 5627 ού
1226 5573 1437 5645 διαρκεῖ
1481 5571 1618 5642 πρὸς
1657 5571 1719 5625 τὺ

132 5672 389 5746 διηνεκὲς
435 5670 498 5724 τὸ
551 5669 854 5738 ὲπίσημον’
902 5665 1038 5721 ἀλλὰ
1073 5663 1428 5736 ἀγχίστροφοι
1473 5664 1610 5716 εἰσιν
1658 5663 1714 5716 αἱ

133 5768 245 5822 τῶν
286 5764 547 5820 ἐναντίων
573 5761 844 5832 διαδοχαιῖ⁸
881 5759 1033 5832 μένει
1055 5757 1114 5812 δὲ
1156 5759 1306 5813 οὐδὲν
1336 5759 1415 5820 εἰς
1449 5757 1513 5811 τὸ
1541 5755 1716 5810 τοιοῦ-

134 5875 251 5925 τον,
280 5849 397 5914 οἷον
426 5856 486 5912 ὲν
512 5853 591 5927 τῷ
615 5852 840 5925 παρόντι
876 5852 1041 5918 ἐστὶν,
1076 5850 1138 5904 ού
1170 5849 1378 5922 νεότης,
1412 5849 1470 5903 οὐ
1497 5848 1713 5915 κάλλος,

1815 4668 1941 4714 tuus
1969 4673 2187 4729 quoque
2223 4655 2523 4726 ingreditur
2557 4655 2782 4722 spiritus
2809 4653 2863 4722 (a
2901 4659 3054 4720 parte
3081 4657 3254 4703 totum
3285 4666 3383 4703 no-

1813 4749 2028 4803 minans
2063 4747 2315 4817 spiritum
2354 4743 2613 4813 hominis)
2652 4742 2799 4796 bunc
2844 4742 2900 4794 in
2939 4741 3128 4794 orbem
3174 4748 3381 4793 motum

1814 4857 1912 4911 per
1942 4839 2142 4895 similia
2173 4851 2458 4907 peragens.
2486 4853 2503 4884 ι
2537 4834 2722 4905 Pergit
2766 4826 2961 4893 renim,
2993 4832 3191 4902 inquit,
3230 4849 3248 4880 ι
3278 4832 3384 4902 spi-

1815 4932 1975 4996 ritus,
2003 4936 2057 4983 et
2096 4928 2163 4981 ad
2203 4926 2442 4980 circulos
2481 4939 2613 4980 suos
2660 4921 2974 4977 revertitur.
3012 4939 3031 4972 ι
3068 4919 3173 4986 Qui
3201 4928 3380 4975 autem

1817 5021 1931 5074 hac
1979 5016 2431 5080 consideraverit,
2487 5014 2553 5066 ad
2607 5027 2760 5066 suam
2793 5012 2958 5065 vitam
2997 5025 3110 5065 non
3159 5025 3380 5080 parvam

1819 5110 2030 5180 accepit
2057 5108 2372 5163 utilitatem.
2407 5105 2549 5172 Quid
2580 5112 2663 5158 est
2691 5104 2812 5158 luce
2843 5102 3218 5173 splendidius?
3242 5101 3384 5168 Quid

1817 5203 1988 5261 radiis
2019 5202 2262 5256 clarius?
2289 5208 2342 5255 et
2373 5211 2552 5252 tamen
2581 5198 2624 5252 si
2650 5197 2730 5251 sol
2759 5196 2862 5249 sub
2892 5204 3038 5249 terra
3067 5195 3251 5258 fuerit,
3291 5195 3383 5248 lux

1817 5294 2194 5356 absconditur,
2226 5302 2280 5346 et
2311 5307 2416 5345 non
2448 5297 2673 5361 apparet
2701 5288 2910 5343 radius.
3397 5325 3423 5358 ν.

1886 5387 1968 5443 Ad
2017 5387 2130 5441 haee
2160 5385 2431 5456 aspiciens
2469 5381 2770 5437 modestius
2818 5387 2970 5433 tuam
3008 5376 3266 5432 traduces
3296 5373 3382 5428 vi-

1815 5490 1950 5547 tam,
1974 5479 2066 5553 qui
2095 5478 2183 5532 hic
2212 5485 2319 5542 est,
2359 5475 2702 5547 splendorem
2743 5471 3074 5541 despiciens,
3109 5476 3170 5521 ut
3194 5465 3288 5536 qui
3317 5479 3382 5517 ex

1817 5573 1888 5629 iis
1947 5587 2069 5641 quae
2113 5569 2393 5632 videntur,
2438 5567 2720 5629 didiceris,
2771 5563 2918 5634 quod
2963 5577 3074 5615 non
3122 5565 3384 5630 perpetuo

1820 5665 1982 5720 durat
1995 5661 2048 5717 id
2081 5660 2228 5731 quod
2246 5669 2332 5716 est
2361 5661 2568 5714 clarum
2587 5665 2640 5712 et
2666 5650 3000 5716 illustre,sed
3019 5646 3254 5703 subinde
3268 5661 3386 5699 mu-

1820 5757 2014 5811 tabiles
2031 5763 2158 5809 sunt
2177 5751 2576 5808 contrariorum
2599 5745 2980 5803 successiones
3001 5759 3014 5796 :
3042 5739 3178 5794 nihil
3199 5746 3384 5793 autem

1825 5856 2006 5905 manet
2052 5846 2161 5901 tale
2193 5844 2349 5914 quale
2382 5853 2462 5898 cst
2498 5843 2552 5897 in
2601 5836 2933 5911 prmsentia,
2962 5849 3069 5888 nun
3099 5830 3401 5904 iuventua.

2938 6056 2970 6082 ιδ

3461 3115 3482 3161 (ξ’
3505 3117 3624 3168 Q11"
3649 3109 3700 3163 is"
3717 3137 3729 3158 ‹
3776 3137 3796 3168 _'

3461 3211 3628 3274 I/(‘"’:
3663 3241 3744 3268 ἰι
