4044 6488
656 391 761 450 627

1848 400 1905 456 S.
1945 399 2266 456 GREGORII
2309 402 2597 458 NYSSENl

3777 398 3887 453 (.23

657 520 766 562 non
806 505 1176 576 pulchritudo,
1228 520 1336 559 non
1379 515 1711 575 potestatum
1745 521 1796 564 et
1841 512 2218 567 dominatuuui

2323 518 2418 586 οὑχ
2445 520 2477 586 ἡ
2493 519 2558 570 ὲκ
2583 516 2688 570 τῶν
2703 514 3033 568 δυναστειῶν
3050 514 3392 583 περιφάνεια.
3426 513 3536 564 Καὶ
3559 512 3732 568 ταῦτα
3761 515 3884 580 μὲν,

657 598 901 655 claritas.
929 596 991 648 Et
1021 597 1134 650 haec
1159 597 1378 666 quidem
1405 599 1473 653 iis
1495 600 1694 669 quibus
1722 603 1773 655 in
1798 603 1904 655 vita
1936 619 2056 658 sors
2080 605 2218 658 obti-

657 688 734 755 git
765 701 1046 756 prospera.
1073 687 1286 752 Quibus
1317 697 1499 748 autem
1533 692 1746 746 videtur
1778 694 2069 759 laboriosa,
2099 712 2222 766 qua:

657 793 723 836 ex
749 780 950 833 virtute
979 780 1159 850 agitur
1187 781 1317 845 vita,
1350 781 1418 835 iis
1457 791 1615 838 terra:
1639 785 1884 855 exemplo
1916 788 1983 841 ad
2015 804 2076 842 ea
2100 803 2220 857 quae

657 875 786 924 sunt
841 869 1026 937 gravia
1074 868 1290 924 fortiter
1344 870 1598 935 ferenda,
1673 876 1959 933 erudiatur
2017 879 2218 934 anima.

661 978 685 1018 r
713 957 883 1016 Terra
911 969 1020 1018 stat
1050 962 1104 1016 in
1128 971 1414 1022 aeternum.
1455 981 1474 1017 ο
1511 963 1650 1032 Quid
1681 973 1768 1021 est
1809 966 1912 1022 hac
1955 968 2220 1023 immobili
2263 959 2290 971 ’

655 1051 914 1107 firmitate
943 1067 1007 1107 ac
1035 1053 1336 1109 stabilitate
1362 1055 1721 1112 laboriosius?
1748 1065 1801 1113 et
1841 1066 2020 1115 tamen
2048 1077 2221 1131 usque

657 1139 714 1199 in
740 1147 1002 1196 aeternum
1036 1143 1348 1200 extenditur
1375 1144 1494 1213 ejus
1533 1147 1849 1202 statio:tibi
1875 1158 2054 1204 autem
2097 1166 2220 1220 per—

653 1231 911 1300 exiguum
938 1237 1024 1289 est
1061 1242 1276 1302 tempus
1307 1234 1645 1290 certaminis.
1679 1233 1756 1289 Ne
1784 1237 1860 1291 sis
1901 1239 2074 1308 magis
2104 1239 2220 1293 ina-

654 1320 838 1380 nimus
861 1337 1023 1398 quam
1054 1331 1218 1379 terra.
1254 1321 1331 1378 Ne
1359 1325 1437 1380 sis
1471 1325 1537 1380 iis
1576 1341 1697 1398 qua:
1723 1342 1886 1382 sensu
1917 1339 2104 1384 carent
2135 1331 2219 1389 in-

655 1413 961 1483 sipientior,
996 1415 1088 1484 qui
1122 1431 1181 1470 es
1207 1417 1435 1470 rationis
1469 1419 1761 1487 particeps,
1792 1428 1844 1473 et
1871 1421 1962 1490 qui
2011 1423 2218 1480 ratione

655 1504 823 1566 vitam
860 1508 1004 1574 regis
1031 1513 1086 1560 et
1115 1505 1470 1561 administras
1503 1527 1515 1562 :
1557 1509 1650 1563 sed
1684 1525 1703 1563 ι
1737 1524 1916 1574 mane,
1947 1531 1964 1566 ι
2001 1521 2059 1565 ιιι
2085 1512 2219 1572 dicit

654 1594 969 1665 Apostolus,
1007 1614 1026 1648 ι
1067 1596 1123 1651 in
1168 1597 1237 1652 iis
1266 1613 1387 1668 qua:
1412 1598 1674 1663 didicisti,
1719 1609 1772 1654 et
1807 1616 1928 1671 qua:
1961 1610 2089 1658 sunt
2119 1603 2217 1658 tibi

655 1687 863 1746 credita
887 1689 952 1754 ³ο,
995 1707 1014 1740 ι
1067 1689 1121 1746 in
1152 1697 1297 1746 statu
1331 1691 1487 1746 ﬁrmo
1512 1699 1565 1745 et
1613 1692 1898 1749 immobili.
1937 1693 2073 1750 Nam
2114 1695 2218 1750 hoc

656 1794 872 1851 quoque
913 1789 998 1836 est
1029 1781 1082 1837 in
1126 1780 1329 1836 divinis
1363 1783 1686 1854 praeceptis:
1725 1803 1744 1837 ι
1779 1782 1964 1840 Estote
1992 1786 2217 1841 stabiles

2319 611 2429 672 τοῖς
2473 611 2532 661 tv
2581 607 2841 679 εὐκληρίᾳ
2887 607 2992 658 τινὶ
3040 605 3232 668 ζῶσιν·
3275 606 3418 668 ὅσοις
3461 605 3517 656 δὲ
3566 605 3824 668 ἐπίπονος
3857 608 3885 656 ὁ

2320 699 2454 769 πρὸς
2500 688 2698 769 ἀρετὴν
2741 697 2887 749 δοκεῖ
2933 695 3063 764 βίος,
3106 693 3182 763 τῷ
3227 694 3325 763 τῆς
3366 697 3473 763 γῆς
3522 694 3886 763 ὑποδείγματι

2318 789 2455 860 πρὸς
2489 789 2550 846 τὸ
2595 789 2946 858 ἐγκαρτερεῖν
2978 789 3088 848 τοῖς
3115 785 3327 849 δεινοῖς,
3354 787 3388 854 ἡ
3425 784 3570 854 ψυχὴ
3603 785 3884 856 παιδοτρι-

2319 877 2562 933 6είσθω.ι
2585 875 2646 930 Ἢ
2665 877 2736 946 γῆ
2764 878 2840 938 εἰς
2864 877 2954 929 τὸν
2977 875 3143 928 αίῶνα
3165 875 3443 945 ἕστηκεν.»
3461 875 3524 926 Τί
3556 875 3890 946 μοχθηρότε-

2321 986 2414 1039 ρον
2469 969 2571 1039 τῆς
2623 969 2881 1040 ἀκινήτου
2925 968 3128 1037 ταύτης
3180 967 3534 1038 παγιότητοςς
3591 967 3686 1021 καὶ
3734 968 3888 1038 ὅμως

2321 1061 2703 1133 παρατείνεται
2743 1061 2933 1132 μέχρις
2959 1061 3152 1123 αἰῶνος
3184 1062 3216 1129 ἡ
3256 1059 3461 1122 στάσις.
3502 1059 3590 1111 Σοὶ
3615 1059 3672 1111 δὲ
3703 1058 3888 1128 ὀλίγος

2318 1156 2346 1207 ὁ
2381 1154 2480 1224 τῆς
2519 1151 2795 1224 ἀθλήσεως
2823 1153 3029 1224 χρόνος,
3063 1151 3153 1222 Μὴ
3191 1151 3342 1219 γίνου
3371 1151 3468 1220 τῆς
3493 1150 3596 1220 γῆς
3622 1149 3888 1220 ἀψυχότε-

2323 1257 2444 1313 ρος⁶
2491 1242 2566 1312 μὴ
2612 1241 2762 1309 γίνου
2809 1241 2916 1292 τῶν
2948 1240 3286 1310 ἀναισθήτων
3330 1240 3698 1310 ἁνοητότερος,
3734 1243 3764 1293 ὁ
3794 1241 3887 1293 λο-

2317 1333 2512 1404 γισμὸν
2551 1332 2780 1403 εἰληχὼς
2819 1331 2915 1384 καὶ
2942 1331 3083 1401 λόγῳ
3117 1331 3251 1401 πρὸς
3278 1330 3374 1401 τὴν
3403 1331 3548 1402 ζωὴν
3580 1331 3891 1402 διοικούμε-

2316 1440 2435 1488 νος·
2465 1421 2599 1476 ἀλλά
2630 1441 2648 1472 ι
2688 1422 2834 1492 μένε,
2879 1441 2898 1474 ι
2931 1421 3110 1485 καθώς
3142 1439 3304 1490 φησιν
3325 1424 3354 1474 ὁ
3396 1422 3734 1488 Ἀπόστολος,
3772 1443 3790 1474 ι
3830 1425 3888 1475 tv

2316 1509 2397 1578 οἷς
2439 1514 2639 1586 ἔμαθες
2671 1513 2764 1567 καὶ
2794 1512 3126 1582 ἐπιστώθης,
3174 1515 3230 1566 tv
3264 1513 3451 1584 ἐδραίᾳ
3479 1514 3574 1567 καὶ
3620 1515 3888 1584 ἀμετακι-

2317 1608 2463 1677 νήτῳ
2497 1609 2562 1679 τῇ
2593 1606 2797 1660 στάσει.
2838 1624 2858 1658 ι
2909 1605 3060 1659 Ἐπεὶ
3097 1607 3190 1658 καὶ
3219 1604 3376 1662 τοῦτο
3409 1606 3514 1658 τῶν
3559 1606 3716 1660 θείων
3744 1624 3888 1676 παρ-

2317 1697 2676 1767 αγγελμάτων
2725 1697 2862 1760 ἐστὶ,
2907 1697 2988 1760 τὸ,
3029 1715 3047 1747 ι
3097 1697 3330 1768 Ἐδραῖοι
3377 1700 3469 1752 καὶ
3494 1699 3888 1769 ἀμετακίνητοι

2318 1786 2550 1856 γίνεσθε.
2603 1806 2620 1839 ι
2672 1789 2953 1850 Ἀσειστος
2987 1785 3044 1839 tv
3090 1803 3171 1839 σοι
3216 1787 3420 1856 μενέτω
3465 1790 3498 1858 ἡ
3538 1789 3884 1859 σωφροσύνη,

655 1881 711 1934 et
739 1874 1045 1937 immobiles
1069 1875 1133 1930 ⁸ο.
1172 1893 1190 1928 ι
1227 1872 1283 1930 ln
1310 1882 1363 1930 te
1393 1877 1717 1930 inconcussa
1751 1883 2003 1930 maneant
2027 1883 2218 1945 tempe-

2322 1879 2496 1948 παγία
2534 1882 2568 1952 ἡ
2615 1879 2819 1944 πίστις,
2853 1879 3188 1950 ἀμετάθετος
3217 1881 3250 1949 ἡ
3297 1880 3504 1950 ἀγάπη,
3538 1881 3794 1951 ἀκίνητος
3851 1885 3886 1951 ἡ

657 1967 855 2031 rantia,
885 1965 1042 2021 firma
1083 1965 1236 2028 fides,
1291 1965 1649 2026 immutabilis
1697 1967 1960 2029 charitas,
2005 1969 2218 2024 stabilis

655 2066 711 2115 et
741 2059 1034 2117 immobilis
1061 2060 1114 2114 in
1150 2059 1296 2125 omni
1330 2057 1473 2113 bono
1501 2059 1687 2122 statio,
1727 2059 1872 2114 sicut
1903 2071 1956 2114 et
1991 2075 2112 2132 quae
2136 2054 2236 2116 est.

656 2150 713 2213 in
737 2159 807 2217 te,
838 2158 985 2205 terra
1017 2157 1128 2206 stat
1156 2150 1212 2204 in
1237 2158 1522 2207 aeternum.
1548 2151 1603 2206 Si
1626 2151 1750 2222 quis
1779 2160 1958 2206 autem
1988 2145 2231 2206 avaritia.

655 2240 915 2306 laborans
938 2241 1187 2312 pluribus
1210 2241 1421 2298 divitiis
1447 2243 1640 2307 inhiat,
1667 2251 1722 2298 et
1747 2244 1912 2297 veluti
1943 2243 2216 2313 quoddam

654 2346 806 2389 mare
841 2331 1159 2388 immensam
1206 2333 1503 2390 extendens
1553 2333 1904 2404 cupiditatem
1933 2373 1948 2398 ,
1981 2335 2219 2404 undique

657 2427 1006 2492 allluentibus
1052 2427 1222 2485 lucris
1259 2443 1368 2485 non
1413 2437 1590 2500 potest
1632 2428 1839 2493 satiari,
1882 2429 1929 2483 is
1972 2429 2041 2484 ad
2069 2444 2218 2484 mare

652 2520 796 2591 quod
829 2528 914 2575 est
940 2518 1051 2581 hic,
1083 2518 1380 2588 aspiciens,
1410 2519 1658 2573 morbum
1689 2525 1862 2573 curet.
1891 2516 2012 2584 Quo
2055 2517 2218 2572 modo

653 2610 797 2668 enim
827 2608 959 2664 illud
991 2609 1046 2662 in
1079 2608 1570 2666 innumerabilibus
1599 2624 1862 2679 aquarum
1901 2606 2232 2676 influxioni-I

655 2702 758 2760 bus
807 2715 967 2756 suum
1022 2713 1132 2754 non
1180 2700 1580 2770 transgreditur
1632 2699 1872 2763 modum,
1917 2698 2012 2754 sed
2065 2687 2232 2772 atque:

650 2794 868 2865 plenum
896 2806 1111 2863 semper
1137 2801 1400 2857 remanet,
1429 2793 1655 2862 perinde
1695 2801 1858 2861 atque
1882 2792 1927 2847 si
1967 2807 2031 2846 ex
2060 2790 2217 2861 aquis

651 2885 798 2942 nulla
827 2884 920 2943 ﬁat
949 2886 1194 2942 accessio
1222 2904 1234 2939 :
1270 2887 1342 2939 ita
1386 2886 1546 2940 etiam
1583 2885 1816 2937 humana
1846 2891 2040 2940 natura
2063 2882 2117 2936 in
2149 2882 2218 2937 iis

650 2991 772 3045 quae
809 2976 1010 3032 adsunt
1045 2977 1316 3041 fruendis,
1357 2977 1473 3032 suis
1521 2973 1759 3029 modulis
1799 2973 2212 3042 comprehensa,

648 3079 751 3138 per
781 3075 1142 3137 proventuum
1168 3082 1232 3134 ac
1271 3066 1617 3137 vectigalium
1652 3064 2077 3126 multitudinem,
2103 3077 2216 3122 non

648 3163 830 3228 potest
893 3157 1057 3214 simul
1092 3158 1317 3216 dilatare
1350 3157 1564 3212 avidam
1617 3166 1808 3226 praater
1852 3163 2060 3212 naturae
2099 3169 2215 3210 mo—

649 3246 776 3308 dum
835 3247 1051 3303 fruendi
1097 3248 1474 3318 cupiditatem,
1525 3247 1618 3302 sed
1653 3253 1834 3301 cessat
1886 3244 2101 3315 quidem
2161 3245 2215 3299 id

648 3339 793 3410 quod
833 3337 1048 3406 influit;
1080 3339 1164 3396 vis
1189 3348 1369 3394 autem
1403 3337 1618 3400 fruendi
1649 3346 1896 3394 servatur
1918 3337 1972 3390 in
1997 3335 2218 3406 proprio

649 3431 905 3494 termino.
941 3429 999 3484 Si
1029 3445 1160 3501 ergo
1195 3431 1248 3484 in
1282 3429 1518 3491 fruendo
1555 3443 1661 3483 non
1695 3436 1872 3498 potest
1904 3425 2216 3487 redundare

650 3521 808 3590 capia
845 3528 1040 3590 praeter
1087 3528 1298 3578 natura:
1329 3520 1550 3578 modum
1605 3534 1706 3577 cur
1744 3518 2091 3589 vectigalium
2130 3527 2215 3574 at-

649 3612 920 3671 trahimus
951 3611 1212 3677 influxus,
1255 3627 1356 3682 pro
1395 3612 1464 3667 iis
1503 3627 1624 3682 quae
1661 3611 2044 3681 ingrediuntur
2077 3627 2218 3664 nun-

651 3719 817 3774 quam
848 3703 1008 3764 eﬂusi
1047 3706 1112 3759 ad
1148 3704 1597 3767 benefaciendum
1640 3703 1799 3757 aliis?
1827 3701 2092 3768 Quoniam
2128 3717 2217 3757 au-

2318 1972 2376 2023 tv
2407 1971 2567 2024 παντὶ
2598 1969 2748 2040 καλῷ
2794 1973 3002 2036 στάσις,
3047 1971 3123 2035 ώς
3167 1971 3234 2024 ἂν
3277 1971 3370 2026 καὶ
3399 1973 3432 2040 ἡ
3476 1970 3531 2023 ἐν
3578 1989 3658 2024 σοι
3689 1973 3763 2042 γῆ
3805 1975 3889 2036 είς

2316 2063 2409 2116 τὸν
2449 2061 2620 2116 αίῶνα
2666 2064 2922 2132 εἱστήκει.
2981 2062 3043 2116 Εἰ
3090 2063 3147 2116 δέ
3196 2079 3279 2126 τις
3327 2061 3567 2135 κεχηνὼς
3603 2065 3738 2131 πρὸς
3782 2064 3886 2133 τὴν

2317 2152 2645 2218 πλεονεξίαν,
2693 2154 2786 2206 καὶ
2828 2153 3078 2221 καθάπερ
3120 2156 3240 2206 τινὰ
3284 2153 3555 2207 θάλασσαν
3593 2154 3689 2224 τὴν
3740 2156 3885 2223 ἀμε-

2315 2245 2470 2318 τρίαν
2496 2245 2596 2314 τῆς
2647 2245 2937 2315 ἐπιθυμίας
2967 2245 3241 2311 ἀπλώσας,
3279 2245 3416 2317 πρὸς
3443 2246 3508 2298 τά
3548 2245 3887 2315 πανταχόθεν

2316 2334 2594 2405 είσρέοντα
2642 2335 2804 2407 κέρδη
2847 2337 3137 2407 ἀπλήστως
3185 2338 3318 2407 ἔχοι,
3397 2333 3550 2403 οὗτος
3600 2337 3736 2410 πρὸς
3781 2337 3884 2408 τὴν

2314 2428 2482 2490 ὅντως
2523 2426 2794 2482 θάλασσαν
2845 2428 3086 2497 βλέπων,
3137 2428 3514 2500 θεραπευέσθω
3558 2429 3656 2500 τὴν
3702 2429 3885 2483 νόσον.

2327 2517 2414 2580 Ὠς
2441 2518 2546 2589 γάρ
2577 2519 2758 2590 ἐκείνη
2802 2519 2863 2573 τὸ
2905 2521 3102 2590 ἑαυτῆς
3131 2520 3192 2573 οὑ
3222 2521 3556 2591 παρέρχεται
3597 2521 3797 2591 μέτρον
3827 2522 3892 2572 ἐν

2314 2611 2434 2672 ταῖς
2487 2609 2708 2679 μυρίαις
2761 2609 2868 2662 τῶν
2918 2610 3124 2664 ὑδάτων
3179 2612 3485 2680 ἐπιρροαῖς,
3535 2609 3649 2662 ἀλλ’
3689 2611 3748 2662 tv
3803 2609 3893 2678 τῷ

2317 2700 2416 2770 ῐσῳ
2466 2699 2708 2770 διαμένει
2756 2700 3104 2772 πληρώματι,
3141 2701 3390 2771 καθάπερ
3436 2701 3690 2771 οὐδεμιᾶς
3741 2702 3890 2771 αὑτῇ

2316 2790 2376 2856 ἐξ
2417 2791 2624 2845 ὑδάτων
2673 2792 2965 2862 γινομένης
3013 2792 3363 2864 προσθήκης*
3410 2795 3550 2846 κατὰ
3589 2792 3679 2843 τὸν
3717 2791 3893 2845 αὑτὸν

2315 2882 2514 2954 τρόπον
2547 2883 2639 2936 καὶ
2674 2884 2708 2953 ἠ
2747 2882 3058 2955 ἀνθρωπίνη
3103 2883 3263 2953 φύσις
3295 2884 3440 2947 ίδίοις
3483 2884 3696 2954 μέτροις
3727 2885 3787 2936 έν
3815 2887 3890 2955 τῇ

2317 2971 2612 3026 ἀπολαύσει
2631 2971 2739 3024 τῶν
2768 2972 3075 3042 προσόντων
3102 2973 3476 3044 διειλημμένη,
3504 2973 3893 3041 συμπλατῦναι

2316 3061 2393 3131 τῷ
2421 3061 2610 3134 πλήθει
2639 3062 2749 3115 τῶν
2784 3062 3056 3134 προσόδων
3080 3064 3178 3135 τὴν
3213 3064 3617 3131 ἀπολαυστικὴν
3647 3064 3894 3137 λαιμάρ-

2321 3171 2431 3224 γως
2471 3155 2532 3208 οὑ
2579 3154 2819 3218 δύναται,
2851 3154 2985 3211 ἀλλά
3022 3155 3081 3209 τὸ
3112 3157 3209 3226 μὲν
3242 3157 3449 3227 εἰσρέον
3481 3156 3731 3216 παύεται,
3764 3158 3796 3226 ἡ
3829 3157 3890 3208 δὲ

2317 3247 2417 3317 τῆς
2449 3246 2798 3312 ἀπολαύσεως
2841 3247 3068 3318 δύναμις
3100 3249 3156 3301 ὲν
3204 3247 3281 3318 τῷ
3311 3249 3424 3318 ίδίῳ
3463 3249 3572 3318 ὅρῳ
3612 3248 3894 3318 φυλάσσεο

2313 3355 2425 3390 ται.
2456 3338 2518 3396 Εἰ
2552 3332 2700 3409 οὖνὴ
2733 3336 3029 3400 ἀπόλαυσις
3060 3336 3348 3390 πλεονάσαι
3390 3341 3449 3389 οὑ
3479 3336 3697 3389 δύναται
3730 3334 3896 3405 παρὰ

2313 3429 2374 3480 τὸ
2425 3428 2618 3501 μέτρον
2665 3427 2766 3498 τῆς
2808 3427 3044 3496 φύσεως,
3094 3429 3172 3492 είς
3206 3428 3259 3480 τί
3299 3426 3397 3490 τὰς
3444 3425 3550 3479 τῶν
3601 3425 3894 3497 προσόδων

2317 3521 2573 3592 ὲπιρροάς
2599 3519 2956 3590 ὲφελκόμεθα,
2993 3518 3244 3573 οὐδέποτε
3276 3518 3411 3588 πρὸς
3433 3518 3675 3573 εὐποιΐαν
3705 3515 3896 3571 ἄλλων

2317 3613 2458 3684 ὑπὲρ
2502 3613 2609 3665 τῶν
2659 3612 3004 3666 ἐπεισιόντων
3067 3611 3488 3682 ὑπερχεόμενοι;
3555 3609 3772 3681 Ἐπειδὴ
3825 3609 3895 3663 δὲ

2315 3703 2456 3757 κατά
2489 3704 2579 3760 τὸν
2607 3703 2936 3762 ἀποδοθέντα
2968 3705 3101 3774 ἡμῖν
3124 3702 3224 3773 τῆς
3261 3703 3614 3775 ματαιότητος
3643 3700 3823 3768 λόγον,
3854 3700 3893 3771 ἦ

649 3805 761 3857 tem
792 3797 1186 3854 convenienter
1229 3811 1260 3850 a
1294 3797 1454 3850 nobis
1488 3795 1627 3850 data:
1656 3795 1914 3848 vanitatis
1943 3794 2214 3848 delinitio-

2316 3794 2374 3846 τὸ
2411 3794 2669 3864 ἀνόνητον
2693 3794 2862 3865 ῥῆμα,
2895 3792 2928 3864 ἢ
2958 3793 3019 3846 τὸ
3051 3792 3307 3863 ἀνόνητον
3333 3794 3564 3864 πρᾶγμα
3591 3790 3897 3862 ματαιάτηο

650 3889 729 3951 ni,
758 3896 844 3943 est
875 3887 960 3946 vel
987 3887 1212 3947 verbum
1240 3887 1454 3949 inutile,
1483 3887 1568 3940 vel
1599 3901 1687 3940 res
1728 3886 1937 3940 inutilis
1964 3885 2030 3939 ad
2065 3885 2216 3938 vaui~

649 3987 814 4036 tatem
846 3979 1100 4050 pertinet,
1132 3996 1198 4036 ex
1223 3995 1290 4036 eo
1319 3981 1546 4050 pulchre
1572 3995 1730 4034 suum
1767 3978 1967 4032 librum
2000 3976 2210 4045 incipit.

647 4068 722 4136 Ut
758 4085 936 4139 neque
962 4070 1258 4141 quidquam
1294 4071 1452 4126 exiis
1482 4084 1602 4140 quae
1645 4069 1800 4130 fiunt.
1845 4082 2023 4137 neque
2055 4065 2216 4135 quid-

646 4176 812 4231 quam
857 4178 924 4217 ex
972 4163 1040 4218 iis
1074 4179 1195 4232 qua:
1225 4163 1503 4223 dicuntur,
1541 4162 1587 4217 si
1629 4161 1960 4230 aspiciemus
1990 4158 2056 4212 ad
2091 4173 2214 4213 eum

646 4253 742 4322 qui
777 4253 866 4306 hic
890 4255 1216 4323 proponitur
1253 4269 1504 4322 scopum,
1547 4261 1806 4321 tanquam
1849 4250 1993 4319 quod
2029 4248 2215 4302 consi-

647 4352 778 4407 stat,
833 4353 1170 4414 reputemus.
1225 4343 1359 4396 Nam
1407 4357 1569 4396 omne
1615 4341 1855 4396 studium
1907 4339 2213 4404 hominum,

644 4433 795 4504 quod
827 4445 1082 4488 versatur
1127 4434 1181 4488 iu
1216 4434 1284 4491 iis
1323 4447 1444 4502 qua:
1487 4430 1551 4484 ad
1588 4431 1754 4485 vitam
1796 4430 2090 4499 pertinent,
2132 4438 2216 4483 est

2314 3903 2403 3950 τος
2464 3887 2628 3950 ἐστὶν,
2673 3874 2851 3949 καλῶς
2903 3885 3112 3939 ἐκεῖθεν
3168 3885 3262 3938 τοῦ
3301 3885 3461 3953 λόγου
3502 3885 3746 3954 ἄρχεται.
3791 3883 3897 3948 Ὠς

2315 3974 2381 4028 ἂν
2411 3977 2544 4045 μήτε
2574 3993 2628 4030 τι
2663 3975 2772 4032 τῶν
2807 3975 3125 4046 γινομένων,
3163 3976 3299 4046 μήτε
3326 3992 3379 4031 τι
3415 3973 3523 4029 τῶν
3551 3974 3892 4043 λεγομένων,

2315 4068 2369 4120 εί
2389 4085 2470 4131 τις
2516 4067 2651 4138 πρὸς
2693 4069 2784 4122 τὸν
2817 4062 2918 4122 ὦδε
2953 4067 3139 4138 βλέπει
3171 4066 3390 4130 σκοπὸν,
3423 4067 3498 4129 ώς
3529 4065 3755 4134 ὑφεστδς
3793 4065 3893 4119 λο-

2315 4158 2616 4229 γισώμεθα.
2668 4161 2824 4212 Πᾶσα
2868 4159 2976 4231 γάρ
3030 4158 3329 4230 ἀνθρώπιον
3376 4157 3596 4227 σπουδὴ,
3645 4157 3780 4228 πρός
3831 4175 3895 4212 τι

2314 4250 2421 4303 τῶν
2463 4252 2593 4322 περὶ
2633 4251 2724 4308 τὸν
2764 4250 2876 4320 βίον
2933 4249 3324 4320 ἀσχολουμένη,
3371 4248 3576 4318 νηπίων
3622 4249 3896 4320 ἄντικρύς

2317 4343 2431 4396 ἔστι
2453 4341 2521 4400 τὰ
2551 4343 2642 4395 ἐπὶ
2672 4342 2896 4414 ψάμμον
2925 4341 3235 4412 ἀθύρματα,
3273 4335 3354 4405 οἷς
3381 4343 3414 4410 ἠ
3448 4340 3555 4392 τῶν
3582 4340 3898 4408 γινομένων

2316 4435 2607 4499 ἀπόλαυσις
2626 4437 2692 4506 τῇ
2722 4435 2849 4506 περὶ
2878 4434 2946 4492 τὰ
2965 4435 3222 4504 γινόμενα
3255 4434 3458 4504 σπουδῇ
3491 4430 3892 4502 συναπέληξεν.

644 4527 808 4597 plane
837 4541 1134 4596 puerorum
1166 4525 1329 4579 ludus
1360 4524 1412 4578 in
1449 4538 1638 4583 arena,
1673 4521 1727 4587 i_n
1764 4536 1871 4591 quo
1904 4535 2024 4589 quae
2050 4536 2114 4575 ex
2145 4520 2214 4573 iis

2317 4529 2468 4599 ’Ἀμα
2505 4527 2566 4581 τὲ
2610 4529 2717 4600 γὰρ
2765 4527 2860 4582 τοῦ
2915 4530 3095 4581 πονεῖν
3127 4526 3423 4586 ἐπαύσατο,
3464 4527 3556 4579 καὶ
3587 4525 3622 4596 ἡ
3653 4523 3896 4593 ψάμμος

645 4633 770 4687 qua:
818 4618 955 4674 ﬁunt
1003 4619 1218 4688 capitur
1257 4614 1580 4675 oblectatio.
1633 4614 1792 4668 simul
1843 4613 2043 4672 desinit
2082 4627 2207 4666 cum

643 4708 829 4764 studio
855 4710 998 4780 quod
1032 4709 1250 4780 ponitur
1279 4709 1332 4763 in
1365 4708 1434 4763 iis
1461 4722 1582 4776 quae
1616 4705 1756 4760 facta
1784 4712 1936 4760 sunt.
1965 4703 2102 4758 Nam
2133 4705 2209 4760 si-

2315 4616 2450 4688 πρὸς
2476 4616 2643 4687 αὑτὴν
2673 4618 2965 4690 συρρυεῖσα
2988 4615 3138 4668 οὐδὲν
3169 4615 3310 4691 ίχνος
3343 4613 3452 4666 τῶν
3489 4610 3895 4683 πεπονημένων

2317 4708 2654 4770 ὑπελείπετο.

647 4804 764 4858 mul
792 4811 956 4872 atque
997 4817 1027 4854 a
1069 4801 1256 4857 labore
1291 4807 1563 4858 cessatum
1599 4806 1705 4863 est,
1739 4795 1903 4853 simul
1939 4810 2106 4852 arena
2171 4797 2412 4870 collapsa
2480 4799 2688 4854 nullum
2736 4797 2997 4868 relinquit
3030 4799 3318 4870 vestigium
3381 4813 3564 4854 eorum
3603 4811 3725 4867 quae
3766 4793 3894 4850 fue-

648 4902 774 4949 rant
799 4893 1093 4948 elaborata.

722 4987 836 5042 Hoc
861 4997 945 5042 est
974 4987 1212 5042 humana
1237 4987 1368 5054 vita,
1412 5001 1577 5042 arena
1611 4993 1696 5041 est
1741 4985 1991 5050 ambitio,
2043 5002 2209 5046 arena

645 5088 731 5136 est
754 5077 1026 5148 potentia,
1055 5092 1220 5132 arena
1255 5077 1456 5132 divitiae
1475 5115 1490 5140 ,
1526 5092 1693 5132 arena
1728 5085 1812 5130 est
1836 5075 2100 5146 quidquid
2129 5084 2212 5130 est

643 5187 708 5226 ex
738 5169 805 5224 iis
825 5169 1028 5238 quibus
1060 5184 1257 5238 magno
1297 5169 1481 5224 studio
1530 5184 1625 5238 per
1685 5182 1906 5224 carnem
1950 5166 2207 5232 fruimur,

637 5266 696 5325 in
725 5262 948 5334 quibus,
977 5267 1038 5315 ut
1070 5276 1191 5330 qua:
1218 5261 1439 5314 minime
1462 5261 1678 5316 valeant
1709 5259 2037 5323 consistere,
2065 5274 2208 5320 vane

638 5356 956 5409 laborantes
992 5351 1269 5408 infantiles
1299 5353 1517 5415 animas,
1545 5361 1600 5406 et
1636 5351 1691 5404 in
1742 5366 2075 5420 unoquoque
2112 5366 2207 5405 eo-

639 5462 762 5500 rum
797 5446 998 5500 multos
1027 5444 1246 5498 labores
1278 5444 1598 5508 tolerantes,
1638 5445 1683 5498 si
1713 5444 1888 5498 solum
1921 5458 2102 5507 arena:
2124 5444 2209 5496 lo-

640 5555 765 5599 cum
801 5538 1143 5608 reliquerint.
1175 5552 1294 5606 qua:
1319 5536 1374 5590 in
1400 5551 1584 5600 carne,
1609 5536 1855 5605 inquam.
1878 5535 2206 5605 transigitur

640 5631 775 5695 vita,
833 5639 967 5685 tunc
997 5637 1292 5700 agnoscent
1326 5643 1490 5699 quam
1541 5627 1597 5689 in
1635 5627 1739 5687 hac
1777 5641 1836 5682 re
1872 5641 2074 5682 vanum
2108 5641 2207 5698 po-

710 5807 758 5852 η
785 5805 1086 5881 ΙίλΤὶιιιοιίὶ.
1119 5823 1202 5877 ιιι,
1238 5804 1324 5862 Η.
1400 5806 1443 5838 ⁸⁸
1473 5804 1632 5864 lCor.
1665 5821 1751 5871 xv,
1776 5804 1862 5868 58.

2381 4980 2546 5039 Τοῦτό
2573 4982 2720 5036 ἐστιν
2760 4982 2789 5034 ὁ
2827 4979 3161 5050 ἀνθρώπινος
3192 4980 3326 5048 βίος,
3359 4979 3582 5049 ψάμμος
3611 4981 3644 5049 ἡ
3672 4980 3890 5048 φιλοτισ

2315 5074 2440 5145 μία,
2466 5072 2687 5143 ψάμμος
2727 5073 2760 5142 ἡ
2794 5071 3097 5137 δυναστεία,
3139 5071 3360 5141 ψάμμος
3385 5072 3415 5122 ὁ
3451 5070 3693 5134 πλοῦτος,
3728 5071 3891 5142 ψάμ-

2315 5183 2412 5238 μος
2451 5165 2678 5222 ἕκαστον
2723 5164 2834 5217 τῶν
2863 5163 3002 5220 κατά
3034 5163 3267 5234 σπουδὴν
3289 5162 3376 5220 διὰ
3415 5165 3610 5234 σαρκὸς
3639 5164 3890 5228 ἀπολαυς⁹

2310 5257 2550 5328 ομένων,
2598 5260 2656 5310 tv
2686 5253 2767 5322 οἷς
2803 5257 2898 5310 νῦν
2929 5257 2984 5310 αί
3017 5255 3304 5326 νηπιώδεις
3331 5256 3498 5326 ψυχαὶ
3528 5259 3637 5320 τοῖς
3678 5257 3892 5309 ἀνυποο

2317 5350 2529 5412 στάτοις
2557 5350 3050 5420 ἑκματαιάζουσαι,
3097 5351 3190 5402 καὶ
3224 5348 3449 5413 πολλοὺς
3481 5351 3606 5420 περὶ
3648 5350 3892 5410 ἕκαστον

2313 5443 2517 5496 τούτων
2549 5442 2911 5513 ὑπομένουσαι
2951 5442 3169 5507 πόνους,
3204 5443 3251 5494 εί
3285 5443 3443 5512 μόνον
3477 5441 3791 5494 ἀπολίποιεν
3820 5441 3893 5493 τὸ

2311 5534 2410 5604 τῆς
2437 5533 2660 5604 ψάμμου
2694 5533 2912 5606 χωρίον,
2953 5533 3050 5603 τὴν
3093 5535 3150 5585 tv
3180 5532 3342 5604 σαρκὶ
3385 5531 3528 5601 λέγω
3558 5530 3724 5601 ζωὴν,
3756 5529 3893 5582 τότε

2311 5625 2370 5689 τὸ
2397 5624 2623 5695 μάταιον
2647 5624 2744 5696 τῆς
2767 5617 2868 5680 ὦδε
2896 5622 3175 5698 διατριϐῆς
3205 5621 3612 5693 έπιγνώσονται.
3651 5620 3744 5693 Τῷ
3770 5622 3893 5698 γάρ
