3986 6486
195 382 292 440 699

1265 389 1328 441 IN
1353 390 1885 451 ECCLESIASTEN.
1929 395 2212 452 HOMILIA
2253 398 2293 452 Ι.

3293 404 3396 457 650

195 497 355 568 ὐλικῷ
387 497 484 568 βίῳ
511 494 656 564 καὶή
693 497 989 565 ατὸλαυσις
1018 520 1174 555 συνατ
1194 508 1404 574 έμεινεν
1425 524 1448 540 ·-
1483 507 1737 574 ἐφέλκον-

1844 513 2056 567 suerint
2104 514 2364 569 studium.
2415 515 2549 572 Nam
2599 533 2723 572 cum
2777 520 2883 572 vita
2935 519 3192 574 materiali
3235 519 3396 577 simul

191 609 273 644 ται
301 590 356 642 δὲ
386 591 503 659 μεθ’
530 591 734 642 ἑαυτῶν
776 593 924 644 οὐδὲν
956 596 1036 646 ὅτι
1071 595 1144 664 μὴ
1186 598 1282 668 τὴν
1313 599 1614 669 συνείδησιν
1643 601 1738 670 μό-

191 698 300 751 νην.
332 681 398 732 ’Ὀ
427 697 515 750 μοι
539 681 798 735 δοκεῖκαὶ
825 684 852 734 6
877 683 1049 752 μέγας
1083 685 1522 758 Ἐκκλησιαστὴς,
1551 688 1740 761 ὥσπερ

189 774 282 844 ήδη
313 772 518 826 τούτων
558 772 663 841 ἔξω
694 774 1001 845 γενόμενος,
1042 778 1134 830 καὶ
1165 783 1344 850 γυμνῇ
1372 783 1438 850 τῇ
1467 780 1609 852 ψυχῇ
1638 781 1736 851 τῆς

188 866 348 919 ἁΰλου
376 861 520 934 ζωῆς
546 863 900 927 ὲπιδατεύωνν
937 867 1120 920 ἐκεῖνα
1144 864 1311 932 εἶπεν’
1355 869 1392 923 ἃ
1431 871 1574 934 εἰκός
1607 849 1788 940 ποπζῖ

189 959 277 1011 καὶ
301 958 448 1028 ἡμᾶς
479 959 669 1021 εἰπεῖν,
710 959 838 1011 ὅταν
881 958 984 1023 ἔξω
1022 960 1115 1013 τοῦ
1143 961 1404 1032 παραλίου
1437 964 1625 1016 τούτου
1651 937 1774 1016 ’τό-ν

187 1067 283 1104 που
317 1049 620 1120 γενώμεθα,
656 1052 782 1122 περὶ
811 1051 869 1105 ὃν
898 1053 944 1123 ,ἡ
969 1052 1193 1123 ψάμμος
1235 1055 1401 1117 ἐστὶν,
1444 1057 1476 1126 ἡ
1504 1056 1605 1109 ὑπὸ
1637 1056 1736 1126 τῆς

182 1143 273 1201 τοῦ
323 1142 436 1213 βίου
482 1143 754 1214 Θαλάσσης
783 1147 1157 1216 ἐκπτυομένη,
1206 1147 1300 1200 καὶ
1333 1149 1546 1202 πάντων
1575 1165 1736 1218 χωρι-

185 1235 394 1305 σθῶμεν
446 1235 554 1292 τῶν
607 1236 1080 1306 περικτυπούντων
1132 1240 1276 1309 ἡμᾶς
1328 1240 1421 1294 καὶ⁵
1465 1241 1736 1310 καταϐομ-

1814 615 2018 659 -manet
2046 605 2353 672 delectatio,
2386 623 2568 662 secum
2606 617 2784 662 autem
2819 611 2959 664 nihil
2990 613 3213 665 trahunt
3253 628 3394 682 prae-

1837 703 1920 748 ter
1951 697 2119 750 solam
2165 699 2575 752 conscientiam.
2613 698 2972 764 Quamobrem
3021 703 3150 755 mihi
3186 703 3397 757 videtur

1791 833 1822 852 ,ν
1839 800 2073 855 magnus
2105 785 2490 853 Ecclesiastes,
2537 797 2598 842 ut.
2629 790 2721 859 qui
2749 791 2870 860 jam.
2897 802 3046 846 extra
3095 793 3208 846 luec
3229 804 3394 857 esset,

1837 885 1890 929 et
1929 877 2072 931 nuda
2111 893 2175 932 ac
2227 889 2477 949 separata
2531 880 2711 934 anima
2765 883 2818 935 in
2871 883 2978 936 vita
3028 885 3266 938 materia:
3303 901 3397 938 ex-

1836 975 1986 1034 perte
2017 969 2300 1034 insideret,
2338 970 2428 1024 illa
2459 971 2663 1027 dixisse
2694 987 2813 1044 qua).
2839 988 2939 1028 nos
2967 989 3183 1044 quoque
3220 975 3395 1028 dictu-

1837 1075 1926 1114 ros
1955 1069 2041 1114 est
2068 1070 2524 1128 consentaneum,
2549 1065 2767 1134 quando
2791 1065 3051 1120 fuerimus
3073 1077 3223 1120 extra
3247 1067 3391 1122 hunc
3467 1107 3473 1110 -ς

1837 1153 2013 1206 locum
2055 1155 2405 1216 maritimum,
2439 1155 2492 1209 in
2538 1172 2647 1226 quo
2684 1166 2768 1211 est
2802 1171 2984 1219 arena,
3032 1173 3150 1227 quze
3182 1174 3210 1212 a
3255 1159 3405 1212 mari-

1836 1245 2003 1315 hujus
2031 1245 2153 1299 vita
2175 1246 2478 1314 exspuitur,
2523 1255 2577 1300 et
2605 1247 2843 1316 separati
2874 1245 3139 1300 fuerimus
3171 1249 3237 1300 ab
3276 1263 3393 1301 om-

182 1327 416 1386 6ούντων
443 1327 718 1398 κυμάτων,
739 1330 804 1382 ὲκ
830 1330 926 1400 τῆς
959 1329 1241 1402 νοηθείσης
1265 1330 1537 1402 Θαλάσσης
1571 1332 1735 1402 μόνην

1836 1339 1998 1393 nibus
2029 1337 2282 1394 [luctibus
2313 1338 2404 1407 qui
2431 1353 2531 1393 nus
2545 1338 3015 1392 circumsonantet
3047 1339 3385 1394 circumstre-
3414 1377 3416 1380 τ

181 1421 276 1490 τὴν
305 1421 526 1491 μνήμην
551 1420 658 1473 τῶν
686 1415 786 1473 ὧδε
821 1422 1257 1476 σπουδασθέντων
1297 1423 1621 1493 ἐπαγόμενοι
1652 1422 1738 1474 λέ-

181 1527 344 1582 γομεν
376 1510 471 1576 τὸ,
523 1530 542 1563 ι
566 1512 876 1583 Ματαιότης
913 1515 1300 1584 ματαιοτήτων.
1344 1515 1438 1571 καὶ
1466 1513 1536 1566 τὰ
1563 1513 1738 1566 πάντα

184 1599 511 1670 ματαιότης,
558 1601 650 1654 καὶ
704 1597 852 1664 οὔτις
910 1600 1197 1672 περισσεία
1253 1600 1331 1672 τῷ
1376 1601 1646 1673 ἀνθρώπῳ
1692 1595 1736 1669 ᾧ

182 1692 374 1762 μοχθεῖ
413 1693 518 1746 ὑπὸ
547 1693 635 1747 τὸν
667 1693 836 1764 ἥλιον.
885 1713 902 1745 ι
960 1693 1144 1758 Οὕτως
1175 1693 1303 1766 γὰρ,
1354 1696 1494 1752 κατὰ
1536 1713 1599 1765 γε
1646 1697 1735 1748 τὸν

179 1783 307 1854 ἐμὸν
336 1785 517 1852 λόγον,
563 1786 742 1862 πάσης
771 1787 887 1839 ἐστὶ
927 1786 1101 1857 ψυχῆς
1143 1779 1296 1851 οὗτος
1325 1790 1353 1840 6
1383 1787 1566 1857 λόγος,
1611 1789 1735 1841 ὅταν

1834 1439 1989 1500 punt,
2025 1445 2090 1485 ex
2119 1429 2252 1483 mari
2275 1428 2422 1499 quod
2456 1429 2545 1484 hic
2592 1430 2962 1501 intelligimus,
3011 1431 3178 1484 solam
3213 1447 3391 1502 repor-

1836 1531 2011 1576 tantes
2045 1523 2362 1577 memoriam
2389 1536 2575 1576 eorum
2607 1522 2662 1575 in
2704 1537 2823 1591 qua:
2861 1523 3102 1577 studium
3144 1531 3388 1578 nostrum
3481 1567 3485 1570 .

1835 1614 2188 1679 contulimus,
2237 1613 2469 1670 dicimus
2532 1633 2544 1668 :
2611 1612 2884 1669 «Vanitas
2944 1615 3260 1677 vanitatum,
3341 1627 3391 1670 et

1836 1705 2017 1759 omnia
2047 1705 2281 1758 vanitas.
2330 1703 2516 1774 Neque
2554 1705 2850 1776 quidquam
2899 1715 3154 1774 superest.
3189 1706 3408 1760 homini.

1836 1814 1902 1852 ex
1936 1798 2083 1851 omni
2131 1797 2316 1851 labore
2361 1798 2453 1866 qui
2501 1805 2583 1850 est
2616 1797 2720 1850 sub
2767 1797 2903 1851 sole.
2933 1815 2950 1849 »
2985 1795 3186 1851 Revera
3219 1797 3385 1856 enim,

179 1892 243 1943 γυ
252 1875 526 1944 μνωθεῖσα
552 1876 660 1929 τῶν
685 1878 812 1948 τῇδε
847 1878 982 1949 πρὸς
1007 1878 1096 1931 τὸν
1123 1876 1470 1948 ἐλπιζόμενον
1501 1895 1736 1950 μετοικι-

1837 1897 1894 1943 ut
1952 1903 2052 1959 ego
2102 1888 2322 1958 quidem
2359 1889 2566 1958 judico,
2610 1889 2854 1957 cujusvis
2895 1888 3096 1942 animze
3141 1895 3223 1942 est
3277 1887 3410 1942 haec-

178 1965 280 2035 σθῇ
313 1965 448 2036 βίον.
495 1968 614 2021 Είτε
660 1969 767 2039 γάρ
799 1985 852 2021 τι
882 1968 988 2022 τῶν
1021 1969 1364 2041 ὑψηλοτέρων
1408 1971 1465 2023 ὲν
1515 1973 1581 2041 τῇ
1621 1970 1731 2041 ζωῇ

177 2056 349 2130 ταύτῃ
389 2059 734 2128 κατώρθωσε,
783 2061 1076 2130 κατηγορεῖ
1118 2057 1306 2112 τούτου
1351 2062 1410 2112 ἐν
1457 2055 1501 2127 ᾧ
1542 2057 1630 2131 ἦν,
1667 2063 1732 2132 τῇ

177 2150 315 2220 πρὸς
358 2149 419 2202 τὸ
457 2149 688 2221 εὑρεθὲν·
719 2152 998 2234 συγκρίσει
1017 2193 1032 2217 ,
1068 2151 1126 2205 τὸ
1157 2152 1421 2225 παρελθόν
1447 2170 1512 2206 τι.
1539 2153 1736 2222 ἀτιμά-

177 2241 366 2304 ζουσα,
388 2242 496 2294 εἴτε
518 2242 611 2293 καὶ
635 2241 962 2314 προσπαθῶς
981 2243 1109 2313 περὶ
1134 2244 1232 2314 τὴν
1259 2242 1390 2314 ὓλην
1411 2242 1732 2308 διατεθεῖσα,

175 2334 274 2386 ἴδοι
308 2333 376 2387 τὰ
403 2334 801 2405 ἀπροσδόκητα,
828 2336 920 2394 καὶ
952 2338 1017 2406 τῇ
1052 2337 1216 2407 πείρᾳ
1247 2337 1405 2406 μάθοι
1437 2337 1544 2390 τῶν
1573 2354 1735 2389 σπου-

171 2425 475 2486 δασθέντων
522 2426 650 2497 περὶ
696 2427 786 2479 τὸν
834 2426 946 2497 βίον
987 2427 1121 2497 αὐτῇ
1172 2426 1232 2479 τὸ
1275 2427 1527 2496 ἀνόνητον
1555 2444 1567 2456 ο
1617 2427 1733 2479 τότε

173 2516 446 2588 θρηνοῦσα
492 2519 590 2590 τὴν
643 2518 822 2590 φωνὴν
867 2517 1070 2588 ταύτην
1132 2518 1442 2588 προοίσεται
1467 2558 1482 2582 ,
1538 2515 1624 2571 οἷα
1670 2518 1733 2588 δὴ

173 2608 436 2679 ποιοῦμεν
465 2609 530 2663 ἐκ
571 2610 930 2681 μεταμελείας
954 2611 1003 2662 οί
1033 2608 1326 2680 ἄνθρωποι,
1357 2610 1456 2673 τὰς
1485 2610 1734 2673 ἀϐουλίας

172 2702 384 2764 ἑαυτῶν
412 2705 471 2756 ὲν
507 2706 616 2766 τοῖς
647 2703 967 2773 ὀλοφυρμοῖς
996 2702 1356 2773 διηγούμενοι,
1382 2698 1736 2760 τὺ,ιΜαταιό-

172 2811 271 2862 της
326 2796 694 2864 ματαιοτήτων
721 2794 879 2854 ,ικαὶ
921 2792 992 2847 τὰ
1032 2793 1341 2865 λειπόμενα.
1402 2811 1420 2844 ι
1450 2794 1656 2856 Πάντες
1684 2795 1734 2846 oi

171 2887 342 2955 λόγοι,
367 2906 388 2940 ρ
419 2886 604 2956 φησιν,
638 2905 658 2937 ι
681 2885 920 2955 ἐγκοποι,
957 2887 1051 2940 καὶ
1080 2889 1138 2940 ού
1167 2888 1449 2957 δυνήσεται
1479 2886 1616 2957 ἀνὴρ
1641 2886 1736 2940 τοῦ.

170 2975 372 3028 λαλεῖν.
402 2994 423 3028 ι
467 2975 576 3028 Καὶ
609 2975 732 3046 μὴν,
762 2975 913 3029 οὐδὲν
941 2977 1005 3028 ὲκ
1032 2975 1124 3028 τοῦ
1147 2975 1429 3047 προχείρου
1459 2976 1735 3046 νομίζεται

167 3068 266 3121 τοῦ
306 3067 482 3121 λαλεῖν
506 3067 886 3139 εὐκολώτερον.
919 3069 1016 3130 Τίς
1047 3068 1155 3139 γάρ
1187 3070 1301 3120 ἐστι
1333 3068 1498 3131 κόπος
1531 3067 1609 3137 τῷ
1642 3067 1738 3120 λα-

168 3159 356 3212 λοῦντι
397 3162 424 3213 ὃ
456 3177 538 3223 τις
566 3159 838 3229 βούλεται;
883 3160 1056 3231 Ὑγρὰ
1084 3162 1117 3231 ή
1149 3159 1365 3228 γλῶσσα
1393 3159 1485 3211 καὶ
1513 3158 1735 3229 εὕστρο-

169 3268 297 3320 τρος,
327 3253 421 3305 καὶ
451 3222 583 3322 πρὸς
616 3222 1016 3321 ὄτιπερίὲθέλοι
1049 3222 1307 3321 ῥηματων
1348 3246 1487 3312 εἶδος
1525 3222 1735 3310 ἀπόνως
1762 3222 1804 3282 C

168 3345 376 3415 ἑαυτὴν
404 3344 810 3415 σχηματίζουσα
833 3361 848 3376 ο
895 3342 1169 3406 ἀκώλυτος
1197 3345 1230 3414 ἡ
1272 3343 1401 3413 ὁλκὴ
1428 3341 1521 3394 τοῦ
1551 3341 1733 3413 ἀερίου

169 3436 500 3505 πνεύματος,
517 3429 562 3504 ᾧ
578 3436 990 3506 συγκεχρημένη
1008 3437 1132 3499 τοὺς
1148 3436 1411 3504 φθόγγους
1426 3434 1732 3507 ἐργάζεται·

167 3531 382 3592 ἄλυπος
406 3531 523 3592 ταῖς
578 3531 828 3599 παρειαῖς
852 3531 884 3596 ἡ
927 3528 1214 3598 ὑπουργία,
1251 3529 1344 3581 καὶ
1369 3529 1481 3590 τοῖς
1507 3527 1735 3597 χείλεσιν

167 3622 293 3689 ἅμα
325 3622 361 3693 ἡ»
391 3620 524 3690 πρὸς
551 3619 649 3691 τὴν
666 3618 969 3689 ὲκφώνησιν
989 3617 1081 3672 τοῦ
1115 3619 1402 3688 λεγομένου
1427 3619 1731 3689 συνέργεια.

164 3714 314 3770 Τίνα
349 3708 441 3766 οὖν
480 3713 642 3783 ἐνορᾷ
705 3711 785 3784 τῷ
832 3711 974 3781 λόγῳ
1011 3711 1102 3764 τὸν
1133 3710 1328 3774 κόπον;
1377 3711 1449 3764 Οὐ
1491 3713 1599 3782 γὰρ
1634 3711 1735 3780 γῆν

166 3809 527 3870 σκάπτοντες,
554 3805 588 3876 ἦ
617 3805 818 3876 πέτρας
845 3803 1244 3867 ἀνακυλίοντες,
1270 3803 1303 3873 ἢ
1329 3804 1422 3856 ἐπὶ
1448 3803 1553 3857 τῶν
1573 3803 1743 3874 ὤμων.

162 3897 624 3969 ἀχθοφοροῦντες,
659 3896 692 3966 ἢ
725 3895 851 3950 ἄλλο
881 3913 932 3948 τι
964 3895 1074 3948 τῶν
1104 3895 1374 3948 ἐπιπόνων
1406 3895 1734 3966 κατεργαζό-

166 4006 351 4060 μενοι,
397 3988 487 4041 τὸν
536 3987 690 4056 λόγον
732 3985 1095 4056 ὃιεξοδεύομεν
1120 4002 1133 4014 ·
1191 3985 1325 4039 ἀλλὰ
1368 3987 1428 4040 τὸ
1459 3988 1652 4042 συστὰν
1679 3990 1735 4040 ὲν

159 4085 309 4154 ἡμῖν
337 4080 511 4150 νόημα
541 4079 627 4132 διὰ
669 4077 850 4148 φωνῆς
895 4077 1254 4145 ἐκκαλυφθὲν,
1300 4077 1454 4146 λόγος
1500 4077 1731 4144 ἐγένετο.

173 4173 328 4226 Ἀλλ’
351 4171 534 4243 ἐπειδὴ
559 4174 589 4226 6
614 4169 849 4233 τοιοῦτος
876 4169 1031 4239 λόγος
1057 4169 1223 4226 κόπον
1242 4170 1340 4223 οὐκ
1360 4170 1490 4239 ἔχει,
1521 4170 1736 4240 νοητέον

159 4265 233 4322 ἂν
262 4265 357 4334 εἴη
387 4264 526 4327 τίνες
567 4265 616 4316 oi
661 4260 956 4323 κοπιῶντες
999 4260 1172 4330 λόγοι,
1223 4254 1302 4323 οἷς
1353 4260 1413 4313 ού
1453 4259 1736 4330 δυνήσεται

158 4361 317 4430 ἀνὴρ
356 4356 450 4410 τοῦ
484 4357 678 4410 λαλεῖν.
710 4376 729 4408 ι
763 4358 826 4410 Oi.
848 4355 1222 4428 πρεσϐύτεροι,
1258 4372 1276 4406 ›
1304 4355 1454 4424 φησὶ,
1497 4373 1515 4406 ι
1543 4352 1734 4424 διπλῆς

153 4451 342 4520 τιμῆς
367 4448 752 4514 ἀξιούσθωσαν,
785 4448 1017 4518 μάλιστα
1043 4449 1091 4499 οἱ
1117 4446 1413 4510 κοπιῶντες
1443 4448 1499 4499 ὲν
1525 4445 1684 4516 λόγῳ.
1711 4463 1728 4496 ι

1833 1985 2028 2048 oratio,
2053 1984 2271 2055 quando
2298 1985 2364 2040 iis
2387 2000 2507 2054 quae
2535 1984 2624 2040 hic
2656 1992 2783 2038 sunt
2811 1983 3060 2055 Spoliata,
3111 1984 3176 2037 ad
3219 1982 3401 2036 vitam,

1835 2091 1955 2145 qua:
1982 2085 2233 2147 speratur
2271 2076 2604 2146 migraverit.
2635 2074 2771 2130 Nam
2805 2077 2917 2131 sive
2947 2074 3248 2146 quid-recte
3264 2089 3388 2144 ges-

1836 2169 1906 2223 sit
1926 2185 1990 2223 ex
2024 2171 2090 2223 iis
2117 2186 2236 2240 quae
2267 2171 2322 2223 in
2354 2170 2455 2222 hac
2485 2168 2592 2221 vita
2624 2176 2751 2222 sunt
2773 2167 3112 2228 sublimiora,
3136 2165 3190 2220 id
3222 2181 3386 2229 accu-

1835 2270 1919 2316 sat
1947 2261 1999 2315 in
2034 2278 2142 2330 quo
2166 2269 2305 2323 erat,
2347 2261 2392 2316 si
2415 2259 2727 2312 conferatur
2758 2274 2882 2312 cum
2911 2273 2975 2312 eo
3013 2258 3158 2327 quod
3184 2266 3267 2313 est
3302 2258 3386 2311 in-

1835 2350 2397 2418 ventum,despicatui
2439 2349 2645 2402 habens
2679 2348 2728 2401 id
2759 2348 2902 2420 quod
2936 2348 3210 2417 praeteriit.
3265 2346 3389 2402 Sive

1833 2441 1996 2494 etiam
2033 2455 2155 2492 cum
2184 2439 2340 2494 valde
2366 2437 2553 2493 aﬂ'ecta
2596 2438 2759 2493 fuerit
2784 2439 2838 2491 in
2870 2438 3171 2501 materiam,
3196 2438 3407 2493 viderit.

1774 2597 1780 2599 _
1834 2546 1896 2584 ea
1923 2544 2042 2596 quae
2072 2539 2370 2584 evenerunt
2414 2541 2611 2600 praeter
2636 2529 3118 2598 exspectationem,
3151 2537 3202 2582 et
3229 2544 3387 2598 expe-

1834 2623 2027 2677 rientia
2056 2622 2328 2684 didicerit,
2360 2631 2560 2692 quanta
2611 2622 2680 2676 sit
2716 2621 2941 2676 stultitia
2987 2620 3040 2674 in
3084 2622 3152 2675 iis
3190 2622 3242 2675 in
3269 2637 3403 2690 quae-

1836 2716 2074 2771 studium
2107 2714 2388 2776 confertur
2437 2715 2492 2768 in
2522 2714 2625 2768 hac
2655 2714 2762 2767 vita
2797 2733 2809 2768 :
2844 2722 2972 2767 tunc
3024 2713 3210 2782 lugens
3251 2713 3403 2767 hanc-

1834 2807 2041 2863 emittet
2094 2822 2303 2870 vocem,
2355 2806 2538 2877 qualia
2589 2821 2690 2860 nos
2735 2806 2980 2861 homines
3029 2803 3280 2868 facimus,
3322 2820 3406 2860 ex.

1835 2899 2152 2970 pmnitentia
2182 2900 2347 2955 stulta
2379 2907 2565 2953 nostra
2588 2897 2819 2953 consilia
2845 2897 2898 2950 in
2930 2896 3134 2951 nostris
3156 2911 3387 2950 narran-

1835 2998 1920 3046 tes
1943 2991 2257 3060 eiulatibus,
2283 2999 2337 3046 et
2363 2992 2604 3047 dicentes
2639 3009 2651 3044 :
2684 3009 2704 3042 ι
2734 2990 2960 3045 Vanitas
3011 2990 3332 3052 vanitatum,
3365 3009 3405 3040 ι.

1836 3090 1890 3136 et
1909 3097 1971 3136 ea
2011 3098 2131 3151 quae
2168 3083 2491 3152 sequuntur.
2542 3101 2560 3132 ι
2587 3079 2808 3145 Omnes,
2834 3099 2852 3132 ι
2885 3081 3079 3150 inquit,
3136 3100 3154 3132 ι
3179 3096 3388 3135 sermo-

1837 3189 1934 3230 nes
1965 3183 2094 3229 sunt
2118 3172 2396 3236 laboriosi,
2426 3181 2480 3226 et
2514 3187 2621 3227 non
2674 3171 2876 3241 poterit
2917 3171 3001 3225 vir
3051 3185 3144 3226 eos
3169 3171 3334 3240 loqui.
3366 3192 3403 3223 »-

1836 3264 1998 3334 Atqui
2043 3278 2144 3318 nec
2190 3264 2244 3316 in
2287 3272 2536 3333 promptu
2561 3270 2813 3317 censetur
2841 3261 3132 3330 quidquam
3177 3261 3399 3314 facilius.

1836 3371 1998 3427 quam
2030 3356 2198 3426 loqui.
2233 3356 2368 3422 Quis
2391 3362 2475 3412 est
2503 3356 2646 3411 enim
2696 3356 2848 3410 labor
2877 3355 2925 3409 ei
2955 3355 3046 3424 qui
3087 3353 3230 3422 quod
3275 3354 3400 3406 vult.

1836 3449 2120 3519 loquitur?
2152 3447 2362 3519 Lingua
2399 3456 2481 3504 est
2515 3448 2760 3510 humida,
2793 3455 2845 3500 et
2870 3436 3395 3507 versatilis,e‘tcitra

1834 3542 2073 3596 laborem
2131 3556 2190 3595 se
2223 3540 2432 3610 ﬁngens
2477 3539 2542 3593 ad
2583 3538 2947 3608 quodcunque
2977 3553 3148 3606 genus
3193 3536 3388 3589 verbo—

1834 3648 1954 3686 rum
1993 3652 2002 3687 ;
2045 3635 2184 3688 citra
2230 3631 2678 3702 impedimentum
2737 3639 2821 3686 est
2858 3630 3110 3684 attractio
3159 3629 3400 3698 spiritus.

1835 3727 2003 3789 aerii,
2052 3742 2162 3796 quo
2223 3734 2385 3780 utens
2434 3739 2602 3779 sonos
2659 3722 2820 3778 efﬁcit
2853 3743 2866 3776 :
2902 3725 3040 3779 citra
3089 3723 3398 3776 molestiam

1837 3832 1988 3888 genae
2017 3827 2144 3873 sunt
2175 3817 2221 3870 ei
2253 3817 2590 3870 administrat
2628 3824 2681 3869 et
2705 3815 2854 3869 labra
2889 3814 3049 3870 simul
3103 3828 3258 3882 opem
3306 3811 3398 3864 fe-

1836 3918 1964 3962 runt
2017 3908 2082 3961 ad
2139 3923 2272 3962 voce
2319 3907 2718 3961 enuntiandum
2764 3907 2814 3960 id
2870 3905 3015 3975 quod
3061 3905 3280 3958 dicitur.
3331 3901 3400 3955 ιιι.

1837 4013 2087 4052 sermone
2126 4014 2256 4066 ergo
2291 4013 2582 4066 quemnam
2611 3997 2756 4050 videt
2789 3995 3063 4050 laborem?
3097 3993 3214 4050 Non
3243 3995 3400 4048 enin»

1835 4100 2037 4146 terram
2067 4089 2355 4152 fodientes,
2391 4097 2486 4143 aut
2522 4088 3030 4159 petras..volvenles,
3062 4095 3156 4141 aut
3185 4086 3241 4140 in
3279 4085 3396 4138 hu-.

1838 4183 2004 4238 meris
2034 4195 2201 4237 onera
2254 4179 2511 4245 ferentes,
2563 4189 2657 4234 aut
2690 4181 2873 4251 aliquo
2908 4179 3016 4234 alio
3064 4179 3249 4232 labore
3290 4191 3398 4232 nos

1837 4281 2153 4332 exercentes
2192 4288 2499 4330 sermonem
2547 4274 2998 4340 transmittimus,
3053 4271 3148 4327 sed
3183 4287 3303 4342 qua:
3337 4271 3397 4324 in

1837 4369 1996 4424 nobis
2030 4366 2288 4422 consistit
2314 4366 2605 4435 conceptio
2646 4365 2844 4421 mentis
2880 4380 2981 4434 per
3001 4379 3190 4419 vocem
3238 4379 3391 4418 reve-

1839 4460 1970 4524 lata,
2004 4473 2110 4512 vox
2148 4457 2390 4521 exsistit,
2417 4457 2512 4512 sed
2547 4459 2806 4528 quoniam
2845 4457 2934 4511 hic
2960 4471 3140 4512 sermo
3181 4455 3398 4509 nullum

155 4540 584 4613 Πρεσϐύτερος,
630 4540 768 4594 κατά
820 4540 918 4610 τὴν
976 4537 1301 4609 συνήθειαν,
1348 4539 1377 4590 6
1425 4535 1590 4598 ἐκϐὰς
1636 4535 1734 4605 τὴν

1838 4549 2004 4604 habet
2033 4548 2295 4610 laborem,
2343 4549 2694 4619 cogitandum
2740 4554 2825 4603 est
2856 4550 3079 4618 quinam
3131 4547 3240 4602 sint
3275 4561 3390 4601 ser-

153 4634 408 4693 ἄτακτον
436 4633 647 4704 ἡλικίαν
675 4633 768 4686 καὶ
799 4634 858 4686 ὲν
885 4633 1059 4703 γηρεᾷ
1099 4629 1421 4686 καταστάσει
1451 4629 1734 4698 γενόμενος

154 4725 415 4794 λέγεται,
453 4723 530 4788 ὡς
557 4722 612 4776 εἴ
637 4724 700 4792 γέ
731 4741 813 4788 τις
845 4723 1100 4793 ἀστατοίη
1141 4722 1220 4793 τῷ
1258 4720 1522 4792 λογισμῷ,
1554 4720 1646 4774 καὶ
1676 4720 1735 4772 ὲν

153 4814 374 4887 ἀταξίᾳ
401 4816 492 4870 τὸν
533 4815 644 4887 βίον
671 4815 804 4887 ἔχοι,
834 4814 985 4872 ούπω
1015 4814 1378 4886 πρεσϐύτερος
1415 4814 1442 4866 6
1474 4811 1731 4875 τοιοῦτος,

154 4911 273 4982 κᾷν
304 4913 366 4964 ὲν
394 4911 556 4981 πολιᾷ
580 4909 732 4980 τύχοι
757 4909 1099 4979 φαινόμενος,
1131 4906 1242 4964 ἀλλ’
1271 4906 1351 4960 ἔτι
1391 4907 1548 4976 ἀνήρ.
1595 4904 1735 4957 Οὐκ-

154 5003 262 5057 οὖν
298 5004 350 5054 oi.
376 5000 522 5068 λόγοι
551 5000 604 5054 οῖ
630 5017 693 5069 γε
725 4998 940 5072 ἀληθῶς
975 4999 1144 5068 λόγοι,
1177 4999 1226 5051 oi
1269 4997 1403 5069 πρὸς
1447 4997 1508 5049 τὸ
1549 4994 1734 5064 ψυχω-

152 5095 337 5164 φελὲς
353 5110 412 5146 τε
434 5093 526 5148 καὶ
545 5094 810 5164 χρήσιμον
834 5091 940 5145 τῶν
962 5090 1259 5162 ἀνθρώπων
1279 5088 1568 5158 γινόμενοι,
1591 5079 1736 5140 οὗτοι

155 5187 405 5258 πλήρεις
441 5183 674 5256 ἱδρώτων
701 5184 806 5238 είσὶ
829 5183 923 5238 καὶ
951 5184 1146 5250 πόνων,
1180 5183 1272 5239 καὶ
1304 5181 1472 5234 πολὺν,
1502 5179 1734 5246 ἐπάγον-

150 5297 258 5334 ται
291 5276 480 5344 κόπον,
513 5278 600 5332 ῐνα
627 5276 886 5345 γένωνται
916 5274 1082 5344 λόγοι.
1141 5291 1159 5324 ι
1199 5273 1300 5327 Τὸν
1327 5275 1433 5342 γὰρ
1463 5271 1735 5326 κοπιῶντα

149 5353 422 5441 γεωργὸν
484 5369 566 5423 δεῖ
625 5367 838 5440 πρῶτον
892 5366 985 5421 τὸν
1047 5364 1256 5437 καρπὸν
1277 5360 1725 5432 ἀπολαμϐάνειν,›

148 5461 346 5535 φησὶν
374 5464 403 5516 6
427 5463 535 5516 τῶν
561 5461 813 5516 τοιούτων
858 5459 1028 5530 λόγων
1073 5457 1345 5530 τεχνίτης,
1391 5456 1467 5520 ῶς
1509 5454 1625 5507 δέον
1661 5452 1736 5524 μὴ

149 5557 342 5630 ῥῆμα
360 5553 598 5612 νοεῖσθαι
625 5553 716 5612 τὸν
746 5551 936 5624 λόγον,
985 5550 1119 5608 ἀλλὰ
1158 5549 1257 5622 τὴν
1302 5549 1360 5603 ὲν
1402 5547 1515 5612 τοῖς
1556 5544 1736 5618 ἔργοις

239 5842 304 5876 ⁸³
329 5842 352 5897 ι
387 5839 626 5898 Timoth.
650 5855 703 5907 ν,
743 5838 830 5897 Π.

1835 4653 2022 4693 mones
2046 4638 2377 4704 laborantes,
2397 4652 2504 4706 quo
2519 4651 2545 4691 s
2569 4636 2654 4691 vir
2671 4635 2818 4706 loqui
2840 4649 2947 4689 non
2971 4633 3188 4703 poterit.
3211 4651 3230 4684 ι
3259 4631 3396 4686 Pre-

1835 4729 2098 4800 sbyteri,»
2147 4726 2353 4796 inquit,
2401 4725 2646 4794 «duplici
2687 4724 2891 4781 honore
2935 4722 3089 4793 digni
3150 4721 3391 4776 habean-

1834 4825 1945 4881 tur,
1975 4815 2209 4871 maxime
2236 4816 2330 4884 qui
2358 4813 2607 4868 laborant
2642 4812 2696 4867 in
2738 4812 3071 4868 sermone“.
3102 4829 3120 4862 ›
3152 4809 3387 4881 Presby-

1835 4915 1937 4972 ter,
1969 4907 2123 4961 idest
2154 4908 2356 4967 senior,
2391 4905 2499 4960 dici
2527 4907 2684 4969 solet,
2730 4905 2820 4975 qui
2861 4902 3183 4959 insolentem
3216 4911 3269 4957 et
3311 4902 3391 4956 in.-

1837 4998 2143 5054 ordinatam
2174 4998 2415 5051 excessit
2443 5006 2682 5057 aetatem.
2717 5006 2770 5052 et
2803 4997 2893 5065 qui
2929 4997 2995 5052 ad
3013 4997 3237 5052 senilem
3271 5003 3388 5050 sta-

1835 5099 1949 5145 tum
1981 5092 2246 5160 pervenit.
2277 5090 2395 5156 Quo
2423 5092 2480 5144 fit
2518 5099 2578 5144 ut
2624 5093 2666 5146 si
2703 5091 2827 5161 quis
2861 5091 2934 5144 sit
2985 5097 3165 5144 mente
3218 5089 3390 5144 insta-

1835 5181 1981 5246 bilis,
2027 5189 2082 5234 et
2109 5181 2276 5234 vitam
2327 5189 2449 5250 agat
2496 5180 2882 5243 inordinatam,
2933 5181 2980 5234 is
3022 5179 3259 5233 nondum
3307 5187 3392 5233 est

1833 5273 2139 5344 presbyter,
2168 5273 2382 5328 etiamsi
2415 5273 2666 5327 videatur
2703 5273 2904 5328 habere
2933 5287 3122 5332 canos,
3160 5270 3256 5326 sed
3294 5270 3390 5325 ad-

1833 5365 1944 5421 huc
1969 5364 2055 5418 vir
2085 5372 2191 5419 est.
2226 5363 2517 5419 Sermones
2550 5379 2679 5435 ergo
2722 5362 2798 5417 illi
2828 5362 2920 5432 qui
2951 5377 3076 5416 vere
3109 5367 3237 5416 sunt
3279 5374 3392 5414 ser-

1836 5471 2048 5521 mones,
2077 5455 2168 5526 qui
2220 5455 2356 5510 ﬁunt
2377 5455 2442 5510 ad
2483 5456 2784 5510 animarum
2809 5454 3187 5519 utilitatem,et
3214 5449 3389 5506 homi-

1841 5548 2008 5605 nibus
2037 5555 2166 5604 sunt
2196 5547 2587 5613 conducibiles,
2626 5546 2661 5601 ii
2692 5545 2835 5616 pleni
2868 5551 2999 5601 sunt
3020 5542 3312 5599 sudoribus
3333 5550 3398 5603 οι
