4044 6482
579 381 676 438 651
1797 390 1854 445 S.
1890 390 2156 450 GREGOH

2256 392 2540 450 NYSSENI
3697 392 3809 449 659.

579 495 880 562 laboribus,
909 509 964 554 et
991 502 1192 557 multos
1220 503 1433 561 labores
1463 505 1730 562 inducunt
1767 520 1826 564 ut
1861 511 1971 564 sint
2011 528 2132 567 ser-

2249 514 2478 584 ὶρετὴν,
2525 515 2604 575 εἰς
2648 511 2995 566 διδασκαλίαν
3048 511 3159 580 βίου
3207 512 3320 573 τοῖς
3374 509 3570 580 ὁρῶσιν
3618 526 3808 579 προτι-

583 605 790 646 inoucs.
825 609 843 642 ι
871 591 1230 650 Laborantem
1265 597 1410 652 enim
1441 601 1734 670 agricolam
1769 611 1982 671 oportet
2023 604 2136 673 pri-

2249 604 2496 675 θεμένην,
2530 605 2648 656 ἀντὶ
2673 603 2830 670 λόγου
2856 602 3108 670 γενέσθαι
3138 603 3249 664 τοῖς
3278 601 3696 670 διδασκομένοις.

581 699 727 737 ιιιυηι
759 686 988 741 fructum
1038 690 1350 760 accipere,n
1387 693 1560 764 inquit
1627 697 1818 751 horum
1870 715 2180 754 sermonum
2221 702 2418 756 artifex
2434 703 2500 764 δ’,
2567 708 2751 770 utpote
2783 700 2925 770 quod
2968 707 3216 770 Oporteat
3247 714 3353 753 non
3395 698 3614 752 verbum
3654 698 3810 751 intel-

582 774 673 842 ligi
703 791 1032 840 sermonem,
1057 781 1152 834 sed
1182 783 1437 838 virtutem
1464 801 1586 855 quae
1613 797 1696 842 est
1738 790 1791 842 in
1844 791 2124 860 operibus,
2205 794 2484 862 pr0posita
2553 795 2619 847 ad
2664 793 2787 847 vita;
2835 793 3141 846 doctrinam
3199 791 3266 847 iis
3314 790 3406 861 qui
3455 789 3661 856 vident,
3706 804 3810 860 pro

581 879 831 920 sermone
857 882 978 923 esse
1001 871 1088 935 iis,
1124 873 1216 942 qui
1247 873 1538 930 docentur.

652 959 854 1016 Omnes
884 978 1015 1033 ergo
1061 965 1328 1035 ejusmodi
1363 984 1645 1027 sermones
1702 981 1830 1028 sunt
1879 975 2140 1032 laboriosi

2329 976 2535 1039 Πάντες
2587 970 2678 1029 οὖν
2738 975 2786 1027 οί
2827 972 3056 1027 τοιοῦτοι
3100 972 3246 1041 λόγοι
3287 972 3506 1041 έγκοποι
3553 972 3661 1026 τῶν
3710 971 3812 1044 τὴν

580 1067 768 1107 eorum
797 1055 888 1123 qui
932 1058 1184 1112 virtutem
1217 1070 1516 1130 exponunt,
1563 1071 1621 1116 ut
1673 1065 1766 1134 qui
1804 1067 2036 1136 primum
2082 1069 2142 1124 in

2249 1071 2442 1143 ἀρετὴν
2472 1067 2861 1139 ὑφηγουμένων
2889 1066 3103 1138 πρῶτον
3134 1068 3191 1118 ὲν
3230 1067 3438 1130 ἑαυτοῖς
3486 1065 3813 1138 κατορθοῦν-

584 1146 777 1215 seipsis
802 1147 851 1200 id
869 1157 1010 1204 recte
1037 1161 1421 1222 exsequantur,
1441 1157 1586 1225 quod
1615 1157 1829 1212 docent.
1861 1159 1972 1214 Hoc
1997 1160 2142 1215 enim

2249 1181 2350 1218 των
2376 1165 2512 1233 ὅπερ
2539 1160 2867 1214 διδάσκουσι.
2893 1159 3062 1212 Τοῦτο
3090 1159 3202 1230 γάρ
3225 1161 3338 1212 ἐστι
3364 1158 3424 1211 τὸ
3455 1159 3566 1212 δεῖν
3595 1159 3817 1229 πρῶτον

585 1248 670 1294 est
698 1249 949 1310 Oportere
981 1243 1214 1312 primum
1255 1245 1501 1314 accipere
1533 1265 1596 1302 ex
1634 1247 1906 1305 fructibus
1927 1266 2142 1316 eorum,

587 1347 709 1400 qua:
735 1341 859 1388 aute
893 1336 1030 1391 alios
1075 1337 1231 1392 nobis
1265 1337 1397 1407 ipsis
1451 1356 1546 1408 per
1585 1341 1838 1394 virtutem
1887 1343 2142 1398 colimus.

586 1425 694 1477 Aut
728 1424 865 1480 forte
889 1427 1051 1480 etiam
1085 1428 1292 1482 ratione
1324 1430 1566 1498 praedita:
1593 1442 1807 1486 naturze
1857 1433 2146 1486 imbecilli-

589 1524 750 1571 tatem
779 1518 1164 1589 interpretatur
1193 1523 1333 1591 quod
1369 1523 1456 1576 hic
1493 1521 1712 1577 dicitur.
1745 1524 1974 1589 Quando
1997 1526 2144 1580 enim

2244 1254 2352 1308 τῶν
2405 1252 2631 1325 καρπῶν
2687 1249 3117 1322 μεταλαμϐάνειν
3139 1289 3154 1313 ,
3209 1243 3284 1304 ὧν
3333 1248 3439 1320 πρὸ
3483 1248 3590 1302 τῶν
3635 1249 3814 1303 ἀλλων

2247 1347 2456 1408 ἑαυτοῖς
2485 1341 2576 1397 διὰ
2604 1341 2702 1412 τῆς
2743 1340 2942 1412 ἀρετῆς
2973 1339 3347 1410 γεωργοῦμεν,
3385 1339 3419 1410 ἢ
3454 1340 3591 1409 τάχα
3628 1341 3723 1392 καὶ
3751 1339 3819 1392 τὸ

2247 1437 2469 1499 ἀσθενὲς
2508 1435 2610 1506 τῆς
2659 1433 2880 1502 λογικῆς
2928 1432 3138 1496 φύσεως
3188 1432 3528 1503 διερμηνεὺει
3568 1434 3597 1485 ό
3630 1432 3810 1501 λόγος.

2261 1527 2506 1582 Ἐπειδὰν
2531 1526 2639 1596 γὰρ
2680 1525 2783 1590 ἔξω
2832 1525 3108 1595 γενόμενοι
3152 1523 3258 1576 τῶν
3294 1523 3654 1594 αἰσθητηρίων
3698 1522 3734 1576 ἃ
3776 1524 3816 1592 ἡ

590 1617 794 1664 remota
830 1625 860 1663 a
886 1613 1160 1682 sensibus,
1187 1615 1277 1683 qui
1312 1615 1582 1668 nominati
1628 1624 1756 1670 sunt
1801 1620 2033 1684 vanitas,
2060 1633 2141 1672 eo-

2255 1587 2902 1692 ματαιότηςῶνόμαστάι,
2934 1587 3012 1679 είς
3034 1615 3131 1687 τὴν
3162 1614 3269 1668 τῶν
3305 1587 3549 1685 ἀοράτων
3580 1587 3816 1685 θεωρίαν

591 1712 712 1753 rum
751 1715 868 1768 qua:
919 1702 1020 1754 sub
1059 1713 1334 1773 aspectum
1389 1721 1496 1759 non
1544 1707 1778 1771 cadunt,
1819 1710 2152 1778 contempla-

2251 1709 2524 1764 διαδυείσά
2575 1725 2688 1770 πως
2720 1709 2753 1777 ἡ
2800 1705 3005 1758 διάνοια
3047 1705 3392 1775 παραστῆσαι
3443 1702 3519 1773 τῷ
3565 1703 3707 1772 λόγῳ
3755 1704 3826 1755 τὸ

591 1790 793 1843 tionem
843 1792 1244 1859 quodammodo
1289 1796 1591 1864 pervadens
1638 1798 1915 1866 cogitatio,
1959 1813 2148 1869 aggre-

2249 1800 2435 1872 νοηθὲν
2484 1800 2830 1870 ὲγχειρήσει,
2884 1797 3003 1850 τότε
3056 1795 3222 1858 πολὺς
3282 1795 3483 1864 γίνεται
3528 1796 3690 1857 κόπος
3739 1794 3822 1864 τῷ

591 1878 770 1934 dietur
796 1897 1046 1938 sermone
1075 1886 1347 1955 explicare
1376 1889 1517 1955 quos!
1547 1897 1728 1943 mente
1758 1888 1920 1942 fuerit
1964 1905 2152 1945 conce-

593 1977 768 2040 ptum,
800 1980 927 2026 tunc
950 1976 1186 2028 sermoni
1218 1991 1448 2046 magnus
1477 1979 1689 2032 exstitit
1716 1979 1870 2032 labor
1896 1995 1990 2049 per
2011 1981 2151 2036 hanc

592 2077 777 2118 vocem
825 2064 1322 2136 interpretativam,
1366 2085 1486 2137 quae
1516 2071 1716 2123 nullam
1754 2072 1958 2126 invenit
1988 2073 2176 2130 ratio-.1

592 2169 714 2209 nem
738 2156 790 2210 in
820 2156 886 2212 iis
914 2158 1250 2228 explicandis
1281 2176 1401 2230 qua:
1438 2170 1566 2215 sunt
1587 2162 1898 2217 inellabilia.
1940 2164 2150 2219 Caelum

592 2247 838 2303 videmus
852 2249 1223 2309 .luminariutn
1242 2252 1581 2322 splendorem
1616 2270 1779 2310 sensu
1795 2255 2150 2326 percipimus,

593 2355 692 2409 per
725 2347 923 2394 terram
954 2341 1304 2412 ingredimur,
1341 2359 1517 2400 acrem
1561 2361 1656 2399 ore
1685 2347 1976 2411 trahimus,
2000 2362 2141 2418 aqua

595 2431 662 2484 ad
703 2430 755 2484 id
787 2431 932 2500 quod
963 2440 1172 2486 naturae
1214 2435 1427 2488 videtur
1492 2435 1716 2501 utimur,
1777 2437 1956 2508 ignem
2005 2440 2151 2494 acci-

594 2519 772 2590 pimus
802 2520 867 2575 ad
896 2522 1020 2576 vitae
1049 2525 1618 2592 communicationem,
1649 2535 1703 2580 et
1731 2527 1776 2580 si
1807 2527 1937 2596 quid
1967 2528 2036 2583 de
2064 2527 2152 2584 bis

594 2612 827 2668 velimus
857 2613 1119 2682 cogitare.
1169 2614 1428 2683 quidnam
1480 2617 1550 2670 sit
1583 2618 2010 2688 unumquodque
2053 2635 2150 2674 eo-

596 2717 718 2757 rum
744 2719 864 2773 quae
893 2713 1196 2759 cernuntur
1230 2706 1280 2759 iu
1314 2707 1524 2762 ratione
1570 2724 1684 2762 sua:
1722 2712 1975 2768 essentia:
2003 2729 2016 2764 :
2048 2727 2152 2767 un-

597 2794 790 2850 denam
826 2803 920 2850 aut
960 2797 1231 2866 quomodo
1281 2798 1474 2852 habeat
1520 2801 1665 2870 quod
1716 2802 1999 2867 consistat,
2045 2818 2150 2858 non

2181 2049 2232 2068 Ι-⁹⁴’

2254 1893 2396 1964 λόγῳ
2421 1891 2508 1945 διὰ
2531 1892 2626 1962 τῆς
2653 1890 3050 1962 ἐρμηνευτικῆς
3084 1888 3284 1959 ταύτης
3311 1889 3511 1958 φωνῆς,
3546 1888 3820 1956 μηδεμίαν

2233 1984 2502 2056 ,μηχανὴν
2532 1979 2942 2052 ἐξευριωὶοὑσης
2978 1981 3106 2052 περὶ
3135 1980 3232 2051 τὴν
3270 1979 3376 2031 τῶν
3419 1979 3822 2048 ἀνεκφωνήτων

2201 2125 2216 2138 ,
2258 2077 2566 2147 σαφήνειαν.
2597 2073 2836 2145 Οὑρανὸν
2863 2071 3098 2144 ὁρῶμεν,
3134 2071 3230 2134 τὰς
3263 2070 3371 2123 τῶν
3399 2070 3694 2139 φωστήρων
3724 2069 3803 2119 αὑ-

2256 2167 2359 2236 γὰς
2389 2168 2452 2237 τῇ
2497 2165 2743 2235 αἰσθήσει
2788 2163 3072 2232 δεχόμεθα,
3117 2163 3218 2230 γῆς
3262 2159 3689 2230 ἐπιϐεϐήκαμεν,
3726 2159 3824 2210 τὸν

2255 2257 2396 2330 ἀέρα
2427 2255 2502 2326 τῷ
2535 2256 2760 2326 στόματι
2789 2255 3038 2324 ἕλκομεν,
3070 2253 3219 2306 ὑδατι
3261 2250 3396 2322 πρὸς
3432 2251 3492 2302 τὸ
3533 2248 3722 2318 ὁρκοῦν
3749 2251 3821 2318 τῇ

2257 2347 2410 2416 φύσει
2446 2347 2778 2418 κεχρήμεθα,
2819 2346 2881 2398 τὸ
2911 2344 3021 2417 πῦρ
3055 2345 3134 2406 είς
3177 2342 3460 2396 κοινωνίαν
3492 2339 3603 2410 βίου
3635 2355 3821 2407 παρα-

2222 2511 2234 2518 κ
2255 2439 2538 2510 δεχόμεθα,
2581 2439 2681 2492 κάν
2714 2455 2768 2490 τι
2795 2439 2922 2508 περὶ
2958 2435 3160 2488 τούτων
3201 2434 3448 2504 ἐννοῆσαι
3477 2432 3821 2502 θελήσωμεν.

2257 2531 2310 2584 τί
2337 2530 2444 2583 τῶν
2478 2529 2817 2599 φαινομένων
2865 2529 3092 2580 ἕκαστον
3135 2526 3342 2595 πέφυκε
3383 2523 3461 2593 τῷ
3500 2523 3599 2590 τῆς
3627 2521 3822 2584 οὐσίας

2257 2623 2416 2692 λόγῳ,
2435 2621 2594 2674 πόθεν
2614 2622 2646 2693 ἢ
2672 2623 2818 2683 ὅπως
2833 2621 2930 2690 τὴν
2953 2619 3245 2672 ὑπόστασιν
3262 2618 3436 2687 ἔσχεν,
3455 2619 3514 2669 οὑ
3531 2617 3825 2686 δυνήσεται

2256 2715 2395 2786 ἀνήρ
2420 2712 2513 2767 τοῦ
2557 2713 2785 2782 λαλῆσαι
2818 2728 2832 2742 ⁶
2879 2711 2980 2766 κᾶν
3019 2709 3156 2780 ὑπὲρ
3185 2711 3310 2771 τοὺς
3335 2708 3522 2770 ἀλλους
3551 2705 3625 2758 ῶν
3651 2705 3820 2777 τύχῃ,

2259 2808 2438 2876 πάσης
2465 2801 2875 2874 καταληπτικῆς
2899 2805 3204 2871 ἐπιστήμης
3228 2799 3362 2870 πρὸς
3383 2799 3480 2868 τὴν
3510 2797 3614 2850 τῶν
3640 2797 3824 2864 ἀνεφίο

598 2889 797 2956 poterit
832 2889 909 2941 vir
942 2887 1112 2958 loqui,
1146 2889 1360 2943 etiamsi
1384 2903 1576 2945 omnes
1607 2892 1744 2948 alios
1761 2901 2002 2964 superet,
2027 2908 2152 2948 cum

2249 2914 2401 2962 χτων
2441 2895 2788 2966 ἐξαγόρευσιν
2829 2893 3142 2962 ἁτονοὺσης.
3189 2891 3252 2944 Ei.
3294 2891 3350 2944 δὲ
3391 2893 3419 2943 ό
3451 2891 3578 2960 περὶ
3611 2888 3823 2941 τούτων

568 2979 776 3034 'omnis
843 2981 1336 3050 comprehendendi
1391 2982 1619 3037 scientia
1659 2984 1724 3038 ad
1776 2999 1839 3039 ea
1873 3000 1994 3055 quae
2043 3000 2188 3040 non-

597 3079 773 3140 potest
803 3073 1022 3140 assequi
1047 3073 1401 3136 enuntianda,
1435 3073 1509 3128 sit
1535 3073 1828 3129 imbecilla.
1871 3074 1930 3130 Si
1965 3086 2150 3132 autem

2227 2982 2233 2990 ’
2259 2987 2413 3055 λόγος
2440 2988 2604 3040 κόπον
2643 2986 2754 3056 ἔχει
2798 2984 3189 3056 ὑπερϐαίνοντα
3231 2984 3328 3052 τὴν
3353 2981 3691 3052 ἀνθρωπείαν
3721 2980 3824 3032 τοῦ

2259 3077 2435 3130 λαλεῖν
2461 3076 2683 3146 δύναμίν
2709 3093 2768 3128 τε
2796 3077 2890 3129 καὶ
2914 3075 3094 3144 φύσιν,
3127 3074 3179 3126 τί
3211 3073 3276 3127 ἀν
3301 3089 3383 3137 τις
3419 3075 3561 3127 εἴποι
3589 3073 3828 3140 πάσχειν

599 3163 693 3232 qui
739 3162 807 3217 de
845 3163 928 3218 his
955 3158 1039 3220 est
1079 3162 1278 3229 sermo,
1335 3165 1495 3220 habet
1532 3166 1796 3230 laborem,
1837 3169 1930 3238 qui
1962 3169 2152 3223 buma-

2253 3168 2378 3230 τοὺς
2407 3170 2530 3238 περὶ
2553 3164 2716 3218 αὑτοῦ
2749 3164 2841 3218 τοῦ
2872 3165 3042 3232 Λόγου
3067 3161 3275 3231 λόγους,
3308 3163 3342 3232 ἢ
3373 3161 3468 3214 τοῦ
3491 3161 3702 3230 Πατρὺς
3725 3160 3825 3218 τοῦ

542 3287 547 3292 ι
599 3269 726 3308 nam
760 3255 1015 3324 loquendi
1037 3257 1144 3312 vim
1169 3266 1224 3312 et
1252 3267 1502 3312 naturain
1532 3271 1773 3329 superat,
1792 3261 1921 3330 quid
1937 3261 2157 3316 evenire

599 3347 934 3400 censendum
969 3355 1051 3402 est
1082 3349 1148 3402 iis
1181 3350 1271 3417 qui
1303 3349 1369 3404 de
1416 3350 1534 3418 ipso
1553 3349 1731 3405 Verbo
1774 3363 1906 3406 sunt
1948 3367 2156 3407 sermo-

599 3429 789 3500 nibus,
819 3448 912 3492 aut
940 3439 1007 3492 de
1035 3437 1194 3494 Patre
1225 3439 1420 3495 Verbi?
1452 3441 1666 3507 Quaevis
1696 3455 1844 3498 certe
1873 3452 2160 3514 quantum;

600 3529 686 3584 vis
715 3529 965 3584 sublimis
1000 3531 1195 3596 oratio,
1223 3541 1276 3585 et
1306 3547 1408 3585 vox
1440 3535 1792 3601 quantumvis
1837 3525 2166 3605 magna,est'

599 3616 908 3672 obscuritas
937 3617 1182 3687 quaedam
1211 3627 1264 3673 et
1295 3621 1595 3682 silentium,
1625 3623 1668 3676 si
1711 3623 1778 3676 ad
1812 3639 1993 3678 veram
2036 3626 2154 3694 ejus

603 3712 752 3780 quod
784 3714 1069 3781 quaeritur.
1097 3712 1368 3782 judicetur
1407 3715 1883 3783 signiﬁcationem,
1929 3715 2064 3771 adeo
2091 3733 2150 3779 ut

601 3803 706 3859 boc
741 3805 914 3859 solum
948 3807 1169 3859 verbum
1202 3805 1270 3860 de
1287 3822 1352 3860 eo
1385 3807 1600 3875 proprie
1629 3807 1736 3864 dici
1781 3808 1974 3876 possit,
2006 3808 2154 3877 quod

599 3897 705 3951 etsi
727 3912 916 3952 omnes
949 3905 1270 3952 moveantur
1314 3897 1692 3965 cogitationes,
1735 3907 1789 3950 et
1819 3898 1950 3951 nihil
1995 3898 2168 3976 omit-ﬁ

602 4082 788 4146 nibus,
820 4083 865 4136 si
897 4097 1001 4137 vox
1027 4083 1391 4152 perpendatur
1429 4083 1494 4136 ad
1529 4083 1699 4152 ipsam
1737 4083 1857 4150 ejus
1877 4084 2025 4153 quod
2073 4093 2158 4140 est

600 4177 943 4244 propOsitum
976 4176 1320 4245 dignitatem,
1373 4176 1422 4230 id
1480 4176 1627 4244 quod
1679 4177 1876 4230 dixerit
1916 4193 2024 4232 non
2072 4186 2158 4233 est

601 4280 804 4320 sermo.
836 4264 953 4320 Non
983 4267 1127 4321 enim
1184 4268 1384 4337 poterit
1440 4269 1602 4322 homo
1642 4268 1810 4338 loqui.
1855 4268 1973 4323 Non
2009 4271 2155 4325 enim

597 4371 722 4410 eam
767 4373 888 4426 qua:
945 4374 1041 4427 per
1095 4363 1285 4414 oculos
1342 4361 1539 4414 animae
1591 4362 1752 4427 inest,
1810 4363 1865 4416 in
1900 4378 1967 4417 eo
2012 4363 2156 4434 quod

598 4449 851 4502 cernitur
879 4451 1398 4520 contemplationem
1418 4454 1568 4506 sistit
1600 4453 1773 4515 visus,
1811 4454 1908 4509 sed
1939 4467 2166 4525 semper

2258 3260 2430 3326 Λόγου
2457 3277 2472 3324 ;
2515 3255 2694 3311 Ἧπου
2726 3257 2877 3310 πᾶσα
2906 3257 3175 3326 ὑψηγορία
3207 3272 3267 3308 τε
3310 3255 3401 3308 καὶ
3444 3253 3826 3324 μεγαλοφωνία

2259 3353 2494 3419 ἀσάφειά
2525 3353 2607 3414 τίς
2637 3352 2750 3403 ἐστι
2783 3351 2876 3402 καὶ
2900 3349 3099 3418 σιωπὴ,
3127 3350 3175 3400 εί
3219 3348 3351 3418 πρὸς
3391 3345 3488 3417 τὴν
3521 3344 3696 3415 ἀληθῆ
3725 3345 3824 3398 τοῦ

2194 3443 2216 3502 ’ἶ
2257 3443 2582 3514 ζητουμένου
2628 3440 2902 3512 σημασίαν
2942 3439 3196 3511 κρίνοιτο,
3231 3440 3304 3502 ὡς
3334 3438 3490 3491 τοῦτο
3532 3437 3687 3506 μόνον
3730 3436 3822 3488 ἐπ’

2256 3533 2418 3588 αὑτοῦ
2446 3537 2505 3588 τὸ
2539 3535 2688 3605 ῥῆμα
2715 3533 2916 3604 κυρίως
2945 3534 3137 3595 εἰπεῖν,
3163 3533 3245 3585 ὅτι
3269 3529 3370 3584 κᾶν
3395 3531 3598 3592 πάντας
3621 3530 3826 3599 κινήσῃ

2255 3645 2338 3684 τις
2381 3627 2670 3698 λογισμοὺς
2695 3668 2709 3689 .
2753 3627 2846 3680 καὶ
2882 3627 3050 3697 μηδὲν
3092 3625 3312 3697 ἐλλείπῃ
3360 3625 3468 3678 τῶν
3503 3624 3823 3696 θεοπρεπῶν

2256 3719 2537 3788 νοημάτων
2557 3735 2568 3748 °
2607 3721 2652 3771 εί
2675 3719 2806 3789 πρὸς
2832 3719 2997 3791 αὑτὴν
3023 3721 3120 3790 τὴν
3149 3719 3304 3784 ἀξίαν
3335 3717 3427 3771 τοῦ
3458 3716 3822 3789 προκειμένου

2257 3813 2491 3881 κρίνοιτο
2518 3814 2551 3881 ἡ
2584 3812 2754 3884 φωνὴ,
2785 3813 2921 3882 ὅπερ
2954 3811 3020 3865 ἀν
3047 3813 3209 3877 εἴποι,
3240 3811 3393 3880 λόγος
3414 3811 3514 3864 οὑκ
3545 3811 3708 3863 ἐστιν.
3741 3811 3821 3862 οὑ

2211 3902 2361 3975 ..γάρ
2389 3901 2673 3972 δυνήσεται
2715 3901 2996 3973 ἄνθρωπος
3024 3901 3116 3954 τοῦ
3144 3901 3338 3955 λαλεῖν.
3387 3902 3462 3954 οὑ
3490 3901 3597 3969 γὰρ
3621 3899 3718 3971 τὴν
3749 3899 3823 3952 δι’

600 3995 750 4042 tatur
783 4005 851 4044 ex
887 3989 954 4045 iis
988 4005 1108 4060 qua:
1141 3988 1307 4044 Deum
1354 3991 1548 4044 decent
1597 3991 1794 4044 mentis
1843 3983 2224 4062 conceptio-f7;

2255 3994 2544 4065 ὀφθαλμῶν
2588 3995 2939 4065 ἐγγινομένην
2969 3997 3034 4065 τῇ
3083 3993 3225 4064 ψυχῇ
3259 3994 3387 4065 περὶ
3415 3993 3474 4046 τὸ
3504 3993 3822 4062 φαινόμενον

2258 4089 2540 4160 θεωρίανή
2573 4087 2692 4157 ϐψις
2720 4087 2964 4156 ἔστησεν,
3007 4085 3143 4140 ἀλλά
3173 4085 3260 4138 ἀεὶ
3292 4084 3575 4155 βλέποντες
3599 4084 3674 4147 ὡς
3707 4100 3818 4153 μη-

2255 4181 2402 4234 δέπω
2436 4180 2737 4248 ἑωρακότες
2767 4173 2930 4240 ὦσιν.
2979 4177 3057 4230 ἔτι
3086 4179 3144 4229 ὲν
3177 4179 3366 4247 ἀγνοίᾳ
3393 4178 3455 4230 τὸ
3486 4177 3572 4229 διὰ
3600 4176 3699 4244 τῆς
3731 4177 3820 4230 ἀί-

2259 4274 2501 4344 σθήσεως
2524 4272 2923 4343 λαμϐανόμενον
2952 4271 3164 4342 ἔχομεν.
3196 4271 3452 4340 Διαϐῆναι
3480 4271 3536 4323 τὸ
3562 4270 3756 4340 χρῶμα
3779 4270 3819 4340 ἡ

2255 4363 2376 4432 ϐψις
2395 4363 2455 4415 οὑ
2477 4362 2696 4415 δύναται
2715 4380 2728 4392 ο
2756 4361 2870 4414 ἀλλ’
2895 4362 3006 4431 ἔχει
3031 4362 3230 4431 μέτρον
3247 4360 3347 4430 τῆς
3379 4360 3510 4422 ίδίας
3538 4359 3820 4430 ἐνεργείας

2227 4453 2318 4520 ίτὺ
2346 4455 2487 4508 κατὰ
2517 4455 2615 4524 τὴν
2662 4453 2978 4524 ἐπιφάνειαν
3019 4453 3125 4505 τῶν
3167 4453 3332 4505 ὄντων
3357 4453 3494 4523 αὑτῇ
3526 4452 3821 4523 προφαινό-

600 4541 952 4609 aspicientes.
1005 4541 1230 4611 perinde
1287 4557 1351 4596 ac
1393 4545 1436 4597 si
1491 4546 1730 4597 nondum
1806 4544 2151 4611 vidissemus,

2259 4563 2438 4616 μενον.
2470 4522 2930 4614 Διό-φησινῂοὑκ
2959 4543 3398 4614 ἐμπλησθήσεται
3423 4522 3694 4612 ὀφθαλμὸς
3720 4541 3822 4595 τοῦ

600 4632 780 4687 adhuc
811 4634 866 4687 in
892 4635 1232 4704 ignoratione
1269 4635 1533 4690 habemus
1569 4635 1622 4690 id
1656 4638 1798 4706 quod
1832 4653 1997 4694 sensu
2035 4654 2158 4708 per-

597 4727 822 4796 cipitur.
853 4725 989 4780 Nam
1021 4729 1263 4782 colorem
1284 4744 1393 4782 non
1429 4737 1607 4798 potest
1637 4730 1790 4785 visus
1824 4731 2152 4799 pervadere:

599 4821 696 4876 sed
725 4819 946 4875 modum
976 4820 1178 4889 accipit
1203 4836 1314 4876 sua:
1341 4821 1676 4891 operationis
1707 4837 1775 4876 ex
1808 4837 1874 4875 eo
1891 4822 2034 4891 quod
2064 4837 2159 4893 ap-

599 4923 755 4984 paret
781 4914 835 4968 in
866 4929 1053 4968 eorum
1087 4928 1209 4982 quae
1251 4922 1380 4968 sunt
1424 4913 1738 4983 superﬁcie.
1785 4912 2155 4979 Quamobrem

594 5007 732 5061 dicit
761 5025 774 5061 :
810 5004 968 5073 «Non
996 5005 1289 5061 satiabitur
1311 5007 1504 5062 oculus
1547 5007 1688 5069 visu,
1731 5022 1832 5062 nec
1868 5008 2018 5062 auris
2054 5023 2152 5061 au-

595 5096 713 5150 ditu
749 5096 1059 5166 implebitur
1093 5113 1106 5150 :
1136 5098 1246 5156 ovis
1265 5095 1519 5150 audiendi
1561 5095 1869 5166 suscipiens
1915 5095 1967 5149 id
2006 5094 2153 5165 quod

2256 4636 2420 4707 ὁρᾷν,
2471 4637 2564 4689 καὶ
2609 4637 2670 4688 οὑ
2718 4635 3130 4706 πληρωθήσεται
3176 4632 3268 4698 οὖς
3315 4636 3425 4690 ἀπὸ
3446 4637 3812 4710 ἀκροάσεως»

2257 4728 2554 4798 ἀκουστικὴ
2573 4728 2798 4797 δύναμις
2830 4727 3090 4797 δεχομένη
3117 4728 3209 4780 τὸν
3237 4728 3365 4798 περὶ
3387 4726 3615 4779 ἑκάστου
3637 4726 3821 4794 λόγον,

2259 4820 2593 4892 πληροῦσθαι
2622 4821 2782 4889 φύσιν
2806 4820 2906 4872 οὑκ
2949 4820 3082 4889 ἔχει.
3113 4819 3303 4882 Οὐδεὶς
3331 4820 3437 4889 γάρ
3468 4818 3821 4888 εὑρεθήσεται

2259 4911 2415 4982 λόγος
2453 4915 2483 4966 ὁ
2526 4911 2902 4982 διαλαμϐάνων
2933 4912 3000 4965 δι’
3032 4911 3313 4982 ἀκριϐείας
3346 4913 3404 4963 ἐν
3435 4909 3607 4980 ἐαυτῷ
3635 4909 3696 4962 τὸ
3722 4910 3822 4980 ζη-

2256 5002 2535 5073 τούμενον.
2582 5002 2706 5066 Πῶς
2739 4997 2832 5056 οὖν
2863 5002 3230 5072 πλησθήσεται
3262 5001 3397 5073 ἀκοὴ
3425 5001 3523 5072 τῆς
3554 5017 3617 5053 πε
3628 5001 3679 5070 ρ).
3708 4999 3821 5053 τῶν

2259 5094 2600 5166 ζητουμένων
2640 5095 2971 5167 ἀκροάσεως,
3003 5093 3097 5148 τοῦ
3142 5093 3468 5165 πληροῦντος
3495 5093 3593 5146 οὐκ
3627 5092 3818 5157 όντος;

595 5193 664 5248 de
692 5207 1016 5263 unoquoque
1042 5191 1264 5254 dicitur,
1297 5205 1327 5244 a
1360 5199 1554 5244 natura
1587 5207 1696 5245 non
1725 5191 1886 5246 habet
1921 5199 1980 5244 ut
2007 5191 2314 5260 impleatur.
2384 5190 2538 5245 Nulla
2571 5191 2714 5246 enim
2751 5191 3056 5245 invenietur
3087 5190 3285 5251 oratio,
3309 5205 3429 5260 quae
3470 5188 3611 5258 quod
3665 5202 3820 5257 quae

595 5288 735 5341 ritur
760 5287 814 5340 in
850 5295 911 5340 se
941 5284 1179 5354 perfecte
1220 5282 2155 5352 comprehendat.Quemadmodum
2192 5299 2326 5354 ergo
2390 5283 2707 5354 implebitur
2748 5284 2898 5338 auris
2967 5281 3245 5338 auditione
3285 5295 3476 5335 eorum
3511 5293 3629 5350 qua:
3677 5291 3823 5350 qua-

596 5388 820 5443 runtur,
839 5393 962 5433 cum
991 5391 1101 5432 non
1129 5376 1202 5432 sit
1233 5376 1378 5446 quod
1411 5375 1664 5446 impleat?

668 5472 873 5527 Deinde
905 5480 1194 5542 postquam
1228 5471 1340 5525 hrec
1370 5471 1527 5534 dixit,
1555 5471 1673 5541 ipse
1708 5471 1944 5542 seipsum
1979 5472 2150 5527 inter-

596 5572 779 5633 rogat,
825 5575 878 5619 et
922 5564 1027 5620 sibi
1079 5564 1392 5632 respondet.
1447 5563 1578 5617 Nam
1634 5578 1757 5618 cum
1806 5564 2148 5635 rogavisset:

599 5673 626 5707 ι
645 5655 787 5721 Quid
815 5665 900 5712 est
923 5655 1069 5726 quod
1100 5655 1246 5709 fuit?
1285 5655 1362 5722 ld,
1383 5673 1403 5708 ι
1435 5655 1634 5726 inquit,
1675 5677 1693 5709 ι
1715 5655 1862 5727 quod
1906 5655 2150 5711 futurum

667 5807 720 5844 “
753 5811 1030 5870 lTimotb.
1069 5832 1124 5883 Il,
1156 5817 1204 5871 6.

2343 5464 2472 5522 Εἶτα
2521 5467 2658 5538 μετά
2695 5467 2821 5529 τοὺς
2863 5465 3051 5534 λόγους
3107 5463 3326 5526 τούτους
3349 5503 3364 5525 ,
3418 5461 3577 5524 αὑτὸς
3625 5458 3819 5514 ἑαυτὸν

2259 5563 2455 5635 ἐρωτᾷ,
2471 5560 2566 5614 καὶ
2581 5558 2759 5630 ἐαυτῷ
2773 5558 3144 5629 ἀποκρίνεται.
3173 5555 3482 5627 Ἐρωτήσας
3494 5551 3620 5625 γὰρ,
3646 5571 3666 5604 ι
3677 5553 3742 5605 Τί
3757 5552 3821 5607 τὸ

2259 5651 2509 5723 γεγονός;
2540 5649 2698 5716 Αὐτὸ,
2727 5669 2744 5703 ι
2777 5651 2926 5721 φησὶ,
2955 5670 2974 5702 ι
2996 5649 3056 5704 τὸ
3072 5645 3498 5718 γενηθησόμενον
3517 5670 3532 5687 ο
3580 5645 3674 5700 καὶ
3689 5642 3818 5699 sit?»
