3986 6522
294 411 399 468 633

1374 416 1441 471 IN
1481 416 2002 473 ECCLESIASTEN.
2044 414 2325 471 HOMILJA
2366 417 2407 473 l.

3396 420 3509 477 σει

294 526 655 595 πεποιημένον
676 543 689 591 ;
720 546 739 578 α
758 529 921 591 Αὐτὸ,
943 549 960 579 ι
979 539 1133 601 φησὶ,
1152 550 1171 582 α
1194 531 1253 584 τὸ
1279 532 1716 602 ποιηθησόμενον.
1742 553 1759 585 ι
1788 534 1842 585 Ti

1952 542 2069 599 est;
2100 534 2304 602 etquid
2342 544 2426 587 est
2474 532 2618 602 quod
2655 531 2862 586 factum
2907 529 3032 585 est?
3069 527 3374 599 ldipsum,»
3424 545 3512 584 m-

294 613 386 669 οὖν
413 616 655 686 βούλεται
679 620 736 671 τὸ
756 619 929 691 ἐρώτη
940 639 1041 690 μα;
1075 622 1161 689 Ἐξ
1192 623 1508 687 ἀκολουθίας
1535 624 1694 694 ήμῶν
1712 624 1847 694 πρὸς

294 708 455 761 αὑτὸν
498 710 589 780 ἀφ’
631 704 705 762 ὦν
740 713 1133 784 μεμαθήκαμεν
1158 754 1172 777 ,
1224 715 1595 769 άντιτιθέντων
1636 718 1730 770 καὶ
1762 716 1849 770 λε-

292 800 497 867 γόντων
522 819 535 830 ·
565 800 628 855 Εἰ
669 803 840 857 ταῦτα
883 806 1055 859 πάντα
1090 808 1401 878 ματαιότης,
1447 808 1683 879 δηλονότι
1725 809 1847 864 οὔτε

292 890 515 957 γέγονεν
558 890 615 943 ἓν
662 910 712 945 τι
752 892 951 946 τούτων
980 894 1015 948 ἃ
1042 896 1137 966 οὐχ
1168 898 1458 967 ὑφέστηκε.
1500 898 1572 951 Τὸ
1600 900 1707 970 γὰρ
1742 900 1846 970 μά-

291 997 441 1033 ταιον
473 983 687 1047 πάντως
726 985 1086 1056 ἀνύπαρκτον.
1141 990 1213 1041 Τὸ
1255 990 1311 1043 δὲ
1355 990 1716 1061 ἀνύπαρκτον,
1749 993 1856 1045 οὐκ

292 1072 358 1125 ἄν
397 1088 480 1136 τις
512 1075 570 1125 ἐν
614 1077 725 1138 τοῖς
750 1079 990 1145 γεγονόσι
1022 1080 1304 1148 λογίσαιτο.
1348 1084 1409 1136 Et
1447 1083 1509 1153 δὴ
1551 1084 1718 1137 ταῦτα
1750 1086 1847 1138 ούκ

293 1164 459 1227 ἐστιν,
509 1167 626 1220 είπὲ
660 1169 709 1220 τί
750 1171 863 1223 ἐστι
901 1172 961 1224 τὸ
993 1174 1296 1242 γενόμενον,
1326 1174 1358 1244 ἢ
1394 1178 1450 1227 ἐν
1482 1175 1558 1245 τῷ
1585 1172 1719 1229 εἶναι
1750 1177 1848 1246 μέ·

294 1272 390 1307 νει.
435 1256 699 1328 Σύντομος
728 1256 821 1312 οὖν
852 1261 999 1331 αὐτῴ
1044 1262 1175 1332 πρὸς
1222 1264 1280 1315 τὸ
1324 1265 1594 1335 ἐρωτηθὲν
1636 1269 1668 1335 ἡ
1713 1267 1847 1319 ἀπό-

293 1362 473 1416 κρισις
495 1365 509 1378 ·
533 1345 720 1401 Βούλει
746 1350 939 1419 γνῶναι
970 1352 1019 1401 τί
1049 1354 1160 1403 ἐστι
1186 1353 1245 1404 τὸ
1272 1354 1586 1423 γενόμενον;
1636 1356 1846 1426 Νόησον

291 1440 344 1491 τί
371 1442 484 1492 ἐστι
512 1439 571 1494 τὸ
595 1442 864 1512 ἐσόμενον,
897 1444 989 1497 καὶ
1030 1443 1306 1515 ἐπιγνώσῃ
1348 1445 1375 1497 ὃ
1419 1445 1627 1514 γέγονε.
1679 1446 1846 1500 Τοῦτο

292 1531 347 1582 δέ
378 1535 491 1584 ἐστι
519 1532 599 1599 τὸ,
621 1534 828 1603 Νόησόν
858 1553 966 1606 μοι,
993 1531 1037 1589 ὦ
1059 1536 1329 1608 ἄνθρωπε,
1353 1534 1462 1600 οἶος
1506 1540 1709 1610 γενήσῃ
1756 1539 1843 1592 διὰ

292 1624 389 1693 τῆς
420 1626 616 1695 ἀρετῆς
647 1627 832 1679 ἑαυτὸν
878 1628 1115 1697 ύψώσας,
1149 1631 1195 1682 εί
1238 1631 1377 1682 κατὰ
1410 1630 1584 1683 πάντα
1618 1632 1705 1684 διὰ
1737 1632 1844 1684 τῶν

293 1715 510 1782 ἀγαθῶν
540 1720 895 1789 χαρακτήρων
924 1721 1019 1789 τὴν
1047 1720 1221 1791 ψυχὴν
1257 1721 1615 1792 μορφωθείης,
1652 1724 1698 1773 εί
1742 1722 1845 1785 ἔξω

295 1807 469 1875 γένοιο
499 1809 603 1859 τῶν
631 1810 727 1878 τῆς
754 1811 948 1875 κακίας
980 1812 1224 1883 κηλίδων,
1256 1816 1303 1866 εἰ
1333 1815 1507 1867 πάντα
1538 1814 1706 1885 ῥύπον
1739 1814 1843 1867 τῶν

1948 628 2086 696 quit,
2124 646 2143 677 ι
2170 626 2315 697 quod
2356 625 2669 679 faciendum
2699 632 2846 679 est.»
2891 622 3033 689 Quid
3072 637 3202 692 ergo
3236 623 3341 677 sibi
3395 622 3509 675 vult

1949 717 2064 772 haec
2093 717 2486 788 interrogatio?
2513 715 2649 770 Cum
2673 730 2775 770 nos
2806 730 2875 770 ex
2913 714 3307 783 consequentia
3347 728 3414 767 ex
3440 714 3509 767 iis

1947 827 2067 880 qua:
2112 810 2408 865 didicimus
2450 809 2500 863 ei
2552 807 2921 878 objiceremus
2965 815 3019 861 et
3068 800 3509 860 diceremus:Si

1944 903 2060 957 haec
2081 903 2262 955 omnia
2290 908 2418 955 sunt
2440 901 2673 962 vanitas,
2691 900 3036 969 perspicuum
3060 907 3142 953 est
3170 898 3314 968 quod
3332 912 3507 965 neque

1946 995 2047 1048 fuit
2078 993 2373 1063 quidquam
2419 1008 2485 1046 ex
2531 992 2598 1047 iis
2629 1006 2750 1061 qua:
2801 1007 2909 1045 non
2952 993 3337 1045 constiterunt.
3371 989 3504 1044 Nam

1946 1086 2090 1153 quod
2123 1100 2321 1137 vanum
2370 1092 2474 1148 est,
2522 1084 2744 1137 omnino
2799 1098 2906 1137 non
2957 1090 3136 1152 potest
3177 1082 3505 1137 consistere.

1946 1172 2099 1237 Quod
2130 1182 2313 1225 autem
2363 1187 2467 1225 non
2532 1182 2708 1241 p0test
2746 1171 3070 1234 consistere,
3134 1187 3293 1225 nemo
3340 1172 3394 1225 in
3437 1172 3513 1225 iis

1945 1281 2063 1331 qua»
2092 1268 2308 1317 luerunt
2341 1265 2697 1332 reputaverit.
2729 1264 2824 1317 Sin
2860 1272 3040 1319 autem
3071 1265 3184 1318 haec
3214 1280 3323 1318 non
3354 1273 3504 1325 sunt,

1946 1361 2031 1410 dic
2062 1356 2191 1427 quid
2229 1358 2299 1410 sit
2328 1358 2470 1425 quod
2498 1357 2616 1419 fuit,
2650 1363 2744 1410 aut
2792 1356 3247 1426 quemadmodum
3290 1364 3509 1411 maneat

1946 1449 1998 1501 in
2030 1450 2290 1502 essentia.
2320 1450 2398 1501 Aul
2432 1458 2680 1516 rogatum
2704 1463 2834 1517 ergo
2866 1447 3049 1502 brevis
3072 1456 3157 1501 est
3192 1447 3240 1500 ei
3273 1462 3504 1515 respon-

1945 1540 2027 1593 sio
2067 1537 2197 1593 :V'is
2220 1541 2360 1593 scire
2382 1539 2513 1608 quid
2552 1542 2623 1593 sit
2673 1539 2818 1607 quod
2853 1538 2973 1600 fuit,
3022 1539 3201 1608 cogita
3244 1538 3377 1606 quid
3427 1540 3506 1592 sit

1943 1630 2086 1700 quod
2117 1638 2201 1685 est
2224 1628 2492 1694 futurum,
2523 1637 2578 1684 et
2608 1644 2909 1699 cognosces
2943 1629 2995 1682 id
3027 1628 3173 1698 quod
3217 1628 3338 1682 fuit.
3393 1626 3504 1682 Hoc

1943 1728 2122 1776 autem
2153 1729 2235 1776 est
2274 1739 2287 1774 :
2320 1720 2529 1792 Cogita,
2559 1737 2591 1773 ο
2622 1724 2804 1784 homo,
2834 1721 3014 1789 qualis
3046 1721 3265 1775 futurus
3287 1720 3503 1789 sis,qui-

1946 1821 1996 1866 te
2026 1826 2122 1883 per
2153 1814 2407 1866 virtutem
2434 1813 2488 1866 in
2523 1813 2690 1865 altum
2730 1812 2997 1875 extulisti,
3059 1812 3106 1866 si
3151 1812 3205 1864 in
3245 1812 3509 1866 omnibus

294 1900 491 1953 ὑλικῶν
515 1902 868 1973 μολυσμάτων
888 1905 984 1973 τῆς
1006 1906 1195 1959 ἑαυτοῦ
1224 1907 1433 1974 φύσεως
1462 1909 1840 1971 ἀποκλύσειας,

1947 1903 2181 1955 animam
2238 1903 2562 1957 formaveris
2624 1903 2783 1957 bonis
2838 1901 3270 1965 cbaracteribus,
3331 1902 3377 1955 si
3436 1901 3506 1955 ab

292 1990 341 2043 τί
388 1995 588 2064 γενήσῃ
634 1993 721 2047 διὰ
752 1995 858 2047 τῶν
887 1995 1138 2049 τοιούτων
1173 1998 1635 2065 καλλωπιζόμενος
1660 2037 1675 2060 ,
1727 2000 1845 2051 οἵαν

293 2085 500 2155 σεαυτῷ
554 2086 864 2157 περιθήσεις
930 2090 1167 2159 μορφήν,
1228 2090 1352 2142 Ἐὰν
1400 2090 1554 2143 τοῦτο
1605 2090 1844 2161 λογισμῷ

291 2177 643 2248 κατανοήσῃς,
666 2177 941 2247 ἐδιδάχθης
967 2179 1027 2231 τὸ
1052 2181 1108 2230 ἐν
1136 2182 1248 2242 τοῖς
1276 2180 1510 2250 πρώτοις
1534 2182 1840 2250 γενόμενον,

287 2268 347 2319 τὸ
376 2268 490 2319 κατ’
525 2268 703 2320 εἰκόνα
743 2269 875 2322 Θεοῦ
910 2272 998 2322 καὶ
1028 2270 1302 2339 ὁμοίωσιν.
1353 2273 1459 2324 Καὶ
1504 2273 1605 2325 ποῦ
1655 2273 1747 2326 νῦν
1786 2277 1841 2327 ἐ-

287 2358 433 2412 κεῖνό
465 2360 629 2423 ἐστιν,
656 2359 761 2429 ἐρῶ
806 2359 939 2429 πρός
958 2360 1130 2413 ταῦτα
1158 2361 1490 2423 διδάσκοντα,
1526 2363 1554 2415 ὃ
1596 2380 1723 2415 ποτε
1753 2364 1844 2430 γέ-

286 2463 405 2513 γονε
436 2486 452 2509 ,
499 2448 594 2501 καὶ
637 2450 716 2511 εἰς
763 2449 983 2517 ὕστερον
1030 2446 1181 2515 αὖθις
1215 2451 1508 2516 ἐλπίζεται,
1541 2453 1633 2506 νῦν
1659 2455 1713 2506 δὲ
1745 2456 1843 2508 οὐκ

286 2536 463 2603 ἔστιν;
529 2537 663 2589 Ἀλλ’
707 2539 1053 2609 ἀποκρίνεται
1086 2541 1301 2603 πάντως
1346 2541 1435 2593 τὸν
1483 2542 1643 2595 αὐτὸν
1687 2543 1842 2610 λόγον

285 2629 418 2698 ἡμῖν
443 2630 472 2681 ὁ
498 2628 565 2680 τὰ
592 2628 766 2699 ὑψηλὰ
797 2630 1079 2695 παιδεύων,
1106 2631 1185 2682 ὃτι
1214 2631 1298 2684 διὰ
1326 2632 1481 2686 τοῦτο
1509 2632 1577 2686 τὰ
1602 2633 1843 2703 παρόντα

290 2720 581 2791 ματαιότης
607 2720 934 2790 ὠνόμασται,
971 2722 1100 2775 διότι
1130 2725 1308 2776 ἐκεῖνα
1351 2726 1408 2776 ἐν
1439 2726 1549 2787 τοῖς
1578 2725 1841 2796 παροῦσιν

284 2812 384 2863 ούκ
431 2812 564 2865 ἐστι.
614 2813 723 2865 Καὶ
765 2813 836 2877 τί,
872 2816 1034 2883 φησὶ,
1075 2814 1133 2867 τὸ
1168 2816 1561 2885 πεποιημένον;
1604 2816 1743 2869 Αὐτὸ
1782 2817 1842 2869 τὸ

284 2903 726 2974 ποιηθησόμενον.
782 2906 984 2975 Μηδεὶς
1025 2907 1133 2959 τῶν
1173 2908 1473 2961 ἀκουόντων
1523 2908 1842 2979 πολυλογίαν

285 2988 522 3058 ἡγείσθω
558 2991 649 3042 καὶ
681 2992 910 3060 ματαίαν
941 2994 1064 3046 τινὰ
1111 2996 1367 3065 ῥημάτων
1396 2998 1750 3068 ἐπανάληψιν,
1784 3000 1841 3052 ἐν

283 3083 349 3149 τῇ
398 3081 625 3152 διαφορᾷ
677 3082 769 3135 τοῦ
821 3085 1101 3153 γεγονότος
1149 3088 1245 3139 καὶ
1303 3087 1395 3140 τοῦ
1454 3090 1837 3158 πεποιημένου.

285 3174 532 3275 Δείκνυσι
560 3176 667 3248 γὰρ
696 3178 760 3229 δι’
791 3178 1047 3250 ἐκατέρου
1081 3180 1187 3234 τῶν
1213 3182 1471 3252 ῥημάτων
1498 3184 1525 3236 ὁ
1550 3182 1700 3250 λόγος
1742 3186 1841 3254 τὴν
1867 3223 1908 3281 c

284 3265 383 3334 τῆς
430 3266 605 3335 ψυχῆς
655 3266 791 3336 πρὸς
843 3268 941 3337 τὴν
984 3268 1162 3338 σάρκα
1206 3270 1485 3342 διαφοράν.
1538 3273 1761 3338 Γέγονεν
1807 3275 1840 3344 ἡ

283 3354 450 3425 ψυχὴ,
475 3356 567 3410 καὶ
592 3358 652 3410 τὸ
678 3356 833 3427 σῶμα
854 3360 1161 3429 πεποίηται.
1193 3362 1307 3414 Οὐκ
1333 3362 1515 3434 ἐπειδὴ
1537 3363 1663 3417 ἄλλο
1679 3382 1730 3417 τι
1750 3366 1842 3418 καὶ

283 3445 411 3497 ἄλλο
441 3446 688 3515 σημαίνει
733 3448 837 3500 τῶν
872 3450 1130 3521 ῥημάτων
1161 3452 1194 3520 ή
1238 3450 1469 3521 ἔμφασις
1515 3456 1580 3525 τῇ
1613 3454 1840 3526 διαφορᾷ

281 3538 451 3608 ταύτῃ
481 3539 738 3609 κέχρηται
771 3539 878 3592 τῶν
912 3542 1170 3611 ῥημάτων
1206 3543 1290 3611 ἐφ’
1324 3545 1579 3617 ἐκατέρου
1608 3548 1714 3600 τῶν
1741 3565 1836 3617 ση·

287 3631 621 3698 μαινομένων
661 3635 689 3685 ὁ
724 3631 876 3700 λόγος
900 3650 913 3663 ⁸
958 3634 1070 3686 ἀλλ’
1101 3634 1185 3687 ἵνα
1233 3653 1313 3689 σοι
1349 3636 1425 3707 δῷ
1455 3639 1521 3691 τά
1560 3640 1840 3712 πρόσφορα

283 3723 413 3792 περὶ
443 3723 701 3794 ἐκατέρου
730 3724 1054 3790 λογίζεσθαι,
1081 3729 1254 3780 ἐκεῖνο
1273 3730 1392 3782 κατ’
1422 3730 1594 3801 ἀρχὰς
1623 3733 1840 3799 γέγονεν

282 3816 315 3883 ἡ
349 3814 513 3884 ψυχὴ,
537 3814 565 3866 ὃ
587 3817 664 3878 είς
694 3814 915 3887 ὕστερον
944 3819 1350 3890 καθαρισθεῖσα,
1381 3822 1541 3877 πάλιν
1568 3824 1842 3896 ἀναφανή-

285 3921 457 3957 σεται.
522 3905 723 3959 Ἐκεῖνο
771 3909 1062 3979 πεποίηται
1104 3914 1222 3973 ταῖς
1267 3915 1421 3983 χερσὶ
1465 3914 1558 3967 τοῦ
1602 3914 1735 3969 Θεοῦ
1779 3916 1839 3969 τὸ

283 3993 443 4063 σῶμα
474 3995 856 4065 πλαττόμενον,
897 3999 924 4051 ὃ
956 3998 1116 4066 δείξει
1152 4004 1261 4064 τοῖς
1293 4003 1591 4073 καθήκουσι
1630 4005 1837 4074 χρόνοις

280 4086 463 4157 αὑτὸή
498 4087 807 4151 ἀνάστασις.
851 4091 1060 4144 Ὀποῖον
1084 4095 1190 4163 γὰρ
1216 4094 1301 4145 ἀεὶ
1328 4097 1464 4165 μετὰ
1485 4096 1581 4167 τὴν
1609 4098 1841 4150 ἀνάσταο

283 4194 369 4229 σιν
400 4177 546 4241 ἴδοις,
569 4178 806 4232 τοιοῦτον
831 4181 1045 4245 πάντως
1076 4185 1221 4255 παρὰ
1243 4184 1337 4256 τὴν
1364 4185 1583 4256 πρώτην
1611 4188 1839 4257 πεποίη-

279 4288 392 4324 ται.
451 4272 583 4324 Οὐδὲ
635 4273 742 4342 γὰρ
788 4268 917 4325 ἄλλο
963 4274 1014 4326 τί
1061 4278 1205 4328 ἐστιν
1247 4279 1279 4346 ἡ
1329 4278 1639 4343 ἀνάστασις,
1686 4280 1839 4351 εἰμὴ

281 4364 498 4426 πάντως
526 4366 559 4433 ἡ
592 4365 670 4427 εἰς
697 4364 757 4416 τὸ
783 4365 1002 4436 ἀρχαῖον
1030 4368 1487 4431 ἀποκατάστασις.

349 4639 440 4691 Διὸ
466 4638 675 4703 τούτοις
706 4640 899 4707 ἐπάγει
943 4642 1035 4693 καὶ
1078 4641 1138 4693 τὸ
1182 4642 1470 4694 ἀκόλουθον
1502 4643 1707 4712 λέγων,
1758 4646 1838 4701 ὅτι

278 4729 383 4794 ἔξω
407 4729 500 4782 τοῦ
528 4731 752 4800 ἀρχαίου
783 4732 928 4783 ἐστὶν
958 4731 1126 4783 οὐδέν.
1180 4749 1198 4783 ι
1224 4733 1335 4785 Οὐκ
1366 4732 1482 4784 ἐστι
1507 4733 1658 4803 »γὰρ,
1685 4737 1835 4806 φησι,

288 4821 430 4873 «πᾶν
444 4819 754 4889 πρόσφατον
769 4818 974 4873 ὑπὸτδν
1010 4820 1188 4891 ἥλιονο
1236 4841 1254 4873 ι
1306 4822 1381 4886 ὡς
1421 4822 1486 4876 ἂν
1526 4824 1573 4875 εί
1616 4823 1829 4892 ἔλεγεν,

278 4910 360 4960 ὅτι
387 4909 435 4960 εἰ
468 4908 541 4979 μὴ
582 4909 718 4961 κατὰ
758 4909 818 4961 τὸ
845 4908 1065 4978 ἀρχαῖόν
1096 4913 1274 4975 ἐστιν,
1317 4912 1472 4965 οὐδέν
1506 4914 1651 4966 ἐστιν
1682 4914 1836 4977 ὅλως,

280 4998 418 5052 ἀλλὰ
461 5000 757 5069 νομίζεται.
811 4999 884 5052 υύ
915 4999 1022 5070 γάρ
1049 5001 1195 5065 ἐστι,
1240 5002 1404 5073 φησι,
1447 5003 1750 5072 πρόσφατόν
1787 5021 1838 5056 τι

280 5092 388 5145 ὑπὸ
413 5088 503 5147 τὸν
530 5084 697 5162 ἥλιον,
728 5092 867 5146 ὥστε
908 5092 1135 5164 λαλῆσαί
1171 5111 1290 5147 τινα
1330 5096 1423 5148 καὶ
1463 5096 1629 5161 δεῖξαί
1656 5112 1708 5147 τι
1730 5096 1838 5147 τῶν

280 5185 705 5253 ἐπιγινομένων,
757 5185 837 5237 ὅτι
879 5184 1061 5238 καινόν
1111 5186 1225 5239 ἐστι
1269 5186 1424 5239 τοῦτο
1472 5188 1565 5239 καὶ
1607 5185 1684 5256 τῷ
1727 5186 1838 5238 ὄντι

279 5274 606 5345 ὑφέστηκεν.
658 5274 804 5345 Δῦτη
838 5275 947 5329 τῶν
990 5276 1292 5347 εἰρημένων
1336 5278 1481 5330 ἐστὶν
1526 5278 1560 5347 ἡ
1608 5276 1833 5331 διάνοια.

292 5369 356 5421 Ἠ
382 5368 439 5421 δέ
464 5367 605 5433 λέξις
631 5366 814 5422 τοῦτον
840 5368 950 5439 ἔχει
972 5369 1062 5423 τὸν
1088 5370 1282 5440 τρόπον
1303 5369 1437 5423 ’Καὶ
1462 5370 1561 5422 οὐκ
1586 5369 1699 5421 ἐστι
1732 5370 1838 5423 πᾶν

282 5463 592 5531 πρόσφατον
632 5461 735 5513 ὑπὸ
764 5460 851 5515 τὸν
879 5461 1027 5531 ἥλιον
1070 5461 1128 5524 ὃς
1162 5460 1381 5532 λαλήσει
1429 5461 1523 5514 καὶ
1565 5461 1698 5531 ἐρεῖ,
1734 5459 1837 5513 Ἴδε

285 5555 444 5607 τοῦτο
474 5554 656 5608 καινόν
684 5556 819 5608 ἐστι.
844 5555 953 5608 Καὶ
978 5552 1372 5622 ἐπαγωνίζεται
1399 5556 1511 5616 τοῖς
1535 5552 1837 5622 εἰρημένοις

282 5645 373 5699 διὰ
405 5645 515 5699 τῶν
544 5646 737 5715 ἐφεξῆς
763 5646 933 5714 λέγων
952 5662 966 5676 ’
1012 5664 1030 5694 ‹
1055 5643 1123 5696 El
1147 5661 1199 5696 τι
1227 5643 1459 5713 ἀληθῶς,
1498 5643 1648 5713 φησὶ,
1682 5641 1838 5709 γέγο-

279 5755 392 5799 νεν,
424 5739 598 5791 ἐκεῖνό
624 5741 791 5801 ἐστιν,
828 5738 856 5792 ὃ
891 5738 947 5791 ἐν
982 5739 1092 5799 τοῖς
1135 5734 1322 5789 αἰῶσιν
1354 5736 1567 5804 ἐγένετο
1596 5736 1703 5797 τοῖς
1734 5732 1837 5803 πρὸ

280 5828 458 5900 ἡμῶν.
497 5848 513 5879 ι
572 5829 782 5899 Ταύτην
821 5828 926 5900 γὰρ
964 5829 1289 5883 ἐνδείκνυται
1320 5828 1415 5899 τὴν
1444 5828 1676 5880 διάνοιαν
1704 5824 1838 5879 αὐτὰ

1943 1996 2195 2051 omnibus
2231 1996 2348 2049 vitii
2378 1995 2618 2049 maculis
2646 1994 2817 2049 fueris
2850 2002 3111 2061 remotus,
3171 1994 3216 2048 si
3252 1995 3507 2048 materia-

1945 2086 2073 2139 lium
2114 2087 2645 2155 inquinamentorum
2687 2086 2877 2140 sordes
2907 2100 2937 2138 a
2976 2091 3070 2138 tua
3120 2092 3316 2138 natura
3349 2084 3511 2139 elue-

1942 2180 2019 2232 ris
2040 2218 2054 2243 ,
2085 2178 2238 2247 quid,
2262 2178 2505 2247 inquam,
2542 2176 2765 2231 futurus
2795 2177 2927 2239 eris,
2955 2176 3000 2231 si
3032 2176 3109 2230 sis
3132 2177 3213 2230 sic
3244 2186 3497 2236 ornatus,

1942 2280 1994 2323 et
2028 2269 2173 2338 quali
2230 2277 2284 2323 te
2334 2268 2511 2322 forma
2559 2281 2620 2323 es
2667 2268 2981 2322 induturus.
3021 2267 3077 2321 Si
3127 2267 3241 2321 [nec
3287 2267 3503 2321 ratione

1942 2361 2443 2429 comprehenderis,
2477 2360 2717 2416 didicisti
2746 2360 2877 2429 quid
2925 2361 2997 2416 sit
3026 2361 3077 2414 id
3115 2360 3259 2429 quod
3304 2359 3407 2413 fuit
3437 2360 3495 2413 in

1942 2449 2153 2517 primis,
2195 2463 2386 2517 nempe
2407 2448 2552 2516 quod
2586 2447 2687 2501 fuit
2718 2449 2785 2502 ad
2815 2447 2908 2503 Dei
2943 2448 3231 2518 imaginem
3253 2457 3306 2502 et
3332 2449 3491 2503 simi-

1940 2542 2244 2595 litudinem.
2273 2540 2337 2594 Et
2366 2541 2458 2595 ubi
2494 2556 2639 2595 nunc
2664 2541 2797 2595 illud
2833 2549 2918 2596 est
2941 2541 3139 2610 (dicam
3178 2541 3227 2595 ei
3258 2542 3346 2610 qui
3391 2542 3504 2595 haec

1940 2634 2119 2701 docet)
2153 2634 2294 2703 quod
2323 2632 2427 2685 fuit
2472 2631 2786 2702 aliquando,
2826 2641 2880 2686 et
2911 2633 2965 2687 in
2991 2640 3267 2702 posterum
3308 2647 3505 2687 rursus

1940 2734 2217 2795 speratur,
2251 2739 2397 2779 nunc
2423 2732 2602 2779 autem
2638 2738 2746 2778 non
2770 2724 2898 2778 est?
2924 2722 3067 2779 Idem
3115 2734 3295 2777 autem
3342 2723 3503 2777 nobis

1939 2816 2253 2886 respondet,
2284 2816 2377 2885 qui
2410 2832 2511 2872 nos
2538 2815 2695 2871 docet
2725 2816 3018 2871 sublimia:
3052 2815 3195 2885 quod
3216 2823 3502 2885 propterea

1940 2908 2230 2977 praesentia
2271 2907 2554 2961 nominata
2599 2915 2729 2963 sunt
2767 2907 3009 2969 vanitas,
3051 2906 3197 2976 quod
3243 2907 3333 2961 illa
3393 2921 3501 2959 non

1942 3009 2069 3054 sunt
2098 3000 2240 3053 inter
2278 3002 2592 3069 praesentia.
2642 2999 2706 3053 Et
2736 3000 2866 3069 quid
2889 3009 2972 3055 est
3000 2998 3146 3069 quod
3176 2999 3373 3053 factum
3395 2996 3506 3053 est?

1943 3094 2119 3161 Ipsum
2157 3092 2300 3159 quod
2348 3091 2658 3145 iaciendum
2701 3098 2804 3145 est.
2861 3090 3032 3145 Nemo
3069 3106 3132 3144 ex
3176 3090 3246 3143 iis
3274 3090 3366 3159 qui
3405 3105 3503 3144 au-

1941 3181 2119 3244 diunt,
2146 3182 2425 3235 existimet
2437 3196 2560 3236 esse
2588 3195 3043 3249 supervacaneam
3060 3186 3115 3234 et
3140 3179 3356 3233 inanem
3382 3194 3505 3233 ver-

1944 3273 2136 3326 borum
2171 3273 2546 3341 repetitionem
2598 3272 2653 3325 in
2688 3270 2995 3325 diﬂ‘erentia
3045 3271 3163 3339 ejus
3212 3269 3358 3340 quod
3402 3270 3505 3324 fuit

1943 3372 1995 3417 et
2024 3364 2167 3433 quod
2214 3364 2418 3417 factum
2463 3370 2570 3418 est.
2601 3361 2706 3417 Per
2749 3371 3041 3431 utrumque
3076 3362 3221 3416 enim
3276 3362 3502 3417 verbum

1942 3453 2181 3508 ostendit
2210 3453 2387 3507 oratio
2414 3451 2609 3506 animae
2658 3465 2687 3503 a
2741 3465 2908 3505 carne
2951 3449 3336 3504 differentiam.
3378 3447 3507 3501 Fuit

1944 3560 2039 3601 seu
2070 3558 2187 3599 orta
2213 3553 2296 3600 est
2322 3544 2528 3607 anima,
2557 3549 2610 3597 et
2640 3557 2840 3612 corpus
2864 3541 3065 3595 factum
3092 3551 3195 3596 est.
3218 3538 3335 3594 Non
3364 3554 3503 3605 quo-

1942 3636 2088 3689 niam
2116 3634 2262 3688 aliud
2300 3641 2354 3687 et
2386 3632 2535 3687 aliud
2570 3632 2844 3703 signiﬁcat
2888 3631 3179 3686 verborum
3220 3630 3505 3699 emphasis

1940 3727 2041 3780 hac
2065 3728 2349 3780 verborum
2381 3727 2549 3780 utitur
2580 3723 2879 3779 differentia
2930 3724 2986 3777 in
3025 3731 3256 3792 utroque
3285 3722 3498 3792 signiﬁ-

1942 3829 2086 3882 cato,
2118 3817 2211 3872 sed
2239 3826 2292 3871 et
2325 3817 2421 3871 tibi
2459 3816 2721 3871 concedat
2750 3831 2812 3869 ea
2851 3831 2970 3884 qua:
3016 3827 3253 3884 congrua
3282 3820 3411 3868 sunt
3436 3812 3505 3867 de

1942 3918 2172 3978 utroque
2205 3908 2511 3972 wstimare;
2572 3907 2625 3959 in
2676 3905 2946 3974 principio
2978 3903 3107 3957 illud
3154 3903 3255 3955 fuit
3298 3901 3501 3965 anima,

1941 3999 2082 4069 quod
2116 3999 2383 4067 posterius
2413 4004 2639 4067 purgata
2668 4011 2859 4049 rursus
2908 3994 3206 4063 apparebit.
3250 3990 3385 4045 illud
3423 3991 3504 4045 fa-

1944 4095 2089 4141 ctum
2120 4093 2203 4140 est
2232 4085 2320 4139 Dei
2349 4087 2620 4149 manibus,
2657 4084 2800 4154 quod
2833 4091 2885 4138 ct
2934 4084 3116 4136 ﬁctum
3156 4088 3242 4137 est
3279 4096 3499 4150 corpus,

1944 4179 2089 4250 quod
2123 4179 2295 4248 ipsum
2357 4178 2804 4233 convenientibus
2860 4174 3195 4245 temporibus
3251 4171 3504 4229 ostendet

1943 4272 2295 4326 resurrectio.
2334 4270 2505 4337 Quale
2545 4271 2691 4324 enim
2727 4283 2942 4337 semper
2990 4267 3196 4322 videris
3239 4274 3364 4337 post
3413 4280 3499 4321 re-

1946 4364 2359 4424 surrectionem,
2397 4363 2503 4417 tale
2541 4364 2762 4416 omnino
2808 4360 2981 4429 primo
3011 4359 3212 4413 factum
3251 4366 3357 4413 est.
3390 4356 3500 4412 Ne-

1869 4504 1912 4557 D
1946 4471 2049 4525 que
2074 4455 2216 4509 enim
2245 4462 2329 4508 est
2360 4452 2561 4523 aliquid
2588 4454 2733 4506 aliud
2764 4451 3120 4514 resurrectio,
3152 4449 3260 4503 nisi
3286 4464 3407 4520 quae.
3436 4450 3494 4504 ﬁt

1939 4548 2159 4604 omnino
2192 4546 2245 4600 in
2275 4546 2563 4616 pristinum
2589 4552 2788 4601 statum
2822 4544 3114 4601 restitutio.

2010 4638 2366 4705 Quamobrem
2398 4638 2486 4692 his
2528 4636 2714 4705 adjicit
2748 4634 2802 4689 id
2836 4636 2981 4705 quod
3009 4642 3095 4689 est
3123 4648 3497 4704 consequens,

1939 4730 2149 4792 dicens,
2178 4728 2311 4782 nihil
2338 4742 2461 4783 esse
2483 4733 2637 4782 extra
2666 4726 2718 4780 id
2745 4724 2888 4794 quod
2912 4732 2997 4778 est
3025 4725 3094 4778 ab
3122 4723 3298 4777 initio.
3337 4740 3356 4773 ι
3394 4720 3493 4777 Ni-

1940 4823 2016 4876 hil
2055 4828 2139 4877 est
2166 4834 2186 4869 ›
2206 4819 2373 4888 enim,
2423 4819 2620 4888 inquit,
2645 4836 2664 4868 ι
2692 4832 2885 4872 recens
2912 4816 3014 4871 sub
3032 4815 3145 4870 sole
3174 4832 3189 4870 :
3228 4833 3248 4866 ›
3275 4813 3501 4883 perinde

1939 4930 2003 4969 ac
2030 4914 2076 4970 si
2105 4914 2338 4968 diceret:
2371 4910 2485 4967 Nisi
2508 4911 2578 4966 sit
2605 4920 2663 4964 ut
2698 4910 2800 4964 l‘uit
2828 4909 3130 4979 antiquitus
3157 4916 3210 4962 et
3228 4908 3296 4961 ab
3320 4906 3498 4966 initio,

1937 5003 2071 5056 nihil
2100 5009 2186 5057 est
2220 5000 2462 5065 omnino,
2504 4999 2598 5055 sed
2627 4998 2989 5053 existimatur.
3018 4995 3163 5051 Nihil
3211 5002 3298 5051 est
3326 4994 3495 5056 enim,

1940 5092 2136 5161 inquit,
2170 5105 2365 5145 recens
2393 5089 2496 5144 sub
2530 5089 2665 5153 sole,
2703 5100 2761 5143 ut
2788 5088 2988 5158 aliquis
3022 5086 3195 5157 possit
3243 5084 3412 5154 loqui,
3445 5092 3501 5137 et

1938 5187 2223 5238 ostendere
2252 5181 2459 5251 aliquid
2488 5181 2642 5236 exiis
2674 5195 2793 5251 qua:
2821 5187 2946 5249 post
2978 5178 3135 5241 ﬁunt,
3164 5176 3266 5232 hoc
3294 5189 3495 5230 novum

1936 5292 2059 5333 esse
2106 5285 2160 5332 et
2209 5288 2396 5331 revera
2458 5273 2780 5329 consistere.
2828 5271 2930 5325 Hic
2956 5276 3041 5325 est
3074 5283 3267 5324 sensus
3304 5280 3495 5320 eorum

1936 5383 2057 5438 qua:
2086 5367 2231 5423 dicta
2270 5378 2421 5422 sunt.
2458 5364 2571 5418 Hoc
2616 5364 2777 5419 modo
2804 5372 2985 5418 autem
3032 5377 3092 5416 se
3120 5360 3283 5414 habet
3311 5359 3505 5415 dictio:

1936 5460 2079 5514 Nihil
2095 5467 2180 5515 est
2190 5459 2292 5514 sub
2306 5458 2420 5513 sole
2447 5471 2658 5519 recens,
2672 5471 2772 5510 nec
2786 5454 2970 5523 estqui
2990 5454 3242 5521 loquatur
3253 5458 3309 5506 et
3329 5451 3501 5521 possit

1936 5551 2137 5614 dicere,
2156 5548 2293 5604 Ecce
2312 5548 2415 5602 hoc
2434 5554 2518 5602 est
2538 5560 2747 5601 recens.
2765 5543 2833 5600 lis
2849 5551 3025 5597 autem
3044 5556 3165 5612 quae
3179 5541 3323 5595 dicta
3346 5549 3495 5601 sunt,

1937 5657 2033 5713 per
2060 5657 2122 5697 ea
2153 5655 2273 5711 quae
2299 5639 2557 5709 deinceps
2587 5643 2911 5706 sequuntur,
2949 5633 3148 5687 addere
3187 5630 3493 5689 contendit.

1939 5735 2165 5789 dicens:
2201 5752 2220 5783 ι
2254 5730 2485 5802 Siquid,
2525 5749 2545 5783 ι
2588 5730 2783 5801 inquit,
2822 5746 2841 5779 ι
2889 5740 3015 5781 vere
3046 5725 3169 5790 fuit,
3228 5723 3362 5779 illud
3409 5730 3497 5779 est

1947 5825 2087 5896 quod
2153 5822 2253 5878 fuit
2301 5822 2354 5876 in
2420 5820 2633 5878 saeculis
2686 5835 2807 5891 quae
2865 5819 3087 5874 fuerunt
3135 5824 3259 5873 ante
3313 5829 3416 5870 nos
3466 5831 3487 5865 ι
