3986 6512
503 370 611 427 033

1720 364 1776 417 S.
1818 359 2142 418 GREGORll
2175 357 2463 416 NYSSENI

3609 361 3707 419 636

506 485 663 539 Hunc
687 484 832 538 enim
855 499 1073 539 sensum
1104 482 1398 539 ostendunt
1421 485 1537 554 ipsa
1558 483 1851 554 Scriptura:
1873 484 2056 546 verba,

2180 487 2227 540 τὰ
2259 488 2478 557 ῥήματα
2513 487 2610 556 τῆς
2643 487 2884 559 Γραφῆς,
2913 485 3081 550 οὕτως
3109 486 3318 556 ἔχοντα,
3339 488 3478 556 Ἤδη
3493 480 3710 550 γέγονεν

505 595 627 650 quae
659 580 741 635 sic
775 579 972 632 habent
1001 577 1157 632 :Jam
1211 578 1409 632 factum
1448 586 1533 633 est
1567 578 1622 632 in
1679 577 1893 632 saaculis
1943 592 2062 646 qua:

2180 596 2219 630 ιν
2246 581 2356 640 τοίς
2396 579 2551 632 αἱῶσι
2596 582 2705 642 τοῖς
2735 581 3011 647 γεγονόσιν
3055 579 3160 632 ἀπὸ
3203 574 3508 646 ἔμπροσθεν
3538 572 3707 643 ήμῶν.

510 672 733 724 fuerunt
767 679 891 722 ante
918 682 1039 721 nos.
1068 665 1126 721 Si
1157 676 1336 722 autem
1363 681 1553 722 eorum
1582 681 1702 734 quae
1734 665 1876 718 facta
1904 673 2060 728 sunt,

507 759 716 815 exstitit
737 757 959 819 oblivio,
984 756 1121 810 nihil
1149 757 1382 811 mireris.
1413 753 1548 808 Nam
1597 762 1652 809 et
1676 768 1739 809 ea
1772 769 1890 822 quae
1920 767 2065 806 nunc.

511 856 657 914 sunt,
715 845 1138 916 comprehendet
1186 846 1408 899 oblivio.
1445 843 1676 910 Quando
1708 844 1851 897 enim
1884 844 1951 896 ad
1985 845 2064 895 vi—

510 942 645 995 tium
669 953 931 996 conversa
964 948 1048 992 est
1072 945 1286 998 natura,
1320 937 1583 990 bonorum
1614 935 1770 990 nobis
1795 935 2068 1004 subrepsit

509 1031 736 1088 oblivio:
769 1032 986 1101 quando
1007 1038 1186 1083 autem
1205 1027 1271 1081 ad
1297 1029 1495 1081 malum
1513 1027 1856 1089 redierimus,
1877 1043 2067 1082 rursus

512 1124 712 1178 malum
739 1131 950 1193 tegetur
973 1121 1262 1176 oblivione.
1295 1117 1452 1174 Hunc
1475 1123 1619 1174 enim
1649 1127 1778 1189 puto
1795 1135 1916 1174 esse
1944 1134 2068 1174 sen-

509 1229 630 1270 sum
651 1215 702 1268 in
731 1213 799 1269 iis
828 1228 948 1284 quae
961 1213 1104 1267 dicta
1132 1211 1389 1274 sunt,ubi
1407 1208 1691 1271 dicit,Non
1709 1218 1792 1264 est
1811 1211 2067 1264 memoria

512 1301 726 1369 primis,
752 1315 805 1360 et
835 1299 1053 1370 quidem
1074 1298 1388 1353 novissimis
1410 1313 1532 1351 cum
1554 1296 1694 1353 facta
1718 1297 1939 1363 fuerint,
1959 1313 2067 1354 non

511 1391 615 1444 crit
647 1391 926 1445 memoria.
958 1389 1123 1456 Quasi
1164 1390 1404 1444 diceret:
1437 1391 1637 1444 Eorum
1663 1405 1785 1458 quae
1814 1390 2069 1461 deinceps

512 1488 826 1545 evenerunt,
845 1488 968 1551 post
981 1496 1097 1535 eam
1117 1496 1238 1550 quae
1252 1481 1318 1535 ab
1331 1480 1487 1535 initio
1507 1479 1607 1535 fuit
1623 1479 1955 1545 felicitatem,
1975 1497 2070 1550 per

513 1587 635 1642 qua;
657 1573 709 1626 in
741 1572 897 1627 malis
915 1572 1015 1626 fuit
1044 1588 1214 1642 genus
1237 1573 1556 1635 humanum,
1589 1571 1846 1627 delebunt
1870 1587 2070 1626 memo-

516 1663 649 1718 riam
666 1679 729 1717 ea
740 1678 860 1732 qua:
872 1664 1159 1732 postremis
1176 1664 1304 1718 olim
1322 1664 1450 1718 [ient
1465 1663 1820 1732 temporibus.
1835 1662 1953 1718 Non
1969 1666 2072 1719 erit

513 1752 660 1806 enim
686 1766 872 1805 eorum
923 1753 1182 1806 memoria
1209 1768 1334 1806 cum
1383 1752 1451 1806 iis
1479 1751 1574 1822 qui
1629 1751 1799 1806 futuri
1853 1760 1980 1807 sunt
2018 1753 2071 1807 in

2165 668 2227 722 El
2270 669 2326 722 δὲ
2366 670 2704 740 ἐπεκράτησε
2751 670 2886 739 λήθη
2925 671 3032 722 τῶν
3074 669 3395 738 γενομένων,
3431 665 3710 737 θαυμάσῃς

2168 761 2332 830 μηδέν
2358 777 2370 791 ·
2417 762 2508 813 καὶ
2542 760 2649 830 γὰρ
2671 760 2736 813 τὰ
2767 760 2860 813 νῦν
2886 760 3032 822 ὅντα,
3065 759 3200 828 λήθῃ
3227 756 3707 825 καταληφθήσεται.

2167 851 2295 902 Ὅτε
2325 849 2430 920 γὰρ
2464 853 2538 913 εἰς
2569 852 2761 904 κακίαν
2787 853 2819 921 ή
2849 851 3007 919 φύσις
3034 850 3250 922 ἔρρεψε,
3279 848 3414 918 λήθη
3440 847 3550 900 τῶν
3584 847 3711 911 ἁγα-

2167 938 2272 991 θῶν
2313 933 2644 1009 ὲγενόμεθαλ
2691 942 2816 993 ὅταν
2844 941 2899 993 δὲ
2943 941 3165 1010 γένηται
3202 939 3340 1010 πρὸς
3384 939 3445 990 τὸ
3492 936 3708 1003 ἀγαθὸν,

2169 1026 2322 1092 αὖθις
2356 1031 2484 1100 ἡμῖν
2519 1033 2564 1106 ’δ
2589 1032 2861 1094 ἀνάλυσις,
2891 1032 3048 1086 πάλιν
3080 1032 3139 1084 τὸ
3163 1031 3328 1084 κακδν
3353 1028 3486 1098 λήθη
3519 1045 3714 1095 συγκα-

2167 1122 2514 1192 λυφθήσεται.
2554 1123 2766 1195 Ταύτῃν
2797 1123 2903 1194 γὰρ
2933 1119 3082 1194 οἶμαι
3124 1124 3219 1192 τὴν
3261 1123 3496 1175 διάνοιαν
3528 1121 3586 1171 ἐν
3613 1122 3716 1182 τοῖς

2168 1214 2470 1283 εἰρημένοις
2515 1208 2670 1270 εῖναι.
2725 1211 2781 1261 ἐν
2846 1212 2925 1276 οἷς
2977 1229 3159 1285 φησιν,
3187 1213 3299 1266 Οὐκ
3342 1214 3455 1266 ἐστι
3513 1211 3718 1281 μνήμη,

2168 1305 2276 1366 τοῖς
2327 1301 2560 1373 πρώτοις
2601 1301 2692 1354 καί
2733 1318 2793 1368 γε
2849 1305 2960 1365 τοῖς
2988 1304 3234 1372 ἐσχάτοις
3272 1300 3583 1370 γενομένοις
3629 1300 3721 1351 οὐκ

2168 1394 2319 1447 ἔσται
2373 1395 2557 1464 μνήμη
2579 1433 2594 1456 ,
2638 1394 2713 1456 ὡς
2746 1395 2810 1448 ἂν
2840 1396 2888 1446 εἰ
2922 1394 3102 1460 ἔλεγεν
3133 1411 3146 1423 ·
3185 1393 3302 1452 Τῶν
3333 1389 3721 1459 ἐπιγινομένων

2173 1485 2312 1556 μετά
2331 1485 2428 1556 τὴν
2449 1486 2505 1552 ἐξ
2533 1486 2703 1557 ἀρχῆς
2726 1486 3035 1556 εὐκληρίαν,
3058 1485 3126 1539 δι’
3151 1478 3224 1537 ὧν
3245 1486 3301 1536 ἐν
3327 1485 3514 1544 κακοῖς
3537 1481 3722 1548 γέγονε

2171 1577 2230 1630 τὸ
2261 1576 2613 1648 ἀνθρώπινον,
2647 1576 2911 1646 ἐξαλείψει
2945 1577 3042 1645 τὴν
3073 1577 3291 1646 μνήμην
3318 1574 3387 1626 τὰ
3425 1573 3592 1627 πάλαι
3617 1573 3722 1634 τοῖς

2172 1667 2416 1737 ἐσχάτοις
2463 1668 2832 1736 ἐπιγινόμενα.
2867 1668 2980 1720 Οὐκ
3020 1667 3170 1720 ἔσται
3195 1666 3302 1736 γάρ
3331 1665 3510 1722 αὐτῶν
3542 1665 3720 1734 μνήμη

2178 1759 2314 1828 μετά
2356 1759 2462 1812 τῶν
2495 1760 2795 1828 γενομένων
2824 1762 2902 1823 εἰς
2940 1760 3039 1830 τὴν
3070 1760 3306 1829 ἐσχάτην
3331 1775 3343 1786 ·
3386 1757 3719 1825 τουτέστι·ι,ἠ

514 1843 830 1900 novissimo.
855 1841 975 1897 Hoc
1003 1853 1086 1900 est
1111 1863 1124 1898 :
1158 1843 1382 1898 ultimus
1413 1852 1590 1899 status
1623 1843 1848 1898 omnino
1870 1845 2068 1900 delebit

2180 1851 2366 1919 ἐσχάτη
2392 1851 2719 1912 κατάστασις
2768 1850 3070 1919 ἀφανισμὸν
3104 1849 3338 1917 παντελῆ
3367 1848 3465 1918 τῆς
3491 1847 3600 1899 τῶν
3625 1864 3722 1900 κα-

518 1941 726 1988 naturae
752 1935 1019 1988 malorum
1062 1937 1403 2002 memoriam,
1435 1937 1491 1988 in
1522 1935 1741 1991 Christo
1767 1936 1927 2001 Jesu,
1982 1937 2067 1992 cui

513 2025 685 2096 gloria
722 2034 775 2079 et
804 2027 1044 2094 potentia
1070 2027 1124 2081 in
1162 2029 1359 2081 saecula
1389 2027 1729 2082 saeculorum.

586 2117 778 2172 Amen.

1101 2229 1387 2284 llOMlLlA
1423 2229 1486 2284 ll.

590 2339 609 2371 ι
655 2318 786 2390 Ego,
827 2339 846 2372 ι
878 2319 1072 2388 inquit.
1109 2338 1126 2369 ι
1155 2317 1535 2374 Ecclesiastes.
1579 2338 1598 2370 ι
1644 2318 1942 2372 Didicimus
1975 2332 2073 2370 au-

517 2419 625 2464 tem
654 2413 908 2481 quisnam
936 2411 1008 2466 sit
1039 2410 1420 2476 Ecclesiastes,
1450 2411 1547 2481 qui
1578 2427 1698 2480 quae
1735 2419 1864 2464 sunt
1913 2410 2074 2463 aber-

517 2505 696 2557 rantia
751 2511 802 2558 et
833 2502 1117 2571 dispersa,
1159 2501 1214 2555 in
1266 2517 1435 2554 unum
1497 2501 1724 2572 colligit.
1787 2513 1841 2556 et
1893 2501 2074 2554 omnia

520 2610 686 2648 unum
719 2609 932 2664 gregem
963 2593 1146 2658 efﬁcit,
1192 2601 1251 2645 ut
1282 2592 1418 2646 nihil
1451 2593 1523 2646 sit
1555 2593 1698 2661 quod
1734 2607 1841 2646 non
1893 2592 2077 2645 audiat

521 2683 800 2753 pulchram
867 2681 1103 2751 pastoris
1162 2695 1378 2745 vocem,
1415 2696 1537 2751 qua:
1579 2681 1820 2736 viviﬁcat
1871 2683 2073 2736 omnia.

523 2793 544 2824 ι
590 2772 764 2828 Verba
795 2773 959 2836 enim,
999 2791 1018 2824 ι
1046 2772 1240 2841 inquit,
1273 2790 1294 2824 ι
1325 2787 1446 2841 quae
1477 2787 1576 2842 ego
1604 2773 1818 2841 loquor,
1853 2772 2076 2840 spiritus

519 2870 650 2916 sunt
687 2869 741 2917 et
771 2862 880 2916 vita
904 2861 970 2916 “.
1007 2882 1026 2914 ι
1061 2861 1113 2918 ls
1138 2864 1377 2932 seipsum
1410 2864 1652 2917 nominat
1683 2861 2074 2926 Ecclesiasten,

521 2965 582 3008 ut
611 2953 900 3018 medicum,
922 2962 977 3008 et
997 2955 1182 3017 vitam,
1206 2963 1260 3008 et
1289 2954 1772 3017 resurrectionem,
1801 2964 1854 3008 et
1877 2954 2075 3016 lucem,

521 3052 578 3100 et
608 3045 770 3108 viam,
798 3051 853 3099 et
884 3043 1110 3108 ostium,
1144 3055 1196 3100 et
1224 3046 1531 3107 veritatem,
1560 3053 1614 3099 et
1643 3045 1826 3100 omnia
1857 3047 2077 3099 nomina

2171 1941 2282 1994 κῶν
2309 1943 2524 2011 μνήμης
2555 1942 2774 2010 ἐποίησε
2804 1942 2901 2010 τῆς
2930 1941 3160 2009 φύσεως,
3188 1943 3244 1992 ὲν
3278 1938 3497 2010 Χριστῶ
3531 1938 3718 2007 Ἰησοῦ,

2169 2025 2214 2098 ᾧ
2243 2034 2275 2101 ἡ
2304 2031 2428 2096 δόξα
2451 2034 2541 2086 καὶ
2569 2033 2628 2084 τὸ
2647 2036 2853 2105 ,κράτος
2877 2035 2957 2094 εἰς
2983 2034 3106 2095 τοὺς
3135 2032 3330 2094 αἰῶνας
3351 2031 3460 2083 τῶν
3487 2029 3714 2090 αἰώνων,

2187 2125 2381 2193 Ἀμήν.

2761 2214 2997 2268 ΟΜΙΛΙΑ
3037 2215 3110 2269 B’.

2248 2325 2269 2357 ι
2306 2306 2466 2374 Ἐγὼ,
2492 2325 2510 2357 ι
2528 2307 2710 2375 φησὶν,
2730 2325 2748 2358 t
2772 2309 2801 2360 6
2826 2306 3270 2376 Ἐκκλησιαστής.
3293 2324 3312 2356 ι
3333 2302 3726 2374 Ἑμάθομενδὲι

2173 2396 2254 2459 τίς
2286 2399 2315 2449 6
2353 2395 2798 2468 Ἐκκλησιαστὴς,
2829 2400 2856 2450 6
2886 2399 2955 2450 τὰ
2989 2395 3373 2468 πεπλανημένα
3411 2412 3469 2447 τε
3499 2397 3593 2446 καὶ
3619 2393 3719 2444 διε-

2175 2489 2546 2561 σκορπισμένα
2574 2490 2887 2559 συναγαγὼν
2912 2493 2991 2554 εἰς
3026 2493 3104 2553 ἓν,
3135 2491 3226 2543 καὶ
3259 2489 3425 2544 ποιῶν
3455 2490 3525 2542 τὰ
3557 2491 3723 2544 πάντα

2179 2581 2304 2651 μίαν
2335 2582 2587 2653 ποίμνην,
2623 2583 2708 2636 ἵνα
2745 2583 2907 2653 μηδὲν
2955 2585 3181 2654 ἀνήκοον
3288 2583 3385 2652 τῆς
3428 2582 3596 2652 καλῆς
3638 2582 3721 2633 τοῦ

2175 2674 2426 2744 ποιμένος
2474 2677 2656 2746 φωνῆς
2701 2676 2800 2746 τῆς
2842 2676 2909 2729 τά
2942 2677 3118 2730 πάντα
3164 2675 3548 2744 ζωοποιούσης.
3605 2694 3622 2724 ι
3651 2675 3724 2726 Τὰ

2175 2766 2282 2835 γὰρ
2306 2768 2542 2837 ῥήματα,
2567 2785 2586 2819 ι
2607 2767 2788 2836 φησὶν,
2807 2766 2879 2821 (νᾶ
2894 2766 3004 2834 ἐγὼ
3036 2766 3199 2828 λαλῶ,
3235 2765 3450 2836 πνεῦμά
3476 2767 3611 2826 ἐστι,
3640 2767 3725 2816 καὶ

2177 2858 2290 2928 ζωή
2322 2860 2488 2915 ἐστιν.
2520 2878 2539 2910 ι
2588 2855 2753 2923 Οὗτος
2779 2858 3030 2930 ὀνομάζει
3059 2859 3247 2912 ἑαυτὸν
3287 2857 3726 2928 Ἐκκλησιαστήν,

2175 2951 2250 3014 ὡς
2285 2951 2486 3022 ἰατρὸν,
2526 2951 2620 3004 καὶ
2657 2951 2820 3022 ζωὴν,
2859 2951 2953 3004 καὶ
2999 2952 3308 3015 ἀνάστασιν,
3343 2951 3439 3006 καὶ
3468 2951 3601 3018 φῶς,
3641 2952 3726 3001 καὶ

2176 3040 2312 3104 ὁδὸν,
2347 3040 2514 3110 θύραν
2558 3058 2646 3102 τε,
2688 3040 2782 3094 καὶ
2825 3041 3112 3110 ἀλήθειαν,
3161 3041 3252 3093 καὶ
3303 3040 3475 3093 πάντα
3526 3039 3592 3091 τὰ
3636 3038 3727 3106 τῆς

522 3135 882 3190 humanitatis
908 3142 963 3190 et
988 3135 1374 3192 benevolentia:
1396 3138 1449 3190 in
1495 3137 1760 3191 homines.
1795 3136 2077 3202 Quomodo

2182 3131 2585 3202 φιλανθρωπίας
2614 3132 2870 3201 ὀνόματα.
2919 3132 3129 3200 ’Ἱῐσπερ
3157 3127 3248 3185 οὖν
3290 3129 3382 3190 τοῦ
3421 3130 3521 3200 μὲν
3555 3128 3726 3198 ἰατροῦ

520 3225 880 3297 ergomedici
931 3226 1151 3297 quidem
1196 3243 1299 3282 vox
1336 3228 1588 3282 convenit
1645 3227 2072 3298 mgrotautibus:

521 3315 759 3373 Verbum
794 3325 975 3374 autem
1031 3318 1153 3372 vita:
1213 3319 1268 3372 in
1301 3319 1531 3374 mortuis
1589 3328 1674 3373 est
1727 3317 1938 3381 ellicax,
1982 3318 2076 3388 qui

522 3410 742 3479 quando
780 3408 1057 3464 audierint
1087 3424 1273 3464 vocem
1297 3408 1416 3463 Filii
1457 3410 1714 3474 hominis,
1750 3411 1804 3465 in
1851 3410 2078 3479 pristina

525 3485 855 3555 mortalitate
882 3515 990 3554 non
1019 3500 1250 3569 amplius
1274 3511 1555 3556 remanent
1580 3520 1594 3568 ;
1619 3503 1713 3571 qui
1745 3512 1923 3557 autem
1951 3511 2080 3558 sunt

527 3592 583 3646 in
618 3592 879 3662 sepulcris
903 3599 1154 3661 quaerunt
1181 3607 1365 3646 vocem
1395 3594 1830 3655 resurrectionis.
1863 3603 1916 3650 et
1943 3596 2079 3650 lucis

526 3683 671 3737 ratio
704 3684 959 3738 convenit
989 3683 1056 3738 iis
1108 3683 1201 3753 qui
1257 3694 1386 3736 sunt
1422 3685 1722 3747 obscurati,
1783 3692 1837 3739 et
1871 3687 1954 3740 via
1997 3694 2082 3741 est

526 3775 674 3830 laevis
711 3789 776 3829 ac
803 3773 962 3843 plana
991 3773 1060 3830 iis
1086 3774 1179 3843 qui
1213 3774 1620 3838 aberraverunt,
1677 3783 1732 3828 et
1765 3777 1966 3831 ostium
2005 3778 2074 3830 iis

527 3863 726 3933 quibus
755 3877 894 3932 Opus
925 3869 1030 3925 est,
1062 3869 1118 3915 ut
1144 3863 1384 3917 intrent:
1421 3864 1493 3917 ita
1528 3863 1886 3921 Ecclesiastes
1906 3866 2082 3920 omni-

529 3969 600 4008 no
628 3954 848 4008 disserit
875 3969 998 4008 cum
1033 3953 1102 4009 iis
1129 3954 1221 4023 qui
1250 3963 1376 4008 sunt
1403 3954 1456 4009 in
1489 3954 1753 4011 Ecclesia.
1781 3954 1891 4012 Nos
1915 3958 2082 4027 igitur

528 4045 823 4116 alloquitur
844 4044 1220 4100 Ecclesiastes.
1261 4044 1560 4101 Audiamus
1605 4047 1789 4118 itaque
1835 4064 1936 4104 nos
1963 4049 2082 4118 ejus

528 4135 714 4200 verba,
763 4136 856 4206 qui
925 4151 1117 4191 sumus
1173 4135 1433 4193 Ecclesia.
1483 4137 1636 4192 Sicut
1687 4140 1831 4194 enim
1883 4141 2083 4196 chorus

532 4227 729 4298 aspicit
760 4228 828 4282 ad
858 4229 1224 4299 coryphaeum,
1267 4245 1458 4301 nempe
1497 4245 1654 4285 suum
1690 4231 1993 4296 ductorem,
2029 4243 2084 4289 et

532 4327 712 4374 nauta
739 4318 804 4372 ad
837 4319 1278 4388 gubernatorem,
1316 4329 1370 4375 et
1400 4322 1546 4375 acies
1580 4321 1647 4376 ad
1681 4323 2079 4392 imperatorem,

533 4411 607 4464 ita
629 4407 890 4474 etiamfad
917 4408 1174 4465 Ecclesia
1208 4411 1398 4465 ducem
1453 4412 1513 4474 ii,
1544 4412 1636 4481 qui
1671 4422 1800 4467 sunt
1838 4415 1891 4467 in
1939 4425 2083 4469 ctetu

2183 3224 2216 3293 ή
2247 3224 2396 3294 φωνή
2429 3223 2562 3294 πρὸς
2589 3224 2714 3286 τοὺς
2737 3222 3092 3286 ἀσθενοῦντας
3113 3223 3324 3286 οἰκείως
3349 3221 3481 3291 ἔχει,
3506 3223 3534 3273 6
3561 3221 3616 3272 δὲ
3638 3220 3726 3288 τῆς

2183 3314 2329 3385 ζωῆς
2359 3315 2529 3382 Λόγος
2561 3316 2651 3367 ἐπὶ
2680 3314 2787 3368 τῶν
2830 3313 3036 3386 νεκρῶν
3066 3315 3283 3384 ἐνεργὸς
3337 3312 3546 3381 γίνεται
3565 3355 3579 3376 ,
3627 3312 3727 3366 τῶν

2183 3407 2310 3460 ὃταν
2356 3405 2625 3460 ἀκούσωσι
2653 3405 2752 3474 τῆς
2783 3405 2964 3474 φωνῆς
2995 3404 3087 3457 τοῦ
3122 3403 3249 3457 Υίοῦ
3289 3403 3382 3456 τοῦ
3426 3402 3724 3474 ἀνθρώπου,

2187 3499 2381 3568 μηκέτι
2404 3498 2837 3567 ὲναπομενόντων
2865 3499 2928 3566 τῇ
2958 3497 3157 3568 ἀρχαίᾳ
3182 3495 3463 3565 νεκρότητι
3483 3511 3497 3525 ο
3531 3496 3580 3547 οἰ
3603 3495 3655 3546 δὲ
3677 3497 3726 3547 ὲν

2185 3589 2428 3659 χώμασιν
2471 3589 2641 3652 ὄντες,
2683 3587 2780 3658 τὴν
2822 3588 3003 3658 φωνὴν
3030 3589 3130 3656 τῆς
3161 3587 3505 3649 ἀναστάσεως
3546 3585 3725 3654 ἐπιζη-

2185 3681 2332 3734 τοῦσι
2355 3718 2370 3741 .
2421 3682 2515 3734 καὶ
2567 3679 2596 3730 6
2644 3678 2737 3731 τοῦ
2781 3678 2955 3747 φωτὸς
2995 3678 3150 3746 λόγος
3187 3681 3294 3740 τοῖς
3340 3679 3728 3748 ὲσκοτισμένοις

2185 3771 2506 3842 άρμόδιος,ἦ
2526 3787 2584 3822 τε
2628 3769 2745 3832 ὁδὸς
2783 3773 2895 3832 τοῖς
2934 3768 3362 3840 πεπλανημένοις
3409 3769 3549 3830 λεία,
3584 3771 3670 3821 καὶ
3696 3771 3728 3836 ἡ

2186 3862 2323 3933 θύρα
2351 3863 2462 3924 τοῖς
2494 3861 2587 3914 τοῦ
2632 3861 2890 3914 εἰσελθεῖν
2914 3861 3214 3932 δεομένοις·
3246 3859 3385 3913 οὕτω
3425 3861 3518 3917 καὶ
3543 3864 3572 3912 6
3616 3861 3729 3912 Ἐκ-

2187 3953 2514 4024 κλησιαστὴς
2541 3955 2654 4015 τοῖς
2694 3951 3108 4023 ἐκκλησιάζουσι
3150 3951 3450 4018 διαλέγεται
3504 3952 3729 4012 πάντως.

2187 4042 2392 4097 Οὐκοῦν
2437 4043 2572 4114 πρὸς
2602 4044 2746 4114 ήμᾶς
2777 4042 2928 4095 λαλεῖ
2967 4043 2996 4094 ὁ
3037 4040 3457 4110 Ἐκκλησιαστής
3487 4057 3502 4072 ο
3550 4041 3643 4094 καὶ
3671 4039 3733 4108 δὴ

2187 4136 2503 4206 ἀκούσωμεν
2528 4135 2635 4188 τῶν
2666 4135 2836 4202 λόγων
2858 4132 3019 4187 αὐτοῦ
3045 4135 3205 4205 ἡμεῖς
3227 4134 3260 4203 ἡ
3301 4133 3613 4205 Ἐικλησίι
3651 4133 3736 4193 Ὡς

2187 4227 2292 4296 γὰρ
2318 4227 2346 4278 ὁ
2378 4227 2473 4296 μὲν
2491 4225 2646 4296 χορὸς
2675 4226 2809 4296 πρὸς
2835 4224 2924 4278 τὸν
2951 4226 3238 4295 κορυφαῖον
3263 4225 3382 4294 δρᾷ,
3416 4224 3550 4294 πρὸς
3573 4223 3626 4275 δὲ
3647 4223 3734 4274 τὸν

2188 4317 2523 4388 κυϐερνήτην
2562 4319 2610 4371 οἰ
2652 4316 2878 4378 ναῦται,
2927 4317 3019 4369 καὶ
3061 4315 3194 4386 πρὸς
3237 4316 3324 4367 τὸν
3368 4314 3660 4385 στρατηγὸν
3700 4317 3734 4382 ή

2190 4407 2509 4478 παράταξις,
2537 4406 2683 4462 οὓτω
2701 4407 2792 4460 καὶ
2822 4407 2956 4477 πρὸς
2980 4406 3068 4458 τὸν
3104 4405 3443 4476 καθηγεμόνα
3475 4405 3572 4472 τῆς
3618 4405 3738 4456 Ἐκ-

534 4499 811 4556 Ecclesiae.
845 4498 982 4565 Quid
1015 4516 1147 4571 ergo
1178 4501 1312 4556 dicit
1342 4501 1748 4559 Ecclesiastes?
1787 4525 1805 4557 ι
1843 4504 1955 4575 Ego
1988 4506 2077 4562 Ec-

2189 4499 2435 4570 κλησίας,
2465 4498 2515 4551 οἰ
2547 4499 2604 4551 ὲν
2629 4497 2708 4568 τῷ
2735 4496 3056 4568 πληρώματι
3087 4496 3236 4559 ὅντες
3266 4495 3364 4564 τῆς
3396 4496 3734 4563 Ἐκκλησίας.

534 4591 815 4648 clesiastes
858 4591 936 4645 fui
969 4607 1066 4647 rex
1095 4592 1256 4646 Israel
1318 4594 1372 4646 in
1435 4592 1755 4650 Jerusalem.
1803 4617 1822 4648 ι
1859 4596 2087 4662 Quando

536 4682 790 4736 boc?An
843 4696 955 4736 non
1011 4682 1236 4737 omnino
1269 4684 1486 4753 quando
1525 4683 1624 4739 fuit
1657 4687 1725 4740 ab
1772 4687 1906 4755 ipsis
1997 4704 2086 4744 rex

536 4772 870 4827 constitutus
919 4787 1082 4842 super
1145 4771 1276 4827 Sion
1336 4783 1570 4830 montem
1624 4783 1872 4831 sanctum
1933 4777 2085 4845 ejus,

537 4861 846 4931 praedicans
877 4869 1203 4933 praeceptum
1234 4862 1596 4918 Domini?Cui
1645 4865 1780 4921 dixit
1807 4865 2087 4934 Dominus,

544 4970 564 5003 ι
581 4950 752 5007 Filius
777 4966 930 5007 meus
945 4967 1005 5007 es
1027 4959 1106 5016 tu,
1129 4967 1228 5023 ego
1250 4953 1410 5008 hodie
1428 4955 1588 5024 genui
1608 4965 1659 5010 te
1671 4957 1737 5015 “;
1760 4978 1778 5009 ι
1798 4973 1918 5012 eum
1945 4961 2088 5014 enim

537 5044 631 5113 qui
668 5051 756 5098 est
783 5051 998 5098 creator
1029 5041 1291 5106 universi,
1325 5052 1378 5096 et
1406 5051 1559 5112 pater
1585 5046 1902 5101 saeculorum
1956 5049 2091 5102 dixit

541 5151 601 5190 se
630 5136 788 5191 hodie
813 5136 1087 5206 genuisse,
1121 5143 1183 5188 ut
1210 5149 1308 5203 per
1337 5134 1440 5189 hoc
1472 5137 1614 5205 quod
1673 5141 1898 5209 tempori
1925 5156 2088 5211 gene-

543 5227 793 5292 rationis,
833 5241 1031 5282 nomen
1063 5225 1362 5294 tcmporale
1399 5226 1800 5295 adjecerit,nou
1832 5247 1947 5290 eam
1973 5249 2092 5302 qua:

544 5317 646 5372 fuit
676 5325 802 5372 ante
825 5317 1022 5374 sa-oula
1055 5317 1368 5380 essentiam,
1409 5319 1501 5373 sed
1533 5333 1650 5373 eam
1703 5338 1822 5390 qua:
1881 5325 1980 5378 fuit
2033 5326 2089 5380 in

544 5415 789 5478 tempore
821 5407 889 5461 ad
915 5407 1198 5462 hominum
1229 5407 1477 5472 salutem,
1499 5422 1593 5476 per
1621 5423 1836 5465 carnem
1868 5427 2090 5484 genera-

541 5499 746 5555 tionem
803 5499 1028 5556 verbum
1059 5498 1369 5554 ostenderit.

652 5766 701 5802 “
718 5765 875 5824 Joau.
895 5782 969 5833 vr,
992 5764 1082 5821 65.
1159 5763 1204 5797 “
1226 5761 1370 5819 Psal.
1404 5777 1463 5828 ιι,
1496 5761 1529 5818 6
1559 5777 1686 5832 sqq.

2189 4589 2254 4644 Τί
2292 4586 2385 4643 οὖν
2432 4588 2592 4659 φησὶν
2635 4591 2664 4641 6
2713 4588 3173 4658 Ἐκκλησιαστήςς
3237 4605 3257 4638 ί
3297 4586 3433 4655 Ἐγὼ
3477 4588 3739 4656 ἐγενόμην

2193 4680 2442 4751 βασιλεὺς
2475 4681 2567 4736 ἐπὶ
2599 4680 2893 4750 Ἰσραήλιέν
2933 4679 3306 4752 Ἰερουσαλήμ.
3333 4699 3351 4731 ι
3391 4680 3521 4732 Πότε
3543 4679 3740 4741 τοῦτος

2195 4775 2264 4826 Ἢ
2293 4773 2506 4836 πάντως
2536 4773 2623 4824 ὅτε
2653 4771 2987 4841 κατεστάθην
3022 4771 3266 4841 βασιλεὺς
3295 4770 3384 4824 ὑπ’
3417 4769 3600 4832 αὐτοῦ,
3651 4770 3744 4822 ἐπὶ

2191 4863 2328 4920 Σιὼν
2353 4863 2476 4935 ὅρος
2504 4863 2563 4916 τὸ
2591 4862 2742 4931 ἆγιον
2769 4861 2951 4924 αὐτοῦ,
2983 4861 3309 4931 διαγγέλλων
3333 4861 3393 4914 τὸ
3416 4861 3748 4931 πρόσταγμα

2192 4955 2424 5026 Κυρίου;
2453 4953 2592 5024 Πρὸς
2640 4953 2699 5006 ὃν
2745 4949 2896 5006 εἶπεν
2921 4955 2949 5006 ό
2977 4953 3197 5022 Κύριος,
3229 4953 3311 5006 ὅτι
3361 4971 3378 5004 ι
3405 4951 3528 5013 Υἱός
3556 4968 3667 5021 μου
3697 4945 3750 5003 εἰ

2192 5047 2277 5106 σὺ,
2315 5064 2335 5096 ι
2369 5045 2462 5097 καὶ
2509 5045 2590 5096 ὅτι
2642 5045 2925 5114 «Σήμερον
2968 5043 3268 5114 γεγέννηκά
3311 5058 3394 5094 σε·
3425 5060 3444 5094 ι
3497 5041 3588 5094 τὸν
3637 5041 3747 5111 γάρ

2191 5139 2415 5210 ποιητὴν
2435 5137 2528 5191 τοῦ
2553 5137 2768 5201 παντὸς,
2792 5139 2883 5192 τὸν
2900 5138 3007 5191 τῶν
3027 5136 3232 5192 αἰώνων
3256 5135 3480 5207 πατέρα,
3506 5135 3748 5205 σήμερον

2190 5227 2308 5284 εἰπε
2336 5229 2743 5300 γεγεννηκέναι,
2781 5230 2869 5284 ἵνα
2894 5230 2978 5284 διά
3006 5230 3098 5283 τοῦ
3131 5228 3450 5300 παραθεῖναι
3478 5225 3533 5278 τὸ
3563 5243 3749 5296 χρονι-

2193 5324 2286 5378 κδν
2318 5322 2484 5392 ὄνομα
2509 5319 2585 5391 τῷ
2609 5321 2786 5392 καιρῷ
2813 5321 2911 5391 τῆς
2933 5321 3252 5391 γεννήσεως,
3281 5319 3355 5389 μὴ
3389 5317 3482 5387 τὴν
3505 5316 3750 5386 προαιώ-

2193 5430 2303 5467 νιον
2330 5411 2581 5483 ὓπαρξιν,
2627 5412 2761 5466 ἀλλὰ
2791 5413 2886 5483 τὴν
2930 5413 2988 5464 ὲν
3019 5412 3191 5482 χρόνῳ
3233 5409 3322 5462 ἐπὶ
3356 5407 3596 5478 σωτηρίᾳ
3641 5405 3752 5460 τῶν

2195 5503 2498 5576 ἀνθρώπων
2609 5504 2696 5559 διά
2761 5504 2958 5575 σαρκὸς
3013 5503 3261 5573 γέννησιν
3329 5500 3657 5572 παραστήσῃ
3723 5497 3751 5550 ὁ

2199 5590 2368 5662 λόγος.
