3986 6520
163 3340 217 3443 ιι
224 3338 304 3439 ἢν]

355 411 453 465 ξω

1433 418 1498 473 ΙΝ
1538 414 2065 475 ECCLESIASTEN.
2096 410 2368 469 HOMILIA
2414 409 2478 462 ll.

3475 414 3579 473 638

424 522 607 575 Ταῦτα
633 517 723 576 οὖν
759 527 786 577 6
814 526 1060 596 ἀληθινὸς
1103 530 1526 601 Ἐκκλησιαστὴς
1556 531 1905 602 διεξέρχεται,

2084 527 2208 581 llaec
2235 542 2362 596 ergo
2384 525 2727 595 persequitur
2752 539 2911 578 verus
2935 523 3314 591 Ecclesiastes,
3347 529 3577 597 docens,

350 611 631 676 διδάσκων,
663 612 834 684 οἶμαι,
882 617 941 668 :6
978 618 1119 686 μέγα
1164 620 1259 690 τῆς
1292 622 1567 687 εὐσεϐείας
1600 625 1912 694 μυστήριον,

351 702 469 754 ὅτου
492 704 648 772 χάριν
672 706 728 755 ἐν
757 723 819 757 σα
829 708 915 775 ρκὶ
936 706 964 757 ὁ
985 706 1113 768 Θεὸς
1142 710 1479 783 ἐφανερώθη.
1520 732 1537 762 ι
1555 714 1766 766 Ἔδωκα
1783 711 1912 782 γὰρ,

351 793 500 861 φησὶ,
535 793 631 862 τὴν
666 796 890 865 καρδίαν
926 814 1025 866 μου
1058 798 1151 850 τοῦ
1181 800 1479 871 ἐκζητῆσαι
1505 804 1596 855 καὶ
1629 803 1721 856 τοῦ
1751 822 1915 856 κατα·

351 884 648 953 σκέψασθαι
678 886 735 938 ἐν
764 889 925 959 σοφίᾳ
949 890 1076 960 περὶ
1106 890 1320 944 πάντων
1347 893 1452 945 τῶν
1483 896 1787 966 γενομένων
1807 894 1914 947 ὐπὸ

350 975 438 1029 τὸν
480 976 723 1049 οὐρανόν.
758 998 777 1031 ο
828 979 972 1052 Αὕτη
1024 983 1058 1054 ὴ
1111 982 1256 1036 αἰτία
1307 983 1399 1036 τοῦ
1454 986 1783 1057 ἐπιδημῆσαι
1826 988 1913 1041 διὰ

350 1068 548 1137 σαρκὸς
594 1072 704 1133 τοῖς
752 1071 1054 1143 ἀνθρώποις
1086 1073 1176 1126 τὸν
1206 1072 1406 1144 Κύριον
1432 1117 1447 1143 ,
1504 1076 1563 1129 τὸ
1604 1077 1783 1130 δοῦναι
1816 1077 1913 1147 τὴν

350 1158 572 1229 καρδίαν
599 1160 767 1214 αὐτοῦ
799 1164 878 1227 εἰς
906 1162 968 1216 :6
995 1165 1392 1235 ἐπισκέψασθαι
1421 1168 1476 1218 ἐν
1500 1170 1565 1239 τῇ
1595 1168 1754 1238 σοφίᾳ
1783 1169 1910 1221 ἐαυ-

345 1248 438 1301 τοῦ
471 1251 599 1320 περὶ
625 1250 733 1313 τῶν
777 1252 880 1307 ὑπὸ
908 1254 999 1307 τὸν
1044 1256 1272 1326 οὐρανὸν
1320 1258 1642 1328 γενομένων.
1697 1260 1775 1312 Τὰ
1803 1260 1910 1330 γὰρ

347 1340 486 1410 ὑπὲρ
510 1341 600 1394 τὸν
633 1344 858 1413 οὐρανὸν
885 1346 984 1399 οὐκ
1009 1346 1177 1401 ἐδεῖτο
1202 1347 1295 1401 τοῦ
1327 1349 1808 1419 ἐπισκεπτομένου,
1836 1351 1910 1415 ὼς

344 1431 465 1483 οὐδὲ
510 1430 602 1484 τοῦ
638 1433 974 1504 ἰατρεύοντος
1015 1436 1076 1489 :6
1113 1437 1187 1507 μὴ
1224 1441 1291 1508 τῇ
1337 1438 1475 1507 νόσῳ
1505 1440 1870 1510 κρατούμενον
1893 1459 1906 1471 ·

344 1522 465 1574 ἐπεὶ
498 1520 591 1577 οὖν
620 1526 747 1595 περὶ
775 1526 877 1595 γῆν
910 1525 978 1580 τά
1014 1529 1177 1581 κακά.
1223 1529 1296 1581 Τὸ
1325 1528 1433 1600 γὰρ
1464 1531 1785 1600 ἐρπυστικὸν
1816 1534 1910 1584 καὶ

345 1604 517 1683 βίαιον
550 1613 735 1686 θηρίον
773 1617 801 1668 6
849 1616 971 1687 ὄφις
1017 1618 1109 1670 ἐπὶ
1152 1619 1229 1689 τῷ
1281 1619 1467 1689 στήθει
1499 1621 1591 1672 καὶ
1622 1623 1688 1693 τῇ
1734 1622 1909 1693 κοιλία

345 1702 659 1774 συρόμενος,
704 1704 899 1777 βρῶμα
947 1710 1178 1761 ποιεῖται
1205 1708 1302 1779 τὴν
1332 1710 1453 1779 γῆν,
1487 1710 1637 1762 οὐδὲν
1668 1710 1774 1763 τῶν
1816 1712 1906 1763 οὐ·

347 1794 542 1862 ρανίων
569 1795 900 1866 σιτούμενος,
928 1797 1039 1851 ἀλλ’
1069 1801 1125 1851 ἐν
1146 1799 1222 1870 τῷ
1248 1800 1567 1870 πατουμένῳ
1593 1802 1907 1872 συρόμενος,

2019 629 2075 672 ut
2114 619 2369 682 arbitror,
2430 633 2683 685 magnum
2731 618 2949 686 pietatis
3011 621 3351 689 mysterium,
3384 639 3576 695 nempe
3620 637 3624 641 ‘

2015 725 2253 779 quanam
2287 709 2353 762 de
2380 723 2545 762 causa
2600 706 2741 761 Deus
2779 710 2829 762 in
2863 725 3028 765 carne
3068 712 3139 765 sit
3172 713 3571 771 manilestatus.

2020 820 2039 852 ι
2089 801 2239 863 Dedi,
2284 820 2301 852 ι
2344 800 2540 869 inquit,
2596 819 2614 850 ι
2676 816 2770 853 cor
2820 817 2997 855 meum
3052 812 3111 856 ut
3166 818 3461 873 quaererem
3520 817 3573 863 et

2014 893 2399 964 investigarem
2429 894 2484 947 in
2517 894 2783 962 sapientia
2827 894 2895 948 de
2948 895 3204 950 omnibus
3257 912 3377 967 qua:
3432 898 3572 955 facta

2013 992 2141 1039 sunt
2161 983 2265 1038 sub
2298 984 2431 1037 sole.
2478 1001 2496 1034 ι
2559 982 2682 1037 Haec
2718 991 2804 1038 est
2863 998 3029 1039 causa
3063 1000 3163 1039 cur
3202 985 3463 1043 Dominus
3517 991 3570 1043 in

2012 1089 2178 1129 carne
2204 1074 2271 1129 ad
2306 1073 2555 1129 homines
2584 1073 2886 1139 advenerit,
2927 1085 2981 1129 et
3027 1076 3168 1130 inter
3197 1092 3293 1131 eos
3348 1079 3420 1133 sit
3451 1096 3571 1134 ver-

2012 1174 2184 1230 satus,
2210 1180 2403 1236 nempe
2434 1172 2494 1219 ut
2527 1165 2681 1220 daret
2710 1180 2806 1220 cor
2836 1181 2993 1221 suum
3017 1167 3085 1220 ad
3114 1169 3568 1224 considerandum

2012 1258 2064 1311 in
2095 1256 2357 1325 sapientia
2389 1271 2509 1320 sua,
2548 1256 2617 1310 de
2648 1256 2904 1311 omnibus
2929 1272 3049 1326 quae
3105 1257 3245 1311 facta
3307 1268 3434 1313 sunt
3467 1261 3569 1315 sub

2011 1348 2170 1402 caelo.
2197 1346 2330 1400 Nam
2360 1362 2482 1417 quae
2510 1355 2637 1402 sunt
2675 1363 2838 1417 super
2866 1348 3085 1410 coelum,
3115 1364 3225 1401 non
3250 1364 3384 1419 opus
3407 1351 3571 1406 habe-

2011 1439 2142 1493 bant
2170 1438 2355 1508 aliquo
2388 1438 2483 1511 qui
2520 1437 2841 1508 inquireret,
2879 1454 3053 1509 neque
3086 1454 3149 1494 eo
3195 1442 3288 1510 qui
3325 1442 3569 1496 medere—

2010 1537 2101 1583 tur
2134 1530 2185 1584 id
2212 1530 2356 1599 quod
2384 1529 2573 1584 morbo
2604 1546 2712 1584 non
2763 1529 3065 1584 laborabat.
3123 1529 3387 1596 Quoniam
3440 1549 3570 1603 ergo

2012 1620 2066 1674 in
2102 1628 2247 1674 terra
2274 1625 2403 1674 sunt
2434 1619 2574 1671 mala
2602 1636 2617 1684 ;
2657 1620 2869 1689 reptilis
2890 1620 3033 1672 enim
3056 1628 3110 1674 et
3134 1621 3368 1676 violenta
3396 1622 3568 1677 bestia

2011 1728 2271 1782 serpens,
2312 1728 2432 1782 quae
2480 1712 2721 1781 rependo
2774 1712 3019 1782 graditur
3052 1728 3216 1783 supra
3275 1722 3466 1783 pectus
3516 1723 3572 1771 et

2010 1812 2274 1862 ventrem.
2307 1814 2507 1858 terram
2539 1803 2796 1866 comedit,
2842 1812 2895 1857 et
2926 1805 3073 1858 nulla
3106 1820 3163 1858 re
3223 1820 3448 1861 vescens
3501 1823 3568 1862 ex

344 1883 479 1954 πρὸς
507 1886 567 1937 τὸ
600 1886 937 1959 πατούμενον
981 1889 1067 1942 ἀεί¹
1099 1889 1308 1959 βλέπει,
1334 1891 1515 1961 τηρῶν
1546 1892 1643 1963 τὴν
1677 1894 1905 1964 πτέρναν

2010 1896 2325 1950 οωιεεῐίὺυε
2351 1896 2421 1959 ⁸⁵,
2459 1895 2554 1951 sed
2585 1902 2805 1965 reptans
2843 1896 2896 1949 in
2933 1912 2997 1949 eo
3025 1895 3167 1966 quod
3200 1898 3460 1960 calcatur,
3501 1899 3567 1952 ad

340 1976 437 2044 τῆς
471 1976 814 2049 ἀνθρωπίνης
857 1980 1101 2052 πορείας,
1136 1982 1225 2034 καὶ
1258 1981 1347 2034 τὸν
1379 1982 1455 2035 ἰὸν
1496 1983 1657 2047 ἐνιεὶς
1683 1985 1910 2047 ἐκείνοις

340 2067 453 2128 τοῖς
471 2065 568 2137 τὴν
590 2066 835 2131 ἐξουσίαν
862 2068 954 2121 τοῦ
981 2072 1168 2122 πατεῖν
1191 2071 1373 2124 ἐπάνω
1391 2071 1566 2142 ὄφεων
1591 2074 1905 2129 ἀπολέσασι.

340 2158 439 2210 Διὰ
486 2159 640 2213 τοῦτο
672 2159 839 2214 ἔδωκε
870 2162 968 2231 τὴν
994 2162 1219 2232 καρδίαν
1257 2162 1420 2216 αὐτοῦ
1475 2164 1771 2235 ἐκζητῆσαι
1818 2167 1909 2219 καὶ

342 2250 785 2321 κατασκέψασθαι
819 2252 947 2323 περὶ
980 2253 1198 2307 πάντων
1226 2254 1334 2307 τῶν
1360 2256 1663 2325 γενομένων
1694 2257 1797 2310 ὑπὸ
1819 2259 1909 2311 τὸν

338 2344 584 2415 οὐρανόν.
646 2345 732 2397 Ἐν
763 2345 871 2416 γὰρ
902 2348 1012 2409 τοῖς
1044 2348 1298 2421 ὑπεράνω
1337 2347 1441 2400 τῶν
1484 2349 1725 2418 οὐρανῶν
1773 2351 1907 2403 ἀτα-

339 2439 598 2490 πείνωτον
631 2436 814 2506 βλέπει
847 2438 944 2508 τὴν
977 2437 1124 2491 θείαν
1174 2439 1645 2510 μεγαλοπρέπειαν
1694 2443 1723 2494 ὁ
1768 2442 1909 2512 Προ-

339 2528 515 2599 φήτης
559 2528 728 2596 λέγων
755 2568 771 2591 ,
826 2528 1195 2601 ὅτι‹Ἐπήρθη
1241 2531 1274 2601 ἡ
1330 2530 1767 2601 μεγαλοπρέπειά
1812 2549 1905 2585 σου

338 2620 594 2691 ὑπεράνω
640 2620 748 2673 τῶν
795 2621 1036 2692 οὐρανῶν
1073 2640 1084 2652 ο
1107 2623 1327 2694 »ἐπειδὴ
1363 2624 1453 2676 καὶ
1498 2622 1558 2677 :6
1588 2625 1907 2695 ἐπουράνιον

338 2712 505 2783 μέρος
545 2713 631 2766 διά
657 2714 756 2784 τῆς
784 2715 980 2778 κακίας
1015 2716 1372 2787 ἐταπεινώθη.
1428 2716 1583 2771 υῦτω
1606 2718 1713 2789 γάρ
1743 2734 1906 2789 φησιν

334 2807 365 2857 6
399 2804 718 2877 Ψαλμῳδδς,
749 2807 829 2859 ὅτι
860 2806 947 2859 διὰ
978 2808 1074 2867 τὰς
1101 2809 1373 2879 ἁμαρτίας
1404 2810 1581 2862 αὐτῶν
1609 2811 1905 2864 ἐταπεινώ-

335 2894 527 2964 θησαν.
563 2894 732 2949 Τοῦτο
758 2892 919 2967 ἦλθεν
958 2899 986 2949 6
1026 2898 1457 2971 Ἐκκλησιαστὴς
1486 2900 1901 2971 ἐπισκέψασθαι,

333 2985 387 3038 τί
419 2985 640 3055 γέγονεν
675 2988 778 3041 ὑπὸ
802 2988 891 3041 τὸν
919 2989 1162 3059 οὐρανὸν,
1194 2990 1221 3042 ὅ
1258 2991 1332 3061 μὴ
1364 2991 1624 3062 πρότερον
1655 2988 1722 3062 ἦν
1744 3010 1757 3025 ·
1790 2993 1906 3057 πῶς

332 3076 639 3148 εἰσῆλθενή
672 3079 965 3149 ματαιότης
986 3118 1001 3144 ,
1052 3079 1166 3142 πῶς
1200 3080 1541 3151 ἐπεκράτησε
1571 3080 1630 3134 :6
1662 3081 1905 3154 ἀνύπαρ-

254 3235 267 3257 ῒ
332 3184 482 3231 κτον,
515 3168 600 3233 τίς
627 3170 659 3243 ἡ
688 3169 974 3223 δυναστεία
1021 3171 1115 3224 τοῦ
1170 3172 1243 3242 μὴ
1294 3172 1644 3243 ὑπάρχοντος.
1693 3173 1766 3226 T6
1793 3173 1902 3244 γὰρ
1932 3216 1973 3275 C

268 3268 281 3297 ι
331 3260 502 3315 κακὸν
549 3262 933 3327 ἀνυπόστατον,
966 3265 1047 3317 ὅτι
1087 3266 1151 3321 ἐκ
1200 3264 1417 3336 τούᾼμὴ
1463 3265 1614 3336 ὄντος
1645 3265 1741 3336 τὴν
1772 3267 1905 3319 ὑπό-

332 3368 523 3405 στασιν
548 3352 658 3423 ἔχει
674 3371 689 3385 ⁸
718 3354 778 3407 :6
801 3354 856 3410 δὲ
881 3322 944 3408 ἐκ
967 3340 1234 3426 τοῐὶῥντος
1478 3322 1610 3410 οὐδῖ
1628 3322 1741 3411 ἐίττι
1776 3359 1905 3411 πάν-

327 3466 439 3512 τως
471 3449 610 3503 κατὰ
635 3447 732 3519 τὴν
765 3450 897 3502 ἰδίαν
922 3425 1081 3519 φύσιν
1103 3466 1119 3482 ο
1149 3425 1443 3522 ἀλλ”
1462 3451 1568 3505 τῶν
1589 3455 1655 3525 τῇ
1683 3453 1903 3522 ματαιό-

326 3556 454 3609 τητι
480 3538 849 3609 ὁμοιωθέντων
882 3542 1173 3612 ἐπικρατεῖ
1207 3541 1527 3611 ματαιότης.

2012 1988 2063 2042 id
2095 2003 2307 2057 semper
2339 1988 2537 2056 aspicit
2570 1987 2716 2056 quod
2756 1988 3024 2049 Calcatur,
3062 1987 3357 2043 observans
3390 1990 3570 2043 calca--

2010 2095 2170 2134 neum
2200 2095 2419 2150 gressus
2468 2078 2727 2142 hominis,
2792 2095 3058 2134 venenum
3116 2080 3412 2136 immittens
3462 2083 3568 2136 illis

2009 2170 2101 2238 qui
2133 2172 2439 2224 amiserunt
2466 2178 2785 2240 potestatem
2808 2172 3053 2225 calcandi
3083 2183 3566 2242 superserpentes;

2010 2272 2290 2331 propterea
2322 2262 2471 2316 dedit
2505 2276 2602 2317 cor
2631 2278 2790 2316 suum
2815 2263 2881 2316 ad
2915 2263 3299 2332 inquirendum
3346 2276 3399 2320 et
3437 2280 3570 2318 con-

2011 2350 2362 2405 siderandum
2392 2350 2461 2405 de
2494 2351 2750 2405 omnibus
2783 2367 2905 2420 qua:
2928 2351 3071 2405 facta
3101 2360 3228 2407 sunt
3267 2354 3370 2408 sub
3407 2356 3567 2410 c0310.

2008 2445 2066 2499 In
2104 2444 2173 2499 iis
2202 2444 2344 2499 enim
2375 2460 2496 2513 qua:
2535 2454 2664 2499 sunt
2695 2460 2860 2515 supra
2891 2445 3083 2505 caelos.
3127 2447 3351 2501 minime
3383 2449 3567 2517 depri-

2008 2527 2258 2583 mendam
2313 2527 2551 2582 divinam
2602 2528 2749 2583 videt
2789 2529 3245 2598 magniﬁcentiam
3296 2530 3568 2603 Pr0pheta

2006 2619 2194 2675 dicens
2223 2636 2240 2672 :
2273 2638 2291 2669 ι
2330 2619 2544 2674 Elevata
2569 2627 2653 2674 est
2684 2621 3086 2691 magniﬁcentia
3113 2621 3232 2690 ejus
3266 2638 3427 2692 supra
3454 2638 3567 2677 crn-

2006 2710 2165 2766 los".
2212 2729 2229 2761 ι
2262 2708 2718 2780 Quandoquidem
2750 2725 2812 2764 ea
2840 2725 2966 2779 pars
3005 2727 3123 2780 quae
3148 2720 3231 2765 est
3252 2713 3355 2767 sub
3389 2714 3563 2775 caelis,

2006 2802 2261 2870 depressa
2292 2812 2345 2857 et
2401 2803 2612 2872 abjecta
2650 2801 2751 2855 fuit
2785 2818 2881 2871 per
2933 2804 3146 2857 vitium.
3179 2805 3271 2859 Sic
3317 2806 3459 2860 enim
3494 2805 3567 2859 ait

2004 2892 2733 2965 Psalmographus,Propter
2751 2906 2971 2964 peccata
2996 2913 3095 2952 sua
3119 2898 3387 2952 humiliati
3418 2907 3566 2953 sunt.

2005 2986 2086 3040 Ad
2120 2986 2222 3039 hoc
2252 2985 2708 3040 considerandum
2754 2988 2904 3041 venit
2936 2987 3317 3053 Ecclesiastes,
3375 3006 3567 3061 nempe

2004 3076 2261 3146 quidnam
2294 3075 2494 3129 factum
2526 3077 2595 3131 sit
2627 3078 2729 3131 sub
2759 3081 2921 3142 coelo,
2953 3079 3094 3149 quod
3116 3080 3267 3150 prius
3293 3097 3399 3136 non
3426 3090 3565 3147 erat,

2006 3168 2458 3237 quemadmodum
2498 3168 2741 3238 ingressa
2788 3171 2858 3224 sit
2910 3172 3159 3226 vanitas:
3216 3172 3569 3242 quemadmo-

2010 3258 2137 3311 dum
2169 3256 2221 3309 id
2260 3258 2403 3326 quod
2446 3273 2552 3311 non
2588 3268 2672 3313 est
2719 3260 3028 3328 invaluerit,
3086 3276 3338 3332 quaenam
3380 3264 3452 3317 sit
3486 3262 3567 3317 vis

2008 3352 2128 3419 ejus
2163 3350 2307 3418 quod
2337 3364 2447 3404 non
2478 3358 2562 3405 est
2587 3369 2599 3404 :
2640 3351 2839 3406 malum
2862 3352 3005 3406 enim
3035 3368 3143 3407 non
3169 3363 3346 3423 potest
3373 3354 3567 3430 .consi-

2009 3455 2172 3508 stere,
2192 3458 2314 3497 cum
2338 3458 2403 3496 ex
2430 3457 2495 3497 eo
2519 3443 2663 3512 quod
2689 3458 2795 3497 non
2825 3444 3139 3507 est,habeat
3166 3446 3524 3500 substantiam
3549 3465 3561 3499 :

2010 3538 2151 3609 quod
2180 3544 2359 3591 autem
2397 3550 2503 3590 non
2534 3544 2617 3592 est
2669 3552 2734 3591 ex
2768 3551 2833 3591 eo
2897 3536 3044 3607 quod
3075 3548 3179 3603 est,
3224 3554 3289 3592 ne
3342 3539 3564 3593 omnino

327 3630 549 3701 quidem
586 3638 669 3686 est
706 3632 1003 3686 secundum
1037 3647 1191 3687 suam
1225 3642 1514 3699 naturam;
1544 3641 1599 3688 et
1629 3646 1808 3688 tamen
1840 3634 1894 3687 in
1926 3647 1990 3689 ea
2018 3645 2140 3703 qua:
2179 3636 2310 3684 sunt
2340 3628 2569 3683 vanitati
2600 3629 2927 3695 assimilata,
3006 3631 3344 3686 dominatum
3416 3635 3560 3686 01)ιί-

329 3728 426 3778 net
456 3721 688 3775 vanitas.

352 3816 365 3830 '
400 3812 606 3869 *Ηλθεν
630 3809 723 3866 οὖν
764 3811 1061 3882 ἐκζητῆσαι
1091 3812 1157 3881 τῇ
1190 3809 1380 3863 ἐαυτοῦ
1410 3809 1570 3881 σοφίᾳ
1599 3810 1651 3862 τί
1682 3810 1902 3879 γέγονεν

329 3908 438 3963 ὑπὸ
465 3907 557 3960 τὸν
584 3906 755 3974 ἥλιον,
785 3905 869 3967 τίς
899 3905 932 3974 ἡ
962 3902 1219 3972 σύγχυσις
1251 3902 1358 3955 τῶν
1386 3903 1511 3973 τῇδε
1540 3903 1900 3975 πραγμάτων,

327 3998 448 4063 πῶς
472 3997 739 4067 ἐδουλώθη
762 3996 824 4049 τὸ
841 3996 901 4049 ὃν
918 3994 994 4064 τῷ
1017 3995 1090 4065 μὴ
1112 3994 1252 4047 δντι·
1291 3994 1405 4057 πῶς
1429 3994 1739 4048 δυναστεύει
1762 3994 1903 4048 κατὰ

325 4090 423 4151 τοῦ
472 4089 624 4151 ὄντος
668 4087 730 4139 τὸ
783 4087 1168 4139 ἀνυπόστατον.
1233 4103 1250 4135 ι
1280 4085 1390 4138 Καὶ
1428 4081 1565 4138 οἶδεν
1612 4086 1692 4138 ὅτι
1743 4101 1899 4152 περι-

328 4182 579 4254 σπασμδν
610 4179 841 4250 πονηρὸν
886 4176 1080 4230 ἔδωκεν
1130 4177 1159 4228 6
1198 4176 1330 4238 Θεὸς
1366 4177 1476 4239 τοῖς
1518 4177 1651 4239 υἱοῖς
1693 4174 1902 4245 ἀνθρώ-

326 4292 471 4340 οπων,
501 4272 594 4326 τοῦ
636 4269 1002 4337 περισπᾶσθαι
1033 4272 1090 4322 ἐν
1119 4268 1288 4338 αὐτῷ.
1331 4286 1349 4319 ι
1398 4266 1568 4320 Τοῦτο
1598 4266 1674 4329 δὲ,
1706 4267 1800 4335 οὐχ
1828 4266 1904 4328 ὡς

326 4368 397 4429 ἄν
421 4384 505 4430 τις
538 4366 603 4418 ἐκ
629 4363 722 4417 τοῦ
760 4362 1048 4433 προχείρου
1080 4361 1314 4432 νοήσειε,
1349 4359 1568 4422 εὐσεϐές
1608 4361 1755 4412 ἐστιν
1793 4360 1901 4411 οἴε-

274 4498 277 4499 ν
329 4460 477 4522 σθαι,
500 4459 581 4511 ὅτι
595 4455 754 4518 αὐτὸς
784 4454 979 4506 ἔδωκεν
995 4455 1022 4505 6
1042 4451 1170 4514 Θεὸς
1190 4450 1280 4503 τὸν
1298 4450 1530 4520 πονηρὸν
1547 4450 1659 4512 τοῖς
1681 4447 1896 4517 ἀνθρώ·

332 4568 456 4614 ποις
487 4546 898 4618 περισπασμόν’
948 4539 985 4615 ἦ
1025 4543 1131 4614 γάρ
1158 4544 1225 4597 ἂν
1258 4545 1336 4606 εἰς
1365 4545 1569 4596 ἐκεῖνον
1607 4545 1640 4614 ἡ
1670 4543 1777 4596 τῶν
1806 4561 1903 4595 κα-

2108 3808 2266 3864 Venit
2311 3826 2441 3881 ergo
2497 3811 2563 3865 ad
2593 3812 2976 3882 inquirendum
3020 3829 3114 3883 per
3148 3829 3301 3869 suam
3335 3817 3551 3886 sapien-

2003 3902 2471 3970 tiam,'quidnam
2538 3901 2742 3958 factum
2797 3905 2868 3959 sit
2926 3905 3030 3959 sub
3092 3906 3242 3960 sole:
3307 3923 3555 3976 quaenam

2002 4008 2183 4047 rerum
2208 4008 2327 4062 quae
2352 3993 2442 4046 hic
2481 4000 2629 4058 sunt,
2667 3993 2738 4048 sit
2782 3992 3052 4059 confusio,
3103 3995 3558 4064 quemadmodum

2001 4084 2055 4139 id
2083 4085 2225 4155 quod
2247 4092 2330 4139 est
2355 4084 2604 4140 eﬁ’ectum
2635 4085 2705 4140 sit
2738 4101 2955 4140 servum
2985 4086 3103 4154 ejus
3127 4087 3273 4157 quod
3304 4103 3410 4142 non
3450 4097 3556 4153 est,

2004 4177 2464 4246 quemadmodum
2504 4176 2559 4231 in
2595 4177 2646 4231 id
2685 4177 2829 4246 quod
2858 4184 2962 4241 est,
2986 4176 3322 4231 dominatum
3350 4179 3561 4236 obtinet

2004 4269 2055 4323 id
2096 4269 2240 4338 quod
2274 4286 2381 4323 non
2412 4278 2590 4340 potest
2621 4270 2939 4325 consistere.
2974 4288 2992 4320 ε
3035 4269 3101 4322 Ει
3132 4273 3386 4341 cognovit
3413 4272 3561 4341 quod

2004 4362 2201 4414 malam
2257 4363 2668 4416 distractionem
2713 4361 2861 4415 dedit
2907 4361 3049 4416 Deus
3088 4362 3211 4417 ﬁliis
3254 4362 3557 4428 hominum,

2005 4459 2064 4505 ut
2095 4450 2534 4507 distraherentur
2562 4451 2618 4505 in
2644 4466 2727 4506 ea.
2774 4470 2792 4502 ι
2828 4450 2942 4505 Hoc
2967 4460 3146 4506 autem
3191 4468 3298 4506 non
3346 4461 3405 4507 ut
3445 4455 3563 4508 cui-

2004 4558 2164 4612 qnam
2196 4544 2249 4596 in
2290 4550 2544 4612 promptu
2582 4541 2747 4595 fuerit
2772 4543 3034 4612 cogitare,
3061 4546 3205 4612 pium
3236 4552 3320 4598 est
3349 4555 3560 4614 putare,

332 4643 446 4701 κῶν
490 4639 642 4697 αἰτία
689 4634 1101 4706 ἐπαναφέροιτο.
1161 4635 1221 4687 '0
1247 4634 1355 4705 γὰρ
1391 4635 1458 4706 τῇ
1493 4633 1650 4703 φύσει
1679 4632 1899 4702 ἀγαθὸς,

2008 4634 2152 4703 quod
2202 4635 2320 4703 ipse
2345 4632 2487 4688 Deus
2522 4631 2730 4687 dederit
2764 4634 2962 4686 malam
3013 4633 3324 4688 hominibus
3366 4634 3563 4689 distra-

328 4734 426 4790 καὶ
456 4730 676 4801 ἀγαθῶν
702 4728 916 4793 πάντως
946 4726 1273 4798 παρεκτικὸς
1310 4726 1516 4795 γίνεται
1542 4745 1554 4758 ι
1602 4726 1739 4780 διότι
1792 4728 1900 4779 πᾶν

332 4825 550 4897 δένδρον
590 4821 751 4876 καλὸν
784 4820 1028 4893 καρποὺς
1070 4819 1268 4881 καλοὺς
1299 4820 1474 4885 ποιεῖ,
1523 4818 1616 4871 καὶ
1641 4816 1761 4869 οὔτε
1794 4817 1901 4870 ἀπὸ

335 4915 589 4974 ἀκανθῶν
620 4912 881 4985 σταφυλὴ,
912 4912 1033 4966 οὐτε
1067 4910 1126 4978 ἐξ
1154 4912 1395 4983 ἀμπέλου
1426 4911 1633 4966 ἄκανθα
1665 4911 1857 4980 φύεται
1882 4927 1895 4941 ο

335 5013 371 5067 ὃ
409 5006 501 5065 οὖν
542 5011 608 5081 τῇ
640 5005 798 5078 φύσει
837 5005 1057 5075 ἀγαθὸν,
1101 5006 1201 5058 οὐκ
1240 5006 1305 5060 ἄν
1340 5022 1393 5059 τι
1432 5004 1665 5077 πονηρὸν
1694 5007 1757 5058 ἐκ
1793 5004 1900 5057 τῶν

333 5103 626 5174 θησαυρῶν
659 5098 821 5153 αὐτοῦ
856 5098 1279 5169 προχειρίσαιτα
1316 5097 1449 5150 υύδέ
1496 5097 1602 5169 γὰρ
1642 5098 1669 5149 ὁ
1698 5096 1903 5164 ἀγαθὸς

332 5194 619 5267 ἄνθρωπος
653 5194 716 5247 ἐκ
743 5191 835 5244 τοῦ
871 5188 1304 5261 περισσεύματος
1346 5189 1446 5259 τῆς
1490 5189 1714 5260 καρδίας
1760 5187 1903 5241 κακὰ

334 5288 510 5349 λαλεῖ,
540 5286 675 5338 ἀλλὰ
704 5284 1011 5355 κατάλληλα
1039 5285 1103 5355 τῇ
1133 5282 1325 5335 ἐαυτοῦ
1368 5282 1659 5351 φθέγγεται
1701 5283 1858 5350 φύσει
1884 5298 1897 5311 ⁸

335 5380 492 5450 πόσῳ
512 5374 605 5432 οὖν
632 5378 829 5448 μᾶλλον
860 5380 893 5447 ἡ
938 5377 1045 5430 τῶν
1077 5374 1293 5443 ἀγαθῶν
1321 5374 1471 5443 πηγὴ
1494 5376 1593 5426 οὐκ
1621 5375 1684 5428 ἄν
1710 5392 1759 5427 τι
1792 5374 1902 5427 τῶν

334 5471 595 5543 πονηρῶν
626 5471 691 5533 ἐκ
716 5471 812 5541 τῆς
844 5469 977 5531 ἰδίας
1005 5466 1217 5539 φύσεως
1260 5465 1513 5537 προχέοι;
1558 5465 1715 5518 Ἀλλὰ
1749 5465 1903 5519 τοῦτο

336 5565 479 5617 νοεῖν
521 5560 829 5615 ὑποτίθεται
861 5564 895 5631 ή
925 5557 1283 5629 εὐσεϐεστέρα
1311 5556 1538 5621 διάνοια,
1574 5557 1652 5610 ὅτι
1679 5556 1739 5610 :6
1768 5558 1901 5626 ἀγα-

338 5652 434 5708 θὸν
466 5653 560 5707 τοῦ
591 5653 723 5706 Θεοῦ
761 5654 920 5725 δόμα.
971 5649 1139 5721 Τοῦτο
1185 5648 1241 5716 δέ
1285 5650 1450 5716 ἐστιν,
1493 5651 1524 5719 ἢ
1562 5649 1905 5715 αὐτεξούσιος

2008 4726 2265 4780 ctionem.
2297 4724 2387 4778 Sic
2411 4724 2557 4779 enim
2592 4723 2856 4777 malorum
2892 4738 3055 4778 causa
3087 4726 3139 4779 in
3169 4726 3318 4778 illum
3351 4725 3563 4780 conter-

2007 4824 2179 4871 retur.
2206 4815 2360 4875 Nam,
2393 4816 2484 4885 qui
2532 4824 2617 4870 est
2646 4824 2838 4869 natura
2895 4815 3092 4875 bonus,
3144 4816 3287 4870 bona
3345 4832 3563 4887 quoque

2008 4909 2209 4979 praebet
2232 4908 2475 4973 omnino,
2504 4908 2759 4978 quoniam
2787 4908 2965 4964 omnis
2999 4909 3165 4963 arbor
3190 4909 3356 4973 bona,
3389 4910 3561 4965 bonos

2010 5000 2220 5055 fructus
2249 4990 2396 5064 faeit,
2422 5008 2475 5055 et
2506 5014 2681 5068 neque
2707 5013 2771 5054 ex
2804 4999 2979 5068 spinis
3008 5014 3128 5065 uva,
3160 5015 3336 5070 neque
3364 5015 3429 5055 ex
3457 5001 3562 5056 vite

2011 5095 2166 5166 spina
2192 5093 2438 5147 nascitur
2461 5093 2525 5148 ".
2551 5091 2706 5157 Quod
2728 5108 2858 5163 ergo
2877 5107 2975 5147 sua
3005 5099 3089 5148 est
3112 5100 3306 5147 natura
3335 5092 3557 5159 bonum,

2008 5202 2074 5242 ex
2106 5187 2221 5242 suis
2276 5186 2553 5241 thesauris
2601 5186 2803 5239 malum
2842 5200 2948 5239 non
2984 5186 3319 5254 produxerit.
3375 5183 3561 5254 Neque

2008 5281 2150 5337 enim
2186 5281 2361 5336 bonus
2388 5279 2549 5334 homo
2598 5294 2667 5334 ex
2713 5279 3046 5334 abundantia
3077 5279 3257 5334 cordis
3294 5278 3433 5332 mala
3483 5279 3559 5333 lo-

2007 5374 2193 5444 quitur
2217 5371 2282 5437 “,
2310 5372 2403 5427 sed
2439 5387 2503 5426 ea
2559 5372 2800 5441 loquitur
2834 5386 2953 5441 quae
3007 5378 3133 5425 sunt
3188 5384 3300 5425 suac
3349 5377 3558 5424 natura:

2007 5465 2424 5521 convenientia:
2470 5472 2676 5533 quanto
2730 5478 2858 5533 ergo
2893 5463 3066 5533 magis
3110 5460 3235 5517 fons
3289 5461 3555 5517 bonorum

2008 5557 2143 5612 nihil
2171 5557 2295 5610 mali
2326 5572 2393 5612 ex
2429 5570 2528 5611 sua
2558 5564 2752 5609 natura
2782 5554 3134 5624 profuderit?
3160 5553 3255 5610 sed
3288 5554 3390 5609 hoc
3423 5569 3555 5624 prat-

2010 5648 2096 5704 bet
2130 5648 2562 5719 intelligendum,
2591 5648 2683 5717 qui
2712 5656 2795 5701 est
2827 5645 3002 5717 magis
3031 5646 3152 5716 pius
3175 5662 3389 5713 sensus,
3412 5646 3555 5727 quod

416 5828 617 5903 “Gen.
643 5843 723 5893 tit,
756 5828 838 5889 Η.
916 5828 959 5860 “
980 5827 1358 5897 Ρδ;ι1.(;ιί,Π.
1438 5827 1478 5859 ³⁷
1515 5826 1703 5882 Matth.
1729 5842 1822 5893 vn,
1857 5826 1905 5881 lt

2016 5827 2057 5858 “
2088 5825 2271 5883 Matth.
2297 5843 2392 5893 xu,
2428 5825 2494 5882 54
2518 5844 2530 5896 ;
2556 5825 2683 5883 Luc.
2724 5841 2796 5891 vi,
2834 5824 2921 5881 45.
