3986 6508
427 347 538 404 639
1653 343 1710 400 S.
1751 342 2078 400 GREGORII
2121 344 2412 400 NYSSENI
3545 343 3666 398 640-

428 461 630 514 bointm
659 465 742 510 est
769 455 972 511 donum
1011 455 1125 510 Dei.
1159 453 1272 509 [loc
1298 465 1480 510 autem
1511 465 1596 512 est
1629 466 1811 512 motus
1838 459 1990 510 liberi

2095 459 2369 530 κίνησιςῆ
2417 463 2481 530 τῇ
2512 459 2922 532 διημαρτημένῃ
2967 457 3073 511 τῶν
3119 459 3420 530 ἀνθρωπων
3461 459 3649 528 χρήσει

432 549 664 612 arbitrii,
696 549 814 618 qui,
843 548 968 602 dum
997 563 1062 602 eo
1091 548 1244 602 abusi
1277 559 1404 600 sunt
1425 549 1700 610 homines,
1731 565 1992 618 peccans,

2095 551 2322 620 ὄργανον
2349 553 2428 615 είς
2454 553 2724 622 ἁμαρτίαν
2755 553 2984 620 ἐγένετο.
3027 552 3252 618 Ἀγαθὸν
3277 551 3381 622 γὰρ
3403 553 3469 620 τῇ
3495 551 3649 618 φύσει

435 640 542 694 fuit
581 639 634 692 in
669 639 980 694 hominibus
1005 641 1432 694 instrumentum
1461 641 1527 694 ad
1553 649 1858 710 peccatum.
1895 640 1997 694 Bo—

2093 640 2153 694 τὸ
2200 641 2536 706 αὐτεξούσιον
2583 643 2677 694 καὶ
2715 643 3028 708 ἀδούλωτον,
3069 643 3130 694 τὸ
3163 643 3220 694 δὲ
3253 641 3651 709 ὑπεζευγμένον

437 747 566 784 num
601 737 744 784 enim
779 738 860 784 est
911 739 1106 784 natura
1154 739 1208 784 et
1254 731 1503 785 servituti
1535 747 1646 786 non
1697 732 1998 785 obnoxium

2083 732 2382 804 ἀνάγκαις,
2421 734 2522 786 οὐκ
2568 733 2634 786 ἄν
2668 751 2750 797 τις
2779 735 2835 786 ὲν
2867 733 3099 799 ἀγαθοῖς
3119 733 3475 804 ἀριθμήσειεν
3495 750 3508 761 ·
3543 732 3657 784 ἀλλ’

441 821 670 878 liberum
729 823 1038 878 arbitrium.
1093 823 1250 888 Quod
1305 832 1487 878 autem
1543 835 1626 878 est
1675 823 2000 878 necessitati

2097 825 2134 892 ἡ
2161 822 2504 886 αὐτεξούσιος
2537 824 2676 894 αὕτη
2700 825 2799 893 τῆς
2831 825 3069 888 διανοίας
3099 826 3242 896 ὁρμὴ
3271 825 3653 892 ἀπαιδαγωγή-

443 915 766 983 subjeclum,
801 915 852 968 in
889 915 1046 969 bonis
1083 930 1238 968 nemo
1283 916 1696 981 numeraverit;
1757 914 1851 968 sed
1885 915 2000 984 ipsa

2099 931 2205 977 τως
2235 915 2370 985 πρὸς
2393 916 2494 986 τὴν
2528 917 2736 986 αἵρεσιν
2760 917 2859 986 τῆς
2903 917 3097 980 κακίας
3130 919 3464 986 ἀπορρυεῖσα
3483 956 3496 978 ,
3543 934 3659 968 πει·

443 1007 608 1060 libera
635 1008 832 1062 mentis
863 1006 1144 1077 appetitio,
1173 1021 1298 1060 cum
1332 1007 1470 1060 citra
1498 1006 1798 1076 disciplina:
1831 1009 2001 1062 casti-

2103 1005 2309 1076 ρασμὸς
2333 1006 2434 1076 τῆς
2461 1007 2638 1077 ψυχῆς
2666 1008 2878 1074 ἐγένετο
2901 1049 2916 1072 ,
2965 1009 3072 1062 ἀπὸ
3103 1009 3209 1060 τῶν
3239 1009 3456 1078 ὑψηλῶν
3481 1025 3540 1060 τε
3569 1011 3659 1062 καὶ

443 1099 720 1168 gationem
761 1099 826 1152 ad
857 1099 1164 1168 eligendum
1197 1099 1388 1152 vitium
1430 1097 1764 1165 deduxisset,
1814 1101 2008 1157 effecta

2101 1098 2315 1166 τιμίων,
2347 1097 2483 1168 πρὸς
2509 1099 2608 1160 τὰς
2635 1097 2897 1167 ἐμπαθεῖς
2922 1099 3018 1170 τῆς
3047 1099 3258 1168 φύσεως
3295 1101 3538 1168 κινήσεις
3567 1117 3661 1152 κα-

441 1195 528 1244 est
549 1187 744 1244 anima:
771 1191 1018 1252 tentatio,
1049 1205 1170 1260 quae
1199 1205 1230 1242 a
1255 1175 1442 1244 'rebus
1475 1193 1710 1246 excelsis
1743 1200 1798 1246 et
1831 1194 2006 1248 hono-

2101 1187 2524 1258 τασπασθείσης.
2551 1188 2718 1242 Τοῦτό
2741 1192 2886 1242 ἐστιν
2911 1189 2938 1242 ὃ
2959 1190 3212 1260 σημαίνει
3231 1191 3290 1242 τὸ
3327 1210 3344 1240 ι
3383 1189 3604 1247 ἔδωκεν,
3641 1211 3657 1243 ι

445 1281 616 1335 riticis
635 1281 896 1336 convulsa
926 1289 1012 1336 est
1053 1283 1120 1336 ad
1161 1283 1327 1336 animi
1356 1293 1560 1348 motus,
1585 1286 1682 1354 qui
1719 1285 2019 1342 vehentem.

2103 1280 2202 1350 οὐχ
2230 1281 2314 1334 ὅτι
2339 1280 2498 1342 αὐτὸς
2524 1279 2584 1332 τὸ
2613 1280 2780 1332 κακὸν
2821 1283 2886 1352 τῇ
2937 1281 3044 1332 τῶν
3081 1280 3381 1352 ἀνθρώπων
3425 1280 3536 1350 ζωῇ
3585 1282 3659 1332 εν.

449 1382 534 1428 ter
557 1374 879 1442 perturbant
903 1381 956 1427 et
985 1373 1244 1428 alliciunt.
1277 1373 1394 1430 Hoc
1422 1385 1505 1430 est
1539 1377 1682 1445 quod
1736 1378 2010 1447 signiﬁcat

2105 1374 2379 1442 εποίησεν,
2415 1371 2528 1424 ἀλλ’
2555 1373 2635 1426 ὅτι
2682 1375 2794 1433 τοῖς
2831 1373 2982 1442 παρᾶ
3015 1371 3150 1424 Θεοῦ
3179 1372 3410 1424 δοθεῖσιν
3447 1370 3663 1438 ἀγαθοῖς

447 1465 584 1519 illttd
614 1483 634 1516 ι
667 1465 837 1519 dedit.
873 1484 896 1518 ι
931 1465 1050 1520 Non
1085 1468 1230 1537 quod
1283 1469 1400 1538 ipse
1447 1473 1646 1522 malum
1678 1472 1801 1524 vitae
1835 1471 2012 1524 homi-

2107 1465 2136 1517 ὁ
2157 1465 2437 1534 ἄνθρωπος
2460 1465 2562 1518 ὑπὸ
2585 1464 2834 1526 ἀδουλίας
2852 1465 3034 1518 κακῶν
3057 1463 3356 1533 ὑπηρεσίαν
3381 1463 3663 1533 ἐχρήσατο.

451 1573 582 1612 num
633 1557 908 1623 indiderit,
961 1561 1056 1613 sed
1087 1559 1234 1628 quod
1273 1560 1434 1615 bonis
1479 1577 1601 1629 qua
1635 1577 1664 1614 a
1720 1561 1826 1616 Deo
1885 1563 2012 1618 data

2147 1555 2344 1624 ὶύνηθες
2367 1555 2424 1608 δέ
2453 1557 2566 1606 ἐστι
2595 1557 2660 1626 τῇ
2691 1555 2820 1625 ἁγίᾳ
2855 1555 3039 1624 Γραφῇ
3067 1557 3134 1607 τὰ
3161 1554 3382 1608 τοιαῦτα
3413 1553 3523 1605 τῶν
3553 1571 3668 1624 νοη-
3707 1549 3721 1570 ¹

451 1657 604 1712 sunt,
637 1649 801 1703 homo
831 1661 1050 1720 prapter
1082 1653 1320 1721 inopiam
1358 1653 1596 1716 consilii,
1629 1669 1766 1710 usus
1795 1655 1866 1709 sit
1893 1662 2014 1708 tan—

2116 1649 2297 1718 μάτων
2341 1650 2460 1710 ταῖς
2508 1647 2782 1710 τοιαύταις
2813 1647 3154 1715 ἐξαγγέλλειν
3196 1649 3400 1714 φωναῖς
3430 1664 3444 1676 ·
3494 1647 3570 1706 ὼς
3593 1649 3667 1710 τὸ.

451 1757 616 1810 quam
639 1741 900 1796 malorum
925 1741 1292 1796 adminiculis.
1311 1741 1608 1798 Consuevit
1623 1753 1804 1799 autem
1827 1756 2014 1800 sancta

455 1831 738 1873 Sol-inluni
769 1833 908 1873 Inlue
939 1849 1136 1873 conclia
1183 1833 1492 1873 huincmndi
1533 1837 1824 1873 nnnnlinrn
1875 1837 2018 1873 vnn}-

2093 1725 2138 1790 ἰ
2159 1741 2479 1808 Παρέδωκεν
2509 1741 2703 1802 αὐτοὺς
2731 1743 2759 1792 ὀ
2793 1741 2927 1804 Θεὸς
2964 1742 3044 1802 είς
3072 1739 3215 1808 πάθη
3239 1739 3492 1808 ἀτιμίαςο
3515 1759 3534 1790 ι
3562 1741 3667 1802 καὶ,

2121 1852 2140 1873 ι
2168 1833 2404 1873 Ἴεῖδιιιγρν
2421 1833 2615 1873 afﬂuit:
2629 1835 2707 1873 εἶθ
2723 1833 2976 1873 ria/nutum
2997 1831 3136 1873 υῆῦν-
3165 1849 3182 1873 ι
3201 1831 3292 1873 1m".
3309 1850 3326 1873 ι
3352 1831 3667 1873 ’Πανὶῆηυνε

455 1831 738 1902 Scriptura
769 1833 908 1888 tales
939 1849 1137 1888 sensus
1183 1833 1496 1904 huiusmodi
1533 1837 1824 1891 enuntiare
1875 1837 2018 1891 voci-

2121 1852 2140 1884 ι
2168 1833 2404 1884 Ἔδωκεν
2421 1833 2615 1894 αὐτοὺς
2629 1835 2707 1895 εἰς
2723 1833 2976 1902 ἀδόκιμον
2997 1831 3138 1894 νοῦν,
3165 1849 3182 1880 ι
3201 1831 3292 1884 καὶ
3309 1850 3328 1881 ι
3352 1831 3671 1903 Ἑσκλήρυνε

455 1923 580 1989 bus,
634 1934 692 1978 ut
723 1925 848 1988 hoc,
910 1943 928 1976 ι
993 1925 1244 1980 Tradidit
1297 1941 1394 1981 eos
1425 1928 1566 1983 Deus
1627 1929 1681 1982 in
1733 1930 2016 1997 passiones

2115 1925 2214 1996 τὴν
2249 1924 2473 1994 καρδίαν
2499 1923 2694 1995 Φαραώ
2727 1941 2740 1954 ·
2759 1924 2884 1976 »καὶ
2927 1925 3004 1984 τὸ,
3037 1943 3058 1974 ι
3087 1923 3148 1975 Τί
3177 1923 3488 1994 ὲπλὰνησας
3511 1926 3671 1994 ἡμᾶς,

457 2015 768 2085 ignominiae
785 2017 852 2070 δ’.
895 2036 916 2070 ι
952 2017 1036 2082 Et,
1063 2037 1082 2068 ι
1117 2017 1273 2073 Dedit
1305 2033 1401 2074 eos
1435 2017 1576 2074 Deus
1619 2019 1674 2074 in
1729 2023 2017 2088 reprobum

2117 2017 2310 2087 Κύριε,
2340 2016 2446 2068 ἀπὸ
2472 2019 2569 2086 τῆς
2609 2015 2728 2068 ὁδοῦ
2769 2031 2880 2078 σου,
2928 2015 3265 2087 ἐσκλήρυνας
3309 2017 3408 2079 τὰς
3459 2017 3675 2088 καρδίας

455 2110 768 2164 sensum”.
809 2129 828 2162 ι
863 2109 947 2170 Εῑ,
991 2130 1010 2163 ι
1052 2112 1336 2166 lnduravit
1368 2127 1464 2166 cor
1517 2112 1818 2169 PharaOnis
1838 2115 1918 2181 ⁸¹;
1961 2123 2029 2174 et...

2101 2108 2272 2186 μῶν
2291 2106 2384 2160 τοῦ
2409 2106 2482 2176 μὴ
2501 2106 2780 2174 φοϐεῖσθαί
2811 2121 2870 2158 σε
2881 2120 2925 2169 ;›
2943 2107 3056 2168 καὶ,
3080 2125 3100 2157 ε
3138 2108 3467 2178 Ἐπλάνησεν
3489 2110 3675 2172 αὐτοὺς

455 2200 618 2265 ίιίυά,
655 2219 674 2252 ι
713 2202 989 2258 Aberrare
1025 2217 1127 2259 nos
1169 2201 1348 2259 fecisti
1375 2218 1407 2258 a
1451 2205 1538 2258 via
1580 2213 1694 2266 tua,
1751 2206 2029 2260 indurast'r

2088 2185 2177 2250 ὲν
2209 2199 2395 2268 ἀϐάτῳ
2425 2197 2517 2250 καὶ
2535 2197 2632 2266 οὐχ
2654 2197 2774 2266 ὁδῷ·
2797 2218 2814 2249 ι
2843 2199 2982 2258 nam
3007 2198 3321 2267 Ἦπάτησάς
3343 2217 3414 2268 με
3432 2201 3526 2252 καὶ
3545 2203 3662 2270 ἡπα-

457 2291 625 2346 corda
659 2301 868 2358 nostra,
899 2303 956 2348 ut
985 2300 1038 2348 te
1063 2309 1172 2348 non
1197 2295 1451 2349 timerent
1471 2295 1539 2348 ".
1571 2315 1590 2345 ι
1619 2295 1700 2360 Ει,
1735 2317 1752 2347 ι
1783 2296 2022 2352 Abduxit

2119 2289 2290 2360 τήθην
2319 2305 2334 2321 ο
2357 2289 2480 2342 »καὶ
2519 2289 2618 2340 ὅσα
2649 2288 2857 2352 τούτοις
2889 2291 3036 2342 ἐστὶν
3067 2291 3377 2360 ὁμότροπα,
3425 2293 3509 2360 ἐφ’
3547 2285 3620 2345 ὧν
3647 2293 3677 2362 ἡ

457 2393 554 2434 eos
579 2380 634 2434 in
665 2381 832 2444 invio,
859 2391 912 2436 et
938 2397 1044 2436 non
1083 2383 1136 2435 in
1166 2383 1250 2436 via
1273 2382 1344 2429 ⁸³.
1400 2401 1422 2432 ι
1453 2382 1538 2447 Ει,
1579 2402 1598 2432 ι
1643 2381 1912 2452 Decepisti
1935 2399 2023 2439 me

2121 2381 2353 2452 ἀκριϐὴς
2403 2381 2606 2435 διάνοια
2655 2382 2714 2433 οὐ
2761 2381 2820 2434 τὸ
2853 2383 3002 2452 παρά
3037 2382 3128 2434 τοῦ
3179 2383 3313 2435 Θεοῦ
3356 2400 3410 2436 τι
3455 2384 3563 2436 τῶν
3589 2385 3673 2437 ἀν-

455 2477 514 2526 et
544 2470 800 2541 deceptus
833 2487 952 2527 sum
975 2474 1025 2506 ⁵⁵
1051 2492 1062 2527 :
1107 2492 1127 2522 ι
1157 2481 1212 2527 et
1237 2487 1578 2543 quaecunque
1606 2483 1736 2529 sunt
1782 2474 2024 2542 eiusmo-

2123 2471 2355 2543 θρὼπων
2383 2471 2698 2539 ἐγγενέσθαι
2731 2473 2796 2542 τῇ
2835 2470 3146 2542 ἀνθρωπίνῃ
3179 2473 3460 2542 συνίστησι
3493 2473 3675 2542 φύσει·

459 2560 618 2620 di.in
657 2565 858 2633 quibus
883 2574 1113 2620 exactus
1163 2580 1362 2620 sensus
1399 2581 1506 2620 non
1555 2565 1799 2620 ostendit
1847 2565 2029 2620 homi-

2108 2564 2259 2644 gnat
2287 2568 2580 2635 κατηγορεί
2602 2565 2701 2633 τῆς
2731 2565 2999 2631 ἐξουσίας,
3030 2567 3064 2636 ἢ
3096 2565 3302 2634 ἀγαθὸν
3329 2568 3426 2638 μέν
3453 2569 3570 2619 ἐστι
3597 2571 3681 2620 καὶ

465 2669 597 2708 num
634 2655 912 2726 quidpiam
945 2672 974 2710 a
1003 2655 1113 2710 Deo
1149 2657 1430 2712 exstitisse
1453 2658 1510 2710 in
1532 2657 1770 2712 humana
1797 2668 2023 2712 natura:

2107 2656 2258 2710 ΡΘεοῦ
2286 2655 2457 2724 δῶρον
2480 2657 2757 2726 δεδομένον
2801 2660 2868 2728 τῇ
2897 2657 3054 2726 φύσει
3089 2675 3104 2690 ο
3127 2729 3138 2738 .
3157 2659 3346 2726 γέγονε
3369 2659 3448 2720 δὲ,
3475 2659 3564 2712 διὰ
3591 2661 3681 2727 τῆς

463 2743 558 2800 sed
599 2753 918 2814 potestatem
947 2756 1174 2802 accusat
1209 2759 1262 2803 et
1290 2749 1632 2814 libertatem,
1669 2765 1792 2819 qua:
1823 2749 2026 2804 bonum

2128 2744 2264 2817 πρὸς
2288 2744 2350 2798 τὸ
2383 2746 2623 2798 ἐναντίον
2653 2746 2822 2817 ῥοπῆς
2855 2745 3039 2798 κακόν.
3081 2741 3236 2800 Εἷδεν
3268 2743 3360 2800 οὖν
3397 2751 3424 2801 ὁ
3464 2749 3687 2817 Ἐκκλη-

462 2835 682 2904 quidem
713 2845 819 2900 est,
851 2847 903 2892 et
931 2837 1024 2893 Dei
1058 2839 1260 2893 donum
1299 2850 1509 2895 natura:
1548 2841 1778 2896 datum:
1825 2841 2028 2896 malum

2129 2836 2350 2907 σιαστὴς
2399 2838 2688 2908 σύμπαντα
2729 2837 2795 2890 τὰ
2844 2839 3188 2909 πεποιημένα
3235 2839 3292 2891 ὲν
3337 2839 3414 2910 τῷ
3453 2839 3557 2892 ὑπὸ
3599 2843 3681 2892 τὸν

465 2933 647 2980 autem
679 2928 856 2982 evasit
885 2937 1104 2998 propter
1130 2931 1546 3000 propensionem
1597 2933 1664 2986 ad
1695 2933 2028 2998 contmrium

2127 2929 2276 3001 ἥλιον
2311 2929 2439 3000 βίῳ,
2465 2931 2545 2982 ὅτι
2571 2931 2746 2983 πάντα
2777 2925 2846 3001 ἦν
2879 2931 3192 3001 ματαιότης.
3233 2949 3252 2982 ι
3288 2933 3402 2984 Οὐκ
3429 2927 3498 3001 ἦν
3525 2931 3632 3001 γὰρ
3657 2931 3685 2982 ὁ

465 3017 690 3072 malum.
725 3019 872 3074 Vidit
910 3035 1043 3091 ergo
1085 3021 1444 3078 Ecclesiastes
1476 3024 1656 3077 omnia
1705 3040 1828 3093 quae
1887 3025 2030 3077 facta

2133 3021 2344 3093 ouvn'bv,
2373 3021 2472 3073 οὐκ
2495 3015 2561 3091 ἦν
2591 3021 2619 3072 ὁ
2647 3019 2892 3089 ἐκζητῶν
2929 3018 3016 3072 τὸν
3048 3019 3180 3072 Θεόν
3198 3036 3213 3052 ’
3237 3038 3256 3071 ι
3279 3019 3466 3088 ἐπειδὴ
3494 3019 3685 3081 πάντες

467 3117 594 3164 sunt
625 3111 678 3165 in
709 3113 1001 3182 vita,pquaa‘
1023 3123 1108 3169 est
1149 3116 1254 3170 sub
1285 3117 1421 3178 sole,
1455 3116 1598 3184 quod
1643 3119 1826 3170 omnia
1873 3123 2031 3171 erant

2117 3091 2425 3177 ίὲξέκλιναν,
2469 3111 2584 3182 ἅμα
2613 3109 3016 3182 ὴχρειώθησαν.
3059 3109 3157 3163 Διά
3193 3109 3348 3163 τοῦτο
3387 3109 3576 3172 εἰπὼν,
3605 3111 3691 3166 ὅτι,

465 3202 702 3258 vanitas.
733 3222 752 3254 ι
793 3202 910 3258 Non
939 3213 1060 3260 erat
1088 3205 1234 3262 enim
1265 3206 1360 3276 qui
1395 3207 1738 3275 intelligeret,
1771 3222 1880 3262 non
1915 3215 2033 3260 erat

2143 3222 2160 3254 ι
2185 3199 2284 3257 Καὶ
2321 3203 2428 3256 ἰδοὺ
2455 3204 2524 3257 τὰ
2567 3203 2748 3258 πάντα
2779 3202 3095 3275 ματαιότης,
3135 3222 3158 3254 ι
3204 3201 3303 3273 τὴν
3338 3203 3516 3256 αἰτίαν
3557 3203 3685 3273 ἐπήο-

467 3291 562 3361 ‹ιιιί
599 3290 768 3348 Deum
813 3295 1115 3364 requireret
1133 3295 1222 3350 "z
1271 3313 1290 3348 ι
1345 3295 1784 3365 quandoquidem
1846 3309 2033 3350 omnes

2133 3311 2322 3364 γαγεν,
2353 3295 2435 3348 ὅτι
2461 3295 2559 3366 οὐχ
2599 3296 2630 3348 ὁ
2667 3295 2798 3361 Θεὸς
2825 3294 3027 3348 τούτων
3056 3295 3246 3360 αίτιος,
3285 3294 3420 3347 ἀλλὰ
3445 3297 3480 3365 ἡ
3507 3293 3665 3366 προαί

467 3383 900 3450 declinaverunt,
945 3387 1109 3440 simul
1155 3387 1378 3442 inutiles
1469 3384 1599 3441 facti
1663 3394 1812 3440 sunt.
1894 3383 2030 3439 Pro-

2137 3403 2284 3455 ρεσις
2311 3386 2408 3453 τῆς
2439 3386 2783 3458 ἀνθρωπίνης
2811 3387 3006 3458 ὁρμῆς,
3035 3385 3102 3456 ἢν
3139 3383 3355 3456 πνεῦμα
3393 3387 3685 3456 ὠνόμασεν.

468 3481 654 3544 pterea
685 3491 810 3530 cum
843 3476 1072 3534 dixisset
1097 3493 1112 3530 :
1141 3497 1160 3530 ι
1201 3477 1342 3534 Ecce
1373 3479 1552 3533 omnia
1587 3479 1820 3540 vanitas,
1847 3497 1866 3529 ι
1910 3479 2042 3556 subj

2113 3477 2444 3547 κΚατηγορεῖ
2471 3477 2528 3530 δὲ
2546 3477 2734 3531 τούτου
2764 3476 2857 3531 τοῦ
2886 3477 3212 3547 πνεύματος,
3239 3477 3338 3548 οὐχ
3355 3477 3436 3530 ὅτι
3462 3477 3687 3530 τοιοῦτον

465 3566 648 3635 iunxit
676 3581 920 3632 causam,
975 3585 1168 3638 nempe
1209 3571 1354 3641 quod
1389 3570 1530 3624 Deus
1573 3585 1682 3624 non
1719 3579 1806 3625 est
1863 3583 2032 3624 causa

2137 3564 2196 3632 ὲξ
2240 3568 2412 3640 ἀρχῆς
2463 3565 2530 3640 ἦν
2567 3585 2582 3600 ’
2653 3569 2690 3642 ἦ
2726 3569 2833 3642 γὰρ
2883 3569 2948 3623 ἂν
3003 3569 3108 3634 ἔξω
3157 3569 3490 3639 κατηγορίας
3539 3563 3686 3639 ἦν,εί

471 3658 690 3723 horum,
745 3660 842 3714 sed
883 3660 1133 3716 humanae
1175 3661 1528 3731 appetitionis
1573 3661 1744 3715 libera
1794 3660 2028 3724 electio,

2135 3660 2374 3714 τοιοῦτον
2407 3661 2646 3730 ἐγένετο·
2665 3665 2778 3718 ἀλλ’
2803 3665 2886 3716 ὅτι
2916 3663 3241 3734 διαστραφὲν
3269 3662 3578 3733 ἐξηρμόσθη
3603 3660 3687 3715 τοῦ

471 3763 637 3818 quam
660 3751 876 3806 vocavit
917 3751 1192 3821 spiritum.
1231 3750 1391 3806 Hunc
1431 3760 1612 3806 autem
1648 3760 1874 3804 accusat
1918 3750 2031 3818 spi-
2137 3753 2362 3824 κόσμου.

473 3841 658 3910 ritum,
685 3859 796 3898 non
825 3845 969 3914 quod
1013 3845 1136 3899 talis
1161 3852 1308 3900 esset
1351 3845 1420 3898 ab
1463 3844 1656 3899 initio:
1712 3843 1846 3898 nulli
1877 3843 2022 3899 enim
2061 3847 2278 3900 crimini
2314 3849 2506 3904 fuisset
2535 3847 2730 3912 amnis,
2754 3847 2800 3903 si
2827 3847 2954 3902 talis
2985 3855 3146 3900 natus
3174 3853 3322 3900 esset
3342 3859 3364 3908 ;.
3403 3847 3496 3899 sed
3558 3842 3688 3913 quod

473 3948 764 4004 perversus
791 3937 858 3990 ab
881 3945 1204 3991 ornamento
1229 3935 1566 3992 discesserit.

549 4146 570 4181 ι
615 4127 962 4192 Perversum,
997 4147 1015 4178 ι
1055 4129 1250 4200 inquit,
1281 4149 1299 4180 ι
1329 4144 1438 4184 non
1460 4129 1656 4198 poterit
1675 4133 1929 4186 exornari
1957 4151 1970 4186 :
2003 4151 2022 4183 ι

2199 4140 2218 4173 ι
2241 4119 2677 4191 Διεστραμμένον
2703 4137 2722 4168 ι
2757 4117 2884 4187 γὰρ,
2922 4113 3110 4186 φησὶν,
3145 4132 3164 4165 ι
3192 4111 3252 4166 οὐ
3273 4111 3560 4182 δυνήσεται
3583 4112 3689 4164 ἑπι-

477 4221 584 4278 boc
615 4230 720 4286 est,
745 4237 1060 4292 perversum
1091 4239 1200 4278 non
1227 4223 1390 4278 fuerit
1413 4224 1746 4279 conveniens
1765 4233 2032 4279 creatum

2127 4213 2499 4285 κοσμηθῆναι*
2529 4229 2546 4262 ι
2575 4209 2868 4272 τουτέστιν,
2895 4207 2998 4260 οὐκ
3017 4206 3082 4259 ἂν
3111 4203 3321 4274 γένοιτο
3345 4205 3412 4274 τῇ
3437 4203 3588 4274 παρά
3609 4202 3690 4255 τοῦ

541 4314 648 4368 Deo
695 4323 990 4370 exornata.
1047 4314 1332 4381 Quomodo
1377 4317 1522 4370 enim
1570 4315 1788 4380 artifex,
1823 4317 1918 4386 qui
1967 4303 2051 4378 ex:

2127 4307 2263 4359 Θεοῦ
2273 4301 2514 4374 κοσμηθε
2523 4301 2610 4373 ίσῃ
2621 4301 2792 4354 κτίσει
2805 4299 3001 4352 οίκείον
3019 4297 3079 4350 τὸ
3091 4296 3302 4349 ἐνδιάστ
3310 4297 3693 4366 ροφον.’Ὧσπερ

477 4404 762 4475 proposito
781 4403 988 4474 aliquid
1013 4406 1117 4458 sibi
1144 4403 1466 4467 fabricatur,
1490 4407 1678 4476 regula
1704 4417 1758 4463 et
1783 4407 1874 4463 ﬁlo
1899 4408 2039 4463 diri-

2183 4403 2240 4473 tp
2253 4403 2280 4454 ὁ
2293 4398 2542 4468 τεχνίτης
2555 4398 2584 4448 ὁ
2598 4395 2738 4449 κατὰ
2753 4393 3006 4466 πρόθεσίν
3017 4411 3068 4446 τι
3081 4392 3258 4463 ἐαυτῷ
3271 4391 3692 4478 τεκταινόμξνος,
3751 4429 3757 4442 ..

479 4457 562 4565 2n
597 4504 782 4565 partes
813 4511 934 4566 qua:
965 4495 1299 4550 concludunt
1346 4496 1494 4551 vasis
1545 4496 1910 4566 eﬂectionem,
1941 4513 2038 4568 per

2173 4457 2319 4546 avdiit
2351 4457 2446 4542 καὶ
2477 4457 2703 4556 σπάρτῳ
2729 4457 2991 4537 διευθύνει
3017 4481 3086 4534 τὰ
3117 4457 3260 4552 μέρῆ
3305 4479 3374 4531 τὰ

483 4587 834 4642 artiﬁciosam
868 4586 936 4642 ad
985 4603 1044 4643 se
1093 4589 1326 4643 invicem
1361 4588 1756 4647 habitudinem.
1799 4589 1855 4644 Si
1905 4567 2036 4661 quid

2193 4585 2334 4637 ισίαν
2379 4580 2472 4634 τοῦ
2509 4577 2732 4640 σκεύους
2757 4575 2846 4630 διὰ
2881 4575 2982 4643 τῆς
3016 4571 3269 4644 τεχνικῆς
3316 4571 3450 4642 πρὸς
3509 4567 3694 4661 ἄλληλα
3755 4583 3767 4600 ί

485 4689 662 4732 autem
700 4693 767 4733 ex
794 4679 882 4734 his
936 4679 1002 4732 ad
1035 4679 1184 4733 ﬁlum
1213 4694 1322 4734 non
1371 4680 1445 4735 sit
1475 4679 1768 4746 directum,
1819 4657 2040 4751 perver-

2137 4674 2377 4745 σχέσεως
2412 4665 2850 4740 συμπεραίνοντα
2881 4686 2894 4699 ·
2928 4668 2974 4717 εί
3007 4663 3066 4716 δέ
3109 4679 3163 4714 τι
3193 4660 3397 4713 τούτων
3444 4659 3522 4728 μὴ
3571 4657 3695 4710 κατᾶ

483 4771 691 4826 sionem
721 4771 945 4825 omnino
969 4786 1078 4827 non
1117 4771 1372 4842 suscipit,
1415 4787 1538 4842 quae
1562 4781 1710 4827 recta
1741 4781 1860 4828 erat
1887 4789 2057 4838 com-,

2137 4767 2236 4834 τὴν
2283 4763 2530 4834 σπάρτην
2571 4755 2930 4824 διευθυνθείη.
2973 4755 3034 4806 οὐ
3085 4752 3447 4824 παραδέχεται
3497 4750 3695 4810 πάντως

479 4874 620 4930 pago
639 4868 694 4916 et
707 4859 968 4930 iunctura
993 4879 1008 4927 ;
1035 4862 1132 4917 sed
1151 4861 1206 4916 id
1239 4877 1456 4932 quoque
1475 4862 1542 4916 ad
1565 4863 1714 4917 ﬁlum
1737 4864 2040 4920 deducatur

2139 4858 2236 4927 τὴν
2263 4853 2592 4926 διαστροφὴν
2637 4853 2672 4922 ἡ
2719 4847 2882 4918 εὑθὴς
2909 4845 3166 4918 ἁρμονία,
3195 4843 3332 4897 ἀλλὰ
3357 4843 3463 4916 χρὴ
3493 4843 3713 4894 κάκεῖνο.

479 4959 716 5022 oportet,
745 4959 806 5006 ut
842 4960 1050 5008 rectum
1083 4951 1196 5018 ﬁat,
1231 4954 1278 5008 si
1313 4954 1554 5008 futurum
1587 4963 1670 5010 est
1703 4964 1762 5009 ut
1791 4971 1914 5011 cum
1946 4971 2036 5020 eo,

2141 4949 2449 5021 ὑπαχθῆναι
2499 4947 2566 5017 τῇ
2605 4943 2824 5014 σπάρτῃ
2851 4940 2946 4994 καὶ
2987 4937 3116 4992 εὐθὺ
3143 4935 3411 5006 γενέσθαι,
3448 4936 3498 4987 εί
3530 4933 3695 5004 μέλλοι

481 5044 630 5114 quod
671 5053 882 5100 rectum
939 5053 1062 5108 est,
1121 5043 1506 5116 coniungatur.
1561 5045 1639 5100 Ita
1691 5047 1852 5102 etiatn
1909 5047 2040 5102 dicit

2137 5043 2218 5114 τῷ
2261 5040 2410 5094 εὐθεῖ
2442 5033 2874 5108 συναρμόζεσθαι
2895 5050 2908 5063 ·
2957 5029 3101 5084 οὕτω
3132 5029 3294 5099 φησὶν
3324 5029 3353 5080 ὁ
3387 5026 3691 5116 Ἐκκλησιαέ

483 5135 874 5203 Ecclesiastes,
898 5137 1044 5208 quod
1074 5152 1196 5207 quae
1222 5151 1253 5190 a
1271 5115 1406 5192 vitio
1431 5153 1685 5206 perversa
1707 5147 1794 5193 est
1819 5147 2042 5204 natura,

2142 5135 2293 5207 στὴς,
2325 5134 2407 5188 ὅτι
2431 5133 2464 5201 ἡ
2505 5130 2656 5201 παρά
2684 5126 2784 5195 τῆς
2813 5122 3012 5186 κακίας
3037 5120 3427 5190 διαστραφεῖσα
3457 5115 3687 5208 φύσιςτῇ

484 5244 596 5284 non
643 5237 826 5300 potest
854 5207 1040 5287 inesse
1064 5236 1336 5286 creatura;
1381 5245 1412 5284 a
1443 5239 1592 5286 recta
1635 5232 1848 5286 ratione
1881 5246 2046 5287 exor-

2111 5217 2534 5297 Ῐκεκοσμημένῃ
2555 5221 2662 5276 ὕπὸ
2691 5217 2786 5272 τοῦ
2813 5213 2972 5290 ὀρθοῦ
3001 5214 3160 5282 λόγου
3188 5212 3362 5266 κτίσει
3391 5207 3685 5300 ἐγγενέσθαι

485 5299 660 5377 natae.
687 5341 708 5374 ι
749 5319 817 5375 Ει
844 5321 1116 5387 defectus,
1147 5342 1168 5376 ι
1209 5321 1414 5394 inquit,
1451 5343 1471 5375 ι
1509 5337 1618 5378 non
1647 5333 1830 5393 potest
1850 5339 2044 5378 nume-

2145 5322 2205 5376 οὐ
2243 5319 2485 5372 δύναται.
2539 5331 2557 5365 ι
2600 5311 2711 5366 Καὶ
2743 5309 3047 5380 ὑστέρημα,
3103 5325 3122 5357 ι
3162 5303 3346 5394 φησὶν,
3387 5319 3419 5394 «4
3453 5299 3686 5394 οὐ-δυνήῗ

487 5415 620 5470 rari.
682 5435 702 5467 ι
759 5414 1002 5472 Deﬁcere
1060 5415 1232 5487 accipi
1297 5432 1396 5488 pro
1465 5432 1668 5487 egere,
1723 5431 1826 5472 nos
1881 5416 2042 5472 docet

2149 5428 2298 5465 σεται
2329 5405 2717 5480 ἀριθμηθῆναι.
2775 5419 2796 5452 ι
2843 5395 3212 5469 ’Υστερείοθαι
3244 5395 3306 5447 τὸ
3335 5389 3687 5494 lsi-trecenti]

489 5506 830 5564 consuetudo
887 5482 1227 5578 Scripturte;
1263 5482 1434 5580 idque
1478 5482 1546 5566 ex
1595 5509 1786 5566 multis
1819 5508 2042 5580 probari

2149 5501 2391 5576 γραφικὴ
2445 5496 2700 5568 συνήθεια
2764 5495 2904 5548 νοεῖν
2957 5490 3194 5546 διδάσκει
3215 5505 3228 5518 ·
3290 5487 3385 5540 καὶ
3443 5483 3592 5538 τοῦτο
3633 5482 3685 5532 ἐκ

503 5769 546 5804 u
563 5709 608 5741 "
637 5711 848 5776 Romi,
869 5709 960 5764 26.
1033 5711 1079 5744 ³⁸
1105 5710 1345 5770 ibid.28.
1421 5714 1464 5748 ll
1495 5711 1664 5768 Exod.
1699 5730 1771 5779 ιν,
1802 5713 1891 5769 2L
2003 5713 2077 5768 ,η

561 5778 703 5836 Psal.
731 5797 822 5836 xm
843 5821 858 5836 .
887 5781 942 5836 2.
961 5781 1014 5836 3.

2064 5713 2166 5771 ιω.
2192 5725 2345 5776 txut,
2375 5707 2462 5762 17.
2573 5699 2777 5756 "Psal.
2805 5713 2912 5762 CVI,
2939 5695 3026 5752 40.
3140 5695 3182 5726 ’⁸
3206 5691 3408 5748 Jerem.
3437 5707 3524 5754 xx,
3551 5687 3631 5744 10.
