  <div class='ocr_page' id='page_1' title='image "/cluster/home/n/w/nwhite01/storage/ocr_20150623/44/hvd.32044012542270/330.png"; bbox 0 0 3986 6518; ppageno 0'>
   <div class='ocr_carea' id='block_1_1' title="bbox 366 444 2503 518">
    <p class='ocr_par' dir='ltr' id='par_1_1' title="bbox 366 444 2503 518">
     <span class='ocr_line' id='line_1_1' title="bbox 366 444 2503 518; baseline 0.002 -14"><span class='ocrx_word' id='word_1_1' title='bbox 366 462 461 518; x_wconf 47' lang='lat' dir='ltr'><strong>an</strong></span> <span class='ocrx_word' id='word_1_2' title='bbox 1453 453 1520 508; x_wconf 80' lang='lat' dir='ltr'><strong>tN</strong></span> <span class='ocrx_word' id='word_1_3' title='bbox 1561 444 2090 509; x_wconf 78' lang='lat' dir='ltr'><strong>ECCLESIASTEN.</strong></span> <span class='ocrx_word' id='word_1_4' title='bbox 2119 449 2407 508; x_wconf 72' lang='lat' dir='ltr'><strong>HOMILlA</strong></span> <span class='ocrx_word' id='word_1_5' title='bbox 2435 450 2503 508; x_wconf 88' lang='lat' dir='ltr'><strong>ll.</strong></span> 
     </span>
    </p>
   </div>
   <div class='ocr_carea' id='block_1_2' title="bbox 3483 458 3588 519">
    <p class='ocr_par' dir='ltr' id='par_1_2' title="bbox 3483 458 3588 519">
     <span class='ocr_line' id='line_1_2' title="bbox 3483 458 3588 519; baseline 0.019 -2"><span class='ocrx_word' id='word_1_6' title='bbox 3483 458 3588 519; x_wconf 71' lang='grc' dir='ltr'>οη</span> 
     </span>
    </p>
   </div>
   <div class='ocr_carea' id='block_1_3' title="bbox 365 571 1917 646">
    <p class='ocr_par' dir='ltr' id='par_1_3' title="bbox 365 571 1917 646">
     <span class='ocr_line' id='line_1_3' title="bbox 365 571 1917 646; baseline -0.005 -14"><span class='ocrx_word' id='word_1_7' title='bbox 365 576 574 632; x_wconf 80' lang='grc' dir='ltr'>πολλῶν</span> <span class='ocrx_word' id='word_1_8' title='bbox 617 571 733 630; x_wconf 76' lang='grc' dir='ltr'>ἐστι</span> <span class='ocrx_word' id='word_1_9' title='bbox 771 571 1165 629; x_wconf 77' lang='grc' dir='ltr'><strong>πιστώσασθαι.</strong></span> <span class='ocrx_word' id='word_1_10' title='bbox 1212 575 1268 628; x_wconf 88' lang='grc' dir='ltr'><strong>Ὀ</strong></span> <span class='ocrx_word' id='word_1_11' title='bbox 1299 574 1408 646; x_wconf 77' lang='grc' dir='ltr'>γὰρ</span> <span class='ocrx_word' id='word_1_12' title='bbox 1448 576 1506 627; x_wconf 82' lang='grc' dir='ltr'>ὲν</span> <span class='ocrx_word' id='word_1_13' title='bbox 1549 575 1832 628; x_wconf 77' lang='grc' dir='ltr'>παντὶκαὶ</span> <span class='ocrx_word' id='word_1_14' title='bbox 1873 574 1917 624; x_wconf 56' lang='grc' dir='ltr'><strong>ὲκ</strong></span> 
     </span>
    </p>
   </div>
   <div class='ocr_carea' id='block_1_4' title="bbox 2014 571 3592 646">
    <p class='ocr_par' dir='ltr' id='par_1_4' title="bbox 2033 572 3592 644">
     <span class='ocr_line' id='line_1_4' title="bbox 2033 572 3592 644; baseline 0.006 -19"><span class='ocrx_word' id='word_1_15' title='bbox 2033 581 2230 639; x_wconf 87' lang='lat' dir='ltr'><strong>potest.</strong></span> <span class='ocrx_word' id='word_1_16' title='bbox 2265 572 2366 640; x_wconf 85' lang='lat' dir='ltr'><strong>Qui</strong></span> <span class='ocrx_word' id='word_1_17' title='bbox 2398 573 2545 628; x_wconf 88' lang='lat' dir='ltr'><strong>enim</strong></span> <span class='ocrx_word' id='word_1_18' title='bbox 2578 572 2782 644; x_wconf 91' lang='lat' dir='ltr'><strong>ubique</strong></span> <span class='ocrx_word' id='word_1_19' title='bbox 2811 580 2862 628; x_wconf 85' lang='lat' dir='ltr'><strong>et</strong></span> <span class='ocrx_word' id='word_1_20' title='bbox 2896 573 3036 628; x_wconf 85' lang='lat' dir='ltr'><strong>inter</strong></span> <span class='ocrx_word' id='word_1_21' title='bbox 3065 575 3592 636; x_wconf 82' lang='lat' dir='ltr'><strong>omnescelebratur</strong></span> 
     </span>
    </p>
   </div>
   <div class='ocr_carea' id='block_1_5' title="bbox 364 663 1929 737">
    <p class='ocr_par' dir='ltr' id='par_1_5' title="bbox 364 663 1929 737">
     <span class='ocr_line' id='line_1_5' title="bbox 364 663 1929 737; baseline -0.004 -15"><span class='ocrx_word' id='word_1_22' title='bbox 364 670 497 724; x_wconf 76' lang='grc' dir='ltr'>πᾶσι</span> <span class='ocrx_word' id='word_1_23' title='bbox 530 668 874 737; x_wconf 78' lang='grc' dir='ltr'><strong>μεμνημένος</strong></span> <span class='ocrx_word' id='word_1_24' title='bbox 907 668 1136 731; x_wconf 86' lang='grc' dir='ltr'>Παῦλος,</span> <span class='ocrx_word' id='word_1_25' title='bbox 1184 663 1290 720; x_wconf 81' lang='grc' dir='ltr'>οἶδε</span> <span class='ocrx_word' id='word_1_26' title='bbox 1333 667 1426 719; x_wconf 72' lang='grc' dir='ltr'>καὶ</span> <span class='ocrx_word' id='word_1_27' title='bbox 1452 665 1793 736; x_wconf 80' lang='grc' dir='ltr'><strong>ὑστερεῖσθαι</strong></span> <span class='ocrx_word' id='word_1_28' title='bbox 1836 663 1929 717; x_wconf 76' lang='grc' dir='ltr'>καὶ</span> 
     </span>
    </p>
   </div>
   <div class='ocr_carea' id='block_1_6' title="bbox 365 755 1928 829">
    <p class='ocr_par' dir='ltr' id='par_1_6' title="bbox 365 755 1928 829">
     <span class='ocr_line' id='line_1_6' title="bbox 365 755 1928 829; baseline -0.003 -16"><span class='ocrx_word' id='word_1_29' title='bbox 365 759 740 829; x_wconf 76' lang='grc' dir='ltr'><strong>περισσεύειν·</strong></span> <span class='ocrx_word' id='word_1_30' title='bbox 791 761 886 813; x_wconf 77' lang='grc' dir='ltr'>καὶ</span> <span class='ocrx_word' id='word_1_31' title='bbox 917 761 947 812; x_wconf 99' lang='lat'><strong>6</strong></span> <span class='ocrx_word' id='word_1_32' title='bbox 991 759 1077 811; x_wconf 71' lang='grc' dir='ltr'><strong>διὰ</strong></span> <span class='ocrx_word' id='word_1_33' title='bbox 1118 760 1216 827; x_wconf 86' lang='grc' dir='ltr'><strong>τῆς</strong></span> <span class='ocrx_word' id='word_1_34' title='bbox 1249 756 1487 821; x_wconf 78' lang='grc' dir='ltr'><strong>ἀσωτίας</strong></span> <span class='ocrx_word' id='word_1_35' title='bbox 1523 758 1621 828; x_wconf 83' lang='grc' dir='ltr'>τὴν</span> <span class='ocrx_word' id='word_1_36' title='bbox 1659 755 1928 827; x_wconf 77' lang='grc' dir='ltr'>πατρικὴν</span> 
     </span>
    </p>
   </div>
   <div class='ocr_carea' id='block_1_7' title="bbox 353 846 1927 921">
    <p class='ocr_par' dir='ltr' id='par_1_7' title="bbox 353 846 1927 921">
     <span class='ocr_line' id='line_1_7' title="bbox 353 846 1927 921; baseline -0.003 -17"><span class='ocrx_word' id='word_1_37' title='bbox 353 850 677 921; x_wconf 75' lang='grc' dir='ltr'><strong>’δαπανήσας</strong></span> <span class='ocrx_word' id='word_1_38' title='bbox 717 851 924 910; x_wconf 80' lang='grc' dir='ltr'>οὐσίαν,</span> <span class='ocrx_word' id='word_1_39' title='bbox 973 851 1132 919; x_wconf 80' lang='grc' dir='ltr'>λιμοῦ</span> <span class='ocrx_word' id='word_1_40' title='bbox 1172 852 1555 921; x_wconf 73' lang='grc' dir='ltr'><strong>κατασχόντος,</strong></span> <span class='ocrx_word' id='word_1_41' title='bbox 1603 848 1804 920; x_wconf 68' lang='grc' dir='ltr'>ἤρξατο</span> <span class='ocrx_word' id='word_1_42' title='bbox 1832 846 1927 900; x_wconf 89' lang='grc' dir='ltr'><strong>τοῦ</strong></span> 
     </span>
    </p>
   </div>
   <div class='ocr_carea' id='block_1_8' title="bbox 2029 661 3590 743">
    <p class='ocr_par' dir='ltr' id='par_1_8' title="bbox 2029 661 3590 743">
     <span class='ocr_line' id='line_1_8' title="bbox 2029 661 3590 743; baseline 0.008 -27"><span class='ocrx_word' id='word_1_43' title='bbox 2029 661 2257 726; x_wconf 87' lang='lat' dir='ltr'><strong>Paulus,</strong></span> <span class='ocrx_word' id='word_1_44' title='bbox 2311 665 2417 720; x_wconf 89' lang='lat' dir='ltr'><strong>scit</strong></span> <span class='ocrx_word' id='word_1_45' title='bbox 2453 671 2508 719; x_wconf 89' lang='lat' dir='ltr'><strong>et</strong></span> <span class='ocrx_word' id='word_1_46' title='bbox 2557 664 2790 721; x_wconf 92' lang='lat' dir='ltr'><strong>deﬁcere</strong></span> <span class='ocrx_word' id='word_1_47' title='bbox 2843 673 2898 720; x_wconf 91' lang='lat' dir='ltr'><strong>et</strong></span> <span class='ocrx_word' id='word_1_48' title='bbox 2948 666 3232 724; x_wconf 84' lang='lat' dir='ltr'><strong>abundare</strong></span> <span class='ocrx_word' id='word_1_49' title='bbox 3255 669 3322 722; x_wconf 83' lang='grc'><strong>⁸⁸.</strong></span> <span class='ocrx_word' id='word_1_50' title='bbox 3376 669 3444 726; x_wconf 88' lang='lat' dir='ltr'><strong>Et</strong></span> <span class='ocrx_word' id='word_1_51' title='bbox 3493 673 3590 743; x_wconf 86' lang='lat' dir='ltr'><strong>qui</strong></span> 
     </span>
    </p>
   </div>
   <div class='ocr_carea' id='block_1_9' title="bbox 2030 756 3578 834">
    <p class='ocr_par' dir='ltr' id='par_1_9' title="bbox 2030 756 3578 834">
     <span class='ocr_line' id='line_1_9' title="bbox 2030 756 3578 834; baseline 0.008 -25"><span class='ocrx_word' id='word_1_52' title='bbox 2030 757 2256 827; x_wconf 80' lang='lat' dir='ltr'><strong>prodige</strong></span> <span class='ocrx_word' id='word_1_53' title='bbox 2280 756 2518 812; x_wconf 81' lang='lat' dir='ltr'><strong>vivendo</strong></span> <span class='ocrx_word' id='word_1_54' title='bbox 2539 766 2800 827; x_wconf 89' lang='lat' dir='ltr'><strong>paternas</strong></span> <span class='ocrx_word' id='word_1_55' title='bbox 2827 756 3120 814; x_wconf 75' lang='lat' dir='ltr'><strong>facultates</strong></span> <span class='ocrx_word' id='word_1_56' title='bbox 3151 775 3578 834; x_wconf 87' lang='lat' dir='ltr'><strong>consumpserat</strong></span> 
     </span>
    </p>
   </div>
   <div class='ocr_carea' id='block_1_10' title="bbox 2028 847 3590 920">
    <p class='ocr_par' dir='ltr' id='par_1_10' title="bbox 2028 847 3590 920">
     <span class='ocr_line' id='line_1_10' title="bbox 2028 847 3590 920; baseline 0.005 -18"><span class='ocrx_word' id='word_1_57' title='bbox 2028 863 2152 902; x_wconf 91' lang='lat' dir='ltr'><strong>cum</strong></span> <span class='ocrx_word' id='word_1_58' title='bbox 2206 863 2331 902; x_wconf 91' lang='lat' dir='ltr'><strong>eum</strong></span> <span class='ocrx_word' id='word_1_59' title='bbox 2385 847 2561 903; x_wconf 86' lang='lat' dir='ltr'><strong>fames</strong></span> <span class='ocrx_word' id='word_1_60' title='bbox 2614 849 2926 915; x_wconf 77' lang='lat' dir='ltr'><strong>invasisset,</strong></span> <span class='ocrx_word' id='word_1_61' title='bbox 2958 851 3126 920; x_wconf 63' lang='lat' dir='ltr'><strong>capit</strong></span> <span class='ocrx_word' id='word_1_62' title='bbox 3171 851 3400 909; x_wconf 88' lang='lat' dir='ltr'><strong>deﬁcere</strong></span> <span class='ocrx_word' id='word_1_63' title='bbox 3425 855 3490 909; x_wconf 81' lang='grc'>⁸⁷.</span> <span class='ocrx_word' id='word_1_64' title='bbox 3524 856 3590 910; x_wconf 89' lang='lat' dir='ltr'><strong>Et</strong></span> 
     </span>
    </p>
   </div>
   <div class='ocr_carea' id='block_1_11' title="bbox 351 914 1917 1016">
    <p class='ocr_par' dir='ltr' id='par_1_11' title="bbox 351 914 1917 1011">
     <span class='ocr_line' id='line_1_11' title="bbox 351 914 1917 1011; baseline -0.001 -19"><span class='ocrx_word' id='word_1_65' title='bbox 351 914 700 1011; x_wconf 63' lang='lat' dir='ltr'><strong>i&#39;m1spsi30at</strong></span> <span class='ocrx_word' id='word_1_66' title='bbox 721 957 734 970; x_wconf 85' lang='lat'><strong><em>°</em></strong></span> <span class='ocrx_word' id='word_1_67' title='bbox 767 941 860 993; x_wconf 76' lang='grc' dir='ltr'><strong>καὶ</strong></span> <span class='ocrx_word' id='word_1_68' title='bbox 895 914 1041 1010; x_wconf 36' lang='grc' dir='ltr'>περὶ-</span> <span class='ocrx_word' id='word_1_69' title='bbox 1069 941 1170 993; x_wconf 86' lang='grc' dir='ltr'><strong>τῶν</strong></span> <span class='ocrx_word' id='word_1_70' title='bbox 1196 914 1422 1009; x_wconf 37' lang='grc' dir='ltr'>ἁγίων-ό</span> <span class='ocrx_word' id='word_1_71' title='bbox 1457 914 1665 1003; x_wconf 78' lang='grc' dir='ltr'>Παῦλος</span> <span class='ocrx_word' id='word_1_72' title='bbox 1695 939 1917 1006; x_wconf 81' lang='grc' dir='ltr'>διεξιὼν,</span> 
     </span>
    </p>
   </div>
   <div class='ocr_carea' id='block_1_12' title="bbox 2014 914 3591 1016">
    <p class='ocr_par' dir='ltr' id='par_1_12' title="bbox 2014 919 3591 1016">
     <span class='ocr_line' id='line_1_12' title="bbox 2014 919 3591 1016; baseline 0.006 -24"><span class='ocrx_word' id='word_1_73' title='bbox 2014 919 2096 993; x_wconf 39' lang='grc' dir='ltr'>’ἀθ</span> <span class='ocrx_word' id='word_1_74' title='bbox 2126 941 2334 996; x_wconf 76' lang='lat' dir='ltr'><strong>sanctis</strong></span> <span class='ocrx_word' id='word_1_75' title='bbox 2365 955 2658 996; x_wconf 89' lang='lat' dir='ltr'><strong>recensens</strong></span> <span class='ocrx_word' id='word_1_76' title='bbox 2679 939 2905 1004; x_wconf 85' lang='lat' dir='ltr'><strong>Paulus,</strong></span> <span class='ocrx_word' id='word_1_77' title='bbox 2926 942 3068 996; x_wconf 85' lang='lat' dir='ltr'><strong>inter</strong></span> <span class='ocrx_word' id='word_1_78' title='bbox 3087 951 3311 999; x_wconf 70' lang='lat' dir='ltr'><strong>caeteras</strong></span> <span class='ocrx_word' id='word_1_79' title='bbox 3340 949 3591 1016; x_wconf 87' lang='lat' dir='ltr'><strong>corporis</strong></span> 
     </span>
    </p>
   </div>
   <div class='ocr_carea' id='block_1_13' title="bbox 361 1027 1926 1102">
    <p class='ocr_par' dir='ltr' id='par_1_13' title="bbox 361 1027 1926 1102">
     <span class='ocr_line' id='line_1_13' title="bbox 361 1027 1926 1102; baseline -0.003 -15"><span class='ocrx_word' id='word_1_80' title='bbox 361 1034 430 1087; x_wconf 83' lang='grc' dir='ltr'><strong>τά</strong></span> <span class='ocrx_word' id='word_1_81' title='bbox 445 1052 504 1090; x_wconf 86' lang='grc' dir='ltr'><strong>τε</strong></span> <span class='ocrx_word' id='word_1_82' title='bbox 519 1034 652 1087; x_wconf 79' lang='grc' dir='ltr'>ἄλλα</span> <span class='ocrx_word' id='word_1_83' title='bbox 684 1035 814 1101; x_wconf 75' lang='grc' dir='ltr'>φησὶ</span> <span class='ocrx_word' id='word_1_84' title='bbox 845 1034 971 1102; x_wconf 71' lang='grc' dir='ltr'>περὶ</span> <span class='ocrx_word' id='word_1_85' title='bbox 1004 1027 1178 1086; x_wconf 78' lang='grc' dir='ltr'>αὐτῶν</span> <span class='ocrx_word' id='word_1_86' title='bbox 1227 1035 1284 1086; x_wconf 88' lang='grc' dir='ltr'>ὲν</span> <span class='ocrx_word' id='word_1_87' title='bbox 1321 1028 1402 1096; x_wconf 71' lang='grc' dir='ltr'>οἷς</span> <span class='ocrx_word' id='word_1_88' title='bbox 1449 1033 1820 1087; x_wconf 78' lang='grc' dir='ltr'>ἐκακοπάθουν</span> <span class='ocrx_word' id='word_1_89' title='bbox 1847 1031 1926 1101; x_wconf 81' lang='grc' dir='ltr'>τῷ</span> 
     </span>
    </p>
   </div>
   <div class='ocr_carea' id='block_1_14' title="bbox 365 1123 1925 1196">
    <p class='ocr_par' dir='ltr' id='par_1_14' title="bbox 365 1123 1925 1196">
     <span class='ocr_line' id='line_1_14' title="bbox 365 1123 1925 1196; baseline -0.002 -18"><span class='ocrx_word' id='word_1_90' title='bbox 365 1125 708 1194; x_wconf 74' lang='grc' dir='ltr'>σώματι,καὶ</span> <span class='ocrx_word' id='word_1_91' title='bbox 737 1124 891 1178; x_wconf 87' lang='grc' dir='ltr'>τοῦτο</span> <span class='ocrx_word' id='word_1_92' title='bbox 920 1124 1291 1195; x_wconf 85' lang='grc' dir='ltr'>προστίθησιν,</span> <span class='ocrx_word' id='word_1_93' title='bbox 1318 1126 1399 1178; x_wconf 78' lang='grc' dir='ltr'>ὅτι</span> <span class='ocrx_word' id='word_1_94' title='bbox 1430 1124 1811 1196; x_wconf 81' lang='grc' dir='ltr'>ὑστερούμενοι</span> <span class='ocrx_word' id='word_1_95' title='bbox 1831 1123 1925 1176; x_wconf 78' lang='grc' dir='ltr'><strong>καὶ</strong></span> 
     </span>
    </p>
   </div>
   <div class='ocr_carea' id='block_1_15' title="bbox 363 1214 1953 1286">
    <p class='ocr_par' dir='ltr' id='par_1_15' title="bbox 363 1214 1953 1286">
     <span class='ocr_line' id='line_1_15' title="bbox 363 1214 1953 1286; baseline -0.001 -16"><span class='ocrx_word' id='word_1_96' title='bbox 363 1217 685 1286; x_wconf 70' lang='grc' dir='ltr'>θλιϐόμενοι.</span> <span class='ocrx_word' id='word_1_97' title='bbox 720 1217 928 1269; x_wconf 79' lang='grc' dir='ltr'>Οὐκοῦν</span> <span class='ocrx_word' id='word_1_98' title='bbox 979 1217 1070 1269; x_wconf 75' lang='grc' dir='ltr'><strong>καὶ</strong></span> <span class='ocrx_word' id='word_1_99' title='bbox 1103 1216 1335 1270; x_wconf 78' lang='grc' dir='ltr'>ἐνταῦθα</span> <span class='ocrx_word' id='word_1_100' title='bbox 1381 1214 1666 1286; x_wconf 80' lang='grc' dir='ltr'>ὑστέρημα</span> <span class='ocrx_word' id='word_1_101' title='bbox 1710 1217 1738 1269; x_wconf 85' lang='lat'><strong>6</strong></span> <span class='ocrx_word' id='word_1_102' title='bbox 1770 1216 1953 1284; x_wconf 67' lang='grc' dir='ltr'><strong>λόγος⁸</strong></span> 
     </span>
    </p>
   </div>
   <div class='ocr_carea' id='block_1_16' title="bbox 362 1305 1923 1377">
    <p class='ocr_par' dir='ltr' id='par_1_16' title="bbox 362 1305 1923 1377">
     <span class='ocr_line' id='line_1_16' title="bbox 362 1305 1923 1377; baseline 0 -17"><span class='ocrx_word' id='word_1_103' title='bbox 362 1308 550 1368; x_wconf 73' lang='grc' dir='ltr'>εἰπὼν,</span> <span class='ocrx_word' id='word_1_104' title='bbox 585 1308 645 1360; x_wconf 79' lang='grc' dir='ltr'>τὸ</span> <span class='ocrx_word' id='word_1_105' title='bbox 685 1308 864 1360; x_wconf 80' lang='grc' dir='ltr'>λεῖπον</span> <span class='ocrx_word' id='word_1_106' title='bbox 904 1308 988 1360; x_wconf 79' lang='grc' dir='ltr'>διὰ</span> <span class='ocrx_word' id='word_1_107' title='bbox 1028 1305 1127 1377; x_wconf 85' lang='grc' dir='ltr'><strong>τῆς</strong></span> <span class='ocrx_word' id='word_1_108' title='bbox 1165 1309 1349 1377; x_wconf 86' lang='grc' dir='ltr'>φωνῆς</span> <span class='ocrx_word' id='word_1_109' title='bbox 1398 1307 1730 1374; x_wconf 77' lang='grc' dir='ltr'>ἐνεδείξατο·</span> <span class='ocrx_word' id='word_1_110' title='bbox 1764 1307 1824 1360; x_wconf 82' lang='lat'><strong>16</strong></span> <span class='ocrx_word' id='word_1_111' title='bbox 1866 1307 1923 1360; x_wconf 82' lang='grc' dir='ltr'>δὲ</span> 
     </span>
    </p>
   </div>
   <div class='ocr_carea' id='block_1_17' title="bbox 2027 1029 3586 1103">
    <p class='ocr_par' dir='ltr' id='par_1_17' title="bbox 2027 1029 3586 1103">
     <span class='ocr_line' id='line_1_17' title="bbox 2027 1029 3586 1103; baseline 0.004 -21"><span class='ocrx_word' id='word_1_112' title='bbox 2027 1029 2346 1085; x_wconf 69' lang='lat' dir='ltr'><strong>amictiones</strong></span> <span class='ocrx_word' id='word_1_113' title='bbox 2381 1047 2521 1100; x_wconf 89' lang='lat' dir='ltr'><strong>quas</strong></span> <span class='ocrx_word' id='word_1_114' title='bbox 2571 1032 2721 1101; x_wconf 86' lang='lat' dir='ltr'><strong>passi</strong></span> <span class='ocrx_word' id='word_1_115' title='bbox 2754 1043 2932 1091; x_wconf 84' lang='lat' dir='ltr'><strong>erant,</strong></span> <span class='ocrx_word' id='word_1_116' title='bbox 2983 1032 3124 1086; x_wconf 87' lang='lat' dir='ltr'><strong>hanc</strong></span> <span class='ocrx_word' id='word_1_117' title='bbox 3167 1047 3386 1102; x_wconf 87' lang='lat' dir='ltr'><strong>quoque</strong></span> <span class='ocrx_word' id='word_1_118' title='bbox 3415 1035 3586 1103; x_wconf 83' lang='lat' dir='ltr'><strong>addit,</strong></span> 
     </span>
    </p>
   </div>
   <div class='ocr_carea' id='block_1_18' title="bbox 2025 1121 3586 1195">
    <p class='ocr_par' dir='ltr' id='par_1_18' title="bbox 2025 1121 3586 1195">
     <span class='ocr_line' id='line_1_18' title="bbox 2025 1121 3586 1195; baseline 0.006 -21"><span class='ocrx_word' id='word_1_119' title='bbox 2025 1122 2342 1177; x_wconf 86' lang='lat' dir='ltr'><strong>deﬁcientes</strong></span> <span class='ocrx_word' id='word_1_120' title='bbox 2389 1131 2442 1176; x_wconf 91' lang='lat' dir='ltr'><strong>et</strong></span> <span class='ocrx_word' id='word_1_121' title='bbox 2475 1121 2656 1177; x_wconf 75' lang='lat' dir='ltr'><strong>afﬂicti</strong></span> <span class='ocrx_word' id='word_1_122' title='bbox 2681 1123 2748 1178; x_wconf 78' lang='grc'>⁵⁸.</span> <span class='ocrx_word' id='word_1_123' title='bbox 2784 1124 2926 1193; x_wconf 85' lang='lat' dir='ltr'><strong>Ergo</strong></span> <span class='ocrx_word' id='word_1_124' title='bbox 2973 1125 3060 1177; x_wconf 86' lang='lat' dir='ltr'><strong>hic</strong></span> <span class='ocrx_word' id='word_1_125' title='bbox 3095 1141 3315 1195; x_wconf 91' lang='lat' dir='ltr'><strong>quoque</strong></span> <span class='ocrx_word' id='word_1_126' title='bbox 3359 1131 3586 1184; x_wconf 83' lang='lat' dir='ltr'><strong>verbum</strong></span> 
     </span>
    </p>
   </div>
   <div class='ocr_carea' id='block_1_19' title="bbox 2025 1214 3588 1290">
    <p class='ocr_par' dir='ltr' id='par_1_19' title="bbox 2025 1214 3588 1290">
     <span class='ocr_line' id='line_1_19' title="bbox 2025 1214 3588 1290; baseline 0.005 -22"><span class='ocrx_word' id='word_1_127' title='bbox 2025 1231 2148 1268; x_wconf 89' lang='lat' dir='ltr'><strong>cum</strong></span> <span class='ocrx_word' id='word_1_128' title='bbox 2180 1214 2413 1269; x_wconf 80' lang='lat' dir='ltr'><strong>dixisset</strong></span> <span class='ocrx_word' id='word_1_129' title='bbox 2465 1215 2767 1278; x_wconf 73' lang='lat' dir='ltr'><strong>defectum,</strong></span> <span class='ocrx_word' id='word_1_130' title='bbox 2805 1231 2898 1286; x_wconf 90' lang='lat' dir='ltr'><strong>per</strong></span> <span class='ocrx_word' id='word_1_131' title='bbox 2934 1231 3124 1271; x_wconf 79' lang='lat' dir='ltr'><strong>vocem</strong></span> <span class='ocrx_word' id='word_1_132' title='bbox 3172 1219 3224 1272; x_wconf 92' lang='lat' dir='ltr'><strong>id</strong></span> <span class='ocrx_word' id='word_1_133' title='bbox 3259 1220 3403 1290; x_wconf 85' lang='lat' dir='ltr'><strong>quod</strong></span> <span class='ocrx_word' id='word_1_134' title='bbox 3435 1222 3588 1278; x_wconf 87' lang='lat' dir='ltr'><strong>deest</strong></span> 
     </span>
    </p>
   </div>
   <div class='ocr_carea' id='block_1_20' title="bbox 2024 1307 3588 1382">
    <p class='ocr_par' dir='ltr' id='par_1_20' title="bbox 2024 1307 3588 1382">
     <span class='ocr_line' id='line_1_20' title="bbox 2024 1307 3588 1382; baseline 0.006 -24"><span class='ocrx_word' id='word_1_135' title='bbox 2024 1308 2282 1361; x_wconf 78' lang='lat' dir='ltr'><strong>ostendit.</strong></span> <span class='ocrx_word' id='word_1_136' title='bbox 2340 1307 2494 1373; x_wconf 90' lang='lat' dir='ltr'><strong>Quod</strong></span> <span class='ocrx_word' id='word_1_137' title='bbox 2535 1317 2717 1362; x_wconf 90' lang='lat' dir='ltr'><strong>autem</strong></span> <span class='ocrx_word' id='word_1_138' title='bbox 2780 1308 2954 1373; x_wconf 87' lang='lat' dir='ltr'><strong>deest,</strong></span> <span class='ocrx_word' id='word_1_139' title='bbox 3009 1309 3154 1364; x_wconf 89' lang='lat' dir='ltr'><strong>inter</strong></span> <span class='ocrx_word' id='word_1_140' title='bbox 3185 1325 3247 1364; x_wconf 88' lang='lat' dir='ltr'><strong>ea</strong></span> <span class='ocrx_word' id='word_1_141' title='bbox 3299 1328 3420 1382; x_wconf 65' lang='lat' dir='ltr'><strong>quae</strong></span> <span class='ocrx_word' id='word_1_142' title='bbox 3459 1321 3588 1368; x_wconf 88' lang='lat' dir='ltr'><strong>sunt</strong></span> 
     </span>
    </p>
   </div>
   <div class='ocr_carea' id='block_1_21' title="bbox 361 1377 1917 1472">
    <p class='ocr_par' dir='ltr' id='par_1_21' title="bbox 361 1394 1917 1468">
     <span class='ocr_line' id='line_1_21' title="bbox 361 1394 1917 1468; baseline 0.002 -19"><span class='ocrx_word' id='word_1_143' title='bbox 361 1399 543 1450; x_wconf 80' lang='grc' dir='ltr'>λεῖπον</span> <span class='ocrx_word' id='word_1_144' title='bbox 573 1397 884 1468; x_wconf 77' lang='grc' dir='ltr'>ἐναρίθμιον</span> <span class='ocrx_word' id='word_1_145' title='bbox 913 1399 1023 1460; x_wconf 84' lang='grc' dir='ltr'>τοῖς</span> <span class='ocrx_word' id='word_1_146' title='bbox 1045 1394 1163 1450; x_wconf 80' lang='grc' dir='ltr'>οὖσι</span> <span class='ocrx_word' id='word_1_147' title='bbox 1186 1398 1435 1466; x_wconf 89' lang='grc' dir='ltr'>γενέσθαι</span> <span class='ocrx_word' id='word_1_148' title='bbox 1459 1399 1519 1451; x_wconf 84' lang='grc' dir='ltr'><strong>οὑ</strong></span> <span class='ocrx_word' id='word_1_149' title='bbox 1547 1397 1793 1451; x_wconf 78' lang='grc' dir='ltr'>δύναται.</span> <span class='ocrx_word' id='word_1_150' title='bbox 1815 1399 1917 1452; x_wconf 64' lang='grc' dir='ltr'>Καὶ</span> 
     </span>
    </p>
   </div>
   <div class='ocr_carea' id='block_1_22' title="bbox 2014 1377 3590 1472">
    <p class='ocr_par' dir='ltr' id='par_1_22' title="bbox 2021 1377 3590 1472">
     <span class='ocr_line' id='line_1_22' title="bbox 2021 1377 3590 1472; baseline 0.005 -21"><span class='ocrx_word' id='word_1_151' title='bbox 2021 1414 2133 1452; x_wconf 90' lang='lat' dir='ltr'><strong>non</strong></span> <span class='ocrx_word' id='word_1_152' title='bbox 2188 1408 2365 1468; x_wconf 78' lang='lat' dir='ltr'><strong>potest</strong></span> <span class='ocrx_word' id='word_1_153' title='bbox 2421 1399 2722 1454; x_wconf 85' lang='lat' dir='ltr'><strong>numerari.</strong></span> <span class='ocrx_word' id='word_1_154' title='bbox 2779 1397 2993 1454; x_wconf 88' lang='lat' dir='ltr'><strong>Etenim</strong></span> <span class='ocrx_word' id='word_1_155' title='bbox 3040 1377 3333 1471; x_wconf 53' lang='lat' dir='ltr'><strong>discipuli;</strong></span> <span class='ocrx_word' id='word_1_156' title='bbox 3369 1406 3590 1472; x_wconf 88' lang='lat' dir='ltr'><strong>quando</strong></span> 
     </span>
    </p>
   </div>
   <div class='ocr_carea' id='block_1_23' title="bbox 359 1483 1923 1559">
    <p class='ocr_par' dir='ltr' id='par_1_23' title="bbox 359 1483 1923 1559">
     <span class='ocr_line' id='line_1_23' title="bbox 359 1483 1923 1559; baseline -0.002 -17"><span class='ocrx_word' id='word_1_157' title='bbox 359 1489 469 1559; x_wconf 79' lang='grc' dir='ltr'>γὰρ</span> <span class='ocrx_word' id='word_1_158' title='bbox 500 1490 548 1541; x_wconf 84' lang='grc' dir='ltr'>οἱ</span> <span class='ocrx_word' id='word_1_159' title='bbox 591 1488 843 1557; x_wconf 80' lang='grc' dir='ltr'>μαθηταὶ,</span> <span class='ocrx_word' id='word_1_160' title='bbox 899 1486 1002 1549; x_wconf 74' lang='grc' dir='ltr'><strong>ἕως</strong></span> <span class='ocrx_word' id='word_1_161' title='bbox 1044 1488 1142 1556; x_wconf 85' lang='grc' dir='ltr'>μὲν</span> <span class='ocrx_word' id='word_1_162' title='bbox 1176 1487 1376 1550; x_wconf 87' lang='grc' dir='ltr'>πάντες</span> <span class='ocrx_word' id='word_1_163' title='bbox 1406 1483 1542 1558; x_wconf 78' lang='grc' dir='ltr'>ἦσαν</span> <span class='ocrx_word' id='word_1_164' title='bbox 1586 1490 1644 1540; x_wconf 79' lang='grc' dir='ltr'>ἐν</span> <span class='ocrx_word' id='word_1_165' title='bbox 1685 1486 1762 1557; x_wconf 83' lang='grc' dir='ltr'>τῷ</span> <span class='ocrx_word' id='word_1_166' title='bbox 1809 1487 1923 1557; x_wconf 84' lang='grc' dir='ltr'>ίδίῳ</span> 
     </span>
    </p>
   </div>
   <div class='ocr_carea' id='block_1_24' title="bbox 363 1573 1924 1648">
    <p class='ocr_par' dir='ltr' id='par_1_24' title="bbox 363 1573 1924 1648">
     <span class='ocr_line' id='line_1_24' title="bbox 363 1573 1924 1648; baseline 0.001 -17"><span class='ocrx_word' id='word_1_167' title='bbox 363 1574 1057 1648; x_wconf 81' lang='grc' dir='ltr'>πληρώματ-ι,δυοκαίδεκα</span> <span class='ocrx_word' id='word_1_168' title='bbox 1093 1573 1233 1646; x_wconf 75' lang='grc' dir='ltr'>ἦσαν</span> <span class='ocrx_word' id='word_1_169' title='bbox 1266 1579 1355 1632; x_wconf 80' lang='grc' dir='ltr'><strong>τὸν</strong></span> <span class='ocrx_word' id='word_1_170' title='bbox 1395 1579 1657 1648; x_wconf 82' lang='grc' dir='ltr'>ἀριθμόν’</span> <span class='ocrx_word' id='word_1_171' title='bbox 1701 1578 1823 1632; x_wconf 80' lang='grc' dir='ltr'>ἐπεὶ</span> <span class='ocrx_word' id='word_1_172' title='bbox 1867 1579 1924 1632; x_wconf 82' lang='grc' dir='ltr'><strong>δὲ</strong></span> 
     </span>
    </p>
   </div>
   <div class='ocr_carea' id='block_1_25' title="bbox 360 1671 1921 1742">
    <p class='ocr_par' dir='ltr' id='par_1_25' title="bbox 360 1671 1921 1742">
     <span class='ocr_line' id='line_1_25' title="bbox 360 1671 1921 1742; baseline -0.003 -14"><span class='ocrx_word' id='word_1_173' title='bbox 360 1673 606 1728; x_wconf 83' lang='grc' dir='ltr'>ἀπώλετο</span> <span class='ocrx_word' id='word_1_174' title='bbox 633 1674 660 1724; x_wconf 89' lang='lat'><strong>6</strong></span> <span class='ocrx_word' id='word_1_175' title='bbox 693 1673 803 1734; x_wconf 81' lang='grc' dir='ltr'>υίὸς</span> <span class='ocrx_word' id='word_1_176' title='bbox 837 1671 934 1740; x_wconf 86' lang='grc' dir='ltr'><strong>τῆς</strong></span> <span class='ocrx_word' id='word_1_177' title='bbox 964 1671 1256 1733; x_wconf 75' lang='grc' dir='ltr'><strong>ἀπωλείας,</strong></span> <span class='ocrx_word' id='word_1_178' title='bbox 1291 1671 1592 1742; x_wconf 78' lang='grc' dir='ltr'>ἐκολοὸὡθη</span> <span class='ocrx_word' id='word_1_179' title='bbox 1623 1674 1650 1725; x_wconf 88' lang='grc' dir='ltr'>ὁ</span> <span class='ocrx_word' id='word_1_180' title='bbox 1672 1671 1921 1742; x_wconf 82' lang='grc' dir='ltr'>ἀριθμὸς,</span> 
     </span>
    </p>
   </div>
   <div class='ocr_carea' id='block_1_26' title="bbox 359 1761 1923 1837">
    <p class='ocr_par' dir='ltr' id='par_1_26' title="bbox 359 1761 1923 1837">
     <span class='ocr_line' id='line_1_26' title="bbox 359 1761 1923 1837; baseline -0.001 -19"><span class='ocrx_word' id='word_1_181' title='bbox 359 1766 436 1835; x_wconf 80' lang='grc' dir='ltr'><strong>τῷ</strong></span> <span class='ocrx_word' id='word_1_182' title='bbox 472 1769 544 1835; x_wconf 84' lang='grc' dir='ltr'>μή</span> <span class='ocrx_word' id='word_1_183' title='bbox 581 1764 1026 1837; x_wconf 83' lang='grc' dir='ltr'>συναριθμεῖσθαι</span> <span class='ocrx_word' id='word_1_184' title='bbox 1063 1767 1176 1826; x_wconf 76' lang='grc' dir='ltr'>τοῖς</span> <span class='ocrx_word' id='word_1_185' title='bbox 1217 1761 1334 1816; x_wconf 82' lang='grc' dir='ltr'>οὖσι</span> <span class='ocrx_word' id='word_1_186' title='bbox 1359 1761 1434 1815; x_wconf 59' lang='grc' dir='ltr'><strong>’τὸ</strong></span> <span class='ocrx_word' id='word_1_187' title='bbox 1481 1763 1697 1816; x_wconf 85' lang='grc' dir='ltr'>λεῖπον·</span> <span class='ocrx_word' id='word_1_188' title='bbox 1733 1762 1923 1816; x_wconf 74' lang='grc' dir='ltr'>ἕνδεκα</span> 
     </span>
    </p>
   </div>
   <div class='ocr_carea' id='block_1_27' title="bbox 2025 1489 3585 1560">
    <p class='ocr_par' dir='ltr' id='par_1_27' title="bbox 2025 1489 3585 1560">
     <span class='ocr_line' id='line_1_27' title="bbox 2025 1489 3585 1560; baseline 0.006 -19"><span class='ocrx_word' id='word_1_189' title='bbox 2025 1489 2234 1560; x_wconf 79' lang='lat' dir='ltr'><strong>integer</strong></span> <span class='ocrx_word' id='word_1_190' title='bbox 2260 1499 2377 1544; x_wconf 87' lang='lat' dir='ltr'><strong>erat</strong></span> <span class='ocrx_word' id='word_1_191' title='bbox 2405 1506 2594 1545; x_wconf 87' lang='lat' dir='ltr'><strong>eorum</strong></span> <span class='ocrx_word' id='word_1_192' title='bbox 2622 1499 2819 1555; x_wconf 66' lang='lat' dir='ltr'><strong>cintus,</strong></span> <span class='ocrx_word' id='word_1_193' title='bbox 2845 1499 3004 1544; x_wconf 89' lang='lat' dir='ltr'><strong>erant</strong></span> <span class='ocrx_word' id='word_1_194' title='bbox 3026 1507 3254 1547; x_wconf 89' lang='lat' dir='ltr'><strong>numero</strong></span> <span class='ocrx_word' id='word_1_195' title='bbox 3273 1495 3585 1550; x_wconf 80' lang='lat' dir='ltr'><strong>duodecim.</strong></span> 
     </span>
    </p>
   </div>
   <div class='ocr_carea' id='block_1_28' title="bbox 2023 1578 3586 1652">
    <p class='ocr_par' dir='ltr' id='par_1_28' title="bbox 2023 1578 3586 1652">
     <span class='ocr_line' id='line_1_28' title="bbox 2023 1578 3586 1652; baseline 0.005 -19"><span class='ocrx_word' id='word_1_196' title='bbox 2023 1578 2318 1652; x_wconf 80' lang='lat' dir='ltr'><strong>Postquam</strong></span> <span class='ocrx_word' id='word_1_197' title='bbox 2349 1591 2530 1637; x_wconf 92' lang='lat' dir='ltr'><strong>autem</strong></span> <span class='ocrx_word' id='word_1_198' title='bbox 2581 1582 2745 1652; x_wconf 84' lang='lat' dir='ltr'><strong>periit</strong></span> <span class='ocrx_word' id='word_1_199' title='bbox 2789 1582 2934 1637; x_wconf 91' lang='lat' dir='ltr'><strong>ﬁlius</strong></span> <span class='ocrx_word' id='word_1_200' title='bbox 2972 1583 3318 1652; x_wconf 86' lang='lat' dir='ltr'><strong>perditionis,</strong></span> <span class='ocrx_word' id='word_1_201' title='bbox 3357 1602 3586 1642; x_wconf 89' lang='lat' dir='ltr'><strong>mancus</strong></span> 
     </span>
    </p>
   </div>
   <div class='ocr_carea' id='block_1_29' title="bbox 2023 1673 3585 1745">
    <p class='ocr_par' dir='ltr' id='par_1_29' title="bbox 2023 1673 3585 1745">
     <span class='ocr_line' id='line_1_29' title="bbox 2023 1673 3585 1745; baseline 0.004 -18"><span class='ocrx_word' id='word_1_202' title='bbox 2023 1673 2126 1728; x_wconf 90' lang='lat' dir='ltr'><strong>fuit</strong></span> <span class='ocrx_word' id='word_1_203' title='bbox 2159 1689 2345 1729; x_wconf 78' lang='lat' dir='ltr'><strong>eorum</strong></span> <span class='ocrx_word' id='word_1_204' title='bbox 2395 1690 2681 1736; x_wconf 89' lang='lat' dir='ltr'><strong>numerus,</strong></span> <span class='ocrx_word' id='word_1_205' title='bbox 2733 1674 2878 1743; x_wconf 90' lang='lat' dir='ltr'><strong>quod</strong></span> <span class='ocrx_word' id='word_1_206' title='bbox 2933 1675 2985 1728; x_wconf 87' lang='lat' dir='ltr'><strong>id</strong></span> <span class='ocrx_word' id='word_1_207' title='bbox 3036 1677 3179 1745; x_wconf 89' lang='lat' dir='ltr'><strong>quod</strong></span> <span class='ocrx_word' id='word_1_208' title='bbox 3219 1677 3425 1737; x_wconf 86' lang='lat' dir='ltr'><strong>deerat.</strong></span> <span class='ocrx_word' id='word_1_209' title='bbox 3479 1695 3585 1734; x_wconf 88' lang='lat' dir='ltr'><strong>non</strong></span> 
     </span>
    </p>
   </div>
   <div class='ocr_carea' id='block_1_30' title="bbox 1972 1765 3585 1842">
    <p class='ocr_par' dir='ltr' id='par_1_30' title="bbox 1972 1765 3585 1842">
     <span class='ocr_line' id='line_1_30' title="bbox 1972 1765 3585 1842; baseline 0.005 -25"><span class='ocrx_word' id='word_1_210' title='bbox 1972 1765 2522 1842; x_wconf 33' lang='lat' dir='ltr'><strong>Vconnumerabatur</strong></span> <span class='ocrx_word' id='word_1_211' title='bbox 2549 1766 2690 1820; x_wconf 88' lang='lat' dir='ltr'><strong>inter</strong></span> <span class='ocrx_word' id='word_1_212' title='bbox 2710 1779 2805 1820; x_wconf 89' lang='lat' dir='ltr'><strong>eos</strong></span> <span class='ocrx_word' id='word_1_213' title='bbox 2832 1766 2924 1833; x_wconf 88' lang='lat' dir='ltr'><strong>qui</strong></span> <span class='ocrx_word' id='word_1_214' title='bbox 2953 1774 3128 1820; x_wconf 87' lang='lat' dir='ltr'><strong>erant.</strong></span> <span class='ocrx_word' id='word_1_215' title='bbox 3159 1766 3417 1824; x_wconf 87' lang='lat' dir='ltr'><strong>Undecim</strong></span> <span class='ocrx_word' id='word_1_216' title='bbox 3443 1773 3585 1825; x_wconf 87' lang='lat' dir='ltr'><strong>enim</strong></span> 
     </span>
    </p>
   </div>
   <div class='ocr_carea' id='block_1_31' title="bbox 358 1831 1917 1927">
    <p class='ocr_par' dir='ltr' id='par_1_31' title="bbox 358 1831 1917 1927">
     <span class='ocr_line' id='line_1_31' title="bbox 358 1831 1917 1927; baseline -0.002 -18"><span class='ocrx_word' id='word_1_217' title='bbox 358 1831 485 1926; x_wconf 71' lang='grc' dir='ltr'><strong>γάρ</strong></span> <span class='ocrx_word' id='word_1_218' title='bbox 505 1831 640 1927; x_wconf 82' lang='grc' dir='ltr'><strong>μετά</strong></span> <span class='ocrx_word' id='word_1_219' title='bbox 681 1831 770 1910; x_wconf 80' lang='lat' dir='ltr'><em>16v</em></span> <span class='ocrx_word' id='word_1_220' title='bbox 810 1831 1009 1909; x_wconf 43' lang='grc' dir='ltr'>λῐούδαν</span> <span class='ocrx_word' id='word_1_221' title='bbox 1037 1856 1132 1909; x_wconf 71' lang='grc' dir='ltr'><strong>καὶ</strong></span> <span class='ocrx_word' id='word_1_222' title='bbox 1160 1850 1299 1926; x_wconf 78' lang='grc' dir='ltr'>ἦσαν</span> <span class='ocrx_word' id='word_1_223' title='bbox 1335 1854 1429 1908; x_wconf 68' lang='grc' dir='ltr'><strong>καὶ</strong></span> <span class='ocrx_word' id='word_1_224' title='bbox 1454 1854 1814 1924; x_wconf 79' lang='grc' dir='ltr'>ὠνομάζοντο.</span> <span class='ocrx_word' id='word_1_225' title='bbox 1849 1853 1917 1907; x_wconf 84' lang='lat' dir='ltr'><em>T6</em></span> 
     </span>
    </p>
   </div>
   <div class='ocr_carea' id='block_1_32' title="bbox 2014 1831 3586 1927">
    <p class='ocr_par' dir='ltr' id='par_1_32' title="bbox 2023 1831 3586 1925">
     <span class='ocr_line' id='line_1_32' title="bbox 2023 1831 3586 1925; baseline 0.005 -16"><span class='ocrx_word' id='word_1_226' title='bbox 2023 1863 2150 1925; x_wconf 92' lang='lat' dir='ltr'><strong>post</strong></span> <span class='ocrx_word' id='word_1_227' title='bbox 2191 1855 2388 1909; x_wconf 81' lang='lat' dir='ltr'><strong>.ludam</strong></span> <span class='ocrx_word' id='word_1_228' title='bbox 2440 1865 2493 1911; x_wconf 90' lang='lat' dir='ltr'><strong>et</strong></span> <span class='ocrx_word' id='word_1_229' title='bbox 2530 1864 2689 1910; x_wconf 89' lang='lat' dir='ltr'><strong>erant</strong></span> <span class='ocrx_word' id='word_1_230' title='bbox 2719 1863 2774 1912; x_wconf 91' lang='lat' dir='ltr'><strong>et</strong></span> <span class='ocrx_word' id='word_1_231' title='bbox 2821 1831 3272 1916; x_wconf 82' lang='lat' dir='ltr'><strong>nominabantur.</strong></span> <span class='ocrx_word' id='word_1_232' title='bbox 3332 1859 3586 1917; x_wconf 76' lang='lat' dir='ltr'><strong>Defectus</strong></span> 
     </span>
    </p>
   </div>
   <div class='ocr_carea' id='block_1_33' title="bbox 356 1945 1921 2020">
    <p class='ocr_par' dir='ltr' id='par_1_33' title="bbox 356 1945 1921 2020">
     <span class='ocr_line' id='line_1_33' title="bbox 356 1945 1921 2020; baseline -0.004 -17"><span class='ocrx_word' id='word_1_233' title='bbox 356 1946 450 2003; x_wconf 83' lang='grc' dir='ltr'><strong>οῦν</strong></span> <span class='ocrx_word' id='word_1_234' title='bbox 495 1947 798 2020; x_wconf 82' lang='grc' dir='ltr'>ὑστέρημα,</span> <span class='ocrx_word' id='word_1_235' title='bbox 849 1948 1028 2017; x_wconf 73' lang='grc' dir='ltr'>φησὶν,</span> <span class='ocrx_word' id='word_1_236' title='bbox 1064 1947 1124 1999; x_wconf 81' lang='grc' dir='ltr'><strong>οὐ</strong></span> <span class='ocrx_word' id='word_1_237' title='bbox 1163 1947 1447 2017; x_wconf 77' lang='grc' dir='ltr'>δυνήσεται</span> <span class='ocrx_word' id='word_1_238' title='bbox 1486 1946 1579 1999; x_wconf 87' lang='grc' dir='ltr'><strong>τοῦ</strong></span> <span class='ocrx_word' id='word_1_239' title='bbox 1613 1945 1921 2018; x_wconf 84' lang='grc' dir='ltr'>ἀριθμηθῆ-</span> 
     </span>
    </p>
   </div>
   <div class='ocr_carea' id='block_1_34' title="bbox 357 2033 1921 2111">
    <p class='ocr_par' dir='ltr' id='par_1_34' title="bbox 357 2033 1921 2111">
     <span class='ocr_line' id='line_1_34' title="bbox 357 2033 1921 2111; baseline -0.004 -15"><span class='ocrx_word' id='word_1_240' title='bbox 357 2061 466 2097; x_wconf 84' lang='grc' dir='ltr'>ναι.</span> <span class='ocrx_word' id='word_1_241' title='bbox 509 2043 573 2095; x_wconf 89' lang='grc' dir='ltr'>Τί</span> <span class='ocrx_word' id='word_1_242' title='bbox 603 2041 757 2094; x_wconf 89' lang='grc' dir='ltr'>τοῦτο</span> <span class='ocrx_word' id='word_1_243' title='bbox 787 2041 1038 2111; x_wconf 81' lang='grc' dir='ltr'>σημαίνει</span> <span class='ocrx_word' id='word_1_244' title='bbox 1078 2038 1162 2091; x_wconf 87' lang='grc' dir='ltr'><strong>διά</strong></span> <span class='ocrx_word' id='word_1_245' title='bbox 1191 2038 1284 2091; x_wconf 90' lang='grc' dir='ltr'><strong>τοῦ</strong></span> <span class='ocrx_word' id='word_1_246' title='bbox 1317 2037 1513 2104; x_wconf 73' lang='grc' dir='ltr'>λόγους</span> <span class='ocrx_word' id='word_1_247' title='bbox 1547 2038 1666 2092; x_wconf 77' lang='grc' dir='ltr'>Ὀτι</span> <span class='ocrx_word' id='word_1_248' title='bbox 1694 2033 1762 2109; x_wconf 78' lang='grc' dir='ltr'>ἦν</span> <span class='ocrx_word' id='word_1_249' title='bbox 1791 2053 1921 2091; x_wconf 87' lang='grc' dir='ltr'>ποτε</span> 
     </span>
    </p>
   </div>
   <div class='ocr_carea' id='block_1_35' title="bbox 2021 1947 3588 2022">
    <p class='ocr_par' dir='ltr' id='par_1_35' title="bbox 2021 1947 3588 2022">
     <span class='ocr_line' id='line_1_35' title="bbox 2021 1947 3588 2022; baseline 0.003 -20"><span class='ocrx_word' id='word_1_250' title='bbox 2021 1963 2180 2018; x_wconf 87' lang='lat' dir='ltr'><strong>ergo,</strong></span> <span class='ocrx_word' id='word_1_251' title='bbox 2213 1949 2413 2017; x_wconf 88' lang='lat' dir='ltr'><strong>inquit,</strong></span> <span class='ocrx_word' id='word_1_252' title='bbox 2444 1963 2554 2002; x_wconf 91' lang='lat' dir='ltr'><strong>non</strong></span> <span class='ocrx_word' id='word_1_253' title='bbox 2588 1949 2791 2017; x_wconf 85' lang='lat' dir='ltr'><strong>poterit</strong></span> <span class='ocrx_word' id='word_1_254' title='bbox 2827 1949 3129 2004; x_wconf 90' lang='lat' dir='ltr'><strong>numerari.</strong></span> <span class='ocrx_word' id='word_1_255' title='bbox 3166 1947 3308 2015; x_wconf 83' lang='lat' dir='ltr'><strong>Quid</strong></span> <span class='ocrx_word' id='word_1_256' title='bbox 3337 1966 3466 2022; x_wconf 86' lang='lat' dir='ltr'><strong>ergo</strong></span> <span class='ocrx_word' id='word_1_257' title='bbox 3492 1967 3588 2022; x_wconf 84' lang='lat' dir='ltr'><strong>per</strong></span> 
     </span>
    </p>
   </div>
   <div class='ocr_carea' id='block_1_36' title="bbox 2025 2037 3585 2111">
    <p class='ocr_par' dir='ltr' id='par_1_36' title="bbox 2025 2037 3585 2111">
     <span class='ocr_line' id='line_1_36' title="bbox 2025 2037 3585 2111; baseline 0.002 -20"><span class='ocrx_word' id='word_1_258' title='bbox 2025 2038 2128 2092; x_wconf 89' lang='lat' dir='ltr'><strong>hoc</strong></span> <span class='ocrx_word' id='word_1_259' title='bbox 2157 2037 2551 2107; x_wconf 87' lang='lat' dir='ltr'><strong>signiﬁcatur?</strong></span> <span class='ocrx_word' id='word_1_260' title='bbox 2580 2037 2808 2093; x_wconf 86' lang='lat' dir='ltr'><strong>Fuimus</strong></span> <span class='ocrx_word' id='word_1_261' title='bbox 2837 2046 2890 2092; x_wconf 89' lang='lat' dir='ltr'><strong>et</strong></span> <span class='ocrx_word' id='word_1_262' title='bbox 2921 2055 3022 2092; x_wconf 91' lang='lat' dir='ltr'><strong>nos</strong></span> <span class='ocrx_word' id='word_1_263' title='bbox 3043 2055 3262 2110; x_wconf 91' lang='lat' dir='ltr'><strong>quoque</strong></span> <span class='ocrx_word' id='word_1_264' title='bbox 3287 2041 3585 2111; x_wconf 83' lang='lat' dir='ltr'><strong>aliquando</strong></span> 
     </span>
    </p>
   </div>
   <div class='ocr_carea' id='block_1_37' title="bbox 356 2128 1917 2201">
    <p class='ocr_par' dir='ltr' id='par_1_37' title="bbox 356 2128 1917 2201">
     <span class='ocr_line' id='line_1_37' title="bbox 356 2128 1917 2201; baseline -0.004 -14"><span class='ocrx_word' id='word_1_265' title='bbox 356 2136 450 2187; x_wconf 74' lang='grc' dir='ltr'><strong>καὶ</strong></span> <span class='ocrx_word' id='word_1_266' title='bbox 482 2133 542 2186; x_wconf 85' lang='grc' dir='ltr'><strong>τὸ</strong></span> <span class='ocrx_word' id='word_1_267' title='bbox 570 2132 689 2186; x_wconf 84' lang='grc' dir='ltr'>καθ’</span> <span class='ocrx_word' id='word_1_268' title='bbox 719 2134 750 2201; x_wconf 75' lang='grc' dir='ltr'>ἡ</span> <span class='ocrx_word' id='word_1_269' title='bbox 762 2132 867 2200; x_wconf 81' lang='grc' dir='ltr'><strong>μᾶς</strong></span> <span class='ocrx_word' id='word_1_270' title='bbox 903 2129 979 2201; x_wconf 83' lang='grc' dir='ltr'><strong>τῷ</strong></span> <span class='ocrx_word' id='word_1_271' title='bbox 1028 2129 1189 2182; x_wconf 77' lang='grc' dir='ltr'>παντὶ</span> <span class='ocrx_word' id='word_1_272' title='bbox 1235 2129 1579 2198; x_wconf 71' lang='grc' dir='ltr'>ἐναρίθμιονο</span> <span class='ocrx_word' id='word_1_273' title='bbox 1615 2128 1917 2182; x_wconf 81' lang='grc' dir='ltr'>συνετελοῦ-</span> 
     </span>
    </p>
   </div>
   <div class='ocr_carea' id='block_1_38' title="bbox 2014 2128 3585 2201">
    <p class='ocr_par' dir='ltr' id='par_1_38' title="bbox 2022 2130 3585 2190">
     <span class='ocr_line' id='line_1_38' title="bbox 2022 2130 3585 2190; baseline 0.005 -8"><span class='ocrx_word' id='word_1_274' title='bbox 2022 2130 2077 2182; x_wconf 91' lang='lat' dir='ltr'><strong>in</strong></span> <span class='ocrx_word' id='word_1_275' title='bbox 2138 2144 2370 2183; x_wconf 88' lang='lat' dir='ltr'><strong>numero</strong></span> <span class='ocrx_word' id='word_1_276' title='bbox 2421 2131 2850 2185; x_wconf 90' lang='lat' dir='ltr'><strong>universorum:</strong></span> <span class='ocrx_word' id='word_1_277' title='bbox 2903 2130 3281 2187; x_wconf 87' lang='lat' dir='ltr'><strong>referebamur</strong></span> <span class='ocrx_word' id='word_1_278' title='bbox 3335 2135 3480 2187; x_wconf 90' lang='lat' dir='ltr'><strong>enim</strong></span> <span class='ocrx_word' id='word_1_279' title='bbox 3529 2134 3585 2190; x_wconf 88' lang='lat' dir='ltr'><strong>in</strong></span> 
     </span>
    </p>
   </div>
   <div class='ocr_carea' id='block_1_39' title="bbox 360 2219 1917 2312">
    <p class='ocr_par' dir='ltr' id='par_1_39' title="bbox 360 2221 1917 2294">
     <span class='ocr_line' id='line_1_39' title="bbox 360 2221 1917 2294; baseline -0.003 -16"><span class='ocrx_word' id='word_1_280' title='bbox 360 2243 460 2292; x_wconf 90' lang='grc' dir='ltr'><strong>μεν</strong></span> <span class='ocrx_word' id='word_1_281' title='bbox 503 2225 612 2294; x_wconf 81' lang='grc' dir='ltr'><strong>γάρ</strong></span> <span class='ocrx_word' id='word_1_282' title='bbox 659 2223 751 2276; x_wconf 74' lang='grc' dir='ltr'>καὶ</span> <span class='ocrx_word' id='word_1_283' title='bbox 790 2225 948 2292; x_wconf 79' lang='grc' dir='ltr'>ἡμεῖς</span> <span class='ocrx_word' id='word_1_284' title='bbox 985 2225 1064 2284; x_wconf 84' lang='grc' dir='ltr'><strong>είς</strong></span> <span class='ocrx_word' id='word_1_285' title='bbox 1090 2223 1189 2291; x_wconf 73' lang='grc' dir='ltr'>τὴν</span> <span class='ocrx_word' id='word_1_286' title='bbox 1219 2221 1367 2290; x_wconf 83' lang='grc' dir='ltr'>ἱερὰν</span> <span class='ocrx_word' id='word_1_287' title='bbox 1391 2222 1499 2273; x_wconf 86' lang='grc' dir='ltr'><strong>τῶν</strong></span> <span class='ocrx_word' id='word_1_288' title='bbox 1528 2221 1760 2289; x_wconf 79' lang='grc' dir='ltr'>λογικῶν</span> <span class='ocrx_word' id='word_1_289' title='bbox 1787 2238 1917 2293; x_wconf 89' lang='grc' dir='ltr'>προ-</span> 
     </span>
    </p>
   </div>
   <div class='ocr_carea' id='block_1_40' title="bbox 2014 2219 3584 2312">
    <p class='ocr_par' dir='ltr' id='par_1_40' title="bbox 2020 2219 3584 2290">
     <span class='ocr_line' id='line_1_40' title="bbox 2020 2219 3584 2290; baseline 0.005 -17"><span class='ocrx_word' id='word_1_290' title='bbox 2020 2219 2323 2288; x_wconf 86' lang='lat' dir='ltr'><strong>catalogum</strong></span> <span class='ocrx_word' id='word_1_291' title='bbox 2378 2220 2560 2274; x_wconf 90' lang='lat' dir='ltr'><strong>ovium</strong></span> <span class='ocrx_word' id='word_1_292' title='bbox 2595 2222 2810 2276; x_wconf 79' lang='lat' dir='ltr'><strong>ratione</strong></span> <span class='ocrx_word' id='word_1_293' title='bbox 2840 2223 3188 2290; x_wconf 77' lang='lat' dir='ltr'><strong>praeditarum</strong></span> <span class='ocrx_word' id='word_1_294' title='bbox 3223 2225 3362 2278; x_wconf 88' lang='lat' dir='ltr'><strong>sacri</strong></span> <span class='ocrx_word' id='word_1_295' title='bbox 3397 2234 3584 2281; x_wconf 91' lang='lat' dir='ltr'><strong>cente-</strong></span> 
     </span>
    </p>
   </div>
   <div class='ocr_carea' id='block_1_41' title="bbox 356 2307 1917 2383">
    <p class='ocr_par' dir='ltr' id='par_1_41' title="bbox 356 2311 1917 2383">
     <span class='ocr_line' id='line_1_41' title="bbox 356 2311 1917 2383; baseline -0.003 -13"><span class='ocrx_word' id='word_1_296' title='bbox 356 2319 534 2372; x_wconf 75' lang='grc' dir='ltr'>ϐάτων</span> <span class='ocrx_word' id='word_1_297' title='bbox 583 2314 928 2368; x_wconf 80' lang='grc' dir='ltr'>ἐκατοντάδα.</span> <span class='ocrx_word' id='word_1_298' title='bbox 991 2313 1209 2383; x_wconf 81' lang='grc' dir='ltr'>Ἐπειδὴ</span> <span class='ocrx_word' id='word_1_299' title='bbox 1259 2312 1315 2365; x_wconf 74' lang='grc' dir='ltr'>δὲ</span> <span class='ocrx_word' id='word_1_300' title='bbox 1356 2312 1768 2383; x_wconf 77' lang='grc' dir='ltr'>ἀπεδουκολήθη</span> <span class='ocrx_word' id='word_1_301' title='bbox 1821 2311 1917 2383; x_wconf 86' lang='grc' dir='ltr'><strong>τῆς</strong></span> 
     </span>
    </p>
   </div>
   <div class='ocr_carea' id='block_1_42' title="bbox 2014 2307 3584 2383">
    <p class='ocr_par' dir='ltr' id='par_1_42' title="bbox 2014 2307 3584 2383">
     <span class='ocr_line' id='line_1_42' title="bbox 2014 2307 3584 2383; baseline 0.003 -21"><span class='ocrx_word' id='word_1_302' title='bbox 2014 2308 2182 2362; x_wconf 81' lang='lat' dir='ltr'><strong>uarii.</strong></span> <span class='ocrx_word' id='word_1_303' title='bbox 2214 2307 2507 2378; x_wconf 84' lang='lat' dir='ltr'><strong>Postquam</strong></span> <span class='ocrx_word' id='word_1_304' title='bbox 2543 2321 2722 2364; x_wconf 90' lang='lat' dir='ltr'><strong>autem</strong></span> <span class='ocrx_word' id='word_1_305' title='bbox 2771 2326 2801 2364; x_wconf 93' lang='lat' dir='ltr'><strong>a</strong></span> <span class='ocrx_word' id='word_1_306' title='bbox 2834 2315 3110 2367; x_wconf 87' lang='lat' dir='ltr'><strong>montanis</strong></span> <span class='ocrx_word' id='word_1_307' title='bbox 3158 2314 3380 2383; x_wconf 81' lang='lat' dir='ltr'><strong>pascuis</strong></span> <span class='ocrx_word' id='word_1_308' title='bbox 3423 2316 3584 2370; x_wconf 87' lang='lat' dir='ltr'><strong>aber-</strong></span> 
     </span>
    </p>
   </div>
   <div class='ocr_carea' id='block_1_43' title="bbox 352 2398 1917 2481">
    <p class='ocr_par' dir='ltr' id='par_1_43' title="bbox 352 2403 1917 2481">
     <span class='ocr_line' id='line_1_43' title="bbox 352 2403 1917 2481; baseline -0.004 -19"><span class='ocrx_word' id='word_1_309' title='bbox 352 2409 533 2481; x_wconf 87' lang='grc' dir='ltr'>όρείου</span> <span class='ocrx_word' id='word_1_310' title='bbox 581 2407 855 2476; x_wconf 75' lang='grc' dir='ltr'><strong>διαγωγῆς</strong></span> <span class='ocrx_word' id='word_1_311' title='bbox 881 2404 940 2459; x_wconf 86' lang='lat'><strong>16</strong></span> <span class='ocrx_word' id='word_1_312' title='bbox 983 2405 1039 2457; x_wconf 83' lang='grc' dir='ltr'>ἓν</span> <span class='ocrx_word' id='word_1_313' title='bbox 1073 2404 1358 2475; x_wconf 76' lang='grc' dir='ltr'>πρόϐατον,</span> <span class='ocrx_word' id='word_1_314' title='bbox 1395 2407 1426 2473; x_wconf 82' lang='grc' dir='ltr'><strong>ἡ</strong></span> <span class='ocrx_word' id='word_1_315' title='bbox 1462 2404 1706 2474; x_wconf 74' lang='grc' dir='ltr'>ἡμετέρα</span> <span class='ocrx_word' id='word_1_316' title='bbox 1737 2403 1917 2472; x_wconf 86' lang='grc' dir='ltr'>φύσις,</span> 
     </span>
    </p>
   </div>
   <div class='ocr_carea' id='block_1_44' title="bbox 2014 2398 3584 2481">
    <p class='ocr_par' dir='ltr' id='par_1_44' title="bbox 2020 2398 3584 2473">
     <span class='ocr_line' id='line_1_44' title="bbox 2020 2398 3584 2473; baseline 0.006 -22"><span class='ocrx_word' id='word_1_317' title='bbox 2020 2398 2161 2451; x_wconf 85' lang='lat' dir='ltr'><strong>ravit</strong></span> <span class='ocrx_word' id='word_1_318' title='bbox 2191 2399 2309 2454; x_wconf 90' lang='lat' dir='ltr'><strong>ovis</strong></span> <span class='ocrx_word' id='word_1_319' title='bbox 2339 2414 2468 2464; x_wconf 89' lang='lat' dir='ltr'><strong>una,</strong></span> <span class='ocrx_word' id='word_1_320' title='bbox 2505 2415 2717 2468; x_wconf 86' lang='lat' dir='ltr'><strong>nempe,</strong></span> <span class='ocrx_word' id='word_1_321' title='bbox 2770 2410 2953 2455; x_wconf 90' lang='lat' dir='ltr'><strong>nostra</strong></span> <span class='ocrx_word' id='word_1_322' title='bbox 2985 2415 3200 2464; x_wconf 84' lang='lat' dir='ltr'><strong>natura,</strong></span> <span class='ocrx_word' id='word_1_323' title='bbox 3248 2419 3345 2473; x_wconf 89' lang='lat' dir='ltr'><strong>per</strong></span> <span class='ocrx_word' id='word_1_324' title='bbox 3386 2406 3584 2461; x_wconf 81' lang='lat' dir='ltr'><strong>vitium</strong></span> 
     </span>
    </p>
   </div>
   <div class='ocr_carea' id='block_1_45' title="bbox 352 2487 1917 2570">
    <p class='ocr_par' dir='ltr' id='par_1_45' title="bbox 352 2495 1917 2570">
     <span class='ocr_line' id='line_1_45' title="bbox 352 2495 1917 2570; baseline -0.003 -15"><span class='ocrx_word' id='word_1_325' title='bbox 352 2503 441 2555; x_wconf 78' lang='grc' dir='ltr'>διὰ</span> <span class='ocrx_word' id='word_1_326' title='bbox 471 2500 665 2563; x_wconf 88' lang='grc' dir='ltr'>κακίας</span> <span class='ocrx_word' id='word_1_327' title='bbox 694 2499 830 2569; x_wconf 74' lang='grc' dir='ltr'>πρὸς</span> <span class='ocrx_word' id='word_1_328' title='bbox 879 2497 968 2550; x_wconf 78' lang='grc' dir='ltr'>τὸν</span> <span class='ocrx_word' id='word_1_329' title='bbox 988 2496 1256 2569; x_wconf 47' lang='lat' dir='ltr'><strong>ﬁliumin.</strong></span> <span class='ocrx_word' id='word_1_330' title='bbox 1279 2495 1474 2551; x_wconf 78' lang='grc' dir='ltr'>τοῦτον</span> <span class='ocrx_word' id='word_1_331' title='bbox 1506 2496 1598 2548; x_wconf 75' lang='grc' dir='ltr'>καὶ</span> <span class='ocrx_word' id='word_1_332' title='bbox 1617 2557 1620 2559; x_wconf 21' lang='grc' dir='ltr'>λ</span> <span class='ocrx_word' id='word_1_333' title='bbox 1640 2495 1917 2570; x_wconf 67' lang='grc' dir='ltr'>αὐχμηρρν</span> 
     </span>
    </p>
   </div>
   <div class='ocr_carea' id='block_1_46' title="bbox 2014 2487 3582 2570">
    <p class='ocr_par' dir='ltr' id='par_1_46' title="bbox 2020 2487 3582 2559">
     <span class='ocr_line' id='line_1_46' title="bbox 2020 2487 3582 2559; baseline 0.007 -18"><span class='ocrx_word' id='word_1_334' title='bbox 2020 2487 2087 2541; x_wconf 89' lang='lat' dir='ltr'><strong>ad</strong></span> <span class='ocrx_word' id='word_1_335' title='bbox 2123 2488 2269 2542; x_wconf 91' lang='lat' dir='ltr'><strong>hunc</strong></span> <span class='ocrx_word' id='word_1_336' title='bbox 2305 2489 2516 2542; x_wconf 88' lang='lat' dir='ltr'><strong>aridum</strong></span> <span class='ocrx_word' id='word_1_337' title='bbox 2546 2497 2601 2544; x_wconf 89' lang='lat' dir='ltr'><strong>et</strong></span> <span class='ocrx_word' id='word_1_338' title='bbox 2627 2490 2895 2543; x_wconf 90' lang='lat' dir='ltr'><strong>incultum</strong></span> <span class='ocrx_word' id='word_1_339' title='bbox 2926 2493 3105 2545; x_wconf 85' lang='lat' dir='ltr'><strong>locum</strong></span> <span class='ocrx_word' id='word_1_340' title='bbox 3135 2493 3435 2559; x_wconf 87' lang='lat' dir='ltr'><strong>abstracta,</strong></span> <span class='ocrx_word' id='word_1_341' title='bbox 3470 2511 3582 2552; x_wconf 90' lang='lat' dir='ltr'><strong>non</strong></span> 
     </span>
    </p>
   </div>
   <div class='ocr_carea' id='block_1_47' title="bbox 351 2579 1917 2657">
    <p class='ocr_par' dir='ltr' id='par_1_47' title="bbox 351 2585 1917 2657">
     <span class='ocr_line' id='line_1_47' title="bbox 351 2585 1917 2657; baseline -0.003 -12"><span class='ocrx_word' id='word_1_342' title='bbox 351 2593 517 2645; x_wconf 80' lang='grc' dir='ltr'>τόπον</span> <span class='ocrx_word' id='word_1_343' title='bbox 548 2588 1007 2657; x_wconf 79' lang='grc' dir='ltr'>κατασπασθεῖσα,</span> <span class='ocrx_word' id='word_1_344' title='bbox 1055 2585 1236 2640; x_wconf 83' lang='grc' dir='ltr'>οὑκὲτι</span> <span class='ocrx_word' id='word_1_345' title='bbox 1277 2585 1304 2637; x_wconf 83' lang='grc' dir='ltr'><strong>ὁ</strong></span> <span class='ocrx_word' id='word_1_346' title='bbox 1351 2587 1512 2650; x_wconf 78' lang='grc' dir='ltr'>αὑτὸς</span> <span class='ocrx_word' id='word_1_347' title='bbox 1555 2586 1784 2657; x_wconf 80' lang='grc' dir='ltr'>ἀριθμὸς</span> <span class='ocrx_word' id='word_1_348' title='bbox 1827 2589 1917 2648; x_wconf 70' lang='grc' dir='ltr'>ἐπὶ</span> 
     </span>
    </p>
   </div>
   <div class='ocr_carea' id='block_1_48' title="bbox 2014 2579 3582 2657">
    <p class='ocr_par' dir='ltr' id='par_1_48' title="bbox 2019 2579 3582 2656">
     <span class='ocr_line' id='line_1_48' title="bbox 2019 2579 3582 2656; baseline 0.007 -26"><span class='ocrx_word' id='word_1_349' title='bbox 2019 2579 2255 2647; x_wconf 87' lang='lat' dir='ltr'><strong>amplius</strong></span> <span class='ocrx_word' id='word_1_350' title='bbox 2305 2590 2772 2635; x_wconf 88' lang='lat' dir='ltr'><strong>commemoratur</strong></span> <span class='ocrx_word' id='word_1_351' title='bbox 2822 2581 2962 2635; x_wconf 88' lang='lat' dir='ltr'><strong>idem</strong></span> <span class='ocrx_word' id='word_1_352' title='bbox 3008 2599 3270 2638; x_wconf 88' lang='lat' dir='ltr'><strong>numerus</strong></span> <span class='ocrx_word' id='word_1_353' title='bbox 3323 2585 3376 2638; x_wconf 91' lang='lat' dir='ltr'><strong>in</strong></span> <span class='ocrx_word' id='word_1_354' title='bbox 3422 2601 3582 2656; x_wconf 85' lang='lat' dir='ltr'><strong>grege</strong></span> 
     </span>
    </p>
   </div>
   <div class='ocr_carea' id='block_1_49' title="bbox 350 2660 1917 2751">
    <p class='ocr_par' dir='ltr' id='par_1_49' title="bbox 350 2665 1917 2751">
     <span class='ocr_line' id='line_1_49' title="bbox 350 2665 1917 2751; baseline -0.005 -13"><span class='ocrx_word' id='word_1_355' title='bbox 350 2665 728 2751; x_wconf 51' lang='grc' dir='ltr'>τδτποίμνίου</span> <span class='ocrx_word' id='word_1_356' title='bbox 760 2679 868 2732; x_wconf 88' lang='grc' dir='ltr'><strong>τῶν</strong></span> <span class='ocrx_word' id='word_1_357' title='bbox 902 2679 1154 2731; x_wconf 82' lang='grc' dir='ltr'>ἀπλανῶν</span> <span class='ocrx_word' id='word_1_358' title='bbox 1187 2678 1601 2750; x_wconf 83' lang='grc' dir='ltr'>μνημονεύεται,</span> <span class='ocrx_word' id='word_1_359' title='bbox 1634 2679 1749 2733; x_wconf 85' lang='grc' dir='ltr'>ἀλλ’</span> <span class='ocrx_word' id='word_1_360' title='bbox 1800 2678 1917 2731; x_wconf 70' lang='grc' dir='ltr'>ἔνε-</span> 
     </span>
    </p>
   </div>
   <div class='ocr_carea' id='block_1_50' title="bbox 2014 2660 3582 2751">
    <p class='ocr_par' dir='ltr' id='par_1_50' title="bbox 2018 2671 3582 2740">
     <span class='ocr_line' id='line_1_50' title="bbox 2018 2671 3582 2740; baseline 0.004 -17"><span class='ocrx_word' id='word_1_361' title='bbox 2018 2683 2207 2723; x_wconf 89' lang='lat' dir='ltr'><strong>earum</strong></span> <span class='ocrx_word' id='word_1_362' title='bbox 2237 2685 2359 2740; x_wconf 67' lang='lat' dir='ltr'><strong>quae</strong></span> <span class='ocrx_word' id='word_1_363' title='bbox 2389 2684 2496 2723; x_wconf 92' lang='lat' dir='ltr'><strong>non</strong></span> <span class='ocrx_word' id='word_1_364' title='bbox 2521 2671 2868 2734; x_wconf 80' lang='lat' dir='ltr'><strong>aberrarunt,</strong></span> <span class='ocrx_word' id='word_1_365' title='bbox 2897 2671 2992 2727; x_wconf 89' lang='lat' dir='ltr'><strong>sed</strong></span> <span class='ocrx_word' id='word_1_366' title='bbox 3021 2673 3374 2728; x_wconf 89' lang='lat' dir='ltr'><strong>nominantur</strong></span> <span class='ocrx_word' id='word_1_367' title='bbox 3403 2691 3582 2730; x_wconf 89' lang='lat' dir='ltr'><strong>nona-</strong></span> 
     </span>
    </p>
   </div>
   <div class='ocr_carea' id='block_1_51' title="bbox 341 2745 1917 2844">
    <p class='ocr_par' dir='ltr' id='par_1_51' title="bbox 341 2767 1917 2844">
     <span class='ocr_line' id='line_1_51' title="bbox 341 2767 1917 2844; baseline -0.004 -18"><span class='ocrx_word' id='word_1_368' title='bbox 341 2774 580 2844; x_wconf 81' lang='grc' dir='ltr'>νήκοντα</span> <span class='ocrx_word' id='word_1_369' title='bbox 597 2772 689 2825; x_wconf 72' lang='grc' dir='ltr'><strong>καὶ</strong></span> <span class='ocrx_word' id='word_1_370' title='bbox 702 2769 854 2822; x_wconf 79' lang='grc' dir='ltr'>ἐννέα</span> <span class='ocrx_word' id='word_1_371' title='bbox 898 2768 1384 2836; x_wconf 80' lang='grc' dir='ltr'>κατονομάζονται·</span> <span class='ocrx_word' id='word_1_372' title='bbox 1424 2767 1486 2820; x_wconf 87' lang='grc' dir='ltr'><strong>τὸ</strong></span> <span class='ocrx_word' id='word_1_373' title='bbox 1534 2767 1643 2839; x_wconf 87' lang='grc' dir='ltr'><strong>γάρ</strong></span> <span class='ocrx_word' id='word_1_374' title='bbox 1691 2768 1917 2838; x_wconf 85' lang='grc' dir='ltr'>μάταιον</span> 
     </span>
    </p>
   </div>
   <div class='ocr_carea' id='block_1_52' title="bbox 2014 2745 3579 2844">
    <p class='ocr_par' dir='ltr' id='par_1_52' title="bbox 2018 2759 3579 2830">
     <span class='ocr_line' id='line_1_52' title="bbox 2018 2759 3579 2830; baseline 0.004 -16"><span class='ocrx_word' id='word_1_375' title='bbox 2018 2759 2168 2830; x_wconf 76' lang='lat' dir='ltr'><strong>ginta</strong></span> <span class='ocrx_word' id='word_1_376' title='bbox 2197 2769 2252 2816; x_wconf 86' lang='lat' dir='ltr'><strong>et</strong></span> <span class='ocrx_word' id='word_1_377' title='bbox 2284 2777 2478 2816; x_wconf 88' lang='lat' dir='ltr'><strong>novem</strong></span> <span class='ocrx_word' id='word_1_378' title='bbox 2507 2780 2522 2815; x_wconf 90' lang='lat'><strong>:</strong></span> <span class='ocrx_word' id='word_1_379' title='bbox 2557 2777 2680 2815; x_wconf 90' lang='lat' dir='ltr'><strong>nam</strong></span> <span class='ocrx_word' id='word_1_380' title='bbox 2727 2779 2927 2816; x_wconf 89' lang='lat' dir='ltr'><strong>vanum</strong></span> <span class='ocrx_word' id='word_1_381' title='bbox 2959 2770 3043 2818; x_wconf 88' lang='lat' dir='ltr'><strong>est</strong></span> <span class='ocrx_word' id='word_1_382' title='bbox 3091 2774 3246 2818; x_wconf 80' lang='lat' dir='ltr'><strong>extra</strong></span> <span class='ocrx_word' id='word_1_383' title='bbox 3293 2781 3579 2822; x_wconf 85' lang='lat' dir='ltr'><strong>numerum</strong></span> 
     </span>
    </p>
   </div>
   <div class='ocr_carea' id='block_1_53' title="bbox 350 2847 1917 2929">
    <p class='ocr_par' dir='ltr' id='par_1_53' title="bbox 350 2857 1915 2929">
     <span class='ocr_line' id='line_1_53' title="bbox 350 2857 1915 2929; baseline -0.001 -15"><span class='ocrx_word' id='word_1_384' title='bbox 350 2863 458 2927; x_wconf 76' lang='grc' dir='ltr'><strong>ἔξω</strong></span> <span class='ocrx_word' id='word_1_385' title='bbox 490 2861 582 2913; x_wconf 88' lang='grc' dir='ltr'><strong>τοῦ</strong></span> <span class='ocrx_word' id='word_1_386' title='bbox 611 2857 842 2929; x_wconf 79' lang='grc' dir='ltr'>ἀριθμοῦ</span> <span class='ocrx_word' id='word_1_387' title='bbox 871 2859 979 2912; x_wconf 88' lang='grc' dir='ltr'><strong>τῶν</strong></span> <span class='ocrx_word' id='word_1_388' title='bbox 1011 2859 1335 2926; x_wconf 78' lang='grc' dir='ltr'>ὑφεστώτων</span> <span class='ocrx_word' id='word_1_389' title='bbox 1367 2857 1729 2927; x_wconf 68' lang='grc' dir='ltr'>γίνεταινδιότι</span> <span class='ocrx_word' id='word_1_390' title='bbox 1761 2859 1915 2912; x_wconf 89' lang='grc' dir='ltr'>ὑστέ-</span> 
     </span>
    </p>
   </div>
   <div class='ocr_carea' id='block_1_54' title="bbox 2014 2847 3583 2929">
    <p class='ocr_par' dir='ltr' id='par_1_54' title="bbox 2016 2847 3583 2925">
     <span class='ocr_line' id='line_1_54' title="bbox 2016 2847 3583 2925; baseline 0.004 -23"><span class='ocrx_word' id='word_1_391' title='bbox 2016 2847 2136 2919; x_wconf 88' lang='lat' dir='ltr'><strong>ejus</strong></span> <span class='ocrx_word' id='word_1_392' title='bbox 2173 2850 2316 2919; x_wconf 88' lang='lat' dir='ltr'><strong>quod</strong></span> <span class='ocrx_word' id='word_1_393' title='bbox 2347 2851 2603 2905; x_wconf 86' lang='lat' dir='ltr'><strong>consistit</strong></span> <span class='ocrx_word' id='word_1_394' title='bbox 2631 2869 2645 2917; x_wconf 93' lang='lat'><strong>;</strong></span> <span class='ocrx_word' id='word_1_395' title='bbox 2674 2851 2933 2920; x_wconf 88' lang='lat' dir='ltr'><strong>quoniam</strong></span> <span class='ocrx_word' id='word_1_396' title='bbox 2964 2851 3211 2906; x_wconf 78' lang='lat' dir='ltr'><strong>defectus</strong></span> <span class='ocrx_word' id='word_1_397' title='bbox 3243 2870 3350 2908; x_wconf 94' lang='lat' dir='ltr'><strong>non</strong></span> <span class='ocrx_word' id='word_1_398' title='bbox 3383 2857 3583 2925; x_wconf 89' lang='lat' dir='ltr'><strong>poterit</strong></span> 
     </span>
    </p>
   </div>
   <div class='ocr_carea' id='block_1_55' title="bbox 352 2941 1917 3024">
    <p class='ocr_par' dir='ltr' id='par_1_55' title="bbox 352 2946 1915 3024">
     <span class='ocr_line' id='line_1_55' title="bbox 352 2946 1915 3024; baseline 0 -19"><span class='ocrx_word' id='word_1_399' title='bbox 352 2970 504 3024; x_wconf 87' lang='grc' dir='ltr'>ρημα</span> <span class='ocrx_word' id='word_1_400' title='bbox 552 2953 611 3004; x_wconf 86' lang='grc' dir='ltr'><strong>οὑ</strong></span> <span class='ocrx_word' id='word_1_401' title='bbox 659 2952 943 3021; x_wconf 82' lang='grc' dir='ltr'>δυνήσεται</span> <span class='ocrx_word' id='word_1_402' title='bbox 986 2951 1081 3003; x_wconf 91' lang='grc' dir='ltr'><strong>τοῦ</strong></span> <span class='ocrx_word' id='word_1_403' title='bbox 1138 2949 1527 3021; x_wconf 79' lang='grc' dir='ltr'>ἀριθμηθῆναι.</span> <span class='ocrx_word' id='word_1_404' title='bbox 1575 2946 1778 3003; x_wconf 85' lang='grc' dir='ltr'>Ἦλθεν</span> <span class='ocrx_word' id='word_1_405' title='bbox 1822 2947 1915 3005; x_wconf 79' lang='grc' dir='ltr'><strong>οὖν</strong></span> 
     </span>
    </p>
   </div>
   <div class='ocr_carea' id='block_1_56' title="bbox 2014 2941 3579 3024">
    <p class='ocr_par' dir='ltr' id='par_1_56' title="bbox 2017 2941 3579 3012">
     <span class='ocr_line' id='line_1_56' title="bbox 2017 2941 3579 3012; baseline 0.004 -17"><span class='ocrx_word' id='word_1_406' title='bbox 2017 2943 2314 2996; x_wconf 90' lang='lat' dir='ltr'><strong>numerari.</strong></span> <span class='ocrx_word' id='word_1_407' title='bbox 2345 2941 2506 2997; x_wconf 81' lang='lat' dir='ltr'><strong>Venit</strong></span> <span class='ocrx_word' id='word_1_408' title='bbox 2527 2959 2657 3012; x_wconf 87' lang='lat' dir='ltr'><strong>ergo</strong></span> <span class='ocrx_word' id='word_1_409' title='bbox 2690 2945 2753 2996; x_wconf 87' lang='lat' dir='ltr'><strong>ad</strong></span> <span class='ocrx_word' id='word_1_410' title='bbox 2785 2945 3138 3012; x_wconf 66' lang='lat' dir='ltr'><strong>qnarendum</strong></span> <span class='ocrx_word' id='word_1_411' title='bbox 3171 2956 3222 2999; x_wconf 86' lang='lat' dir='ltr'><strong>et</strong></span> <span class='ocrx_word' id='word_1_412' title='bbox 3251 2948 3579 3002; x_wconf 82' lang='lat' dir='ltr'><strong>servandum</strong></span> 
     </span>
    </p>
   </div>
   <div class='ocr_carea' id='block_1_57' title="bbox 350 3032 1917 3112">
    <p class='ocr_par' dir='ltr' id='par_1_57' title="bbox 350 3038 1914 3112">
     <span class='ocr_line' id='line_1_57' title="bbox 350 3038 1914 3112; baseline 0.001 -18"><span class='ocrx_word' id='word_1_413' title='bbox 350 3041 582 3112; x_wconf 81' lang='grc' dir='ltr'>ζητῆσαι</span> <span class='ocrx_word' id='word_1_414' title='bbox 625 3041 720 3093; x_wconf 75' lang='grc' dir='ltr'><strong>καὶ</strong></span> <span class='ocrx_word' id='word_1_415' title='bbox 752 3039 919 3093; x_wconf 86' lang='grc' dir='ltr'>σῶσαι</span> <span class='ocrx_word' id='word_1_416' title='bbox 946 3040 1005 3092; x_wconf 88' lang='lat'><strong>16</strong></span> <span class='ocrx_word' id='word_1_417' title='bbox 1040 3039 1336 3102; x_wconf 77' lang='grc' dir='ltr'>ἀπολωλὸς,</span> <span class='ocrx_word' id='word_1_418' title='bbox 1374 3040 1465 3093; x_wconf 80' lang='grc' dir='ltr'>καὶ</span> <span class='ocrx_word' id='word_1_419' title='bbox 1496 3039 1588 3093; x_wconf 74' lang='grc' dir='ltr'><strong>ἐπὶ</strong></span> <span class='ocrx_word' id='word_1_420' title='bbox 1615 3039 1722 3093; x_wconf 87' lang='grc' dir='ltr'><strong>τῶν</strong></span> <span class='ocrx_word' id='word_1_421' title='bbox 1749 3038 1914 3106; x_wconf 78' lang='grc' dir='ltr'>ὤμων</span> 
     </span>
    </p>
   </div>
   <div class='ocr_carea' id='block_1_58' title="bbox 2014 3032 3581 3112">
    <p class='ocr_par' dir='ltr' id='par_1_58' title="bbox 2017 3032 3581 3108">
     <span class='ocr_line' id='line_1_58' title="bbox 2017 3032 3581 3108; baseline 0.005 -23"><span class='ocrx_word' id='word_1_422' title='bbox 2017 3032 2164 3102; x_wconf 92' lang='lat' dir='ltr'><strong>quod</strong></span> <span class='ocrx_word' id='word_1_423' title='bbox 2201 3033 2459 3103; x_wconf 91' lang='lat' dir='ltr'><strong>perierat,</strong></span> <span class='ocrx_word' id='word_1_424' title='bbox 2493 3042 2545 3087; x_wconf 90' lang='lat' dir='ltr'><strong>et</strong></span> <span class='ocrx_word' id='word_1_425' title='bbox 2577 3043 2918 3104; x_wconf 89' lang='lat' dir='ltr'><strong>assumptum</strong></span> <span class='ocrx_word' id='word_1_426' title='bbox 2955 3037 3007 3089; x_wconf 90' lang='lat' dir='ltr'><strong>in</strong></span> <span class='ocrx_word' id='word_1_427' title='bbox 3059 3035 3343 3101; x_wconf 83' lang='lat' dir='ltr'><strong>humeros,</strong></span> <span class='ocrx_word' id='word_1_428' title='bbox 3365 3039 3432 3094; x_wconf 89' lang='lat' dir='ltr'><strong>iis</strong></span> <span class='ocrx_word' id='word_1_429' title='bbox 3459 3055 3581 3108; x_wconf 64' lang='lat' dir='ltr'><strong>quae</strong></span> 
     </span>
    </p>
   </div>
   <div class='ocr_carea' id='block_1_59' title="bbox 267 3123 1917 3226">
    <p class='ocr_par' dir='ltr' id='par_1_59' title="bbox 267 3127 1913 3202">
     <span class='ocr_line' id='line_1_59' title="bbox 267 3127 1913 3202; baseline -0.002 -13"><span class='ocrx_word' id='word_1_430' title='bbox 267 3188 270 3189; x_wconf 65' lang='lat'>,</span> <span class='ocrx_word' id='word_1_431' title='bbox 349 3133 634 3187; x_wconf 74' lang='grc' dir='ltr'>ἀναλαῆὼν</span> <span class='ocrx_word' id='word_1_432' title='bbox 657 3133 1101 3202; x_wconf 78' lang='grc' dir='ltr'>ἀποκαταστῆσαι</span> <span class='ocrx_word' id='word_1_433' title='bbox 1128 3134 1238 3194; x_wconf 85' lang='grc' dir='ltr'>τοῖς</span> <span class='ocrx_word' id='word_1_434' title='bbox 1268 3127 1385 3184; x_wconf 83' lang='grc' dir='ltr'>οῦσι</span> <span class='ocrx_word' id='word_1_435' title='bbox 1412 3131 1472 3183; x_wconf 88' lang='lat'><strong>16</strong></span> <span class='ocrx_word' id='word_1_436' title='bbox 1500 3133 1564 3202; x_wconf 81' lang='grc' dir='ltr'>τῇ</span> <span class='ocrx_word' id='word_1_437' title='bbox 1594 3133 1913 3202; x_wconf 85' lang='grc' dir='ltr'>ματαιότητι</span> 
     </span>
    </p>
   </div>
   <div class='ocr_carea' id='block_1_60' title="bbox 2014 3123 3580 3226">
    <p class='ocr_par' dir='ltr' id='par_1_60' title="bbox 2017 3123 3580 3194">
     <span class='ocr_line' id='line_1_60' title="bbox 2017 3123 3580 3194; baseline 0.004 -16"><span class='ocrx_word' id='word_1_438' title='bbox 2017 3132 2146 3178; x_wconf 91' lang='lat' dir='ltr'><strong>sunt</strong></span> <span class='ocrx_word' id='word_1_439' title='bbox 2200 3123 2599 3180; x_wconf 89' lang='lat' dir='ltr'><strong>restituendum</strong></span> <span class='ocrx_word' id='word_1_440' title='bbox 2650 3125 2702 3180; x_wconf 90' lang='lat' dir='ltr'><strong>id</strong></span> <span class='ocrx_word' id='word_1_441' title='bbox 2764 3126 2908 3194; x_wconf 91' lang='lat' dir='ltr'><strong>quod</strong></span> <span class='ocrx_word' id='word_1_442' title='bbox 2965 3127 3175 3192; x_wconf 86' lang='lat' dir='ltr'><strong>peribat</strong></span> <span class='ocrx_word' id='word_1_443' title='bbox 3227 3128 3281 3182; x_wconf 92' lang='lat' dir='ltr'><strong>in</strong></span> <span class='ocrx_word' id='word_1_444' title='bbox 3342 3132 3580 3184; x_wconf 83' lang='lat' dir='ltr'><strong>vanitate</strong></span> 
     </span>
    </p>
   </div>
   <div class='ocr_carea' id='block_1_61' title="bbox 347 3213 1917 3293">
    <p class='ocr_par' dir='ltr' id='par_1_61' title="bbox 347 3221 1916 3293">
     <span class='ocr_line' id='line_1_61' title="bbox 347 3221 1916 3293; baseline -0.001 -17"><span class='ocrx_word' id='word_1_445' title='bbox 347 3223 463 3276; x_wconf 89' lang='grc' dir='ltr'><strong>τῶν</strong></span> <span class='ocrx_word' id='word_1_446' title='bbox 503 3223 862 3293; x_wconf 83' lang='grc' dir='ltr'>ἀνυπάρκτων</span> <span class='ocrx_word' id='word_1_447' title='bbox 906 3221 1357 3291; x_wconf 80' lang='grc' dir='ltr'>ὲναπολλύμενον,</span> <span class='ocrx_word' id='word_1_448' title='bbox 1403 3223 1489 3274; x_wconf 79' lang='grc' dir='ltr'><strong>ἵνα</strong></span> <span class='ocrx_word' id='word_1_449' title='bbox 1527 3221 1687 3274; x_wconf 86' lang='grc' dir='ltr'>πάλιν</span> <span class='ocrx_word' id='word_1_450' title='bbox 1731 3222 1916 3293; x_wconf 82' lang='grc' dir='ltr'>ἄρτιος</span> 
     </span>
    </p>
   </div>
   <div class='ocr_carea' id='block_1_62' title="bbox 2014 3213 3579 3293">
    <p class='ocr_par' dir='ltr' id='par_1_62' title="bbox 2016 3218 3579 3287">
     <span class='ocr_line' id='line_1_62' title="bbox 2016 3218 3579 3287; baseline 0.004 -18"><span class='ocrx_word' id='word_1_451' title='bbox 2016 3230 2205 3270; x_wconf 82' lang='lat' dir='ltr'><strong>eorum</strong></span> <span class='ocrx_word' id='word_1_452' title='bbox 2241 3231 2363 3285; x_wconf 77' lang='lat' dir='ltr'><strong>qua:</strong></span> <span class='ocrx_word' id='word_1_453' title='bbox 2391 3231 2499 3270; x_wconf 92' lang='lat' dir='ltr'><strong>non</strong></span> <span class='ocrx_word' id='word_1_454' title='bbox 2531 3223 2680 3279; x_wconf 89' lang='lat' dir='ltr'><strong>sunt,</strong></span> <span class='ocrx_word' id='word_1_455' title='bbox 2713 3223 2771 3268; x_wconf 90' lang='lat' dir='ltr'><strong>ut</strong></span> <span class='ocrx_word' id='word_1_456' title='bbox 2802 3231 2996 3270; x_wconf 85' lang='lat' dir='ltr'><strong>rursus</strong></span> <span class='ocrx_word' id='word_1_457' title='bbox 3045 3218 3195 3270; x_wconf 88' lang='lat' dir='ltr'><strong>ﬁeret</strong></span> <span class='ocrx_word' id='word_1_458' title='bbox 3240 3218 3450 3287; x_wconf 84' lang='lat' dir='ltr'><strong>integer</strong></span> <span class='ocrx_word' id='word_1_459' title='bbox 3481 3219 3579 3275; x_wconf 75' lang='lat' dir='ltr'><strong>De!</strong></span> 
     </span>
    </p>
   </div>
   <div class='ocr_carea' id='block_1_63' title="bbox 344 3312 1915 3387">
    <p class='ocr_par' dir='ltr' id='par_1_63' title="bbox 344 3312 1915 3387">
     <span class='ocr_line' id='line_1_63' title="bbox 344 3312 1915 3387; baseline 0.001 -19"><span class='ocrx_word' id='word_1_460' title='bbox 344 3316 572 3387; x_wconf 82' lang='grc' dir='ltr'>γένηται</span> <span class='ocrx_word' id='word_1_461' title='bbox 597 3318 626 3368; x_wconf 95' lang='lat'><strong>6</strong></span> <span class='ocrx_word' id='word_1_462' title='bbox 647 3315 744 3385; x_wconf 86' lang='grc' dir='ltr'><strong>τῆς</strong></span> <span class='ocrx_word' id='word_1_463' title='bbox 775 3315 1004 3378; x_wconf 88' lang='grc' dir='ltr'>κτίσεως</span> <span class='ocrx_word' id='word_1_464' title='bbox 1029 3313 1123 3368; x_wconf 92' lang='grc' dir='ltr'><strong>τοῦ</strong></span> <span class='ocrx_word' id='word_1_465' title='bbox 1149 3313 1284 3367; x_wconf 86' lang='grc' dir='ltr'>Θεοῦ</span> <span class='ocrx_word' id='word_1_466' title='bbox 1325 3312 1574 3385; x_wconf 86' lang='grc' dir='ltr'>ἀριθμὸς,</span> <span class='ocrx_word' id='word_1_467' title='bbox 1607 3312 1915 3369; x_wconf 78' lang='grc' dir='ltr'>ἀποσωθένο</span> 
     </span>
    </p>
   </div>
   <div class='ocr_carea' id='block_1_64' title="bbox 345 3405 1630 3477">
    <p class='ocr_par' dir='ltr' id='par_1_64' title="bbox 345 3405 1630 3477">
     <span class='ocr_line' id='line_1_64' title="bbox 345 3405 1630 3477; baseline -0.002 -16"><span class='ocrx_word' id='word_1_468' title='bbox 345 3423 442 3472; x_wconf 83' lang='grc' dir='ltr'><strong>τος</strong></span> <span class='ocrx_word' id='word_1_469' title='bbox 473 3405 567 3460; x_wconf 90' lang='grc' dir='ltr'><strong>τοῦ</strong></span> <span class='ocrx_word' id='word_1_470' title='bbox 601 3406 936 3470; x_wconf 88' lang='grc' dir='ltr'>ἀπολωλότος</span> <span class='ocrx_word' id='word_1_471' title='bbox 972 3410 1083 3471; x_wconf 89' lang='grc' dir='ltr'>τοῖς</span> <span class='ocrx_word' id='word_1_472' title='bbox 1118 3407 1192 3477; x_wconf 83' lang='grc' dir='ltr'>μὴ</span> <span class='ocrx_word' id='word_1_473' title='bbox 1221 3405 1630 3477; x_wconf 84' lang='grc' dir='ltr'>ἀπολλυμένοις.</span> 
     </span>
    </p>
   </div>
   <div class='ocr_carea' id='block_1_65' title="bbox 421 3495 1916 3569">
    <p class='ocr_par' dir='ltr' id='par_1_65' title="bbox 421 3495 1916 3569">
     <span class='ocr_line' id='line_1_65' title="bbox 421 3495 1916 3569; baseline -0.001 -17"><span class='ocrx_word' id='word_1_474' title='bbox 421 3499 518 3561; x_wconf 82' lang='grc' dir='ltr'><strong>Τίς</strong></span> <span class='ocrx_word' id='word_1_475' title='bbox 556 3495 647 3552; x_wconf 86' lang='grc' dir='ltr'><strong>οῦν</strong></span> <span class='ocrx_word' id='word_1_476' title='bbox 693 3500 726 3569; x_wconf 78' lang='grc' dir='ltr'>ἡ</span> <span class='ocrx_word' id='word_1_477' title='bbox 773 3497 866 3550; x_wconf 88' lang='grc' dir='ltr'><strong>τοῦ</strong></span> <span class='ocrx_word' id='word_1_478' title='bbox 918 3498 1278 3569; x_wconf 62' lang='grc' dir='ltr'>πλανηθέντπ</span> <span class='ocrx_word' id='word_1_479' title='bbox 1317 3499 1591 3561; x_wconf 78' lang='grc' dir='ltr'>ἐπάνοδος,</span> <span class='ocrx_word' id='word_1_480' title='bbox 1651 3498 1743 3552; x_wconf 76' lang='grc' dir='ltr'><strong>καὶ</strong></span> <span class='ocrx_word' id='word_1_481' title='bbox 1775 3497 1859 3560; x_wconf 87' lang='grc' dir='ltr'><strong>τίς</strong></span> <span class='ocrx_word' id='word_1_482' title='bbox 1886 3501 1916 3550; x_wconf 88' lang='lat'><strong>6</strong></span> 
     </span>
    </p>
   </div>
   <div class='ocr_carea' id='block_1_66' title="bbox 2015 3307 3578 3380">
    <p class='ocr_par' dir='ltr' id='par_1_66' title="bbox 2015 3307 3578 3380">
     <span class='ocr_line' id='line_1_66' title="bbox 2015 3307 3578 3380; baseline 0.003 -20"><span class='ocrx_word' id='word_1_483' title='bbox 2015 3316 2279 3361; x_wconf 68' lang='lat' dir='ltr'><strong>creaturae</strong></span> <span class='ocrx_word' id='word_1_484' title='bbox 2324 3321 2604 3362; x_wconf 86' lang='lat' dir='ltr'><strong>numerus.</strong></span> <span class='ocrx_word' id='word_1_485' title='bbox 2641 3314 2966 3362; x_wconf 84' lang='lat' dir='ltr'><strong>conservato</strong></span> <span class='ocrx_word' id='word_1_486' title='bbox 3023 3321 3089 3360; x_wconf 94' lang='lat' dir='ltr'><strong>eo</strong></span> <span class='ocrx_word' id='word_1_487' title='bbox 3145 3307 3287 3377; x_wconf 92' lang='lat' dir='ltr'><strong>quod</strong></span> <span class='ocrx_word' id='word_1_488' title='bbox 3324 3311 3578 3380; x_wconf 82' lang='lat' dir='ltr'><strong>perierat,</strong></span> 
     </span>
    </p>
   </div>
   <div class='ocr_carea' id='block_1_67' title="bbox 2014 3395 2656 3467">
    <p class='ocr_par' dir='ltr' id='par_1_67' title="bbox 2014 3395 2656 3467">
     <span class='ocr_line' id='line_1_67' title="bbox 2014 3395 2656 3467; baseline -0.003 -17"><span class='ocrx_word' id='word_1_489' title='bbox 2014 3395 2084 3451; x_wconf 89' lang='lat' dir='ltr'><strong>iis</strong></span> <span class='ocrx_word' id='word_1_490' title='bbox 2109 3412 2231 3466; x_wconf 65' lang='lat' dir='ltr'><strong>quae</strong></span> <span class='ocrx_word' id='word_1_491' title='bbox 2271 3412 2378 3451; x_wconf 90' lang='lat' dir='ltr'><strong>non</strong></span> <span class='ocrx_word' id='word_1_492' title='bbox 2409 3405 2656 3467; x_wconf 89' lang='lat' dir='ltr'><strong>pereunt.</strong></span> 
     </span>
    </p>
   </div>
   <div class='ocr_carea' id='block_1_68' title="bbox 2088 3484 3579 3557">
    <p class='ocr_par' dir='ltr' id='par_1_68' title="bbox 2088 3484 3579 3557">
     <span class='ocr_line' id='line_1_68' title="bbox 2088 3484 3579 3557; baseline 0 -15"><span class='ocrx_word' id='word_1_493' title='bbox 2088 3489 2355 3555; x_wconf 88' lang='lat' dir='ltr'><strong>Quisnam</strong></span> <span class='ocrx_word' id='word_1_494' title='bbox 2385 3503 2516 3557; x_wconf 87' lang='lat' dir='ltr'><strong>ergo</strong></span> <span class='ocrx_word' id='word_1_495' title='bbox 2547 3489 2618 3542; x_wconf 86' lang='lat' dir='ltr'><strong>sit</strong></span> <span class='ocrx_word' id='word_1_496' title='bbox 2650 3487 2858 3542; x_wconf 88' lang='lat' dir='ltr'><strong>reditus</strong></span> <span class='ocrx_word' id='word_1_497' title='bbox 2885 3484 3004 3555; x_wconf 85' lang='lat' dir='ltr'><strong>ejus</strong></span> <span class='ocrx_word' id='word_1_498' title='bbox 3032 3487 3178 3557; x_wconf 88' lang='lat' dir='ltr'><strong>quod</strong></span> <span class='ocrx_word' id='word_1_499' title='bbox 3206 3489 3579 3554; x_wconf 79' lang='lat' dir='ltr'><strong>aberrarerat,</strong></span> 
     </span>
    </p>
   </div>
   <div class='ocr_carea' id='block_1_69' title="bbox 341 3578 1917 3660">
    <p class='ocr_par' dir='ltr' id='par_1_69' title="bbox 341 3588 1912 3660">
     <span class='ocr_line' id='line_1_69' title="bbox 341 3588 1912 3660; baseline 0 -19"><span class='ocrx_word' id='word_1_500' title='bbox 341 3591 548 3660; x_wconf 74' lang='grc' dir='ltr'>’τρόπος</span> <span class='ocrx_word' id='word_1_501' title='bbox 572 3590 668 3660; x_wconf 86' lang='grc' dir='ltr'><strong>τῆς</strong></span> <span class='ocrx_word' id='word_1_502' title='bbox 710 3589 816 3642; x_wconf 74' lang='grc' dir='ltr'>ἀπὸ</span> <span class='ocrx_word' id='word_1_503' title='bbox 860 3590 967 3640; x_wconf 86' lang='grc' dir='ltr'><strong>τῶν</strong></span> <span class='ocrx_word' id='word_1_504' title='bbox 993 3590 1176 3641; x_wconf 81' lang='grc' dir='ltr'>κακῶν</span> <span class='ocrx_word' id='word_1_505' title='bbox 1211 3589 1342 3660; x_wconf 76' lang='grc' dir='ltr'>πρὸς</span> <span class='ocrx_word' id='word_1_506' title='bbox 1371 3588 1432 3641; x_wconf 84' lang='grc' dir='ltr'><strong>τὸ</strong></span> <span class='ocrx_word' id='word_1_507' title='bbox 1474 3588 1677 3656; x_wconf 82' lang='grc' dir='ltr'>ἀγαθὸν</span> <span class='ocrx_word' id='word_1_508' title='bbox 1715 3589 1912 3642; x_wconf 87' lang='grc' dir='ltr'>ἀναλύ-</span> 
     </span>
    </p>
   </div>
   <div class='ocr_carea' id='block_1_70' title="bbox 2014 3578 3578 3660">
    <p class='ocr_par' dir='ltr' id='par_1_70' title="bbox 2014 3578 3578 3660">
     <span class='ocr_line' id='line_1_70' title="bbox 2014 3578 3578 3660; baseline 0.003 -27"><span class='ocrx_word' id='word_1_509' title='bbox 2014 3587 2066 3660; x_wconf 75' lang='lat' dir='ltr'><strong>et</strong></span> <span class='ocrx_word' id='word_1_510' title='bbox 2082 3580 2336 3650; x_wconf 87' lang='lat' dir='ltr'><strong>quisnam</strong></span> <span class='ocrx_word' id='word_1_511' title='bbox 2363 3580 2436 3634; x_wconf 90' lang='lat' dir='ltr'><strong>sit</strong></span> <span class='ocrx_word' id='word_1_512' title='bbox 2461 3579 2657 3632; x_wconf 89' lang='lat' dir='ltr'><strong>modus</strong></span> <span class='ocrx_word' id='word_1_513' title='bbox 2676 3593 2705 3631; x_wconf 89' lang='lat' dir='ltr'><strong>a</strong></span> <span class='ocrx_word' id='word_1_514' title='bbox 2729 3578 2886 3633; x_wconf 90' lang='lat' dir='ltr'><strong>malis</strong></span> <span class='ocrx_word' id='word_1_515' title='bbox 2909 3579 2973 3633; x_wconf 89' lang='lat' dir='ltr'><strong>ad</strong></span> <span class='ocrx_word' id='word_1_516' title='bbox 3008 3579 3208 3634; x_wconf 90' lang='lat' dir='ltr'><strong>bonum</strong></span> <span class='ocrx_word' id='word_1_517' title='bbox 3225 3581 3578 3650; x_wconf 82' lang='lat' dir='ltr'><strong>reversiouis,</strong></span> 
     </span>
    </p>
   </div>
   <div class='ocr_carea' id='block_1_71' title="bbox 349 3651 1917 3758">
    <p class='ocr_par' dir='ltr' id='par_1_71' title="bbox 349 3651 1917 3752">
     <span class='ocr_line' id='line_1_71' title="bbox 349 3651 1917 3752; baseline -0.001 -18"><span class='ocrx_word' id='word_1_518' title='bbox 349 3651 509 3742; x_wconf 71' lang='grc' dir='ltr'>σεως,</span> <span class='ocrx_word' id='word_1_519' title='bbox 533 3651 595 3732; x_wconf 11' lang='grc' dir='ltr'><strong>γὲν</strong></span> <span class='ocrx_word' id='word_1_520' title='bbox 622 3651 734 3742; x_wconf 73' lang='grc' dir='ltr'>τοῖς</span> <span class='ocrx_word' id='word_1_521' title='bbox 762 3679 960 3750; x_wconf 81' lang='grc' dir='ltr'>ἐφεξῆς</span> <span class='ocrx_word' id='word_1_522' title='bbox 991 3651 1369 3749; x_wconf 76' lang='grc' dir='ltr'>διδασκόμεθα.</span> <span class='ocrx_word' id='word_1_523' title='bbox 1428 3681 1484 3733; x_wconf 89' lang='lat' dir='ltr'><strong>&#39;O</strong></span> <span class='ocrx_word' id='word_1_524' title='bbox 1510 3651 1616 3752; x_wconf 76' lang='grc' dir='ltr'>γὰρ</span> <span class='ocrx_word' id='word_1_525' title='bbox 1649 3687 1917 3752; x_wconf 68' lang='grc' dir='ltr'>πεπειραῆ</span> 
     </span>
    </p>
   </div>
   <div class='ocr_carea' id='block_1_72' title="bbox 2014 3651 3583 3758">
    <p class='ocr_par' dir='ltr' id='par_1_72' title="bbox 2014 3655 3583 3741">
     <span class='ocr_line' id='line_1_72' title="bbox 2014 3655 3583 3741; baseline 0.005 -20"><span class='ocrx_word' id='word_1_526' title='bbox 2014 3655 2274 3741; x_wconf 80' lang='lat' dir='ltr'><strong>deinceps</strong></span> <span class='ocrx_word' id='word_1_527' title='bbox 2326 3670 2613 3725; x_wconf 85' lang='lat' dir='ltr'><strong>docemur.</strong></span> <span class='ocrx_word' id='word_1_528' title='bbox 2664 3669 2766 3735; x_wconf 91' lang='lat' dir='ltr'><strong>Qui</strong></span> <span class='ocrx_word' id='word_1_529' title='bbox 2798 3670 2941 3724; x_wconf 89' lang='lat' dir='ltr'><strong>enim</strong></span> <span class='ocrx_word' id='word_1_530' title='bbox 2974 3686 3072 3740; x_wconf 88' lang='lat' dir='ltr'><strong>per</strong></span> <span class='ocrx_word' id='word_1_531' title='bbox 3118 3671 3303 3725; x_wconf 88' lang='lat' dir='ltr'><strong>omnia</strong></span> <span class='ocrx_word' id='word_1_532' title='bbox 3337 3678 3583 3729; x_wconf 88' lang='lat' dir='ltr'><strong>tentatus</strong></span> 
     </span>
    </p>
   </div>
   <div class='ocr_carea' id='block_1_73' title="bbox 349 3773 1910 3845">
    <p class='ocr_par' dir='ltr' id='par_1_73' title="bbox 349 3773 1910 3845">
     <span class='ocr_line' id='line_1_73' title="bbox 349 3773 1910 3845; baseline 0.001 -19"><span class='ocrx_word' id='word_1_533' title='bbox 349 3774 512 3843; x_wconf 81' lang='grc' dir='ltr'>μένος</span> <span class='ocrx_word' id='word_1_534' title='bbox 550 3773 688 3826; x_wconf 84' lang='grc' dir='ltr'><strong>κατὰ</strong></span> <span class='ocrx_word' id='word_1_535' title='bbox 715 3773 890 3826; x_wconf 86' lang='grc' dir='ltr'>πάντα</span> <span class='ocrx_word' id='word_1_536' title='bbox 944 3774 1067 3826; x_wconf 89' lang='grc' dir='ltr'>καθ’</span> <span class='ocrx_word' id='word_1_537' title='bbox 1097 3775 1386 3844; x_wconf 85' lang='grc' dir='ltr'>ὁμοιότητα</span> <span class='ocrx_word' id='word_1_538' title='bbox 1418 3775 1585 3845; x_wconf 73' lang='grc' dir='ltr'>χωρὶς</span> <span class='ocrx_word' id='word_1_539' title='bbox 1619 3774 1910 3845; x_wconf 78' lang='grc' dir='ltr'>ἁμαρτίας,</span> 
     </span>
    </p>
   </div>
   <div class='ocr_carea' id='block_1_74' title="bbox 347 3863 1914 3934">
    <p class='ocr_par' dir='ltr' id='par_1_74' title="bbox 347 3863 1914 3934">
     <span class='ocr_line' id='line_1_74' title="bbox 347 3863 1914 3934; baseline 0.001 -19"><span class='ocrx_word' id='word_1_540' title='bbox 347 3865 414 3916; x_wconf 82' lang='grc' dir='ltr'>ἐκ</span> <span class='ocrx_word' id='word_1_541' title='bbox 458 3864 565 3916; x_wconf 90' lang='grc' dir='ltr'><strong>τῶν</strong></span> <span class='ocrx_word' id='word_1_542' title='bbox 596 3864 878 3934; x_wconf 73' lang='grc' dir='ltr'>ἡμετέρων</span> <span class='ocrx_word' id='word_1_543' title='bbox 925 3866 1058 3933; x_wconf 80' lang='grc' dir='ltr'>ἡμῖν</span> <span class='ocrx_word' id='word_1_544' title='bbox 1084 3863 1451 3930; x_wconf 84' lang='grc' dir='ltr'>διαλέγεται·ὀ</span> <span class='ocrx_word' id='word_1_545' title='bbox 1493 3864 1592 3926; x_wconf 89' lang='grc' dir='ltr'><strong>τάς</strong></span> <span class='ocrx_word' id='word_1_546' title='bbox 1631 3864 1914 3928; x_wconf 88' lang='grc' dir='ltr'>ἀσθενείας</span> 
     </span>
    </p>
   </div>
   <div class='ocr_carea' id='block_1_75' title="bbox 347 3953 1914 4026">
    <p class='ocr_par' dir='ltr' id='par_1_75' title="bbox 347 3953 1914 4026">
     <span class='ocr_line' id='line_1_75' title="bbox 347 3953 1914 4026; baseline -0.002 -18"><span class='ocrx_word' id='word_1_547' title='bbox 347 3955 506 4026; x_wconf 83' lang='grc' dir='ltr'>ἡμῶν</span> <span class='ocrx_word' id='word_1_548' title='bbox 550 3955 855 4016; x_wconf 77' lang='grc' dir='ltr'>ἀναλαϐὼν,</span> <span class='ocrx_word' id='word_1_549' title='bbox 884 3955 951 4008; x_wconf 85' lang='grc' dir='ltr'>δι’</span> <span class='ocrx_word' id='word_1_550' title='bbox 1004 3955 1183 4007; x_wconf 78' lang='grc' dir='ltr'>αὐτῶν</span> <span class='ocrx_word' id='word_1_551' title='bbox 1228 3954 1334 4007; x_wconf 67' lang='grc' dir='ltr'><strong>τῶι</strong></span> <span class='ocrx_word' id='word_1_552' title='bbox 1381 3953 1770 4023; x_wconf 78' lang='grc' dir='ltr'>ἀσθενημάτων</span> <span class='ocrx_word' id='word_1_553' title='bbox 1815 3955 1914 4024; x_wconf 88' lang='grc' dir='ltr'><strong>τῆς</strong></span> 
     </span>
    </p>
   </div>
   <div class='ocr_carea' id='block_1_76' title="bbox 348 4046 1912 4118">
    <p class='ocr_par' dir='ltr' id='par_1_76' title="bbox 348 4046 1912 4118">
     <span class='ocr_line' id='line_1_76' title="bbox 348 4046 1912 4118; baseline 0 -18"><span class='ocrx_word' id='word_1_554' title='bbox 348 4049 582 4116; x_wconf 76' lang='grc' dir='ltr'>φύσεως,</span> <span class='ocrx_word' id='word_1_555' title='bbox 613 4048 710 4118; x_wconf 82' lang='grc' dir='ltr'>τὴν</span> <span class='ocrx_word' id='word_1_556' title='bbox 746 4047 850 4112; x_wconf 80' lang='grc' dir='ltr'>ἔξω</span> <span class='ocrx_word' id='word_1_557' title='bbox 882 4048 1078 4110; x_wconf 86' lang='grc' dir='ltr'>κακίας</span> <span class='ocrx_word' id='word_1_558' title='bbox 1111 4047 1227 4100; x_wconf 83' lang='grc' dir='ltr'>ὁδὸν</span> <span class='ocrx_word' id='word_1_559' title='bbox 1260 4046 1622 4100; x_wconf 85' lang='grc' dir='ltr'>ὑποδείκνυσι.</span> <span class='ocrx_word' id='word_1_560' title='bbox 1660 4046 1772 4098; x_wconf 84' lang='grc' dir='ltr'>Νῦν</span> <span class='ocrx_word' id='word_1_561' title='bbox 1805 4051 1912 4115; x_wconf 89' lang='grc' dir='ltr'><strong>γάρ</strong></span> 
     </span>
    </p>
   </div>
   <div class='ocr_carea' id='block_1_77' title="bbox 2013 3757 3582 3826">
    <p class='ocr_par' dir='ltr' id='par_1_77' title="bbox 2013 3757 3582 3826">
     <span class='ocr_line' id='line_1_77' title="bbox 2013 3757 3582 3826; baseline 0.003 -14"><span class='ocrx_word' id='word_1_562' title='bbox 2013 3766 2096 3812; x_wconf 89' lang='lat' dir='ltr'><strong>est</strong></span> <span class='ocrx_word' id='word_1_563' title='bbox 2127 3758 2194 3811; x_wconf 90' lang='lat' dir='ltr'><strong>ad</strong></span> <span class='ocrx_word' id='word_1_564' title='bbox 2239 3757 2654 3812; x_wconf 87' lang='lat' dir='ltr'><strong>similitudinem</strong></span> <span class='ocrx_word' id='word_1_565' title='bbox 2705 3758 2913 3826; x_wconf 78' lang='lat' dir='ltr'><strong>absque</strong></span> <span class='ocrx_word' id='word_1_566' title='bbox 2967 3766 3216 3826; x_wconf 84' lang='lat' dir='ltr'><strong>peccato,</strong></span> <span class='ocrx_word' id='word_1_567' title='bbox 3256 3774 3321 3812; x_wconf 87' lang='lat' dir='ltr'><strong>ex</strong></span> <span class='ocrx_word' id='word_1_568' title='bbox 3377 3761 3582 3816; x_wconf 81' lang='lat' dir='ltr'><strong>nostris</strong></span> 
     </span>
    </p>
   </div>
   <div class='ocr_carea' id='block_1_78' title="bbox 2016 3849 3580 3919">
    <p class='ocr_par' dir='ltr' id='par_1_78' title="bbox 2016 3849 3580 3919">
     <span class='ocr_line' id='line_1_78' title="bbox 2016 3849 3580 3919; baseline 0.001 -16"><span class='ocrx_word' id='word_1_569' title='bbox 2016 3851 2299 3905; x_wconf 89' lang='lat' dir='ltr'><strong>nobiscum</strong></span> <span class='ocrx_word' id='word_1_570' title='bbox 2334 3851 2574 3905; x_wconf 84' lang='lat' dir='ltr'><strong>disserit.</strong></span> <span class='ocrx_word' id='word_1_571' title='bbox 2611 3849 2715 3914; x_wconf 87' lang='lat' dir='ltr'><strong>Qui</strong></span> <span class='ocrx_word' id='word_1_572' title='bbox 2747 3857 2966 3904; x_wconf 89' lang='lat' dir='ltr'><strong>nostras</strong></span> <span class='ocrx_word' id='word_1_573' title='bbox 3001 3852 3300 3919; x_wconf 85' lang='lat' dir='ltr'><strong>assumpsit</strong></span> <span class='ocrx_word' id='word_1_574' title='bbox 3331 3851 3580 3906; x_wconf 89' lang='lat' dir='ltr'><strong>imbecil-</strong></span> 
     </span>
    </p>
   </div>
   <div class='ocr_carea' id='block_1_79' title="bbox 2015 3936 3581 4007">
    <p class='ocr_par' dir='ltr' id='par_1_79' title="bbox 2015 3936 3581 4007">
     <span class='ocr_line' id='line_1_79' title="bbox 2015 3936 3581 4007; baseline 0.001 -16"><span class='ocrx_word' id='word_1_575' title='bbox 2015 3939 2219 3999; x_wconf 87' lang='lat' dir='ltr'><strong>litates,</strong></span> <span class='ocrx_word' id='word_1_576' title='bbox 2246 3953 2341 4007; x_wconf 92' lang='lat' dir='ltr'><strong>per</strong></span> <span class='ocrx_word' id='word_1_577' title='bbox 2371 3941 2520 4007; x_wconf 91' lang='lat' dir='ltr'><strong>ipsas</strong></span> <span class='ocrx_word' id='word_1_578' title='bbox 2545 3947 2757 3990; x_wconf 72' lang='lat' dir='ltr'><strong>naturae</strong></span> <span class='ocrx_word' id='word_1_579' title='bbox 2785 3936 3148 4000; x_wconf 83' lang='lat' dir='ltr'><strong>inﬁrmitates,</strong></span> <span class='ocrx_word' id='word_1_580' title='bbox 3171 3937 3410 3991; x_wconf 85' lang='lat' dir='ltr'><strong>ostendit</strong></span> <span class='ocrx_word' id='word_1_581' title='bbox 3433 3937 3581 3992; x_wconf 79' lang='lat' dir='ltr'><strong>viam</strong></span> 
     </span>
    </p>
   </div>
   <div class='ocr_carea' id='block_1_80' title="bbox 2015 4014 3580 4098">
    <p class='ocr_par' dir='ltr' id='par_1_80' title="bbox 2015 4014 3580 4098">
     <span class='ocr_line' id='line_1_80' title="bbox 2015 4014 3580 4098; baseline 0.001 -19"><span class='ocrx_word' id='word_1_582' title='bbox 2015 4042 2134 4098; x_wconf 68' lang='lat' dir='ltr'><strong>qua:</strong></span> <span class='ocrx_word' id='word_1_583' title='bbox 2161 4035 2244 4082; x_wconf 89' lang='lat' dir='ltr'><strong>est</strong></span> <span class='ocrx_word' id='word_1_584' title='bbox 2273 4034 2424 4081; x_wconf 86' lang='lat' dir='ltr'><strong>extra</strong></span> <span class='ocrx_word' id='word_1_585' title='bbox 2450 4027 2665 4080; x_wconf 87' lang='lat' dir='ltr'><strong>vitium.</strong></span> <span class='ocrx_word' id='word_1_586' title='bbox 2699 4025 2856 4080; x_wconf 84' lang='lat' dir='ltr'><strong>Nunc</strong></span> <span class='ocrx_word' id='word_1_587' title='bbox 2887 4042 3016 4095; x_wconf 85' lang='lat' dir='ltr'><strong>ergo</strong></span> <span class='ocrx_word' id='word_1_588' title='bbox 3045 4014 3130 4080; x_wconf 84' lang='lat' dir='ltr'><strong>fac</strong></span> <span class='ocrx_word' id='word_1_589' title='bbox 3161 4027 3431 4096; x_wconf 79' lang='lat' dir='ltr'><strong>intelligas</strong></span> <span class='ocrx_word' id='word_1_590' title='bbox 3463 4028 3580 4082; x_wconf 88' lang='lat' dir='ltr'><strong>dis-</strong></span> 
     </span>
    </p>
   </div>
   <div class='ocr_carea' id='block_1_81' title="bbox 351 4113 1917 4210">
    <p class='ocr_par' dir='ltr' id='par_1_81' title="bbox 351 4136 1912 4210">
     <span class='ocr_line' id='line_1_81' title="bbox 351 4136 1912 4210; baseline -0.002 -18"><span class='ocrx_word' id='word_1_591' title='bbox 351 4158 442 4210; x_wconf 92' lang='grc' dir='ltr'><strong>μοι</strong></span> <span class='ocrx_word' id='word_1_592' title='bbox 487 4140 678 4210; x_wconf 82' lang='grc' dir='ltr'>νόησον</span> <span class='ocrx_word' id='word_1_593' title='bbox 722 4143 821 4210; x_wconf 73' lang='grc' dir='ltr'>τὴν</span> <span class='ocrx_word' id='word_1_594' title='bbox 863 4138 1066 4208; x_wconf 77' lang='grc' dir='ltr'>Σοφίαν</span> <span class='ocrx_word' id='word_1_595' title='bbox 1113 4138 1171 4203; x_wconf 73' lang='grc' dir='ltr'><strong>ἐξ</strong></span> <span class='ocrx_word' id='word_1_596' title='bbox 1223 4137 1387 4205; x_wconf 83' lang='grc' dir='ltr'>αὑτοῦ</span> <span class='ocrx_word' id='word_1_597' title='bbox 1421 4136 1516 4189; x_wconf 91' lang='grc' dir='ltr'><strong>τοῦ</strong></span> <span class='ocrx_word' id='word_1_598' title='bbox 1565 4136 1703 4189; x_wconf 81' lang='grc' dir='ltr'>κατᾶ</span> <span class='ocrx_word' id='word_1_599' title='bbox 1737 4137 1912 4206; x_wconf 87' lang='grc' dir='ltr'>σάρκα</span> 
     </span>
    </p>
   </div>
   <div class='ocr_carea' id='block_1_82' title="bbox 2014 4113 3584 4210">
    <p class='ocr_par' dir='ltr' id='par_1_82' title="bbox 2014 4117 3584 4189">
     <span class='ocr_line' id='line_1_82' title="bbox 2014 4117 3584 4189; baseline -0.001 -14"><span class='ocrx_word' id='word_1_600' title='bbox 2014 4134 2199 4175; x_wconf 84' lang='lat' dir='ltr'><strong>serere</strong></span> <span class='ocrx_word' id='word_1_601' title='bbox 2214 4119 2552 4189; x_wconf 89' lang='lat' dir='ltr'><strong>Sapientiam</strong></span> <span class='ocrx_word' id='word_1_602' title='bbox 2577 4135 2641 4174; x_wconf 83' lang='lat' dir='ltr'><strong>ex</strong></span> <span class='ocrx_word' id='word_1_603' title='bbox 2673 4119 2792 4189; x_wconf 89' lang='lat' dir='ltr'><strong>ipso</strong></span> <span class='ocrx_word' id='word_1_604' title='bbox 2816 4117 3126 4185; x_wconf 89' lang='lat' dir='ltr'><strong>Salomone,</strong></span> <span class='ocrx_word' id='word_1_605' title='bbox 3153 4120 3244 4188; x_wconf 90' lang='lat' dir='ltr'><strong>qui</strong></span> <span class='ocrx_word' id='word_1_606' title='bbox 3275 4126 3356 4174; x_wconf 90' lang='lat' dir='ltr'><strong>est</strong></span> <span class='ocrx_word' id='word_1_607' title='bbox 3385 4135 3584 4175; x_wconf 67' lang='lat' dir='ltr'><strong>secum--</strong></span> 
     </span>
    </p>
   </div>
   <div class='ocr_carea' id='block_1_83' title="bbox 347 4209 1917 4300">
    <p class='ocr_par' dir='ltr' id='par_1_83' title="bbox 347 4209 1913 4300">
     <span class='ocr_line' id='line_1_83' title="bbox 347 4209 1913 4300; baseline -0.004 -15"><span class='ocrx_word' id='word_1_608' title='bbox 347 4209 690 4300; x_wconf 76' lang='grc' dir='ltr'>Σολομῶντος</span> <span class='ocrx_word' id='word_1_609' title='bbox 735 4209 1074 4298; x_wconf 86' lang='grc' dir='ltr'>διαλέγεσθαι</span> <span class='ocrx_word' id='word_1_610' title='bbox 1092 4246 1105 4260; x_wconf 90' lang='grc'><strong>·</strong></span> <span class='ocrx_word' id='word_1_611' title='bbox 1129 4225 1466 4295; x_wconf 83' lang='grc' dir='ltr'>διαλέγεσθαι</span> <span class='ocrx_word' id='word_1_612' title='bbox 1483 4227 1537 4278; x_wconf 90' lang='grc' dir='ltr'>δὲ</span> <span class='ocrx_word' id='word_1_613' title='bbox 1553 4225 1742 4289; x_wconf 81' lang='grc' dir='ltr'>ταῦτα,</span> <span class='ocrx_word' id='word_1_614' title='bbox 1756 4226 1820 4278; x_wconf 81' lang='grc' dir='ltr'>δι’</span> <span class='ocrx_word' id='word_1_615' title='bbox 1839 4220 1913 4279; x_wconf 80' lang='grc' dir='ltr'>ὧν</span> 
     </span>
    </p>
   </div>
   <div class='ocr_carea' id='block_1_84' title="bbox 2014 4209 3582 4300">
    <p class='ocr_par' dir='ltr' id='par_1_84' title="bbox 2014 4210 3582 4280">
     <span class='ocr_line' id='line_1_84' title="bbox 2014 4210 3582 4280; baseline 0 -14"><span class='ocrx_word' id='word_1_616' title='bbox 2014 4212 2141 4266; x_wconf 88' lang='lat' dir='ltr'><strong>dum</strong></span> <span class='ocrx_word' id='word_1_617' title='bbox 2169 4225 2389 4266; x_wconf 89' lang='lat' dir='ltr'><strong>carnem</strong></span> <span class='ocrx_word' id='word_1_618' title='bbox 2413 4231 2426 4265; x_wconf 88' lang='lat'><strong>:</strong></span> <span class='ocrx_word' id='word_1_619' title='bbox 2459 4226 2520 4265; x_wconf 89' lang='lat' dir='ltr'><strong>ea</strong></span> <span class='ocrx_word' id='word_1_620' title='bbox 2549 4220 2727 4264; x_wconf 88' lang='lat' dir='ltr'><strong>autem</strong></span> <span class='ocrx_word' id='word_1_621' title='bbox 2763 4210 3051 4272; x_wconf 89' lang='lat' dir='ltr'><strong>disserere,</strong></span> <span class='ocrx_word' id='word_1_622' title='bbox 3084 4226 3177 4280; x_wconf 90' lang='lat' dir='ltr'><strong>per</strong></span> <span class='ocrx_word' id='word_1_623' title='bbox 3199 4226 3318 4278; x_wconf 69' lang='lat' dir='ltr'><strong>qua:</strong></span> <span class='ocrx_word' id='word_1_624' title='bbox 3346 4213 3582 4267; x_wconf 80' lang='lat' dir='ltr'><strong>maxime</strong></span> 
     </span>
    </p>
   </div>
   <div class='ocr_carea' id='block_1_85' title="bbox 350 4302 1917 4392">
    <p class='ocr_par' dir='ltr' id='par_1_85' title="bbox 350 4317 1914 4392">
     <span class='ocr_line' id='line_1_85' title="bbox 350 4317 1914 4392; baseline -0.004 -16"><span class='ocrx_word' id='word_1_625' title='bbox 350 4323 584 4392; x_wconf 87' lang='grc' dir='ltr'>μάλιστα</span> <span class='ocrx_word' id='word_1_626' title='bbox 601 4322 735 4392; x_wconf 79' lang='grc' dir='ltr'>πρὸς</span> <span class='ocrx_word' id='word_1_627' title='bbox 759 4321 1055 4391; x_wconf 65' lang='grc' dir='ltr'>ὑπεροψίαν</span> <span class='ocrx_word' id='word_1_628' title='bbox 1081 4319 1480 4390; x_wconf 81' lang='grc' dir='ltr'>ὁδηγηθείημεν</span> <span class='ocrx_word' id='word_1_629' title='bbox 1501 4317 1609 4370; x_wconf 90' lang='grc' dir='ltr'><strong>τῶν</strong></span> <span class='ocrx_word' id='word_1_630' title='bbox 1628 4317 1778 4388; x_wconf 89' lang='grc' dir='ltr'><strong>παρά</strong></span> <span class='ocrx_word' id='word_1_631' title='bbox 1803 4320 1914 4381; x_wconf 87' lang='grc' dir='ltr'>τοῖς</span> 
     </span>
    </p>
   </div>
   <div class='ocr_carea' id='block_1_86' title="bbox 2014 4302 3587 4392">
    <p class='ocr_par' dir='ltr' id='par_1_86' title="bbox 2014 4302 3587 4372">
     <span class='ocr_line' id='line_1_86' title="bbox 2014 4302 3587 4372; baseline 0.003 -17"><span class='ocrx_word' id='word_1_632' title='bbox 2014 4302 2350 4356; x_wconf 75' lang='lat' dir='ltr'><strong>deducantur</strong></span> <span class='ocrx_word' id='word_1_633' title='bbox 2405 4302 2473 4355; x_wconf 90' lang='lat' dir='ltr'><strong>ad</strong></span> <span class='ocrx_word' id='word_1_634' title='bbox 2519 4318 2581 4356; x_wconf 90' lang='lat' dir='ltr'><strong>ea</strong></span> <span class='ocrx_word' id='word_1_635' title='bbox 2633 4302 3049 4362; x_wconf 89' lang='lat' dir='ltr'><strong>contemnenda.</strong></span> <span class='ocrx_word' id='word_1_636' title='bbox 3099 4318 3332 4372; x_wconf 86' lang='lat' dir='ltr'><strong>quorum</strong></span> <span class='ocrx_word' id='word_1_637' title='bbox 3398 4306 3587 4360; x_wconf 87' lang='lat' dir='ltr'><strong>studio</strong></span> 
     </span>
    </p>
   </div>
   <div class='ocr_carea' id='block_1_87' title="bbox 345 4409 1913 4485">
    <p class='ocr_par' dir='ltr' id='par_1_87' title="bbox 345 4409 1913 4485">
     <span class='ocr_line' id='line_1_87' title="bbox 345 4409 1913 4485; baseline -0.003 -18"><span class='ocrx_word' id='word_1_638' title='bbox 345 4413 653 4485; x_wconf 82' lang='grc' dir='ltr'>ἀνθρώποις</span> <span class='ocrx_word' id='word_1_639' title='bbox 671 4413 1132 4481; x_wconf 76' lang='grc' dir='ltr'>σπουδαζομένων.</span> <span class='ocrx_word' id='word_1_640' title='bbox 1151 4412 1224 4463; x_wconf 84' lang='grc' dir='ltr'>Οὑ</span> <span class='ocrx_word' id='word_1_641' title='bbox 1241 4410 1348 4480; x_wconf 78' lang='grc' dir='ltr'><strong>γὰρ</strong></span> <span class='ocrx_word' id='word_1_642' title='bbox 1363 4410 1482 4463; x_wconf 80' lang='grc' dir='ltr'>καθ’</span> <span class='ocrx_word' id='word_1_643' title='bbox 1498 4409 1786 4479; x_wconf 84' lang='grc' dir='ltr'>ὁμοιότητα</span> <span class='ocrx_word' id='word_1_644' title='bbox 1806 4409 1913 4462; x_wconf 87' lang='grc' dir='ltr'><strong>τῶν</strong></span> 
     </span>
    </p>
   </div>
   <div class='ocr_carea' id='block_1_88' title="bbox 345 4499 1909 4570">
    <p class='ocr_par' dir='ltr' id='par_1_88' title="bbox 345 4499 1909 4570">
     <span class='ocr_line' id='line_1_88' title="bbox 345 4499 1909 4570; baseline -0.004 -12"><span class='ocrx_word' id='word_1_645' title='bbox 345 4505 578 4569; x_wconf 86' lang='grc' dir='ltr'>πολλῶν,</span> <span class='ocrx_word' id='word_1_646' title='bbox 628 4500 706 4568; x_wconf 72' lang='grc' dir='ltr'><strong>οἷς</strong></span> <span class='ocrx_word' id='word_1_647' title='bbox 737 4505 835 4558; x_wconf 88' lang='grc' dir='ltr'><strong>οὑκ</strong></span> <span class='ocrx_word' id='word_1_648' title='bbox 877 4504 990 4557; x_wconf 82' lang='grc' dir='ltr'>ἔστι</span> <span class='ocrx_word' id='word_1_649' title='bbox 1035 4503 1153 4556; x_wconf 81' lang='grc' dir='ltr'>κατ’</span> <span class='ocrx_word' id='word_1_650' title='bbox 1186 4501 1432 4567; x_wconf 75' lang='grc' dir='ltr'>ἐξουσίαν</span> <span class='ocrx_word' id='word_1_651' title='bbox 1461 4502 1522 4553; x_wconf 85' lang='lat'><strong>16</strong></span> <span class='ocrx_word' id='word_1_652' title='bbox 1554 4499 1909 4570; x_wconf 86' lang='grc' dir='ltr'>καταθύμιον,</span> 
     </span>
    </p>
   </div>
   <div class='ocr_carea' id='block_1_89' title="bbox 2014 4391 3582 4462">
    <p class='ocr_par' dir='ltr' id='par_1_89' title="bbox 2014 4391 3582 4462">
     <span class='ocr_line' id='line_1_89' title="bbox 2014 4391 3582 4462; baseline 0.002 -16"><span class='ocrx_word' id='word_1_653' title='bbox 2014 4399 2270 4447; x_wconf 88' lang='lat' dir='ltr'><strong>tenentur</strong></span> <span class='ocrx_word' id='word_1_654' title='bbox 2308 4393 2576 4447; x_wconf 85' lang='lat' dir='ltr'><strong>homines.</strong></span> <span class='ocrx_word' id='word_1_655' title='bbox 2612 4391 2730 4446; x_wconf 86' lang='lat' dir='ltr'><strong>Non</strong></span> <span class='ocrx_word' id='word_1_656' title='bbox 2774 4403 2858 4447; x_wconf 90' lang='lat' dir='ltr'><strong>est</strong></span> <span class='ocrx_word' id='word_1_657' title='bbox 2895 4394 3038 4446; x_wconf 89' lang='lat' dir='ltr'><strong>enim</strong></span> <span class='ocrx_word' id='word_1_658' title='bbox 3071 4395 3192 4462; x_wconf 87' lang='lat' dir='ltr'><strong>ejus</strong></span> <span class='ocrx_word' id='word_1_659' title='bbox 3220 4396 3394 4450; x_wconf 84' lang='lat' dir='ltr'><strong>oratio</strong></span> <span class='ocrx_word' id='word_1_660' title='bbox 3427 4398 3582 4451; x_wconf 86' lang='lat' dir='ltr'><strong>simi-</strong></span> 
     </span>
    </p>
   </div>
   <div class='ocr_carea' id='block_1_90' title="bbox 2014 4484 3580 4553">
    <p class='ocr_par' dir='ltr' id='par_1_90' title="bbox 2014 4484 3580 4553">
     <span class='ocr_line' id='line_1_90' title="bbox 2014 4484 3580 4553; baseline 0.001 -16"><span class='ocrx_word' id='word_1_661' title='bbox 2014 4485 2082 4540; x_wconf 90' lang='lat' dir='ltr'><strong>lis</strong></span> <span class='ocrx_word' id='word_1_662' title='bbox 2129 4486 2360 4539; x_wconf 88' lang='lat' dir='ltr'><strong>orationi</strong></span> <span class='ocrx_word' id='word_1_663' title='bbox 2415 4485 2735 4548; x_wconf 87' lang='lat' dir='ltr'><strong>multormn,</strong></span> <span class='ocrx_word' id='word_1_664' title='bbox 2783 4484 2873 4553; x_wconf 91' lang='lat' dir='ltr'><strong>qui</strong></span> <span class='ocrx_word' id='word_1_665' title='bbox 2923 4485 2976 4538; x_wconf 90' lang='lat' dir='ltr'><strong>in</strong></span> <span class='ocrx_word' id='word_1_666' title='bbox 3026 4493 3291 4553; x_wconf 86' lang='lat' dir='ltr'><strong>potestate</strong></span> <span class='ocrx_word' id='word_1_667' title='bbox 3339 4500 3437 4540; x_wconf 91' lang='lat' dir='ltr'><strong>sua</strong></span> <span class='ocrx_word' id='word_1_668' title='bbox 3471 4503 3580 4540; x_wconf 86' lang='lat' dir='ltr'><strong>non</strong></span> 
     </span>
    </p>
   </div>
   <div class='ocr_carea' id='block_1_91' title="bbox 345 4566 1917 4666">
    <p class='ocr_par' dir='ltr' id='par_1_91' title="bbox 345 4566 1912 4666">
     <span class='ocr_line' id='line_1_91' title="bbox 345 4566 1912 4666; baseline -0.004 -17"><span class='ocrx_word' id='word_1_669' title='bbox 345 4599 442 4649; x_wconf 76' lang='grc' dir='ltr'><strong>καὶ</strong></span> <span class='ocrx_word' id='word_1_670' title='bbox 474 4599 500 4649; x_wconf 92' lang='lat'><strong>6</strong></span> <span class='ocrx_word' id='word_1_671' title='bbox 549 4566 699 4666; x_wconf 52' lang='lat' dir='ltr'><strong>imp&quot;</strong></span> <span class='ocrx_word' id='word_1_672' title='bbox 722 4595 883 4648; x_wconf 86' lang='grc' dir='ltr'>αὑτοῦ</span> <span class='ocrx_word' id='word_1_673' title='bbox 915 4597 1118 4662; x_wconf 88' lang='grc' dir='ltr'>γίνεται</span> <span class='ocrx_word' id='word_1_674' title='bbox 1158 4566 1310 4661; x_wconf 85' lang='grc' dir='ltr'>λόγος</span> <span class='ocrx_word' id='word_1_675' title='bbox 1334 4609 1348 4623; x_wconf 74' lang='grc' dir='ltr'><strong>ο</strong></span> <span class='ocrx_word' id='word_1_676' title='bbox 1388 4593 1463 4655; x_wconf 84' lang='grc' dir='ltr'>ὡς</span> <span class='ocrx_word' id='word_1_677' title='bbox 1494 4592 1582 4645; x_wconf 79' lang='grc' dir='ltr'>διὰ</span> <span class='ocrx_word' id='word_1_678' title='bbox 1617 4566 1806 4645; x_wconf 79' lang='grc' dir='ltr'>τούτου</span> <span class='ocrx_word' id='word_1_679' title='bbox 1850 4592 1912 4644; x_wconf 84' lang='grc' dir='ltr'><strong>τὸ</strong></span> 
     </span>
    </p>
   </div>
   <div class='ocr_carea' id='block_1_92' title="bbox 2014 4566 3584 4666">
    <p class='ocr_par' dir='ltr' id='par_1_92' title="bbox 2014 4566 3584 4645">
     <span class='ocr_line' id='line_1_92' title="bbox 2014 4566 3584 4645; baseline 0.003 -18"><span class='ocrx_word' id='word_1_680' title='bbox 2014 4566 2220 4638; x_wconf 63' lang='lat' dir='ltr'><strong>habent</strong></span> <span class='ocrx_word' id='word_1_681' title='bbox 2265 4576 2319 4630; x_wconf 91' lang='lat' dir='ltr'><strong>id</strong></span> <span class='ocrx_word' id='word_1_682' title='bbox 2365 4575 2508 4645; x_wconf 89' lang='lat' dir='ltr'><strong>quod</strong></span> <span class='ocrx_word' id='word_1_683' title='bbox 2565 4575 2713 4629; x_wconf 92' lang='lat' dir='ltr'><strong>lubet</strong></span> <span class='ocrx_word' id='word_1_684' title='bbox 2768 4584 2823 4629; x_wconf 90' lang='lat' dir='ltr'><strong>et</strong></span> <span class='ocrx_word' id='word_1_685' title='bbox 2863 4583 2946 4630; x_wconf 86' lang='lat' dir='ltr'><strong>est</strong></span> <span class='ocrx_word' id='word_1_686' title='bbox 2985 4577 3065 4629; x_wconf 88' lang='lat' dir='ltr'><strong>eis</strong></span> <span class='ocrx_word' id='word_1_687' title='bbox 3106 4577 3295 4643; x_wconf 82' lang='lat' dir='ltr'><strong>cordi;</strong></span> <span class='ocrx_word' id='word_1_688' title='bbox 3355 4578 3493 4631; x_wconf 90' lang='lat' dir='ltr'><strong>adeo</strong></span> <span class='ocrx_word' id='word_1_689' title='bbox 3525 4587 3584 4631; x_wconf 90' lang='lat' dir='ltr'><strong>ut</strong></span> 
     </span>
    </p>
   </div>
   <div class='ocr_carea' id='block_1_93' title="bbox 343 4677 1910 4758">
    <p class='ocr_par' dir='ltr' id='par_1_93' title="bbox 343 4677 1910 4758">
     <span class='ocr_line' id='line_1_93' title="bbox 343 4677 1910 4758; baseline -0.005 -15"><span class='ocrx_word' id='word_1_690' title='bbox 343 4688 724 4752; x_wconf 84' lang='grc' dir='ltr'>ἀναξιόπιστον</span> <span class='ocrx_word' id='word_1_691' title='bbox 753 4687 863 4758; x_wconf 79' lang='grc' dir='ltr'>ἔχει</span> <span class='ocrx_word' id='word_1_692' title='bbox 896 4687 1215 4757; x_wconf 89' lang='grc' dir='ltr'>κατηγορῶν</span> <span class='ocrx_word' id='word_1_693' title='bbox 1247 4687 1470 4738; x_wconf 75' lang='grc' dir='ltr'>ἐκείνων</span> <span class='ocrx_word' id='word_1_694' title='bbox 1502 4677 1576 4737; x_wconf 77' lang='grc' dir='ltr'>ὧν</span> <span class='ocrx_word' id='word_1_695' title='bbox 1613 4686 1674 4738; x_wconf 84' lang='grc' dir='ltr'><strong>οὐ</strong></span> <span class='ocrx_word' id='word_1_696' title='bbox 1719 4684 1910 4737; x_wconf 81' lang='grc' dir='ltr'>πεπεί-</span> 
     </span>
    </p>
   </div>
   <div class='ocr_carea' id='block_1_94' title="bbox 346 4777 1909 4852">
    <p class='ocr_par' dir='ltr' id='par_1_94' title="bbox 346 4777 1909 4852">
     <span class='ocr_line' id='line_1_94' title="bbox 346 4777 1909 4852; baseline -0.004 -19"><span class='ocrx_word' id='word_1_697' title='bbox 346 4798 532 4852; x_wconf 86' lang='grc' dir='ltr'>ραται.</span> <span class='ocrx_word' id='word_1_698' title='bbox 575 4780 763 4849; x_wconf 81' lang='grc' dir='ltr'>Ἡμεῖς</span> <span class='ocrx_word' id='word_1_699' title='bbox 804 4778 910 4846; x_wconf 77' lang='grc' dir='ltr'><strong>γὰρ</strong></span> <span class='ocrx_word' id='word_1_700' title='bbox 940 4779 998 4829; x_wconf 84' lang='grc' dir='ltr'><strong>οὑ</strong></span> <span class='ocrx_word' id='word_1_701' title='bbox 1026 4780 1093 4847; x_wconf 83' lang='grc' dir='ltr'>τῇ</span> <span class='ocrx_word' id='word_1_702' title='bbox 1124 4777 1330 4829; x_wconf 82' lang='grc' dir='ltr'>ἑαυτῶν</span> <span class='ocrx_word' id='word_1_703' title='bbox 1359 4777 1523 4847; x_wconf 72' lang='grc' dir='ltr'>πείρᾳ</span> <span class='ocrx_word' id='word_1_704' title='bbox 1570 4777 1744 4830; x_wconf 83' lang='grc' dir='ltr'>πάντα</span> <span class='ocrx_word' id='word_1_705' title='bbox 1777 4794 1909 4845; x_wconf 84' lang='grc' dir='ltr'>μαν-</span> 
     </span>
    </p>
   </div>
   <div class='ocr_carea' id='block_1_95' title="bbox 344 4867 1909 4941">
    <p class='ocr_par' dir='ltr' id='par_1_95' title="bbox 344 4867 1909 4941">
     <span class='ocr_line' id='line_1_95' title="bbox 344 4867 1909 4941; baseline -0.003 -17"><span class='ocrx_word' id='word_1_706' title='bbox 344 4873 612 4941; x_wconf 84' lang='grc' dir='ltr'>θάνομεν·</span> <span class='ocrx_word' id='word_1_707' title='bbox 668 4869 803 4922; x_wconf 88' lang='grc' dir='ltr'><strong>ἀλλά</strong></span> <span class='ocrx_word' id='word_1_708' title='bbox 859 4868 948 4922; x_wconf 84' lang='grc' dir='ltr'><strong>διὰ</strong></span> <span class='ocrx_word' id='word_1_709' title='bbox 1012 4869 1185 4937; x_wconf 90' lang='grc' dir='ltr'>μόνων</span> <span class='ocrx_word' id='word_1_710' title='bbox 1234 4867 1340 4920; x_wconf 89' lang='grc' dir='ltr'><strong>τῶν</strong></span> <span class='ocrx_word' id='word_1_711' title='bbox 1395 4867 1668 4936; x_wconf 80' lang='grc' dir='ltr'>λογισμῶν</span> <span class='ocrx_word' id='word_1_712' title='bbox 1726 4869 1909 4919; x_wconf 83' lang='grc' dir='ltr'>ἐκεῖνα</span> 
     </span>
    </p>
   </div>
   <div class='ocr_carea' id='block_1_96' title="bbox 341 4954 1910 5030">
    <p class='ocr_par' dir='ltr' id='par_1_96' title="bbox 341 4954 1910 5030">
     <span class='ocr_line' id='line_1_96' title="bbox 341 4954 1910 5030; baseline -0.003 -16"><span class='ocrx_word' id='word_1_713' title='bbox 341 4962 703 5030; x_wconf 80' lang='grc' dir='ltr'>γινώσκομεν,</span> <span class='ocrx_word' id='word_1_714' title='bbox 747 4954 820 5012; x_wconf 85' lang='grc' dir='ltr'>ὧν</span> <span class='ocrx_word' id='word_1_715' title='bbox 869 4959 966 5028; x_wconf 83' lang='grc' dir='ltr'>τὴν</span> <span class='ocrx_word' id='word_1_716' title='bbox 1013 4957 1411 5027; x_wconf 82' lang='grc' dir='ltr'>ἀπολαυστικὴν</span> <span class='ocrx_word' id='word_1_717' title='bbox 1459 4958 1567 5010; x_wconf 89' lang='grc' dir='ltr'><strong>τῶν</strong></span> <span class='ocrx_word' id='word_1_718' title='bbox 1613 4957 1783 5027; x_wconf 81' lang='grc' dir='ltr'>ἡδέων</span> <span class='ocrx_word' id='word_1_719' title='bbox 1811 4957 1910 5027; x_wconf 83' lang='grc' dir='ltr'><strong>τὴν</strong></span> 
     </span>
    </p>
   </div>
   <div class='ocr_carea' id='block_1_97' title="bbox 342 5049 1910 5122">
    <p class='ocr_par' dir='ltr' id='par_1_97' title="bbox 342 5049 1910 5122">
     <span class='ocr_line' id='line_1_97' title="bbox 342 5049 1910 5122; baseline -0.003 -18"><span class='ocrx_word' id='word_1_720' title='bbox 342 5056 545 5122; x_wconf 83' lang='grc' dir='ltr'>πεῖραν</span> <span class='ocrx_word' id='word_1_721' title='bbox 579 5053 611 5122; x_wconf 85' lang='grc' dir='ltr'><strong>ἡ</strong></span> <span class='ocrx_word' id='word_1_722' title='bbox 640 5052 798 5103; x_wconf 89' lang='grc' dir='ltr'>πενία</span> <span class='ocrx_word' id='word_1_723' title='bbox 846 5049 1066 5104; x_wconf 84' lang='grc' dir='ltr'>κωλύει.</span> <span class='ocrx_word' id='word_1_724' title='bbox 1114 5051 1230 5104; x_wconf 75' lang='grc' dir='ltr'><strong>Κάν</strong></span> <span class='ocrx_word' id='word_1_725' title='bbox 1261 5068 1365 5103; x_wconf 91' lang='grc' dir='ltr'>τινι</span> <span class='ocrx_word' id='word_1_726' title='bbox 1402 5050 1736 5120; x_wconf 81' lang='grc' dir='ltr'>προσάγεται</span> <span class='ocrx_word' id='word_1_727' title='bbox 1770 5066 1910 5118; x_wconf 86' lang='grc' dir='ltr'>συμ-</span> 
     </span>
    </p>
   </div>
   <div class='ocr_carea' id='block_1_98' title="bbox 341 5137 1910 5213">
    <p class='ocr_par' dir='ltr' id='par_1_98' title="bbox 341 5137 1910 5213">
     <span class='ocr_line' id='line_1_98' title="bbox 341 5137 1910 5213; baseline -0.003 -17"><span class='ocrx_word' id='word_1_728' title='bbox 341 5143 510 5212; x_wconf 68' lang='grc' dir='ltr'>ϐουλὴ</span> <span class='ocrx_word' id='word_1_729' title='bbox 562 5145 692 5213; x_wconf 81' lang='grc' dir='ltr'>παρ’</span> <span class='ocrx_word' id='word_1_730' title='bbox 739 5142 913 5212; x_wconf 84' lang='grc' dir='ltr'>ήμῶν,</span> <span class='ocrx_word' id='word_1_731' title='bbox 945 5141 1006 5193; x_wconf 83' lang='lat'><strong>16</strong></span> <span class='ocrx_word' id='word_1_732' title='bbox 1054 5142 1182 5210; x_wconf 80' lang='grc' dir='ltr'>παρ’</span> <span class='ocrx_word' id='word_1_733' title='bbox 1208 5140 1359 5192; x_wconf 76' lang='grc' dir='ltr'>οὐδὲν</span> <span class='ocrx_word' id='word_1_734' title='bbox 1401 5139 1651 5208; x_wconf 83' lang='grc' dir='ltr'>ἡγεῖσθαι</span> <span class='ocrx_word' id='word_1_735' title='bbox 1695 5139 1804 5191; x_wconf 81' lang='grc' dir='ltr'>δεῖν</span> <span class='ocrx_word' id='word_1_736' title='bbox 1843 5137 1910 5191; x_wconf 77' lang='grc' dir='ltr'>τὰ</span> 
     </span>
    </p>
   </div>
   <div class='ocr_carea' id='block_1_99' title="bbox 342 5230 1908 5302">
    <p class='ocr_par' dir='ltr' id='par_1_99' title="bbox 342 5230 1908 5302">
     <span class='ocr_line' id='line_1_99' title="bbox 342 5230 1908 5302; baseline -0.003 -16"><span class='ocrx_word' id='word_1_737' title='bbox 342 5235 450 5286; x_wconf 80' lang='grc' dir='ltr'><strong>ὑπὸ</strong></span> <span class='ocrx_word' id='word_1_738' title='bbox 491 5232 600 5286; x_wconf 88' lang='grc' dir='ltr'><strong>τῶν</strong></span> <span class='ocrx_word' id='word_1_739' title='bbox 631 5233 929 5302; x_wconf 84' lang='grc' dir='ltr'>ἀνθρώπων</span> <span class='ocrx_word' id='word_1_740' title='bbox 972 5230 1275 5300; x_wconf 84' lang='grc' dir='ltr'>τιμώμενα,</span> <span class='ocrx_word' id='word_1_741' title='bbox 1323 5231 1609 5300; x_wconf 82' lang='grc' dir='ltr'>πρόχειρος</span> <span class='ocrx_word' id='word_1_742' title='bbox 1642 5231 1674 5299; x_wconf 83' lang='grc' dir='ltr'>ἡ</span> <span class='ocrx_word' id='word_1_743' title='bbox 1728 5244 1908 5297; x_wconf 63' lang='grc' dir='ltr'>παραυ</span> 
     </span>
    </p>
   </div>
   <div class='ocr_carea' id='block_1_100' title="bbox 341 5319 1909 5396">
    <p class='ocr_par' dir='ltr' id='par_1_100' title="bbox 341 5319 1909 5396">
     <span class='ocr_line' id='line_1_100' title="bbox 341 5319 1909 5396; baseline -0.004 -17"><span class='ocrx_word' id='word_1_744' title='bbox 341 5325 532 5396; x_wconf 85' lang='grc' dir='ltr'>γραφὴ</span> <span class='ocrx_word' id='word_1_745' title='bbox 575 5324 668 5377; x_wconf 91' lang='grc' dir='ltr'><strong>τοῦ</strong></span> <span class='ocrx_word' id='word_1_746' title='bbox 716 5323 1022 5385; x_wconf 87' lang='grc' dir='ltr'>ἀκούοντος,</span> <span class='ocrx_word' id='word_1_747' title='bbox 1053 5321 1112 5374; x_wconf 86' lang='lat'><strong>16</strong></span> <span class='ocrx_word' id='word_1_748' title='bbox 1142 5321 1230 5374; x_wconf 83' lang='grc' dir='ltr'>διὰ</span> <span class='ocrx_word' id='word_1_749' title='bbox 1251 5319 1410 5373; x_wconf 85' lang='grc' dir='ltr'>τοῦτο</span> <span class='ocrx_word' id='word_1_750' title='bbox 1439 5322 1585 5389; x_wconf 81' lang='grc' dir='ltr'>ἡμᾶς</span> <span class='ocrx_word' id='word_1_751' title='bbox 1622 5321 1909 5389; x_wconf 79' lang='grc' dir='ltr'>ἀτιμάζειν</span> 
     </span>
    </p>
   </div>
   <div class='ocr_carea' id='block_1_101' title="bbox 347 5412 2006 5488">
    <p class='ocr_par' dir='ltr' id='par_1_101' title="bbox 347 5412 2006 5488">
     <span class='ocr_line' id='line_1_101' title="bbox 347 5412 2006 5488; baseline -0.001 -19"><span class='ocrx_word' id='word_1_752' title='bbox 347 5419 439 5469; x_wconf 79' lang='grc' dir='ltr'><strong>ὲκε</strong></span> <span class='ocrx_word' id='word_1_753' title='bbox 448 5421 553 5480; x_wconf 82' lang='grc' dir='ltr'>ἵνα,</span> <span class='ocrx_word' id='word_1_754' title='bbox 567 5417 648 5468; x_wconf 83' lang='grc' dir='ltr'>ὅτι</span> <span class='ocrx_word' id='word_1_755' title='bbox 669 5416 742 5485; x_wconf 82' lang='grc' dir='ltr'>μὴ</span> <span class='ocrx_word' id='word_1_756' title='bbox 757 5417 821 5484; x_wconf 81' lang='grc' dir='ltr'>τῇ</span> <span class='ocrx_word' id='word_1_757' title='bbox 837 5414 1001 5484; x_wconf 68' lang='grc' dir='ltr'>πείρᾳ.</span> <span class='ocrx_word' id='word_1_758' title='bbox 1017 5416 1081 5483; x_wconf 80' lang='grc' dir='ltr'>τῇ</span> <span class='ocrx_word' id='word_1_759' title='bbox 1100 5415 1158 5464; x_wconf 82' lang='grc' dir='ltr'><strong>ἐν</strong></span> <span class='ocrx_word' id='word_1_760' title='bbox 1173 5413 1352 5474; x_wconf 86' lang='grc' dir='ltr'>αὑτοῖς</span> <span class='ocrx_word' id='word_1_761' title='bbox 1368 5412 1634 5482; x_wconf 79' lang='grc' dir='ltr'>ὲγνωρίσα</span> <span class='ocrx_word' id='word_1_762' title='bbox 1643 5430 1759 5480; x_wconf 90' lang='grc' dir='ltr'>μεν.</span> <span class='ocrx_word' id='word_1_763' title='bbox 1787 5413 1930 5488; x_wconf 57' lang='grc' dir='ltr'><strong>Ἐπὶ⁵</strong></span> 
     </span>
    </p>
   </div>
   <div class='ocr_carea' id='block_1_102' title="bbox 345 5482 1932 5573">
    <p class='ocr_par' dir='ltr' id='par_1_102' title="bbox 345 5482 1932 5573">
     <span class='ocr_line' id='line_1_102' title="bbox 345 5482 1932 5573; baseline -0.008 -14"><span class='ocrx_word' id='word_1_764' title='bbox 345 5506 404 5560; x_wconf 80' lang='grc' dir='ltr'>δὲ</span> <span class='ocrx_word' id='word_1_765' title='bbox 425 5505 518 5558; x_wconf 79' lang='grc' dir='ltr'><strong>τοῦ</strong></span> <span class='ocrx_word' id='word_1_766' title='bbox 547 5503 718 5558; x_wconf 79' lang='grc' dir='ltr'>ταῦτα</span> <span class='ocrx_word' id='word_1_767' title='bbox 739 5505 869 5573; x_wconf 78' lang='grc' dir='ltr'>ἡμῖν</span> <span class='ocrx_word' id='word_1_768' title='bbox 904 5499 1305 5570; x_wconf 79' lang='grc' dir='ltr'>διαλεγομένου,</span> <span class='ocrx_word' id='word_1_769' title='bbox 1329 5501 1489 5569; x_wconf 86' lang='grc' dir='ltr'>ἀργεῖ</span> <span class='ocrx_word' id='word_1_770' title='bbox 1516 5499 1662 5550; x_wconf 78' lang='grc' dir='ltr'>πᾶσα</span> <span class='ocrx_word' id='word_1_771' title='bbox 1686 5482 1932 5566; x_wconf 50' lang='grc' dir='ltr'>τοιαύτηῖ</span> 
     </span>
    </p>
   </div>
   <div class='ocr_carea' id='block_1_103' title="bbox 344 5589 1910 5668">
    <p class='ocr_par' dir='ltr' id='par_1_103' title="bbox 344 5589 1910 5668">
     <span class='ocr_line' id='line_1_103' title="bbox 344 5589 1910 5668; baseline -0.006 -17"><span class='ocrx_word' id='word_1_772' title='bbox 344 5597 686 5668; x_wconf 73' lang='grc' dir='ltr'>ἀντίρρησις.</span> <span class='ocrx_word' id='word_1_773' title='bbox 717 5593 962 5664; x_wconf 84' lang='grc' dir='ltr'>Σολομὼν</span> <span class='ocrx_word' id='word_1_774' title='bbox 991 5594 1098 5662; x_wconf 87' lang='grc' dir='ltr'><strong>γάρ</strong></span> <span class='ocrx_word' id='word_1_775' title='bbox 1130 5593 1275 5645; x_wconf 77' lang='grc' dir='ltr'>ἐστιν</span> <span class='ocrx_word' id='word_1_776' title='bbox 1303 5592 1330 5642; x_wconf 90' lang='grc' dir='ltr'>ὁ</span> <span class='ocrx_word' id='word_1_777' title='bbox 1358 5590 1530 5643; x_wconf 76' lang='grc' dir='ltr'>ταῦτα</span> <span class='ocrx_word' id='word_1_778' title='bbox 1557 5590 1729 5657; x_wconf 80' lang='grc' dir='ltr'>λέγων</span> <span class='ocrx_word' id='word_1_779' title='bbox 1749 5606 1762 5618; x_wconf 91' lang='grc'><strong>·</strong></span> <span class='ocrx_word' id='word_1_780' title='bbox 1799 5592 1827 5642; x_wconf 90' lang='lat'><strong>6</strong></span> <span class='ocrx_word' id='word_1_781' title='bbox 1853 5589 1910 5642; x_wconf 78' lang='grc' dir='ltr'>δὲ</span> 
     </span>
    </p>
   </div>
   <div class='ocr_carea' id='block_1_104' title="bbox 345 5681 1910 5760">
    <p class='ocr_par' dir='ltr' id='par_1_104' title="bbox 345 5681 1910 5760">
     <span class='ocr_line' id='line_1_104' title="bbox 345 5681 1910 5760; baseline -0.004 -20"><span class='ocrx_word' id='word_1_782' title='bbox 345 5687 597 5760; x_wconf 86' lang='grc' dir='ltr'>Σολομὼν</span> <span class='ocrx_word' id='word_1_783' title='bbox 655 5681 807 5750; x_wconf 71' lang='grc' dir='ltr'>οὗτος</span> <span class='ocrx_word' id='word_1_784' title='bbox 855 5687 1034 5756; x_wconf 87' lang='grc' dir='ltr'>τρίτος</span> <span class='ocrx_word' id='word_1_785' title='bbox 1085 5681 1153 5756; x_wconf 84' lang='grc' dir='ltr'>ἦν</span> <span class='ocrx_word' id='word_1_786' title='bbox 1205 5685 1262 5739; x_wconf 80' lang='grc' dir='ltr'>ὲν</span> <span class='ocrx_word' id='word_1_787' title='bbox 1315 5686 1426 5746; x_wconf 90' lang='grc' dir='ltr'>τοῖς</span> <span class='ocrx_word' id='word_1_788' title='bbox 1484 5681 1758 5752; x_wconf 82' lang='grc' dir='ltr'>βασιλεῦσι</span> <span class='ocrx_word' id='word_1_789' title='bbox 1814 5681 1910 5734; x_wconf 88' lang='grc' dir='ltr'><strong>τοῦ</strong></span> 
     </span>
    </p>
   </div>
   <div class='ocr_carea' id='block_1_105' title="bbox 452 5861 1543 5935">
    <p class='ocr_par' dir='ltr' id='par_1_105' title="bbox 452 5861 1543 5935">
     <span class='ocr_line' id='line_1_105' title="bbox 452 5861 1543 5935; baseline -0.004 -15"><span class='ocrx_word' id='word_1_790' title='bbox 452 5866 501 5900; x_wconf 84' lang='grc'><strong>⁸⁸</strong></span> <span class='ocrx_word' id='word_1_791' title='bbox 533 5865 766 5935; x_wconf 85' lang='lat' dir='ltr'><strong>Philipp.</strong></span> <span class='ocrx_word' id='word_1_792' title='bbox 803 5880 876 5930; x_wconf 84' lang='lat' dir='ltr'><strong>Iv,</strong></span> <span class='ocrx_word' id='word_1_793' title='bbox 904 5864 990 5920; x_wconf 74' lang='grc'><strong>12.</strong></span> <span class='ocrx_word' id='word_1_794' title='bbox 1099 5864 1143 5896; x_wconf 84' lang='grc'>⁸⁷</span> <span class='ocrx_word' id='word_1_795' title='bbox 1166 5863 1296 5918; x_wconf 89' lang='lat' dir='ltr'><strong>Luc.</strong></span> <span class='ocrx_word' id='word_1_796' title='bbox 1338 5879 1422 5929; x_wconf 81' lang='lat' dir='ltr'><strong>xv,</strong></span> <span class='ocrx_word' id='word_1_797' title='bbox 1453 5861 1543 5917; x_wconf 74' lang='lat'><strong>24.</strong></span> 
     </span>
    </p>
   </div>
   <div class='ocr_carea' id='block_1_106' title="bbox 2016 4668 3584 4742">
    <p class='ocr_par' dir='ltr' id='par_1_106' title="bbox 2016 4668 3584 4742">
     <span class='ocr_line' id='line_1_106' title="bbox 2016 4668 3584 4742; baseline 0.003 -20"><span class='ocrx_word' id='word_1_798' title='bbox 2016 4677 2298 4739; x_wconf 87' lang='lat' dir='ltr'><strong>propterea</strong></span> <span class='ocrx_word' id='word_1_799' title='bbox 2328 4668 2429 4722; x_wconf 90' lang='lat' dir='ltr'><strong>ﬁde</strong></span> <span class='ocrx_word' id='word_1_800' title='bbox 2455 4670 2526 4722; x_wconf 91' lang='lat' dir='ltr'><strong>sit</strong></span> <span class='ocrx_word' id='word_1_801' title='bbox 2554 4669 2834 4738; x_wconf 87' lang='lat' dir='ltr'><strong>indignus,</strong></span> <span class='ocrx_word' id='word_1_802' title='bbox 2869 4678 2925 4723; x_wconf 92' lang='lat' dir='ltr'><strong>ut</strong></span> <span class='ocrx_word' id='word_1_803' title='bbox 2954 4669 3044 4738; x_wconf 91' lang='lat' dir='ltr'><strong>qui</strong></span> <span class='ocrx_word' id='word_1_804' title='bbox 3077 4671 3162 4722; x_wconf 84' lang='lat' dir='ltr'><strong>illa</strong></span> <span class='ocrx_word' id='word_1_805' title='bbox 3188 4679 3427 4734; x_wconf 85' lang='lat' dir='ltr'><strong>accuset,</strong></span> <span class='ocrx_word' id='word_1_806' title='bbox 3461 4688 3584 4742; x_wconf 79' lang='lat' dir='ltr'><strong>qua:</strong></span> 
     </span>
    </p>
   </div>
   <div class='ocr_carea' id='block_1_107' title="bbox 2013 4758 3580 4830">
    <p class='ocr_par' dir='ltr' id='par_1_107' title="bbox 2013 4758 3580 4830">
     <span class='ocr_line' id='line_1_107' title="bbox 2013 4758 3580 4830; baseline 0.001 -14"><span class='ocrx_word' id='word_1_807' title='bbox 2013 4777 2122 4816; x_wconf 88' lang='lat' dir='ltr'><strong>non</strong></span> <span class='ocrx_word' id='word_1_808' title='bbox 2147 4769 2231 4815; x_wconf 91' lang='lat' dir='ltr'><strong>est</strong></span> <span class='ocrx_word' id='word_1_809' title='bbox 2253 4769 2533 4830; x_wconf 78' lang='lat' dir='ltr'><strong>expertus.</strong></span> <span class='ocrx_word' id='word_1_810' title='bbox 2566 4758 2676 4815; x_wconf 84' lang='lat' dir='ltr'><strong>Nos</strong></span> <span class='ocrx_word' id='word_1_811' title='bbox 2703 4761 2848 4814; x_wconf 89' lang='lat' dir='ltr'><strong>enim</strong></span> <span class='ocrx_word' id='word_1_812' title='bbox 2885 4775 2988 4815; x_wconf 88' lang='lat' dir='ltr'><strong>non</strong></span> <span class='ocrx_word' id='word_1_813' title='bbox 3023 4763 3354 4830; x_wconf 84' lang='lat' dir='ltr'><strong>experientia</strong></span> <span class='ocrx_word' id='word_1_814' title='bbox 3391 4773 3580 4818; x_wconf 83' lang='lat' dir='ltr'><strong>nostra</strong></span> 
     </span>
    </p>
   </div>
   <div class='ocr_carea' id='block_1_108' title="bbox 2015 4850 3580 4923">
    <p class='ocr_par' dir='ltr' id='par_1_108' title="bbox 2015 4850 3580 4923">
     <span class='ocr_line' id='line_1_108' title="bbox 2015 4850 3580 4923; baseline 0.003 -17"><span class='ocrx_word' id='word_1_815' title='bbox 2015 4851 2198 4907; x_wconf 88' lang='lat' dir='ltr'><strong>omnia</strong></span> <span class='ocrx_word' id='word_1_816' title='bbox 2255 4851 2550 4916; x_wconf 86' lang='lat' dir='ltr'><strong>discimus,</strong></span> <span class='ocrx_word' id='word_1_817' title='bbox 2609 4850 2706 4906; x_wconf 87' lang='lat' dir='ltr'><strong>sed</strong></span> <span class='ocrx_word' id='word_1_818' title='bbox 2753 4867 2850 4920; x_wconf 88' lang='lat' dir='ltr'><strong>per</strong></span> <span class='ocrx_word' id='word_1_819' title='bbox 2886 4852 3029 4907; x_wconf 90' lang='lat' dir='ltr'><strong>solas</strong></span> <span class='ocrx_word' id='word_1_820' title='bbox 3083 4854 3441 4923; x_wconf 76' lang='lat' dir='ltr'><strong>cogitationes</strong></span> <span class='ocrx_word' id='word_1_821' title='bbox 3485 4856 3580 4910; x_wconf 85' lang='lat' dir='ltr'><strong>illa</strong></span> 
     </span>
    </p>
   </div>
   <div class='ocr_carea' id='block_1_109' title="bbox 2014 4942 3585 5012">
    <p class='ocr_par' dir='ltr' id='par_1_109' title="bbox 2014 4942 3585 5012">
     <span class='ocr_line' id='line_1_109' title="bbox 2014 4942 3585 5012; baseline 0.002 -15"><span class='ocrx_word' id='word_1_822' title='bbox 2014 4943 2231 4997; x_wconf 90' lang='lat' dir='ltr'><strong>demum</strong></span> <span class='ocrx_word' id='word_1_823' title='bbox 2251 4942 2655 5012; x_wconf 78' lang='lat' dir='ltr'><strong>cognoscimus,</strong></span> <span class='ocrx_word' id='word_1_824' title='bbox 2685 4958 2916 5011; x_wconf 88' lang='lat' dir='ltr'><strong>quorum</strong></span> <span class='ocrx_word' id='word_1_825' title='bbox 2950 4944 3238 5000; x_wconf 87' lang='lat' dir='ltr'><strong>suavitatis</strong></span> <span class='ocrx_word' id='word_1_826' title='bbox 3264 4956 3317 4999; x_wconf 89' lang='lat' dir='ltr'><strong>et</strong></span> <span class='ocrx_word' id='word_1_827' title='bbox 3341 4947 3585 5002; x_wconf 82' lang='lat' dir='ltr'><strong>delecta-</strong></span> 
     </span>
    </p>
   </div>
   <div class='ocr_carea' id='block_1_110' title="bbox 1975 5031 3576 5107">
    <p class='ocr_par' dir='ltr' id='par_1_110' title="bbox 1975 5031 3576 5107">
     <span class='ocr_line' id='line_1_110' title="bbox 1975 5031 3576 5107; baseline 0.007 -25"><span class='ocrx_word' id='word_1_828' title='bbox 1975 5034 2178 5088; x_wconf 86' lang='lat' dir='ltr'><strong>.tionis</strong></span> <span class='ocrx_word' id='word_1_829' title='bbox 2234 5031 2567 5102; x_wconf 77' lang='lat' dir='ltr'><strong>experientia</strong></span> <span class='ocrx_word' id='word_1_830' title='bbox 2623 5049 2688 5088; x_wconf 92' lang='lat' dir='ltr'><strong>ne</strong></span> <span class='ocrx_word' id='word_1_831' title='bbox 2750 5033 2997 5089; x_wconf 82' lang='lat' dir='ltr'><strong>fruamur</strong></span> <span class='ocrx_word' id='word_1_832' title='bbox 3053 5045 3200 5090; x_wconf 88' lang='lat' dir='ltr'><strong>vetat</strong></span> <span class='ocrx_word' id='word_1_833' title='bbox 3261 5047 3576 5107; x_wconf 83' lang='lat' dir='ltr'><strong>paupertas.</strong></span> 
     </span>
    </p>
   </div>
   <div class='ocr_carea' id='block_1_111' title="bbox 2012 5124 3579 5192">
    <p class='ocr_par' dir='ltr' id='par_1_111' title="bbox 2012 5124 3579 5192">
     <span class='ocr_line' id='line_1_111' title="bbox 2012 5124 3579 5192; baseline 0.003 -13"><span class='ocrx_word' id='word_1_834' title='bbox 2012 5125 2166 5191; x_wconf 89' lang='lat' dir='ltr'><strong>Quod</strong></span> <span class='ocrx_word' id='word_1_835' title='bbox 2196 5124 2244 5180; x_wconf 87' lang='lat' dir='ltr'><strong>si</strong></span> <span class='ocrx_word' id='word_1_836' title='bbox 2276 5140 2378 5179; x_wconf 90' lang='lat' dir='ltr'><strong>nos</strong></span> <span class='ocrx_word' id='word_1_837' title='bbox 2415 5126 2577 5179; x_wconf 87' lang='lat' dir='ltr'><strong>alicui</strong></span> <span class='ocrx_word' id='word_1_838' title='bbox 2617 5129 2992 5192; x_wconf 89' lang='lat' dir='ltr'><strong>consulamus,</strong></span> <span class='ocrx_word' id='word_1_839' title='bbox 3045 5138 3106 5183; x_wconf 83' lang='lat' dir='ltr'><strong>ut</strong></span> <span class='ocrx_word' id='word_1_840' title='bbox 3137 5130 3288 5183; x_wconf 88' lang='lat' dir='ltr'><strong>nihili</strong></span> <span class='ocrx_word' id='word_1_841' title='bbox 3320 5130 3483 5184; x_wconf 89' lang='lat' dir='ltr'><strong>faciat</strong></span> <span class='ocrx_word' id='word_1_842' title='bbox 3515 5147 3579 5184; x_wconf 86' lang='lat' dir='ltr'><strong>ea</strong></span> 
     </span>
    </p>
   </div>
   <div class='ocr_carea' id='block_1_112' title="bbox 2011 5217 3576 5290">
    <p class='ocr_par' dir='ltr' id='par_1_112' title="bbox 2011 5217 3576 5290">
     <span class='ocr_line' id='line_1_112' title="bbox 2011 5217 3576 5290; baseline 0.002 -19"><span class='ocrx_word' id='word_1_843' title='bbox 2011 5233 2132 5287; x_wconf 72' lang='lat' dir='ltr'><strong>quae</strong></span> <span class='ocrx_word' id='word_1_844' title='bbox 2165 5219 2232 5272; x_wconf 87' lang='lat' dir='ltr'><strong>ab</strong></span> <span class='ocrx_word' id='word_1_845' title='bbox 2265 5217 2580 5273; x_wconf 88' lang='lat' dir='ltr'><strong>hominibus</strong></span> <span class='ocrx_word' id='word_1_846' title='bbox 2608 5219 2874 5273; x_wconf 83' lang='lat' dir='ltr'><strong>habentur</strong></span> <span class='ocrx_word' id='word_1_847' title='bbox 2895 5220 2949 5274; x_wconf 92' lang='lat' dir='ltr'><strong>in</strong></span> <span class='ocrx_word' id='word_1_848' title='bbox 2983 5221 3209 5282; x_wconf 91' lang='lat' dir='ltr'><strong>honore,</strong></span> <span class='ocrx_word' id='word_1_849' title='bbox 3235 5221 3287 5274; x_wconf 91' lang='lat' dir='ltr'><strong>in</strong></span> <span class='ocrx_word' id='word_1_850' title='bbox 3323 5230 3576 5290; x_wconf 85' lang='lat' dir='ltr'><strong>promptu</strong></span> 
     </span>
    </p>
   </div>
   <div class='ocr_carea' id='block_1_113' title="bbox 2012 5310 3578 5382">
    <p class='ocr_par' dir='ltr' id='par_1_113' title="bbox 2012 5310 3578 5382">
     <span class='ocr_line' id='line_1_113' title="bbox 2012 5310 3578 5382; baseline 0.001 -17"><span class='ocrx_word' id='word_1_851' title='bbox 2012 5318 2096 5365; x_wconf 90' lang='lat' dir='ltr'><strong>est</strong></span> <span class='ocrx_word' id='word_1_852' title='bbox 2122 5310 2193 5373; x_wconf 92' lang='lat' dir='ltr'><strong>ei,</strong></span> <span class='ocrx_word' id='word_1_853' title='bbox 2242 5313 2332 5379; x_wconf 90' lang='lat' dir='ltr'><strong>qui</strong></span> <span class='ocrx_word' id='word_1_854' title='bbox 2369 5310 2480 5364; x_wconf 59' lang='lat' dir='ltr'><strong>hate</strong></span> <span class='ocrx_word' id='word_1_855' title='bbox 2507 5310 2677 5374; x_wconf 90' lang='lat' dir='ltr'><strong>audit,</strong></span> <span class='ocrx_word' id='word_1_856' title='bbox 2713 5312 3072 5381; x_wconf 67' lang='lat' dir='ltr'><strong>praescriptio,</strong></span> <span class='ocrx_word' id='word_1_857' title='bbox 3105 5312 3250 5381; x_wconf 92' lang='lat' dir='ltr'><strong>quod</strong></span> <span class='ocrx_word' id='word_1_858' title='bbox 3295 5321 3578 5382; x_wconf 85' lang='lat' dir='ltr'><strong>propterea</strong></span> 
     </span>
    </p>
   </div>
   <div class='ocr_carea' id='block_1_114' title="bbox 2013 5403 3578 5472">
    <p class='ocr_par' dir='ltr' id='par_1_114' title="bbox 2013 5403 3578 5472">
     <span class='ocr_line' id='line_1_114' title="bbox 2013 5403 3578 5472; baseline -0.001 -12"><span class='ocrx_word' id='word_1_859' title='bbox 2013 5419 2118 5460; x_wconf 87' lang='lat' dir='ltr'><strong>nos</strong></span> <span class='ocrx_word' id='word_1_860' title='bbox 2150 5403 2240 5456; x_wconf 89' lang='lat' dir='ltr'><strong>illa</strong></span> <span class='ocrx_word' id='word_1_861' title='bbox 2270 5403 2658 5472; x_wconf 90' lang='lat' dir='ltr'><strong>despiciamus,</strong></span> <span class='ocrx_word' id='word_1_862' title='bbox 2692 5404 2840 5472; x_wconf 92' lang='lat' dir='ltr'><strong>quod</strong></span> <span class='ocrx_word' id='word_1_863' title='bbox 2871 5419 2932 5457; x_wconf 87' lang='lat' dir='ltr'><strong>ea</strong></span> <span class='ocrx_word' id='word_1_864' title='bbox 2976 5405 3132 5459; x_wconf 90' lang='lat' dir='ltr'><strong>nobis</strong></span> <span class='ocrx_word' id='word_1_865' title='bbox 3168 5413 3294 5457; x_wconf 89' lang='lat' dir='ltr'><strong>nota</strong></span> <span class='ocrx_word' id='word_1_866' title='bbox 3322 5420 3427 5458; x_wconf 91' lang='lat' dir='ltr'><strong>non</strong></span> <span class='ocrx_word' id='word_1_867' title='bbox 3468 5406 3578 5460; x_wconf 91' lang='lat' dir='ltr'><strong>sint</strong></span> 
     </span>
    </p>
   </div>
   <div class='ocr_carea' id='block_1_115' title="bbox 1973 5494 3574 5566">
    <p class='ocr_par' dir='ltr' id='par_1_115' title="bbox 1973 5494 3574 5566">
     <span class='ocr_line' id='line_1_115' title="bbox 1973 5494 3574 5566; baseline -0.001 -14"><span class='ocrx_word' id='word_1_868' title='bbox 1973 5527 1978 5544; x_wconf 88' lang='lat'><strong>.-</strong></span> <span class='ocrx_word' id='word_1_869' title='bbox 2015 5497 2369 5566; x_wconf 81' lang='lat' dir='ltr'><strong>experientia.</strong></span> <span class='ocrx_word' id='word_1_870' title='bbox 2424 5494 2480 5548; x_wconf 90' lang='lat' dir='ltr'><strong>In</strong></span> <span class='ocrx_word' id='word_1_871' title='bbox 2524 5511 2588 5549; x_wconf 87' lang='lat' dir='ltr'><strong>eo</strong></span> <span class='ocrx_word' id='word_1_872' title='bbox 2635 5504 2812 5550; x_wconf 90' lang='lat' dir='ltr'><strong>autem</strong></span> <span class='ocrx_word' id='word_1_873' title='bbox 2844 5495 2935 5565; x_wconf 90' lang='lat' dir='ltr'><strong>qui</strong></span> <span class='ocrx_word' id='word_1_874' title='bbox 2989 5495 3101 5548; x_wconf 64' lang='lat' dir='ltr'><strong>haec</strong></span> <span class='ocrx_word' id='word_1_875' title='bbox 3137 5495 3296 5550; x_wconf 87' lang='lat' dir='ltr'><strong>nobis</strong></span> <span class='ocrx_word' id='word_1_876' title='bbox 3330 5496 3574 5562; x_wconf 83' lang='lat' dir='ltr'><strong>disserit,</strong></span> 
     </span>
    </p>
   </div>
   <div class='ocr_carea' id='block_1_116' title="bbox 2015 5585 3576 5654">
    <p class='ocr_par' dir='ltr' id='par_1_116' title="bbox 2015 5585 3576 5654">
     <span class='ocr_line' id='line_1_116' title="bbox 2015 5585 3576 5654; baseline -0.001 -10"><span class='ocrx_word' id='word_1_877' title='bbox 2015 5597 2193 5644; x_wconf 87' lang='lat' dir='ltr'><strong>cessat</strong></span> <span class='ocrx_word' id='word_1_878' title='bbox 2226 5588 2406 5643; x_wconf 90' lang='lat' dir='ltr'><strong>omnis</strong></span> <span class='ocrx_word' id='word_1_879' title='bbox 2455 5587 2717 5654; x_wconf 86' lang='lat' dir='ltr'><strong>ejusmodi</strong></span> <span class='ocrx_word' id='word_1_880' title='bbox 2758 5585 3143 5641; x_wconf 88' lang='lat' dir='ltr'><strong>contradictio.</strong></span> <span class='ocrx_word' id='word_1_881' title='bbox 3175 5585 3268 5642; x_wconf 87' lang='lat' dir='ltr'><strong>Est</strong></span> <span class='ocrx_word' id='word_1_882' title='bbox 3299 5589 3443 5643; x_wconf 90' lang='lat' dir='ltr'><strong>enim</strong></span> <span class='ocrx_word' id='word_1_883' title='bbox 3476 5587 3576 5644; x_wconf 82' lang='lat' dir='ltr'><strong>Sa-</strong></span> 
     </span>
    </p>
   </div>
   <div class='ocr_carea' id='block_1_117' title="bbox 2017 5677 3578 5752">
    <p class='ocr_par' dir='ltr' id='par_1_117' title="bbox 2017 5677 3578 5752">
     <span class='ocr_line' id='line_1_117' title="bbox 2017 5677 3578 5752; baseline 0 -18"><span class='ocrx_word' id='word_1_884' title='bbox 2017 5684 2196 5736; x_wconf 90' lang='lat' dir='ltr'><strong>lomon</strong></span> <span class='ocrx_word' id='word_1_885' title='bbox 2237 5681 2330 5752; x_wconf 88' lang='lat' dir='ltr'><strong>qui</strong></span> <span class='ocrx_word' id='word_1_886' title='bbox 2377 5682 2490 5735; x_wconf 65' lang='lat' dir='ltr'><strong>hac</strong></span> <span class='ocrx_word' id='word_1_887' title='bbox 2519 5679 2671 5735; x_wconf 90' lang='lat' dir='ltr'><strong>dicit.</strong></span> <span class='ocrx_word' id='word_1_888' title='bbox 2712 5677 2812 5735; x_wconf 77' lang='lat' dir='ltr'><strong>ilic</strong></span> <span class='ocrx_word' id='word_1_889' title='bbox 2847 5687 3027 5735; x_wconf 89' lang='lat' dir='ltr'><strong>autem</strong></span> <span class='ocrx_word' id='word_1_890' title='bbox 3069 5678 3320 5751; x_wconf 73' lang='lat' dir='ltr'><strong>Salomon</strong></span> <span class='ocrx_word' id='word_1_891' title='bbox 3350 5689 3434 5738; x_wconf 80' lang='lat' dir='ltr'><strong>est</strong></span> <span class='ocrx_word' id='word_1_892' title='bbox 3463 5688 3578 5746; x_wconf 80' lang='lat' dir='ltr'><strong>ter-</strong></span> 
     </span>
    </p>
   </div>
   <div class='ocr_carea' id='block_1_118' title="bbox 1659 5858 2101 5927">
    <p class='ocr_par' dir='ltr' id='par_1_118' title="bbox 1659 5858 2101 5927">
     <span class='ocr_line' id='line_1_118' title="bbox 1659 5858 2101 5927; baseline 0.005 -12"><span class='ocrx_word' id='word_1_893' title='bbox 1659 5862 1702 5894; x_wconf 79' lang='grc'><strong>⁸⁸</strong></span> <span class='ocrx_word' id='word_1_894' title='bbox 1718 5859 1881 5916; x_wconf 85' lang='lat' dir='ltr'><strong>Hebr.</strong></span> <span class='ocrx_word' id='word_1_895' title='bbox 1907 5875 1966 5927; x_wconf 90' lang='lat' dir='ltr'><strong>ll,</strong></span> <span class='ocrx_word' id='word_1_896' title='bbox 2009 5858 2101 5917; x_wconf 82' lang='lat'><strong>‘57.</strong></span> 
     </span>
    </p>
   </div>
  </div>
