4044 6534
413 441 518 496 655
1646 434 1704 489 S.
1747 431 2074 491 GREGORlI
2117 433 2158 486 Ν
2172 434 2410 490 YSSENI
2747 469 2753 476 η
3547 442 3650 498 6η

411 559 526 612 tius
552 555 604 608 in
631 552 850 622 regibus
880 550 1066 608 Israel.
1107 556 1228 618 post
1256 549 1410 602 illum
1443 547 1684 612 Saulem,
1725 556 1780 601 et
1815 547 1984 600 David
2013 597 2017 608 ,

2109 551 2334 620 Ἰσραὴλ,
2368 552 2504 620 μετὰ
2543 553 2635 605 τὸν
2682 554 2852 608 Σαοὺλ
2885 557 3109 619 ἐκεῖνον,
3135 557 3229 608 καὶ
3265 554 3358 608 τὸν
3386 555 3537 624 παρὰ
3560 558 3653 610 τοῦ

412 645 508 716 qui
544 661 572 698 a
622 642 733 698 Deo
763 641 865 695 fuit
905 641 1136 695 electus.
1179 639 1229 694 ls
1255 654 1380 692 cum
1419 653 1449 691 a
1491 646 1646 706 patre
1690 637 1990 706 accepisset

2109 643 2294 709 (upiou
2334 642 2706 713 ὲξειλεγμένον
2739 647 2923 702 Δαϐίδ.
2953 643 3122 709 Οὗτος
3163 647 3264 716 τὴν
3292 646 3466 718 ἀρχὴν
3503 650 3655 718 παρὰ

415 737 728 808 imperium,
765 741 820 788 et
841 732 955 802 jam
990 733 1044 786 in
1077 730 1393 786 dominatus
1424 729 1688 785 crevisset
1714 729 1990 800 magnitu-

2109 732 2180 784 τοῦ
2220 733 2424 802 πατρὸς
2481 734 2856 806 ἐκδεξάμενος,
2889 742 2982 790 καὶ
3015 737 3272 804 αὐξηθεὶς
3315 740 3391 801 είς
3431 738 3659 808 μέγεθος

415 831 565 896 dine,
604 845 697 884 rex
732 825 1082 882 renuntiatur
1141 823 1440 879 lsraelitis:
1492 823 1585 893 qui
1613 837 1726 877 non
1757 821 1901 877 bello
1935 829 1989 875 et

2109 823 2190 892 ἱδη
2216 827 2331 888 τοῖς
2371 826 2741 897 Ἰσραηλίταις.
2776 828 2878 896 τῆς
2921 829 3242 893 δυναστείας
3282 830 3660 884 ἀναδείκνυται

417 887 621 993 praeliis
682 915 942 986 p0pulum
992 914 1095 970 sibi
1147 914 1456 984 subjectum
1509 887 1717 977 terens,
1779 911 1876 968 sed
1933 912 1989 966 in

2109 887 2342 980 ίασιλεύς
2362 933 2374 945 ⁸
2405 887 2464 982 δέ
2479 887 2662 972 ούκέτι
2678 887 2764 972 δίὰ
2788 887 3026 990 πολέμου
3049 922 3145 974 xui.
3172 887 3353 992 μαχης
3377 921 3581 992 τρίϐων
3599 922 3664 974 τὸ

418 1022 630 1066 summa
661 1013 928 1077 potestate
959 1013 1011 1059 et
1035 1019 1170 1074 pace
1203 1004 1369 1057 vitam
1414 1018 1600 1074 agens,
1636 1019 1744 1057 non
1770 1017 1987 1072 operam

2109 1008 2420 1078 inexetptov,
2451 1007 2586 1061 ἀλλὰ
2616 1010 2757 1061 κατὰ
2788 1011 2964 1063 πᾶσαν
2995 1009 3242 1074 ἐξουσίαν
3267 1014 3333 1082 τῇ
3360 1012 3548 1086 εἰρήνῃ
3570 1012 3664 1081 ἐμ-

418 1099 652 1171 ponehat
680 1098 735 1150 in
786 1097 854 1152 iis
899 1110 1022 1167 qua:
1058 1111 1164 1149 non
1215 1094 1450 1149 habebat
1481 1094 1854 1165 acquirendis,
1891 1094 1988 1149 sed

2109 1096 2364 1161 ῑιοτεύων,
2381 1099 2540 1170 ἔργον
2556 1100 2788 1152 ἐποιεῖτο
2806 1101 2867 1153 ού
2892 1102 2989 1170 τὴν
3008 1103 3199 1170 κτῆσιν
3216 1102 3322 1155 τῶν
3348 1102 3420 1172 μὴ
3437 1103 3666 1173 προσόνο

419 1199 482 1245 ut
530 1190 808 1245 frueretur
846 1188 914 1243 iis
960 1187 1162 1258 quibus
1212 1187 1528 1241 abundabat
1548 1200 1578 1253 ;‘
1623 1194 1812 1257 utpote
1843 1184 1989 1256 quod

2109 1204 2216 1247 των,
2248 1187 2380 1241 ἀλλὰ
2403 1189 2497 1258 τὴν
2524 1189 2819 1244 ἀπόλαυσιν
2849 1190 2954 1242 τῶν
2985 1193 3281 1263 περιόντων
3301 1209 3315 1223 ·
3349 1191 3426 1255 ὡς
3451 1192 3664 1256 οὐδενὸς

420 1286 557 1340 nihil
593 1284 835 1340 obstaret
875 1282 1174 1352 quominus
1205 1297 1265 1338 se
1294 1281 1593 1336 oblectaret
1621 1281 1689 1337 iis
1732 1295 1855 1351 qua:
1883 1279 1989 1334 sibi

2109 1276 2235 1348 ιύτῷ
2266 1278 2399 1350 πρὸς
2431 1279 2602 1332 οὐδενὶ
2634 1280 2739 1332 τῶν
2771 1281 3121 1351 καταθυμίων
3147 1282 3293 1346 ὄντος
3324 1283 3662 1354 κωλύματος.

593 1322 835 1340 που-,ω
876 1322 1174 1352 quem...”
1205 1322 1265 1338 υ..
1295 1322 1593 1336 πωπω...
1621 1322 1689 1337 ...ι
1733 1322 1855 1351 ν...
1883 1322 1989 1334 υ.-.

419 1385 604 1432 essent
636 1374 810 1428 cordi.
846 1373 979 1428 Nam
1017 1389 1141 1428 cum
1187 1373 1484 1443 cupiditate
1527 1372 1690 1428 simul
1732 1371 1991 1428 extende-

2109 1322 2232 1348 .--γ
2271 1322 2397 1350 ,τη
2433 1322 2602 1332 νη-..
2643 1322 2735 1332 ...η
2773 1322 3118 1351 παπ-μην,
3147 1322 3290 1346 νην,
3326 1322 3662 1354 "unum..."

2109 1372 2166 1423 Ἠ
2202 1388 2262 1424 τε
2295 1371 2404 1442 γὰρ
2445 1372 2728 1443 περιουσία
2771 1373 2868 1443 τῆς
2914 1373 3205 1442 ἐπιθυμίας
3255 1375 3662 1439 συνεξετείνετο,

421 1467 584 1521 batur
612 1465 790 1535 copia,
821 1473 874 1520 et
913 1465 977 1519 ad
1006 1463 1294 1518 fruendum
1326 1463 1557 1518 liberum
1583 1473 1636 1518 et
1666 1464 1848 1517 laxum
1872 1468 1990 1516 erat

2109 1465 2184 1517 ιαὶ
2212 1466 2244 1535 ἡ
2281 1465 2442 1536 σχολὴ
2486 1467 2618 1536 πρὸς
2651 1465 2750 1536 τὴν
2785 1467 3080 1521 ἀπόλαυσιν
3120 1467 3306 1531 ἄνετος
3341 1464 3428 1540 ἦν,
3455 1469 3666 1534 ούδενδς

422 1562 617 1622 otium,
648 1573 770 1612 cum
804 1557 939 1610 nihil
977 1555 1120 1625 quod
1153 1554 1342 1616 nollet,
1370 1553 1502 1624 ejus
1547 1554 1986 1622 interrumperet,

2109 1552 2198 1605 τῶν
2239 1553 2551 1624 ἀϐουλήτων
2594 1554 2692 1624 τὴν
2735 1557 2792 1608 ἐν
2841 1559 2952 1618 τοῖς
3002 1558 3354 1628 καταθυμίοις
3391 1558 3666 1630 διαγωγὴν

423 1652 481 1705 in
517 1651 583 1704 iis
623 1664 743 1718 quae
779 1647 1021 1716 jucunda
1071 1652 1250 1708 erant,
1305 1645 1429 1699 vita;
1474 1644 1894 1706 traductionem,
1937 1650 1991 1698 et

2109 1645 2472 1704 ;πικόπτοντος
2493 1662 2506 1675 ·
2533 1645 2600 1698 τὰ
2628 1647 2685 1699 δὲ
2722 1647 2857 1700 ἄλλα
2893 1648 3054 1717 σοφὸς
3087 1647 3181 1711 ὢν,
3212 1650 3302 1703 καί⁹
3333 1652 3582 1720 ἐφευρείν
3612 1667 3667 1704 τι

424 1743 629 1812 alioqui
658 1756 781 1796 cum
825 1750 968 1795 esset
1017 1740 1258 1809 sapiens,
1307 1746 1362 1793 et
1403 1737 1637 1806 alicujus
1667 1752 1732 1791 ex
1767 1737 1835 1792 iis
1869 1750 1990 1806 qua:

2109 1736 2196 1788 τῶν
2223 1737 2342 1789 καθ’
2375 1737 2567 1807 ἡδονὴν
2598 1738 2700 1790 ὑπὸ
2722 1739 2988 1800 συνέσεως
3027 1739 3227 1802 ἱκανὸς,
3251 1737 3370 1794 εἷπε
3397 1741 3464 1792 τὰ
3484 1741 3574 1793 καὶ
3598 1741 3669 1794 τὰ

426 1836 492 1890 ad
540 1836 870 1903 voluptatem
900 1833 1170 1900 pertinent
1218 1831 1289 1885 ob
1331 1829 1531 1900 ingenii
1564 1842 1791 1883 acumen
1838 1829 1990 1882 inve-

2109 1829 2198 1880 τῶν
2223 1829 2356 1898 πρὸς
2379 1829 2674 1883 ἀπόλαυσιν
2695 1831 3138 1902 σπουδαζομένων
3160 1833 3460 1902 ἐπινοῆσαι,
3489 1833 3667 1886 πάντα

427 1926 607 1993 niendi
631 1934 777 1980 esset
807 1939 1026 1993 gnarus,
1049 1923 1100 1977 di
1115 1924 1184 1976 \it
1213 1938 1270 1977 se
1298 1921 1414 1976 haec
1435 1928 1488 1976 et
1509 1921 1622 1975 haec
1645 1920 1984 1990 excogitasse

426 2038 492 2078 ex
533 2023 620 2085 iis,
658 2021 711 2074 in
761 2034 882 2089 quae
915 2016 1128 2072 fruendi
1167 2031 1332 2071 causa
1379 2013 1660 2070 confertur
1704 2012 1982 2068 studium:

427 2128 553 2170 cum
583 2122 763 2167 autem
801 2111 986 2166 omnia
1021 2108 1261 2172 fecisset,
1293 2123 1414 2178 quae
1441 2107 1689 2162 oratione
1733 2105 1990 2174 deinceps

429 2206 787 2268 enumeravit.
842 2204 979 2258 dixit
1029 2217 1089 2258 se
1150 2202 1266 2270 ipsa
1321 2201 1580 2256 didicisse
1635 2199 1990 2269 experientia,

429 2297 574 2363 quod
607 2296 857 2356 istorum,
889 2294 943 2347 in
977 2269 1184 2362 quibus,
1202 2290 1423 2360 ponitur
1453 2289 1714 2351 studium,
1750 2289 1874 2344 finis
1909 2295 1995 2344 est

431 2387 663 2440 vanitas.
708 2383 862 2438 Hunc
907 2391 1086 2436 autem
1119 2381 1365 2434 ordinem
1406 2379 1656 2432 adhibuit
1709 2378 1766 2433 in
1803 2392 1997 2432 narra-

433 2479 602 2538 tione,
637 2477 778 2545 quod
821 2474 1052 2543 primum
1091 2471 1310 2541 quidem
1351 2471 1405 2524 in
1439 2469 1632 2540 primis
1664 2470 1998 2539 temporibus

433 2571 558 2622 vitae
596 2584 708 2623 suae
735 2565 1030 2622 eruditioni
1059 2563 1355 2625 vacaverit,
1385 2577 1488 2616 nec
1521 2577 1588 2616 ex
1622 2561 1886 2630 ejusmodi
1923 2563 1998 2612 la-

433 2660 659 2713 boribus
684 2657 922 2712 emollita
951 2655 1061 2709 sint
1101 2654 1299 2710 studia.
1348 2651 1590 2723 Spiritus
1617 2661 1796 2707 autem
1830 2653 2000 2707 libera

2096 1922 2342 1990 ποιήσας,
2381 1921 2482 1975 ὅσα
2511 1921 2746 1992 καθεξῆς
2784 1922 2859 1993 τῷ
2906 1923 3047 1993 λόγῳ
3094 1925 3546 1996 ἁπηριθμήσατο.
3599 1925 3674 1978 δι’

2095 2011 2264 2080 αὐτῆς
2304 2007 2424 2063 εἷπε
2466 2012 2842 2082 μεμαθηκέναι
2889 2014 2988 2082 τῆς
3037 2015 3252 2085 πείρας.
3293 2015 3373 2068 ὅτι
3407 2016 3464 2068 ἓν
3497 2017 3670 2087 πέρας

2097 2103 2213 2154 ἐστὶ
2264 2102 2373 2155 τῶν
2419 2105 2476 2155 ἐν
2525 2103 2732 2167 τούτοις
2787 2104 3233 2176 σπουδαζομένων
3271 2108 3304 2177 ἡ
3353 2108 3666 2178 ματαιότης.

2037 2256 2056 2283 ρ)
2087 2196 2261 2283 ’,Τάξιν
2280 2196 2338 2249 δὲ
2362 2195 2614 2267 τοιαύτην
2641 2197 2877 2268 ἐπέθηκε
2910 2198 2987 2269 τῷ
3009 2200 3325 2270 διηγήματι,
3355 2201 3430 2264 ὼς
3458 2201 3673 2272 πρῶτον

2074 2290 2220 2359 μίμέν,
2259 2289 2318 2341 ἐν
2367 2287 2601 2360 πρώτοις
2642 2289 2853 2359 χρόνοις
2885 2293 2983 2359 τῆς
3028 2290 3217 2344 ἐαυτοῦ
3249 2290 3410 2360 ζωῆς.
3445 2296 3509 2363 τῇ
3545 2311 3673 2347 παι-

2098 2382 2274 2434 δεύσει
2301 2381 2482 2435 δοῦναι
2509 2381 2722 2452 σχολὴν.
2759 2383 2853 2436 καὶ
2889 2382 2962 2453 μὴ
3004 2383 3543 2454 καταμαλακισθῆναι
3571 2386 3670 2447 τὰς

2101 2475 2164 2526 ἐκ
2203 2472 2310 2526 τῶν
2341 2473 2593 2526 τοιούτων
2635 2473 2812 2526 πόνων
2855 2474 3122 2537 σπουδάς·
3161 2475 3464 2546 χρήσασθαι
3505 2476 3562 2528 δὲ
3605 2479 3669 2546 τῇ

2105 2565 2420 2636 προαιρέσει
2470 2565 2564 2618 τοῦ
2610 2565 2934 2636 πνεύματος,
2986 2566 3228 2620 τουτέστι
3272 2569 3338 2638 τῇ
3384 2568 3525 2638 ὁρμῇ
3574 2569 3674 2637 τῆς

2049 2721 2056 2726 η
2103 2655 2335 2728 φύσεως.
2367 2657 2445 2719 είς
2476 2655 2789 2728 προσθήκην
2819 2657 3090 2724 γνώσεως.
3125 2660 3173 2711 εί
3207 2659 3301 2712 καὶ⁹
3338 2658 3473 2728 μετὰ
3498 2660 3676 2714 πόνων

435 2766 569 2805 usus
612 2751 683 2804 sit
726 2748 1014 2808 electione,
1047 2747 1154 2801 hoc
1184 2755 1268 2802 est
1297 2754 1507 2800 natura:
1532 2743 1887 2814 appetitione.
1935 2743 2003 2797 ad

2109 2745 2446 2817 κατωρθοῦτο
2479 2747 2536 2800 τὸ
2572 2747 3031 2818 σπουδαζόμενονο
3094 2750 3186 2803 καί⁵
3215 2750 3385 2814 οὕτως
3424 2750 3676 2820 αὐξηθεὶς

435 2845 834 2898 incrementum
857 2838 1207 2910 cognitionis.
1239 2838 1453 2892 etiamsi
1487 2852 1610 2891 cum
1641 2836 1826 2890 labore
1856 2845 2005 2892 recte

436 2933 752 2989 succederet
782 2930 836 2985 id
879 2931 1039 2999 cujus
1083 2930 1265 2985 studio
1311 2929 1625 2994 tenebatur;
1659 2941 1893 2997 cumque
1925 2926 2005 2981 sic

437 3025 701 3081 crevisset
731 3023 1016 3092 sapientia,
1049 3036 1157 3075 non
1192 3021 1402 3074 ratione
1441 3020 1842 3083 considerasse,
1885 3034 2007 3088 quae

439 3117 493 3170 in
544 3105 708 3169 animi
756 3112 1260 3183 perturbationibus
1307 3120 1579 3173 versatur,
1607 3120 1660 3165 et
1693 3118 1776 3166 est
1813 3126 2032 3191 expers,

2105 2839 2192 2892 διὰ
2223 2839 2412 2907 σοφίας
2448 2837 2523 2908 μὴ
2551 2837 2692 2908 λόγῳ
2716 2839 3160 2909 κατασκέψασθαι
3191 2841 3289 2912 τὴν
3333 2842 3550 2911 ἐμπαθῆ
3583 2844 3677 2895 καὶ

2107 2932 2298 3000 ἄλογον
2329 2931 2456 3001 περὶ
2499 2930 2595 2992 τὰς
2642 2932 2956 3002 σωματικὰς
2986 2928 3312 2999 ἀπολαύσεις
3339 2935 3444 2988 τῶν
3465 2935 3677 3004 ἀνθρὼ-

2111 3040 2226 3076 πων
2250 3022 2465 3092 ἀπάτην
2488 3037 2500 3050 ⁸
2529 3020 2662 3074 ἀλλὰ
2692 3019 2788 3075 καὶ
2818 3023 2884 3076 δι’
2911 3023 3082 3092 αὐτῆς
3103 3025 3202 3093 τῆς
3228 3025 3419 3096 πείρας
3448 3025 3678 3079 ἑκάστου

2109 3113 2216 3164 τῶν
2269 3108 2716 3177 σπουδαζομένων
2756 3112 3048 3180 ἐπιγνῶναι
3098 3113 3159 3166 τὸ
3212 3114 3453 3183 μάταιον.
3495 3115 3552 3168 ’0
3581 3115 3679 3185 μὲν

438 3206 690 3270 rationis,
717 3213 772 3260 et
795 3205 848 3263 in
877 3204 1042 3258 rebus
1060 3204 1341 3272 corporeis
1362 3203 1634 3261 consistit.
1654 3178 2008 3274 voluptatem,

2115 3203 2313 3266 σκοπὸς
2353 3203 2459 3255 τῶν
2505 3199 2904 3272 ἐξητασμένων,
2939 3196 3094 3266 0616;
3131 3206 3275 3258 ἐστι·
3312 3206 3501 3276 καιρὸς
3543 3207 3586 3260 δ’
3612 3183 3709 3260 ἂν,

437 3313 560 3353 esse
575 3295 854 3351 hominum
880 3293 1274 3362 deceptionem,
1296 3293 1388 3347 sed
1415 3303 1468 3346 et
1493 3307 1588 3362 per
1612 3293 1785 3362 ipsam
1809 3307 2010 3362 cogno-

440 3392 585 3446 visse
637 3387 1056 3457 experientiam,
1109 3385 1400 3439 vanitatem
1461 3400 1652 3440 eorum
1707 3385 1761 3438 in
1807 3383 2008 3453 quibus

2114 3294 2199 3364 εἴη
2226 3295 2320 3348 καὶ
2344 3292 2512 3362 αὐτὴν
2552 3293 2891 3364 παραθέσθαι
2925 3294 3159 3365 καθεξῆς
3202 3297 3341 3350 κατὰ
3370 3299 3429 3350 τὸ
3458 3298 3682 3352 ἀκόλουο

2116 3385 2205 3439 θον
2233 3385 2341 3438 τῶν
2371 3383 2768 3455 γεγραμμένων
2794 3384 2894 3456 τὴν
2921 3385 3011 3438 ἐπὶ
3045 3385 3240 3450 λέξεως
3272 3387 3520 3459 θεωρίαν.

437 3481 661 3550 punitur
717 3477 979 3535 studium.
1037 3477 1212 3545 Atque
1267 3476 1354 3528 hic
1408 3485 1488 3529 est
1549 3474 1768 3545 quidem
1845 3490 2044 3546 scopus
2077 3491 2268 3531 eorum
2320 3489 2441 3544 qua:
2491 3482 2618 3529 sunt
2672 3474 2999 3529 examinata.
3058 3474 3294 3544 Tempus
3348 3488 3526 3532 autem
3601 3490 3684 3535 est

439 3575 626 3638 etiam,
681 3586 952 3642 exponere
1015 3570 1551 3639 contemplationem,
1603 3569 1879 3639 sequendo
1937 3571 2003 3626 ad
2042 3573 2267 3627 verbum
2307 3571 2485 3642 ipsum
2516 3584 2704 3624 eormn
2737 3585 2858 3638 qua:
2889 3570 3092 3640 scripta
3161 3580 3287 3627 sunt
3345 3582 3680 3634 contextum.

517 3684 535 3716 ι
572 3665 810 3717 Locutus
836 3679 955 3717 sum
981 3678 1082 3732 ego
1121 3663 1177 3716 in
1235 3662 1397 3717 corde
1458 3676 1576 3714 meo
1631 3671 1690 3714 ut
1724 3662 1959 3716 dicerem
1989 3681 2001 3716 :

2189 3683 2205 3712 ι
2248 3663 2513 3731 Ἐλάλησα
2559 3659 2668 3728 ἐγὼ
2714 3664 2771 3712 ἐν
2825 3664 2890 3731 τῇ
2947 3662 3140 3733 καρδία
3183 3679 3283 3732 μου
3330 3663 3421 3716 τοῦ
3473 3664 3682 3733 λέγειν·

443 3757 581 3810 Ecce
616 3753 995 3824 magnificatus
1026 3768 1145 3807 sum
1177 3767 1295 3822 ego.
1341 3770 1359 3803 ο
1393 3750 1661 3816 Quoniam
1695 3753 1805 3806 vidi
1841 3753 1893 3806 in
1923 3768 2008 3807 me

2111 3756 2254 3832 "laci;
2290 3753 2660 3824 ἐμεγαλύνθην
2694 3754 2821 3822 ἐγώ.
2882 3774 2897 3802 ι
2944 3755 3156 3824 Ἐπειδὴ
3220 3755 3328 3827 γὰρ
3388 3752 3524 3811 εἶδον
3576 3760 3686 3828 ἐγὼ

441 3859 562 3901 eam
597 3859 718 3915 quae
744 3851 827 3898 est
851 3858 920 3897 ex
959 3849 1231 3912 potestate
1271 3838 1724 3908 magnitudinem,
1753 3848 1806 3894 et
1854 3839 2008 3910 regni

2113 3847 2240 3918 περὶ
2270 3845 2500 3916 ἐμαυτὸν
2527 3845 2587 3896 τὸ
2631 3847 2693 3897 ἐκ
2727 3844 2826 3914 τῆς
2862 3845 3172 3908 δυναστείας
3202 3846 3444 3916 μέγεθος,
3478 3853 3569 3902 καὶ
3595 3852 3687 3904 τὸν

445 3937 790 4008 splendorem
822 3949 1156 4009 accrescere.
1196 3931 1300 3986 Sed
1337 3946 1447 4000 pra:
1492 3930 1578 3986 his
1608 3930 1862 3986 omnibus
1887 3945 2008 3984 ma-

448 4031 574 4083 ximi
608 4027 708 4083 feci
743 4027 1145 4098 possessionem
1175 4024 1479 4094 sapientiai,
1505 4039 1626 4092 qua:
1651 4038 1756 4077 non
1784 4024 1887 4078 alia
1921 4039 2011 4078 ra-

447 4122 598 4175 tione
627 4119 833 4189 acquiri
867 4125 1067 4188 potest.
1113 4132 1276 4186 quam
1313 4115 1593 4170 laboribus
1615 4125 1668 4170 et
1694 4115 2008 4178 sudoribus.

449 4212 742 4282 Propterea
793 4224 916 4264 cum
959 4207 1235 4263 dixisset:
1306 4225 1323 4258 ι
1360 4206 1472 4279 Ego
1509 4209 1722 4263 locutus
1775 4223 1895 4262 sum
1955 4209 2010 4262 in

2113 3935 2274 4003 ὄγκον
2305 3933 2402 4003 τῆς
2436 3932 2709 4002 βασιλείας
2737 3933 2945 4003 ἀθρόως
2976 3934 3384 4004 ἐπιγενόμενον·
3416 3935 3550 3990 ἀλλὰ
3582 3942 3688 4008 πρὸ

2115 4029 2340 4091 τούτων,
2368 4029 2429 4081 τὸ
2457 4027 2556 4098 τῆς
2585 4025 2774 4094 σοφίας
2817 4025 2998 4095 κτῆμα
3035 4027 3161 4097 περὶ
3203 4027 3401 4091 παντὸς
3428 4030 3684 4099 ἐποιησάο

2120 4139 2247 4192 μην,
2279 4120 2346 4190 ἣν
2366 4119 2466 4172 οὐκ
2509 4118 2624 4172 ἔστι
2673 4118 2892 4171 δυνατὸν
2925 4117 3114 4180 ἄλλως,
3146 4120 3194 4171 εί
3229 4119 3303 4190 μὴ
3338 4120 3476 4190 μετὰ
3511 4122 3686 4174 πόνων

2103 4213 2212 4286 ἐκαὶ
2241 4209 2478 4283 ἱδρώτων
2505 4208 2828 4281 κτήσασθαι.
2860 4209 2954 4262 Διὰ
2983 4208 3137 4263 τοῦτο
3165 4209 3330 4263 εἰπών
3350 4227 3362 4240 ·
3393 4213 3474 4264 ὅτι
3497 4230 3514 4262 ι
3537 4212 3689 4264 Ἐλά-

449 4303 614 4358 corde
672 4316 792 4356 meo
836 4308 895 4354 ut
950 4301 1229 4355 dicerem:
1262 4297 1401 4351 Ecce
1462 4297 1839 4367 magnificatus
1889 4315 2010 4353 sum

2109 4305 2256 4375 τλησα
2288 4303 2400 4373 ἐγὼ
2441 4305 2498 4356 ἐν
2524 4306 2589 4374 τῇ
2618 4302 2814 4374 καρδίᾳ
2849 4319 2949 4372 μου
2980 4301 3071 4353 τοῦ
3111 4300 3286 4370 λέγειν
3306 4318 3318 4331 ·
3342 4303 3469 4360 Ἰδοὺ
3487 4305 3688 4374 ἐμεγα-

450 4411 572 4466 ego,
611 4414 628 4446 ι
667 4393 970 4462 subjunxit,
1011 4409 1029 4442 ι
1065 4389 1372 4456 Quinetiam
1406 4388 1578 4457 adjeci
1613 4390 1956 4458 sapientiam.
1991 4408 2009 4440 ι

455 4487 588 4540 Nam
619 4500 741 4555 qua:
775 4483 908 4538 mihi
950 4497 1057 4536 non
1108 4482 1339 4552 quaesita
1374 4480 1606 4534 accessit
1650 4483 1936 4548 potestatis
1963 4488 2017 4534 et

2119 4393 2314 4464 λύνθην
2340 4392 2470 4461 ἐγὼ,
2499 4411 2517 4442 ι
2545 4393 2788 4461 ἐπήγαγε
2813 4391 2906 4444 καὶ
2925 4389 3003 4450 τὸ,
3032 4409 3050 4440 ι
3080 4389 3402 4460 Προσέθηκα
3431 4392 3637 4460 σοφίαν.
3664 4414 3681 4441 ι

2119 4487 2222 4538 Τὸν
2249 4484 2357 4555 γὰρ
2385 4483 2526 4537 κατὰ
2555 4482 2616 4536 τὸ
2648 4481 2948 4551 αὐτόματόν
2991 4498 3079 4551 μοι
3124 4482 3547 4552 προσγενόμενον
3587 4484 3688 4553 τῆς

454 4579 766 4632 dominatus
795 4572 1224 4644 magnitudinem
1271 4572 1396 4624 auxi
1453 4572 1772 4626 accessione
1801 4571 2017 4638 sapien-

2119 4575 2436 4639 δυναστείας
2467 4575 2628 4644 ὄγκον
2654 4573 2864 4644 ηὖξησα
2902 4576 2966 4644 τῇ
3001 4577 3100 4643 τῆς
3138 4574 3326 4642 σοφίας
3369 4574 3649 4646 προσθήκῃ

461 4671 720 4728 tiae,cum
764 4665 864 4718 hoc
914 4663 1055 4734 apud
1086 4677 1172 4716 me
1222 4661 1506 4723 dixissem,
1564 4661 1707 4730 quod
1765 4677 1860 4731 per
1920 4660 2018 4714 hoc

458 4765 675 4828 oportet
705 4756 935 4810 evadere
978 4754 1227 4823 superior
1262 4753 1330 4806 iis
1358 4753 1453 4822 qui
1492 4769 1578 4808 me
1622 4739 2067 4822 praecesserunt'i

459 4846 679 4916 regibus
707 4883 722 4907 ,
765 4853 820 4899 et
873 4858 968 4899 eos
1014 4843 1334 4897 antecellere
1395 4842 1682 4912 sapientia.
1747 4859 1765 4892 ι
1837 4840 2018 4910 Adjeci

459 4939 626 5002 enim,
663 4956 682 4989 ι
713 4936 907 5005 inquit,
935 4954 953 4986 ι
989 4934 1308 5005 sapientiam
1335 4933 1389 4987 in
1412 4933 1666 4989 omnibus
1687 4933 1780 5004 qui
1805 4931 2024 4988 fuerunt

461 5037 587 5085 ante
617 5044 700 5083 me
729 5029 782 5082 in
816 5026 1177 5089 l-liernsalem,
1206 5034 1259 5079 et
1293 5025 1528 5096 cogitavi
1562 5024 2022 5097 quemadmodum

465 5125 580 5179 haec
607 5123 820 5178 ﬁerent.
859 5141 877 5172 ι
907 5121 1042 5186 Quis
1067 5120 1209 5174 enim
1242 5122 1439 5186 nescit,
1465 5120 1610 5190 quod
1651 5120 1901 5175 consistit
1936 5134 2023 5174 sa-

466 5217 665 5288 pientia
690 5215 757 5268 iis
793 5213 886 5283 qui
915 5226 1136 5282 operam
1171 5221 1227 5266 et
1259 5213 1498 5267 studium
1548 5212 1775 5267 libentes
1817 5219 2023 5281 ponunt
2113 5219 2116 5226 ’

465 5312 521 5365 in
564 5307 896 5378 cogitatione
943 5318 1130 5360 eorum
1153 5318 1272 5373 quae
1298 5304 1367 5358 ah
1404 5305 1526 5357 aliis
1567 5303 1720 5372 prius
1749 5311 1876 5357 sunt
1913 5302 2024 5357 ela-

467 5394 697 5452 borata?
726 5413 744 5444 ι
775 5393 839 5446 Et
861 5392 1003 5456 ideo,
1035 5410 1054 5444 ι
1083 5392 1322 5462 inquit,¢
1351 5407 1448 5446 cor
1471 5407 1647 5446 meum
1677 5391 1807 5445 vidit
1833 5393 2020 5454 multa,

470 5505 660 5559 nempe
701 5486 1026 5556 sapientiam
1073 5494 1125 5540 et
1162 5483 1545 5555 cognitionem,
1601 5502 1617 5532 ι
1665 5492 1851 5552 utpote
1877 5483 2022 5553 quod

465 5596 575 5636 non
593 5597 722 5636 casu
763 5579 975 5650 acquiri
1003 5578 1174 5648 possit
1207 5591 1396 5632 eorum
1432 5575 1686 5646 cognitio.
1735 5573 1839 5628 Sed
1887 5589 2058 5650 qu0-_

468 5677 636 5737 niam,
675 5673 878 5742 inquit,
922 5671 1046 5727 dedi
1077 5685 1174 5724 cor
1197 5682 1376 5726 meum
1417 5676 1476 5722 ut
1516 5681 1896 5737 cognoscerem
1940 5681 2027 5721 sa-

472 5766 726 5836 pientiam
766 5774 817 5820 et
865 5763 1264 5835 cognitionem,
1311 5769 1367 5814 ut
1407 5763 1496 5830 qui
1535 5775 1641 5812 non
1669 5759 1758 5812 illa
1806 5755 2030 5813 didicis-

472 5872 605 5922 sem,
631 5857 736 5912 nisi
758 5856 912 5913 labor
941 5864 993 5911 et
1017 5855 1294 5912 meditatio
1315 5853 1680 5926 praecessisset
1719 5864 1906 5906 eorum
1928 5864 2023 5905 co-

2105 4666 2291 4729 ,ταῦτα
2350 4667 2467 4718 κατ’
2517 4663 2748 4735 ἐμαυτὸν
2795 4661 2980 4721 εἰπὼν.
3033 4663 3114 4715 ὅτι
3164 4662 3268 4733 χρὴ
3321 4662 3553 4732 μάλιστα
3601 4662 3689 4715 διὰ

2085 4757 2276 4810 ’.τοῦτο
2322 4757 2428 4810 τῶν
2462 4755 2867 4827 προγεγονότων
2907 4753 3168 4824 βασιλέων
3204 4753 3474 4824 δειχθῆναι
3520 4754 3689 4823 ὑπέρ-
3791 4771 3798 4777 ί

2120 4865 2293 4918 τερον,
2324 4847 2419 4901 καὶ
2460 4849 2516 4900 ἐν
2547 4848 2708 4918 σοφίᾳ
2749 4846 2810 4898 τὸ
2860 4845 3018 4899 πλέον
3052 4844 3215 4915 ἔχειν.
3258 4863 3274 4896 ι
3311 4844 3627 4915 Προσέθηκα
3666 4865 3684 4896 ι

2122 4939 2251 5012 γὰρ,
2294 4939 2447 5010 φησὶ,
2481 4958 2499 4990 ι
2537 4939 2727 5008 σοφίαν
2775 4940 2832 4991 ἐν
2884 4939 3017 4990 πᾶσι
3064 4939 3176 4999 τοῖς
3228 4935 3534 5006 γενομένοις
3589 4935 3692 5005 ἔμ-

2125 5031 2356 5103 προσθέν
2385 5049 2485 5102 μου
2526 5032 2583 5083 ἐν
2618 5030 2988 5102 Ἰερουσαλὴμ,
3014 5029 3108 5082 καὶ
3143 5029 3285 5092 ὄταυς
3317 5027 3381 5082 ἂν
3409 5027 3580 5081 ταῦτα
3601 5027 3692 5097 γέ·-

2127 5140 2270 5176 νοιτο
2313 5121 2635 5189 κατενόησα.
2685 5141 2704 5174 ι
2749 5122 2845 5184 Τίς
2887 5122 2994 5191 γάρ
3045 5120 3144 5173 οὐκ
3190 5116 3346 5183 οἶδεν,
3393 5119 3474 5172 ὅτι
3521 5121 3579 5172 ἐν
3623 5120 3691 5190 τῇ

2126 5210 2324 5280 γνώσει
2361 5209 2469 5264 τῶν
2509 5211 2712 5281 ἑτέροις
2748 5209 3239 5280 προπεπονημένων
3264 5207 3632 5278 φιλοπονοῦσιν
3655 5211 3690 5279 ἡ

2129 5301 2288 5369 σοφία
2335 5300 2678 5365 συνίσταται;
2715 5317 2733 5348 ι
2772 5299 2882 5362 Διὸ,
2935 5317 2954 5350 ο
3015 5298 3292 5369 (malvqu
3344 5297 3536 5368 καρδία
3592 5314 3694 5368 μου

2129 5390 2234 5445 εἶδε
2264 5391 2456 5457 πολλὰ,
2493 5391 2683 5460 σοφίαν
2725 5391 2817 5444 καὶ
2840 5390 3060 5458 γνῶσιν,
3097 5407 3117 5441 ι
3159 5389 3220 5442 ού
3258 5390 3397 5444 κατὰ
3436 5389 3496 5442 τὸ
3535 5391 3695 5443 αὐτό-

2135 5497 2299 5552 ματον
2322 5481 2529 5551 ἀκμητί
2565 5497 2622 5533 τε
2650 5481 2747 5548 τῆς
2780 5479 2887 5532 τῶν
2919 5479 3174 5534 τοιούτων
3202 5477 3448 5546 γνώσεως
3475 5483 3695 5548 ἐγγενοο

2107 5574 2321 5646 μένης.
2358 5571 2495 5625 Ἀλλ’
2533 5572 2741 5642 ἐπειδὴ,
2773 5572 2957 5642 φησὶν,
2979 5571 3154 5624 ἔδωκα
3194 5571 3290 5642 τὴν
3331 5571 3556 5641 καρδίαν
3596 5585 3697 5641 μου

2132 5665 2225 5719 τοῦ
2270 5665 2471 5733 γνῶναι
2516 5665 2705 5732 σοφίαν
2751 5664 2846 5716 καὶ
2885 5665 3102 5731 γνῶσιν,
3142 5663 3226 5735 ὡς
3265 5661 3363 5715 οὐκ
3410 5661 3474 5715 ἂν
3513 5661 3699 5731 μαθὼν

2133 5760 2334 5818 ἐκεῖνα.
2365 5759 2412 5809 εἰ
2444 5755 2517 5826 μὴ
2543 5757 2700 5818 πόνος
2737 5771 2794 5808 τε
2843 5755 2935 5807 καὶ
2973 5754 3165 5823 μελέτη
3200 5770 3296 5822 της
3332 5752 3582 5820 γνώσεως
3606 5752 3698 5805 αύ-

2133 5850 2238 5902 τῶν
2285 5846 2665 5918 καθηγήσατοο
2697 5863 2717 5898 ι
2761 5845 2918 5898 Ἀλλὰ
2963 5847 3053 5898 καὶ
3105 5844 3435 5910 παοαϐολὰς,
3485 5863 3503 5895 ι
3543 5844 3695 5911 φησὶ.
