3986 6516
293 455 400 510 6135

1353 441 1419 496 ΙΝ
1455 432 1989 496 ECCLESIASTEN.
2031 429 2314 492 llOMlLlA
2353 435 2414 490 ll.

3423 433 3530 494 646

299 586 321 619 α
361 567 448 620 καὶ
493 561 798 632 ἐπιστήμην
840 558 1040 626 ἔγνων·
1083 576 1100 608 ι
1133 554 1393 617 τουτέστι,
1423 553 1520 624 τὴν
1568 551 1626 618 ἐξ
1675 549 1862 604 ἀναλο-

1968 547 2286 616 gnitionem.
2317 565 2335 596 ι
2369 545 2474 600 Sed
2503 554 2556 600 et
2583 543 2891 613 parabolas,
2937 563 2958 594 ι
2989 544 3187 615 inquit,
3222 566 3240 598 ι
3271 559 3320 603 et
3347 551 3530 606 scien-

293 657 416 725 τίας
439 653 734 724 γενομένην
765 651 856 705 τοῦ
891 648 1280 720 ὑπερκειμένου
1309 645 1628 715 κατάληψιν,
1653 643 1738 695 διὰ
1762 641 1861 710 τῆς

293 745 646 817 παραθέσεως
673 744 779 796 τῶν
809 740 1241 811 παρακειμένων.
1271 738 1380 790 Καὶ
1415 735 1585 788 ταῦτα
1614 732 1864 804 μεμαθη-

294 839 446 892 κέναι
472 839 649 906 λέγει·
689 833 1003 906 Παραϐολὰς
1047 831 1175 903 γὰρ,
1220 830 1369 900 φησι,
1416 827 1509 881 καὶ
1556 826 1862 894 ἐπιστήμην
1905 882 1960 904 Α

293 930 481 997 ἔγνων.
521 926 783 997 Καθάπερ
809 925 1070 978 διδάσκων
1101 923 1192 974 καὶ
1219 923 1275 972 ἐν
1299 919 1374 990 τῷ
1402 916 1713 984 Εύαγγελίῳ
1738 914 1861 975 τοὺς
1889 914 1909 980 1,

295 1020 674 1089 ἀκροωμένους
698 1020 726 1071 ό
759 1017 976 1092 Κύριος,
1007 1014 1095 1066 τὸν
1128 1010 1376 1082 περὶτῆς
1412 1008 1691 1079 βασιλείας
1708 1005 1861 1069 λόγον

299 1115 391 1166 ὑπ’
424 1111 544 1180 ὄψιν
576 1110 719 1177 ἄγει,
746 1109 779 1178 ἢ
814 1107 1174 1179 μαργαρίτην,
1207 1104 1240 1172 ἢ
1280 1099 1571 1172 θησαυρὸν,
1601 1097 1633 1167 ἣ
1666 1097 1859 1166 γάμον,

299 1205 334 1274 ἦ
367 1204 580 1264 κόκκον,
612 1201 644 1269 ἣ
674 1200 865 1270 ζύμην,
893 1200 926 1269 ή
960 1216 1010 1250 τι
1037 1196 1140 1250 τῶν
1172 1193 1421 1248 τοιούτων
1446 1190 1858 1261 διηγησάμενος,

295 1295 358 1346 ού
400 1293 570 1346 ταῦτα
601 1292 770 1358 λέγων
807 1287 943 1342 εἶναι
980 1289 1079 1358 τὴν
1115 1286 1420 1357 βασιλείαν·
1463 1283 1596 1338 ἀλλὰ
1639 1281 1726 1335 διὰ
1762 1280 1863 1349 τῆς
1907 1363 1911 1368 ⁴

298 1384 607 1455 ὁμοιώσεως
647 1382 752 1436 τῶν
796 1384 852 1434 ἐν
893 1381 1098 1442 τούτοις
1149 1375 1580 1448 σημαινομένων,
1631 1373 1861 1440 ὲναυγά-

302 1477 485 1546 σματά
510 1493 628 1528 τινα
660 1476 753 1527 καὶ
786 1473 1075 1542 αἰνίγματα
1101 1470 1206 1524 τῶν
1237 1469 1376 1540 ὑπὲρ
1403 1465 1699 1535 κατάληψιν
1723 1483 1861 1535 πρα-

296 1567 522 1636 γμάτων
581 1564 959 1635 παραϐολικῶς
1006 1565 1117 1624 τοῖς
1176 1560 1462 1614 ἀκούουσιν
1507 1556 1859 1612 ὑποδεικνύει.

303 1677 320 1705 ι
361 1657 464 1708 Καὶ
501 1657 579 1718 είς
613 1653 768 1707 τοῦτό
798 1668 887 1724 μοι
917 1651 1122 1720 γέγονε,
1158 1670 1176 1702 ι
1207 1651 1389 1722 φησὶν,
1427 1667 1444 1699 ι
1483 1651 1516 1718 ή
1547 1646 1872 1717 προαίρεσις.

208 1805 226 1821 .
293 1747 385 1800 τοῦ
417 1747 738 1816 πνεύματος,
767 1745 824 1797 τὸ
846 1743 1094 1812 γενέσθαι
1131 1759 1218 1813 μοι
1259 1740 1456 1811 πλῆθος
1499 1739 1686 1806 σοφίας
1709 1756 1758 1802 ,δ
1789 1738 1864 1799 ὡς
1902 1794 1912 1821 Ἰ

293 1839 361 1893 ἂν
389 1838 473 1890 διὰ
505 1811 596 1890 τοῦ
641 1811 892 1904 γενέσθαι
927 1832 1108 1902 σοφὸς,
1134 1811 1213 1904 μὴ
1245 1833 1596 1900 διαμάρτοιμι
1629 1832 1726 1899 τῆς
1757 1829 1863 1882 τῶν
1894 1811 1908 1856 ί

1970 639 2100 690 tiam
2128 638 2274 699 novi,
2299 657 2317 689 ›
2355 638 2455 690 hoc
2477 644 2584 700 est,
2615 651 2734 699 eam
2763 652 2883 706 quae
2911 635 3050 690 facta
3072 648 3237 692 estex
3260 641 3505 713 analogia

1967 729 2087 795 ejus
2117 730 2258 798 quod
2292 739 2374 782 est
2409 727 2660 798 superius
2688 731 3251 799 comprehensionem,
3304 748 3400 803 per
3438 751 3533 789 eo-

1970 835 2088 872 rum
2138 835 2259 888 qua:
2306 820 2462 887 juxta
2516 830 2645 875 sunt
2701 822 2876 890 posita
2924 824 3404 892 comparationem.
3457 825 3533 881 Ea

1970 925 2184 983 quoque
2215 927 2272 964 se
2297 910 2426 964 dicit
2450 900 2746 966 didicisse:
2783 911 3080 969 Parabolas
3122 917 3288 980 enim,
3335 917 3533 988 inquit,

1968 1013 2018 1054 et
2045 1001 2326 1055 scientiam
2357 1001 2504 1056 novi.
2534 999 2816 1067 Quomodo
2844 1005 2987 1057 cuitu
3022 1004 3077 1058 in
3105 996 3398 1078 Evangelia
3431 1006 3537 1061 Do-

1971 1092 2152 1146 minus
2173 1092 2378 1147 docens
2413 1093 2709 1155 auditores,
2739 1094 2964 1163 subjicit
3010 1097 3184 1152 oculis
3210 1097 3264 1152 id
3289 1099 3434 1168 quod
3467 1099 3536 1155 de

1969 1198 2138 1253 regno
2171 1183 2324 1246 dicit,
2367 1180 2454 1254 vel
2479 1186 2855 1255 margaritam,
2902 1187 2984 1240 vel
3018 1188 3254 1256 nuptias,
3290 1191 3373 1245 vel
3413 1207 3537 1262 gra-

1971 1291 2120 1338 num,
2154 1275 2236 1328 vel
2273 1273 2620 1338 fermentum,
2662 1277 2745 1330 vel
2790 1277 2993 1346 aliquid
3029 1277 3298 1348 ejusmodi
3357 1282 3409 1337 id
3440 1297 3537 1355 ap-

1917 1361 1948 1436 ;,’
1973 1366 2179 1436 pellans
2200 1367 2266 1426 ⁸³.
2305 1381 2413 1419 non
2447 1367 2561 1420 lucc
2601 1362 2790 1422 dicens
2846 1384 2969 1422 esse
3013 1385 3238 1440 regnum
3267 1391 3280 1426 :
3316 1374 3408 1428 sed
3440 1390 3538 1444 per

1970 1458 2382 1513 sin'iilitudinem
2417 1473 2606 1513 eorum
2639 1475 2760 1529 quae
2798 1461 2853 1514 in
2881 1460 2948 1515 iis
2991 1463 3387 1532 signiﬁcantur,
3437 1467 3536 1523 den

1971 1551 2299 1605 clarationes
2320 1549 2582 1619 quasdam
2606 1559 2659 1605 et
2690 1553 2883 1607 tacitas
2900 1553 3324 1623 signiﬁcationes
3352 1574 3536 1614 rerum

1971 1656 2091 1710 quae
2111 1652 2354 1696 nostram
2380 1652 2639 1710 superant
2661 1644 3205 1714 comprehensionem
3231 1650 3538 1716 parabolice

1935 1732 2261 1812 _.,Qstendens
2283 1733 2648 1788 auditoribus.
2685 1752 2704 1784 ι
2739 1733 2805 1787 Et
2828 1734 2893 1788 ad
2927 1735 3049 1799 hoc,
3078 1755 3096 1787 ι
3127 1737 3323 1806 inquit,
3353 1760 3371 1791 ι
3403 1742 3536 1798 mihi

1974 1820 2072 1873 fuit
2107 1821 2254 1890 optio
2286 1820 2533 1891 spiritus,
2569 1823 2627 1875 ut
2660 1831 2802 1876 esset
2833 1816 2966 1876 mihi
2995 1826 3288 1881 multitudo
3318 1831 3540 1898 sapien-

298 1929 463 1982 ὄντων
506 1928 776 1998 γνώσεως,
811 1927 944 1998 μηδὲ
981 1925 1135 1986 ἐκτὸς
1176 1924 1432 1992 γενοίμην
1464 1921 1563 1992 τῆς
1595 1920 1686 1974 τοῦ
1719 1921 1866 1981 λυσι-

1968 1914 2072 1980 ιὶξιξ,
2108 1934 2125 1964 ι
2161 1922 2219 1967 ιιι
2247 1922 2532 1984 propterea
2559 1915 2700 1985 quod
2737 1930 2915 1970 essem
2950 1918 3192 1986 sapiens,
3227 1920 3298 1974 ab
3345 1937 3536 1978 eorum

294 2022 571 2085 τελοῦντος
605 2023 892 2092 εὑρέσεως.
935 2020 1028 2070 Ἐκ
1057 2017 1165 2088 γὰρ
1207 2015 1394 2081 σοφίας
1427 2015 1460 2084 ή
1493 2012 1691 2082 γνῶσις
1737 2030 1862 2066 συν-

294 2112 538 2166 ίσταται·
588 2113 622 2182 ή
663 2112 718 2163 δὲ
753 2107 972 2175 γνῶσις,
1008 2107 1373 2176 εὐκολωτέραν
1407 2107 1536 2175 ἡμῖν
1582 2107 1724 2157 ποιεῖ
1765 2104 1864 2175 τὴν

288 2202 384 2255 τοῦ
412 2201 762 2273 προσέχοντος
805 2197 1006 2268 κρίσιν.
1054 2196 1222 2248 Τοῦτο
1263 2195 1319 2248 δὲ
1365 2195 1466 2247 οὐκ
1507 2195 1714 2265 άκμητὶ
1751 2197 1863 2257 τοῖς

292 2292 646 2355 σπουδάζουσι
679 2287 1069 2359 παραγίνεσθαι
1103 2286 1362 2355 πέφυκεν,
1388 2285 1501 2338 ἀλλ’
1542 2289 1570 2339 ὁ
1607 2285 1888 2355 προσθεὶςοη

291 2382 468 2451 ἑαυτῷ
502 2381 697 2449 γνῶσιν
742 2379 1093 2433 συνεπιτείνει
1140 2378 1355 2440 πάντως
1395 2380 1460 2448 τῇ
1505 2377 1735 2448 μαθήσει
1771 2377 1861 2428 τὸν

294 2475 473 2528 πόνον.
507 2473 596 2524 Διὸ
626 2472 807 2542 φησὶν,
841 2490 859 2521 ι
894 2469 952 2523 '0
982 2470 1234 2539 προσθεὶς
1262 2468 1478 2538 γνῶσιν,
1513 2467 1862 2538 προστίθησιν

290 2563 536 2632 ἄλγημα.
571 2581 589 2611 ι
623 2559 730 2613 Καὶ
764 2560 1001 2624 τοιοῦτος
1027 2557 1283 2629 γεγονὼς,
1313 2558 1432 2611 τότε
1458 2557 1563 2610 τῶν
1591 2557 1760 2628 ήδέων
1787 2557 1862 2620 ὡς

299 2653 551 2724 ματαίων
582 2650 1031 2722 καταψηφίζεται.

296 3017 468 3088 Δεῦρο
498 3017 585 3088 δὴ,
619 3016 862 3087 πειράσω
889 3032 948 3068 σε
970 3017 1026 3068 ὲν
1051 3015 1374 3089 εὐφροσύνῃ,
1401 3017 1493 3070 καὶ
1523 3016 1628 3069 ίδοὺ
1659 3019 1714 3070 ἐν
1734 3018 1867 3085 ἀγα-

298 3109 430 3172 θοῖς.
472 3108 580 3162 Καί
617 3124 680 3176 γε
722 3107 877 3160 τοῦτο
911 3107 1222 3178 ματαιάτης.
1265 3127 1284 3158 ι
1317 3107 1393 3161 Οὐ
1417 3106 1524 3177 γὰρ
1548 3107 1706 3170 εὐθὺς
1739 3107 1869 3159 ἔδω-

300 3217 394 3254 κεν
444 3199 631 3252 ἑαυτὸν
678 3201 744 3270 τῇ
791 3197 1008 3268 τοιαύτῃ
1056 3197 1238 3268 πείρᾳ,
1289 3196 1408 3249 οὐδὲ
1461 3197 1717 3265 ἄγευστος
1779 3197 1867 3250 τοῦ

297 3287 726 3359 κατεσκληκότος
783 3304 841 3338 τε
890 3287 983 3339 καὶ
1036 3285 1354 3356 σεμνοτέρου
1415 3285 1550 3356 βίου,
1593 3285 1726 3356 πρὸς
1771 3285 1869 3359 τὴν

1839 3165 1938 3224 :C

1967 2021 2089 2076 qua).
2117 2015 2246 2062 sunt
2267 2007 2578 2078 cognitione
2602 2001 2825 2064 minime
2847 2009 3154 2066 aberrarem
3173 2053 3187 2074 ,
3230 2028 3328 2066 nec
3356 2030 3535 2070 essem

1966 2109 2208 2158 remotus
2236 2103 2306 2157 ab
2334 2103 2648 2156 inventione
2675 2102 2796 2171 ejus
2838 2103 2983 2173 quod
3028 2112 3113 2158 est
3171 2105 3533 2162 conducibile.

1951 2193 2043 2272 "Ex
2071 2193 2338 2263 sapientia
2368 2194 2512 2248 enim
2536 2201 2753 2248 constat
2781 2195 3042 2264 cognitio.
3075 2193 3326 2265 Cognitio
3351 2204 3532 2251 autem

1931 2281 1941 2332 ἰ
1968 2277 2126 2340 cilicit
2146 2283 2264 2353 ejus
2297 2286 2389 2354 qui
2419 2285 2649 2340 attendit
2671 2285 3191 2353 faciliusjudicium.
3219 2284 3334 2340 Hoc
3357 2298 3534 2342 autem

1968 2392 2076 2429 non
2107 2376 2244 2429 citra
2281 2376 2522 2430 laborem
2577 2376 2841 2430 accedere
2887 2384 3079 2445 suapte
3119 2385 3313 2429 natura
3363 2384 3540 2446 potest

1969 2469 2036 2523 iis
2061 2468 2154 2537 qui
2183 2468 2408 2523 student
2434 2485 2450 2532 ;
2474 2467 2567 2522 sed
2617 2467 2710 2537 qui
2748 2467 2956 2520 addidit
3007 2467 3108 2521 sibi
3145 2470 3535 2537 cognitionem,

1968 2558 2130 2613 simul
2181 2558 2342 2612 etiam
2374 2572 2497 2610 cum
2533 2556 2823 2626 disciplina
2851 2557 3072 2610 omnino
3121 2553 3353 2611 intendit
3398 2559 3544 2613 labo-

1965 2665 2100 2704 rem.
2125 2648 2268 2703 Dicit
2297 2649 2550 2718 itaqueu
2585 2647 2689 2714 Qui
2731 2647 2936 2702 addidit
2961 2649 3353 2718 cognitionem,
3390 2649 3540 2704 addit

1967 2741 2237 2796 dolorem.
2270 2759 2289 2792 ι
2338 2739 2478 2794 Cum
2526 2740 2652 2794 talis
2681 2741 2938 2806 evaserit,
2973 2747 3103 2795 tunc
3132 2741 3373 2811 jucunda
3417 2749 3540 2796 tan-

1953 2847 2128 2912 rquam
2170 2846 2307 2886 vana
2328 2830 2680 2885 condemnat.

367 2924 548 2994 Δέγει’
578 2922 711 2994 γὰρ,
759 2923 839 2976 ὅτι
880 2937 902 2974 ι
942 2917 1084 2976 Εἶπα
1137 2924 1247 2992 ἐγὼ
1293 2924 1352 2976 ὲν
1383 2925 1448 2994 τῇ
1491 2923 1684 2993 καρδίᾳ
1740 2919 1908 2992 μου,έί
1940 2915 1968 2972 ί)

2040 2921 2182 2977 Dicit
2213 2923 2382 2986 enim,
2421 2941 2439 2973 ι
2480 2921 2601 2975 Dixi
2629 2921 2682 2974 in
2709 2920 2876 2976 corde
2907 2937 3048 2986 meo,
3077 2925 3186 2995 Age
3218 2921 3439 2978 tentaho
3487 2935 3542 2981 te

1974 3016 2028 3069 in
2052 3015 2255 3074 latitia,
2293 3021 2346 3068 et
2374 3028 2504 3068 ecce
2537 3014 2592 3066 in
2629 2999 2808 3066 bonis.
2853 3011 2916 3065 Et
2952 3013 3053 3071 hoe
3085 3029 3299 3082 quoque
3332 3024 3417 3068 est
3449 3031 3542 3067 va-

1972 3107 2115 3161 nitas
2141 3107 2157 3173 (
2185 3104 2317 3174 Cap.
2353 3121 2414 3167 ιι,
2454 3104 2478 3157 1
2510 3102 2676 3173 sqq.)
2713 3122 2731 3154 ι
2758 3100 2874 3156 Non
2911 3103 3055 3156 enim
3086 3119 3142 3158 se
3175 3105 3357 3172 statim
3392 3106 3542 3161 dedit

1975 3200 2054 3254 illi
2080 3196 2449 3267 experientiae,
2474 3210 2648 3265 neque
2673 3211 2782 3248 non
2809 3202 3022 3266 gustata
3053 3197 3339 3250 austeriori
3375 3207 3428 3252 et
3455 3213 3542 3252 se-

1973 3288 2171 3342 veriori
2208 3287 2339 3350 vita,
2369 3285 2630 3355 delapsus
2682 3294 2766 3339 est
2796 3283 2862 3338 ad
2892 3284 3259 3353 jucundorunt
3317 3289 3540 3356 partici-

293 3381 407 3433 τῶν
446 3348 612 3448 ήδέῶν
662 3348 947 3446 μετουσίαν
1005 3348 1357 3428 κατ-ὤλισθεν
1391 3348 1504 3427 ἀλλ’
1538 3348 1875 3444 γὲνασκηθείςξ

1973 3379 2244 3448 pationem
2275 3395 2289 3430 :
2315 3375 2412 3432 sed
2453 3391 2574 3430 cum
2603 3376 2657 3429 in
2699 3375 2807 3429 illis
2857 3375 3189 3429 exercitatus
3247 3348 3459 3440 fui-sset,
3487 3386 3543 3432 et

296 3469 554 3530 ἐκείνοις,
602 3468 693 3519 καὶ
744 3464 1200 3536 προκατορθὼσας
1257 3464 1336 3536 τῷ
1373 3464 1491 3535 ἤθει
1543 3464 1606 3518 τὸ
1651 3467 1870 3535 ἁμειδὲς

297 3559 395 3612 καὶ
431 3557 742 3619 ἀνένδωτον,
776 3555 842 3607 δι’
869 3549 942 3608 ὧν
971 3556 1200 3626 μάλιστα
1227 3556 1297 3609 τὰ
1333 3556 1431 3626 τῆς
1473 3555 1660 3625 σοφίας
1696 3557 1870 3628 μαθή-

299 3667 446 3720 ματα
468 3651 576 3711 τοῖς
608 3646 962 3709 σπουδάζουσι
991 3649 1194 3716 γίνεται
1216 3665 1229 3677 ·
1255 3647 1374 3701 τότε
1400 3648 1615 3718 καθίησι
1644 3649 1779 3720 πρὸς
1800 3651 1869 3703 τὰ

1972 3471 2124 3539 prius
2160 3484 2218 3523 se
2258 3467 2326 3521 iis
2381 3466 2669 3537 praeditum
2711 3465 2959 3520 moribus
3015 3467 3372 3532 exhibuisset,
3411 3475 3470 3521 ut
3509 3485 3542 3523 a

1971 3562 2084 3616 risu
2119 3561 2352 3622 alienus,
2381 3560 2564 3628 gravis
2605 3566 2659 3613 et
2687 3565 2946 3612 constans
2970 3565 3138 3620 esset,
3172 3575 3279 3628 qua
3325 3560 3540 3614 ratione

1971 3671 1998 3709 a
2025 3655 2284 3710 studiosis
2308 3653 2540 3707 maxime
2571 3662 2960 3722 comparantur
2989 3652 3294 3721 disciplinae
3317 3654 3542 3722 sapien-

297 3743 363 3811 τῇ
396 3739 644 3810 αἰσθήσει
667 3738 873 3810 τερπνά
902 3738 1246 3810 νομιζόμενα,
1264 3740 1322 3791 ού
1349 3739 1509 3792 πάθει
1536 3741 1669 3810 πρὸς
1696 3739 1875 3811 ταῦτα,

1968 3749 2080 3809 tiae,
2115 3757 2246 3799 tunc
2293 3761 2356 3799 se
2383 3743 2613 3798 remittit
2642 3743 2710 3795 ad
2766 3757 2829 3797 ea
2865 3757 2988 3812 quae
3027 3742 3212 3796 sensui
3249 3753 3543 3797 censentur

1876 3809 1891 3844 Ω

298 3831 689 3894 καθελκυσθεὶς
712 3873 726 3895 ,
756 3831 890 3883 ἀλλὰ
929 3832 1022 3884 τοῦ
1061 3832 1460 3901 ἐπισκέψασθαι
1491 3840 1670 3904 χάριν,
1707 3835 1758 3886 εἰ
1786 3852 1868 3898 τις

1970 3856 2090 3894 esse
2117 3835 2362 3908 jucunda
2387 3851 2450 3890 ac
2476 3834 2850 3890 delectabilia:
2882 3849 2988 3887 non
3020 3833 3186 3886 animi
3218 3827 3285 3885 ad
3310 3835 3420 3886 haec
3455 3843 3539 3884 at-

299 3923 546 3976 συντελεῖ
578 3924 715 3994 πρὸς
755 3923 852 3994 τὴν
892 3921 985 3975 τοῦ
1034 3922 1300 3992 ἀληθινῶς
1345 3923 1544 3992 γνῶσιν
1577 3924 1780 3992 ἀγαθοῦ
1811 3927 1868 3978 ὲν

297 4015 511 4079 τούτοις
544 4015 809 4084 γενομένη
845 4015 878 4084 ἡ
908 4014 1176 4084 αἴσθησις.
1217 4014 1365 4068 Ἐπεὶ
1391 4013 1512 4068 τότε
1544 4017 1662 4070 κατ’
1697 4018 1868 4087 ἀρχὰς

299 4103 492 4176 ἐχθρὸν
526 4105 720 4158 ἑαυτοῦ
747 4107 893 4157 ποιεῖ
930 4105 1024 4157 καὶ
1057 4105 1146 4158 τὸν
1174 4105 1406 4174 γέλωτα,
1439 4107 1533 4160 καὶ
1567 4107 1868 4179 περιφορὰν

298 4196 555 4267 ὀνομάζει
582 4198 643 4249 τὸ
675 4197 843 4260 πάθος
865 4238 879 4257 ,
910 4198 1044 4266 ὅπερ
1071 4193 1185 4250 ἶσόν
1219 4201 1334 4251 ἐστι
1367 4198 1507 4251 κατὰ
1539 4199 1770 4253 διάνοιαν
1802 4202 1867 4271 τῇ

1970 3941 2178 3986 tractus
2229 3928 2661 3998 perturbatione,
2694 3924 2788 3980 sed
2839 3933 2896 3977 ιιι
2922 3925 3317 3988 consideraret,
3369 3939 3436 3976 an
3472 3925 3542 3977 ad

1970 4023 2085 4076 veri
2113 4022 2237 4074 boni
2269 4019 2641 4089 cognitionem
2683 4015 2890 4085 aliquid
2938 4013 3188 4097 conferat
3219 4030 3418 4070 sensus
3447 4017 3541 4084 qui

1973 4116 2026 4169 in
2054 4115 2132 4168 eis
2162 4113 2328 4167 fuerit
2353 4113 2696 4164 immoratus.
2715 4107 2870 4161 Tunc
2889 4107 3033 4162 enim
3058 4116 3110 4161 et
3133 4107 3201 4161 ab
3229 4107 3384 4160 initio
3406 4107 3540 4162 risui

1971 4206 2256 4261 denuntiat
2300 4201 2642 4265 inimicitias,
2673 4209 2726 4255 et
2757 4199 2925 4254 animi
2956 4209 3161 4252 motum
3195 4198 3345 4279 illum
3383 4207 3540 4252 vocat

299 4289 598 4358 παραφορᾷ
629 4305 686 4340 τε
714 4288 806 4340 καὶ
845 4288 1133 4358 παρανοίᾳ.
1171 4288 1237 4339 Ei’
1273 4306 1320 4340 τι
1352 4289 1459 4360 γὰρ
1487 4289 1613 4343 ἄλλο
1637 4307 1720 4354 τις
1750 4293 1869 4343 ὀνο-

1968 4295 2468 4353 circumlationem,
2498 4290 2643 4360 quod
2665 4289 2884 4359 quidem
2917 4302 3082 4342 sensu
3116 4284 3256 4340 idem
3287 4292 3369 4339 est
3395 4285 3540 4354 quod

305 4380 498 4450 μάσειε
525 4380 728 4450 κυρίως
764 4379 855 4432 τὸν
883 4380 1117 4448 γέλωτα,
1152 4380 1180 4432 ὃ
1214 4384 1348 4451 μήτε
1383 4381 1538 4450 λόγος
1562 4383 1699 4444 ἐστὶ,
1732 4385 1867 4454 μήτε

298 4469 461 4541 ’ἔργον
493 4467 584 4521 ἐπί
628 4485 733 4520 τινι
784 4467 970 4537 σκοπῷ
1017 4467 1471 4538 κατορθούμενονέ
1523 4469 1776 4532 Διάλυσις
1813 4468 1866 4522 δὲ

301 4559 572 4629 σιῖι¹ματος
594 4559 845 4628 ἀπρεπὴς
865 4599 878 4622 ,
916 4559 1009 4612 καὶ
1035 4558 1338 4629 πνεύματος
1361 4559 1566 4623 κλόνος,
1614 4561 1707 4613 καὶ
1732 4561 1862 4632 βραο

305 4649 439 4720 σμὸς
471 4649 594 4702 ὅλου
632 4647 728 4701 τοῦ
759 4649 1038 4718 σώματος,
1074 4651 1166 4702 καὶ
1199 4650 1450 4720 διαστολὴ
1480 4651 1740 4721 παρειῶν,
1773 4654 1865 4705 καὶ

297 4739 582 4810 γύμνωσις
617 4740 842 4792 ὀδόντων
869 4758 926 4793 τε
963 4742 1055 4794 καὶ
1085 4741 1275 4801 οῦλων,
1310 4745 1404 4796 καὶ
1437 4743 1686 4813 ύπερώας
1708 4737 1924 4816 αὑχέ-’⁷’

298 4848 392 4894 νος
421 4848 480 4884 τε
505 4830 778 4902 λυγισμοὶ,
809 4832 900 4884 καὶ
931 4831 1114 4902 φωνῆς
1142 4833 1450 4905 παράλογος
1475 4835 1686 4907 θρύψις,
1716 4854 1868 4889 συνε-

298 4923 791 5000 πικοπτομένηδτῇ
827 4921 1016 4974 κλάσει
1060 4920 1152 4975 τοῦ
1187 4923 1495 4995 πνεύματος
1517 4968 1530 4990 ,
1556 4927 1608 4979 τί
1644 4927 1708 4980 ἂν
1741 4928 1868 4981 ἄλλο

297 5013 390 5080 εἴη
429 5011 606 5074 τοῦτο,
663 5012 834 5082 φησὶ,
865 5013 955 5065 καὶ
996 5013 1058 5065 ού
1110 5015 1409 5084 παράνοια;
1510 5015 1606 5073 Διό
1713 5021 1864 5088 φησι,

304 5125 323 5156 ι
360 5104 454 5174 Τῷ
487 5105 683 5172 γέλωτι
729 5099 856 5156 εἶπα
879 5106 1227 5176 παραφορὰν,
1270 5127 1286 5156 ι
1322 5107 1395 5168 ὡς
1441 5106 1506 5160 ἂν
1532 5108 1580 5159 εί
1615 5107 1765 5177 ἔλεγε
1792 5109 1914 5179 τῶ.

298 5191 733 5264 γέλωτι,Μαίνῃ
759 5196 852 5248 καὶ
890 5195 1302 5267 παρεξέστηκας
1337 5198 1431 5250 καὶ
1461 5199 1560 5251 οὐκ
1595 5200 1746 5263 ἐντὸς
1775 5201 1888 5254 τοῦ·
1923 5187 1932 5226 ί

300 5288 645 5352 καθεστῶτος
683 5289 866 5358 μένεις
889 5328 904 5352 ,
951 5289 1210 5351 ἑκουσίως
1241 5291 1585 5362 ἀσχημονῶν,
1628 5294 1720 5346 καὶ
1749 5294 1870 5347 δια-

303 5380 558 5452 στρέφων
589 5381 645 5431 ὲν
679 5378 755 5450 τῷ
802 5379 963 5432 πάθει
994 5379 1054 5432 τὸ
1082 5375 1240 5443 εἶδος,
1277 5383 1362 5434 ἐπ’
1408 5382 1586 5435 οὐδενὶ
1615 5383 1868 5455 χρησίμῳ

299 5477 404 5544 τὴν
417 5471 745 5543 διαστροφὴν
767 5473 1147 5543 ἐργαζόμενος.
1177 5493 1194 5524 ι
1222 5468 1384 5528 Εἶπον
1407 5475 1462 5527 δὲ
1482 5476 1576 5529 καὶ
1594 5479 1656 5547 τῇ
1677 5477 1869 5548 εὐφρο-

1970 4389 2218 4444 delirium
2242 4393 2294 4440 et
2319 4383 2658 4438 atnentia:si
2697 4379 2831 4450 quid
2876 4379 3020 4432 enim
3071 4377 3217 4430 aliud
3266 4376 3539 4446 quispiam

1974 4479 2189 4551 proprie
2213 4477 2382 4532 risum
2409 4473 2777 4544 appellaverit,
2796 4471 2846 4524 id
2872 4469 3016 4540 quod
3043 4484 3218 4538 neque
3239 4476 3322 4524 est
3341 4470 3539 4532 oratio,

1975 4585 2152 4640 neque
2182 4568 2385 4622 factum
2411 4557 2564 4630 ὧι·ιο
2598 4579 2768 4633 scopo
2797 4572 2850 4616 et
2892 4561 3170 4632 proposito
3203 4571 3536 4631 susceptum.

1971 4659 2100 4716 Oris
2119 4666 2300 4713 autem
2337 4655 2597 4710 indecora
2625 4653 2892 4718 dilatatio,
2927 4660 3239 4720 tremorque
3287 4651 3539 4721 spiritus,

1947 4745 2027 4808 -"et
2060 4753 2233 4806 totius
2261 4749 2508 4819 corporis
2530 4747 2840 4810 concussio,
2873 4751 2925 4798 et
2966 4758 3226 4812 genarum
3271 4742 3540 4804 diductio,

1978 4844 2338 4913 dentiumque
2371 4849 2425 4896 et
2445 4840 2787 4912 gingivarum
2828 4845 2882 4891 et
2922 4836 3084 4906 palati
3111 4835 3343 4905 apertio,
3381 4824 3539 4889 colli-

1973 4945 2080 5001 que
2108 4929 2409 4994 contorsio,
2457 4928 2716 4996 vocisque
2748 4933 2943 4996 prazter
2991 4925 3258 4978 rationem
3319 4923 3537 4989 tractio,

1975 5037 2098 5092 qua:
2119 5019 2281 5074 simul
2312 5035 2435 5073 cum
2464 5019 2730 5072 fractione
2755 5017 2981 5087 spiritus
3001 5017 3382 5079 intersecatur,
3407 5016 3540 5087 quid

1975 5114 2079 5167 hoc
2105 5111 2253 5166 aliud
2278 5110 2439 5165 fuerit
2463 5125 2624 5180 quam
2645 5111 2882 5163 amentia
2905 5109 2929 5162 ?
2950 5107 3010 5162 Et
3040 5107 3183 5172 ideo,
3215 5127 3234 5159 ι
3264 5107 3328 5161 Ει
3349 5109 3482 5169 dixi,
3513 5127 3532 5160 ι

1976 5205 2174 5275 inquit,
2213 5221 2231 5252 ι
2271 5201 2404 5257 risui
2444 5201 2776 5256 amentiam:
2827 5219 2847 5250 ι
2887 5199 3110 5269 perinde
3134 5213 3198 5254 ac
3255 5200 3301 5255 si
3331 5198 3539 5260 diceret

1977 5298 2129 5361 risui,
2162 5296 2401 5354 Insanus
2426 5309 2485 5348 es
2528 5301 2582 5346 et
2619 5301 2812 5346 emota;
2844 5291 3064 5356 mentis,
3115 5305 3292 5360 neque
3348 5306 3544 5345 manes

1975 5389 2117 5442 intra
2154 5386 2477 5441 constantia:
2522 5384 2679 5450 lines,
2718 5393 2774 5437 ut
2818 5385 2909 5452 qui
2965 5391 3158 5452 sponte
3199 5381 3455 5437 indecore
3489 5392 3548 5438 te

1973 5495 2152 5551 geras,
2182 5487 2235 5534 et
2266 5479 2319 5531 iu
2356 5486 2505 5530 motu
2542 5474 2709 5528 animi
2756 5473 2986 5528 formam
3019 5482 3318 5542 pervertas,
3374 5473 3544 5542 idque

304 5569 438 5636 σύνῃ
469 5583 482 5596 ·
515 5565 579 5617 Τί
611 5565 767 5618 τοῦτο
795 5569 1005 5630 ποιεῖς;
1037 5582 1056 5615 ι
1095 5568 1231 5639 ὅπερ
1267 5563 1383 5620 ἶσόν
1415 5571 1527 5621 ἐστι
1557 5569 1633 5640 τῷ
1664 5569 1862 5639 λέγειν,

1969 5581 2192 5646 propter
2217 5572 2422 5627 nullam
2451 5567 2766 5624 utilitatem.
2798 5586 2814 5619 ι
2845 5566 2964 5622 Dixi
2985 5566 3148 5621 etiam
3169 5565 3366 5620 lanitiaa
3390 5583 3403 5620 :
3429 5567 3544 5622 Cur

301 5661 387 5712 ὅτι
413 5657 550 5728 Πρὸς
589 5655 686 5722 τὴν
722 5655 910 5725 ἡδονὴν
941 5658 1328 5724 ἀντιστατικῶς
1359 5660 1514 5730 ἔσχον
1543 5661 1860 5717 ὑποπτεύων

1970 5664 2073 5720 hoc
2100 5661 2276 5719 facis?
2312 5681 2330 5714 ι
2369 5659 2523 5726 Quod
2542 5657 2767 5730 perinde
2798 5665 2882 5714 est
2907 5671 2971 5712 ac
2996 5655 3042 5712 si
3071 5653 3540 5730 dicas,Voluptati

413 5837 462 5867 “'
484 5834 672 5889 Matth.
704 5851 824 5904 xm,
853 5835 885 5889 5
919 5852 1038 5908 srq.
