4044 6530
517 477 624 531 Ἑ-ιἹ

1737 469 1802 523 'S.
1845 465 2176 524 CREGORII
2211 465 2500 524 NYSSE‘NI

3641 471 3745 528 648

524 591 721 650 restiti.
760 597 1068 658 suspectam
1107 588 1312 644 habens
1338 587 1457 656 ejus
1482 586 2092 658 appropinquationem,

2206 587 2367 658 αὐτῆς
2394 589 2484 641 τὸν
2521 585 2939 657 προσεγγισμδν,
2995 585 3153 638 οἱονεὶ
3199 584 3428 638 κλέπτου
3471 587 3614 647 τινδς
3651 587 3742 642 λα-

522 679 750 754 perinde
779 688 942 749 atque
983 679 1025 734 si
1058 678 1144 734 fur
1180 680 1452 750 quispiam
1489 679 1800 734 clanculum
1841 677 2092 748 ingrede-

523 780 677 828 retur
697 774 891 826 animae
919 773 1244 842 penetralia.
1281 773 1567 844 Nunquam
1595 772 1819 842 permisi
1861 781 1922 825 ut
1942 787 2004 824 ea
2036 771 2090 825 in

2193 679 2394 749 θραίως
2423 679 2573 740 ἐντὸς
2597 675 3004 748 παραδυομένου
3031 675 3137 728 τῶν
3159 677 3256 744 τῆς
3281 675 3458 745 ψυχῆς
3488 676 3748 746 ταμείων.

2193 773 2304 822 Οὐκ
2328 770 2514 837 ,ὶψῆκά
2549 787 2675 821 ποτε
2725 767 3135 838 κατακρατῆσαι
3162 768 3258 835 τῆς
3287 766 3524 829 διανοίας
3561 768 3748 837 αὐτὴν.

519 873 758 919 mentem
791 863 1128 918 dominatum
1165 865 1458 919 obtineret.
1497 861 1557 919 Si
1601 864 1749 918 enim
1779 863 1958 918 solum
1994 878 2090 916 co-

2206 863 2255 913 Ei
2282 862 2389 929 γὰρ
2425 861 2593 928 ἔγνων
2631 859 2788 928 μόνον
2833 861 2928 926 τὴν
2957 859 3146 928 ἡδονὴν
3191 853 3301 911 οἷόν
3329 875 3382 910 τι
3425 857 3614 929 θηρίον
3653 859 3752 922 τὰς

524 956 834 1026 gnovissem
874 955 1230 1024 voluptatem,
1257 967 1517 1025 tanquam
1561 954 1728 1010 feram
1762 955 2000 1024 aliquam
2025 955 2092 1006 ad

2206 952 2472 1021 ιίσθήσεις
2507 969 2604 1021 μου
2630 951 3050 1020 περιέρπουσαν,
3081 949 3241 1012 εὐθὺς
3271 947 3660 1019 ἁντεμαχόμην
3685 949 3755 1001 τὰ

524 1060 676 1100 meos
705 1059 903 1100 sensus
941 1045 1223 1114 adrepere,
1252 1043 1301 1098 ei
1349 1044 1530 1098 statim
1568 1043 1885 1098 resistebam
1920 1051 1974 1095 et
2000 1042 2094 1095 ad-

521 1136 808 1198 versabar,
847 1136 1037 1189 dicens
1067 1135 1192 1188 huic
1215 1134 1398 1190 servili
1425 1141 1479 1189 et
1501 1133 1728 1188 rationis
1752 1131 1963 1202 experti
2001 1131 2094 1186 lae-

525 1230 662 1284 titiae
688 1248 700 1284 :
729 1229 869 1294 Quid
895 1227 1067 1283 facis?
1089 1226 1216 1296 quid
1248 1233 1455 1281 naturae
1475 1226 1732 1281 virtutem
1769 1225 2094 1281 eil‘eminas?
2119 1291 2128 1302 _‘

525 1335 626 1375 cur
651 1321 816 1374 animi
837 1320 1003 1374 robur
1037 1319 1293 1374 emollis?
1319 1333 1418 1372 cur
1441 1317 1636 1372 animae
1661 1318 1803 1373 vires
1829 1332 2058 1372 enervas
2071 1318 2108 1370 ?.

528 1427 626 1466 cur
655 1410 816 1466 affers
853 1411 1130 1466 interitum
1170 1410 1418 1464 rationi?
1450 1425 1550 1463 cur
1587 1423 1846 1480 purarum
1882 1409 2092 1479 cogita-

531 1501 739 1554 tionum
789 1501 1100 1554 serenitatis
1147 1501 1367 1568 puritati
1409 1499 1647 1570 caligine
1695 1508 1789 1554 tua
1847 1499 2094 1554 immittis

529 1593 780 1645 tenebras
802 1591 825 1643 ἲ

606 1683 737 1737 Cum
763 1683 896 1740 haec,
929 1681 1125 1750 inquit,
1150 1688 1202 1734 et
1229 1695 1349 1749 quae
1373 1689 1501 1736 sunt
1526 1680 1794 1749 ejusmodi
1823 1679 2092 1744 fecissem,

537 1797 556 1827 ι
577 1773 926 1830 Consideravi
959 1787 1026 1824 an
1056 1787 1152 1826 cor
1184 1787 1362 1825 meum
1384 1787 1603 1826 carnem
1633 1788 1808 1827 meam
1837 1781 2095 1843 tanquam

534 1869 722 1920 viuum
779 1863 1082 1918 lraheretn
1145 1862 1260 1918 Hoc
1315 1872 1416 1928 est,
1473 1865 1924 1934 quemadmodum
1964 1879 2096 1918 cura

525 1973 718 2013 eorum
746 1971 868 2026 quae
893 1957 1094 2010 cadunt
1117 1957 1218 2010 sub
1247 1955 1684 2026 intelligentiam,
1710 1955 1949 2010 motibus
1976 1969 2100 2010 car-

532 2051 620 2106 nis
657 2057 801 2104 esset
831 2049 1122 2118 potentior,
1157 2057 1211 2101 ut
1242 2057 1436 2101 natura
1471 2064 1500 2102 a
1527 2049 1702 2117 seipsa
1732 2063 1841 2103 non
1871 2047 2099 2104 disside-

531 2146 634 2204 ret,
667 2153 790 2192 cum
816 2137 918 2191 alia
947 2137 1164 2207 quidem
1191 2153 1344 2192 mens
1379 2145 1676 2208 appeteret,
1704 2139 1767 2193 ad
1793 2139 1896 2194 alia
1921 2151 2098 2195 autem

531 2245 662 2285 caro
701 2229 978 2283 traheret:
1033 2230 1126 2282 sed
1159 2237 1217 2279 ut
1252 2229 1609 2299 intelligentia
1645 2231 1881 2300 praedita:
1907 2231 2101 2286 anima:

535 2330 736 2376 nostra:
784 2321 925 2390 parti
961 2319 1303 2374 obedientem
1349 2329 1403 2376 et
1453 2321 1798 2392 subjugatam
1851 2323 2100 2378 redderet

535 2413 722 2468 carnis
754 2421 955 2466 nostrre
985 2411 1262 2480 spiritum,
1297 2426 1362 2466 eo
1387 2413 1528 2481 quod
1551 2421 1634 2468 est
1663 2414 1843 2469 minus
1872 2423 2102 2470 attracto

531 2515 592 2560 et
641 2506 899 2560 devorato
947 2505 999 2558 in
1053 2519 1119 2558 eo
1151 2505 1296 2572 quod
1343 2505 1583 2559 abundat
1623 2521 1636 2557 :
1685 2507 1958 2576 quomodo
1997 2524 2098 2562 usu

539 2597 684 2651 venit
721 2597 774 2650 in
815 2597 882 2649 iis
915 2595 1006 2664 qui
1041 2595 1250 2649 sitiunt.
1280 2595 1396 2650 Non
1438 2597 1579 2650 enim
1620 2597 1804 2651 viuum
1839 2609 2018 2652 manet
2047 2599 2100 2652 in

538 2691 730 2751 calice.
779 2690 822 2745 si
867 2689 1068 2744 sitienti
1105 2688 1186 2741 ori
1217 2689 1492 2743 admotum
1525 2687 1708 2752 fuerit,
1745 2688 1836 2743 sed
1867 2689 2104 2743 traduci-

535 2788 631 2835 tur
663 2782 727 2834 ad
755 2795 877 2834 eum
907 2779 998 2849 qui
1023 2779 1178 2842 bibit,
1199 2788 1252 2833 et
1281 2779 1627 2848 perspicuum
1657 2788 1741 2835 est
1769 2780 1821 2834 id
1839 2795 2027 2851 magna
2051 2782 2104 2836 vi

541 2873 875 2928 intrinsecus
933 2872 1152 2926 attrahi.
1205 2871 1359 2937 Quod
1405 2885 1526 2926 cum
1563 2870 1763 2926 factum
1808 2871 1931 2936 fuit,
1964 2873 2104 2928 citra

536 2980 780 3021 errorem
811 2973 865 3019 et
897 2965 1064 3017 ullum
1117 2963 1584 3032 impedimentum,
1635 2965 1844 3018 munita
1877 2963 1980 3020 fuit
2017 2967 2105 3020 via

541 3057 608 3111 ad
646 3056 928 3112 scientiam
969 3070 1156 3109 eorum
1197 3071 1316 3123 qua:
1365 3065 1518 3109 sunt.
1559 3055 1705 3109 «Cor
1735 3071 1984 3118 meum,»
2024 3057 2106 3110 in-

539 3147 676 3218 quit.
710 3167 728 3198 ‹
748 3145 970 3202 deduxit
999 3161 1082 3200 me
1117 3147 1167 3199 in
1197 3146 1520 3214 sapientia,i
1557 3163 1653 3216 per
1677 3161 1838 3216 quam
1869 3147 2105 3204 insultus

2194 1045 2328 1114 πρὸς
2357 1045 2523 1113 αὐτὴν
2567 1045 2661 1096 καὶ
2693 1043 3024 1102 ἀντέϐαινον,
3053 1039 3114 1094 Τί
3139 1042 3310 1096 ταῦτα
3345 1045 3545 1106 ποιεϊςς
3579 1042 3756 1110 λέγων

2193 1135 2326 1204 πρὸς
2343 1133 2439 1204 τὴν
2459 1133 2834 1204 ἀνδραποδώδη
2857 1133 3055 1202 ταύτην
3071 1133 3162 1185 καὶ
3179 1133 3368 1200 ἄλογον
3389 1133 3722 1203 εὐφροσύνην
3735 1151 3752 1162 ·

2191 1229 2244 1280 τί
2283 1227 2592 1296 ἐκθηλύνεις
2624 1227 2683 1278 τὸ
2711 1226 2971 1297 ἀνδρῶδες
2998 1227 3096 1294 τῆς
3143 1225 3352 1292 φύσεως
3379 1241 3392 1290 ;
3423 1226 3475 1278 τί
3506 1243 3758 1294 καταμα-

2195 1319 2412 1379 λάσσεις
2446 1318 2543 1388 τῆς
2577 1317 2810 1378 διανοίας
2839 1317 2898 1369 τὸ
2927 1317 3203 1380 σύντονον;
3231 1317 3283 1369 τί
3305 1316 3630 1386 ὲκνευρίζεις
3663 1315 3758 1369 τὸν

2192 1411 2292 1479 τῆς
2326 1410 2502 1480 ψυχῆς
2542 1409 2725 1472 τόνον;
2760 1409 2811 1461 τί
2859 1408 3178 1479 διαλυμαίνη
3215 1409 3327 1470 τοῖς
3353 1408 3666 1478 λογισμοῖς;
3701 1407 3758 1460 τξ

2199 1521 2288 1574 μοι
2319 1504 2378 1556 τὺ
2411 1503 2650 1575 καθαρὸν
2679 1503 2776 1572 τῆς
2807 1502 2912 1555 τῶν
2942 1501 3194 1572 καθαρῶν
3222 1502 3506 1572 νοημάτων
3539 1501 3762 1572 αἰθρίας

2193 1593 2260 1662 τῇ
2297 1593 2426 1660 παρ’
2453 1593 2650 1662 ἑαυτῆς
2680 1591 2878 1663 ὁμίχλῃ
2913 1587 3072 1659 ζόφον
3103 1592 3383 1659 ὲμποιεϊς;

2265 1681 2468 1743 Ταῦτα,
2503 1683 2655 1752 φησὶ,
2687 1684 2779 1736 καὶ
2811 1681 3033 1736 τοιαῦτα
3062 1683 3311 1753 ποιήσας,
3343 1701 3359 1733 ι
3408 1679 3762 1752 Ἐσκεψάμην

2197 1773 2244 1824 εί
2345 1771 2542 1843 καρδία
2573 1789 2674 1840 μου
2709 1771 2924 1825 ἑλκύσει
2955 1771 3031 1834 ὼς
3060 1767 3201 1824 οῖνον
3233 1772 3332 1843 τὴν
3363 1769 3538 1841 σάρκα
3569 1789 3694 1842 μου.
3736 1791 3756 1822 δ
3791 1795 3816 1814 ο

2197 1863 2482 1915 Τουτέστιν
2502 1902 2515 1922 ,
2546 1863 2692 1924 ὅπως
2727 1863 3154 1934 ὲπικρατεστὲρα
3184 1861 3392 1931 γένοιτο
3423 1865 3454 1934 ἡ
3485 1864 3590 1916 τῶν
3625 1881 3762 1934 νοη-

2197 1954 2304 2008 τῶν
2333 1954 2619 2024 ἐπιμέλεια
2655 1953 2763 2006 τῶν
2791 1953 2889 2023 τῆς
2921 1956 3118 2022 σαρκὸς
3143 1955 3474 2024 κινημάτων,
3505 1954 3643 2007 ὥστε
3683 1953 3766 2026 μὴ

2201 2046 2506 2110 στασιάζειν
2551 2044 2686 2116 πρὸς
2732 2045 2929 2114 ἑαυτὴν
2976 2044 3077 2113 τῆν
3121 2047 3313 2112 φύσιν·
3349 2047 3481 2100 ἄλλα
3517 2047 3612 2117 μὲν
3655 2047 3768 2116 τῆς

2197 2137 2432 2200 διανοίας
2471 2137 2910 2209 προαιρουμένης
2931 2176 2945 2199 ,
2992 2137 3126 2206 πρὸς
3155 2137 3314 2205 ’ἐτερα
3347 2139 3400 2190 δὲ
3434 2138 3530 2207 τῆς
3558 2139 3770 2209 σαρκὸς

2199 2228 2550 2299 ὲιρελκούσηςο
2579 2227 2691 2280 ἀλλ’
2714 2228 2788 2291 ὡς
2811 2226 3134 2290 καταπειθὲς
3157 2227 3248 2280 καὶ
3271 2229 3574 2301 ὑποχείριον
3599 2229 3766 2299 ποιῆ-

2203 2335 2291 2372 σαι
2329 2319 2406 2389 τῷ
2431 2317 2605 2388 νοητῷ
2645 2321 2743 2388 τῆς
2769 2317 2943 2388 ψυχῆς
2981 2319 3136 2390 μέρει
3165 2319 3225 2372 τὸ
3249 2318 3348 2387 τῆς
3375 2323 3572 2390 σαρκὸς
3603 2321 3771 2390 ἡμῶν

2202 2413 2458 2482 φρόνημα
2479 2452 2493 2475 ,
2527 2409 2878 2474 ἑλκυσθέντος
2923 2412 3014 2464 καὶ
3048 2410 3446 2475 καταποθέντος
3483 2414 3575 2464 τοῦ
3605 2414 3773 2466 ἐλατ-

2199 2503 2460 2573 τουμένου
2491 2505 2547 2556 ὲν
2581 2502 2656 2573 τῷ
2684 2501 3059 2566 πλεονάζοντι,
3099 2503 3157 2556 ὃν
3196 2504 3392 2574 τρόπον
3429 2503 3520 2556 ἐπὶ
3549 2504 3655 2558 τῶν
3686 2505 3776 2556 δι-

2199 2594 2420 2664 ψώντων
2452 2593 2678 2663 γίνεται.
2712 2595 2786 2647 Οὐ
2825 2595 2934 2665 γὰρ
2965 2594 3285 2664 ἐναπομένει
3325 2597 3353 2648 ὁ
3391 2590 3532 2657 οἶνος
3564 2599 3627 2666 τῇ
3659 2595 3776 2647 κὺ-

2201 2687 2331 2748 λικι,
2358 2685 2470 2753 εἴγε
2497 2685 2574 2756 τῷ
2601 2685 2819 2754 διψῶντι
2851 2686 3077 2754 στόματι
3106 2683 3435 2756 προσαχθείη
3459 2725 3472 2742 .
3505 2685 3639 2739 ἀλλὰ
3665 2703 3778 2755 με·

2203 2775 2449 2828 θίσταται
2489 2777 2622 2844 πρὸς
2666 2775 2756 2828 τὸν
2803 2776 3058 2836 πίνοντα,
3105 2777 3198 2828 καὶ
3240 2775 3504 2848 διαφανὴς
3550 2777 3774 2845 γίνεται

2207 2865 2344 2936 μετὰ
2385 2865 2620 2934 σπουδῆς
2656 2865 2749 2916 ἐπὶ
2797 2865 2857 2917 τὺ
2891 2865 3041 2928 ὲντδς
3086 2864 3476 2935 είσελκόμενος.
3507 2859 3582 2919 Οὔ
3617 2884 3779 2936 γενο-

2209 2956 2390 3026 μένου,
2420 2953 2664 3025 ἀπλανὴς
2696 2972 2784 3025 μοι
2813 2955 2905 3007 καὶ
2935 2955 3322 3024 ἀνεμπόδιστος
3349 2955 3561 3024 ἐγένετο
3589 2959 3622 3027 ἡ
3647 2959 3782 3029 ὀδηο

2205 3049 2296 3116 γία
2359 3049 2494 3118 πρὸς
2532 3049 2629 3118 τὴν
2669 3049 2978 3119 ἐπιστήμην
3009 3050 3117 3102 τῶν
3162 3049 3349 3103 ὄντων.
3391 3071 3408 3103 ι
3463 3052 3524 3104 Ἦ
3567 3052 3778 3121 καρδία

2211 3157 2333 3210 μου,
2377 3162 2393 3190 ι
2439 3141 2622 3209 φησὶν,
2667 3159 2683 3190 ι
2720 3139 2968 3210 ὡδήγησέ
3003 3159 3069 3210 με
3099 3143 3156 3194 ὲν
3196 3141 3384 3212 σοφία,
3427 3161 3446 3192 ι
3480 3143 3545 3195 δι’
3575 3137 3642 3214 ἧς
3669 3162 3780 3196 κα-

543 3239 877 3307 voluptatum
914 3237 1170 3305 repressi,
1202 3245 1366 3306 atque
1395 3237 1670 3292 institutio
1703 3237 1803 3306 fuit
1831 3238 1884 3292 in
1915 3252 2102 3302 causa,

2206 3231 2513 3302 τεκρὰτησα
2534 3232 2630 3302 τῆς
2652 3233 3062 3296 ἐπαναστάσεως
3089 3233 3198 3286 τῶν
3218 3234 3436 3302 ἡδονῶν,
3461 3235 3555 3288 καὶ
3576 3235 3778 3302 γέγονέ

543 3333 605 3380 ιιι
659 3324 996 3379 dominatum
1055 3324 1106 3378 in
1167 3326 1406 3380 laetitiam
1457 3327 1780 3383 obtinerem.
1819 3326 1910 3382 Sic
1960 3330 2103 3383 enim

543 3414 802 3470 dictionis
829 3414 1074 3467 continet
1107 3416 1518 3484 consequentia.
1565 3415 1619 3468 Id
1647 3427 1827 3472 autem
1863 3417 2022 3487 cujus
2053 3417 2104 3470 in

545 3505 854 3575 cognitione
881 3504 1116 3559 maximo
1141 3507 1424 3560 tenebatur
1444 3507 1645 3571 studio,
1668 3515 1784 3562 erat
1805 3518 1863 3562 ut
1886 3509 1938 3564 in
1961 3511 2106 3564 nulla

545 3611 608 3650 re
636 3611 773 3650 vana
825 3596 936 3649 vita
975 3607 1119 3651 esset
1166 3607 1454 3666 occupata,
1511 3598 1604 3652 sed
1659 3599 1925 3654 inveniret
1978 3601 2109 3656 illud

547 3687 773 3748 bonum,
821 3683 966 3753 quod
1017 3700 1141 3738 cum
1197 3685 1466 3756 quispiam
1521 3696 1604 3742 est
1644 3699 1947 3754 assecutus,
2001 3705 2108 3744 non

549 3777 764 3832 aberrat
802 3789 832 3830 a
869 3775 1084 3844 judicio
1124 3776 1245 3845 ejus
1283 3778 1428 3847 quod
1468 3786 1552 3832 est
1573 3779 1933 3845 conducibile,
1965 3783 2110 3850 quod
2165 3771 2184 3792 ·’

548 3877 634 3922 est
680 3875 997 3936 perpetuum
1049 3877 1100 3922 et
1137 3877 1246 3934 non
1299 3869 1709 3939 temporarium,
1750 3879 1804 3924 et
1853 3871 1907 3925 in
1945 3873 2108 3926 vitam

550 3953 859 4014 universam
892 3960 1219 4023 extenditur,
1261 3967 1321 4014 ut
1347 3961 1489 4031 quod
1541 3964 1606 4016 ad
1640 3963 1841 4018 bonum
1874 3965 1944 4020 sit
1988 3979 2112 4036 spes

550 4051 698 4104 omni
729 4051 898 4111 aetati.
923 4059 978 4106 et
1009 4052 1195 4120 primae
1227 4061 1280 4106 et
1312 4053 1520 4116 mediae,
1552 4064 1606 4109 et
1637 4055 1856 4120 ultimae,
1889 4068 1940 4112 et
1964 4058 2113 4111 omni

551 4153 779 4193 numero
832 4138 1066 4192 dierum.
1113 4157 1130 4188 ι
1157 4137 1392 4204 Donec,»
1431 4139 1627 4211 inquit,
1671 4143 1893 4198 «videro
1955 4145 2114 4214 quale

552 4229 622 4282 sit
655 4227 855 4282 bonum
901 4227 1028 4282 (iliis
1069 4229 1372 4294 hominum,
1419 4233 1562 4300 quod
1599 4233 1794 4288 facient
1829 4235 1932 4290 sub
1978 4237 2108 4292 sole.

553 4335 782 4373 numero
809 4319 1017 4374 dierum
1051 4320 1173 4373 vita:
1204 4335 1335 4375 suae.
1363 4340 1380 4371 ι
1417 4320 1492 4374 Ea
1522 4325 1664 4377 enim
1707 4326 1759 4378 in
1787 4327 1986 4394 quibus
2021 4343 2112 4394 per

552 4424 770 4463 carnem
804 4409 1040 4465 studium
1075 4413 1354 4480 ponimus,
1385 4413 1596 4468 etiamsi
1627 4417 1861 4471 maxime
1893 4434 2112 4473 sensum

553 4501 802 4554 inescant
833 4502 888 4555 in
914 4504 1221 4571 praesentia,
1251 4503 1450 4558 habent
1475 4505 1527 4558 in
1557 4517 1831 4561 momento
1851 4510 1996 4576 quod
2016 4523 2114 4562 nos

2209 3339 2298 3393 μοι
2331 3326 2364 3396 ἡ
2403 3323 2680 3388 παίδευσις
2709 3326 2855 3378 αἰτία
2887 3325 2980 3378 τοῦ
3017 3327 3286 3398 κρατῆσαι
3319 3327 3408 3379 ἐπὶ
3439 3328 3775 3400 εὐφροσύνῃ.

2207 3415 2359 3469 Οὕτω
2392 3417 2500 3485 γὰρ
2531 3418 2772 3488 περιέχει
2807 3419 2838 3488 ἠ
2885 3418 3173 3472 ἀκολουθία
3213 3418 3312 3488 τῆς
3349 3417 3564 3483 λέξεως.
3603 3421 3675 3472 Τὸ
3711 3422 3777 3474 δέ

2211 3523 2298 3575 μοι
2327 3507 2556 3577 μάλιστα
2585 3509 2721 3561 κατὰ
2759 3510 2856 3578 τὴν
2893 3509 3091 3576 γνῶσιν
3134 3509 3561 3579 σπουδαζόμενον
3590 3505 3677 3581 ἦν,
3711 3512 3782 3564 τὸ

2208 3597 2298 3648 ἐπὶ
2334 3597 2522 3668 μηδενὶ
2550 3599 2764 3669 ματαίῳ
2792 3599 2889 3670 τὴν
2923 3599 3065 3670 ζωὴν
3103 3599 3419 3671 ἀσχολῆσαι,
3451 3602 3563 3655 ἀλλ’
3589 3603 3780 3672 εὑρεῖν

2207 3680 2381 3742 ἐκεῖνο
2419 3690 2477 3742 τὸ
2516 3689 2747 3758 ἀγαθὸν,
2791 3684 2852 3742 οὗ
2895 3708 2977 3754 τις
3017 3690 3287 3760 ἐπιτυχὼν
3329 3693 3424 3762 οὐχ
3469 3693 3779 3763 ἁμαρτάνει

2208 3777 2308 3846 τῆς
2330 3776 2421 3830 τοῦ
2460 3779 2832 3849 συμφέροντος
2863 3781 3115 3852 κρίσεως,
3147 3780 3175 3832 ὃ
3204 3782 3422 3852 διαρκές
3449 3783 3505 3834 τέ
3535 3786 3647 3836 ἐστι
3675 3786 3781 3837 καὶ

2209 3871 2268 3922 οὐ
2305 3871 2656 3942 πρόσκαιρον,
2687 3874 2780 3924 καὶ
2811 3873 2958 3945 πάσῃ
2985 3875 3050 3944 τῇ
3085 3873 3194 3944 ζωῇ
3238 3861 3639 3943 παρατείνεται,
3676 3877 3777 3928 ἐλ-

2212 3961 2303 4023 πὶς
2338 3964 2416 4023 είς
2450 3961 2650 4030 ἀγαθὸν
2701 3963 2844 4034 πάσῃ
2875 3963 3062 4034 ἡλικίᾳ
3112 3965 3411 4034 γινόμενον,
3444 3967 3534 4019 καὶ
3575 3967 3778 4040 πρώτῃ

2212 4055 2305 4107 καὶ
2338 4055 2475 4126 μέσῃ
2501 4096 2514 4117 ,
2544 4055 2636 4108 καὶ
2659 4056 2960 4126 τελευταία,
2990 4057 3082 4110 καὶ
3114 4060 3272 4110 παντὶ
3302 4057 3378 4128 τῷ
3407 4059 3513 4111 τῶν
3541 4061 3773 4129 ἡμερῶν

2213 4146 2450 4218 ἀριθμῷ.
2491 4167 2509 4198 ι
2545 4148 2687 4212 Ἕως
2723 4141 2782 4203 οὗ
2811 4148 2918 4220 γὰρ
2949 4148 3060 4212 ἴδω,
3093 4151 3244 4220 φησι,
3295 4154 3445 4204 ποῖον
3485 4151 3542 4204 τὸ
3570 4153 3778 4218 ἀγαθὸν

2211 4241 2322 4302 τοῖς
2349 4241 2482 4303 υἱοῖς
2504 4239 2610 4293 τῶν
2629 4239 2947 4310 ἀνθρώπων,
2971 4239 3000 4292 ὃ
3032 4243 3338 4316 ποιήσουσιν
3360 4243 3464 4295 ὑπὸ
3491 4243 3578 4295 τὸν
3597 4243 3775 4312 ἦλιον,

2214 4329 2445 4400 ἀριθμὸν
2477 4330 2698 4401 ἡμερῶν
2737 4331 2880 4400 ζωῆς
2913 4331 3108 4384 αὐτῶν.
3149 4353 3166 4384 ι
3205 4333 3285 4385 Τὰ
3319 4335 3426 4403 γὰρ
3457 4334 3542 4386 διὰ
3569 4334 3778 4404 σαρκὸς

2215 4419 2661 4490 σπουδαζόμενα,
2711 4421 2814 4474 κᾶν
2847 4422 2926 4475 ὅτι
2961 4421 3192 4492 μάλιστα
3229 4424 3362 4496 πρὸς
3388 4425 3448 4478 τὸ
3491 4425 3659 4495 παρὸν
3687 4425 3778 4477 δε-

2214 4515 2270 4565 λε
2283 4513 2382 4583 ἄζῃ
2403 4515 2501 4584 τὴν
2535 4515 2806 4584 αἴσθησιν,
2839 4516 2896 4568 ὲν
2925 4516 3121 4587 ἀκαρεῖ
3138 4518 3194 4570 τὸ
3222 4518 3506 4588 εὐφραῖνον
3528 4517 3656 4588 ἔχει.
3695 4518 3776 4571 Οὐ

555 4591 735 4645 laetitia
787 4592 1002 4646 alliciat.
1045 4592 1176 4646 Nam
1231 4605 1452 4664 propter
1499 4596 1704 4648 nullum
1751 4613 1936 4651 eorum
1994 4617 2107 4668 quae

2216 4609 2320 4674 γὰρ
2352 4609 2496 4661 ἔστιν
2529 4608 2616 4660 ἐπ’
2664 4608 2838 4661 οὐδενὶ
2867 4609 2970 4661 τῶν
3015 4611 3070 4662 ἐν
3108 4609 3184 4680 τῷ
3215 4609 3423 4679 σώματι
3451 4610 3773 4679 γινομένων,

554 4685 691 4738 ﬁunt
723 4685 776 4738 in
810 4699 1057 4752 corpore,
1087 4685 1208 4738 licet
1237 4695 1494 4754 perpetuo
1518 4687 1792 4754 voluptate
1819 4686 1980 4748 afﬁci,
2015 4687 2108 4740 sed

557 4775 772 4830 bibendi
807 4777 1054 4844 voluptas
1079 4777 1240 4831 simul
1270 4776 1473 4832 desinit
1503 4793 1625 4830 cum
1655 4778 1922 4837 satietate,
1979 4785 2020 4828 ἰι
2057 4779 2108 4830 in

457 4890 460 4892 ·
555 4867 888 4920 comedenda
913 4867 1159 4922 similiter
1180 4869 1444 4922 saturatio
1469 4869 1766 4932 exstinguit
1792 4870 2108 4936 appetitum,

554 4967 607 5010 et
659 4957 704 5010 si
743 4958 885 5026 quod
915 4965 997 5013 est
1050 4959 1194 5012 aliud
1230 4957 1580 5024 desiderium,
1631 4959 1681 5013 id
1729 4959 1916 5014 eodem
1951 4960 2112 5014 modo

553 5047 825 5102 ﬂaccescit
861 5063 956 5118 per
980 5048 1449 5117 participationem
1487 5051 1607 5117 ejus
1646 5048 1788 5119 quod
1818 5047 1920 5102 fuit
1967 5049 2114 5104 desio

553 5143 827 5202 deratum.
876 5149 930 5196 et
964 5143 1009 5197 si
1051 5155 1242 5196 rursus
1272 5142 1565 5203 exstiterit,
1600 5157 1792 5195 rursus
1819 5139 2111 5198 ﬂaccescit.

553 5233 698 5287 Nihil
732 5241 908 5288 autem
941 5233 1104 5287 durat
1143 5229 1208 5286 'in
1253 5242 1569 5302 perpetuum
1617 5249 1682 5286 ex
1725 5233 1790 5286 iis
1821 5247 1939 5300 qua:
1986 5242 2114 5286 sunt

552 5327 794 5396 jucunda
824 5327 1029 5390 sensui,
1064 5343 1238 5396 neque
1267 5326 1518 5380 similiter
1549 5333 1600 5379 et
1644 5325 1832 5378 eodem
1867 5325 2026 5378 modo
2055 5340 2114 5378 se

557 5417 841 5472 habet.His
858 5418 1218 5487 acceditquod
1234 5415 1378 5472 aliud
1390 5428 1470 5472 est
1483 5418 1680 5470 bonum
1703 5415 2112 5476 inl‘antiac,aliud

557 5509 956 5573 adolescentiae,
1001 5511 1145 5562 aliud
1180 5509 1228 5563 ei
1261 5509 1354 5581 qui
1403 5516 1486 5563 est
1523 5508 1696 5562 aetatis
1737 5507 2112 5576 provectioris,

558 5601 702 5655 aliud
725 5603 773 5658 ei
802 5603 892 5672 qui
911 5601 1095 5657 florem
1113 5603 1288 5656 aetatis
1303 5601 1498 5671 exegit,
1525 5607 1578 5655 et
1594 5599 1738 5654 aliud
1758 5600 1873 5655 seni
1896 5615 2111 5666 rursus,

557 5693 768 5762 quijam
781 5703 862 5748 est
872 5693 1182 5765 decrepitus
1197 5705 1250 5750 et
1263 5695 1418 5763 plane
1429 5690 1900 5761 silicerniumJ‘Zgo
1913 5701 2112 5758 autem,

558 5785 754 5854 inquit,
795 5787 1101 5857 quaerebam
1139 5787 1342 5842 bonum
1388 5783 1544 5848 illud,
1581 5782 1727 5852 quod
1755 5789 1938 5837 estex
1963 5799 2115 5854 aequo

557 5875 758 5932 bonum
781 5881 928 5935 omni
958 5881 1100 5936 aetati
1125 5889 1178 5936 et
1205 5879 1352 5936 omni
1382 5878 1610 5948 tempori
1635 5876 1788 5942 vitae;
1817 5875 1975 5945 cujus
2009 5893 2112 5932 non

2215 4690 2452 4760 διαρκῶς
2485 4693 2716 4762 ἡσθῆναι
2743 4710 2756 4724 ⁸
2793 4693 2905 4747 ἀλλ’
2937 4695 2968 4764 ἡ
2995 4693 3087 4746 τοῦ
3119 4697 3291 4748 πίνειν
3326 4695 3504 4766 ἡδονὴ.
3537 4711 3774 4748 συναπο-

2215 4783 2365 4854 λὴγει
2428 4783 2502 4854 τῷ
2550 4784 2722 4856 κόρῳο
2759 4787 2854 4839 καὶ
2887 4787 2978 4838 ἐπὶ
3025 4787 3117 4839 τοῦ
3165 4787 3362 4841 ἐσθίειν
3395 4788 3690 4852 ὡσαύτως,
3741 4792 3775 4860 ἡ

2216 4875 2496 4948 πλησμονὴ
2527 4875 2625 4946 τὴν
2660 4876 2836 4946 ὄρεξιν
2871 4877 3081 4940 ἔσϐεσε,
3112 4879 3203 4931 καὶ
3241 4878 3294 4931 εἴ
3321 4896 3402 4942 τις
3431 4879 3560 4951 ἄλλη
3589 4880 3776 4932 ἐπιου-

2221 4967 2338 5037 μία,
2381 4967 2520 5022 κατὰ
2548 4967 2637 5020 τὸν
2669 4968 2830 5021 αὑτὸν
2858 4970 3055 5040 τρόπον
3087 4971 3150 5040 τῇ
3181 4969 3270 5022 τοῦ
3301 4969 3633 5040 ἐπιθυμητοῦ
3679 4988 3776 5040 με.

2215 5061 2401 5132 τουσίᾳ
2436 5061 2823 5132 κατεμαράνθη
2845 5104 2858 5126 ,
2897 5061 3000 5115 κᾶν
3030 5061 3190 5115 πάλιν
3211 5062 3451 5130 γένηται,
3479 5062 3636 5116 πάλιν
3671 5081 3775 5132 μα-

2221 5152 2479 5224 ραίνεται.
2518 5153 2740 5222 Διαρκεί
2784 5151 2838 5204 δὲ
2879 5151 3029 5204 οὐδὲν
3057 5152 3136 5216 είς
3165 5153 3249 5205 ἀεὶ
3293 5151 3400 5204 τῶν
3427 5154 3492 5223 τῇ
3525 5152 3773 5224 αἰσθήσει

2217 5245 2478 5318 τερπνῶν,
2507 5245 2626 5298 οὐδὲ
2655 5246 2914 5309 ὡσαύτως
2941 5245 3072 5316 ἔχει.
3113 5247 3222 5299 Καὶ
3256 5245 3334 5298 ἔτι
3368 5245 3503 5316 πρὸς
3540 5247 3771 5308 τούτοις,

2217 5338 2343 5392 ἄλλο
2367 5340 2430 5408 τῇ
2462 5339 2742 5407 νηπιότητι
2773 5337 2988 5404 ἀγαθὸν,
3019 5339 3110 5390 καὶ
3131 5337 3314 5406 ἕτερον
3341 5339 3405 5407 τῇ
3431 5335 3529 5404 τῆς
3561 5337 3775 5406 ἡλικίας

2219 5431 2366 5498 ἀκμῇ
2389 5469 2401 5488 ,
2439 5431 2530 5481 καὶ
2569 5428 2696 5482 ἄλλο
2731 5428 2807 5498 τῷ
2845 5413 3306 5500 ’παρακμάσαντα
3359 5430 3450 5482 καὶ
3481 5429 3667 5497 ἕτερον
3715 5429 3774 5480 τὺ

2221 5521 2349 5591 παρ’
2378 5519 2611 5589 ἡλικίαν,
2642 5521 2734 5574 καὶ
2761 5520 2835 5590 τῷ
2863 5521 3074 5592 γέροντι
3099 5522 3257 5575 πάλιν
3286 5521 3430 5584 ἄλλο,
3455 5520 3529 5590 τῷ
3561 5525 3637 5584 είς
3673 5523 3774 5592 γῆν

2221 5613 2319 5682 ἤδη
2349 5611 2544 5682 ῥέοντι.
2583 5611 2724 5679 Ἐγὼ
2752 5613 2806 5664 δὲ
2828 5651 2842 5675 ,
2881 5613 3060 5682 φησὶν,
3095 5611 3318 5682 ἐζήτουν
3345 5613 3518 5666 ἐκεῖνο
3549 5611 3609 5665 τὸ
3641 5613 3776 5664 ἀντ-

2221 5702 2344 5766 Θδν,
2388 5701 2415 5754 ὃ
2446 5703 2590 5772 πάσῃ
2626 5701 2808 5774 ἡλικίᾳ
2857 5705 2948 5756 καὶ
2983 5705 3140 5756 παντὶ
3174 5703 3251 5774 τῷ
3284 5704 3453 5773 χρόνῳ
3493 5703 3588 5772 τῆς
3633 5702 3776 5767 ζωῆς

2221 5791 2412 5860 ἐπίσης
2443 5791 2644 5859 ἀγαθόν
2683 5793 2829 5845 ἐστιν
2853 5811 2864 5823 ·
2896 5785 2956 5846 οὗ
3009 5794 3168 5864 κόρος
3197 5795 3294 5845 οὐκ
3328 5791 3635 5855 ὲλπίζετσι,
3681 5791 3772 5843 καὶ

2224 5879 2507 5950 πλησ;.ι.ονὴ
2534 5881 2630 5952 οὐχ
2665 5881 2998 5953 εὑρίσκεται·
3037 5883 3168 5936 ἀλλὰ
3195 5883 3680 5954 συμπαρατείνεται
3705 5881 3770 5948 τῇ
