3986 6512
504 299 598 357 (iiii

514 446 612 486 sus
628 429 826 500 pudor,
856 433 1047 482 contra
1067 432 1248 482 autem
1277 423 1454 496 pudor
1474 425 1702 481 remissa
1723 423 2074 480 verecundia.

515 520 838 578 Ostenditur
877 528 1059 574 autem
1111 533 1210 588 per
1241 518 1482 573 colorem
1531 518 1622 588 qui
1673 525 1758 572 est
1799 518 1854 571 in
1892 518 2072 584 vultu,

515 614 682 668 animi
725 620 970 667 motuum
1007 609 1314 665 diﬁ‘erentia
1343 617 1398 665 et
1427 611 1762 664 communio.
1807 608 1941 663 Nam
1972 625 2074 680 pu-

517 701 617 756 dor
635 700 852 771 quidem
889 699 1086 753 rubore
1117 706 1328 752 tantum
1366 696 1724 768 signiﬁcatur,
1757 697 1920 752 simul
1952 712 2075 751 cum

516 794 696 847 anima
725 788 916 845 affecto
947 788 1108 841 etiam
1139 801 1367 856 corpore
1417 785 1654 840 naturali
1683 784 1914 856 quadam
1948 783 2077 838 aﬁ‘e—

515 884 717 945 ctione,
770 896 896 935 cum
933 879 1083 934 calor
1124 877 1220 948 qui
1255 885 1339 932 est
1376 876 1523 931 circa
1573 891 1668 931 cor
1708 875 1980 930 ebullierit
2007 875 2076 930 ad

517 975 699 1031 vultus
732 971 1094 1042 superﬁciem.
1121 967 1225 1035 Qui
1248 977 1332 1024 est
1355 978 1536 1023 autem
1564 968 1790 1023 aﬁ'ectus
1814 983 2077 1023 verecun-

517 1068 606 1122 dia
644 1073 864 1137 propter
908 1063 1092 1119 delicti
1123 1061 1644 1125 manifestationcm,
1700 1062 1759 1116 ﬁt
1789 1062 1987 1116 lividus
2024 1071 2078 1116 et

507 1157 808 1222 subruber,
864 1155 1010 1226 quod
1065 1162 1244 1210 metus
1307 1154 1469 1208 bilem
1520 1156 1719 1209 rubore
1773 1154 2074 1208 miscuerit;

517 1250 798 1322 Ejusmodi
830 1263 961 1318 ergo
983 1244 1198 1302 aﬁ‘ectio
1225 1244 1504 1300 suﬁ'ecerit
1536 1243 1622 1308 iis,
1659 1244 1752 1314 qui
1780 1244 1957 1301 scelus
1975 1243 2077 1296 ali-

517 1341 665 1414 quod
696 1341 851 1412 prius
881 1339 1238 1402 admiserunt,
1286 1351 1354 1390 ne
1400 1336 1455 1390 in
1492 1336 1676 1406 aliquo
1710 1335 1944 1405 amplius
1996 1334 2078 1387 la-

518 1435 722 1490 bantur
742 1447 810 1488 ex
842 1430 909 1486 iis
937 1430 1005 1485 de
1037 1430 1236 1499 quibus
1265 1427 1429 1499 pudet
1456 1441 1552 1482 eos
1581 1427 1753 1482 fuisse
1773 1426 2074 1481 convictos.

1711 291 1772 347 S.
1809 290 2136 350 GREGORH
2171 292 2463 354 NYSSENI

3626 317 3730 374 652

2181 434 2460 505 γράψειεν.
2502 436 2730 508 αῐσχύνη
2759 451 2857 509 μὲν
2897 444 3259 517 ἐπιτεταμένη
3281 444 3472 510 αἰδὼς·
3498 444 3664 510 αἰδὼς
3685 448 3739 502 δέ

2179 526 2242 579 τὸ
2281 525 2516 598 ἔμπαλιν
2549 529 2811 600 ὑφειμένη
2860 536 3104 607 αἰσχύνη.
3138 538 3423 592 Δείκνυται
3453 535 3512 591 δι
3543 535 3637 606 καὶ
3667 532 3742 605 τῷ

2181 617 2323 672 κατὰ
2357 619 2649 690 πρόσωπον
2681 620 2932 691 χρώματι
2959 621 2993 691 ἡ
3013 628 3114 684 τῶν
3131 628 3317 684 παθῶν
3332 629 3566 699 διαφορὰ
3582 630 3658 698 (a)
3684 647 3741 684 τε

2181 710 2275 762 καί
2312 711 2584 765 κοινωνία.
2630 712 2696 765 Ἠ
2745 711 2843 782 μὲν
2888 712 2996 785 γὰρ
3046 715 3205 782 αἰδὼς
3244 719 3550 791 ἐρυθήματι
3602 721 3744 790 μόνῳ

2183 802 2619 874 ἐπισημαίνεται,
2656 806 3034 875 συμπαθόντος
3071 824 3188 870 πως
3213 815 3280 879 τῇ
3318 812 3461 882 ψυχῇ
3500 810 3601 865 τοῦ
3642 811 3744 865 σώ-

2185 909 2352 962 ματος
2377 894 2516 948 κατά
2544 911 2665 948 τινα
2692 897 2926 966 φυσικὴν
2953 897 3212 962 διάθεσιν,
3245 899 3448 956 καὶτοῦ
3479 919 3744 973 περικαρ-

2185 982 2297 1036 δίου
2333 983 2536 1056 θερμοῦ
2569 987 2703 1060 πρὸς
2732 988 2832 1058 τὴν
2871 989 3188 1057 ἐπιφάνειαν
3214 990 3312 1059 τῆς
3349 989 3520 1059 ὅψεως
3553 992 3744 1056 ἀναζέ-

2184 1093 2374 1140 σαντος
2397 1093 2411 1107 ο
2447 1080 2475 1130 6
2499 1078 2556 1132 δὲ
2580 1079 2888 1149 αἰσχυνθεὶς
2914 1081 3007 1133 ἐπὶ
3031 1083 3098 1153 τῇ
3128 1081 3430 1152 φανερώσει
3450 1085 3549 1135 τοῦ
3569 1086 3744 1156 πλημ-

2185 1167 2491 1238 μελήματος
2525 1170 2767 1234 πελιδνὸς
2801 1171 3006 1240 γίνεται
3036 1174 3131 1226 κα¹ι¹
3174 1173 3501 1246 ὑπέρυθρος,
3529 1175 3630 1226 τοῦ
3654 1178 3745 1242 φόα

2183 1257 2277 1310 6ου
2298 1257 2395 1329 τὴν
2415 1258 2576 1328 χολὴν
2596 1260 2674 1330 τῷ
2689 1261 2992 1334 ἐρυθήματι
3011 1263 3283 1334 μίξαντος.
3306 1265 3378 1317 Τὸ
3393 1261 3486 1319 οὖν
3507 1263 3747 1320 τοιοῦτοι

2183 1348 2376 1412 πάθος,
2417 1350 2599 1404 ἱκανὸν
2645 1350 2711 1404 ἂν
2748 1353 2956 1421 γένοιτο
2985 1357 3097 1419 τοῖς
3143 1355 3607 1427 προειλημμένοις
3645 1359 3750 1412 τινὶ

2182 1441 2289 1493 τῶν
2321 1441 2535 1494 ἀτόπων
2579 1443 2659 1505 είς
2694 1441 2756 1495 τὸ
2790 1443 2984 1513 μηκέτι
3017 1447 3075 1501 ἐν
3108 1446 3314 1510 τούτοις
3358 1447 3638 1516 γενέσθαι,
3675 1443 3748 1502 ὧν

521 1522 581 1578 Si
616 1523 730 1577 haec
755 1529 934 1576 autem
969 1521 1040 1574 ita
1070 1534 1128 1574 se
1155 1518 1373 1582 habent,
1415 1525 1470 1572 et
1505 1531 1625 1572 eam
1652 1529 1812 1586 quam
1848 1530 1946 1585 par
1978 1513 2078 1568 fuit

2190 1532 2250 1586 ἂν
2279 1533 2369 1587 τὸν
2408 1534 2626 1605 ἔλεγχον
2655 1535 2712 1588 ἐν
2741 1535 2972 1608 αἰσχύνῃ
2998 1537 3345 1607 ποιήσωνται.
3371 1513 3444 1593 νΕί
3481 1541 3548 1611 δὴ
3579 1513 3750 1594 ταῦτα

523 1612 866 1670 aﬁectionem
891 1611 1116 1666 verbum
1147 1608 1406 1678 conjecit,
1458 1617 1518 1662 ut
1549 1615 1675 1678 pote
1704 1607 1849 1678 quod
1886 1607 1953 1661 ad
1986 1621 2080 1661 ca-

2190 1623 2353 1688 ούτως
2378 1624 2510 1695 ἔχοι,
2539 1625 2632 1678 καὶ
2655 1625 2863 1689 δέοντος
2892 1628 2920 1678 6
2946 1607 3104 1693 λόγος
3131 1625 3224 1680 τοῦ
3256 1630 3458 1694 πάθους
3483 1607 3745 1686 κατεστοο

519 1703 694 1761 venda
719 1712 935 1774 peccata
964 1710 1159 1756 natura
1189 1702 1258 1755 sit
1292 1699 1534 1770 ingenita
1553 1697 1818 1768 ejusmodi
1843 1697 2077 1764 aﬁectio,

523 1797 814 1851 honestum
846 1799 930 1848 est
971 1791 1285 1846 existimare
1336 1805 1458 1846 esse
1509 1789 1790 1860 proprium
1825 1787 2082 1844 Ecclesia:

520 1886 930 1950 documentum,
976 1897 1037 1937 se
1072 1897 1167 1952 per
1217 1889 1565 1952 peccatomm
1594 1878 1996 1935 confessionem
2027 1887 2082 1935 et

521 1977 949 2034 enuntiationem
975 1984 1122 2030 recte
1139 1990 1346 2044 gerere.
1369 1973 1471 2030 Per
1491 1974 1595 2028 hoc
1614 1973 1756 2028 enim
1780 1973 1905 2028 licet
1926 1987 2079 2028 suam

522 2073 756 2146 animam
797 2081 1009 2122 armare
1035 2067 1203 2121 armis
1241 2064 1486 2136 pudoris.
1515 2063 1634 2131 Quo
1663 2064 1824 2119 modo
1850 2067 1996 2119 enim
2033 2063 2080 2118 si

521 2165 647 2236 quis
675 2163 744 2218 ob
769 2159 1178 2216 immoderatam
1206 2159 1503 2230 ingluviem
1527 2158 1792 2229 quosdam
1823 2159 2083 2230 humores

522 2263 788 2312 concoctu
822 2251 1074 2308 difﬁciles
1111 2253 1166 2306 in
1204 2266 1263 2306 se
1300 2251 1601 2322 collegerit,
1631 2261 1688 2306 et
1719 2251 1912 2307 deinde
1957 2268 2082 2308 cum

522 2346 952 2406 inﬂammatione
993 2344 1283 2406 laboraret,
1331 2357 1532 2414 corpus
1581 2343 1820 2399 sectione
1857 2352 1912 2399 et
1949 2361 2083 2399 cau-

522 2443 663 2495 terio
692 2447 940 2493 curatum
971 2434 1154 2502 fuerit,
1186 2434 1436 2488 morbum
1473 2435 1642 2490 veluti
1662 2435 1951 2506 quemdam
1979 2451 2085 2506 pa:-

522 2532 794 2604 dagogum
845 2527 1007 2583 habet
1045 2526 1109 2581 ad
1140 2525 1434 2582 cavendam
1470 2525 1525 2579 in
1578 2534 1852 2591 posterum
1889 2527 2084 2582 intem-

526 2624 846 2697 perantiam,
880 2628 938 2674 ut
957 2619 1050 2691 qui
1073 2604 1302 2674 cauterii
1331 2617 1643 2673 cicatricem
1669 2619 1850 2675 videat
1879 2620 1933 2674 in
1964 2635 2086 2674 cor-

525 2729 677 2785 pore.
702 2710 778 2765 lta
801 2711 892 2781 qui
916 2723 1013 2781 per
1031 2709 1367 2763 occultorum
1391 2709 1818 2764 enuntiationem
1846 2709 2083 2780 seipsum

523 2803 694 2861 veluti
730 2799 1084 2873 prosepserit,
1117 2798 1436 2854 memoriam
1478 2798 1726 2863 aﬁectus,
1750 2815 1910 2870 quem
1941 2816 2086 2858 vere-

2181 1717 2417 1788 χάσατο,
2463 1716 2539 1778 ὡς
2578 1715 2671 1768 ἐπὶ
2707 1715 2918 1787 φυλακῇ
2969 1715 3076 1769 τῶν
3119 1716 3609 1788 πλημμελημάτων
3651 1723 3746 1793 τῆς

2182 1807 2432 1876 τοιαύτης
2475 1804 2765 1868 διαθέσεως
2817 1805 3172 1875 ἐγγινομένης
3222 1809 3290 1878 τῇ
3337 1807 3538 1875 φύσει,
3585 1811 3748 1864 καλὸν

2181 1898 2327 1950 ἐστιν
2371 1895 2498 1949 ἴδιον
2535 1895 2762 1968 μάθημα
2808 1897 2904 1967 τῆς
2960 1897 3283 1968 Ἐκκλησίας
3317 1900 3633 1970 ἡγήσασθαι
3689 1904 3748 1956 τὸ

2181 1986 2270 2040 διὰ
2295 1987 2392 2058 τῆς
2416 1985 2819 2058 ὲξαγορεύσεως
2843 1986 2950 2040 τῶν
2972 1977 3523 2059 πεπλημμελημένων
3551 1992 3749 2062 κατόρ-

2183 2078 2371 2150 θωμαο
2427 2078 2542 2131 ἔστι
2582 2078 2691 2150 γὰρ
2732 2078 2820 2132 διὰ
2861 2079 3050 2146 τοῦτο,
3085 2083 3182 2151 τὴν
3214 2081 3407 2134 ἑαυτοῦ
3445 2083 3629 2155 ψυχὴν
3675 2085 3751 2155 τῷ

2182 2169 2586 2247 τῆςιαίσχύνης
2621 2171 2770 2241 ὅπλῳ
2817 2172 3338 2242 κατασφαλίσασθαι.
3391 2176 3608 2248 Ὥσπερ
3643 2179 3750 2248 γὰρ

2183 2263 2239 2316 εῐ
2261 2281 2344 2328 τις
2371 2267 2434 2318 ἐκ
2461 2263 2795 2335 λαιμαργίας
2829 2263 3070 2336 ἀμέτρου
3099 2265 3443 2332 δυσπέπτους
3468 2259 3624 2333 τίνὰς
3657 2289 3751 2340 χυ-

2187 2356 2320 2427 μοὺς
2354 2357 2413 2409 ἐν
2447 2355 2595 2426 αύτῷ
2625 2355 2936 2429 συναγάγῃ,
2966 2351 3084 2409 εἶτα
3124 2359 3182 2411 ἐν
3208 2359 3484 2432 φλεγμονῇ
3520 2363 3747 2431 γενομέ-

2183 2463 2275 2500 νου
2319 2445 2413 2500 τοῦ
2463 2446 2714 2518 σώματος
2759 2451 2899 2520 τομῇ
2936 2449 3029 2503 καὶ
3067 2452 3335 2523 καυστῆρι
3391 2451 3750 2524 θεραπευθεὶς

2181 2540 2282 2610 τὴν
2317 2540 2489 2597 νόσον.
2518 2539 2768 2613 καθάπερ
2802 2540 2925 2595 τινὰ
2956 2542 3295 2612 παιδαγωγὸν
3323 2545 3459 2615 πρὸς
3484 2545 3584 2618 τὴν
3617 2549 3749 2601 ἁτα-
3809 2528 3811 2530 η

2186 2627 2304 2693 ξίαν
2333 2629 2445 2699 ἔχοι
2470 2629 2563 2682 τοῦ
2590 2629 2784 2700 ἐφεξῆς
2818 2629 2932 2700 βίου
2951 2672 2966 2697 ,
2994 2631 3093 2704 τὴν
3133 2632 3294 2705 οὐλὴν
3319 2635 3413 2689 τοῦ
3444 2638 3748 2710 καυστῆρος

2184 2721 2278 2773 ἐπὶ
2314 2719 2406 2772 τοῦ
2438 2719 2684 2791 σώματος
2715 2721 2945 2791 βλέπων·
2985 2722 3156 2786 οὓτως
3184 2725 3212 2776 6
3235 2725 3586 2797 στηλιτεύσας
3623 2730 3747 2782 tau-

2183 2809 2274 2863 τὸν
2295 2809 2383 2864 διὰ
2408 2810 2508 2880 τῆς
2529 2810 2636 2864 τῶν
2664 2811 2905 2883 κρυφίων
2936 2811 3370 2882 ἐξαγορεύσεως,
3396 2817 3500 2886 τὴν
3530 2822 3748 2892 μνήμην

532 2895 726 2950 cundia
766 2891 954 2956 movit,
991 2891 1154 2945 habet
1186 2905 1284 2960 pro
1313 2891 1606 2961 paedagogo
1645 2890 1712 2944 ad
1740 2891 1904 2946 vitam
1931 2891 2084 2946 dein-

2190 2898 2281 2952 τοῦ
2313 2899 2432 2953 κατ’
2467 2899 2966 2987 αἰσχύνηνςπάθους
3000 2903 3135 2976 πρὸς
3169 2902 3261 2958 τὸν
3304 2905 3430 2977 ἑξῆς
3473 2890 3749 2980 παιδαγω-

528 3001 656 3058 ceps
686 2983 966 3056 agendam.

601 3074 726 3129 Haec
757 3083 886 3128 sunt
915 3087 1037 3144 quae
1059 3071 1224 3128 discit
1245 3070 1490 3144 Ecclesia
1507 3085 1605 3142 per
1635 3068 1778 3125 hanc
1803 3084 1926 3141 quae
1961 3083 2107 3126 nunc

539 3165 680 3220 facta
704 3173 788 3220 est
810 3163 1124 3228 lectionem,
1148 3177 1336 3218 eorum
1364 3176 1486 3232 quae
1516 3161 1720 3232 scripta
1756 3173 1884 3218 sunt
1911 3159 1966 3215 in
1998 3161 2106 3215 Ec-

529 3257 803 3312 clesiaste.
838 3254 978 3309 Dicit
1018 3255 1162 3309 enim
1193 3255 1361 3308 libera
1395 3269 1547 3320 voce,
1576 3254 1708 3308 illud
1751 3253 1804 3308 in
1831 3253 2108 3324 publicum

531 3346 842 3416 proferens,
869 3354 923 3400 et
953 3344 1009 3398 in
1032 3343 1275 3399 omnium
1309 3345 1587 3401 hominum
1610 3351 1907 3413 conspectu
1939 3341 2108 3398 veluti

531 3437 847 3508 quamdam,
885 3437 939 3491 in
963 3451 1071 3506 qua
1109 3436 1374 3506 scriptum
1407 3443 1494 3491 est
1532 3419 1759 3506 aliquid,
1788 3435 2102 3490 columnam

533 3536 784 3583 statuens
813 3543 1002 3582 eorum
1031 3543 1152 3597 quae
1189 3527 1258 3582 ab
1291 3528 1409 3598 ipso
1447 3527 1591 3581 facta
1619 3535 1750 3582 sunt
1779 3527 2110 3582 enuntiatio-

537 3637 683 3685 nem,
712 3636 834 3691 quae
857 3620 1126 3691 ejusmodi
1147 3628 1296 3688 sunt,
1323 3628 1382 3675 ut
1399 3635 1461 3675 ea
1482 3621 1692 3676 nescire
1709 3628 1763 3676 et
1789 3621 2005 3676 silentio
2028 3629 2110 3675 te-

534 3727 661 3784 gere
688 3727 852 3781 quam
889 3710 1071 3766 dicere
1093 3711 1163 3766 sit
1187 3711 1500 3782 gloriosius.
1544 3712 1701 3766 Anne
1725 3721 1904 3766 autem
1943 3711 2108 3776 dicat,

533 3821 660 3859 cum
684 3820 747 3859 ea
774 3819 962 3859 revera
993 3802 1234 3867 fecisset,
1257 3819 1324 3856 an
1366 3803 1578 3875 ﬁngens
1612 3813 1835 3876 propter
1863 3815 2109 3861 nostram

535 3897 844 3961 utilitatem,
871 3906 928 3949 ut
949 3905 1351 3966 consequenter
1372 3896 1439 3950 ad
1484 3913 1709 3967 scopum
1742 3897 2112 3953 deducatora-

533 3992 761 4056 tionem,
787 4003 895 4043 non
915 4003 1140 4059 possum
1165 4002 1411 4044 asserere
1437 4003 1527 4044 :ea
1540 3997 1690 4046 certe
1703 3989 1860 4060 dicit,
1875 4006 1996 4061 quae
2016 3989 2110 4059 qui

533 4083 794 4138 virtutem
821 4081 926 4137 sibi
949 4082 1226 4154 proponit,
1255 4097 1364 4137 non
1386 4081 1638 4138 lubenter
1666 4083 1981 4138 adsciverit.
2002 4081 2109 4137 Sed

2187 2987 2281 3057 γὸν
2307 2987 2508 3041 τίθεται
2535 2987 2667 3057 βίον.

2267 3071 2450 3126 Ταῦτα
2475 3071 2652 3125 τοίνυν
2674 3072 2840 3136 ἐστὶν,
2862 3071 2898 3127 ἃ
2923 3071 3010 3127 διὰ
3035 3073 3132 3144 τῆς
3154 3073 3249 3129 νῦν
3274 3075 3637 3146 ἀναγνώσεως
3655 3079 3759 3133 τῶν

2196 3165 2255 3220 ἂν
2321 3164 2400 3236 τῷ
2453 3165 2847 3236 Ἐκκλησιαστῇ
2907 3167 3308 3237 γεγραμμένων
3368 3169 3402 3239 ἡ
3467 3170 3760 3243 Ἐκκλησία

2197 3254 2526 3309 παιδεύεται.
2554 3253 2715 3322 Λέγει
2764 3253 2873 3325 γὰρ
2908 3254 3163 3328 ἐλευθέρᾳ
3225 3260 3376 3328 φωνῇ
3423 3259 3760 3330 δημοσιεύων

2197 3347 2392 3412 ἐκεῖνο,
2429 3343 2522 3398 καὶ
2550 3345 2642 3397 ἐπὶ
2654 3343 2869 3396 πάντων
2889 3343 3191 3416 ἀνθρώπων
3221 3346 3472 3419 καθάπερ
3491 3351 3616 3403 τινὰ
3646 3353 3761 3422 στή-

2197 3437 2297 3509 λην
2323 3437 2596 3508 ἔγγραφον
2639 3435 2910 3500 ἀνατιθεὶς
2943 3436 3040 3506 τὴν
3081 3437 3189 3491 τῶν
3217 3441 3602 3510 γεγενημένων
3636 3446 3758 3515 παρ’

2197 3529 2360 3583 αὐτοῦ
2389 3528 2758 3600 ἐξαγόρευσιν,
2792 3527 2828 3582 ἃ
2861 3528 3083 3584 τοιαῦτά
3111 3531 3277 3594 ἐστιν,
3313 3531 3388 3595 ὡς
3414 3533 3514 3603 τὴν
3543 3536 3760 3595 ἄγνοιαν

2197 3621 2374 3677 αὐτῶν
2411 3623 2503 3674 καὶ
2533 3620 2629 3691 τὴν
2648 3620 2856 3692 σιωπὴν
2886 3616 3024 3675 εῖναι
3057 3621 3151 3677 τοῦ
3195 3623 3354 3692 λόγου
3395 3626 3756 3698 ἐνδοξοτέραν.

2197 3714 2357 3784 Λέγει
2378 3713 2516 3776 δὲ,εί
2551 3712 2649 3783 μὲν
2676 3711 2887 3783 ἀληθῶς
2920 3714 3235 3784 πεποιηκὼς
3260 3712 3315 3786 ᾗ,
3342 3716 3519 3770 ταῦτα
3557 3720 3647 3773 διὰ
3669 3720 3758 3792 τὴν

2198 3806 2469 3877 ἡμετέραν
2489 3804 2752 3874 ὠφέλειαν
2782 3803 3172 3876 πλασσόμενος,
3203 3809 3287 3877 ἐφ’
3311 3800 3356 3876 ᾧ
3379 3826 3438 3862 τε
3459 3809 3758 3864 δι’ἁκολούο

2199 3895 2292 3949 θου
2319 3895 2409 3948 τὸν
2432 3893 2584 3962 λόγον
2611 3894 2745 3965 πρὸς
2774 3894 2864 3949 τὸν
2902 3895 3100 3948 σκοπὸν
3133 3897 3476 3970 διαπεράναι,
3516 3901 3619 3955 ούκ
3660 3902 3756 3972 ἔχω

2197 3986 2354 4041 τοῦτο
2377 3986 2492 4057 μετ’
2515 3986 2796 4056 ἀκριϐείας
2824 3989 2992 4040 εἰπεῖν
3010 4005 3024 4020 ο
3049 3986 3195 4056 λέγει
3216 3989 3262 4042 δ’
3291 3986 3385 4044 οὖν
3415 3992 3570 4062 ὅμως
3595 3993 3752 4047 ταῦτα

2199 4074 2279 4140 οἷς
2339 4076 2439 4129 οὐκ
2489 4074 2555 4128 ἂν
2583 4076 2612 4128 6
2644 4075 2778 4146 πρὸς
2831 4076 3031 4147 ἀρετὴν
3070 4075 3280 4148 βλέπων
3335 4081 3604 4146 ἑκουσίως
3641 4100 3753 4136 συν-

533 4190 602 4230 an
626 4182 776 4230 certo
793 4173 1029 4229 consilio
1056 4189 1177 4245 quae
1201 4190 1310 4229 non
1335 4173 1479 4230 facta
1513 4183 1644 4232 sunt
1679 4184 1936 4246 tanquam
1965 4173 2093 4230 facta

2204 4166 2469 4238 ενεχθείη.
2496 4165 2633 4219 Ἀλλ’
2657 4167 2764 4219 εἴτε
2789 4167 3098 4247 οἰκονομίας
3122 4170 3281 4241 χάριν
3296 4171 3362 4224 τὰ
3377 4172 3454 4244 μὴ
3474 4175 3750 4244 γενόμενα,

535 4265 886 4336 prosequitur
913 4274 969 4321 et
1002 4267 1368 4337 reprehendit,
1392 4275 1451 4322 ut
1473 4267 1565 4338 qui
1588 4282 1652 4323 ea
1672 4268 1746 4323 sit
1775 4277 2030 4337 expertus
2050 4280 2093 4321 ιιι

2201 4259 2274 4321 ὡς
2299 4256 2553 4326 γεγονότα
2598 4256 2836 4322 διέξεισι,
2887 4258 2980 4311 καὶ
3032 4263 3325 4330 κατηγορεῖ
3370 4261 3448 4325 ὡς
3505 4263 3566 4317 ἐν
3604 4264 3752 4335 πείρᾳ

534 4361 686 4430 prius
712 4373 876 4428 quam
909 4372 1098 4413 eorum
1133 4357 1398 4414 faciamus
1425 4359 1752 4429 periculum,
1781 4373 1967 4414 eorum
1988 4374 2110 4429 qua:

536 4447 1012 4517 reprehenduntur
1023 4448 1257 4504 vitemus
1275 4447 1634 4515 desiderium,
1655 4464 1726 4503 an
1740 4449 1928 4506 volens
1943 4451 2010 4506 ad
2026 4451 2109 4507 his

537 4539 830 4595 fruendum
853 4555 912 4596 se
935 4539 1239 4604 demiserit,
1263 4547 1322 4593 ut
1354 4540 1517 4594 etiam
1542 4555 1640 4610 per
1671 4555 1762 4596 res
1805 4540 2113 4598 contrarias

538 4649 670 4689 suos
689 4647 888 4688 sensus
907 4641 1206 4698 exerceret,
1229 4633 1390 4688 liceat
1406 4632 1612 4688 volenti
1636 4648 1799 4703 quam
1814 4633 1943 4690 velit
1965 4635 2033 4690 de
2046 4649 2113 4690 ea

539 4741 600 4780 re
631 4727 809 4780 facere
833 4725 1228 4796 conjecturam.
1259 4725 1317 4780 Si
1346 4725 1470 4797 quis
1495 4735 1679 4780 autem
1705 4726 1854 4780 dicat
1878 4741 2002 4780 eum
2034 4740 2116 4780 re-

536 4832 668 4873 vera
693 4832 881 4872 eorum
905 4831 1028 4888 quae
1045 4817 1295 4887 jucunda
1312 4827 1442 4874 sunt
1466 4816 1665 4874 fecisse
1685 4814 2015 4886 periculum,
2034 4813 2115 4870 sic

540 4911 940 4985 existimamus.
988 4908 1107 4976 Quo
1143 4905 1305 4961 modo
1345 4906 1488 4960 enim
1539 4902 1634 4973 qui
1673 4902 1841 4956 maris
1877 4901 2101 4970 profun-

540 5003 670 5060 dum
703 5003 959 5066 subeunt,
988 5008 1043 5055 et
1072 5000 1127 5054 in
1163 4996 1331 5051 fundo
1362 4995 1528 5050 maris
1555 4998 1824 5066 quaerunt,
1854 5006 1922 5044 an
1961 4988 2102 5044 forte

541 5097 783 5166 aliquam
818 5093 1064 5149 invenire
1093 5094 1304 5162 possint
1351 5089 1722 5159 margaritam,
1770 5093 1864 5139 aut
1894 5083 2100 5153 aliquid

539 5187 690 5242 aliud
738 5185 882 5256 quod
925 5183 1167 5240 nascitur
1204 5184 1258 5236 in
1310 5179 1600 5252 profundo,
1651 5177 1848 5248 quibus
1894 5176 2099 5229 nullam

539 5278 758 5348 quidem
805 5277 1134 5347 voluptatem
1182 5272 1337 5328 aﬁert
1373 5286 1494 5342 qua:
1526 5270 1627 5324 sub
1665 5283 1804 5338 aqua
1846 5276 1930 5322 est
1967 5266 2101 5320 ami-

537 5373 668 5436 ctio,
706 5371 800 5428 sed
847 5384 973 5442 spes
1023 5367 1160 5422 lucri
1197 5365 1397 5428 eﬁ'ecit,
1451 5370 1510 5440 ut
1567 5377 1627 5416 se
1675 5361 1727 5414 in
1768 5357 2100 5428 profundum

480 5463 482 5465 ’
539 5466 919 5532 immergerent
949 5479 963 5516 :
996 5459 1070 5516 ita
1105 5460 1153 5515 si
1199 5459 1256 5513 in
1290 5457 1376 5512 his
1408 5461 1655 5510 versatus
1699 5460 1782 5506 est
1815 5449 2095 5516 Solomon,

2198 4347 2501 4418 γενόμενος,
2531 4347 2616 4402 ἵνα
2640 4349 2798 4419 ἡμεῖς
2845 4348 2950 4419 πρὸ
2988 4350 3086 4420 τῆς
3114 4351 3307 4422 πείρας
3339 4351 3444 4424 τὴν
3484 4353 3593 4406 τῶν
3633 4372 3751 4407 κατ-

2199 4435 2548 4507 ηγορημένων
2575 4434 2865 4506 ἐπιθυμίαν
2889 4436 3242 4509 ὲκκλίνωμεν,
3275 4438 3386 4492 εἴτε
3403 4441 3498 4494 καὶ
3528 4441 3749 4514 καθῆκεν

2199 4525 2386 4580 ἐαυτὸν
2407 4526 2668 4588 ἑκουσίως
2700 4525 2834 4596 πρὸς
2878 4527 2978 4596 τὴν
3007 4527 3115 4581 τῶν
3158 4530 3414 4586 τοιούτων
3439 4534 3745 4601 ἀπόλαυσιν,

2198 4617 2337 4671 ὥστε
2384 4617 2478 4670 καὶ
2523 4617 2593 4670 τὰ
2651 4617 2977 4690 αἰσθητήρια
3018 4619 3209 4674 ἑαυτοῦ
3255 4621 3344 4676 διὰ
3377 4625 3490 4678 τῶν
3511 4627 3747 4679 ἐναντίαιν

2199 4705 2492 4778 γυμνάσαι,
2545 4705 2852 4776 προκείσθω
2889 4711 3008 4762 κατ’
3053 4710 3299 4776 ἐξουσίαν
3433 4715 3745 4789 βουλομένῳ,

2201 4799 2284 4868 ἐφ’
2303 4799 2436 4871 ὅπερ
2456 4796 2522 4852 ἂν
2541 4797 2700 4870 ἐθέλῃ
2719 4798 2808 4851 τὸν
2830 4803 3131 4874 στοχασμὸν
3152 4804 3323 4872 ἄγειν.
3347 4806 3412 4860 Ei.
3444 4808 3502 4860 δέ
3519 4826 3601 4873 τις
3618 4811 3746 4878 λέγοι

2199 4890 2277 4963 τῷ
2308 4890 2420 4946 δντι
2459 4891 2780 4962 γεγενῆσθαι
2823 4893 2880 4945 ἐν
2909 4896 2974 4964 τῇ
3005 4893 3114 4948 τῶν
3149 4896 3322 4967 ἡδέων
3377 4901 3564 4973 πείρᾳ,
3594 4901 3745 4965 οὕτως

2201 4983 2672 5056 ὑπολαμϐάνομεν.
2718 4985 2984 5057 Καθάπερ
3007 4987 3115 5058 γὰρ
3154 4990 3203 5040 οί
3233 4989 3327 5042 ἐπὶ
3361 4991 3454 5044 τὸν
3480 4993 3635 5062 βυθὸν
3661 4994 3742 5064 τῆς

2202 5079 2469 5148 θαλάττης
2497 5076 2766 5148 δυόμενοι,
2813 5080 2906 5132 καὶ
2935 5079 3312 5152 διερευνῶντες
3341 5084 3398 5137 ὲν
3425 5084 3503 5155 τῷ
3533 5085 3739 5156 πυθμένι

2199 5169 2290 5223 τοῦ
2344 5168 2551 5234 ὓδατος,
2597 5169 2650 5221 εί
2691 5169 2792 5222 πού
2850 5187 2970 5223 τινα
3023 5173 3366 5246 μαργαρίτην
3402 5175 3671 5246 εὖροιεν,ἡ
3695 5192 3737 5227 τι

2200 5261 2325 5315 ἄλλο
2341 5259 2579 5313 τοιοῦτον
2596 5259 2703 5314 τῶν
2726 5263 2783 5314 ὲν
2810 5261 2954 5333 βυθῷ
2971 5265 3320 5336 τικτομένων,
3349 5261 3430 5331 οἷς
3459 5268 3640 5340 ἡδονὴν
3656 5267 3735 5338 μὲν

2200 5353 2453 5424 οὐδεμίαν
2479 5356 2512 5423 ἡ
2546 5354 2650 5408 ὑπὸ
2698 5357 2760 5409 τὸ
2801 5356 2943 5430 ὕδωρ
2969 5359 3309 5434 ταλαιπωρία
3335 5364 3512 5434 φέρει,
3533 5369 3566 5436 ἡ
3588 5365 3637 5418 δὲ
3656 5361 3734 5417 τοῦ

2202 5445 2423 5518 κέρδους
2446 5445 2600 5510 ἐλπὶς
2624 5446 2834 5518 βυθίους
2867 5451 3124 5522 ἐποίησεν
3145 5469 3159 5483 ο
3187 5452 3359 5517 οὕτως
3400 5458 3451 5509 εί
3480 5456 3682 5526 γέγονεν
3705 5454 3736 5504 ὁ

555 5603 558 5608 ’
602 5601 682 5674 (α)
725 5597 909 5674 Locus
945 5611 1012 5674 ex
1071 5592 1354 5674 mss...sic
1383 5591 1723 5674 supplendus
1752 5593 1901 5674 amp.
1930 5592 1984 5674 dt.
2011 5593 2093 5646 Μᾶ

2190 5611 2224 5644 ιν
2252 5592 2329 5674 δὲ.
2340 5591 2672 5664 κυριώτερον
2700 5591 2766 5674 ἄν
2791 5608 2877 5655 τις
2890 5589 3179 5674 ,καθίκοιτο
3210 5588 3311 5658 τῆς
3337 5588 3448 5674 τῷν
3479 5587 3729 5674 “quarry

527 5655 821 5754 ἐμφᾴσεὶως
865 5665 1054 5754 ε’ίπὼν,
1097 5663 1356 5750 αἰσχύνην
1386 5655 1824 5754 ὶμέν’..είναιιατξγν
1846 5655 1996 5732 ’μετὰ
2021 5664 2237 5745 *πρᾶξιν
2263 5663 2371 5717 τῶν
2400 5655 2863 5754 κατεγνωσμένων
2886 5655 3481 5754 ὲςξγένομέῖηνᾼαίδεῖᾕ
3503 5655 3734 5754 Δια-ἰξῷ..ἓῖ

527 5727 671 5793 κατὰ
700 5740 760 5791 τὸ
785 5727 1140 5808 ἀντίστροφον
1166 5727 1263 5805 τ’ἡν
1307 5727 1412 5804 πρὸ
1452 5732 1544 5786 τοῦ
1600 5727 1941 5800 γενέσθαίτι
1979 5727 2093 5786 τῶν

527 5808 919 5864 ἀνακόπτεται.
949 5807 1128 5860 Δείκν.
1163 5805 1311 5861 δὲ....
1348 5803 1536 5858 παθῶν
1567 5801 1773 5858 τούτων
1796 5803 2027 5875 διαφορά
2058 5822 2092 5858 κ

2190 5727 2586 5858 ιτὶγῖευσμένων
2629 5727 2887 5806 αἰσχύνην
2913 5727 3082 5806 δι”ἦς
3181 5727 3330 5803 ἁρμὴ
3360 5731 3469 5786 τῶν
3500 5727 3732 5800 ἀπρεπῶν

2251 5845 2264 5858 .
2327 5820 2458 5861 .DIT.
2606 5831 2637 5856 ο
