3986 6510
277 348 387 404 055

1334 341 1400 396 IN
1441 337 1965 397 ECCLESIASTEN.
2005 338 2284 397 HOMILIA
2319 340 2401 396 Ill.

3382 341 3487 399 ϐω

275 458 523 529 Σολομὼν
568 459 625 512 ὲν
674 456 901 522 τούτοις,
952 456 1168 520 πάντως
1202 454 1389 526 ὥσπερ
1431 472 1515 518 τις
1549 453 1657 508 τῶν
1695 450 1832 505 κατὰ

1934 454 2153 510 omnino
2185 467 2243 511 ut
2285 456 2553 527 quispiam
2587 471 2653 512 ex
2702 456 2769 512 iis
2809 456 2903 527 qui
2953 472 3221 528 purpuras
3261 458 3314 514 in
3352 464 3487 516 mari

275 551 543 606 θάλατταν
591 549 1057 623 πορφυρευόντων,
1113 545 1302 599 ἑαυτὸν
1347 544 1514 598 ἔδωκε
1562 546 1628 615 τῇ
1658 545 1832 614 τρυφῇ

274 642 598 715 ὑποϐρύχιον
619 658 634 673 ’
678 642 776 696 οὐκ
807 642 891 710 ἐφ’
911 635 1012 706 ᾧτε
1038 636 1481 708 καταπλησθῆναι
1509 637 1606 708 τῆς
1637 635 1832 689 θαλατο

271 736 393 798 τίας
429 734 626 804 ἅλμης,
681 733 855 804 ἅλμην
890 729 949 783 δὲ
994 729 1136 797 λέγω
1170 728 1268 799 τὴν
1297 728 1487 799 ἡδονήν
1510 744 1525 761 ο
1568 726 1703 781 ἀλλὰ
1738 725 1831 779 τοῦ

271 825 503 896 ζητῆσαι
533 825 587 878 τί
618 826 683 894 τῇ
714 820 920 890 διανοίᾳ
950 821 1216 891 χρήσιμον
1241 822 1298 873 ὲν
1323 819 1399 889 τῷ
1423 818 1646 890 τοιούτῳ
1666 816 1828 889 βυθῷ.

270 920 552 990 Χρήσιμον
578 917 621 970 δ’
648 914 713 969 ἂν
761 912 847 983 εἴη
879 913 965 967 διὰ
996 913 1103 966 τῶν
1150 911 1403 966 τοιούτων
1428 912 1828 984 εὑρισκόμενον,

272 1010 414 1063 κατά
450 1027 511 1077 γε
532 1006 621 1059 τὸν
650 1005 781 1075 ὲμὸν
806 1004 1177 1075 στοχασμὸν,ἢ
1209 1005 1269 1058 τὸ
1298 1002 1577 1075 ἀμϐλῦναι
1614 1003 1710 1067 τὰς
1737 1002 1828 1055 τοῦ

271 1101 517 1172 σώματος
564 1098 759 1169 ὁρμὰς,
817 1097 906 1150 διὰ
939 1096 1031 1151 τοῦ
1064 1097 1336 1167 προθεῖναι
1368 1098 1490 1150 κατ’
1533 1096 1779 1161 ἐξουσίαν
1801 1095 1831 1147 6

269 1192 535 1264 βούλεται.
590 1189 731 1260 Πρὸς
778 1189 885 1258 γὰρ
936 1189 996 1242 τὸ
1026 1189 1366 1259 κωλυόμενον
1402 1188 1831 1259 φιλονεικοτέρας

266 1286 353 1338 ἀεὶ
379 1283 478 1345 τὰς
511 1283 749 1353 κινήσεις
794 1284 827 1351 ἡ
872 1280 1031 1351 φύσις
1060 1281 1191 1353 ἔχει.
1224 1281 1379 1334 Ἤτοι
1405 1281 1497 1334 τοῦ
1521 1280 1828 1347 ἀξιοπίστου

266 1375 446 1449 χάριν,
508 1376 566 1429 ὲν
615 1374 821 1437 τούτοις
841 1373 1053 1441 γίνεται
1094 1374 1122 1427 ὁ
1164 1371 1501 1435 διδάσκαλος,
1527 1372 1602 1436 ὠς
1635 1375 1827 1443 μηκέτι

263 1469 375 1529 τοῖς
398 1464 704 1536 ἀνθρώποις
723 1464 999 1517 ἀσπαστὸν
1029 1463 1348 1535 νομισθῆναι
1387 1463 1448 1516 τὸ
1489 1464 1831 1535 καταπεφρο-

265 1558 494 1629 νημένον
525 1558 753 1627 πρᾶγμα
775 1555 879 1609 ὑπὸ
911 1554 1003 1608 τοῦ
1033 1554 1120 1608 διὰ
1140 1556 1240 1623 τῆς
1282 1555 1473 1626 πείρας
1500 1554 1830 1625 διδαχθέντος

264 1651 322 1703 τὸ
378 1649 625 1720 μάταιον.
674 1647 781 1701 Καὶ
832 1647 937 1719 γὰρ
989 1646 1084 1700 κα)⁸
1131 1648 1255 1710 τοὺς
1311 1645 1527 1716 ἰατρούς
1566 1663 1726 1714 φασιν
1771 1647 1829 1700 ἐν

265 1741 459 1811 ἐκείνῳ
515 1738 813 1811 κατορθοῦν
846 1738 944 1808 τὴν
989 1738 1204 1808 τέχνην,
1236 1733 1296 1791 οὗ
1341 1739 1405 1792 ἂν
1434 1738 1523 1791 διὰ
1548 1738 1655 1792 τῶν
1686 1738 1829 1792 ἰδίων

266 1804 533 1905 σωμάτων
576 1804 820 1895 τὺνείδος
870 1804 967 1901 ei;
1006 1804 1311 1902 ἀρρωστίας
1366 1830 1706 1901 γνωρίσωσι,
1736 1831 1829 1883 καὶ
1859 1804 1901 1859 Β

260 1924 657 1995 ἁσφαλέστεροι
689 1922 797 1976 τῶν
810 1922 1064 1977 τοιούτων
1085 1923 1319 1992 γίνονται
1342 1922 1406 1976 σύ
1414 1923 1632 1994 μὸουλοί
1655 1940 1711 1976 τε
1734 1923 1828 1976 καὶ

262 2016 615 2089 θεραπευταὶ,
636 2008 710 2069 ὧν
736 2014 824 2069 διὰ
851 2015 945 2069 τοῦ
975 2016 1481 2086 προθεραπευθῆναι
1507 2016 1603 2087 τὴν
1632 2015 1828 2084 γνῶσιν

261 2104 406 2179 εἰχον
423 2125 437 2138 θ
463 2109 572 2178 ὅσῳ
591 2106 668 2178 τῷ
692 2106 805 2178 ἰδίῳ
839 2106 999 2161 πάθει
1033 2107 1512 2179 προεδιδάχθησαν.

339 2202 567 2271 Ἴδωμεν
586 2199 762 2253 τοίνυν
780 2200 832 2253 τί
858 2198 1007 2269 λέγει
1041 2200 1365 2254 πεπονθέναι
1384 2200 1461 2271 τῷ
1493 2198 1613 2254 καθ’
1641 2200 1827 2253 ἑαυτὸν

264 2292 384 2364 βίῳ,
407 2294 437 2346 6
467 2292 559 2345 τὸν
588 2292 856 2363 ἡμέτερον
882 2291 1145 2363 ἰατρεύων
1181 2291 1315 2362 βίον.
1352 2311 1369 2343 ι
1415 2291 1773 2365 Ἐμεγάλυνα,
1803 2312 1822 2344 ι

262 2385 419 2456 φησι,
456 2403 474 2436 ι
508 2382 720 2454 ποίημά
751 2400 875 2453 μου,
921 2382 1245 2454 ᾠκοδόμησα
1283 2382 1480 2447 οἴκους.
1522 2403 1539 2435 ι
1567 2383 1740 2446 Εὐθὺς
1765 2384 1830 2437 ὲκ

224 2492 227 2497 ‘
263 2470 602 2544 κατηγορίας
649 2471 679 2524 6
728 2471 881 2541 λόγος
932 2471 1177 2542 ἄρχεται.
1214 2473 1286 2526 Οὐ
1345 2474 1454 2544 γὰρ
1478 2472 1539 2526 τὸ
1564 2472 1658 2527 τοῦ
1693 2473 1827 2527 Θεοῦ

261 2563 477 2635 ποίημά
503 2579 685 2632 φησιν,
719 2563 855 2633 ὅπερ
872 2562 991 2632 εἰμὶ
1041 2563 1173 2630 ἐγὼ,
1202 2563 1336 2618 ἀλλὰ
1367 2564 1427 2617 τὸ
1464 2563 1595 2635 ὲμὺν
1628 2565 1828 2635 ἐμεγά-

260 2656 417 2710 λυνα.
462 2654 623 2726 Ἐμὸν
652 2654 863 2725 ποίημα
894 2653 1047 2707 οὐδέν
1076 2656 1220 2708 ἐστιν
1252 2655 1397 2720 ἄλλο,
1422 2655 1455 2727 ἢ
1489 2657 1624 2729 ὅπερ
1648 2660 1714 2728 τῇ
1740 2659 1827 2711 αίο

262 2746 453 2817 σθήσει
484 2746 582 2815 τὴν
601 2744 789 2815 ἡδονὴν
840 2743 1013 2813 φέρει.
1049 2744 1207 2796 Ἔστι
1246 2745 1303 2798 δὲ
1335 2744 1493 2797 τοῦτο
1512 2745 1572 2798 τὸ
1598 2746 1826 2816 ποίημα,

258 2838 340 2909 τῷ
368 2838 465 2909 μὲν
497 2836 696 2907 γενικῷ
723 2835 865 2907 λόγῳ
890 2836 971 2901 ἓν,
993 2839 1059 2908 τῇ
1080 2836 1140 2890 δὲ
1171 2836 1309 2890 κατὰ
1332 2836 1525 2890 λεπτὸν
1549 2837 1826 2909 διαιρέσει,

220 2992 225 2997 ,
260 2934 342 2995 εἰς
374 2930 543 2983 πολλὰ
589 2932 706 2994 ταῖς
736 2929 834 2999 τῆς
860 2929 1071 3001 τρυφῆς
1111 2929 1320 3001 χρείαις
1358 2929 1829 2999 καταναγκάζεται

262 3023 600 3097 μερίζεσθαι.
620 3021 723 3076 Τὸν
753 3021 863 3093 γὰρ
885 3020 1032 3087 ἅπαξ
1080 3020 1231 3085 ἐντὸς
1253 3020 1351 3089 τῆς
1380 3020 1512 3092 ὕλης
1539 3021 1632 3075 τοῦ
1668 3020 1827 3091 βυθοῦ

258 3117 572 3187 γενόμενον,
637 3114 849 3183 ἀνάγκη
907 3114 1054 3166 πᾶσα
1101 3113 1403 3183 πανταχόσε
1431 3112 1521 3166 τὸν
1556 3113 1829 3184 ὀφθαλμὸν
1856 3153 1901 3215 c

257 3208 565 3280 περιάγειν,
589 3205 709 3260 ὅθεν
730 3204 795 3258 ἂν
824 3201 1098 3277 ᾕδυνατὺν
1126 3204 1314 3275 ἡδονὴν
1343 3205 1627 3274 ὲκφυῆναι.
1643 3205 1829 3260 Καθά-

261 3324 371 3377 περ
408 3305 516 3376 γὰρ
544 3307 607 3358 ὲκ
636 3304 762 3374 μιᾶς
796 3302 977 3373 πηγῆς
1007 3300 1246 3372 πολλαχῆ
1276 3299 1365 3355 διὰ
1402 3300 1653 3373 σωλήνων
1683 3302 1831 3373 ὀχετ-

266 3400 485 3469 ηγεῖται
523 3396 583 3449 τὸ
614 3394 779 3466 ὕδωρ,
839 3394 934 3447 καὶ
970 3394 1123 3447 οὐδὲν
1160 3388 1320 3463 ἦττον
1373 3393 1495 3464 ἢτὸ
1529 3393 1670 3464 ὕδωρ
1693 3394 1830 3457 ἐστὶ,

257 3490 321 3543 τὸ
352 3491 415 3541 ὲκ
439 3488 535 3559 τῆς
561 3486 740 3557 πηγῆς
771 3485 1144 3557 μεριζόμενον,
1187 3485 1288 3540 κᾶν
1338 3487 1396 3538 ὲν
1433 3485 1644 3557 μυρίοις
1669 3503 1833 3557 κρου-

258 3584 372 3643 νοῖς
409 3579 560 3650 τύχοι
619 3578 737 3650 ῥέον
758 3594 771 3609 ·
811 3577 953 3630 ούτω
997 3577 1094 3647 μία
1126 3579 1190 3647 τῇ
1232 3576 1390 3646 φύσει
1425 3572 1559 3631 οὖσα
1588 3578 1622 3648 ἡ
1650 3577 1831 3649 ἡδονὴ,

257 3673 436 3734 ἄλλως
468 3670 560 3724 καὶ
587 3668 761 3731 ἄλλως
792 3669 850 3721 ὲν
880 3670 1001 3730 ταῖς
1030 3666 1137 3720 τῶν
1174 3668 1616 3739 ἐπιτηδευμάτων
1642 3669 1833 3738 διαφο-

262 3766 385 3834 ραῖς
411 3760 714 3816 ὑπονοοῦσα
742 3760 854 3831 ῥέει
885 3757 1181 3828 πανταχοῦ,
1214 3763 1333 3823 ταῖς
1355 3760 1448 3813 τοῦ
1484 3761 1598 3831 βίου
1625 3762 1835 3832 χρείαις

258 3858 463 3924 ἑαυτὴν
503 3853 915 3919 συνεισάγουσα.
945 3846 1069 3903 Οἷον
1092 3853 1121 3903 6
1150 3850 1260 3920 βίος
1287 3852 1588 3920 ἀναγκαίαν
1612 3853 1832 3923 ἐποίησε

255 3950 325 4018 τῇ
360 3947 517 4015 φύσει
571 3944 669 4015 τὴν
700 3945 911 4014 οἴκησιν
932 3960 946 3975 ·
978 3941 1364 4013 ἀσθενέστερον
1389 3942 1497 4015 γὰρ
1528 3945 1741 4014 πέφυκε
1772 3944 1834 3997 τὸ

257 4034 622 4107 ἀνθρώπινον,
641 4034 675 4105 ἢ
691 4033 832 4087 ὥστε
856 4032 955 4095 τὰς
981 4032 1044 4085 ὲκ
1070 4030 1164 4084 τοῦ
1182 4031 1414 4097 θάλπους
1435 4052 1493 4086 τε
1519 4035 1610 4088 καὶ
1636 4033 1834 4106 κρύους

256 4128 574 4199 ἀνωμαλίας
614 4127 818 4196 φέρειν.
849 4124 1026 4194 Μέχρι
1059 4124 1248 4177 τούτου
1294 4126 1323 4177 6
1373 4122 1518 4189 οἶκος
1554 4125 1667 4195 ἔχει
1697 4126 1833 4196 πρὸς

256 4228 363 4299 τὴν
395 4224 540 4294 ζωὴν
558 4223 619 4277 τὸ
644 4220 936 4291 ὠφέλιμον,
972 4218 1109 4272 ἀλλὰ
1139 4219 1201 4272 τὸ
1216 4218 1502 4290 παρελθεῖν
1523 4221 1648 4283 τοὺς
1675 4221 1832 4291 ὅρους

254 4318 364 4388 τῆς
390 4316 577 4387 χρείας
606 4314 640 4383 ἡ
667 4312 829 4383 ἡδονὴ
855 4311 945 4363 τὸν
977 4309 1261 4379 ἄνθρωπον
1291 4308 1565 4363 ἐϐιάσατο.
1601 4312 1689 4374 Ὠς
1724 4312 1832 4381 γὰρ

253 4411 385 4482 οὐχὶ
411 4408 621 4479 σώματι
663 4406 724 4459 τὸ
746 4404 1002 4475 χρειῶδες
1030 4401 1290 4473 πορίζων,
1328 4402 1462 4455 ἀλλὰ
1490 4405 1601 4466 τοῖς
1636 4403 1831 4473 ὀφθαλ-

1934 557 2221 613 venantur,
2273 549 2512 619 seipsum
2567 549 2832 606 immersit
2881 550 2935 604 in
2975 550 3378 607 delicias:non
3430 563 3491 607 ut

1935 640 2144 695 marina
2192 639 2505 710 impleretur
2553 641 2829 711 salsugine
2878 660 2893 697 :
2935 642 3263 712 salsuginem
3308 652 3489 699 autem

1934 733 2055 786 dico
2087 733 2446 803 voluptatem:
2470 731 2565 790 sed
2596 741 2655 788 ut
2687 741 2950 803 quaereret
2980 735 3109 804 quid
3150 735 3205 789 in
3235 735 3336 789 hoc
3362 752 3490 805 pro-

1936 821 2105 878 fundo
2127 824 2308 877 animo
2339 823 2414 879 sit
2445 824 2594 879 utile.
2623 823 2766 879 Utile
2799 834 2977 881 autem
3007 834 3091 882 est
3131 828 3275 897 quod
3305 843 3402 897 per
3428 843 3490 882 ea

1934 912 2248 978 invenitur,
2309 922 2368 968 ut
2418 929 2538 969 mea
2578 915 2796 984 quidem
2850 923 2935 971 est
2980 916 3298 985 conjectura
3329 954 3346 981 ,
3399 927 3493 972 aut

1932 1006 2221 1061 retundere
2252 1007 2495 1077 corporis
2524 1006 2905 1076 appetitiones,
2949 1017 3234 1078 propterea
3265 1010 3408 1080 quod
3439 1012 3489 1066 ei

1930 1100 2189 1169 objicitur
2240 1099 2294 1154 id
2336 1100 2480 1170 quod
2534 1100 2808 1155 desiderat
2850 1117 2865 1155 :
2909 1101 2977 1155 ad
3030 1101 3083 1155 id
3143 1102 3286 1157 enim
3344 1104 3489 1173 quod

1930 1200 2146 1247 vetatur
2173 1206 2385 1261 semper
2409 1191 2839 1248 vehementiores
2872 1201 3050 1249 motus
3076 1194 3238 1249 habet
3270 1205 3493 1249 natura:

1931 1293 2024 1339 aut
2055 1291 2114 1338 ut
2151 1285 2221 1340 sit
2250 1284 2352 1340 fide
2385 1284 2580 1354 dignus
2613 1285 2666 1339 in
2696 1285 2783 1340 his
2824 1293 3072 1340 versatur
3102 1289 3380 1355 magister.
3420 1300 3491 1341 ne

1930 1377 2161 1446 amplius
2199 1375 2266 1429 ab
2293 1376 2603 1432 hominibus
2642 1385 2929 1432 censeatur
2970 1378 3266 1445 expetenda
3312 1394 3398 1433 res
3425 1395 3488 1434 ea

1931 1479 2050 1539 quae
2098 1471 2166 1525 ab
2224 1485 2290 1526 eo
2334 1469 2433 1524 fuit
2470 1479 2797 1540 contempta,
2842 1471 2935 1541 qui
2986 1472 3316 1542 experientia
3356 1473 3491 1527 dicit

1930 1576 2090 1631 quam
2120 1562 2191 1617 sit
2220 1576 2378 1618 vana.
2425 1561 2554 1617 Nam
2586 1563 2824 1619 medicos
2848 1578 3062 1635 quoque
3094 1564 3273 1619 ferunt
3313 1564 3401 1619 illa
3434 1567 3487 1619 in

1930 1669 1989 1709 re
2012 1670 2069 1709 se
2101 1654 2303 1723 optime
2338 1670 2404 1710 ex
2435 1662 2550 1709 arte
2583 1670 2791 1725 gerere,
2829 1656 2987 1726 cujus
3020 1655 3195 1711 morbi
3229 1671 3399 1727 genus
3436 1657 3488 1710 in

1933 1746 2049 1801 suis
2079 1754 2449 1817 cognoverunt
2501 1747 2819 1818 corporibus
2853 1748 2959 1804 :de
3004 1747 3181 1818 iisque
3223 1747 3393 1803 tutius
3436 1758 3492 1803 et

1933 1836 2064 1891 dant
2114 1837 2400 1893 consilium
2450 1847 2504 1893 et
2552 1838 2619 1893 iis
2676 1836 2977 1903 medentur,
3012 1854 3243 1910 quorum
3291 1839 3491 1894 habent

1935 1930 2182 1983 notitiam
2217 1937 2537 2000 :propterea
2581 1929 2723 1999 quod
2763 1930 2866 2001 ipsi
2897 1934 3050 2002 prius
3089 1932 3239 1988 fuere
3285 1931 3511 1994 curati,

1933 2020 2373 2091 quandoquidem
2400 2035 2465 2076 ex
2494 2036 2559 2077 eo
2580 2022 2724 2092 quod
2752 2021 2854 2092 ipsi
2885 2023 3031 2093 passi
3066 2033 3194 2081 sunt
3218 2024 3372 2095 prius
3406 2024 3491 2079 ιιι..

1933 2113 2199 2169 dicerunt.
3288 2116 3299 2135 ι

2003 2202 2295 2258 Videamus
2324 2217 2453 2272 ergo
2481 2201 2735 2271 quidnam
2774 2203 2826 2257 in
2852 2217 2951 2257 sua
2980 2203 3090 2256 vita
3120 2218 3341 2273 passum
3371 2219 3490 2260 esse

1934 2293 2066 2347 dicit
2103 2294 2150 2349 is
2184 2293 2274 2363 qui
2310 2300 2511 2348 nostra;
2549 2293 2671 2347 vitae
2712 2292 2979 2348 medetur.
3017 2312 3035 2345 ‹
3068 2293 3428 2365 Magnificavi,
3466 2314 3486 2348 ι

1934 2384 2135 2455 inquit,
2176 2402 2197 2437 ι
2245 2400 2383 2454 opus
2434 2400 2636 2449 meum,
2686 2384 2949 2440 aediﬁcavi
2997 2382 3207 2441 domos.
3244 2405 3261 2436 ι
3304 2385 3493 2441 Oratio

1934 2476 2117 2531 statim
2152 2474 2346 2545 incipit
2380 2489 2409 2528 a
2443 2474 2883 2545 reprehensione.
2916 2473 3035 2529 Non
3064 2476 3206 2529 enim
3234 2475 3366 2530 dicit
3395 2475 3489 2532 Dei

1933 2582 2090 2637 opus,
2121 2568 2264 2637 quod
2294 2583 2414 2624 sum
2444 2582 2563 2638 ego,
2598 2568 2692 2623 sed
2719 2582 2897 2622 meum
2930 2568 3289 2637 magniﬁcavi.
3315 2569 3488 2622 Meum

1932 2676 2072 2732 opus
2104 2660 2240 2715 nihil
2273 2666 2359 2715 est
2387 2659 2556 2724 aliud,
2600 2674 2763 2730 quam
2811 2660 2956 2729 quod
2992 2657 3146 2713 affert
3177 2658 3362 2714 sensui
3406 2674 3493 2713 vo-

1936 2753 2218 2823 luptatem.
2273 2750 2370 2807 Est
2423 2758 2604 2806 autem
2652 2750 2758 2805 hoc
2794 2765 2933 2820 opus
2982 2749 3219 2820 generali
3272 2749 3489 2819 quidem

1934 2847 2144 2902 ratione
2174 2861 2342 2900 unum
2373 2864 2387 2899 :
2417 2844 2599 2899 subtili
2638 2853 2817 2898 autem
2856 2844 2912 2897 in
2956 2841 3166 2897 minuta
3199 2840 3489 2904 divisione,

1934 2939 1989 2994 in
2025 2938 2191 2992 multa
2215 2938 2280 2992 ad
2317 2935 2575 2992 utendum
2601 2934 2811 2991 deliciis
2834 2948 3058 2990 necesse
3082 2940 3168 2990 εει
3198 2942 3257 2988 ιιι
3280 2933 3494 3003 disper-

1937 3031 2121 3085 tiatur.
2149 3030 2285 3085 Nam
2306 3028 2400 3099 qui
2430 3027 2594 3083 semel
2620 3024 2860 3081 materia:
2881 3023 3210 3095 profundum
3240 3024 3490 3086 subierit.

1935 3121 2160 3174 omnino
2212 3132 2436 3174 necesse
2481 3124 2565 3172 est
2610 3124 2669 3170 ut
2715 3116 2767 3169 in
2812 3129 3001 3170 omnes
3049 3120 3230 3184 partes
3271 3114 3491 3168 oculum

1931 3214 2283 3281 circumagat,
2326 3203 2475 3264 unde
2528 3207 2643 3263 ﬁeri
2685 3207 2858 3278 possit
2896 3212 2956 3260 ut
2998 3214 3289 3261 enascatur
3335 3207 3491 3260 volu—

1932 3314 2075 3376 ptas.
2099 3302 2393 3370 'Quomodo
2432 3301 2576 3357 enim
2608 3315 2673 3356 ex
2704 3314 2813 3354 uno
2857 3296 3005 3354 fonte
3036 3299 3091 3352 in
3138 3298 3336 3353 multas
3366 3311 3493 3368 par-

1933 3404 2017 3451 tes
2064 3410 2162 3466 per
2207 3394 2424 3449 canales
2468 3406 2608 3463 aqua
2655 3391 2961 3457 deducitur,
3008 3397 3065 3445 et
3122 3389 3290 3444 nihilo
3329 3404 3492 3445 secus

1934 3501 2044 3540 non
2086 3492 2171 3541 est
2207 3483 2353 3539 aliud
2384 3498 2543 3552 quam
2587 3497 2748 3552 aqua,
2780 3481 2835 3536 id
2880 3480 3024 3552 quod
3072 3496 3140 3537 ex
3179 3480 3301 3551 ipso
3346 3481 3492 3535 fonte

1934 3579 2279 3648 dispertitur,
2334 3576 2548 3632 etiamsi
2604 3574 2735 3630 fluat
2775 3575 2827 3629 in
2884 3573 3135 3646 plurimis
3176 3574 3325 3629 tubis
3365 3592 3377 3627 :
3419 3573 3491 3626 ita

1933 3672 2181 3742 voluptas
2227 3685 2353 3725 cum
2405 3668 2477 3725 sit
2530 3683 2660 3733 una,
2718 3667 2876 3721 aliter
2924 3676 2979 3721 et
3020 3666 3176 3721 aliter
3220 3664 3277 3719 in
3325 3665 3493 3719 variis

1933 3764 2209 3819 transiens
2247 3761 2467 3825 studiis,
2518 3759 2637 3814 ﬂuit
2685 3759 2739 3813 in
2776 3774 2965 3814 omnes
3003 3766 3208 3829 partes,
3258 3772 3383 3813 cum
3425 3758 3494 3812 iis

1933 3870 2055 3926 qua:
2087 3861 2217 3909 sunt
2245 3852 2313 3907 ad
2354 3867 2513 3907 usum
2540 3852 2663 3905 vitae
2693 3850 3003 3905 necessaria
3032 3866 3092 3906 se
3129 3850 3491 3920 coniungens.

1935 3947 2027 4009 Ut,
2057 3941 2289 4015 exempli
2335 3956 2523 4005 causa,
2563 3940 2673 3993 vita
2721 3937 2852 3992 facit
2894 3946 2955 3993 ut
2987 3947 3196 3994 natura;
3228 3938 3493 3994 habitatio

1933 4036 2006 4091 sit
2052 4032 2402 4088 necessaria:
2435 4042 2520 4086 est
2549 4030 2695 4084 enim
2736 4029 2899 4082 homo
2947 4029 3288 4091 imbecillior,
3330 4044 3492 4099 quam

1934 4134 1991 4179 ut
2015 4124 2217 4178 caloris
2248 4131 2302 4177 et
2332 4121 2550 4194 frigoris
2572 4120 2711 4177 ferat
2739 4122 3151 4192 inzequalitates.
3181 4120 3299 4177 Huc
3324 4137 3495 4192 usque

1906 4216 2000 4270 ‘ad
2042 4214 2339 4285 degendam
2366 4214 2532 4270 vitam
2570 4224 2659 4269 est
2685 4213 2879 4269 domus
2908 4214 3077 4279 utilis,
3117 4214 3211 4269 sed
3241 4214 3495 4284 voluptas

1931 4310 2076 4381 cogit
2114 4308 2384 4363 hominem
2416 4307 2694 4378 praeterire
2725 4306 2862 4362 ﬁnes
2894 4322 3050 4363 usus.
3090 4305 3319 4361 Perinde
3347 4307 3494 4361 enim

1942 4416 2007 4455 ac
2054 4402 2100 4455 si
2156 4414 2266 4454 non
2309 4404 2575 4469 quaereret
2615 4394 2761 4467 quod
2805 4404 2888 4452 est
2950 4395 3075 4451 usui
3118 4395 3355 4465 corpori,
3397 4396 3493 4449 sed

258 4507 387 4577 μοῖς
417 4496 994 4571 ἐπιτηδεύωντέρψεις
1021 4494 1116 4549 καὶ
1145 4495 1554 4566 ἐντρυφήματα,
1584 4495 1831 4549 λυπεῖται

1946 4492 2119 4547 oculis
2160 4497 2477 4558 procuraret
2508 4489 2923 4545 oblectationem
2954 4495 3009 4543 et
3038 4487 3279 4551 delicias,
3304 4487 3496 4542 dolore

253 4594 471 4667 σχεδὸν,
513 4592 594 4644 ὅτι
651 4588 723 4661 μὴ
750 4588 839 4641 τὸν
869 4585 1094 4657 οὐρανὸν
1118 4585 1280 4638 αὑτὸν
1332 4586 1583 4657 ἐποίησεν
1617 4587 1831 4660 ὑπωρό-

251 4705 405 4759 φιον,
439 4684 571 4755 μηδὲ
594 4682 694 4746 τὰς
726 4681 821 4735 τοῦ
854 4680 1006 4751 ἡλίου
1033 4680 1256 4743 ἀκτῖνας
1283 4677 1395 4749 ἔχει
1421 4678 1499 4749 τῷ
1526 4678 1705 4751 ὀρόφῳ
1736 4681 1833 4734 καὶ

250 4782 433 4842 αὐτάς
460 4773 900 4846 ὲντεκτήνασθαι.
934 4771 1026 4826 Διὸ
1052 4770 1310 4826 πλατύνει
1341 4771 1438 4841 μὲν
1458 4772 1831 4843 ἁπανταχόθεν

246 4874 357 4934 τὰς
386 4871 492 4923 τῶν
524 4865 1060 4935 κατασκευασμάτων
1082 4863 1447 4935 περιγραφὰς,
1474 4862 1572 4934 τὴν
1590 4863 1690 4933 τῆς
1711 4881 1831 4917 συν.

248 4959 471 5021 οικείας
500 4954 789 5028 περιϐολὴν
830 4953 906 5015 ὼς
955 4953 1280 5023 οἰκουμένην
1306 4951 1430 5005 τινὰ
1458 4952 1624 5023 ἄλλην
1653 4951 1832 5023 ἑαυτῷ

247 5050 480 5115 κτίζων.
512 5047 803 5101 ’Δνατείνει
832 5045 889 5098 δὲ
923 5046 1003 5109 είς
1033 5045 1114 5098 ὅτι
1137 5045 1394 5116 μήκιστον
1418 5044 1551 5115 ὕψος
1577 5046 1702 5108 τοὺς
1720 5045 1831 5098 τοί-

248 5140 679 5217 χουςοιποικίλλει
691 5139 747 5194 δὲ
758 5141 877 5203 ταῖς
893 5138 1037 5192 ἔνδον
1051 5138 1159 5192 τῶν
1172 5139 1485 5209 οἰκημάτων
1500 5138 1828 5202 διασκευαῖς.

262 5238 368 5291 Ἐκ
407 5231 678 5288 Λακώνων
734 5231 792 5285 δὲ
823 5231 918 5285 καὶ
970 5231 1249 5301 Θεσσαλῆς
1292 5231 1387 5284 καὶ
1438 5230 1501 5282 ἐκ
1543 5229 1830 5301 Καρύστου

246 5328 406 5389 λίθος
434 5324 836 5379 ἀναπτύσσεται
854 5366 868 5387 ,
902 5324 997 5377 καὶ
1017 5323 1105 5375 διὰ
1128 5323 1347 5393 σιδήρου
1374 5324 1453 5385 είς
1479 5322 1660 5377 πλάκα
1685 5324 1755 5376 τά
1771 5341 1831 5377 τε

245 5418 475 5490 Νειλῷα
508 5416 744 5489 μέταλλα
783 5415 878 5469 καὶ
914 5414 983 5468 τά
1014 5414 1115 5485 τῆς
1147 5413 1442 5485 Νουμιδίας
1462 5415 1829 5485 ἀναζητεῖται,

246 5510 351 5566 καί
400 5525 505 5562 που
558 5506 652 5561 καὶ
695 5509 727 5577 ἡ
774 5507 983 5577 Φρυγία
1032 5506 1203 5576 πέτρα
1257 5506 1375 5569 ταῖς
1411 5505 1665 5568 σπουδαῖς
1702 5504 1833 5557 ταύο

243 5617 376 5664 ταις
419 5595 877 5669 συμπαρελήφθη,
914 5596 946 5664 ἡ
986 5596 1049 5665 τῇ
1087 5594 1368 5663 λευκότητι
1400 5591 1495 5647 τοῦ
1542 5592 1831 5664 μαρμάρου

243 5696 357 5766 τὴν
378 5692 667 5764 πορφυρᾶν
692 5687 867 5760 βαφὴν
898 5687 1034 5758 πρὸς
1055 5687 1115 5739 τὸ
1137 5685 1349 5757 συμϐὰν
1368 5685 1828 5756 κατασπείρουσα,

241 5786 438 5861 τρυφὴ
462 5786 672 5856 γίνεται
695 5786 809 5849 τοῖς
836 5782 1163 5854 λιχνοτέροις
1183 5781 1414 5853 ὄμμασι,
1439 5778 1691 5850 πολυειδῆ
1708 5796 1829 5833 τινα

1939 4586 2328 4661 prepemodum
2372 4584 2626 4646 afficitur,
2679 4582 2823 4653 quod
2862 4582 3060 4637 coelum
3102 4580 3159 4635 in
3200 4596 3301 4636 suo
3351 4589 3497 4636 tecto

1937 4696 2046 4736 non
2090 4678 2314 4744 fecerit,
2362 4692 2463 4732 nec
2511 4676 2659 4745 ipsos
2708 4675 2839 4731 solis
2883 4672 3065 4727 radios
3106 4672 3160 4726 in
3212 4687 3278 4726 eo
3326 4673 3499 4742 possit

1939 4772 2215 4829 fabricari.
2245 4769 2606 4838 Quamobrem
2634 4768 2873 4837 undique
2899 4765 3116 4835 quidem
3148 4766 3336 4820 dilatat
3366 4764 3498 4819 tedi-

1936 4867 2182 4922 ficiorum
2220 4861 2689 4932 circumscriptam
2732 4859 3158 4929 amplitudinem,
3204 4866 3259 4912 et
3299 4858 3495 4912 aedium

1938 4957 2222 5018 ambitum,
2270 4962 2527 5023 tauquam
2586 4953 2817 5021 aliquem
2874 4951 3037 5005 alium
3096 4950 3281 5005 orbem
3332 4958 3497 5003 terra:

1939 5049 2043 5106 sibi
2076 5054 2421 5102 construens.
2464 5044 2714 5099 Extendit
2747 5052 2925 5097 autem
2958 5041 3193 5111 parietes
3227 5042 3281 5095 in
3323 5043 3498 5095 maxi-

1938 5156 2078 5195 mam
2125 5136 2539 5209 longitudinem.
2568 5134 2755 5189 Variat
2785 5145 2963 5188 autem
3009 5134 3342 5191 internarum
3386 5130 3498 5183 ha—

1939 5231 2263 5286 bitationum
2306 5225 2788 5287 exstructionibus,
2835 5223 3173 5278 internorum
3216 5220 3499 5275 habitacu-

1941 5318 2115 5371 lorum
2152 5314 2436 5385 apparatui
2481 5321 2724 5367 mutuam
2752 5327 2819 5366 ex
2859 5327 2919 5366 se
2942 5318 2996 5366 et
3046 5325 3141 5380 per
3168 5324 3226 5364 se
3261 5309 3400 5361 inter
3437 5323 3496 5362 se

1940 5407 2187 5479 praebens
2207 5407 2541 5461 varietatem.
2565 5403 2769 5459 Deinde
2790 5401 3228 5457 Lacedaemonius
3250 5406 3304 5455 et
3329 5398 3499 5454 Thes-

1941 5502 2089 5556 salus
2142 5507 2196 5555 et
2248 5498 2510 5570 Carystus
2562 5498 2701 5568 lapis
2749 5496 3075 5566 explicatur,
3133 5500 3188 5546 et
3233 5490 3375 5546 ferro
3427 5490 3497 5545 ad

1940 5590 2363 5648 iucrustationes
2400 5588 2604 5643 Niliaca
2651 5594 2705 5643 et
2744 5585 3029 5641 Numidica
3076 5582 3290 5638 metalla
3342 5595 3496 5652 qua:-

1939 5693 2135 5738 runtur
2166 5702 2177 5736 :
2205 5684 2504 5753 quinetiam
2531 5680 2719 5736 iisdem
2747 5679 2833 5734 his
2856 5677 3051 5733 studiis
3090 5675 3319 5746 Phrygia
3349 5681 3497 5744 petra

1940 5776 2101 5832 simul
2157 5775 2477 5839 assumitur,
2522 5789 2644 5842 quae
2695 5771 2981 5828 marmoris
3022 5767 3243 5824 candori
3296 5779 3499 5836 purpu-
